4088 6274
537 237 637 290 44³3

529 351 655 417 ejus.
688 347 850 401 Recte
872 353 1052 397 autem
1080 342 1274 411 adjecit
1316 342 1442 396 illud
1467 385 1480 400 .
1513 341 1577 394 Et
1609 342 1778 395 eduxit
1814 338 1976 393 Israel
2018 354 2106 404 per

527 439 748 506 medium
778 439 884 508 ejus
914 451 931 489 :
961 451 1083 488 nam
1113 434 1212 488 hoc
1240 449 1448 503 quoque
1471 442 1552 486 est
1581 433 1671 487 Dei
1702 433 1966 502 potentim.
1991 429 2105 484 Non

527 531 820 586 Sufﬁciehat
852 529 996 583 enim
1019 527 1252 591 clﬁcere,
1283 536 1338 580 ut
1364 541 1512 580 mare
1544 528 1922 591 retrocederet,
1951 531 2004 576 et
2031 523 2109 575 ta-

530 624 685 676 cilent
736 623 814 676 eis
860 621 1138 674 transitum
1186 617 1447 686 pra:beret
1475 634 1487 668 :
1517 633 1639 669 nam
1660 615 1760 668 hoc
1791 616 1960 683 ipsum
2010 628 2106 668 eos

531 715 696 781 magis
741 711 1134 781 stupefecisset,
1163 710 1457 773 terruisset,
1487 719 1538 763 et
1567 709 1765 762 audere
1807 707 2104 776 prohibuis-

529 818 628 867 set,
655 803 794 874 quod
822 803 1057 856 omnium
1079 810 1353 870 superaret
1381 799 1706 868 opinionem,
1747 798 1989 850 timorem
2023 798 2103 849 in-

525 895 729 947 cutiens
751 909 765 958 ;
789 894 880 947 sed
913 894 999 947 Dei
1028 893 1124 946 fuit
1151 893 1418 960 potentiae,
1450 899 1726 959 postquam
1757 904 1902 943 mare
1931 898 2100 942 retro-

523 987 790 1049 cessisset,
811 986 1129 1039 eisanimum
1157 984 1371 1044 addere,
1390 992 1443 1036 et
1469 982 1805 1050 persuadere,
1835 989 1889 1033 ut
1908 995 2097 1033 novam

521 1077 669 1131 illam
696 1078 834 1130 viam
861 1086 914 1130 et
941 1076 1169 1130 alienam
1193 1077 1208 1106 ⁸
1242 1075 1666 1144 ingrederentur.
1711 1072 1844 1127 Nam
1894 1086 2015 1125 cum
2046 1072 2096 1125 in

522 1182 744 1241 utraque
765 1170 1004 1224 sectione
1029 1170 1082 1222 in
1110 1168 1390 1222 sublimem
1418 1166 1667 1220 verticem
1699 1174 1892 1219 erecta:
1916 1173 2098 1218 essent

519 1277 694 1330 aquae,
727 1277 987 1332 generoso
1026 1270 1079 1316 et
1117 1261 1331 1316 excelso
1356 1260 1534 1313 animo
1553 1273 1687 1328 opus
1733 1266 1870 1322 erat,
1903 1267 1960 1310 ut
1989 1273 2093 1311 non

520 1355 768 1408 timerent
795 1355 1058 1419 trajicere,
1093 1370 1192 1408 nec
1233 1353 1630 1420 suspicarentur
1660 1352 1824 1404 ntaria
1859 1349 1923 1403 ad
1951 1366 2095 1403 sum-

517 1462 663 1500 mum
690 1449 942 1501 verticem
965 1447 1212 1511 utrinque
1241 1445 1445 1498 sublata
1476 1457 1595 1497 esse
1624 1456 1717 1495 eos
1742 1442 2008 1502 invasura,
2040 1450 2093 1494 et

516 1538 821 1592 universum
851 1538 1144 1592 exercitum
1164 1536 1458 1590 obruitura.
1494 1535 1580 1588 15.
1611 1533 1676 1586 Ει
1705 1533 1918 1587 excussit
1945 1532 2090 1585 Pha-

513 1647 714 1685 raonem
731 1641 775 1683 et
803 1632 1033 1685 virtutem
1054 1631 1164 1701 ejus
1191 1631 1245 1683 in
1271 1630 1400 1682 mari
1419 1627 1608 1681 Rubro.
1650 1627 1842 1681 Volens
1885 1627 2089 1696 signiﬁ-

512 1736 635 1775 care
655 1721 964 1776 facilitatem
985 1723 1102 1789 ejus
1148 1719 1500 1775 demersionis
1520 1760 1535 1784 ,
1584 1717 1682 1772 hac
1707 1717 1938 1772 dictione
1966 1731 2089 1772 usus

510 1823 612 1867 est.
641 1814 720 1867 Tu
747 1823 924 1868 autem
947 1812 1226 1867 considera
1253 1811 1521 1882 quomodo
1537 1827 1657 1865 cum
1686 1812 1918 1880 potentia
1936 1820 1988 1865 et
2011 1813 2087 1866 ira

514 1906 822 1973 patientiam
843 1921 1056 1975 quoque
1090 1904 1420 1964 osmaderit;
1455 1914 1512 1958 ut
1555 1907 1642 1974 qui
1673 1920 1767 1958 eos
1807 1920 1910 1959 non
1940 1907 2086 1974 prius

509 1996 576 2050 de
597 1998 777 2052 medio
797 1999 1092 2063 sustulerit,
1138 1997 1262 2051 licet
1289 1996 1424 2051 adeo
1457 1996 1788 2065 impudentes
1827 2007 2004 2052 essent
2032 2006 2087 2052 et

508 2090 847 2154 eontentiosi,
887 2104 1044 2158 quam
1095 2089 1194 2157 ipsi
1231 2087 1472 2141 labentes
1501 2097 1555 2141 et
1598 2087 1836 2142 volentes
1880 2088 2084 2157 seipsos

507 2183 920 2250 percipitarent.
971 2181 1086 2235 Non
1129 2181 1225 2235 abs
1254 2196 1313 2235 re
1361 2189 1540 2235 autem
1577 2182 1841 2235 exercitus
1875 2197 2083 2252 quoque

507 2274 721 2341 punitur
752 2292 764 2327 :
792 2274 885 2328 sed
913 2274 1160 2342 quoniam
1192 2272 1406 2327 fuerunt
1431 2282 1770 2341 peccatorum
1801 2274 2082 2343 participes

504 2375 552 2416 ct
581 2365 1022 2435 perscqttutionis,
1045 2377 1167 2419 sunt
1194 2366 1354 2420 etiam
1381 2380 1552 2434 paena:
1574 2376 1626 2419 et
1645 2367 1882 2434 snpplicii
1914 2367 2080 2434 parti-

502 2457 666 2522 cipes.

582 2547 952 2600 Providentiam
980 2546 1074 2600 Dei
1095 2548 1145 2601 in
1174 2548 1435 2602 lsraelitas
1461 2548 1648 2602 exaltat
1674 2549 1736 2602 ab
1751 2550 1886 2604 exitu
1909 2550 2078 2621 Egy-

502 2637 592 2704 pti,
624 2638 690 2688 ad
742 2637 1116 2705 occupationem
1159 2649 1304 2692 terrm
1330 2638 1593 2694 Chanaan.
1624 2639 1795 2693 -16.
1846 2639 1946 2706 Qui
1974 2651 2077 2694 tra-

500 2731 642 2782 duxit
691 2733 934 2799 papulum
979 2748 1123 2785 suum
1172 2748 1261 2801 per
1305 2732 1602 2786 desertum:
1646 2734 1883 2804 quoniam
1904 2735 1954 2786 in
1982 2751 2078 2789 sa:-

499 2825 668 2875 culum
718 2823 1062 2876 misericordia
1099 2825 1228 2887 eius.
1285 2824 1396 2877 lloc
1426 2839 1529 2878 non
1570 2833 1651 2878 est
1695 2825 1870 2879 minus
1915 2843 2072 2895 quam

501 2927 595 2980 per
620 2928 766 2966 mare
813 2913 1123 2981 perducere.
1166 2914 1276 2968 Etsi
1305 2914 1443 2968 enim
1480 2915 1695 2968 suberat
1743 2924 1880 2970 terra
1910 2917 2068 2980 sicca,

497 3019 615 3069 qua:
637 3015 806 3056 castra
842 3004 1105 3057 sustinere
1130 3013 1366 3071 poterat,
1395 3015 1547 3057 erant
1577 3014 1750 3059 tamen
1779 3007 1943 3060 multa
1970 3009 2070 3062 alia

497 3109 614 3159 quin
631 3094 708 3146 eis
729 3093 1016 3148 atierehant
1038 3094 1354 3148 molestiam.
1377 3095 1874 3151 Sufﬁcicbanteuim
1895 3099 2069 3153 omnia

495 3183 560 3234 ad
591 3197 681 3236 cos
703 3183 1115 3249 consumendos,
1148 3193 1200 3239 et
1245 3185 1400 3238 morti
1447 3186 1828 3242 crudelissimae
1860 3189 2070 3243 traden-

493 3280 608 3342 dos,
643 3280 827 3346 fames,
862 3281 1092 3351 squalor,
1126 3283 1264 3346 sitis,
1297 3282 1474 3336 radius
1503 3298 1660 3351 quam
1688 3299 1784 3352 par
1811 3293 1954 3339 esset
1982 3301 2069 3339 ca-

495 3373 648 3425 lidior
673 3375 974 3440 imminens,
1000 3375 1226 3430 ferarum
1251 3375 1548 3438 multitudo,
1576 3385 1629 3430 et
1646 3379 2068 3434 necessariorum

493 3464 728 3516 onminm
759 3466 994 3530 penuria.
1023 3465 1139 3520 Scis
1164 3475 1341 3520 autem
1388 3476 1516 3536 quot
1554 3467 1710 3521 rebus
1741 3469 1899 3522 homo
1935 3469 2069 3523 indi-

491 3562 596 3620 get.
622 3552 727 3608 Illis
757 3563 930 3610 tamen
967 3557 1212 3610 omnibus
1258 3557 1458 3621 nudati,
1490 3568 1542 3612 et
1580 3573 1682 3611 non
1725 3567 1917 3613 tectum
1969 3560 2066 3613 ha-

494 3644 699 3709 bentes,
733 3660 837 3699 non
891 3646 1162 3714 alimenta,
1214 3663 1320 3702 non
1372 3647 1676 3703 indumenta
1726 3650 2062 3717 sufﬁcientia,

492 3749 596 3786 non
650 3735 1027 3796 calceamenta.
1055 3753 1158 3791 non
1197 3738 1394 3808 aliquid
1439 3740 1582 3792 aliud
1624 3740 1905 3808 ejusmodi,
1935 3752 2066 3796 tarn-

489 3841 647 3893 quam
671 3826 720 3878 iu
749 3825 938 3881 mediis
965 3827 1184 3882 urbibus
1209 3829 1431 3883 choreas
1455 3839 1692 3900 agentes,
1740 3831 1808 3884 ita
1834 3847 1926 3901 per
1951 3849 2065 3886 om-

491 3933 612 3970 nem
657 3918 798 3972 illam
854 3918 1192 3974 solitudinem
1230 3921 1560 3976 incedebant.
1615 3921 1692 3976 Tu
1723 3931 1898 3977 autem
1934 3923 2062 3978 mihi

487 4009 789 4075 considera,
814 4020 942 4079 quot
970 4010 1226 4064 miracula
1256 4013 1513 4080 praitcriit
1532 4029 1650 4082 qua:
1680 4013 1730 4066 in
1779 4014 2063 4069 solitudine

489 4100 622 4152 facta
650 4109 792 4163 sunt,
826 4101 1031 4166 et'quot
1065 4118 1322 4156 annorum
1351 4103 1862 4160 administrationem
1896 4105 2066 4160 :duo-

489 4206 602 4242 riun
634 4200 807 4244 autem
841 4201 1042 4246 tantutn
1068 4193 1442 4248 miraculorum
1469 4195 1741 4263 meminit,
1773 4212 1890 4265 qtuc
1920 4196 2060 4250 circa

488 4281 607 4333 illos
644 4297 795 4351 reges
825 4282 958 4338 facta
1009 4294 1154 4338 sunt.
1211 4285 1423 4340 Mittens
1472 4287 1614 4341 enim
1661 4288 1728 4342 de
1781 4289 1872 4342 illa
1925 4304 2060 4343 nova

486 4386 668 4423 mensa
693 4371 890 4437 dicere,
925 4374 1155 4428 detecto
1205 4376 1525 4441 admirabili,
1560 4375 1627 4431 de
1671 4377 1912 4447 lampade
1941 4395 2060 4448 qua:

488 4476 770 4528 numquam
803 4477 906 4514 non
934 4465 1196 4530 apparuit,
1227 4465 1292 4518 de
1325 4467 1550 4520 vestium
1596 4468 1964 4536 perpetuitaze,
1994 4469 2061 4523 de

484 4553 676 4605 calceis
702 4558 788 4620 qui
823 4569 926 4606 non
956 4558 1382 4623 conterebantur,
1412 4558 1478 4612 de
1501 4559 1731 4613 fontibus
1755 4561 1842 4630 qui
1875 4577 2056 4614 mana-

485 4650 611 4695 runt
639 4656 668 4695 e
697 4643 937 4710 rupibus,
987 4655 1038 4698 ct
1064 4645 1130 4698 de
1178 4647 1296 4701 aliis
1349 4650 1500 4703 novis
1544 4658 1598 4703 et
1635 4649 2055 4718 admirabilibus,

487 4749 582 4805 per
611 4749 726 4804 qua:
756 4735 856 4790 iter
881 4735 986 4790 illis
1015 4736 1166 4791 facile
1193 4741 1416 4808 paravit,
1436 4741 1660 4796 duorum
1687 4743 1854 4797 solum
1873 4746 2059 4798 memi-

484 4829 580 4894 nit,
612 4828 878 4897 quomodo
899 4844 1050 4898 reges
1077 4831 1421 4887 barbarorum
1450 4835 1681 4899 sustulit,
1714 4845 1767 4890 et
1792 4837 2057 4906 quomodo

486 4931 744 4986 tropaeum
769 4920 959 4987 erexit,
985 4931 1037 4974 et
1067 4921 1344 4976 victoriam
1363 4923 1438 4977 eis
1458 4922 1677 4994 largitus
1691 4936 1789 4991 est,
1829 4929 2055 4983 auditori

481 5013 682 5082 reliqua
707 5023 956 5068 accurate
981 5013 1278 5084 colligenda
1296 5014 1600 5083 relinquens
1630 5033 1642 5068 :
1671 5025 1724 5071 et
1751 5017 1867 5072 ideo
1897 5020 2054 5075 dicit:

480 5105 569 5156 Π.
602 5103 701 5168 Qui
735 5105 978 5172 percussit
1020 5121 1160 5175 reges
1210 5121 1436 5175 magnos.
1466 5104 1551 5160 18.
1585 5105 1652 5158 Et
1703 5109 1880 5160 occidit
1917 5125 2055 5181 reges

481 5195 652 5262 fortes.
681 5194 764 5247 l9.
799 5195 933 5249 Seon
957 5211 1123 5264 regem
1149 5195 1575 5249 Amorrhworum.
1596 5196 1681 5252 20.
1701 5195 1768 5250 Et
1793 5198 1870 5270 Og
1891 5216 2054 5269 regem

483 5287 672 5339 Busan.
724 5287 790 5340 Et
827 5288 1110 5357 unicuique
1159 5303 1342 5342 eorum
1387 5287 1674 5358 subjungit,
1700 5289 1960 5355 Quoniam
2002 5293 2054 5346 in

480 5378 718 5429 stt-culum
741 5379 1078 5433 misericordia
1107 5381 1235 5446 eius,
1254 5381 1558 5445 ostendens,
1588 5382 1791 5436 etiamsi
1815 5381 2053 5437 hostibus

483 5468 663 5523 hostes
693 5470 1067 5538 succederent,
1095 5471 1294 5525 nullum
1344 5482 1518 5528 tamen
1568 5491 1660 5528 cos
1698 5474 1904 5529 vicisse.
1938 5474 2051 5541 Qua

469 5557 535 5610 de
558 5556 651 5611 re?
672 5559 935 5623 Quoniam
957 5561 1076 5628 ejus
1099 5560 1430 5632 benignitate
1459 5563 1777 5618 fruebantur
1799 5563 2039 5620 assidue.

530 5661 649 5719 Alii,
683 5667 726 5710 et
750 5675 840 5710 non
865 5661 1027 5713 tritam
1047 5669 1094 5714 et
1116 5665 1341 5716 alienam.

1307 229 1361 283 S.
1408 227 1682 283 JOANNIS
1719 224 2192 282 CllltYSO-STOMI
2231 225 2542 312 AltljlllEP.
2581 228 3110 284 CONSTANTINOP.

3681 233 3784 288 505

2221 347 2332 403 lloc
2355 349 2495 404 enim
2525 350 2789 419 signiﬁcat
2816 361 3071 420 perpetuo
3087 353 3268 406 dicens
3295 394 3308 414 ,
3337 353 3585 418 Quoniam
3613 358 3663 408 in
3693 373 3795 409 sa:-

2215 440 2382 492 culum
2414 443 2752 495 misericordia
2799 445 2927 510 ejus.
2952 443 3041 496 21.
3094 442 3161 495 Et
3203 443 3336 496 dedit
3386 453 3569 496 terram
3619 463 3796 499 eorum

2214 528 2553 583 hereditatem.
2580 531 2670 584 9.9..
2705 531 3046 586 Hereditatem
3084 531 3248 586 Israel
3275 549 3414 586 seruo
3434 551 3546 586 suo.
3587 535 3789 604 Duplex

2210 629 2291 672 est
2321 619 2658 684 beneﬁcium,
2701 631 2755 676 et
2797 623 2977 676 hostes
3027 623 3262 688 vincere,
3293 632 3346 676 et
3391 624 3598 678 illorum
3650 625 3789 681 bona

2208 711 2446 779 adipisci.
2476 712 2586 767 Hoc
2615 714 2758 767 enim
2784 723 2898 768 erat
2925 729 3131 784 magna:
3177 715 3448 784 potentias,
3484 732 3588 769 non
3615 718 3784 771 solum

2206 804 2399 868 ejicere
2425 819 2517 858 eos
2539 805 2626 874 qui
2652 804 2977 870 habitabant,
3003 807 3095 860 sed
3112 807 3277 860 etiam
3323 821 3478 876 posse
3524 824 3790 878 occupare

2204 904 2256 946 et
2277 896 2508 950 retinere
2534 897 2764 951 alienam
2795 899 3084 966 regionem.

2276 985 2323 1038 ll
2333 987 2590 1041 umilitatis
2611 988 2703 1042 vis.
2723 1019 2792 1027 ——-
2814 989 3015 1043 Deinde
3039 992 3137 1044 hoc
3160 1005 3341 1044 rursus
3362 991 3592 1060 apertius
3613 1000 3790 1047 osten-

2201 1077 2350 1141 dens,
2371 1093 2464 1132 eos
2493 1093 2598 1132 non
2629 1094 2692 1133 ex
2722 1079 2924 1134 meritis
2953 1080 3113 1134 fuisse
3142 1079 3330 1134 horum
3361 1091 3655 1150 compotes,
3685 1083 3782 1136 sed

2199 1182 2262 1221 ex
2310 1168 2398 1222 Dei
2444 1169 2715 1236 bonitate,
2758 1169 3032 1237 subjunxit
3067 1189 3080 1224 :
3121 1169 3212 1224 25.
3245 1170 3377 1237 Quia
3405 1171 3457 1224 in
3498 1172 3786 1226 humilitate

2199 1270 2371 1313 nostra
2401 1277 2589 1314 mentor
2618 1262 2714 1332 fuit
2743 1263 2900 1315 nostri
2931 1261 3178 1329 Dominus
3207 1279 3226 1317 :
3253 1263 3556 1334 signiﬁcans
3585 1281 3690 1319 non
3723 1267 3778 1320 in

2198 1360 2340 1404 recte
2371 1351 2522 1406 factis
2546 1393 2560 1416 ,
2594 1368 2698 1406 non
2739 1352 2792 1406 in
2825 1355 3176 1423 proSperitate
3199 1397 3214 1421 ,
3256 1355 3349 1410 sed
3394 1356 3445 1410 in
3477 1355 3779 1412 humilitate

2197 1451 2372 1494 nostra
2401 1443 2535 1496 bene
2563 1452 2738 1496 actum
2769 1459 2908 1498 esse.
2937 1445 3089 1512 Quod
3115 1455 3290 1500 autem
3316 1445 3476 1511 dicit,
3515 1456 3597 1502 est
3624 1449 3775 1516 ejus-

2194 1534 2334 1586 modi
2366 1552 2377 1585 :
2403 1533 2544 1588 Satis
2570 1536 2663 1589 fuit
2685 1537 2956 1591 calamitas
2981 1546 3035 1592 et
3053 1553 3287 1592 atrumna
3311 1548 3486 1593 nostra
3507 1539 3572 1594 ad
3597 1540 3771 1608 ipsum

2193 1623 2529 1679 ﬂectendum.
2555 1627 2687 1681 Nam
2717 1636 2772 1680 et
2796 1629 2862 1682 ab
2889 1628 3058 1693 initio,
3083 1629 3296 1698 quando
3321 1645 3414 1684 eos
3439 1630 3673 1685 liberavit
3701 1631 3773 1686 ab

2196 1713 2419 1786 Egypto
2440 1759 2456 1783 ,
2491 1734 2594 1772 non
2637 1719 2766 1774 dixit
2791 1761 2805 1786 ,
2836 1720 3032 1786 Videas
3075 1721 3182 1775 vidi
3214 1723 3554 1778 mutationem
3581 1739 3767 1778 eorum

2191 1805 2244 1859 in
2275 1807 2465 1861 melius
2495 1825 2508 1860 :
2541 1808 2634 1863 sed
2657 1850 2671 1872 ,
2711 1808 2894 1863 Videns
2918 1811 3020 1864 vidi
3043 1813 3357 1882 aﬂlictiouem
3390 1815 3564 1883 populi
3593 1816 3687 1867 mei
3714 1817 3769 1870 in

2189 1898 2420 1968 dfgypto
2452 1899 2660 1970 (Exod.
2692 1902 2746 1955 5.
2777 1903 2862 1970 7).
2901 1902 2992 1956 24.
3022 1903 3088 1956 Et
3114 1905 3319 1958 redemit
3347 1922 3436 1959 nos
3459 1906 3520 1958 ab
3550 1907 3768 1962 inimicis

2188 1991 2390 2044 nostris.
2424 1991 2500 2045 Ne
2526 1993 2772 2062 paulatim
2805 2003 3082 2050 enumeret
3109 1995 3279 2064 bella,
3319 1997 3658 2066 irruptiones,
3687 2001 3767 2053 vi-

2185 2083 2404 2149 ctorias,
2431 2092 2650 2154 tropa‘a,
2673 2100 2793 2139 eum
2822 2101 3006 2141 rursus
3031 2104 3135 2142 uno
3151 2087 3314 2142 verbo
3341 2099 3482 2144 recte
3505 2089 3762 2146 laetorum

2185 2175 2376 2230 seriem
2405 2186 2542 2230 esset
2572 2187 2942 2245 persequutus,
2963 2187 3016 2233 et
3041 2194 3160 2248 quae
3186 2178 3237 2232 in
3258 2178 3470 2234 Judaros
3490 2180 3761 2251 sigillatim

2183 2266 2320 2322 facta
2357 2277 2482 2323 sunt
2527 2271 2984 2339 praetermisisset,
3028 2271 3094 2325 ad
3131 2272 3434 2342 generalem
3474 2273 3590 2340 ejus
3618 2275 3766 2328 venit

2182 2359 2598 2428 providentiam,
2630 2361 2812 2416 dicens
2839 2381 2852 2416 :
2881 2361 2972 2416 25.
3001 2361 3102 2426 Qui
3129 2363 3214 2416 dat
3240 2379 3403 2417 escam
3428 2365 3560 2417 omni
3596 2367 3759 2418 carni.

2181 2450 2363 2516 Alius,
2409 2451 2510 2516 Qui
2551 2452 2639 2504 dat
2681 2469 2882 2522 panem.
2914 2452 3064 2507 Alius
3084 2494 3099 2517 ,
3130 2452 3272 2508 Dans
3308 2471 3487 2524 panem
3513 2454 3609 2527 (a).
3640 2456 3758 2510 Non

2178 2556 2302 2611 ergo
2330 2551 2517 2607 terrae,
2549 2558 2644 2598 nec
2682 2559 2852 2614 aquze,
2889 2559 2986 2598 nec
3020 2545 3179 2610 aeris,
3223 2560 3321 2600 nec
3359 2545 3505 2612 solis,
3533 2563 3634 2602 nec
3657 2548 3758 2602 ali-

2177 2637 2331 2702 cujus
2359 2635 2578 2690 alterius
2619 2646 2741 2692 sunt
2777 2637 3153 2706 productiones
3179 2639 3440 2694 fructuum
3462 2679 3476 2705 ,
3516 2641 3610 2695 sed
3636 2643 3758 2710 ejus

2175 2736 2256 2780 est
2300 2728 2621 2783 universum.
2665 2729 2795 2784 Vide
2837 2739 3012 2784 autem
3053 2729 3139 2784 hic
3179 2745 3387 2800 quoque
3431 2746 3534 2786 non
3581 2732 3752 2787 solum

2176 2820 2488 2885 potentiam,
2516 2820 2607 2874 sed
2639 2821 3016 2889 benignitatem
3047 2821 3206 2876 etiam
3237 2821 3576 2877 ineﬁ'abilem.
3599 2823 3752 2891 Quod

2173 2909 2314 2962 enim
2338 2910 2466 2963 dicit
2485 2910 2748 2974 Chrisnts,
2775 2913 2944 2966 Solem
2970 2929 3115 2966 suum
3135 2913 3254 2967 oriri
3277 2913 3398 2983 facit
3421 2930 3574 2982 super
3597 2915 3753 2970 bonos

2173 3009 2218 3052 et
2247 3002 2440 3067 malos,
2469 3011 2513 3054 et
2548 3003 2673 3071 pluit
2711 3020 2863 3073 super
2890 3006 3059 3075 justas
3102 3015 3146 3057 et
3185 3005 3398 3077 injustas
3429 3004 3654 3074 (Matth.
3696 3009 3748 3061 5.

2171 3092 2280 3162 45)
2314 3111 2328 3146 :
2358 3094 2458 3147 hoc
2499 3093 2612 3162 ipse
2641 3109 2850 3163 quoque
2890 3096 2974 3148 hic
3012 3094 3358 3164 signiﬁcavit,
3390 3095 3574 3150 dicens
3607 3114 3620 3148 :
3650 3097 3752 3162 Qui

2172 3182 2260 3235 dat
2289 3201 2451 3238 escam
2479 3185 2617 3238 omni
2643 3187 2783 3238 carui
2802 3227 2816 3249 ,
2850 3185 2951 3240 hoc
2979 3195 3061 3241 est
3083 3228 3098 3253 ,
3140 3203 3242 3240 non
3269 3187 3426 3256 justis
3453 3187 3620 3241 solum
3654 3205 3751 3243 ltt'C

2125 3321 2132 3325 .
2173 3277 2236 3330 iis
2263 3277 2348 3345 qui
2391 3291 2450 3331 se
2492 3286 2636 3332 recte
2661 3286 2885 3348 gerunt,
2913 3279 3005 3333 sed
3038 3279 3400 3348 peccatoribus
3421 3319 3437 3344 ,
3469 3289 3523 3333 et
3553 3280 3745 3348 impiis,

2171 3379 2224 3423 et
2253 3369 2398 3423 omni
2429 3369 2672 3424 humana:
2713 3380 2955 3424 natura”
2986 3369 3127 3440 quod
3165 3373 3323 3426 etiam
3351 3373 3586 3426 maxime
3617 3388 3750 3442 pra-—

2169 3461 2311 3515 dicat
2335 3461 2450 3531 ejus
2479 3461 2796 3516 dominium.
2827 3460 3014 3516 Vidisti
3048 3462 3312 3516 Psalmum
3355 3462 3476 3517 ideo
3519 3466 3749 3520 maxime

2170 3572 2292 3610 esse
2313 3555 2688 3626 compositum,
2711 3562 2770 3608 ut
2789 3568 2887 3608 nos
2911 3553 3136 3609 deducat
3153 3554 3219 3609 ad
3244 3555 3335 3610 Dei
3361 3554 3750 3625 cognitionem?

2175 3648 2240 3701 Et
2269 3648 2392 3702 ideo
2421 3648 2472 3700 in
2517 3646 2775 3716 principio
2804 3646 2996 3716 incepit
3022 3661 3052 3700 a
3084 3645 3454 3716 generalibus,
3498 3656 3551 3702 et
3592 3649 3639 3700 in
3671 3649 3748 3702 eis

2169 3739 2326 3794 desiit
2351 3755 2364 3790 :
2397 3738 2642 3806 superius
2669 3735 2880 3806 quidem
2907 3737 3090 3791 dicens
3120 3736 3288 3791 solem
3319 3746 3373 3792 et
3403 3737 3612 3803 lunam,
3646 3741 3746 3792 tul-

2168 3850 2294 3904 gnra
2326 3842 2380 3888 et
2406 3831 2632 3902 pluvias,
2659 3846 2778 3900 qua:
2808 3845 2914 3884 non
2941 3828 3074 3883 ﬁunt
3101 3829 3270 3884 solum
3297 3829 3348 3884 in
3381 3840 3530 3899 parte
3560 3832 3742 3898 orbis;

2171 3925 2221 3977 in
2255 3925 2356 3978 ﬁne
2394 3929 2571 3976 autem
2614 3921 2863 3976 desinens
2900 3921 2950 3974 in
2995 3920 3262 3974 communi
3303 3923 3538 3974 omnium
3580 3923 3746 3974 nutri—

2169 4023 2366 4068 mento.
2391 4011 2586 4067 Deinde
2607 4019 2883 4080 postquam
2906 4025 2970 4063 ex
2992 4010 3072 4064 eis
3093 4010 3422 4062 conﬁrmavit
3441 4013 3742 4080 generafem

2169 4103 2554 4174 providentiam
2580 4143 2595 4167 ,
2637 4100 2906 4169 subjunxit
2938 4115 2950 4151 :
2991 4099 3080 4152 26.
3122 4097 3440 4167 Conﬁtemini
3468 4097 3577 4152 Deo
3611 4101 3740 4165 cceli,

2168 4195 2405 4264 quoniam
2435 4195 2488 4246 in
2527 4193 2768 4246 sceculum
2810 4189 3153 4243 misericordia
3191 4191 3319 4259 ejus.
3355 4190 3432 4243 Ex
3481 4191 3563 4244 his
3602 4193 3742 4246 enim

2170 4285 2296 4338 illttd
2326 4299 2536 4354 quoque
2578 4283 2775 4335 clarum
2807 4289 2888 4334 est
2927 4280 3097 4348 ipsum
3125 4295 3244 4334 esse
3275 4279 3601 4334 inferttorum
3631 4297 3746 4335 om-

2170 4378 2314 4430 nium
2355 4385 2410 4430 et
2449 4388 2798 4444 supernorum
2847 4371 3162 4436 Dominum,
3203 4371 3422 4440 ejusque
3469 4387 3650 4426 curam
3691 4381 3745 4426 et

2169 4467 2554 4537 providentiam
2581 4464 2773 4532 ubique
2793 4462 3036 4516 diﬁ‘usam
3061 4475 3197 4515 esse.
3225 4461 3327 4514 Pro
3351 4463 3597 4517 omnibus
3617 4479 3746 4532 ergo

2169 4561 2239 4613 illi
2271 4559 2554 4612 oﬁ‘eramus
2591 4555 2878 4624 gratiarum
2905 4554 3197 4617 actionem,
3233 4567 3326 4620 pro
3351 4555 3742 4621 communibus,

2169 4666 2264 4721 pro
2291 4649 2542 4719 privatis,
2575 4662 2670 4716 pro
2697 4645 2930 4698 bonitate
2954 4686 2969 4710 ,
3003 4659 3097 4712 pro
3136 4643 3456 4713 benignitate
3479 4685 3494 4710 ,
3530 4661 3624 4714 pro
3656 4663 3746 4715 po-

2171 4743 2366 4806 tentia,
2393 4755 2488 4810 pro
2516 4738 2820 4801 curatione,
2848 4745 2901 4791 et
2935 4737 3033 4789 hoc
3059 4734 3268 4788 assidue
3294 4735 3568 4799 faciamus,
3611 4738 3747 4791 sicut

2167 4835 2326 4888 etiam
2361 4832 2511 4901 jubet
2541 4826 2974 4899 psalmographus
2994 4866 3011 4893 ,
3039 4825 3222 4880 dicens
3249 4844 3261 4877 :
3292 4824 3610 4894 Conﬁtemini
3641 4826 3743 4879 Do.

2169 4925 2325 4989 mino,
2347 4922 2579 4992 quoniam
2601 4920 2779 4984 bonus,
2803 4918 3037 4988 quoniam
3061 4917 3112 4970 in
3136 4917 3377 4971 steculum
3405 4917 3745 4970 misericordia

2170 5018 2294 5084 ejus.
2352 5015 2463 5068 lloc
2506 5023 2586 5068 est
2629 5013 2770 5066 enim
2819 5010 3172 5075 sacriﬁcium,
3214 5008 3316 5063 hoc
3360 5009 3599 5076 oblatio,
3645 5009 3743 5064 hoc

2171 5108 2338 5176 ipsum
2358 5105 2512 5160 nobis
2531 5103 2704 5158 reddit
2725 5102 2953 5157 maxime
2979 5101 3283 5171 propitium,
3302 5108 3356 5155 et
3377 5098 3502 5154 facit
3521 5109 3578 5154 ut
3606 5099 3744 5154 frua-

2170 5215 2290 5252 tnnr
2317 5198 2456 5251 illius
2493 5197 2858 5251 benevolentia
2889 5212 2902 5248 :
2935 5210 3090 5264 quam
3133 5193 3289 5248 detur
3318 5193 3472 5249 nobis
3501 5195 3741 5248 omnibus

2170 5291 2421 5359 assequi,
2462 5290 2630 5358 gratia
2679 5298 2734 5341 et
2781 5287 3100 5355 benignitate
3146 5286 3356 5340 Domini
3407 5286 3575 5340 nostri
3618 5285 3736 5340 Jesn

2158 5383 2394 5448 Christi,
2429 5383 2515 5435 cui
2553 5381 2723 5451 gloria
2763 5387 2816 5434 et
2852 5379 3134 5448 imperium
3174 5378 3227 5431 in
3269 5377 3465 5430 szecula
3508 5375 3730 5431 sarculo-

2161 5497 2303 5536 rum.
2344 5479 2536 5532 Amen.

2217 5599 2290 5658 (cz)
2324 5599 2450 5645 Prior
2473 5595 2618 5645 lectio
2642 5601 2718 5643 est
2751 5590 2964 5658 Aquilze,
2995 5589 3144 5658 altera
3191 5589 3471 5658 Symmachi,
3515 5589 3560 5638 id
3599 5591 3719 5654 quod

2154 5652 2358 5708 duorum
2389 5659 2636 5720 Regiorum
2664 5665 2748 5703 \tss
2788 5652 3070 5702 auctoritate
3118 5653 3344 5700 ﬁrmatur.
3373 5652 3486 5699 Vide
3519 5652 3718 5711 ltestq-ta

2160 5731 2338 5770 DOSU‘ZI.
