4012 6280
299 295 493 379 ’ωε

813 548 880 608 IN
914 542 1237 605 PSALMUH
1273 538 1552 599 CXXXVI.

396 668 447 725 ι.
489 667 658 736 Super
684 663 898 734 ﬂumina
926 657 1196 729 Babylonis
1223 657 1328 709 illic
1356 653 1576 708 srdimus
1596 693 1610 715 ,
1641 659 1687 704 et
1715 648 1960 717 πεύκαις,

830 754 948 806 dum
975 749 1352 803 recordaremur
1377 745 1526 800 Sion.

473 913 524 966 1.
564 907 808 976 Magnum
851 913 931 959 est
969 901 1051 956 his
1077 900 1204 955 viris
1231 912 1340 954 suae
1376 895 1602 952 civitatis
1628 891 1969 959 desiderium,

405 1016 590 1071 magna
626 997 830 1054 reditus
856 992 1132 1064 cupiditas.
1164 987 1425 1056 Quamdiu
1455 986 1594 1040 enim
1639 983 1782 1038 bona.
1807 981 1971 1035 habe-

407 1094 529 1148 bant
560 1088 909 1154 inmanibus,
942 1084 1132 1154 probra
1160 1089 1213 1136 et
1236 1077 1677 1149 injuriasinferre
1703 1089 1808 1130 non
1834 1072 1974 1128 desi-

402 1186 613 1239 stebant
643 1200 656 1234 :
689 1181 784 1235 sed
811 1175 1088 1248 postquam
1118 1173 1185 1227 ab
1221 1172 1325 1228 illis
1366 1178 1490 1227 sunt
1517 1165 1779 1223 exturbati
1799 1206 1815 1232 ,
1848 1171 1974 1218 tunc

402 1288 586 1329 eorum
631 1269 896 1326 desiderio
937 1264 1107 1323 aﬂecti
1149 1269 1273 1317 sunt
1313 1279 1326 1316 :
1372 1267 1652 1329 propterea
1694 1254 1834 1310 enim
1872 1268 1974 1308 eos

403 1363 622 1434 expulit,
650 1370 708 1418 ut
734 1360 992 1418 excitaret
1029 1356 1080 1412 in
1121 1355 1184 1408 iis
1222 1351 1393 1420 majus
1418 1347 1762 1406 desiderium.
1792 1345 1848 1400 id
1875 1360 1971 1402 au-

404 1464 509 1510 tem
536 1453 671 1508 solet
709 1464 850 1520 5:296
889 1448 1028 1504 Deus
1058 1446 1250 1500 facere.
1281 1441 1502 1510 Quando
1541 1440 1684 1494 enim
1708 1480 1722 1505 ,
1754 1437 1878 1492 dum
1920 1438 1973 1492 in

405 1547 627 1602 summis
670 1556 854 1600 sumus
902 1540 1104 1595 deliciis
1129 1579 1144 1606 ,
1191 1545 1246 1593 et
1290 1533 1520 1592 maxima
1560 1533 1818 1588 bonorum
1859 1531 1976 1602 ejus

407 1636 694 1700 afﬂuentia,
736 1647 842 1688 non
871 1631 1162 1692 sentimus,
1198 1636 1352 1684 curat
1387 1633 1446 1680 ut
1479 1625 1556 1679 eis
1581 1636 1878 1690 careamus,
1918 1629 1976 1677 ut

409 1727 701 1796 privatione
725 1737 906 1778 eorum
932 1718 1192 1788 castigati,
1218 1717 1297 1772 eis
1320 1730 1505 1772 rursus
1527 1715 1626 1769 frui
1654 1727 1970 1784 quaeramus.

409 1817 513 1872 Sed
554 1829 776 1885 quanam
815 1812 882 1867 de
909 1825 1066 1866 causa
1101 1808 1358 1864 sedebant
1383 1806 1449 1860 ad
1489 1804 1749 1860 ﬂumina?
1794 1803 1860 1860 Ut
1883 1803 1976 1873 qui

410 1916 587 1961 essent
621 1904 849 1974 captivi,
881 1909 935 1957 et
971 1899 1206 1969 regionis
1241 1897 1472 1952 hostium
1515 1895 1706 1950 finibus
1745 1894 1974 1950 circum-

409 1997 610 2065 scripti,
633 2004 787 2048 extra
814 2006 992 2048 tnuros
1015 1999 1069 2046 et
1095 1991 1257 2046 urbes
1285 1987 1603 2043 habitarent.
1629 1984 1681 2040 2.
1709 1983 1778 2039 In
1802 1983 1976 2039 salici-

409 2087 498 2139 bus
526 2087 578 2137 iu
606 2084 769 2138 medio
813 2082 921 2152 ejus
955 2079 1306 2150 stupendimus
1333 2092 1526 2149 organa
1566 2085 1758 2130 nostra.
1803 2075 1974 2140 Alius,

408 2175 640 2230 Cit/raras
658 2174 733 2245 (a)
757 2183 974 2228 nostras.
997 2171 1166 2240 Alius,
1191 2168 1370 2242 Lyras.
1394 2168 1461 2224 Et
1483 2181 1710 2239 quanam
1731 2165 1798 2222 de
1817 2179 1977 2222 causa

407 2269 640 2324 tulerunt
665 2281 862 2336 organa
891 2279 986 2320 sua
1014 2279 1133 2320 cum
1170 2263 1224 2318 in
1258 2262 1614 2331 captivitatem
1644 2259 1975 2326 recederent.

405 2359 493 2428 qui
537 2357 616 2414 eis
655 2358 876 2412 minime
917 2362 1072 2410 erant
1114 2353 1303 2410 usuri?
1339 2351 1453 2408 Hoc
1497 2366 1707 2422 quoque
1750 2351 1920 2406 fuerat
1945 2365 1977 2408 a

408 2449 518 2504 Deo
547 2448 838 2518 provisum,
866 2455 925 2501 ut
949 2445 1035 2499 vel
1069 2445 1121 2500 in
1155 2444 1326 2500 aliena
1347 2442 1566 2512 regione
1593 2441 1850 2499 haberent
1871 2456 1978 2497 mo-

407 2541 642 2595 nimenta
687 2537 880 2608 prioris
922 2536 1247 2606 reipublicm,
1294 2535 1567 2604 magisque
1607 2533 1980 2588 mor-darentur

406 2643 461 2686 et
483 2635 676 2703 mgrius
697 2630 921 2697 ferrent,
953 2628 1078 2690 dum
1109 2627 1247 2684 illius
1275 2625 1547 2698 religionis
1583 2631 1640 2680 et
1677 2624 1773 2680 Dei
1806 2624 1978 2680 cultus

407 2723 497 2780 illa
522 2725 671 2792 signa
701 2722 958 2777 viderent.
990 2721 1044 2778 5.
1077 2719 1210 2786 Quia
1247 2719 1353 2773 illic
1393 2718 1823 2789 interrogaverunt
1863 2733 1976 2786 nos,

408 2817 493 2885 qui
521 2816 743 2885 captiuos
771 2815 1021 2868 duxerunt
1045 2827 1157 2878 nos,
1183 2810 1330 2864 uerba
1355 2811 1682 2864 cantionum:
1712 2818 1759 2864 et
1780 2809 1866 2878 qni
1887 2808 1979 2863 ab-

411 2908 658 2960 duxerunt
682 2921 772 2960 nos
796 2922 814 2960 :
836 2903 1098 2975 Hymuum
1122 2911 1320 2956 cantate
1337 2902 1478 2956 nobis
1511 2900 1574 2955 de
1597 2901 1802 2954 canticis
1828 2899 1975 2955 Sion.

414 2998 530 3053 Non
559 3013 739 3068 parum
767 2997 892 3052 hinc
926 2995 1343 3059 lucrifaciebant,
1375 2993 1517 3064 quod
1555 2993 1634 3049 eis
1671 2991 1882 3047 barbari
1908 2992 1980 3048 in-

414 3097 633 3155 starent,
660 3098 717 3144 et
740 3087 945 3144 cantica
979 3101 1166 3144 eorum
1187 3086 1372 3142 audire
1409 3092 1682 3154 cuperent.
1725 3083 1858 3138 Vide
1879 3099 1977 3138 au-

412 3189 518 3234 tem
543 3190 793 3248 quantam
831 3179 957 3236 hinc
985 3177 1366 3234 correctionem
1407 3185 1664 3242 ceperunt
1702 3192 1771 3232 ex
1809 3176 1979 3246 capti-

407 3275 589 3326 vitate.
619 3271 720 3336 Qui
742 3271 885 3326 enim
911 3270 1200 3326 insolentes
1226 3268 1347 3323 facti
1370 3267 1692 3332 defecerant,
1719 3276 1774 3323 et
1796 3283 1827 3322 a
1852 3267 1981 3323 reli-

404 3366 566 3435 gione
599 3379 694 3418 sua
719 3362 1039 3429 resilierant,
1080 3369 1135 3417 et
1157 3361 1326 3430 legem
1347 3359 1490 3415 omni
1525 3360 1732 3415 ratione
1768 3359 1984 3414 concul-

405 3461 682 3518 caverant,
712 3467 772 3507 se
797 3453 848 3506 in
871 3451 1039 3507 aliena
1064 3451 1280 3520 regione
1301 3457 1406 3503 tam
1425 3449 1658 3520 graviter
1681 3455 1980 3519 gesserunt,

404 3555 466 3600 ut
497 3547 582 3600 vel
612 3544 918 3615 urgentibus
942 3549 997 3598 et
1019 3543 1341 3598 minantibus
1379 3541 1638 3606 barbaris,
1664 3548 1720 3597 et
1751 3540 1984 3609 undique

403 3635 937 3700 circumsistentibus,
984 3643 1038 3689 et
1075 3633 1261 3690 audire
1287 3633 1649 3702 cupientibus,
1679 3649 1746 3687 ne
1773 3633 1851 3690 sic
1871 3631 1983 3701 qui-

409 3725 528 3781 dem
561 3742 744 3782 eorum
779 3726 1042 3782 desiderio
1062 3725 1517 3795 gratificarentur,
1542 3724 1638 3780 sed
1663 3724 1832 3795 legem
1854 3739 1985 3794 pm-

289 3805 296 3812 ’
407 3819 631 3882 ferrent,
654 3834 880 3889 eamque
898 3819 1178 3890 diligenter
1201 3824 1600 3874 conservarent.
1623 3815 1758 3871 illud
1782 3825 1983 3880 autem,

407 3911 512 3977 Qui
531 3911 863 3975 abduxerunt,
893 3911 1028 3965 alius
1055 3909 1126 3981 (b)
1153 3908 1308 3977 dixit,
1333 3907 1435 3973 Qui
1460 3917 1752 3979 arroganter
1774 3907 1984 3978 agebant

404 4013 586 4057 contra
614 4017 726 4068 nos,
768 4000 1153 4072 propemodum
1182 3999 1284 4056 hoc
1319 3999 1505 4056 dicens
1539 4015 1554 4051 :
1599 3998 1699 4067 Qui
1736 4008 1891 4052 antea
1931 3997 1985 4052 in

406 4109 510 4149 nos
541 4090 926 4148 invehebantur
951 4130 967 4157 ,
1007 4099 1063 4146 et
1105 4091 1158 4146 in
1198 4105 1296 4145 nos
1339 4087 1716 4158 insurgebant,
1748 4096 1986 4156 tempore

405 4184 544 4240 adeo
572 4184 742 4250 lenes,
786 4183 942 4239 mites
983 4191 1038 4238 et
1071 4181 1336 4238 mansueti
1379 4179 1501 4236 facti
1528 4186 1672 4245 sunt,
1709 4187 1767 4236 ut
1792 4178 1989 4233 vellent

406 4274 569 4329 etiam
602 4281 780 4328 nostra
805 4272 990 4332 audire
1015 4271 1238 4330 cantica.
1273 4269 1338 4326 Hi
1365 4277 1538 4326 tamen
1566 4283 1673 4323 non
1708 4281 1989 4324 conoesse-

408 4375 558 4421 runt.
603 4365 789 4421 Vidisti
831 4379 1060 4433 quonam
1100 4363 1262 4420 modo
1303 4361 1483 4419 reddit
1524 4360 1691 4418 fortes
1730 4357 1987 4416 afﬂictio?

407 4455 679 4526 quomodo
721 4454 1112 4524 compunctoa?
1151 4452 1422 4524 quomodo
1448 4461 1680 4510 mentem
1720 4449 1988 4512 conterit?

409 4547 637 4604 Flebant
675 4548 819 4603 enim
839 4587 856 4616 ,
885 4555 940 4602 et
981 4547 1150 4619 legem
1193 4547 1545 4604 observabant
1565 4587 1581 4612 ,
1627 4554 1680 4602 et
1707 4547 1796 4616 qui
1821 4585 1834 4609 ,
1865 4560 1988 4602 cum

409 4641 685 4711 prophetae
711 4639 1164 4712 lacrymarentur,
1189 4637 1435 4694 ridebant
1451 4679 1468 4704 ,
1512 4637 1912 4702 ludiﬁcabantur
1934 4646 1990 4694 et

408 4733 809 4789 eubsannabant
852 4750 866 4786 :
909 4733 964 4788 hi
1001 4746 1143 4788 nunc
1181 4730 1398 4786 nemine
1439 4745 1532 4786 eos
1575 4730 1896 4787 admonente
1920 4731 1988 4787 ad

413 4826 676 4898 lncrymas
722 4826 1203 4888 convertebantur,
1246 4833 1300 4878 et
1343 4822 1558 4878 ﬂebant.
1606 4821 1684 4878 Ex
1721 4837 1789 4878 eo
1825 4823 1987 4877 etiam

414 4919 700 4987 plurimum
747 4917 1012 4972 commodi
1062 4915 1423 4984 percipiebant
1475 4912 1677 4968 hostes.
1729 4912 1990 4970 Videbunt

415 5011 557 5064 enim
599 5023 692 5064 eos
721 5023 828 5063 non
858 5009 1025 5078 premi
1054 5006 1390 5076 captivitate,
1422 5018 1522 5060 nec
1557 5004 1860 5059 servitutem
1889 5004 1987 5060 de-

414 5100 566 5165 ﬁere,
589 5117 688 5158 nec
708 5101 847 5172 quod
873 5103 923 5157 in
947 5101 1118 5160 aliena
1145 5101 1365 5170 regione
1385 5097 1704 5161 habitarent,
1734 5096 1826 5153 sed
1847 5096 1987 5167 quod

413 5205 447 5244 a
477 5207 576 5247 suo
603 5194 696 5248 Dei
737 5193 882 5248 cultu
924 5192 1262 5247 excidissent.
1307 5188 1377 5246 Et
1421 5187 1543 5249 ideo
1584 5187 1820 5257 adjecit:
1852 5186 1989 5244 Dant

414 5283 798 5340 recurram
837 5283 986 5339 Sion.
1031 5282 1212 5352 Neque
1251 5281 1393 5338 enim
1431 5280 1617 5338 leviter
1657 5287 1861 5338 tantum
1898 5279 1987 5335 lu-

414 5382 541 5441 gent
560 5415 575 5437 ,
605 5374 700 5430 sed
728 5374 890 5432 veluti
917 5373 1178 5443 quoddam
1209 5380 1520 5444 perpetuum
1547 5370 1759 5443 lugendi
1795 5387 1988 5428 munus

415 5463 636 5520 obeunt.
663 5463 922 5532 Quocirca
945 5465 1074 5524 dicit
1100 5465 1154 5522 in
1181 5463 1460 5535 principio,
1489 5462 1744 5531 Sedimus,
1775 5456 1821 5519 et
1847 5465 1988 5534 ﬂevi-

492 5713 564 5778 (a)
596 5711 717 5763 Vide
739 5712 967 5778 “empta.

498 5773 570 5843 (ὸ)
601 5780 710 5836 Quis
730 5779 794 5844 sit
815 5773 892 5828 hic
913 5777 1159 5839 interpres
1178 5775 1440 5838 ignoratur.

1401 313 1761 383 EXI’OSITIO
1792 320 1864 379 1N
1901 318 2225 378 ΡεΑωιωι
2265 321 2544 380 cxxxvr.

3537 329 3641 382 £06

2077 462 2211 512 mus,
2237 448 2594 517 significantes
2622 463 2682 506 se
2708 455 2830 507 ideo
2851 451 3160 507 consedisse
3187 459 3244 506 ut
3266 451 3470 507 cierent
3496 437 3656 506 ﬂetus-

2073 545 2130 596 et
2153 538 2396 608 eiulatus.
2428 537 2532 594 Sed
2565 553 2667 596 cur
2693 541 2774 598 eis
2800 556 2908 598 non
2951 542 3351 612 permittebatur
3377 557 3570 598 canere
3597 544 3651 598 in

2074 630 2248 686 aliena
2277 630 2458 684 terra?
2485 632 2742 696 Quoniam
2771 649 2878 688 non
2905 633 3183 703 opormbat
3219 647 3376 688 aures
3405 634 3651 700 profanas

2073 730 2262 789 audire
2305 731 2396 787 illa
2436 746 2654 786 arcana.
2684 733 2738 787 4.
2772 730 3036 799 Quomodo
3065 731 3378 786 cantabimus
3405 732 3652 786 canticum

2077 823 2282 880 Domini
2308 825 2362 878 in
2385 834 2519 878 terra
2547 825 2712 878 aliena
2737 824 2762 877 ?
2804 825 2914 878 Hoc
2941 832 3020 878 est
3046 841 3058 876 :
3089 822 3203 876 Non
3230 822 3354 878 licet
3381 823 3533 877 nobis
3560 839 3652 877 ca.

2075 930 2223 970 nere.
2268 914 2385 975 Etsi
2428 915 2568 971 enim
2615 930 2646 968 a
2690 914 2854 983 patria
2899 913 3210 980 excidimus,
3261 912 3428 982 legem
3476 922 3652 967 tamen

2073 1015 2332 1075 perpetuo
2366 1019 2674 1070 servamus,
2705 1004 2862 1072 idque
2890 1003 3316 1073 diligentissime.
3347 1002 3523 1070 Quare
3549 1003 3654 1058 etsi

2075 1097 2129 1151 in
2159 1112 2383 1167 corpora
2410 1098 2700 1152 dominium
2727 1097 3012 1151 obtineatis
3031 1095 3310 1161 ,‘animum
3342 1102 3518 1150 tamen
3547 1110 3653 1148 non

2074 1185 2414 1257 superabitis.
2444 1185 2630 1240 Vidisti
2662 1186 2889 1240 animam
2917 1185 2985 1240 ab
3011 1185 3296 1241 afﬂictione
3336 1199 3454 1240 esse
3479 1184 3650 1239 dedu-

2071 1290 2215 1333 ctam
2243 1277 2310 1333 ad
2337 1277 2572 1333 studium
2601 1278 2876 1347 sapientiae
2898 1319 2914 1344 ,
2944 1278 3302 1345 mrumnisque
3339 1287 3394 1331 et
3432 1277 3654 1330 calami-

2074 1369 2269 1426 tatibus
2293 1385 2414 1426 esse
2442 1369 2810 1440 superiorem?
2835 1371 2890 1426 5.
2915 1368 2976 1424 Si
3003 1370 3186 1424 oblitus
3216 1373 3358 1440 fuero
3386 1369 3480 1434 tui,
3503 1367 3657 1421 Jeru-

2072 1463 2252 1526 salem,
2278 1460 2518 1515 oblivioni
2547 1459 2692 1514 detur
2709 1461 2917 1514 dextera
2940 1476 3070 1513 mea.
3101 1460 3157 1513 6.
3183 1458 3450 1512 Adhcreat
3477 1459 3656 1528 lingua

2073 1566 2187 1605 mea
2212 1552 2441 1622 faucibus
2469 1551 2610 1606 meis.
2642 1549 2776 1606 Vide
2817 1550 2903 1605 hic
2941 1562 3153 1620 quoque
3192 1563 3435 1619 magnam
3466 1547 3655 1601 factam

2073 1641 2442 1697 mutationem.
2496 1641 2596 1708 Qui
2648 1641 2790 1697 enim
2834 1640 3054 1710 singulis
3098 1641 3286 1695 diebus
3335 1637 3651 1699 audiebant,

2075 1729 2192 1786 fore
2220 1739 2276 1785 ut
2301 1745 2367 1785 ex
2397 1730 2607 1786 civitate
2633 1729 3136 1795 exterminarentur,
3163 1738 3219 1783 et
3241 1745 3346 1784 non
3375 1729 3651 1791 curabant,

2073 1835 2216 1878 nunc
2243 1821 2358 1876 dira
2387 1820 2488 1876 sibi
2519 1821 2914 1889 imprecantur,
2945 1819 2991 1873 si
3033 1819 3149 1889 ejus
3177 1821 3282 1873 sint
3311 1819 3485 1874 obliti.
3514 1818 3652 1884 Quid

2071 1919 2156 1965 εει
2177 1919 2376 1975 autem,
2404 1908 2654 1964 Oblivioni
2679 1908 2828 1964 detur
2850 1909 3054 1964 dextera
3079 1925 3189 1962 mea
3208 1907 3235 1960 .9
3261 1907 3434 1973 Vires,
3465 1907 3652 1976 inquit,

2075 2013 2209 2056 mete
2251 2000 2358 2056 mei
2402 1999 2800 2065 obliviscantur,
2851 2007 2906 2053 et
2952 2008 3130 2054 mutus
3172 1996 3394 2052 evadam
3442 2007 3657 2066 propter

2073 2091 2336 2146 malorum
2360 2089 2796 2160 magnitudinem,
2825 2089 2885 2144 Si
2914 2105 3015 2143 non
3041 2089 3310 2144 meminero
3339 2088 3413 2140 tui
3439 2103 3457 2140 :
3486 2088 3529 2141 si
3557 2104 3658 2142 non

2075 2197 2401 2253 prcposuero
2424 2181 2710 2236 Jerusalem
2736 2182 2863 2236 sicut
2891 2181 2908 2212 ³
2937 2181 2988 2234 in
3018 2179 3266 2249 principio
3304 2178 3492 2233 laetitia
3515 2193 3658 2232 mare.

2075 2273 2210 2341 Quid
2237 2281 2352 2340 est,
2387 2273 2448 2328 Si
2474 2288 2576 2328 non
2598 2286 2923 2341 priapon
2941 2269 3226 2324 Jerusalem
3245 2269 3271 2323 Ρ
3310 2268 3425 2323 Non
3455 2268 3656 2332 solum,

2075 2366 2265 2435 inquit,
2312 2364 2384 2420 tui
2425 2365 2720 2420 meminero
2745 2364 2796 2416 in
2823 2362 2978 2427 aliis,
3010 2360 3104 2418 sed
3149 2362 3308 2416 etiam
3348 2361 3400 2414 in
3446 2359 3658 2431 hymnis

2075 2465 2131 2512 et
2157 2457 2211 2510 in
2241 2455 2482 2510 canticis.
2518 2455 2646 2510 Illud
2685 2465 2862 2510 autem
2884 2494 2900 2520 ,
2930 2452 3296 2523 Pmposuero,
3326 2452 3430 2507 hoc
3450 2461 3562 2516 est,
3599 2452 3658 2506 In

2075 2547 2263 2603 cantici
2294 2546 2553 2617 prommio
2577 2560 2641 2608 ac
2666 2544 2918 2614 prmludio
2947 2558 3203 2614 posuero,
3233 2543 3509 2613 loquentes
3533 2558 3656 2598 ver-
3721 2549 3723 2554 ‘

2076 2638 2200 2694 bum
2231 2653 2436 2704 eorum,
2476 2637 2566 2706 qui
2610 2635 2765 2691 valde
2802 2634 3125 2697 desiderant,
3173 2635 3281 2689 imo
3303 2647 3431 2687 vero
3472 2647 3658 2686 eorum

2075 2731 2164 2800 qui
2213 2729 2330 2799 ejus
2373 2742 2566 2798 magno
2614 2740 2798 2782 amore
2850 2734 3095 2780 tenentur
3141 2731 3197 2779 et
3241 2719 3656 2778 inﬂammantur.

2075 2820 2365 2876 Audiamus
2395 2819 2508 2874 haec
2535 2832 2742 2882 clunes,
2772 2827 2826 2870 et
2850 2814 3135 2869 discamus.
3168 2813 3378 2871 Etenim
3404 2810 3659 2880 quemad-

2077 2891 2295 2968 modum
2321 2909 2378 2965 lti
2404 2924 2528 2965 cum
2554 2908 2622 2963 ab
2663 2922 2726 2962 ea
2753 2905 3103 2968 exciderant,
3121 2913 3245 2958 tunc
3267 2911 3513 2972 quaerunt
3543 2918 3557 2956 :
3586 2901 3658 2955 ita

2074 3004 2238 3060 etiam
2264 3003 2444 3062 multis
2463 3017 2534 3059 ex
2559 3001 2710 3058 nobis
2734 2999 2968 3062 eveniet,
2997 3011 3116 3052 cum
3143 2997 3194 3050 in
3225 2997 3314 3050 illo
3339 2995 3425 3050 die
3450 3011 3479 3048 a
3506 2994 3660 3050 Jeru-

2077 3095 2245 3151 salem
2288 3091 2488 3154 caelesu
2527 3090 2900 3148 excidet-imus.
2932 3085 3038 3146 Sed
3079 3085 3133 3140 hi
3175 3086 3384 3155 quidem
3411 3099 3532 3140 cum
3563 3098 3658 3138 ex-

2049 3243 2052 3245 ,
2077 3186 2354 3252 uidissent,
2383 3197 2535 3254 sporn
2564 3182 2831 3243 habebant
2857 3179 3057 3234 reditus
3077 3220 3093 3245 ,
3123 3177 3276 3232 nobis
3305 3185 3482 3231 autem
3510 3176 3657 3230 exci-

2079 3278 2326 3334 dentibus
2369 3275 2512 3331 nulla
2557 3274 2757 3344 reliqua
2795 3287 2916 3342 spes
2957 3279 3039 3326 est
3080 3268 3422 3323 reversionis.
3464 3266 3658 3321 Vermis

2085 3374 2217 3424 enim
2253 3384 2422 3422 eorum
2452 3383 2553 3420 non
2579 3367 2847 3429 morietur,
2883 3364 3085 3432 inquit,
3116 3372 3164 3416 et
3204 3362 3335 3432 ignis
3364 3376 3535 3414 eorum
3560 3376 3662 3414 non

2081 3461 2420 3530 eastinguetur
2449 3456 2638 3528 (Marc.
2661 3454 2716 3510 9.
2739 3451 2849 3524 i5).
2880 3453 2946 3506 Et
2973 3451 3094 3506 ideo
3115 3459 3328 3520 oportet
3353 3465 3450 3506 nos
3477 3458 3658 3504 nostra

2080 3549 2383 3619 diligentius
2412 3545 2720 3611 attendere,
2753 3553 2808 3598 et
2836 3543 2890 3596 in
2922 3543 3171 3613 praesenti
3201 3542 3306 3595 vita
3337 3541 3414 3595 sic
3440 3554 3536 3594 nos
3563 3554 3660 3609 ge:-

2081 3658 2230 3705 rere,
2259 3649 2316 3695 ut
2341 3656 2446 3694 non
2489 3639 2654 3692 simus
2678 3634 2896 3706 captivi,
2940 3648 3040 3690 nec
3080 3633 3235 3689 alieni
3275 3647 3337 3688 ac
3376 3632 3566 3688 remoti
3596 3631 3663 3684 ab

2083 3735 2170 3790 illa
2203 3731 2506 3802 metropoli.
2538 3731 2592 3784 7.
2617 3729 2813 3784 Memor
2841 3737 2963 3793 esto,
2990 3725 3224 3789 Domine,
3253 3725 3475 3794 ﬁliorum
3497 3719 3664 3774 Edam

2082 3828 2137 3881 in
2161 3825 2244 3879 die
2267 3823 2548 3878 Jerusalem
2572 3837 2591 3875 :
2619 3821 2704 3891 qui
2730 3820 2940 3874 dicunt:
2967 3817 3241 3872 Exinanite
3257 3857 3272 3882 ,
3301 3814 3552 3869 eainanite
3574 3829 3662 3865 us-

2083 3931 2179 3987 que
2202 3914 2269 3967 ad
2297 3914 2625 3983 fundamenta
2650 3911 2778 3981 ejus.
2809 3909 2977 3973 Alius,
3002 3905 3153 3960 Filiis
3185 3903 3370 3958 Edam.
3399 3903 3509 3957 Hoc
3534 3915 3666 3970 quo.

2084 4021 2191 4078 que
2228 4005 2449 4060 verbum
2491 4011 2576 4058 est
2617 4016 2800 4056 eorum
2830 3999 2920 4070 qui
2964 3999 3356 4052 inﬂammantur
3398 3993 3664 4048 desiderio

2085 4097 2334 4155 civitatis.
2380 4095 2492 4149 Hoc
2519 4101 2602 4149 est
2640 4102 2818 4146 autem
2847 4089 2988 4160 quod
3017 4089 3200 4144 dicunt
3227 4104 3240 4141 :
3268 4086 3462 4141 Pmnas
3490 4085 3560 4140 de
3587 4084 3665 4139 eis

2087 4198 2259 4253 sume,
2287 4187 2478 4257 quibus
2501 4198 2604 4238 non
2629 4180 2926 4238 sufficiebat
2945 4178 3085 4248 quod
3108 4185 3263 4245 capta
3290 4185 3432 4230 esset
3460 4175 3660 4238 civitas,

2089 4296 2190 4337 nec
2232 4279 2406 4334 satiati
2451 4285 2603 4332 erant
2644 4275 2760 4345 ejus
2798 4271 3101 4333 eversione,
3143 4267 3236 4323 sed
3284 4267 3570 4331 instabant,
3613 4275 3667 4320 et

2087 4371 2357 4438 dicebant,
2382 4368 2608 4424 Effodite
2627 4364 2879 4436 quamdiu
2901 4361 3059 4417 fuerit
3081 4361 3132 4415 in
3154 4373 3216 4414 ea
3242 4358 3664 4413 fundamentum.

2090 4461 2383 4534 Cupiebant
2421 4459 2563 4513 enim
2603 4471 2670 4511 ne
2707 4456 2864 4510 bases
2903 4451 3116 4522 quidem
3160 4464 3377 4506 manere
3417 4447 3663 4513 civitatis,

2092 4554 2185 4610 sed
2213 4553 2296 4608 vel
2341 4553 2454 4621 ipsa
2483 4550 2599 4618 ejus
2628 4547 2968 4602 fundamenta
2993 4541 3239 4600 convelli.

2158 4645 2214 4698 2.
2247 4643 2311 4698 l-li
2341 4651 2517 4697 autem
2544 4647 2698 4696 erant
2723 4637 2945 4702 Arabes,
2967 4635 3056 4706 qui
3083 4649 3188 4689 una
3218 4647 3338 4688 cum
3362 4629 3671 4703 Babyloniis

2093 4737 2306 4794 induces
2335 4736 2638 4789 invaserant
2662 4747 2675 4786 :
2708 4743 2930 4800 quorum
2957 4726 3261 4796 frequenter
3284 4724 3528 4780 meminit
3548 4736 3670 4791 pro-

2093 4829 2273 4900 pheta,
2307 4837 2360 4882 et
2390 4840 2484 4880 eos
2510 4823 2664 4878 valde
2691 4818 3061 4891 reprehendit,
3102 4815 3244 4886 quod
3284 4831 3406 4870 cum
3437 4815 3669 4867 interce-

2093 4922 2244 4976 deret
2271 4919 2409 4972 inter
2437 4931 2532 4971 eos
2563 4913 2815 4984 cognatio
2835 4953 2849 4977 ,
2880 4909 3121 4965 hostibus
3159 4907 3309 4961 fuere
3346 4902 3665 4958 acerbiores.

2095 5013 2148 5068 8.
2178 5011 2315 5065 Filia
2339 5009 2612 5078 Babylonis
2652 5005 2854 5058 misera.
2887 5001 3063 5062 Alius,
3104 4997 3326 5052 Vastuta.
3368 4994 3538 5056 Alius,
3574 4991 3664 5047 Di-

2092 5101 2342 5174 ripienda.
2376 5100 2472 5156 Hie
2499 5096 2787 5152 ostendam
2807 5093 2904 5148 Dei
2926 5092 3066 5145 vires
3092 5104 3195 5142 non
3218 5088 3270 5141 in
3305 5084 3616 5140 liberatione
3637 5099 3667 5137 a

2094 5197 2278 5263 malis,
2312 5194 2405 5251 sed
2446 5194 2497 5247 in
2524 5188 2776 5261 parandis
2801 5187 2864 5240 iis
2892 5183 3098 5238 insidiis
3125 5179 3215 5249 qui
3251 5179 3366 5234 illos
3397 5190 3669 5247 Oppugna-

2095 5295 2255 5354 runt,
2297 5283 2539 5355 praedicit
2582 5280 2840 5350 propheta
2878 5275 3015 5330 ninia
3055 5287 3175 5343 quas
3217 5279 3372 5326 erant
3415 5276 3673 5324 eventura

2096 5378 2375 5454 Babyloni.
2405 5383 2459 5429 et
2487 5379 2641 5426 vocat
2676 5384 2793 5424 eam
2839 5366 3088 5422 miseram
3117 5369 3333 5431 propter
3373 5360 3512 5416 mala
3549 5368 3668 5428 quae

2097 5451 2239 5525 illam
2265 5474 2421 5525 eram
2449 5466 2694 5519 invasura
2727 5479 2738 5513 :
2770 5459 2824 5513 in
2853 5458 2954 5512 hoc
2977 5469 3188 5526 quoque
3213 5455 3410 5509 docens
3434 5451 3669 5532 διώλεσε,

2161 5651 2177 5682 ι
2213 5645 2350 5704 utud,
2371 5643 2494 5694 sicut
2511 5675 2528 5699 ν
2545 5637 2786 5704 adiecti!!!
2810 5633 2898 5704 τιξῆ
2919 5631 3182 5704 πρη.ωσὲί¹ο
3201 5633 3250 5683 in
3269 5629 3501 5704 μανίαι
3526 5630 3671 5704 οιὲκπ

2023 5733 2038 5746 -
2104 5717 2152 5764 in
2174 5694 2484 5761 versionihus
2500 5694 3164 5765 symmetriiepdouonis,
3200 5694 3382 5765 ειυίμυε
3407 5701 3457 5746 οι
3478 5699 3671 5747 “me;

2106 5755 2157 5821 ii
2171 5755 2252 5825 his
2267 5755 2448 5832 quippe
2469 5755 2692 5814 omnibus
2715 5755 2885 5809 eadem
2907 5756 3051 5807 lectio
3073 5755 3377 5808 observatur.
