4088 6274
369 339 463 393 ΗΠ

363 463 413 501 ιιι
458 445 742 500 ostendens
793 443 882 496 Dei
929 439 1372 508 potentiam.esse
1412 449 1503 502 per
1545 440 1711 484 totum
1751 427 1931 480 orbein

367 554 520 594 teme
543 545 861 608 porrectam.
885 530 1070 584 Beatus
1096 529 1179 597 qui
1200 527 1434 580 retribuet
1449 523 1542 576 tibi
1566 520 1934 575 retributionem

368 646 524 697 luant,
557 645 708 700 quam
735 624 1006 680 retribuisti
1032 622 1193 675 nobis.
1224 619 1403 682 Alius,
1439 616 1602 681 Quam
1635 625 1751 665 ante
1778 609 1937 681 fecisti

367 724 508 778 nobis
534 719 630 794 (a).
666 717 930 775 9..Beatus
957 715 1040 782 qui
1058 711 1265 778 tenebit,
1296 719 1340 764 et
1367 707 1541 761 allidet
1569 705 1804 776 parvulos
1830 711 1940 754 tuos

367 816 438 867 ad
458 824 670 882 petram.

443 903 816 971 Prophetarum
847 915 972 952 mos.
1003 925 1073 937 -—
1097 895 1222 950 Haec
1250 890 1349 946 etsi
1394 889 1466 942 ira
1510 887 1660 956 plena
1701 890 1826 937 sunt
1851 894 1942 934 ve-

373 994 709 1061 hementique
734 1005 888 1060 paena
909 998 960 1043 et
984 987 1241 1056 supplicio
1264 1001 1277 1036 :
1299 990 1421 1036 sunt
1441 989 1616 1034 tamen
1636 975 1794 1031 verba
1813 987 1942 1042 per-

380 1087 694 1142 turbationis
722 1082 883 1137 animi
924 1081 1282 1149 captivorum,
1313 1075 1400 1145 qui
1429 1085 1670 1140 magnam
1715 1067 1944 1135 aliquam

375 1191 610 1246 pmnam,
642 1183 694 1229 et
724 1169 1046 1227 horrendum
1077 1169 1378 1234 mirumque
1406 1159 1722 1231 supplicium
1751 1163 1939 1226 postu-

376 1270 506 1322 lant.
538 1264 816 1335 Prophetze
837 1263 975 1317 enim
1004 1259 1168 1314 multa
1196 1270 1338 1325 saepe
1368 1255 1654 1324 loquuntur
1679 1264 1782 1303 non
1810 1255 1946 1302 tam-

377 1375 536 1429 quam
567 1372 712 1422 suos,
744 1354 836 1410 sed
862 1354 1084 1408 aliorum
1109 1351 1331 1405 allectus
1353 1353 1652 1412 narrantes,
1678 1350 1732 1397 et
1752 1342 1803 1394 in
1834 1355 1950 1394 me-

379 1451 523 1505 dium
571 1448 872 1503 aﬁ‘erentes.
920 1444 974 1500 Si
1019 1443 1158 1497 enim
1207 1441 1322 1509 ejus
1360 1437 1554 1509 quaeris
1601 1433 1950 1495 sententiam,

380 1545 564 1598 audies
591 1543 874 1604 dicentem,
908 1537 968 1591 Si
993 1535 1191 1590 reddidi
1236 1529 1620 1586 retribuentibus
1662 1525 1784 1579 mihi
1820 1523 1954 1577 mala

383 1635 555 1704 (Psal.
585 1636 636 1689 7.
665 1635 745 1704 5'),
783 1639 839 1686 et
860 1631 944 1684 vel
975 1628 1212 1689 modum,
1250 1625 1338 1694 qui
1366 1639 1393 1676 a
1421 1625 1535 1691 lege
1569 1629 1682 1675 erat
1705 1619 1752 1673 ei
1779 1616 1954 1680 datus,

383 1733 740 1796 superantem.
796 1720 1018 1789 Quando
1074 1727 1250 1772 autent
1304 1719 1486 1768 narrat
1531 1709 1956 1780 perturbationes

385 1817 546 1872 animi
573 1817 818 1876 aliorum,
841 1810 1095 1866 describit
1121 1809 1249 1861 iram
1277 1814 1332 1859 et
1350 1803 1616 1858 dolorem:
1639 1799 1780 1870 quod
1798 1799 1957 1853 etiam

387 1923 531 1961 nunc
560 1905 702 1970 fecit,
733 1901 1036 1958 Iudaeorum
1074 1897 1416 1966 cupiditatem
1448 1894 1500 1946 in
1532 1890 1764 1945 medium
1794 1888 1962 1942 addu-

390 2011 538 2060 cens,
567 2007 793 2063 quorum
831 1992 908 2045 ira
937 1989 1017 2044 vel
1040 1987 1108 2042 ad
1140 1985 1374 2040 infantia:
1401 1997 1566 2052 usque
1605 1987 1814 2035 aetatem
1841 1993 1962 2047 pro-

391 2087 634 2142 cedebat.
675 2083 878 2138 Novum
905 2095 1008 2136 non
1052 2080 1122 2133 ita
1153 2092 1211 2132 se
1250 2075 1428 2142 habet,
1466 2073 1559 2128 sed
1596 2073 1837 2126 inimicos
1863 2083 1963 2124 no-

391 2188 534 2234 stros
558 2185 610 2230 et
642 2187 879 2244 pascere,
908 2180 962 2226 et
983 2171 1059 2224 eis
1084 2169 1260 2223 cibum
1290 2166 1416 2221 dare
1438 2164 1707 2234 iubemur,
1735 2172 1787 2217 et
1807 2173 1965 2214 orare

394 2284 491 2339 pro
515 2267 594 2322 eis
613 2264 702 2335 qui
730 2277 826 2318 nos
846 2261 1095 2316 mrumnis
1121 2257 1377 2313 afﬁciunt.
1394 2256 1512 2309 lloc
1540 2262 1715 2307 autem
1742 2251 1964 2306 facimus

395 2366 613 2430 propter
638 2356 806 2424 legem
833 2368 951 2422 qua:
977 2362 1060 2406 est
1086 2350 1238 2404 nobis
1263 2343 1847 2411 constituta.-Qua:nam
1869 2355 1966 2394 au-

398 2461 503 2505 tem
531 2465 592 2503 ea
635 2449 752 2501 est?
783 2442 898 2498 Nisi
943 2441 1268 2496 abundaverit
1291 2483 1304 2502 ,
1334 2437 1523 2508 inquit,
1559 2435 1761 2507 justitia
1798 2443 1968 2487 uestra

399 2545 515 2615 plus
541 2557 691 2612 quam
713 2538 988 2593 scribarum
1013 2545 1056 2588 et
1081 2534 1488 2596 Pharisaeorum,
1519 2546 1620 2584 non
1646 2527 1894 2582 intrabitis
1916 2526 1970 2578 in

401 2650 608 2703 regnum
636 2631 874 2686 cwlorum
912 2626 1119 2700 (Matth.
1157 2626 1209 2679 5.
1245 2623 1356 2693 ΞΟ).
1403 2622 1645 2692 Magnum
1691 2633 1818 2688 ergo
1859 2626 1970 2671 stu-

402 2725 544 2777 dium
567 2721 932 2786 adhibeamus,
962 2725 1016 2772 et
1043 2725 1205 2772 totam
1233 2730 1349 2770 eam
1377 2711 1587 2767 abunde
1601 2711 1970 2774 observemus,

403 2825 461 2869 ut
487 2814 575 2884 qui
601 2811 853 2880 deinceps
877 2811 931 2864 in
961 2817 1100 2863 terra
1128 2815 1392 2876 tamquam
1423 2805 1474 2857 in
1500 2802 1631 2857 czelo
1654 2801 1972 2864 habitemus,

405 2916 457 2961 ct
485 2920 604 2959 cum
632 2903 835 2974 angelis
854 2900 1049 2955 choros
1074 2898 1350 2952 ducamus.
1383 2895 1457 2950 Ita
1486 2893 1627 2947 enim
1645 2891 1819 2946 futura
1845 2903 1980 2959 quo-

405 3016 508 3070 que
547 2998 684 3052 bona
730 3006 1157 3062 consequemur:
1188 3003 1307 3059 quas
1343 2986 1497 3042 detur
1538 2983 1692 3038 nobis
1733 2980 1980 3036 omnibus

407 3088 649 3158 assequi,
695 3087 862 3156 gratia
893 3095 947 3139 et
993 3078 1350 3136 misericordia
1399 3075 1607 3131 Domini
1651 3074 1816 3128 nostri
1854 3071 1982 3126 Iesu

407 3180 734 3248 Christipcui
760 3178 924 3248 gloria
946 3185 998 3231 et
1024 3174 1300 3244 imperium
1331 3171 1383 3225 in
1413 3169 1606 3226 szecula
1638 3167 1978 3224 saeculorum.

409 3274 602 3326 Amen.

820 3357 886 3412 IN
924 3354 1244 3412 PSALMUM
1282 3351 1586 3408 CXXXVII.

560 3473 613 3525 1.
644 3468 1050 3537 Conﬁtebortibi,
1083 3466 1312 3530 Domine,
1334 3466 1388 3518 in
1419 3473 1520 3518 toto
1540 3462 1690 3517 corde
1710 3477 1837 3515 meo.

495 3607 544 3660 1.
577 3606 650 3660 De
685 3604 799 3659 hoc
837 3600 976 3672 apud
999 3615 1100 3654 vos
1138 3613 1279 3667 sche
1327 3595 1574 3650 disserui.
1622 3593 1881 3662 Quocirca
1923 3605 1989 3645 eo

419 3695 784 3772 praetermisso
842 3694 1112 3748 veniemus
1153 3691 1219 3746 ad
1250 3689 1333 3756 id,
1363 3688 1502 3758 quod
1548 3696 1630 3743 est
1669 3685 1987 3756 proximum.

420 3788 684 3854 Quidboc
708 3785 806 3839 sibi
835 3786 970 3851 vult,
998 3783 1063 3837 Et
1092 3784 1145 3836 in
1165 3790 1432 3851 conspectu
1457 3779 1750 3849 angelorum
1777 3778 1992 3847 psallam

421 3878 547 3933 tibi?
572 3877 723 3942 Quod
746 3875 960 3945 quidem
989 3874 1122 3928 alius
1142 3872 1274 3927 dixit
1296 3873 1578 3939 interpres,
1610 3867 1802 3933 Libere,
1831 3866 1990 3932 Deus,

423 3986 604 4023 canant
626 3977 692 4023 te.
728 3968 896 4032 Alius,
932 3964 996 4018 In
1023 3974 1292 4035 conspectu
1329 3961 1539 4016 deorum
1563 3959 1776 4015 cantabo
1805 3959 1910 4013 tibi.
1938 3958 1995 4014 Si

424 4077 554 4132 ergo
583 4062 725 4116 dicat
749 4059 967 4128 angelos
992 4058 1081 4128 qui
1109 4066 1232 4111 sunt
1260 4056 1314 4109 in
1341 4054 1516 4119 cazlis,
1535 4062 1630 4108 est
1659 4052 1709 4107 id
1751 4050 1890 4120 quod
1919 4050 1998 4104 di-

425 4154 562 4207 citur
582 4151 840 4222 ejusmodi
867 4167 879 4202 :
906 4149 1154 4204 Conabor
1180 4161 1374 4202 canere
1399 4160 1522 4200 cum
1548 4143 1770 4214 angelis,
1793 4150 1848 4197 et
1874 4155 1997 4197 eum

429 4245 508 4300 eis
533 4242 856 4298 contendere
874 4251 972 4308 ,ει
994 4240 1218 4294 choreas
1242 4238 1437 4292 ducere
1472 4250 1594 4290 cum
1628 4232 1874 4305 supernis
1901 4247 1998 4303 po-

431 4335 732 4391 testatibus.
776 4333 884 4386 Etsi
914 4332 1054 4386 enim
1099 4340 1287 4384 natura
1319 4327 1590 4392 diﬁ‘eram,
1615 4325 1776 4381 animi
1823 4333 1998 4379 tamen

430 4427 722 4488 alacritate,
748 4434 806 4476 ut
833 4437 954 4476 cum
999 4422 1077 4476 eis
1115 4431 1257 4475 stare
1285 4419 1531 4490 .possim,
1570 4416 1878 4473 decertabo.
1908 4414 2002 4470 Sin

431 4526 609 4570 autem
641 4513 961 4582 accipiamus
986 4511 1125 4581 quod
1159 4511 1356 4565 dictum
1386 4519 1468 4566 est
1489 4526 1554 4565 ex
1585 4510 1809 4564 aliorum
1836 4508 2003 4564 inter-

435 4607 753 4680 pretatione,
783 4604 990 4660 videtur
1033 4603 1160 4657 mihi
1200 4603 1378 4657 dicere
1415 4603 1482 4658 de
1524 4601 1920 4664 sacerdotibus,
1953 4597 2004 4653 id

434 4697 577 4768 quod
602 4696 670 4752 de
693 4695 1027 4750 diisdicitur.
1055 4694 1204 4750 Solet
1221 4694 1361 4748 cnim
1382 4692 1654 4764 Scriptura
1675 4692 2004 4750 sacerdotem

436 4803 633 4844 vocare
664 4795 718 4843 et
745 4786 993 4857 angelum
1025 4795 1077 4840 et
1104 4785 1262 4840 deum
1298 4803 1311 4839 :
1352 4801 1494 4841 nunc
1521 4787 1734 4855 quidem
1776 4785 1957 4839 dicens
1989 4801 2004 4839 :

440 4882 552 4936 Diis
577 4899 678 4935 non
703 4879 990 4944 maledicos,
1019 4888 1066 4932 et
1091 4878 1306 4948 principi
1331 4878 1506 4948 populi
1527 4877 1598 4930 tui
1623 4893 1724 4930 non
1744 4875 2010 4929 maledices

444 4974 636 5044 (Exod.
672 4973 761 5026 22.
788 4971 880 5040 ‘28)
906 4989 918 5023 :
948 4986 1087 5026 nunc
1119 4979 1295 5026 autem
1329 4969 1539 5024 :Labia
1571 4968 1886 5021 sacerdotum
1915 4981 2010 5020 cu-

440 5065 658 5118 stodiant
692 5063 970 5134 judicium,
1002 5071 1049 5115 et
1075 5077 1138 5115 ea:
1165 5078 1251 5114 ore
1293 5060 1403 5130 ejus
1441 5059 1699 5127 exquirant
1731 5057 2008 5126 justitiam,

441 5157 679 5226 quoniam
695 5165 766 5209 est
779 5154 987 5226 angelus
999 5151 1206 5206 Domini
1218 5150 1570 5220 omnipotentis
1584 5147 1836 5218 (Malach.
1854 5147 1910 5201 2.
1929 5147 2010 5216 7).

444 5249 502 5305 Si
527 5250 684 5304 liceat
714 5263 842 5316 ergo
881 5249 984 5300 hoc
1018 5245 1087 5299 ita
1126 5243 1388 5312 accipere,
1416 5239 1543 5294 illud
1571 5248 1782 5310 oportet
1822 5238 2014 5295 intelli-

445 5356 568 5411 gere
602 5357 616 5395 :
638 5338 769 5394 Cum
797 5321 1182 5402 sacerdotibus,
1207 5333 1335 5404 ipsis
1357 5331 1724 5388 inchoantibus
1743 5340 1796 5388 et
1820 5346 2017 5401 praise-

445 5431 710 5496 dentibus,
735 5445 855 5484 cum
882 5443 948 5484 eo
960 5443 1071 5497 quo
1093 5441 1186 5497 par
1211 5435 1294 5480 est
1316 5423 1504 5480 ordine
1527 5438 1737 5493 sequar,
1756 5433 1809 5478 et
1827 5437 2016 5478 canam

452 5523 588 5576 tibi:
623 5520 875 5587 Quoniam
917 5519 1104 5572 audisti
1141 5517 1313 5572 omnia
1345 5515 1495 5570 verba
1536 5515 1638 5570 oris
1667 5517 1785 5569 mei.
1826 5513 2016 5570 Vidisti

448 5628 694 5683 magnam
717 5612 1002 5681 gratiarum
1027 5610 1321 5665 actionem?
1353 5607 1528 5665 vidisti
1554 5622 1815 5664 summam
1845 5616 2020 5663 atten-

513 5727 586 5792 (a)
620 5732 729 5775 tunc
751 5727 1083 5786 interpretatio
1100 5726 1236 5786 juxta
1258 5736 1401 5785 quem
1426 5723 1488 5772 sit
1511 5723 1801 5784 ignoramus.

1069 328 1124 380 S.
1168 323 1442 379 Jl).\NNlS
1479 312 1956 376 CHRYSOSTOMI
2001 311 2315 367 AllClllEP.
2356 305 2883 364 CONSTANTINOP.

3493 295 3598 359 408

2044 423 2279 477 tionem?
2305 423 2418 476 Non
2448 420 2895 490 quemadmodum
2925 418 3166 474 nonnulli
3201 417 3387 472 molles
3413 428 3466 470 ct
3493 418 3606 469 dis~

2042 514 2222 579 soluti,
2263 513 2352 582 qui
2383 521 2667 580 antequam
2711 508 2925 580 quidem
2965 509 3254 576 accipiant,
3298 516 3421 562 sunt
3445 507 3607 561 vehe-

2043 618 2284 674 mentes,
2315 616 2592 676 postquam
2635 615 2809 659 autem
2852 604 3173 673 acceperint,
3218 602 3562 669 languescunt
3596 615 3610 650 :

2043 699 2139 754 sed
2168 699 2252 753 hic
2275 698 2487 767 quidem
2507 706 2559 752 et
2578 705 2859 765 antequam
2881 694 3164 763 acceperit,
3189 701 3368 763 urget,
3390 701 3444 746 et
3465 702 3610 760 post-

2045 805 2203 860 quam
2245 789 2478 858 accepit,
2531 797 2734 859 perstat
2777 774 2942 855 agens
2987 786 3198 840 assidue
3241 785 3455 855 gratias.
3483 781 3618 836 Hine

2045 887 2220 934 autem
2239 878 2534 933 ostenditur
2553 890 2675 934 eum
2691 889 2850 948 paras
2870 885 2923 934 et
2942 876 3168 947 optimas
3189 886 3376 944 preces
3396 872 3616 934 fudisse,

2048 986 2112 1025 ex
2139 984 2204 1025 eo
2235 970 2373 1039 quod
2414 983 2446 1022 a
2483 969 2592 1022 Deo
2617 968 2687 1021 sit
2713 967 2942 1022 auditus.
2990 963 3103 1021 Hoc
3125 965 3264 1020 enim
3308 961 3535 1016 maxime
3563 967 3620 1013 u’t

2049 1060 2327 1115 audiamur
2355 1057 2540 1124 efﬁcit,
2559 1057 2770 1127 quando
2795 1069 2981 1126 preces
3006 1055 3054 1110 ei
3080 1063 3245 1126 gratae
3271 1051 3488 1108 fuerint.

2128 1146 2194 1206 Ut
2225 1167 2258 1204 a
2295 1149 2401 1204 Deo
2441 1149 2770 1204 exaudiamur
2798 1149 2856 1202 in
2892 1147 3032 1202 nobis
3067 1155 3160 1202 est.
3186 1173 3258 1190 --
3281 1144 3434 1202 Unde
3461 1143 3621 1198 etiam

2054 1252 2136 1298 est
2159 1243 2210 1296 in
2237 1249 2414 1296 nosm
2443 1247 2703 1309 potestate
2726 1248 2783 1294 ut
2805 1237 3099 1293 audiamur.
3125 1237 3346 1304 Quando
3370 1234 3512 1290 enim
3537 1247 3624 1302 pe-

2056 1335 2216 1390 timus
2245 1346 2362 1402 qum
2395 1347 2425 1387 a
2455 1333 2562 1388 Deo
2588 1331 2701 1386 dari
2731 1345 2826 1401 par
2848 1338 2961 1396 est,
2989 1328 3197 1400 quando
3222 1327 3381 1382 alacri
3411 1327 3587 1380 animo
3607 1366 3622 1386 .

2055 1424 2265 1496 quando
2306 1438 2404 1478 nos
2447 1421 2740 1491 praebemus
2777 1419 2964 1491 dignos
2989 1416 3077 1489 qui
3105 1417 3454 1488 accipiamus,
3481 1415 3627 1470 audﬂ

2057 1524 2306 1577 vocatus,
2337 1521 2390 1568 et
2425 1512 2611 1581 implet
2645 1509 2785 1580 quod
2823 1511 3034 1580 petitur.
3063 1508 3119 1562 2.
3149 1509 3380 1562 Adorabo
3403 1507 3471 1560 ad
3503 1514 3626 1560 tem-

2059 1608 2200 1680 plum
2225 1613 2448 1661 sanctum
2475 1615 2634 1658 tuum.
2656 1601 2770 1658 Non
2798 1613 2878 1658 εει
2902 1602 3004 1657 hoc
3027 1617 3231 1672 quoque
3256 1614 3414 1671 parva
3440 1600 3626 1663 virtus,

2059 1712 2218 1769 posse
2243 1696 2496 1764 templum
2536 1693 2822 1748 ascendere
2839 1733 2856 1760 ,
2880 1701 2933 1746 et
2960 1691 3330 1747 ascendentem
3355 1705 3474 1746 cum
3499 1702 3630 1760 pura

2061 1787 2284 1842 adorare
2309 1785 2651 1840 conscientia.
2673 1783 2787 1838 Non
2811 1784 2950 1837 enim
2975 1782 3189 1838 ﬂectere
3211 1795 3403 1853 genua,
3427 1795 3528 1836 nec
3553 1781 3634 1834 in-

2062 1877 2207 1950 gredi
2233 1919 2246 1942 ,
2274 1886 2357 1932 est
2387 1875 2438 1930 id
2466 1873 2605 1945 quod
2630 1873 2879 1945 quaeritur
2897 1913 2914 1940 ,
2942 1873 3035 1927 sed
3069 1885 3190 1928 cum
3229 1872 3339 1927 acri
3377 1880 3553 1927 mente
3582 1879 3637 1926 et

2064 1969 2268 2024 intento
2294 1967 2474 2022 animo
2494 2008 2508 2032 ,
2537 1979 2641 2020 non
2666 1977 2888 2034 corpore
2914 1963 3085 2018 solum
3107 2005 3122 2029 ,
3153 1961 3248 2017 sed
3276 1970 3453 2017 mente
3475 1961 3633 2017 etiam

2067 2059 2210 2113 intus
2244 2071 2364 2113 esse
2391 2073 2406 2112 :
2432 2054 2875 2126 quemadmodum
2913 2067 3012 2108 nec
3053 2067 3214 2123 parva
3253 2060 3335 2107 est
3370 2051 3596 2123 dignitas
3618 2091 3635 2116 ,

2065 2149 2431 2204 universorum
2458 2145 2623 2202 Deum
2645 2154 2700 2200 ut
2720 2144 2875 2200 decet
2895 2144 3142 2200 adorare.
3168 2143 3224 2198 Si
3250 2143 3389 2198 enim
3419 2143 3473 2198 in
3502 2145 3639 2211 regi-

2067 2240 2166 2296 bus
2197 2239 2297 2294 lioc
2323 2252 2421 2308 pro
2449 2235 2649 2292 honore
2673 2235 2902 2300 ducitur,
2931 2235 3100 2289 multo
3125 2234 3289 2304 magis
3311 2233 3363 2288 in
3393 2233 3501 2288 Deo
3525 2232 3641 2286 uui—

2070 2343 2364 2387 versorum.
2394 2327 2460 2382 Et
2486 2329 2757 2397 conﬁtebor
2782 2326 2973 2380 nomini
3001 2334 3086 2379 tuo
3117 2341 3266 2395 super
3299 2323 3640 2378 misericordia

2071 2433 2159 2476 tua
2196 2430 2244 2490 et
2280 2421 2481 2474 veritate
2515 2426 2622 2474 tua.
2647 2417 2787 2486 Quid
2815 2416 2916 2472 hoc
2952 2416 3069 2472 est?
3096 2415 3260 2486 Agam
3281 2457 3296 2480 ,
3322 2415 3522 2484 inquit,
3550 2411 3643 2468 tibi

2071 2512 2266 2583 gratias
2288 2552 2304 2578 ,
2341 2509 2481 2580 quod
2525 2523 2768 2578 magnam
2814 2516 2955 2563 tuam
3005 2506 3108 2562 mei
3144 2521 3324 2560 curam
3361 2505 3641 2560 senserim.

2074 2603 2188 2659 Non
2218 2602 2357 2657 enim
2383 2615 2449 2657 ex
2477 2600 2705 2670 propriis
2729 2608 2877 2655 recte
2915 2597 3064 2652 factis
3100 2605 3454 2666 consequutus
3491 2609 3642 2658 sum,

2077 2703 2135 2748 ut
2160 2693 2378 2763 patriam
2410 2691 2724 2760 reciperem,
2754 2697 2810 2744 et
2835 2689 3086 2758 templum
3111 2688 3421 2757 aspicerem,
3453 2683 3544 2738 sed
3576 2699 3642 2736 ex

2077 2782 2437 2839 misericordia
2465 2789 2519 2836 et
2545 2779 2823 2836 clementia
2855 2787 2962 2833 tua.
2996 2778 3218 2848 Propter
3245 2775 3359 2831 hazc
3386 2787 3436 2830 te
3463 2773 3650 2828 adora-

2079 2875 2147 2929 bo
2170 2915 2186 2941 ,
2214 2882 2431 2943 propter
2459 2871 2574 2927 hare
2598 2870 2692 2926 tibi
2717 2869 3036 2934 conﬁtebor,
3066 2867 3207 2939 quod
3244 2882 3362 2922 cum
3406 2880 3558 2935 paena
3596 2873 3652 2918 et

2080 2966 2339 3037 supplicio
2362 2964 2550 3036 dignus
2575 2978 2769 3028 essem,
2791 2970 2847 3017 et
2871 2970 2928 3017 ut
2953 2961 3004 3015 in
3031 2961 3203 3016 aliena
3229 2959 3442 3028 regione
3466 2970 3653 3027 perpe-

2081 3068 2174 3114 tuo
2192 3058 2470 3129 degerem,
2499 3071 2586 3112 me
2604 3056 2718 3112 cito
2742 3055 3019 3110 τεάυχὶειὶ.
3046 3053 3292 3120 Quoniam
3320 3050 3657 3123 magniﬁcasti

2081 3167 2234 3221 super
2260 3166 2404 3204 omne
2424 3164 2604 3203 nomen
2627 3157 2853 3202 sanctum
2874 3155 3033 3201 tuum.
3060 3145 3208 3213 Quod
3230 3144 3376 3210 dicit,
3402 3152 3484 3197 est
3509 3141 3655 3210 ejus-

2084 3243 2226 3300 modi
2259 3261 2272 3297 :
2305 3242 2420 3297 Non
2457 3255 2607 3311 agam
2651 3240 2792 3296 enim
2834 3238 3167 3295 solummodo
3204 3236 3400 3307 gratias
3440 3241 3662 3303 pr0pter

2085 3332 2342 3389 beneﬁcia
2365 3372 2382 3397 ,
2410 3329 2505 3386 sed
2531 3331 2689 3386 etiam
2720 3337 2935 3399 propter
2967 3330 3138 3398 ipsam
3168 3326 3388 3397 gioriam
3415 3322 3655 3379 ineﬁ'abi-

2087 3425 2214 3491 lem,
2243 3431 2298 3480 et
2322 3422 2578 3478 inﬁnitam
2605 3419 3068 3490 magniﬁcentiam,
3097 3427 3152 3474 et
3176 3425 3412 3472 naturam
3443 3415 3659 3469 inenar-

2088 3517 2330 3572 raln'lem.
2361 3514 2698 3586 Magniﬁcasti
2731 3514 2890 3577 enim,
2921 3512 3106 3582 inquit,
3138 3526 3287 3580 super
3316 3524 3459 3563 omne
3483 3523 3661 3561 nomen

2091 3615 2318 3661 sanctum
2344 3615 2484 3660 tuum
2513 3622 2532 3660 :
2559 3603 2662 3660 hoc
2695 3615 2797 3670 est,
2829 3619 2924 3674 per
2951 3601 3228 3667 beneﬁcia,
3260 3616 3354 3671 per
3377 3600 3660 3662 elementa,

2091 3711 2188 3770 per
2212 3713 2274 3753 ea
2299 3712 2417 3768 qnte
2443 3704 2566 3750 sunt
2603 3695 2655 3749 in
2694 3694 2839 3750 czelis
2856 3735 2871 3758 ,
2901 3708 2999 3763 per
3023 3707 3084 3748 ea
3113 3707 3230 3763 quae
3256 3699 3380 3748 sunt
3408 3690 3460 3744 in
3487 3698 3624 3744 terra
3645 3730 3662 3752 ,

2094 3806 2191 3861 per
2218 3805 2403 3861 pmnas
2421 3831 2434 3856 ,
2462 3803 2563 3859 per
2589 3803 2652 3843 ea
2679 3802 2796 3857 quae
2827 3786 2957 3841 ﬁunt
2990 3784 3044 3838 in
3080 3784 3263 3839 hostes
3281 3825 3296 3850 ,
3336 3798 3431 3852 per
3457 3795 3517 3837 ea
3545 3795 3665 3851 qua:

2097 3881 2229 3935 ﬁunt
2267 3880 2319 3934 in
2360 3878 2662 3934 familiares.
2694 3875 2846 3932 Nulla
2886 3882 2970 3930 est
3004 3873 3143 3930 enim
3185 3888 3306 3944 pars
3332 3880 3586 3927 creaturae
3613 3878 3668 3924 et

2096 3987 2338 4043 superna:
2368 3980 2423 4028 et
2459 3971 2676 4026 infernae
2696 4011 2710 4035 ,
2742 3983 2859 4039 quae
2887 3982 2995 4023 non
3032 3967 3237 4022 emittat
3275 3979 3455 4020 vocem
3483 3962 3667 4034 quavis

2101 4065 2223 4120 tuba
2248 4063 2548 4125 clariorem,
2575 4059 2948 4131 praedicantem
2972 4058 3204 4114 nominis
3228 4057 3305 4112 tui
3329 4055 3670 4126 magniﬁcen-

2101 4157 2247 4210 tiam.
2282 4155 2406 4210 Sive
2450 4166 2578 4222 ergo
2622 4149 2838 4220 angelos
2875 4148 3106 4215 dixeris,
3137 4149 3253 4203 sive
3289 4145 3629 4214 archangelos
3654 4185 3668 4208 ,

2102 4248 2214 4302 sive
2243 4245 2513 4300 daemones
2533 4285 2548 4310 ,
2579 4242 2690 4298 sive
2716 4240 2977 4296 elementa
3007 4237 3331 4297 insensibilia
3353 4279 3366 4301 ,
3396 4236 3508 4292 sive
3542 4236 3671 4304 lapi-

2103 4335 2218 4402 des,
2241 4335 2353 4390 sive
2371 4334 2595 4400 semina,
2617 4332 2728 4386 sive
2753 4330 2942 4396 solem,
2969 4328 3080 4384 sive
3100 4329 3298 4392 lunam,
3320 4327 3431 4382 sive
3453 4335 3672 4390 terram,

2105 4428 2215 4482 sive
2241 4427 2426 4491 maria,
2454 4425 2566 4478 sive
2590 4422 2780 4492 pisces,
2809 4421 2920 4475 sive
2949 4419 3209 4484 volucres,
3240 4418 3351 4472 sive
3376 4416 3542 4482 lacus,
3565 4414 3678 4468 sive

2108 4517 2301 4583 fontes,
2330 4517 2445 4570 sive
2473 4513 2658 4568 ﬂuvios
2681 4531 2696 4568 :
2720 4527 2814 4582 per
2839 4510 3017 4589 omnia
3043 4524 3232 4564 nomen
3260 4516 3407 4563 tuum
3429 4521 3676 4577 magnum

2108 4610 2422 4667 ostenditur.
2458 4607 2605 4662 Alius
2645 4613 2820 4660 autem
2862 4617 2960 4674 pro
2988 4602 3116 4668 illo,
3157 4600 3496 4672 Magniﬁcasti
3531 4610 3681 4668 super

2110 4719 2255 4758 omne
2281 4717 2457 4754 nomen
2487 4707 2714 4752 sanctunt
2743 4705 2900 4760 tuum,
2931 4695 3004 4749 ait
3031 4712 3045 4748 :
3075 4693 3414 4763 Magniﬁcasti
3440 4691 3570 4745 enim
3598 4705 3684 4741 su-

2113 4813 2202 4866 per
2238 4794 2405 4848 omnia
2445 4792 2646 4846 nomina
2673 4800 2758 4842 tua
2785 4787 2989 4842 uerbum
3016 4797 3179 4839 tuum.
3207 4783 3384 4848 Alius,
3415 4781 3685 4850 Eloquium

2115 4895 2275 4940 tuum.
2300 4885 2352 4939 5.
2383 4882 2447 4936 In
2473 4895 2781 4950 quacumque
2807 4878 2888 4932 die
2919 4879 3209 4931 inoocaoero
3234 4884 3309 4939 te,
3338 4872 3567 4929 velociter
3595 4887 3686 4924 ea:-

2115 4976 2238 5030 audi
2265 4991 2361 5028 me.
2390 4974 2539 5028 Alius
2565 4973 2642 5042 (a)
2662 5012 2677 5036 ,
2711 4970 2776 5024 In
2805 4984 3114 5038 quacumque
3139 4966 3220 5020 die
3245 4964 3468 5019 inuocaui
3490 4971 3570 5024 te,
3601 4977 3689 5014 ea:-

2116 5066 2300 5121 audisti
2327 5081 2422 5117 me.
2455 5064 2566 5118 lloe
2589 5063 2746 5117 etiam
2780 5060 2917 5114 Deus
2941 5056 3202 5129 pollicitus
3226 5064 3309 5110 est
3327 5096 3342 5121 ,
3371 5054 3551 5109 dicens
3581 5067 3594 5103 :
3622 5049 3691 5103 lu

2117 5169 2426 5228 quacumque
2447 5154 2530 5206 die
2555 5151 2857 5206 invocaveris
2885 5165 2962 5202 me
2980 5190 2994 5216 ,
3025 5147 3291 5202 exaudiam
3317 5155 3363 5199 te
3381 5184 3394 5208 ,
3424 5153 3470 5198 et
3495 5142 3691 5205 dicam,

2120 5247 2252 5300 Ecce
2280 5246 2508 5314 loquente
2535 5253 2582 5296 te
2606 5243 2784 5296 adsum
2815 5239 2979 5312 (Isai.
3008 5240 3096 5293 58.
3126 5237 3216 5306 6).
3245 5237 3364 5304 Ipse
3387 5233 3566 5303 itaque
3593 5231 3694 5284 huc

2120 5335 2274 5406 petit.
2304 5334 2462 5390 Tales
2484 5333 2625 5388 enim
2645 5340 2778 5386 sunt
2805 5331 2996 5385 animae
3013 5371 3029 5396 ,
3059 5343 3176 5398 qua:
3200 5326 3384 5381 dolore
3409 5324 3586 5393 aliquo
3610 5321 3688 5376 ar-

2124 5429 2410 5484 ﬁciuntur:
2437 5425 2620 5479 volunt
2646 5423 2826 5477 videre
2865 5435 2922 5476 se
2959 5435 3117 5490 quam
3159 5417 3386 5488 primum
3425 5411 3634 5469 liberari
3661 5425 3691 5462 a

2124 5518 2297 5574 malis.
2323 5516 2374 5570 Μ
2383 5513 2683 5582 ultiplicabis
2704 5529 2781 5565 me
2801 5511 2852 5565 in
2873 5511 3040 5563 anima
3067 5524 3176 5563 mea
3200 5507 3376 5560 uirtute
3395 5514 3502 5559 tua.
3528 5501 3692 5563 Alius,

2128 5606 2441 5663 Constituisti
2460 5607 2512 5658 in
2537 5605 2706 5657 anima
2727 5618 2835 5656 mea
2856 5603 3077 5656 virtutes.
3108 5599 3238 5655 Nam
3257 5597 3397 5670 quod
3422 5603 3504 5652 est
3529 5593 3692 5665 prius,

2193 5719 2266 5782 (a)
2301 5718 2384 5767 Hic
2405 5721 2649 5776 interpres
2671 5715 2778 5776 quis
2800 5713 2862 5764 sit
2885 5712 3112 5777 nescitur.

3522 5817 3550 5832 αν
