4088 6274
445 401 552 457 ιω

375 478 393 582 ί
447 512 654 569 Exaudi
690 529 800 579 me,
830 513 965 568 alius
1000 513 1170 580 dixit,
1199 512 1466 568 Exaudisti
1501 531 1596 568 me.
1626 515 1760 582 Quid
1787 523 2018 583 estergo

444 604 587 674 quod
612 603 809 659 dictum
838 603 953 659 est?
977 603 1106 669 Quae
1138 613 1262 658 sunt
1298 604 1402 658 alta
1428 612 1482 659 et
1507 605 1746 659 sublimia
1773 604 2018 658 dicuntur

445 694 631 770 Graece
659 702 911 758 meteora,
937 709 969 749 a
997 693 1159 749 verbo
1183 701 1417 766 ατρισθαι,
1441 703 1494 748 ει
1515 694 1832 749 elevationes
1856 695 2019 748 maris

446 785 692 840 dicuntur
711 782 900 838 ﬂuctus
923 791 977 838 et
994 783 1360 850 exaltationes,
1382 785 1449 837 ab
1467 798 1531 837 eo
1553 783 1692 853 quod
1717 793 1799 837 est
1822 783 2018 837 elevari

443 885 500 930 et
525 876 770 932 exaltari.
791 875 927 931 Illud
952 889 1077 944 ergo
1098 886 1404 947 πολυωρήσεις
1429 875 1564 930 idem
1590 884 1671 930 est
1693 890 1755 929 ac
1779 876 1823 930 si
1848 875 2013 942 dicas,

445 969 711 1026 Exaltabis
737 967 1105 1031 me,~~Extolles
1129 984 1230 1022 me.
1261 968 1371 1022 Hoc
1397 968 1566 1036 ipsum
1597 977 1769 1022 autem
1795 967 2012 1021 verbum

443 1061 620 1130 posuit
648 1060 789 1120 alibi.
809 1061 1024 1115 dicens:
1050 1059 1337 1114 Secundum
1363 1058 1675 1112 altitudinem
1701 1069 1837 1112 tuam
1863 1069 2010 1113 extu-

438 1151 544 1206 listi
573 1149 704 1218 ﬁlios
746 1151 999 1203 hominum
1028 1150 1047 1216 (
1072 1148 1211 1203 Psal.
1246 1149 1330 1203 il.
1359 1148 1446 1219 9),
1477 1149 1561 1203 ubi
1589 1157 1668 1203 est
1693 1148 1875 1204 Graece
1899 1154 2015 1202 ina-

442 1251 679 1311 λυώρησας
702 1259 716 1293 :
739 1240 841 1294 hoc
869 1247 983 1304 est,
1017 1238 1244 1294 Elevasti
1263 1281 1277 1302 ,
1309 1237 1572 1294 Extulisti.
1603 1238 1675 1293 lta
1703 1241 1859 1293 etiam
1883 1238 2018 1293 dixit

441 1329 570 1386 illud
591 1337 904 1400 πολυωρήσεις
925 1351 1002 1396 με,
1031 1337 1088 1382 ut
1111 1327 1449 1398 signiﬁcaret,
1476 1327 1720 1397 lmplebis
1743 1344 1826 1382 me
1851 1329 2016 1382 multo

439 1419 667 1490 gaudio,
706 1419 1088 1487 sublimemque
1125 1425 1179 1472 et
1219 1426 1450 1472 erectum
1498 1418 1628 1471 mihi
1670 1416 1858 1472 reddes
1896 1415 2014 1471 ani-

443 1527 609 1576 mum,
639 1518 691 1564 et
713 1510 852 1580 quod
877 1517 958 1564 est
985 1507 1219 1564 omnium
1246 1509 1552 1570 maximum,
1582 1521 1687 1562 non
1714 1509 1854 1563 sines
1879 1507 2014 1562 hanc

442 1615 614 1656 meam
656 1601 1027 1656 exaltationem
1071 1609 1124 1654 et
1170 1599 1400 1653 laetitiam
1449 1613 1568 1654 esse
1618 1599 1915 1669 languidam
1961 1606 2016 1653 et

442 1691 780 1756 imbecillam,
810 1689 902 1744 sed
929 1698 1216 1758 potentem,
1245 1689 1487 1753 validam,
1515 1690 1718 1744 tlrmam
1745 1697 1798 1743 et
1825 1691 2013 1743 immeo

443 1780 624 1834 bilem.
657 1780 765 1834 lloc
793 1779 932 1834 enim
958 1780 1059 1834 sibi
1087 1779 1196 1834 vult
1229 1777 1373 1844 illud,
1406 1779 1630 1834 Eztolles
1657 1795 1734 1832 me
1759 1779 1810 1832 in
1836 1778 2006 1832 anima

443 1887 554 1924 utea
581 1870 798 1940 potentia
827 1878 934 1923 tua.

512 1961 566 2015 2.
599 1961 803 2032 Amicus
831 1960 964 2015 Deus
984 1961 1143 2015 adest.
1165 1990 1234 2002 -—
1258 1959 1367 2015 Hoc
1392 1971 1471 2016 est
1496 1969 1669 2016 autem
1697 1961 1837 2031 quod
1862 1961 2007 2030 dicit,

441 2050 678 2105 Extolles
706 2065 793 2105 me
836 2049 1066 2118 potentia
1090 2092 1106 2116 ,
1137 2051 1336 2105 viribus
1367 2051 1538 2120 eriges
1557 2092 1572 2116 ,
1604 2059 1660 2106 et
1697 2050 1824 2104 mihi
1853 2066 2008 2120 opem

439 2140 598 2196 feres.
647 2141 905 2207 Quocirca
946 2140 1083 2196 alius
1127 2155 1338 2212 quoque
1383 2143 1642 2211 interpres
1693 2141 1795 2196 hoc
1839 2143 2008 2212 ipsum

439 2231 746 2298 ostendens,
776 2231 928 2298 dixit,
956 2231 1267 2285 Constituisti
1301 2233 1484 2285 animis
1509 2247 1631 2286 mete
1655 2232 1878 2286 uirtutes.
1909 2233 2012 2287 lie-

439 2332 523 2388 cte
551 2331 727 2377 autem
765 2321 931 2389 dixit,
968 2323 1162 2376 Anime
1187 2337 1342 2388 mete,
1374 2322 1514 2391 quod
1543 2331 1623 2376 est
1652 2322 1878 2377 maxime
1917 2323 2009 2376 Dei

443 2415 734 2483 pr0prium,
767 2428 1010 2469 recreare
1035 2414 1240 2468 animos
1267 2414 1318 2467 in
1343 2413 1732 2481 afﬂictionibus,
1760 2413 2012 2484 quemad—

439 2505 652 2559 modum
682 2505 842 2558 etiam
879 2504 1056 2559 evenit
1094 2505 1146 2558 in
1175 2503 1448 2572 apostolis.
1483 2504 1686 2573 Flagris
1715 2505 1853 2558 enim
1887 2505 2010 2559 caesi

440 2594 842 2649 revertebantur
860 2594 1169 2663 gaudentes,
1193 2596 1262 2648 ita
1284 2609 1465 2649 eorum
1490 2594 1786 2662 erigebatur
1805 2595 2010 2649 animus

439 2684 588 2752 (Act.
617 2685 671 2739 ii.
700 2685 826 2755 41).
863 2685 976 2739 Hoc
999 2693 1079 2740 est
1109 2685 1191 2740 vel
1221 2685 1462 2738 maximte
1495 2684 1742 2752 potentiae
1772 2683 1863 2738 Dei
1890 2699 2009 2736 mn-

441 2791 569 2841 nus;
599 2777 699 2830 hoc
725 2777 776 2831 in
803 2777 989 2846 primis
1007 2776 1236 2830 ostendit
1259 2777 1373 2844 ejus
1399 2776 1554 2838 vires,
1579 2774 1718 2844 quod
1744 2774 1796 2828 in
1822 2773 2009 2828 mediis

440 2871 592 2925 malis
624 2879 677 2924 et
715 2869 962 2939 periculis
997 2882 1101 2921 non
1137 2867 1259 2920 sinit
1285 2866 1437 2933 dejici
1465 2865 1718 2919 animum.
1753 2865 1806 2917 4.
1834 2863 2009 2931 Conﬁ-

443 2969 636 3015 teantur
659 2959 762 3025 tibi,
791 2959 1023 3021 Domine,
1053 2973 1221 3011 omnes
1247 2973 1384 3027 reges
1409 2968 1573 3022 terrae,
1599 2955 1718 3024 quia
1744 2954 2010 3007 audierunt

445 3053 614 3106 omnia
641 3052 780 3105 verba
807 3052 910 3104 oris
942 3052 1032 3103 tui.
1068 3050 1198 3104 Vide
1219 3065 1372 3118 quam
1400 3050 1466 3102 sit
1497 3048 1562 3116 pii
1590 3056 1643 3101 et
1665 3048 1800 3116 grati
1824 3046 2006 3101 animi.

445 3144 558 3198 Non
587 3143 712 3196 satis
737 3141 928 3208 habet,
958 3143 1001 3196 si
1027 3141 1169 3196 solus
1192 3149 1310 3210 agat
1333 3139 1525 3208 gratias
1543 3179 1558 3204 ,
1587 3138 1679 3193 sed
1707 3139 1864 3193 etiam
1891 3153 2008 3191 om-

442 3251 537 3290 nes
557 3235 643 3304 qui
667 3234 994 3288 dominatum
1019 3231 1276 3294 obtinent,
1302 3239 1452 3284 vocat
1473 3228 1539 3283 ad
1565 3229 1869 3282 societatem
1889 3242 2009 3297 gra-

440 3327 630 3379 tiarum
654 3323 896 3386 actionis,
925 3329 979 3376 et
1008 3321 1148 3390 ipsos
1173 3321 1328 3374 etiam
1350 3319 1435 3389 qui
1461 3325 1668 3388 gestant
1690 3317 2006 3372 diademata.

441 3416 551 3471 Etsi
576 3416 716 3471 enim
745 3428 934 3484 magna
962 3414 1059 3478 sit,
1092 3412 1292 3482 inquit,
1322 3427 1501 3468 eorum
1529 3412 1758 3480 potentia
1777 3451 1792 3477 ,
1824 3425 2009 3465 omnes

440 3506 532 3560 tibi
555 3516 732 3561 tamen
753 3504 948 3560 debent
974 3504 1167 3574 gratias
1193 3517 1348 3572 agere
1370 3516 1466 3572 pro
1493 3502 1555 3555 iis
1580 3503 1735 3556 etiam
1757 3517 1873 3571 qua:
1891 3501 2009 3556 aliis

439 3599 577 3653 facta
605 3605 746 3652 sunt.
778 3597 1032 3664 Quocirca
1062 3596 1164 3672 hoc
1191 3609 1400 3665 quoque
1424 3593 1721 3661 signiﬁcans
1739 3633 1754 3656 ,
1786 3592 2007 3661 subjun-

438 3688 550 3755 xit,
594 3687 873 3741 Audierant
909 3681 1256 3740 omnia‘uerba
1293 3686 1394 3737 oris
1429 3684 1518 3736 tui.
1560 3683 1616 3738 Si
1653 3698 1779 3752 ergo
1813 3683 2009 3753 gratias

438 3790 627 3851 agant,
665 3779 946 3848 plurimum
986 3777 1109 3832 ltinc
1139 3777 1360 3831 fructum
1399 3775 1638 3844 capient,
1673 3784 1726 3829 et
1762 3789 2006 3843 magnum

441 3873 644 3927 lucrum
676 3871 884 3925 iacient.
914 3869 1060 3924 Talia
1085 3869 1224 3922 enim
1255 3875 1340 3920 tua
1367 3866 1505 3920 dona
1533 3873 1657 3920 sunt
1683 3864 1925 3921 omnibus
1955 3865 2009 3918 in

439 3965 617 4020 medio
649 3965 912 4033 proposita
933 4002 950 4027 ,
980 3969 1037 4016 ut
1064 3961 1152 4030 qui
1185 3959 1398 4021 volunt,
1430 3956 1633 4026 possint
1669 3971 1788 4012 esse
1823 3969 2008 4010 eorum

440 4055 741 4126 participes,
769 4063 824 4110 et
847 4068 908 4108 ea
938 4051 1227 4122 percipere.
1257 4048 1463 4103 Nullam
1489 4061 1616 4116 ergo
1643 4054 1840 4100 tantam
1865 4045 2004 4099 utili-

441 4158 602 4203 tatem
633 4145 826 4216 poterit
858 4144 937 4198 eis
963 4156 1180 4213 regnum
1209 4138 1400 4194 aﬂ'crre
1417 4179 1433 4205 ,
1460 4145 1708 4208 quantam
1737 4146 1823 4189 tua
1847 4134 2007 4189 verba

437 4237 642 4293 audire.
681 4236 792 4290 Iloc
823 4243 904 4289 est
941 4233 1019 4287 eis
1055 4231 1339 4294 securitas,
1368 4227 1469 4282 hoc
1501 4227 1672 4292 vires,
1712 4225 1814 4280 hoc
1849 4239 2010 4280 orna-

437 4336 676 4384 mentum
697 4367 711 4389 ,
737 4326 838 4381 hoc
865 4325 1026 4380 decus
1050 4365 1063 4386 ,
1105 4323 1208 4377 hoc
1247 4336 1466 4391 regnum
1489 4319 1504 4350 ¹
1525 4357 1542 4382 ,
1572 4317 1672 4372 hoc
1697 4315 2008 4384 estimperii

437 4421 620 4475 laetitia
640 4427 694 4473 et
720 4417 969 4488 potentia.
994 4416 1047 4470 5.
1072 4414 1137 4468 Et
1157 4423 1352 4467 cantent
1372 4413 1423 4465 in
1446 4410 1534 4465 uiis
1551 4407 1758 4462 Domini
1771 4409 1814 4461 ¹.
1837 4406 2004 4473 Alius,

439 4512 510 4566 Et
534 4519 730 4566 cantent
757 4511 860 4564 uias
882 4508 1105 4562 Domini.
1132 4507 1186 4563 Si
1210 4520 1338 4576 ergo
1365 4504 1522 4568 dicat,
1554 4504 1619 4557 In
1643 4504 1735 4557 uiis
1761 4502 1877 4564 tuis,
1907 4500 2008 4556 hoc

439 4603 682 4671 estquod
707 4601 852 4664 dicit,
878 4600 934 4656 In
958 4599 1160 4669 legibus
1183 4599 1304 4660 tuis,
1328 4597 1380 4651 in
1400 4595 1560 4666 jussis
1587 4595 1708 4649 tuis.
1731 4592 1786 4650 Si
1807 4601 2006 4660 autem,

449 4695 569 4749 νίας
593 4703 723 4760 tuas,
755 4691 1032 4756 Prmelara,
1057 4689 1244 4758 inquit,
1273 4687 1388 4741 ha'c
1409 4697 1494 4740 tua
1521 4685 1654 4740 facta
1675 4685 1871 4750 dicant,
1897 4684 2010 4738 lau-

437 4785 605 4848 dent,
645 4783 918 4838 celebrent
959 4795 1023 4835 ac
1065 4777 1352 4848 praedicent
1381 4792 1396 4828 :
1428 4774 1530 4830 hoc
1568 4775 1708 4830 enim
1753 4774 1852 4829 sibi
1898 4773 2010 4826 vult

436 4873 588 4936 illud,
613 4873 842 4929 Cantent.
872 4870 1122 4936 Quoniam
1146 4881 1330 4937 magna
1355 4875 1424 4919 est
1449 4864 1612 4934 gloria
1639 4863 1843 4918 Domini
1865 4878 1884 4916 :
1910 4863 2012 4918 hoc

435 4975 554 5033 est,
585 4965 840 5021 Omnibus
875 4972 1055 5032 aperta
1078 4999 1096 5026 ,
1131 4959 1376 5014 omnibus
1416 4955 1728 5022 manifesta,
1765 4955 2015 5009 omnibus

441 5058 678 5124 evidens,
709 5065 885 5126 parata
915 5054 980 5108 ad
1005 5051 1253 5108 omnibus
1275 5048 1527 5105 beneﬁcia
1559 5047 1874 5116 praestanda,
1895 5060 2016 5101 om-

438 5162 538 5203 nes
566 5147 765 5203 habens
793 5145 892 5199 sibi
920 5143 1100 5214 gratite
1131 5143 1344 5198 nomine
1368 5140 1646 5195 obnoxios.
1677 5139 1729 5194 6.
1761 5138 2010 5205 Quoniam

437 5242 660 5296 excelsus
690 5240 933 5294 Dominus
956 5279 970 5301 ,
997 5247 1044 5292 et
1069 5236 1280 5290 humilia
1315 5233 1532 5303 respicit.
1575 5232 1766 5313 Altus,
1804 5231 1971 5302 inquit
1989 5271 2006 5299 ,

439 5342 650 5397 natura,
677 5331 812 5386 altus
839 5328 1150 5384 substantia.
1171 5325 1274 5382 Sed
1299 5325 1400 5380 hoc
1419 5322 1630 5395 quidem
1653 5337 1790 5377 nunc
1809 5321 2008 5378 dictum

439 5431 524 5480 est
541 5461 556 5485 ,
584 5430 642 5476 ut
665 5436 724 5475 se
755 5419 822 5474 ad
851 5419 1126 5475 Judaicum
1154 5417 1351 5472 cultum
1389 5413 1830 5470 accommodaret.
1859 5411 2008 5479 Quod

437 5524 619 5570 autem
645 5512 901 5582 sequitur,
928 5511 982 5567 id
1005 5510 1241 5581 corrigit,
1269 5517 1324 5565 et
1349 5506 1600 5563 humilem
1624 5505 1919 5562 auditorem
1942 5503 2008 5559 ad

501 5714 523 5748 ι
557 5718 639 5763 ηε
660 5723 823 5775 voces,
847 5710 934 5775 nec
950 5723 1162 5775 reunion.
1189 5710 1367 5760 desunt
1387 5709 1438 5757 in
1453 5706 1640 5775 Savilio.
1703 5772 1712 5775 _
1743 5765 1754 5775 _
1907 5764 1936 5775 __
1972 5763 1983 5774 ,

441 5774 694 5890 wit.
721 5778 791 5826 sic
814 5765 966 5824 'aﬁ'ert
1000 5765 1258 5824 lectionem
1282 5777 1421 5822 LXX:
1448 5775 1504 5821 Et
1526 5772 1714 5821 ctmtent
1734 5765 1786 5820 iu
1810 5765 2006 5820 canticis

1497 403 1843 458 EXPOSITIO
1881 401 1947 455 IN
1985 400 2306 456 PSALMUM
2343 401 2650 458 CXXXVII.

3595 414 3692 470 “0

2138 533 2378 586 magnam
2406 518 2797 587 intelligentiam
2823 519 2993 590 erigit.
3021 521 3156 589 Quid
3188 523 3288 578 hoc
3312 536 3482 581 autem
3510 541 3608 594 est,
3633 532 3700 586 Et

2127 606 2231 659 alta
2251 622 2282 659 a
2304 609 2450 675 longe
2473 610 2721 676 cognoscit
2737 610 2764 660 .9
2785 609 2880 662 Hie
2898 613 3037 665 enim
3058 611 3126 666 de
3153 616 3478 680 prtescientta
3505 623 3696 688 agitur,

2125 697 2266 765 quod
2291 706 2372 750 est
2399 699 2644 765 potentiae
2674 699 2766 752 Dei
2808 701 3035 756 maxime
3075 705 3342 773 proprium
3373 722 3386 755 :
3419 717 3468 760 et
3498 709 3616 762 ideo
3645 712 3695 763 in

2133 785 2400 854 prophetis
2437 801 2576 856 saepe
2620 787 2870 858 loquens,
2909 790 3030 845 hinc
3069 793 3120 846 in
3156 807 3248 847 eos
3287 795 3580 861 invehitur,
3609 803 3694 868 qui

2131 882 2376 930 tenentur
2403 891 2582 930 errore
2619 878 3043 934 simulacrorum.
3071 882 3240 948 Alius,
3266 881 3332 937 Et
3357 887 3490 954 quod
3515 887 3698 941 elatum

2123 967 2216 1026 est,
2247 980 2278 1017 α
2304 963 2450 1038 longe
2472 966 2722 1021 discernit.
2752 969 2916 1031 Alius,
2940 967 3007 1022 Et
3026 972 3253 1026 sublime.
3275 971 3532 1040 Quoniam
3554 979 3695 1033 euiut

2123 1053 2276 1121 dixit,
2302 1055 2546 1111 Excelsae
2569 1054 2838 1124 Dominus,
2865 1070 2910 1113 et
2934 1061 3142 1116 humilia
3162 1065 3379 1131 respicit,
3402 1066 3689 1134 subjunxit,

2123 1145 2190 1200 Et
2217 1149 2319 1202 alta
2342 1165 2374 1202 a
2398 1150 2545 1219 longe
2570 1152 2838 1220 cognoscit,
2870 1153 3170 1222 signiﬁcans
3196 1171 3315 1210 eum
3345 1158 3448 1211 alta
3476 1173 3577 1211 non
3609 1175 3695 1212 so-

2123 1234 2394 1292 lummodo
2419 1253 2759 1307 cognoscere,
2786 1243 2877 1294 sed
2902 1241 3058 1296 etiam
3084 1259 3145 1296 ex
3179 1259 3366 1314 magno
3396 1247 3691 1313 intervallo,

2123 1327 2223 1383 hoc
2249 1336 2352 1395 est,
2383 1330 2686 1400 priusquam
2712 1333 2976 1395 eveniant,
3005 1334 3305 1404 priusquam
3331 1336 3689 1406 perﬁciantur,

2120 1420 2423 1489 priusquam
2452 1422 2504 1475 in
2543 1435 2674 1490 opus
2701 1431 2909 1477 exeant.
2939 1424 2991 1478 7.
3026 1425 3087 1478 Si
3111 1426 3426 1480 ambulavero
3453 1429 3502 1480 in
3530 1431 3690 1482 medio

2121 1507 2472 1575 tribulationis,
2505 1511 2774 1580 uiuiﬁcabis
2810 1529 2905 1566 me.
2946 1513 3059 1567 Non
3090 1513 3239 1578 dixit,
3279 1516 3691 1572 Tribulationem

2119 1601 2378 1669 expelles,
2402 1601 2514 1665 sed,
2537 1601 2592 1656 lu
2615 1604 2742 1672 ipsis
2768 1604 2918 1658 malis
2944 1613 3239 1660 manentem
3265 1606 3550 1662 vivificabis
3573 1624 3687 1673 me;

2118 1691 2219 1746 hoc
2244 1700 2344 1758 est,
2372 1692 2574 1747 etiamsi
2603 1693 2653 1746 in
2686 1694 2914 1748 maxima
2949 1694 3177 1763 pericula
3210 1695 3466 1762 incidero,
3493 1699 3688 1766 poteris

2118 1795 2206 1835 me
2233 1795 2552 1836 conservare
2581 1799 2593 1835 :
2623 1782 2760 1851 quod
2788 1792 2869 1836 est
2897 1783 3234 1850 admirabile,
3276 1795 3330 1840 et
3365 1787 3534 1854 majus
3569 1803 3688 1842 om-

2117 1873 2261 1926 nium
2292 1872 2560 1942 opinione,
2589 1873 2729 1942 quod
2759 1888 2877 1927 cum
2907 1874 3133 1944 undique
3162 1877 3337 1929 hostes
3358 1886 3410 1930 et
3429 1876 3565 1930 mala
3587 1877 3691 1931 cir-

2114 1971 2395 2028 cumstent,
2420 1962 2470 2017 in
2500 1972 2610 2017 tuto
2633 1963 2940 2028 collocetur,
2967 1965 3052 2032 qui
3075 1965 3140 2020 ab
3163 1965 3238 2019 eis
3263 1965 3686 2022 circumsidetur.

2115 2052 2181 2106 Et
2221 2069 2372 2123 super
2410 2053 2540 2106 iram
2579 2054 2894 2107 inimicorum
2942 2070 3165 2108 meorum
3208 2056 3470 2110 extendisti
3511 2073 3690 2111 manus

2114 2152 2246 2198 tuas.
2275 2144 2442 2208 Alius,
2467 2144 2714 2198 Adversus
2739 2144 3115 2213 respirationem
3137 2146 3448 2200 inimicorum
3470 2164 3689 2202 meorum

2114 2235 2347 2290 extendes
2372 2234 2467 2306 (a).
2491 2234 2679 2288 Vidisti
2702 2235 2983 2288 maximam
3006 2249 3123 2290 esse
3149 2238 3434 2306 potentiam
3457 2238 3508 2291 in
3534 2240 3690 2294 utris-

2113 2339 2215 2397 que
2245 2325 2518 2394 partibus?
2542 2323 2672 2380 Nam
2700 2334 2753 2378 et
2777 2339 2881 2388 me,
2903 2325 3094 2395 inquit,
3118 2326 3207 2395 qui
3232 2327 3281 2380 in
3305 2327 3549 2382 maximis
3569 2343 3686 2382 ver-

2113 2434 2203 2472 sor
2227 2418 2399 2483 malis,
2430 2432 2744 2473 conservare
2772 2417 2990 2486 poteris,
3018 2426 3070 2471 et
3097 2417 3213 2471 illos
3239 2418 3415 2472 furore
3440 2416 3687 2485 rabieque

2113 2509 2363 2578 percitos,
2393 2518 2445 2560 et
2472 2507 2645 2576 ignem
2677 2507 2958 2576 spirantes,
2982 2505 3215 2576 dejicere
3240 2515 3292 2560 et
3317 2508 3684 2575 comprimere.

2112 2599 2180 2652 Et
2202 2599 2393 2654 salvum
2424 2615 2502 2652 me
2543 2599 2658 2667 fecit
2697 2598 2903 2653 dextera
2938 2608 3042 2652 tua.
3073 2599 3220 2652 Alius
3239 2640 3254 2666 ,
3286 2598 3352 2652 Et
3391 2599 3582 2652 salvum
3611 2616 3689 2652 me

2114 2692 2260 2762 faciet
2282 2691 2487 2744 dextera
2511 2699 2595 2741 tua
2620 2685 2718 2760 (b),
2742 2688 2844 2743 hoc
2865 2697 2964 2755 est,
2993 2688 3226 2757 potentia
3255 2695 3359 2754 tua,
3385 2689 3552 2741 virtus
3574 2697 3682 2741 tua.

2113 2783 2224 2837 Deo
2261 2783 2402 2838 enim
2442 2789 2566 2836 sunt
2603 2781 2863 2850 expeditae
2897 2780 2997 2833 vite
3025 2793 3210 2834 omnes
3243 2789 3298 2834 et
3335 2779 3566 2833 rationes
3587 2820 3600 2844 ,
3632 2789 3688 2834 et

2111 2882 2286 2944 potest
2310 2874 2392 2926 vel
2419 2887 2480 2926 ex
2512 2872 2669 2926 rebus
2707 2870 3002 2940 desperatis
3039 2869 3104 2924 ad
3142 2870 3362 2951 salutem
3401 2871 3684 2926 adducere.

2113 2965 2166 3019 8.
2197 2963 2444 3017 Dominus
2469 2963 2705 3016 retribuet
2728 2978 2819 3032 pro
2845 2978 2940 3014 me.
2973 2960 3141 3025 Alius,
3171 2959 3361 3029 Eﬁiciet
3391 2958 3480 3030 (c).
3517 2961 3682 3024 Alius,

2112 3055 2365 3123 Per/iciet,
2397 3055 2498 3108 hoc
2527 3062 2626 3119 est,
2658 3053 2952 3108 Ulciscetur
2986 3051 3245 3105 inimicos.
3279 3050 3392 3104 Non
3420 3049 3555 3104 dixit
3587 3065 3684 3103 au-

2114 3158 2240 3212 tem,
2266 3145 2577 3210 Ulciseetur,
2603 3144 2718 3209 sed,
2746 3142 3017 3202 Retribuat,
3049 3139 3336 3195 ostendens
3361 3140 3498 3210 quod
3526 3141 3686 3194 etiam

2113 3238 2158 3293 si
2183 3239 2279 3292 sim
2309 3236 2496 3290 rationi
2523 3233 2804 3289 reddenda:
2827 3233 3103 3296 obnoxius,
3131 3233 3243 3300 ipse
3268 3231 3502 3286 exsolvet
3527 3239 3579 3284 et
3601 3245 3687 3282 sa-

2119 3326 2376 3391 tist‘aciet;
2408 3333 2488 3380 est
2515 3328 2654 3378 enim
2685 3323 2960 3391 benignus.
2988 3321 3168 3375 Potest
3192 3328 3367 3374 autem
3399 3319 3498 3372 hoc
3525 3318 3684 3373 etiam

2120 3420 2221 3475 dici
2262 3419 2328 3473 de
2363 3417 2427 3471 iis
2460 3430 2577 3486 quae
2601 3431 2630 3468 a
2660 3413 2872 3468 Christo
2912 3427 3009 3481 pro
3043 3410 3194 3464 nobis
3228 3410 3361 3464 facta
3397 3418 3538 3464 sunt.
3569 3409 3685 3478 Ipse

2115 3509 2254 3564 enim
2283 3522 2378 3576 pro
2402 3506 2553 3560 nobis
2581 3503 2839 3558 retribuit.
2871 3500 3086 3554 Domine
3105 3540 3120 3564 ,
3152 3497 3490 3552 misericordia
3519 3507 3604 3550 tua
3629 3499 3684 3551 in

2110 3602 2369 3658 uetulum.
2416 3598 2582 3668 Opera
2620 3611 2859 3649 manuum
2902 3603 3099 3646 tuarum
3139 3607 3202 3644 ne
3238 3589 3503 3659 despicias.
3544 3589 3684 3642 Duas

2111 3695 2264 3750 aliert
2295 3692 2554 3752 rationes,
2589 3703 2684 3741 cur
2706 3687 2896 3741 debeat
2925 3681 3132 3751 assequi
3159 3681 3272 3749 ejus
3301 3678 3631 3735 clementiam
3666 3694 3680 3728 ε

2112 3798 2269 3838 unam
2307 3780 2520 3851 quidem
2546 3819 2560 3844 ,
2593 3775 2730 3847 quod
2761 3777 2870 3844 ipse
2898 3774 2965 3828 sit
2991 3772 3160 3825 bonus
3189 3780 3242 3824 et
3269 3770 3568 3822 misericors
3587 3808 3600 3832 ,
3630 3777 3686 3820 et

2111 3873 2322 3928 assidue
2346 3871 2646 3925 misericors
2665 3909 2680 3928 ,
2714 3874 2770 3919 ut
2799 3877 3084 3932 numquam
3114 3861 3552 3924 interrumpatur,
3585 3869 3684 3909 nec

2111 3965 2354 4025 desinat,
2395 3973 2494 4014 nec
2534 3956 2688 4011 cedat
2727 3954 2843 4022 ejus
2887 3949 3167 4007 clementia
3200 3965 3213 4002 :
3242 3947 3464 4002 alteram
3505 3953 3682 3998 autem

2115 4054 2254 4125 quod
2283 4053 2394 4121 ipse
2419 4051 2486 4103 sit
2515 4049 2733 4103 Creator
2757 4052 2812 4098 et
2839 4041 3045 4111 Opifex.

2186 4141 2532 4200 Misericordia
2557 4137 2654 4193 Dei
2680 4151 2781 4190 non
2817 4134 2968 4187 datur
3001 4128 3450 4185 indiscriminatim.
3479 4156 3551 4168 ——
3574 4125 3681 4181 Sed

2112 4231 2553 4308 quemadmodum
2578 4228 2646 4282 ab
2669 4227 2748 4281 eis
2772 4222 2970 4279 servasi
2998 4220 3287 4308 volumusL
3297 4219 3365 4270 ita
3383 4217 3679 4308 etiamqui-

2111 4303 2398 4382 sericordia
2431 4321 2646 4390 dignum
2683 4314 2808 4386 quid
2845 4310 3186 4366 ostendamus
3210 4306 3409 4379 (Exod.
3439 4307 3525 4361 55.
3554 4305 3620 4360 i9
3639 4303 3680 4370 ).

2113 4415 2387 4472 Miserebor
2413 4411 2578 4478 enim,
2608 4405 2797 4477 inquit,
2821 4404 2966 4473 cujus
2992 4398 3259 4454 miserebor
3283 4395 3453 4469 (Rom.
3483 4395 3536 4451 9.
3569 4397 3680 4465 15).

2110 4509 2224 4564 Non
2267 4506 2408 4561 enim
2449 4495 2907 4556 indiseriminatim
2948 4506 3070 4548 eum
3109 4488 3252 4545 subit
3289 4485 3678 4549 misericordia,

2112 4597 2206 4654 sed
2244 4597 2357 4665 ipse
2394 4593 2550 4648 etiam
2590 4589 2818 4657 aliquam
2852 4581 3242 4638 distinctionem
3279 4577 3514 4632 adhibet.
3545 4576 3597 4665 Si
3633 4575 3687 4630 id

2110 4688 2252 4744 enim
2267 4664 2476 4738 iaceret
2503 4673 2978 4736 indiscriminatim,
3009 4683 3167 4725 nemo
3195 4682 3442 4737 umquam
3469 4664 3685 4735 punire-

2113 4790 2212 4834 tur.
2244 4776 2499 4844 Quocirca
2529 4785 2632 4825 non
2663 4767 2834 4822 solum
2861 4763 3113 4818 iaciamus
3138 4774 3200 4813 ea
3225 4773 3342 4827 quae
3371 4763 3595 4826 oportet,
3627 4762 3684 4807 ut

2113 4866 2525 4927 misericordiam
2568 4871 2989 4928 consequamur,
3029 4851 3122 4907 sed
3161 4851 3319 4906 etiam
3349 4848 3471 4917 quia
3507 4862 3535 4900 a
3572 4846 3689 4900 Deo

2112 4962 2232 5017 facti
2260 4972 2462 5012 sumus.
2493 4954 2624 5008 Eum
2652 4950 2793 5005 enim
2818 4946 2906 5018 qui
2934 4960 2962 4998 a
2990 4945 3099 4999 Deo
3123 4949 3330 4997 creatus
3357 4946 3457 5002 est,
3481 4945 3536 4990 et
3563 4944 3680 4988 tan-

2113 5063 2234 5121 tum
2253 5051 2433 5104 habuit
2459 5045 2710 5115 Opiﬁcem
2737 5049 2791 5096 et
2819 5039 3015 5107 Regem
3035 5075 3050 5100 ,
3077 5039 3286 5102 oportet
3319 5044 3378 5084 se
3405 5028 3684 5121 ingerere

2113 5154 2170 5200 ut
2215 5116 2352 5198 illius
2389 5153 2519 5194 cura
2555 5144 2609 5191 et
2645 5129 2970 5204 providentia
3013 5139 3072 5180 se
3111 5138 3216 5177 non
3255 5133 3375 5176 esse
3412 5116 3684 5183 indignum

2113 5235 2372 5294 ostendat.
2399 5231 2455 5287 Si
2481 5230 2595 5284 haec
2621 5225 2894 5286 iaciamus,
2916 5221 3051 5282 bona
3079 5215 3252 5269 futura
3275 5221 3682 5276 consequemur,

2112 5344 2230 5401 qua:
2260 5326 2412 5382 nobis
2440 5321 2709 5386 contingat
2734 5315 2973 5401 assequi,
2994 5307 3161 5401 gratia
3183 5314 3238 5360 et
3264 5299 3545 5401 clementia
3576 5298 3684 5400 Do-

2113 5387 2242 5476 mini
2282 5413 2447 5471 nostri
2483 5411 2612 5466 Jesu
2633 5405 2876 5469 Christi,
2895 5400 2980 5456 cui
3005 5397 3171 5468 gloria
3196 5403 3251 5452 et
3285 5391 3566 5462 imperium
3585 5428 3602 5455 ,
3630 5387 3691 5444 in

2113 5511 2306 5570 secula
2333 5503 2667 5562 seculorum.
2697 5498 2890 5552 Amen.

2175 5689 2248 5747 (α)
2282 5694 2393 5735 Haec
2413 5674 2752 5747 interpretatio
2773 5667 3147 5747 catella-Plebi;

2179 5729 2250 5814 ὶῑύ
2284 5729 2508 5814 Ηῇἶίῶέη
2531 5729 2774 5814 ius???
2793 5740 2885 5814 fit.
2899 5729 3224 5814 EFEE'EF.E“‘°

2178 5792 2249 5880 δή
2281 5792 2769 5866 ἱὶἷὶἆιεινρῐειεεειιιί
2791 5799 2890 5848 sint
2906 5792 3167 5844 nescimus.
