4088 6274
436 336 533 392 IIII

836 445 900 500 IN
937 440 1263 500 PSALMUM
1301 437 1628 495 CXXXVIII.

792 579 844 632 1.
889 572 957 632 Ln
986 575 1168 642 ﬁnem,
1199 573 1418 625 victoria:
1451 571 1662 623 auctori.

679 691 924 757 Domine,
951 688 1171 759 probasti
1194 704 1289 754 me,
1311 695 1358 741 et
1380 686 1653 756 cognovisti
1681 701 1774 738 me.

512 807 562 859 1.
597 803 860 870 Quomodo
888 819 1003 868 vox,
1035 800 1293 871 probasti,
1314 799 1376 854 de
1412 797 1521 852 Deo
1560 797 1884 869 intelligenda
1920 797 2017 860 sit;

438 896 591 950 sessio
618 904 664 949 et
691 895 983 949 resurrectio
1013 892 1164 962 quid;
1197 890 1289 945 Dei
1317 891 1649 960 prtescientia.
1679 919 1747 929 --
1771 887 1907 954 Quid
1932 887 2016 941 di-

439 988 562 1042 cis?
591 988 738 1042 novit
767 988 926 1053 Deus,
960 994 1235 1057 postquam
1264 983 1503 1053 probavit
1533 999 1549 1038 :
1575 993 1857 1052 antequam
1888 996 2014 1050 pro-

441 1079 584 1132 bavit
609 1089 785 1133 autem
807 1120 821 1143 ,
862 1093 967 1133 non
997 1077 1185 1132 novit?
1215 1075 1384 1130 Absit.
1411 1073 1685 1145 Quomodo
1715 1073 1855 1126 enim
1881 1113 1900 1136 ι
1926 1071 2016 1142 qui

443 1171 618 1224 omnia
663 1170 808 1225 novit
846 1179 1125 1238 antequam
1172 1166 1400 1221 fierent?
1435 1165 1527 1220 sed
1569 1163 1695 1218 illud
1726 1205 1741 1230 ,
1785 1162 2016 1216 Probasti

446 1277 524 1314 me
554 1259 574 1332 (
600 1260 735 1314 Dan.
766 1261 850 1315 15.
883 1259 954 1314 1τὲ
979 1259 999 1331 )
1021 1301 1032 1322 ,
1076 1258 1334 1329 significat
1357 1299 1375 1323 ,
1401 1257 1483 1312 Me
1522 1257 1752 1326 perfecte
1798 1254 2013 1310 novisti.

445 1351 902 1418 Quemadmodum
941 1351 1080 1406 enim
1125 1349 1433 1419 Apostolus,
1480 1347 1690 1418 quando
1727 1346 1854 1400 dicit
1895 1361 2016 1400 eum

443 1443 604 1496 corda
632 1443 853 1497 scrutari
883 1441 901 1513 (
926 1443 1072 1496 Itoni.
1099 1444 1152 1496 8.
1180 1441 1246 1494 27
1267 1443 1284 1508 )
1307 1483 1320 1504 ,
1352 1456 1458 1495 non
1489 1440 1897 1508 ignorationem,
1921 1437 2017 1494 sed

443 1532 730 1602 perfectam
759 1534 1112 1604 cognitionem
1143 1531 1444 1602 significans
1466 1532 1567 1586 hoc
1585 1530 1744 1586 dicit:
1767 1531 1836 1585 ita
1858 1531 2015 1585 etiam

442 1622 529 1677 hic
552 1638 670 1676 cum
701 1624 863 1690 dicit,
899 1623 1138 1680 Probasti
1159 1639 1254 1688 me,
1281 1622 1732 1678 evidentissimam
1758 1620 2018 1691 significat

441 1715 794 1784 cognitionem
822 1757 835 1779 ,
876 1716 977 1770 hoc
1016 1725 1131 1781 est,
1159 1714 1236 1767 Tu
1277 1730 1362 1768 me
1399 1715 1629 1783 perfecte
1670 1714 1827 1767 nosti.
1855 1713 1908 1766 2.
1941 1712 2017 1766 Tu

440 1807 712 1876 cognovisti
742 1807 1008 1861 sessionem
1035 1822 1194 1859 meam
1223 1814 1265 1859 et
1288 1806 1692 1859 resurrectionem
1717 1821 1896 1856 meam.
1918 1804 2019 1858 Per

440 1900 732 1952 sessionem
760 1907 814 1953 et
833 1897 1273 1953 resurrectionem
1302 1911 1514 1952 omnem
1536 1895 1694 1949 vitam
1723 1895 2014 1965 significat:

442 1987 495 2041 in
524 1986 606 2040 his
635 1986 778 2041 enim
807 1995 914 2042 tota
941 1987 1045 2039 vita
1083 1995 1261 2040 nostra
1298 1985 1572 2051 consistit;
1604 1985 1860 2049 actiones,
1893 2001 2019 2054 ope-

441 2079 698 2145 rationes,
729 2079 994 2148 ingressus
1014 2086 1068 2132 et
1095 2077 1287 2134 exitus.
1316 2077 1515 2131 Deinde
1539 2077 1787 2146 quoniam
1809 2076 1939 2131 dixit
1963 2078 2016 2132 in

440 2170 722 2240 principio,
749 2168 986 2224 Probasti
1011 2185 1088 2222 me
1115 2185 1134 2223 :
1159 2184 1226 2224 ne
1254 2168 1372 2238 quis
1403 2168 1557 2238 paulo
1584 2169 2018 2223 inconsideratior

439 2270 652 2330 putaret
675 2276 796 2314 eum
820 2275 977 2315 nosse
1006 2275 1070 2315 ex
1097 2259 1426 2329 probatione,
1457 2259 1540 2314 vel
1569 2275 1633 2314 ex
1655 2274 1830 2323 rerum
1855 2276 2016 2330 expe—

439 2352 652 2417 rientia,
685 2362 961 2422 prOptcrea
988 2351 1127 2420 quod
1154 2351 1313 2415 dixit,
1344 2349 1422 2404 Tu
1451 2352 1722 2422 cognovisti
1749 2353 2017 2406 sessionem

439 2460 620 2507 meam,
645 2455 690 2497 et
719 2446 1125 2497 resurrectionem
1145 2460 1325 2507 meam,
1348 2442 1467 2497 vide
1487 2442 1750 2512 quomodo
1773 2442 1824 2497 id
1849 2444 2017 2498 corri-

441 2536 514 2606 git
552 2551 644 2605 per
675 2535 724 2589 id
755 2535 894 2606 quod
932 2535 1197 2604 snbjungit
1219 2577 1232 2599 ,
1269 2534 1452 2588 dicens
1479 2576 1494 2599 ,
1537 2534 1590 2588 5.
1623 2533 1697 2587 Tu
1725 2535 2016 2588 intellexisti

440 2627 761 2695 cogitationes
782 2642 916 2680 meas
942 2642 972 2678 a
1002 2627 1164 2695 longe.
1197 2625 1299 2680 Per
1327 2625 1426 2679 hoc
1447 2625 1587 2679 enim
1615 2624 2013 2694 signiﬁcatcum

442 2733 548 2772 non
594 2732 749 2773 nosse
783 2733 878 2788 per
917 2719 1278 2788 probationem
1305 2758 1321 2782 ,
1359 2733 1530 2787 neque
1559 2731 1693 2786 opus
1732 2716 1929 2772 habere
1960 2727 2016 2772 ut

442 2811 649 2878 probet,
674 2811 766 2866 sed
795 2825 888 2865 sua
916 2809 1227 2880 prmsciendi
1257 2810 1504 2865 facultate
1528 2811 1667 2865 scire
1692 2810 1891 2864 omnia.
1915 2811 2014 2876 Qui

441 2901 581 2955 enim
611 2901 755 2955 novit
792 2901 1138 2970 cogitationes
1176 2916 1294 2970 quae
1337 2901 1386 2954 in
1423 2913 1600 2956 mente
1632 2909 1755 2955 sunt
1787 2901 1972 2970 positte
1995 2941 2013 2968 ,

441 3007 545 3047 non
569 3007 704 3061 opus
725 2991 885 3046 habet
905 3000 962 3045 ut
991 2991 1176 3066 probet
1201 3006 1294 3059 per
1314 3005 1496 3059 opera.
1525 2992 1853 3061 Quamquam
1881 2991 2018 3046 alio-

441 3084 528 3153 qui
557 3099 660 3138 non
684 3083 856 3138 solum
879 3098 972 3138 eas
997 3082 1142 3138 novit
1165 3081 1289 3136 dum
1319 3083 1374 3135 in
1404 3091 1580 3136 mente
1601 3093 1898 3150 versantur,
1920 3085 2016 3139 sed

440 3175 598 3229 etiam
631 3176 934 3243 priusquam
961 3174 1161 3230 versari
1188 3173 1481 3243 incipiant:
1520 3189 1619 3228 nec
1657 3175 1828 3230 solum
1862 3186 2016 3232 ante-

441 3280 599 3336 quam
640 3267 838 3321 versari
886 3266 1176 3336 incipiant,
1220 3266 1312 3321 sed
1347 3267 1508 3321 etiam
1547 3266 1706 3337 longo
1732 3278 1854 3322 ante
1884 3277 2017 3322 tem-

442 3372 588 3426 pore.
623 3356 691 3410 Et
717 3357 836 3412 ideo
862 3357 976 3411 hsce
997 3357 1179 3411 volens
1207 3355 1504 3427 significare
1527 3397 1540 3422 ,
1569 3356 1840 3426 subjnnxit
1863 3358 2013 3427 illud,

442 3445 744 3500 Intellexisti
784 3447 1108 3515 cogitationes
1149 3463 1285 3502 nicas
1325 3447 1388 3501 de
1422 3447 1588 3518 longe.
1633 3449 1688 3504 Si
1718 3465 1844 3519 ergo
1872 3453 2018 3507 novit

442 3537 603 3590 etiam
645 3537 988 3607 cogitationes
1015 3537 1153 3592 Deus
1176 3577 1192 3602 ,
1221 3552 1316 3592 cur
1353 3537 1552 3594 inducit
1577 3554 1695 3594 eam
1719 3581 1732 3603 ,
1767 3557 1886 3611 qua:
1925 3557 2020 3612 per

443 3641 606 3695 opera
637 3625 723 3690 lit,
756 3625 1118 3694 probationem
1140 3628 1162 3682 ?
1183 3627 1299 3682 Non
1330 3635 1390 3682 ut.
1415 3629 1528 3698 ipse
1557 3629 1658 3684 hoc
1686 3631 1892 3701 discat,
1921 3634 2016 3690 sed

442 3729 502 3774 nt
523 3734 616 3776 eos
642 3720 730 3790 qui
759 3720 844 3774 illa
869 3719 1135 3774 sustinent
1158 3719 1408 3790 probatos
1443 3719 1658 3776 efficiat.
1687 3724 2018 3794 Cognoverat

443 3813 586 3868 enim
616 3813 716 3868 Job
743 3820 866 3868 ante
891 3812 1290 3882 experientiam,
1317 3820 1372 3868 et
1398 3811 1519 3869 ideo
1547 3813 1599 3868 id
1629 3815 1915 3871 testabatur
1939 3817 2021 3872 di-

444 3917 572 3957 cens
599 3919 614 3956 :
650 3901 818 3957 Homo
843 3903 1035 3972 justus,
1062 3917 1237 3970 verax,
1271 3904 1384 3972 pius
1412 3903 1567 3975 (Job.
1597 3904 1651 3958 2.
1681 3905 1715 3960 '5
1739 3905 1777 3975 ).
1802 3905 1906 3962 Sed
1937 3908 2020 3962 in-

444 3991 595 4048 duxit
615 3992 1017 4064 experientiam,
1040 4002 1099 4048 ut
1123 4002 1178 4049 et
1200 3993 1350 4049 illum
1378 3993 1626 4051 redderet
1648 3995 1943 4065 fortiorem,
1967 4008 2022 4054 et

445 4086 642 4143 diaboli
668 4087 1007 4159 redargueret
1030 4087 1446 4159 improbitatem,
1469 4098 1524 4146 et
1542 4090 1676 4146 alios
1702 4092 1816 4161 ejus
1840 4108 2024 4148 exem-

446 4179 536 4248 plo
563 4180 810 4235 meliores
848 4179 1112 4236 redderet.
1146 4179 1213 4235 Et
1239 4179 1368 4250 quid
1398 4181 1608 4236 miraris
1637 4181 1680 4238 si
1709 4181 1812 4238 hoc
1838 4184 2024 4239 fecerit

448 4271 500 4325 in
514 4270 633 4336 Job,
650 4285 769 4325 cum
791 4271 960 4340 ipsum
986 4270 1142 4326 faciat
1157 4272 1317 4327 etiam
1334 4272 1386 4327 in
1405 4275 1804 4342 peccatoribus?
1823 4277 2024 4345 Aperte

450 4363 592 4417 enim
622 4363 822 4418 sciebat
848 4363 1104 4419 Ninivitas
1131 4381 1236 4419 non
1266 4379 1386 4421 esse
1414 4365 1601 4436 dignos
1635 4368 1723 4436 qui
1764 4370 2018 4436 perirent,

450 4456 542 4510 sed
566 4472 657 4526 per
676 4456 1036 4526 pmnitentiam
1065 4471 1159 4515 eos
1188 4457 1435 4514 meliores
1459 4459 1697 4526 futuros;
1721 4460 1921 4515 inducit
1947 4471 2025 4516 ta-

453 4565 571 4604 men
593 4554 750 4605 etiam
771 4565 865 4620 per
887 4567 972 4607 res
987 4551 1394 4621 experientiam;
1421 4561 1474 4607 et
1495 4553 1688 4622 ubique
1708 4555 1871 4608 multa
1893 4570 2026 4624 prae-

456 4639 544 4695 bet
564 4650 871 4711 argumenta
890 4642 1278 4697 evidentissima
1300 4659 1410 4698 sua;
1430 4658 1571 4699 cura:
1591 4655 1642 4700 et
1659 4646 2020 4715 providentiae,

456 4745 560 4785 non
587 4739 864 4784 contentus
890 4745 981 4785 sua
1010 4732 1329 4801 cognitione.

529 4822 851 4877 Prcescientia
881 4823 975 4877 Dei
999 4822 1246 4878 hominem
1274 4825 1456 4879 bonum
1483 4835 1570 4880 aut
1599 4828 1788 4882 malum
1821 4847 1920 4884 non
1941 4830 2025 4898 fa-

459 4918 549 4970 cit.
579 4947 650 4956 —
674 4915 1027 4981 Quamobrem
1069 4915 1278 4970 dicebat
1319 4932 1529 4987 quoque
1567 4918 1876 4990 Unigenitns
1908 4939 1920 4972 :
1965 4922 2025 4976 Si

455 5025 554 5062 non
583 5006 714 5078 facio
742 5023 896 5076 opera
933 5005 1104 5060 Patris
1133 5007 1228 5060 mei
1248 5047 1263 5070 ,
1293 5023 1354 5060 ne
1389 5008 1511 5060 mihi
1535 5008 1719 5062 credite
1745 5026 1762 5062 :
1789 5010 1833 5064 si
1861 5021 2026 5064 autem

456 5099 607 5166 facio,
635 5098 728 5152 etsi
751 5098 872 5152 mihi
897 5113 997 5151 non
1019 5096 1252 5164 credatis,
1281 5097 1509 5168 operibus
1529 5099 1712 5153 credite
1731 5099 1906 5172 (Joun.
1938 5103 2023 5156 10.

455 5189 542 5243 57.
576 5188 703 5261 '58).
733 5190 864 5256 Quia
903 5191 1046 5245 enim
1077 5191 1323 5260 permulti
1351 5191 1442 5260 qni
1476 5199 1599 5245 sunt
1638 5192 1913 5247 crassioris
1943 5192 2026 5247 in—

455 5281 593 5349 genii
618 5323 633 5347 ,
673 5289 728 5336 et
752 5282 896 5336 nullo
924 5281 1034 5337 fere
1063 5296 1220 5336 sensu
1251 5281 1451 5350 praediti
1477 5322 1490 5345 ,
1526 5281 1686 5336 multa
1715 5281 1897 5336 dicunt
1927 5283 2027 5337 hu-

458 5371 705 5439 iusmodi,
737 5388 927 5442 nempe
950 5373 1090 5428 hunc
1115 5374 1290 5441 elegit,
1324 5373 1463 5427 hunc
1489 5373 1703 5437 dilexit,
1733 5373 1880 5427 illum
1906 5374 2029 5430 odio

459 5462 659 5526 habuit,
689 5473 742 5518 et
772 5473 1049 5534 propterea
1079 5464 1163 5520 hic
1189 5464 1398 5535 quidem
1428 5466 1596 5519 malus
1619 5507 1634 5532 ,
1665 5465 1754 5520 ille
1777 5481 1902 5519 vero
1932 5465 2029 5520 bo-

459 5565 560 5606 nns
586 5553 752 5606 evasit
780 5571 793 5605 :
821 5569 883 5607 ex
917 5555 1072 5608 rebus
1099 5555 1227 5624 ipsis
1252 5555 1533 5624 persuadet
1562 5597 1578 5621 ,
1621 5556 2030 5626 uniuscujusque

460 5641 648 5698 borum
677 5645 988 5699 sententiam
1013 5646 1281 5716 corrigens
1307 5689 1320 5713 ,
1348 5657 1402 5702 et
1425 5645 1477 5701 in
1509 5647 1739 5702 medium
1767 5647 2032 5702 adducens

452 5732 825 5804 probationem
857 5750 950 5803 per
977 5745 1132 5806 opera
1158 5779 1173 5808 ,
1209 5748 1259 5792 et
1297 5742 1598 5810 pronuntiat
1633 5739 1844 5811 quidem
1872 5739 2030 5794 etiam

1109 329 1167 386 S.
1209 327 1486 390 JOANNIS
1523 319 1993 382 CIIIlYSOSTOMI
2035 317 2351 375 ARCI-IIEP.
2391 314 2924 376 CONSTANTINOP.

3597 316 3705 373 412

2125 439 2406 499 antequam
2452 445 2538 484 res
2575 429 2852 494 eveniant,
2886 429 3026 484 hunc
3063 428 3259 484 virtute
3300 427 3576 498 [traditum
3600 470 3615 494 ,
3643 439 3704 484 ut

2123 519 2236 588 ejus
2253 520 2561 590 prmsciendi
2581 520 2883 575 facultatem
2905 519 3197 590 intelligant
3225 537 3238 573 :
3261 521 3496 592 adjungit
3519 533 3702 577 autem

2124 610 2282 663 etiam
2327 610 2691 679 probationem
2717 628 2836 680 qua:
2880 610 2940 666 fit
2965 626 3060 682 per
3089 626 3248 682 opera
3274 653 3290 680 ,
3318 628 3385 668 ne
3408 614 3525 684 quis
3554 611 3701 668 dicat

2125 700 2282 769 paulo
2313 700 2752 757 inconsideratior
2783 717 2905 757 eum
2946 702 3106 758 talem
3147 717 3267 758 esse
3309 713 3524 774 propter
3559 721 3698 773 prm-

2121 794 2420 848 scientiam.
2465 793 2631 848 Porro
2669 793 2788 849 vide
2825 793 3092 864 quomodo
3134 794 3328 851 Paulus
3359 796 3462 852 hoc
3499 797 3698 867 signiti-

2121 891 2225 946 cat,
2251 883 2437 938 dicens
2466 901 2478 935 :
2510 883 2635 938 Cum
2664 885 2796 938 enim
2823 884 3050 938 nondum
3073 885 3179 938 noti
3201 887 3449 955 fuissent,
3481 904 3568 942 nec
3593 889 3689 941 ali-

2121 972 2245 1043 quid
2265 973 2382 1027 boni
2405 983 2491 1026 aut
2512 973 2632 1028 mali
2655 977 2902 1044 fecissent,
2922 985 2975 1029 ut
2997 975 3093 1030 Dei
3114 977 3386 1031 secundum
3410 979 3701 1033 electionem

2123 1065 2439 1133 propositum
2462 1075 2700 1133 maneret,
2733 1083 2833 1121 non
2865 1083 2930 1122 ea:
2962 1069 3213 1137 operibus,
3243 1068 3330 1123 sed
3362 1086 3424 1123 ea:
3453 1081 3701 1137 vocante,

2122 1157 2311 1210 dictum
2335 1169 2406 1211 est
2432 1159 2477 1213 ei
2499 1199 2514 1224 ,
2542 1160 2677 1229 quod
2704 1161 2869 1230 major
2890 1162 3067 1215 serviet
3091 1162 3272 1215 minori
3300 1162 3318 1231 (
3340 1163 3490 1219 Rom.
3519 1163 3569 1218 9.
3597 1165 3700 1218 H-

2124 1251 2248 1319 15).
2291 1249 2472 1321 Neque
2499 1251 2638 1306 enim
2673 1250 2930 1307 factorum
2958 1253 3132 1309 exitus
3153 1263 3236 1308 est
3261 1255 3652 1325 exspectandus
3679 1297 3700 1321 ,

2123 1340 2216 1395 sed
2245 1341 2403 1396 etiam
2423 1351 2552 1412 (ante
2587 1356 2648 1395 ea
2676 1342 2821 1396 novit
2860 1342 2976 1412 ipse
3006 1358 3128 1397 eum
3164 1344 3253 1414 qui
3292 1343 3464 1398 malus
3484 1385 3500 1410 ,
3524 1353 3579 1400 et
3605 1347 3704 1416 qui

2124 1448 2228 1488 non
2273 1433 2391 1488 talis
2437 1445 2520 1489 est
2570 1433 2795 1490 futurus.
2841 1433 3088 1490 Semitam
3133 1451 3295 1489 meam
3334 1444 3378 1488 et
3416 1437 3702 1508 funiculum

2122 1543 2290 1579 meum
2333 1528 2637 1598 investigasti
2661 1569 2677 1594 ,
2704 1528 2757 1582 4.
2787 1536 2834 1581 et
2875 1542 3047 1581 omnes
3083 1527 3188 1581 vias
3227 1543 3364 1581 meas
3394 1529 3698 1598 praevidistis

2123 1617 2577 1685 Quemadmodum
2618 1618 2911 1673 sessionem
2956 1626 3010 1672 et
3053 1618 3495 1672 resurrectionem
3543 1629 3704 1672 vocat.

2123 1708 2260 1763 facta
2297 1726 2360 1763 ex
2396 1709 2782 1765 consuetudine
2809 1726 2823 1762 :
2852 1708 3048 1764 etenim
3078 1723 3176 1764 nos
3201 1710 3361 1764 etiam
3389 1724 3530 1778 saepe
3557 1709 3698 1764 dici-

2123 1817 2243 1856 mus
2273 1821 2286 1856 :
2321 1802 2416 1856 I‘Iic
2445 1803 2608 1863 novit.
2637 1801 2902 1872 quomodo
2928 1799 3110 1868 sedet,
3135 1809 3188 1856 et
3215 1801 3482 1871 quomodo
3509 1803 3702 1872 surgit,

2124 1902 2379 1948 testantes
2405 1893 2520 1962 ejus
2547 1895 2833 1963 perfectam
2861 1893 3105 1948 notitiam
3139 1910 3154 1946 :
3185 1895 3257 1948 ita
3298 1895 3384 1949 hic
3418 1895 3580 1949 etiam
3604 1909 3696 1948 se-

2123 1986 2305 2039 mitam
2345 1994 2398 2040 ct
2443 1984 2733 2040 funiculum
2773 1986 2902 2040 dicit
2937 1985 3237 2040 universam
3276 1985 3391 2055 ejus
3420 1985 3599 2040 vitam.
3631 1985 3701 2039 Et

2123 2076 2244 2132 ideo
2270 2077 2535 2148 subjungit
2567 2097 2582 2134 :
2619 2077 2682 2131 Et
2705 2094 2876 2132 omnes
2904 2079 3008 2132 vias
3032 2093 3168 2132 meas
3203 2077 3496 2148 prwvidisti.
3529 2078 3704 2132 Porro

2123 2171 2251 2226 illud
2276 2213 2290 2236 ,
2325 2169 2672 2242 Investigasti,
2699 2186 2807 2225 non
2835 2180 2916 2226 est
2943 2169 3057 2241 ejus
3082 2171 3171 2240 qui
3196 2171 3387 2239 qumrit
3410 2210 3424 2234 ,
3456 2185 3555 2226 nec
3579 2169 3705 2238 ejus

2121 2266 2209 2334 qui
2239 2273 2524 2329 scrutatur,
2553 2263 2648 2318 sed
2675 2263 2791 2333 ejus
2815 2263 2905 2334 qui
2933 2263 3079 2317 novit
3102 2261 3354 2333 perfecte.
3383 2261 3494 2317 Hoc
3519 2271 3702 2316 autem

2121 2357 2409 2412 ostendens
2437 2355 2708 2426 subjunxit
2732 2397 2749 2422 ,
2779 2355 3068 2411 Prtevidisti
3088 2371 3107 2410 :
3135 2355 3237 2411 hoc
3261 2364 3345 2411 est
3366 2397 3380 2418 ,
3412 2365 3697 2426 antequam

2123 2447 2312 2504 fierent
2341 2448 2477 2504 nosti
2505 2448 2680 2502 omnia
2718 2447 2854 2502 facta
2895 2447 3032 2502 bona
3060 2454 3116 2502 et
3143 2445 3300 2500 maia.
3337 2446 3471 2513 Quia
3496 2463 3598 2500 nou
3620 2455 3703 2502 est

2120 2539 2265 2593 dolus
2298 2540 2351 2592 in
2388 2539 2562 2610 lingua
2587 2554 2718 2594 mea.
2757 2537 2907 2592 Alius
2931 2578 2947 2604 ,
2974 2536 3316 2592 Contradictio
3346 2535 3446 2609 (tt),
3477 2536 3586 2591 Hoc
3611 2545 3702 2592 est

2120 2629 2406 2683 maximum
2430 2627 2636 2682 virtutis
2655 2626 2923 2690 indicium,
2949 2625 3051 2680 hoc
3076 2634 3159 2681 est.
3179 2640 3384 2680 summa
3411 2626 3700 2693 bonorum,

2121 2725 2222 2780 hoc
2245 2733 2325 2781 cst
2361 2723 2502 2795 quod
2530 2721 2769 2778 Christus
2804 2721 3036 2776 maxime
3074 2719 3300 2788 requirit
3323 2718 3540 2774 dicens:
3576 2718 3702 2774 Nisi

2120 2815 2476 2874 convertamini
2505 2823 2553 2867 et
2590 2812 2872 2883 efﬁciamini
2898 2811 3025 2865 sicut
3051 2809 3245 2879 parvuli
3270 2851 3284 2875 ,
3309 2826 3412 2863 non
3444 2810 3701 2879 ingredie-

2121 2908 2244 2960 mini
2277 2908 2329 2960 in
2366 2921 2573 2976 regnum
2611 2904 2846 2958 ctelorum
2889 2901 3100 2973 (Matth.
3127 2901 3211 2956 18.
3242 2901 3314 2971 5)
3347 2917 3359 2954 :
3388 2901 3700 2970 simplicita-

2122 3007 2228 3053 tem
2255 3039 2270 3060 ,
2311 2997 2702 3058 innocentiam,
2733 2993 2879 3049 etab
2921 2993 3063 3047 omni
3105 2991 3228 3046 dolo
3263 3007 3326 3045 ac
3355 2991 3699 3046 simulatione

2121 3091 2470 3146 remotionem
2501 3087 2824 3158 significans.
2846 3083 3105 3150 Quocirca
3134 3084 3404 3152 imperitos
3425 3092 3480 3137 et
3504 3082 3699 3136 idiotas

2120 3185 2278 3254 elegit
2303 3191 2356 3237 et
2381 3182 2512 3237 dixit
2536 3199 2550 3235 :
2579 3179 2832 3246 Conﬁteor
2849 3178 2955 3242 tibi,
2979 3175 3151 3240 Pater,
3175 3177 3292 3246 quia
3312 3176 3572 3228 occultasti
3589 3176 3699 3229 Ita'c

2120 3293 2152 3329 a
2179 3275 2485 3345 sapientibus
2517 3280 2565 3324 et
2593 3269 2983 3339 intelligentibus
3002 3309 3018 3334 ,
3054 3277 3100 3321 et
3134 3268 3360 3320 revelasti
3386 3283 3444 3320 ea
3475 3267 3699 3337 parvulis

2121 3366 2332 3438 (Matth.
2363 3366 2447 3418 11.
2465 3361 2580 3434 25).
2605 3361 2736 3416 Vide
2761 3369 2936 3414 autem
2963 3376 2976 3413 :
3005 3375 3108 3413 non
3132 3359 3282 3422 dixit,
3305 3359 3435 3426 Quia
3461 3359 3695 3427 suscepi,

2121 3469 2174 3515 et
2203 3458 2332 3528 ejeci
2359 3457 2570 3520 dolum;
2611 3453 2703 3510 sed
2725 3494 2740 3519 ,
2767 3451 2917 3519 Quod
2945 3467 3047 3504 non
3087 3451 3180 3504 fuit
3219 3465 3486 3520 umquam,
3525 3465 3698 3518 neque

2120 3550 2354 3618 linguam
2379 3561 2548 3600 meam
2574 3543 2805 3611 suscepit
2831 3541 2916 3595 hic
2941 3541 3175 3604 morbus,
3203 3555 3303 3594 nec
3327 3540 3375 3594 ei
3404 3541 3530 3594 vitio
3558 3540 3697 3595 nllus

2123 3654 2368 3709 umquam
2396 3638 2491 3692 fuit
2515 3635 2583 3690 ad
2607 3650 2690 3689 me
2709 3634 2901 3688 aditus.
2931 3632 2984 3686 5.
3012 3631 3158 3695 Ecce,
3183 3630 3414 3696 Domine,
3432 3642 3485 3684 tu
3506 3647 3696 3702 cogno-

2121 3733 2234 3787 visti
2261 3731 2430 3786 omnia
2456 3728 2722 3782 novissima
2749 3734 2795 3778 et
2821 3725 3044 3794 antiqua.
3074 3721 3188 3777 Non
3227 3723 3572 3793 cogitationes
3606 3737 3698 3777 so-

2124 3826 2254 3890 lum,
2284 3823 2472 3894 inquit,
2504 3820 2662 3886 nosti,
2692 3833 2788 3873 nec
2813 3817 3050 3871 actiones
3075 3855 3089 3878 ,
3121 3830 3221 3869 nec
3247 3815 3358 3869 vias
3389 3829 3533 3868 meas
3554 3856 3568 3879 ,
3599 3813 3698 3869 sed

2123 3917 2299 3974 omnia
2326 3932 2442 3986 quae
2472 3914 2684 3969 fuerunt
2708 3921 2763 3966 et
2791 3911 2962 3964 futura
2987 3916 3127 3962 sunt.
3160 3906 3240 3961 Tu
3268 3908 3497 3978 formati
3525 3923 3621 3972 me,
3646 3916 3697 3960 et

2125 4008 2332 4080 posuisti
2355 4021 2506 4074 super
2524 4021 2604 4057 me
2631 4017 2834 4056 manum
2854 4009 3011 4053 tuam.
3041 3999 3086 4052 A
3113 3997 3422 4067 prmsciendi
3451 3996 3697 4052 facultate

2126 4099 2335 4156 transiit
2360 4097 2426 4152 ad
2455 4094 2670 4150 creandi
2709 4099 3027 4164 potestatem
3053 4131 3068 4154 ,
3098 4096 3152 4144 et
3185 4103 3369 4143 rursus
3409 4104 3440 4143 a
3480 4087 3696 4144 creandi

2125 4198 2387 4263 potestate
2413 4187 2479 4242 ad
2511 4177 2835 4256 praesciendt'
2861 4181 3182 4236 facultatem.
3209 4179 3324 4233 Non
3355 4179 3524 4233 solum
3551 4179 3695 4234 enim

2126 4299 2224 4340 nos
2250 4283 2396 4351 fecit,
2433 4295 2557 4335 cum
2583 4293 2688 4332 non
2717 4289 2976 4339 essemus,
3006 4272 3100 4329 sed
3129 4272 3291 4328 etiam
3314 4272 3366 4326 in
3391 4271 3503 4342 jam
3529 4271 3700 4327 factos

2125 4376 2331 4432 obtinet
2356 4371 2654 4441 imperium.

2195 4470 2249 4524 2.
2280 4469 2404 4523 "(Bc
2430 4475 2650 4534 utraque
2668 4464 2736 4518 de
2757 4463 2970 4518 Christo
2995 4461 3188 4516 Paulus
3211 4467 3452 4526 testatur,
3479 4460 3694 4516 dicens:

2130 4561 2465 4631 Multifariam
2491 4556 2754 4626 multisque
2782 4554 2942 4608 modis
2969 4552 3106 4605 Deus
3135 4552 3255 4606 olim
3285 4552 3516 4619 loquutus
3542 4551 3700 4618 patri-

2126 4654 2215 4707 bus
2235 4654 2287 4705 in
2313 4647 2584 4720 prophetis,
2608 4647 2660 4698 in
2681 4644 2911 4698 extremis
2926 4643 3098 4698 diebus
3119 4642 3348 4711 loquutus
3377 4651 3450 4694 est
3478 4640 3617 4694 nobis
3646 4640 3699 4694 in

2127 4743 2286 4810 Filio,
2307 4757 2452 4814 quem
2471 4738 2631 4810 posuit
2653 4735 2881 4790 heredem
2899 4737 3140 4788 omnium.
3166 4731 3363 4787 Deinde
3377 4731 3700 4802 subjungens

2127 4837 2255 4893 dicit
2300 4836 2458 4890 etiam
2501 4828 2766 4899 opificium
2799 4844 2810 4878 :
2851 4825 2955 4880 Per
2996 4841 3143 4894 quem
3179 4824 3295 4896 fecit
3326 4824 3473 4876 etiam
3517 4823 3700 4877 statuta

2133 4927 2314 5002 (Hebr.
2338 4927 2388 4979 1.
2419 4926 2469 4978 1.
2497 4922 2532 4975 2
2553 4920 2593 4994 ).
2630 4922 2697 4976 Ει
2723 4934 2842 4974 cum
2865 4918 2933 4973 de
2957 4917 3072 4986 ejus
3099 4915 3394 4970 substantia
3421 4913 3702 4968 disseruis-

2129 5029 2241 5084 sct,
2282 5028 2335 5072 et
2371 5015 2590 5070 dixisset
2610 5055 2625 5077 ,
2656 5011 2752 5077 Qui
2777 5007 2891 5064 cum
2919 5009 2981 5062 sit
3009 5007 3247 5077 splendor
3273 5006 3476 5076 glorias.
3511 5015 3555 5059 et
3577 5005 3701 5059 cha-

2129 5122 2290 5168 racter
2317 5108 2606 5164 substantia!
2623 5107 2732 5176 ejus
2759 5103 2919 5174 (Ibid.
2948 5117 2994 5154 v.
3019 5102 3053 5157 5
3076 5101 3116 5169 ),
3148 5099 3380 5154 ostendit
3404 5098 3561 5151 etiam
3585 5098 3700 5162 ejns

2133 5200 2440 5275 prmsciendi
2466 5197 2768 5253 facultatem
2793 5235 2808 5261 ,
2839 5193 3042 5252 dicens,
3075 5190 3137 5244 Et
3168 5193 3333 5261 ferens
3363 5189 3532 5242 omnia
3558 5188 3701 5241 verbo

2133 5292 2389 5365 potestatis
2409 5305 2536 5345 sine.
2566 5288 2632 5342 Et
2659 5285 2725 5341 ad
2746 5285 3092 5340 Colossenses
3117 5282 3355 5336 scribens
3380 5281 3494 5335 haec
3519 5278 3700 5336 eadem

2134 5401 2319 5442 rursus
2343 5382 2475 5437 dixit
2506 5398 2519 5434 :
2553 5380 2802 5444 Quoniam
2839 5377 2893 5430 in
2926 5392 2982 5430 eo
3025 5384 3192 5429 creata
3229 5383 3346 5427 sunt
3389 5373 3558 5426 omnia
3594 5384 3701 5439 qua

2132 5487 2248 5534 sunt
2272 5477 2324 5530 in
2346 5474 2480 5528 cwlis
2508 5481 2552 5526 et
2578 5485 2690 5541 qua:
2715 5469 2768 5521 in
2793 5477 2954 5532 terra,
2985 5467 3086 5520 sive
3113 5467 3282 5518 throni
3299 5505 3316 5528 ,
3345 5465 3445 5518 sive
3469 5462 3700 5516 domina-

2136 5572 2313 5632 tiones,
2336 5569 2437 5622 sive
2456 5563 2788 5636 principatus,
2809 5560 2911 5614 sive
2926 5556 3394 5628 potestates,omnia
3414 5571 3502 5625 per
3517 5554 3699 5622 ipsum,

2200 5681 2272 5742 (α)
2305 5686 2415 5728 Haec
2440 5676 2773 5742 interpretatio
2817 5676 2864 5722 in
2887 5668 3702 5742 quibusdamexemplaribnssxm

2142 5730 2311 5794 macho
2331 5730 2579 5791 tribuitur;
2597 5737 2722 5787 Vide
2751 5730 2919 5786 notam'
2933 5734 2992 5783 ad
3016 5734 3140 5785 hunc
3167 5731 3328 5783 locum
3345 5730 3401 5781 in
3417 5730 3666 5792 Hexaptis.
