  <div class='ocr_page' id='page_1' title='image "/cluster/home/n/w/nwhite01/storage/ocr_20150623/55/mdp.39015028539511/404.png"; bbox 0 0 4088 6274; ppageno 0'>
   <div class='ocr_carea' id='block_1_1' title="bbox 341 351 477 439">
    <p class='ocr_par' dir='ltr' id='par_1_1' title="bbox 341 351 477 439">
     <span class='ocr_line' id='line_1_1' title="bbox 341 351 477 439; baseline 0 -31"><span class='ocrx_word' id='word_1_1' title='bbox 341 351 477 439; x_wconf 72' lang='grc' dir='ltr'>ιιι</span> 
     </span>
    </p>
   </div>
   <div class='ocr_carea' id='block_1_2' title="bbox 719 475 1554 539">
    <p class='ocr_par' dir='ltr' id='par_1_2' title="bbox 719 475 1554 539">
     <span class='ocr_line' id='line_1_2' title="bbox 719 475 1554 539; baseline 0.012 -11"><span class='ocrx_word' id='word_1_2' title='bbox 719 476 829 529; x_wconf 82' lang='grc' dir='ltr'>ΕΙΣ</span> <span class='ocrx_word' id='word_1_3' title='bbox 865 475 999 532; x_wconf 84' lang='grc' dir='ltr'>ΤΟΝ</span> <span class='ocrx_word' id='word_1_4' title='bbox 1036 477 1193 535; x_wconf 79' lang='grc' dir='ltr'>ΡΛΗ⁹</span> <span class='ocrx_word' id='word_1_5' title='bbox 1228 480 1554 539; x_wconf 76' lang='grc' dir='ltr'>ΨΛΛΜΟΝ.</span> 
     </span>
    </p>
   </div>
   <div class='ocr_carea' id='block_1_3' title="bbox 697 557 1572 633">
    <p class='ocr_par' dir='ltr' id='par_1_3' title="bbox 697 557 1572 633">
     <span class='ocr_line' id='line_1_3' title="bbox 697 557 1572 633; baseline 0.013 -22"><span class='ocrx_word' id='word_1_6' title='bbox 697 557 801 624; x_wconf 66' lang='lat' dir='ltr'>El;</span> <span class='ocrx_word' id='word_1_7' title='bbox 830 560 896 613; x_wconf 83' lang='lat'>:6</span> <span class='ocrx_word' id='word_1_8' title='bbox 927 559 1123 628; x_wconf 85' lang='grc' dir='ltr'>τέλος,</span> <span class='ocrx_word' id='word_1_9' title='bbox 1151 560 1233 629; x_wconf 84' lang='grc' dir='ltr'>τῷ</span> <span class='ocrx_word' id='word_1_10' title='bbox 1268 566 1572 633; x_wconf 80' lang='grc' dir='ltr'>νικοποιῷ.</span> 
     </span>
    </p>
   </div>
   <div class='ocr_carea' id='block_1_4' title="bbox 526 641 1752 721">
    <p class='ocr_par' dir='ltr' id='par_1_4' title="bbox 526 641 1752 721">
     <span class='ocr_line' id='line_1_4' title="bbox 526 641 1752 721; baseline 0.007 -25"><span class='ocrx_word' id='word_1_11' title='bbox 526 642 731 710; x_wconf 85' lang='grc' dir='ltr'>Κύριε,</span> <span class='ocrx_word' id='word_1_12' title='bbox 764 641 1129 713; x_wconf 76' lang='grc' dir='ltr'>ἐδοκίμασάς</span> <span class='ocrx_word' id='word_1_13' title='bbox 1150 662 1262 716; x_wconf 80' lang='grc' dir='ltr'>με,</span> <span class='ocrx_word' id='word_1_14' title='bbox 1301 648 1400 703; x_wconf 80' lang='grc' dir='ltr'>καὶ</span> <span class='ocrx_word' id='word_1_15' title='bbox 1426 648 1615 719; x_wconf 72' lang='grc' dir='ltr'>ἔγνως</span> <span class='ocrx_word' id='word_1_16' title='bbox 1653 666 1752 721; x_wconf 82' lang='grc' dir='ltr'>με.</span> 
     </span>
    </p>
   </div>
   <div class='ocr_carea' id='block_1_5' title="bbox 421 743 1964 826">
    <p class='ocr_par' dir='ltr' id='par_1_5' title="bbox 421 743 1964 826">
     <span class='ocr_line' id='line_1_5' title="bbox 421 743 1964 826; baseline 0.004 -26"><span class='ocrx_word' id='word_1_17' title='bbox 421 743 492 800; x_wconf 85' lang='grc' dir='ltr'>α’.</span> <span class='ocrx_word' id='word_1_18' title='bbox 512 745 578 798; x_wconf 90' lang='grc' dir='ltr'>Τί</span> <span class='ocrx_word' id='word_1_19' title='bbox 607 744 814 814; x_wconf 82' lang='grc' dir='ltr'>λέγεις;</span> <span class='ocrx_word' id='word_1_20' title='bbox 835 746 974 816; x_wconf 86' lang='grc' dir='ltr'>μετά</span> <span class='ocrx_word' id='word_1_21' title='bbox 986 748 1048 802; x_wconf 82' lang='grc' dir='ltr'>τὸ</span> <span class='ocrx_word' id='word_1_22' title='bbox 1061 749 1353 821; x_wconf 75' lang='grc' dir='ltr'>δοκιμάσαι</span> <span class='ocrx_word' id='word_1_23' title='bbox 1371 748 1514 807; x_wconf 78' lang='grc' dir='ltr'>οἶδεν</span> <span class='ocrx_word' id='word_1_24' title='bbox 1532 754 1561 806; x_wconf 99' lang='lat'>6</span> <span class='ocrx_word' id='word_1_25' title='bbox 1579 752 1731 820; x_wconf 76' lang='grc' dir='ltr'>Θεὸς,</span> <span class='ocrx_word' id='word_1_26' title='bbox 1749 752 1857 826; x_wconf 84' lang='lat'><em>1:96</em></span> <span class='ocrx_word' id='word_1_27' title='bbox 1870 752 1929 806; x_wconf 85' lang='grc' dir='ltr'>δέ</span> <span class='ocrx_word' id='word_1_28' title='bbox 1960 808 1964 815; x_wconf 87' lang='lat'><em>_</em></span> 
     </span>
    </p>
   </div>
   <div class='ocr_carea' id='block_1_6' title="bbox 348 829 1923 912">
    <p class='ocr_par' dir='ltr' id='par_1_6' title="bbox 348 829 1923 912">
     <span class='ocr_line' id='line_1_6' title="bbox 348 829 1923 912; baseline 0.006 -26"><span class='ocrx_word' id='word_1_29' title='bbox 348 832 642 902; x_wconf 73' lang='grc' dir='ltr'>δοκιμάσαι</span> <span class='ocrx_word' id='word_1_30' title='bbox 674 832 774 886; x_wconf 81' lang='grc' dir='ltr'>οὐκ</span> <span class='ocrx_word' id='word_1_31' title='bbox 806 829 975 901; x_wconf 82' lang='grc' dir='ltr'>οἷδεν;</span> <span class='ocrx_word' id='word_1_32' title='bbox 997 836 1154 907; x_wconf 77' lang='grc' dir='ltr'>Οὐχὶ,</span> <span class='ocrx_word' id='word_1_33' title='bbox 1183 837 1259 910; x_wconf 84' lang='grc' dir='ltr'>μὴ</span> <span class='ocrx_word' id='word_1_34' title='bbox 1285 838 1513 908; x_wconf 77' lang='grc' dir='ltr'>γένοιτοί</span> <span class='ocrx_word' id='word_1_35' title='bbox 1540 841 1664 905; x_wconf 78' lang='grc' dir='ltr'>Πῶς</span> <span class='ocrx_word' id='word_1_36' title='bbox 1694 841 1823 912; x_wconf 82' lang='grc' dir='ltr'>γὰρ,</span> <span class='ocrx_word' id='word_1_37' title='bbox 1863 841 1923 895; x_wconf 84' lang='lat'>&#39;0</span> 
     </span>
    </p>
   </div>
   <div class='ocr_carea' id='block_1_7' title="bbox 347 917 1933 993">
    <p class='ocr_par' dir='ltr' id='par_1_7' title="bbox 347 917 1933 993">
     <span class='ocr_line' id='line_1_7' title="bbox 347 917 1933 993; baseline 0.006 -23"><span class='ocrx_word' id='word_1_38' title='bbox 347 918 419 972; x_wconf 84' lang='lat'>:6</span> <span class='ocrx_word' id='word_1_39' title='bbox 452 919 629 972; x_wconf 90' lang='grc' dir='ltr'>πάντα</span> <span class='ocrx_word' id='word_1_40' title='bbox 654 917 808 983; x_wconf 78' lang='grc' dir='ltr'>εἰδὼς</span> <span class='ocrx_word' id='word_1_41' title='bbox 836 921 965 990; x_wconf 75' lang='grc' dir='ltr'>πρὶν</span> <span class='ocrx_word' id='word_1_42' title='bbox 985 924 1251 991; x_wconf 83' lang='grc' dir='ltr'>γενέσεως</span> <span class='ocrx_word' id='word_1_43' title='bbox 1279 926 1492 993; x_wconf 87' lang='grc' dir='ltr'>αὐτῶν;</span> <span class='ocrx_word' id='word_1_44' title='bbox 1520 925 1655 981; x_wconf 85' lang='lat'><em>6116</em></span> <span class='ocrx_word' id='word_1_45' title='bbox 1674 926 1755 990; x_wconf 88' lang='lat'>:6,</span> <span class='ocrx_word' id='word_1_46' title='bbox 1782 926 1933 981; x_wconf 80' lang='grc' dir='ltr'>Ἐδο-</span> 
     </span>
    </p>
   </div>
   <div class='ocr_carea' id='block_1_8' title="bbox 347 1004 1931 1086">
    <p class='ocr_par' dir='ltr' id='par_1_8' title="bbox 347 1004 1931 1086">
     <span class='ocr_line' id='line_1_8' title="bbox 347 1004 1931 1086; baseline 0.006 -27"><span class='ocrx_word' id='word_1_47' title='bbox 347 1004 613 1073; x_wconf 81' lang='grc' dir='ltr'>κίμασάς</span> <span class='ocrx_word' id='word_1_48' title='bbox 639 1023 735 1076; x_wconf 85' lang='grc' dir='ltr'>με,</span> <span class='ocrx_word' id='word_1_49' title='bbox 783 1006 1049 1079; x_wconf 83' lang='grc' dir='ltr'>Ἀκριϐῶς</span> <span class='ocrx_word' id='word_1_50' title='bbox 1079 1012 1370 1068; x_wconf 86' lang='grc' dir='ltr'>ἐπίστασαί</span> <span class='ocrx_word' id='word_1_51' title='bbox 1404 1032 1497 1084; x_wconf 85' lang='grc' dir='ltr'>με,</span> <span class='ocrx_word' id='word_1_52' title='bbox 1525 1015 1693 1068; x_wconf 86' lang='grc' dir='ltr'>ἐστίν.</span> <span class='ocrx_word' id='word_1_53' title='bbox 1722 1013 1931 1086; x_wconf 82' lang='grc' dir='ltr'>Ὠσπερ</span> 
     </span>
    </p>
   </div>
   <div class='ocr_carea' id='block_1_9' title="bbox 348 1092 1928 1173">
    <p class='ocr_par' dir='ltr' id='par_1_9' title="bbox 348 1092 1928 1173">
     <span class='ocr_line' id='line_1_9' title="bbox 348 1092 1928 1173; baseline 0.008 -29"><span class='ocrx_word' id='word_1_54' title='bbox 348 1092 460 1163; x_wconf 89' lang='lat'>769</span> <span class='ocrx_word' id='word_1_55' title='bbox 480 1095 509 1145; x_wconf 92' lang='lat'>6</span> <span class='ocrx_word' id='word_1_56' title='bbox 533 1093 1013 1158; x_wconf 81' lang='grc' dir='ltr'>Ἀπόστολος,ὄταν</span> <span class='ocrx_word' id='word_1_57' title='bbox 1040 1096 1196 1170; x_wconf 81' lang='grc' dir='ltr'>λέγῃ,</span> <span class='ocrx_word' id='word_1_58' title='bbox 1217 1099 1298 1153; x_wconf 83' lang='grc' dir='ltr'>ὃτι</span> <span class='ocrx_word' id='word_1_59' title='bbox 1334 1102 1529 1173; x_wconf 78' lang='grc' dir='ltr'>ἐρευνᾷ</span> <span class='ocrx_word' id='word_1_60' title='bbox 1555 1101 1653 1167; x_wconf 87' lang='grc' dir='ltr'>τὰς</span> <span class='ocrx_word' id='word_1_61' title='bbox 1680 1102 1928 1173; x_wconf 81' lang='grc' dir='ltr'>καρδίας,</span> 
     </span>
    </p>
   </div>
   <div class='ocr_carea' id='block_1_10' title="bbox 350 1180 1927 1260">
    <p class='ocr_par' dir='ltr' id='par_1_10' title="bbox 350 1180 1927 1260">
     <span class='ocr_line' id='line_1_10' title="bbox 350 1180 1927 1260; baseline 0.005 -26"><span class='ocrx_word' id='word_1_62' title='bbox 350 1181 453 1234; x_wconf 77' lang='grc' dir='ltr'>οὐκ</span> <span class='ocrx_word' id='word_1_63' title='bbox 471 1180 692 1247; x_wconf 78' lang='grc' dir='ltr'>ἄγνοιαν</span> <span class='ocrx_word' id='word_1_64' title='bbox 716 1182 1014 1253; x_wconf 75' lang='grc' dir='ltr'>ἐμφαίνων,</span> <span class='ocrx_word' id='word_1_65' title='bbox 1035 1183 1169 1238; x_wconf 89' lang='lat'><em>6116</em></span> <span class='ocrx_word' id='word_1_66' title='bbox 1183 1182 1282 1257; x_wconf 78' lang='grc' dir='ltr'>τὴν</span> <span class='ocrx_word' id='word_1_67' title='bbox 1300 1187 1502 1260; x_wconf 83' lang='grc' dir='ltr'>ἀκριϐῆ</span> <span class='ocrx_word' id='word_1_68' title='bbox 1520 1188 1745 1260; x_wconf 76' lang='grc' dir='ltr'>εἴδησιν,</span> <span class='ocrx_word' id='word_1_69' title='bbox 1762 1187 1927 1256; x_wconf 78' lang='grc' dir='ltr'>λέγει’</span> 
     </span>
    </p>
   </div>
   <div class='ocr_carea' id='block_1_11' title="bbox 351 1263 1934 1348">
    <p class='ocr_par' dir='ltr' id='par_1_11' title="bbox 351 1263 1934 1348">
     <span class='ocr_line' id='line_1_11' title="bbox 351 1263 1934 1348; baseline 0.007 -28"><span class='ocrx_word' id='word_1_70' title='bbox 351 1266 497 1320; x_wconf 72' lang='grc' dir='ltr'>οὕτω</span> <span class='ocrx_word' id='word_1_71' title='bbox 517 1267 581 1337; x_wconf 85' lang='grc' dir='ltr'>δὴ</span> <span class='ocrx_word' id='word_1_72' title='bbox 610 1269 707 1320; x_wconf 87' lang='lat'><em>1:61</em></span> <span class='ocrx_word' id='word_1_73' title='bbox 739 1263 891 1333; x_wconf 74' lang='grc' dir='ltr'>οὗτος</span> <span class='ocrx_word' id='word_1_74' title='bbox 915 1265 1106 1339; x_wconf 87' lang='grc' dir='ltr'>λέγων,</span> <span class='ocrx_word' id='word_1_75' title='bbox 1135 1272 1529 1343; x_wconf 84' lang='grc' dir='ltr'>Ἑδοκίμασάς</span> <span class='ocrx_word' id='word_1_76' title='bbox 1544 1292 1643 1345; x_wconf 71' lang='grc' dir='ltr'>με’,</span> <span class='ocrx_word' id='word_1_77' title='bbox 1672 1276 1771 1348; x_wconf 81' lang='grc' dir='ltr'>τὴν</span> <span class='ocrx_word' id='word_1_78' title='bbox 1794 1272 1934 1345; x_wconf 79' lang='grc' dir='ltr'>γνῶ-</span> 
     </span>
    </p>
   </div>
   <div class='ocr_carea' id='block_1_12' title="bbox 357 1353 1934 1434">
    <p class='ocr_par' dir='ltr' id='par_1_12' title="bbox 357 1353 1934 1434">
     <span class='ocr_line' id='line_1_12' title="bbox 357 1353 1934 1434; baseline 0.004 -26"><span class='ocrx_word' id='word_1_79' title='bbox 357 1366 444 1410; x_wconf 88' lang='grc' dir='ltr'>σιν</span> <span class='ocrx_word' id='word_1_80' title='bbox 475 1353 573 1426; x_wconf 82' lang='grc' dir='ltr'>τὴν</span> <span class='ocrx_word' id='word_1_81' title='bbox 606 1357 950 1427; x_wconf 82' lang='grc' dir='ltr'>σαφεστάτην</span> <span class='ocrx_word' id='word_1_82' title='bbox 981 1358 1150 1429; x_wconf 84' lang='grc' dir='ltr'>δηλοῖ,</span> <span class='ocrx_word' id='word_1_83' title='bbox 1183 1361 1482 1429; x_wconf 81' lang='grc' dir='ltr'>τουτέστιν,</span> <span class='ocrx_word' id='word_1_84' title='bbox 1515 1362 1781 1434; x_wconf 84' lang='grc' dir='ltr'>Ἀκριϐῶς</span> <span class='ocrx_word' id='word_1_85' title='bbox 1811 1361 1934 1416; x_wconf 87' lang='grc' dir='ltr'>ἐπί-</span> 
     </span>
    </p>
   </div>
   <div class='ocr_carea' id='block_1_13' title="bbox 358 1444 1938 1522">
    <p class='ocr_par' dir='ltr' id='par_1_13' title="bbox 358 1444 1938 1522">
     <span class='ocr_line' id='line_1_13' title="bbox 358 1444 1938 1522; baseline 0.004 -23"><span class='ocrx_word' id='word_1_86' title='bbox 358 1444 549 1499; x_wconf 85' lang='grc' dir='ltr'>στασαί</span> <span class='ocrx_word' id='word_1_87' title='bbox 584 1462 672 1516; x_wconf 86' lang='grc' dir='ltr'>με.</span> <span class='ocrx_word' id='word_1_88' title='bbox 703 1446 788 1499; x_wconf 84' lang='grc' dir='ltr'>Σὺ</span> <span class='ocrx_word' id='word_1_89' title='bbox 832 1445 1023 1516; x_wconf 75' lang='grc' dir='ltr'>ἔγνως</span> <span class='ocrx_word' id='word_1_90' title='bbox 1052 1447 1168 1516; x_wconf 81' lang='grc' dir='ltr'>τὴν</span> <span class='ocrx_word' id='word_1_91' title='bbox 1206 1449 1500 1520; x_wconf 79' lang='grc' dir='ltr'>καθέδραν</span> <span class='ocrx_word' id='word_1_92' title='bbox 1521 1469 1661 1522; x_wconf 86' lang='grc' dir='ltr'>μου,</span> <span class='ocrx_word' id='word_1_93' title='bbox 1697 1450 1795 1507; x_wconf 80' lang='grc' dir='ltr'>καί</span> <span class='ocrx_word' id='word_1_94' title='bbox 1820 1450 1938 1520; x_wconf 79' lang='grc' dir='ltr'>τὴν</span> 
     </span>
    </p>
   </div>
   <div class='ocr_carea' id='block_1_14' title="bbox 357 1531 1937 1610">
    <p class='ocr_par' dir='ltr' id='par_1_14' title="bbox 357 1531 1937 1610">
     <span class='ocr_line' id='line_1_14' title="bbox 357 1531 1937 1610; baseline 0.005 -25"><span class='ocrx_word' id='word_1_95' title='bbox 357 1531 607 1601; x_wconf 77' lang='grc' dir='ltr'>ἔγερσιν</span> <span class='ocrx_word' id='word_1_96' title='bbox 623 1550 766 1602; x_wconf 90' lang='grc' dir='ltr'>μου.</span> <span class='ocrx_word' id='word_1_97' title='bbox 793 1533 1079 1607; x_wconf 84' lang='grc' dir='ltr'>Καθέδραν</span> <span class='ocrx_word' id='word_1_98' title='bbox 1107 1537 1200 1590; x_wconf 88' lang='lat'><em>1:61</em></span> <span class='ocrx_word' id='word_1_99' title='bbox 1226 1536 1441 1610; x_wconf 80' lang='grc' dir='ltr'>ἔγερσιν</span> <span class='ocrx_word' id='word_1_100' title='bbox 1468 1540 1558 1594; x_wconf 85' lang='grc' dir='ltr'>τὸν</span> <span class='ocrx_word' id='word_1_101' title='bbox 1588 1538 1700 1610; x_wconf 86' lang='grc' dir='ltr'>βίον</span> <span class='ocrx_word' id='word_1_102' title='bbox 1720 1538 1937 1593; x_wconf 83' lang='grc' dir='ltr'>ἆπαντά</span> 
     </span>
    </p>
   </div>
   <div class='ocr_carea' id='block_1_15' title="bbox 359 1619 1932 1698">
    <p class='ocr_par' dir='ltr' id='par_1_15' title="bbox 359 1619 1932 1698">
     <span class='ocr_line' id='line_1_15' title="bbox 359 1619 1932 1698; baseline 0.004 -26"><span class='ocrx_word' id='word_1_103' title='bbox 359 1636 526 1690; x_wconf 88' lang='grc' dir='ltr'>φησιν</span> <span class='ocrx_word' id='word_1_104' title='bbox 545 1635 561 1650; x_wconf 72' lang='grc' dir='ltr'><strong><em>ο</em></strong></span> <span class='ocrx_word' id='word_1_105' title='bbox 599 1621 657 1674; x_wconf 79' lang='grc' dir='ltr'>ἐν</span> <span class='ocrx_word' id='word_1_106' title='bbox 699 1619 807 1692; x_wconf 89' lang='lat'>769</span> <span class='ocrx_word' id='word_1_107' title='bbox 838 1621 1049 1686; x_wconf 83' lang='grc' dir='ltr'>τούτοις</span> <span class='ocrx_word' id='word_1_108' title='bbox 1090 1625 1222 1695; x_wconf 75' lang='grc' dir='ltr'>ἡμῖν</span> <span class='ocrx_word' id='word_1_109' title='bbox 1248 1637 1275 1666; x_wconf 75' lang='grc' dir='ltr'>ι</span> <span class='ocrx_word' id='word_1_110' title='bbox 1308 1627 1337 1678; x_wconf 92' lang='lat'>6</span> <span class='ocrx_word' id='word_1_111' title='bbox 1378 1625 1493 1695; x_wconf 88' lang='grc' dir='ltr'>βίος</span> <span class='ocrx_word' id='word_1_112' title='bbox 1512 1643 1526 1656; x_wconf 91' lang='grc'><strong>·</strong></span> <span class='ocrx_word' id='word_1_113' title='bbox 1556 1626 1655 1691; x_wconf 86' lang='grc' dir='ltr'>τὰς</span> <span class='ocrx_word' id='word_1_114' title='bbox 1684 1627 1932 1698; x_wconf 81' lang='grc' dir='ltr'>πράξεις,</span> 
     </span>
    </p>
   </div>
   <div class='ocr_carea' id='block_1_16' title="bbox 357 1705 1936 1785">
    <p class='ocr_par' dir='ltr' id='par_1_16' title="bbox 357 1705 1936 1785">
     <span class='ocr_line' id='line_1_16' title="bbox 357 1705 1936 1785; baseline 0.004 -26"><span class='ocrx_word' id='word_1_115' title='bbox 357 1706 461 1770; x_wconf 84' lang='grc' dir='ltr'>τὰς</span> <span class='ocrx_word' id='word_1_116' title='bbox 481 1708 776 1778; x_wconf 88' lang='grc' dir='ltr'>ἐνεργείας,</span> <span class='ocrx_word' id='word_1_117' title='bbox 805 1705 903 1772; x_wconf 85' lang='lat'>:6;</span> <span class='ocrx_word' id='word_1_118' title='bbox 925 1709 1182 1775; x_wconf 88' lang='grc' dir='ltr'>είσόδους,</span> <span class='ocrx_word' id='word_1_119' title='bbox 1206 1712 1305 1775; x_wconf 83' lang='grc' dir='ltr'>τὰς</span> <span class='ocrx_word' id='word_1_120' title='bbox 1335 1711 1563 1777; x_wconf 79' lang='grc' dir='ltr'>ἐξόδους.</span> <span class='ocrx_word' id='word_1_121' title='bbox 1586 1709 1719 1768; x_wconf 82' lang='grc' dir='ltr'>Εἶτα</span> <span class='ocrx_word' id='word_1_122' title='bbox 1748 1711 1936 1785; x_wconf 80' lang='grc' dir='ltr'>ἐπειδὴ</span> 
     </span>
    </p>
   </div>
   <div class='ocr_carea' id='block_1_17' title="bbox 359 1793 1939 1872">
    <p class='ocr_par' dir='ltr' id='par_1_17' title="bbox 359 1793 1939 1872">
     <span class='ocr_line' id='line_1_17' title="bbox 359 1793 1939 1872; baseline 0.006 -26"><span class='ocrx_word' id='word_1_123' title='bbox 359 1793 660 1865; x_wconf 76' lang='grc' dir='ltr'>ἀρχόμενος</span> <span class='ocrx_word' id='word_1_124' title='bbox 689 1795 891 1864; x_wconf 75' lang='grc' dir='ltr'>ἔλεγεν,</span> <span class='ocrx_word' id='word_1_125' title='bbox 928 1795 1326 1867; x_wconf 82' lang='grc' dir='ltr'>Ἑδοκίμασάς</span> <span class='ocrx_word' id='word_1_126' title='bbox 1350 1817 1455 1869; x_wconf 88' lang='grc' dir='ltr'>με,</span> <span class='ocrx_word' id='word_1_127' title='bbox 1483 1800 1572 1855; x_wconf 75' lang='grc' dir='ltr'>ἵνα</span> <span class='ocrx_word' id='word_1_128' title='bbox 1593 1801 1666 1872; x_wconf 84' lang='grc' dir='ltr'>μή</span> <span class='ocrx_word' id='word_1_129' title='bbox 1703 1818 1788 1866; x_wconf 86' lang='grc' dir='ltr'>τις</span> <span class='ocrx_word' id='word_1_130' title='bbox 1826 1800 1939 1855; x_wconf 87' lang='grc' dir='ltr'>τῶν</span> 
     </span>
    </p>
   </div>
   <div class='ocr_carea' id='block_1_18' title="bbox 359 1881 1937 1959">
    <p class='ocr_par' dir='ltr' id='par_1_18' title="bbox 359 1881 1937 1959">
     <span class='ocr_line' id='line_1_18' title="bbox 359 1881 1937 1959; baseline 0.005 -25"><span class='ocrx_word' id='word_1_131' title='bbox 359 1881 605 1951; x_wconf 84' lang='grc' dir='ltr'>ἀνοήτων</span> <span class='ocrx_word' id='word_1_132' title='bbox 627 1881 841 1953; x_wconf 81' lang='grc' dir='ltr'>νομίσῃ,</span> <span class='ocrx_word' id='word_1_133' title='bbox 861 1884 941 1937; x_wconf 79' lang='grc' dir='ltr'>ὅτι</span> <span class='ocrx_word' id='word_1_134' title='bbox 970 1883 1078 1937; x_wconf 85' lang='grc' dir='ltr'>ἀπὸ</span> <span class='ocrx_word' id='word_1_135' title='bbox 1106 1883 1334 1957; x_wconf 83' lang='grc' dir='ltr'>δοκιμῆς</span> <span class='ocrx_word' id='word_1_136' title='bbox 1360 1881 1518 1952; x_wconf 76' lang='grc' dir='ltr'>οἶδεν,</span> <span class='ocrx_word' id='word_1_137' title='bbox 1545 1887 1578 1959; x_wconf 75' lang='grc' dir='ltr'>ἢ</span> <span class='ocrx_word' id='word_1_138' title='bbox 1606 1882 1713 1941; x_wconf 87' lang='lat'><em>61:6</em></span> <span class='ocrx_word' id='word_1_139' title='bbox 1743 1888 1937 1959; x_wconf 88' lang='grc' dir='ltr'>πείρας</span> 
     </span>
    </p>
   </div>
   <div class='ocr_carea' id='block_1_19' title="bbox 357 1968 1939 2043">
    <p class='ocr_par' dir='ltr' id='par_1_19' title="bbox 357 1968 1939 2043">
     <span class='ocr_line' id='line_1_19' title="bbox 357 1968 1939 2043; baseline 0.005 -23"><span class='ocrx_word' id='word_1_140' title='bbox 357 1968 699 2039; x_wconf 80' lang='grc' dir='ltr'>πραγμάτων</span> <span class='ocrx_word' id='word_1_141' title='bbox 720 2008 735 2033; x_wconf 92' lang='grc'>,</span> <span class='ocrx_word' id='word_1_142' title='bbox 791 1968 878 2023; x_wconf 85' lang='grc' dir='ltr'>διὰ</span> <span class='ocrx_word' id='word_1_143' title='bbox 919 1968 982 2023; x_wconf 87' lang='lat'>:6</span> <span class='ocrx_word' id='word_1_144' title='bbox 1014 1972 1205 2037; x_wconf 81' lang='grc' dir='ltr'>είπείν,</span> <span class='ocrx_word' id='word_1_145' title='bbox 1237 1973 1459 2043; x_wconf 77' lang='grc' dir='ltr'>Ἕτνως</span> <span class='ocrx_word' id='word_1_146' title='bbox 1497 1974 1612 2042; x_wconf 73' lang='grc' dir='ltr'>τὴν</span> <span class='ocrx_word' id='word_1_147' title='bbox 1643 1974 1939 2042; x_wconf 76' lang='grc' dir='ltr'>καθέδραν</span> 
     </span>
    </p>
   </div>
   <div class='ocr_carea' id='block_1_20' title="bbox 357 2056 1936 2135">
    <p class='ocr_par' dir='ltr' id='par_1_20' title="bbox 357 2056 1936 2135">
     <span class='ocr_line' id='line_1_20' title="bbox 357 2056 1936 2135; baseline 0.005 -27"><span class='ocrx_word' id='word_1_148' title='bbox 357 2074 497 2125; x_wconf 85' lang='grc' dir='ltr'>μου,</span> <span class='ocrx_word' id='word_1_149' title='bbox 517 2057 614 2110; x_wconf 74' lang='grc' dir='ltr'>καὶ</span> <span class='ocrx_word' id='word_1_150' title='bbox 642 2056 759 2126; x_wconf 80' lang='grc' dir='ltr'>τὴν</span> <span class='ocrx_word' id='word_1_151' title='bbox 776 2058 1020 2128; x_wconf 77' lang='grc' dir='ltr'>ἔγερσιν</span> <span class='ocrx_word' id='word_1_152' title='bbox 1037 2077 1179 2129; x_wconf 90' lang='grc' dir='ltr'>μου,</span> <span class='ocrx_word' id='word_1_153' title='bbox 1204 2061 1306 2134; x_wconf 81' lang='grc' dir='ltr'>δρα</span> <span class='ocrx_word' id='word_1_154' title='bbox 1332 2062 1446 2126; x_wconf 88' lang='grc' dir='ltr'>πῶς</span> <span class='ocrx_word' id='word_1_155' title='bbox 1480 2062 1610 2116; x_wconf 78' lang='grc' dir='ltr'>αὐτὸ</span> <span class='ocrx_word' id='word_1_156' title='bbox 1633 2061 1936 2135; x_wconf 83' lang='grc' dir='ltr'>διορθοῦται</span> 
     </span>
    </p>
   </div>
   <div class='ocr_carea' id='block_1_21' title="bbox 358 2140 1937 2219">
    <p class='ocr_par' dir='ltr' id='par_1_21' title="bbox 358 2140 1937 2219">
     <span class='ocr_line' id='line_1_21' title="bbox 358 2140 1937 2219; baseline 0.004 -22"><span class='ocrx_word' id='word_1_157' title='bbox 358 2143 450 2198; x_wconf 80' lang='grc' dir='ltr'>διὰ</span> <span class='ocrx_word' id='word_1_158' title='bbox 476 2143 574 2213; x_wconf 84' lang='grc' dir='ltr'>τῆς</span> <span class='ocrx_word' id='word_1_159' title='bbox 604 2145 922 2216; x_wconf 81' lang='grc' dir='ltr'>ἐπαγωγῆς,</span> <span class='ocrx_word' id='word_1_160' title='bbox 949 2140 1016 2217; x_wconf 82' lang='grc' dir='ltr'>ἦς</span> <span class='ocrx_word' id='word_1_161' title='bbox 1041 2148 1286 2219; x_wconf 81' lang='grc' dir='ltr'>ἐπήγαγε</span> <span class='ocrx_word' id='word_1_162' title='bbox 1313 2148 1507 2217; x_wconf 87' lang='grc' dir='ltr'>λέγων,</span> <span class='ocrx_word' id='word_1_163' title='bbox 1542 2148 1629 2203; x_wconf 85' lang='grc' dir='ltr'>Σὺ</span> <span class='ocrx_word' id='word_1_164' title='bbox 1659 2147 1937 2217; x_wconf 82' lang='grc' dir='ltr'>συνῆκας</span> 
     </span>
    </p>
   </div>
   <div class='ocr_carea' id='block_1_22' title="bbox 358 2231 1935 2305">
    <p class='ocr_par' dir='ltr' id='par_1_22' title="bbox 358 2231 1935 2305">
     <span class='ocr_line' id='line_1_22' title="bbox 358 2231 1935 2305; baseline 0.004 -21"><span class='ocrx_word' id='word_1_165' title='bbox 358 2231 504 2296; x_wconf 84' lang='grc' dir='ltr'>τοὺς</span> <span class='ocrx_word' id='word_1_166' title='bbox 529 2231 957 2301; x_wconf 80' lang='grc' dir='ltr'>διαλογισμούς</span> <span class='ocrx_word' id='word_1_167' title='bbox 994 2250 1115 2302; x_wconf 90' lang='grc' dir='ltr'>μου</span> <span class='ocrx_word' id='word_1_168' title='bbox 1164 2234 1282 2289; x_wconf 79' lang='grc' dir='ltr'>ἀπὸ</span> <span class='ocrx_word' id='word_1_169' title='bbox 1324 2237 1643 2305; x_wconf 74' lang='grc' dir='ltr'>μακρόθεν.</span> <span class='ocrx_word' id='word_1_170' title='bbox 1689 2236 1935 2290; x_wconf 86' lang='grc' dir='ltr'>Δείκνυσι</span> 
     </span>
    </p>
   </div>
   <div class='ocr_carea' id='block_1_23' title="bbox 361 2318 1934 2394">
    <p class='ocr_par' dir='ltr' id='par_1_23' title="bbox 361 2318 1934 2394">
     <span class='ocr_line' id='line_1_23' title="bbox 361 2318 1934 2394; baseline 0.004 -25"><span class='ocrx_word' id='word_1_171' title='bbox 361 2318 470 2389; x_wconf 88' lang='lat'>769</span> <span class='ocrx_word' id='word_1_172' title='bbox 501 2319 587 2371; x_wconf 84' lang='lat'>6:6</span> <span class='ocrx_word' id='word_1_173' title='bbox 615 2318 828 2384; x_wconf 90' lang='grc' dir='ltr'>τούτου,</span> <span class='ocrx_word' id='word_1_174' title='bbox 852 2321 933 2374; x_wconf 85' lang='grc' dir='ltr'>ὅτι</span> <span class='ocrx_word' id='word_1_175' title='bbox 970 2321 1092 2391; x_wconf 76' lang='grc' dir='ltr'>οὐχὶ</span> <span class='ocrx_word' id='word_1_176' title='bbox 1108 2321 1403 2394; x_wconf 75' lang='grc' dir='ltr'>δοκιμασία</span> <span class='ocrx_word' id='word_1_177' title='bbox 1422 2319 1587 2387; x_wconf 78' lang='grc' dir='ltr'>οἶδεν,</span> <span class='ocrx_word' id='word_1_178' title='bbox 1613 2323 1733 2377; x_wconf 85' lang='grc' dir='ltr'>ούδέ</span> <span class='ocrx_word' id='word_1_179' title='bbox 1763 2323 1934 2377; x_wconf 85' lang='grc' dir='ltr'>δεῖται</span> 
     </span>
    </p>
   </div>
   <div class='ocr_carea' id='block_1_24' title="bbox 362 2405 1939 2489">
    <p class='ocr_par' dir='ltr' id='par_1_24' title="bbox 362 2405 1939 2489">
     <span class='ocr_line' id='line_1_24' title="bbox 362 2405 1939 2489; baseline 0.003 -29"><span class='ocrx_word' id='word_1_180' title='bbox 362 2405 459 2460; x_wconf 89' lang='grc' dir='ltr'>τοῦ</span> <span class='ocrx_word' id='word_1_181' title='bbox 501 2407 830 2479; x_wconf 84' lang='grc' dir='ltr'>δοκιμάσαι,</span> <span class='ocrx_word' id='word_1_182' title='bbox 876 2406 1013 2461; x_wconf 88' lang='lat'><em>6116</em></span> <span class='ocrx_word' id='word_1_183' title='bbox 1057 2412 1438 2482; x_wconf 77' lang='grc' dir='ltr'>προγνωστικῇ</span> <span class='ocrx_word' id='word_1_184' title='bbox 1468 2410 1712 2487; x_wconf 74' lang='grc' dir='ltr'>⁵δυνάμει</span> <span class='ocrx_word' id='word_1_185' title='bbox 1761 2409 1939 2489; x_wconf 69' lang='grc' dir='ltr'>πάντα</span> 
     </span>
    </p>
   </div>
   <div class='ocr_carea' id='block_1_25' title="bbox 363 2479 1938 2568">
    <p class='ocr_par' dir='ltr' id='par_1_25' title="bbox 363 2479 1938 2568">
     <span class='ocr_line' id='line_1_25' title="bbox 363 2479 1938 2568; baseline 0.002 -22"><span class='ocrx_word' id='word_1_186' title='bbox 363 2494 673 2549; x_wconf 85' lang='grc' dir='ltr'>ἐπίσταται.</span> <span class='ocrx_word' id='word_1_187' title='bbox 718 2495 777 2546; x_wconf 85' lang='lat'>&#39;0</span> <span class='ocrx_word' id='word_1_188' title='bbox 806 2495 913 2566; x_wconf 91' lang='lat'>769</span> <span class='ocrx_word' id='word_1_189' title='bbox 944 2479 1233 2565; x_wconf 81' lang='grc' dir='ltr'>λογισμοὺς</span> <span class='ocrx_word' id='word_1_190' title='bbox 1272 2479 1435 2559; x_wconf 71' lang='grc' dir='ltr'>εἰδὼς</span> <span class='ocrx_word' id='word_1_191' title='bbox 1460 2479 1519 2550; x_wconf 75' lang='grc' dir='ltr'>ἐν</span> <span class='ocrx_word' id='word_1_192' title='bbox 1660 2495 1735 2568; x_wconf 89' lang='grc' dir='ltr'>νῷ</span> <span class='ocrx_word' id='word_1_193' title='bbox 1760 2497 1789 2537; x_wconf 76' lang='lat' dir='ltr'><strong>h</strong></span> <span class='ocrx_word' id='word_1_194' title='bbox 1820 2479 1938 2550; x_wconf 79' lang='grc' dir='ltr'>κεί-</span> 
     </span>
    </p>
   </div>
   <div class='ocr_carea' id='block_1_26' title="bbox 365 2580 1936 2655">
    <p class='ocr_par' dir='ltr' id='par_1_26' title="bbox 365 2580 1936 2655">
     <span class='ocr_line' id='line_1_26' title="bbox 365 2580 1936 2655; baseline 0.003 -22"><span class='ocrx_word' id='word_1_195' title='bbox 365 2582 582 2652; x_wconf 86' lang='grc' dir='ltr'>μένους,</span> <span class='ocrx_word' id='word_1_196' title='bbox 628 2583 688 2634; x_wconf 86' lang='grc' dir='ltr'>οὐ</span> <span class='ocrx_word' id='word_1_197' title='bbox 735 2580 904 2635; x_wconf 86' lang='grc' dir='ltr'>δεῖται</span> <span class='ocrx_word' id='word_1_198' title='bbox 932 2583 1032 2652; x_wconf 83' lang='grc' dir='ltr'>τῆς</span> <span class='ocrx_word' id='word_1_199' title='bbox 1086 2582 1174 2636; x_wconf 86' lang='grc' dir='ltr'>διὰ</span> <span class='ocrx_word' id='word_1_200' title='bbox 1224 2583 1329 2636; x_wconf 88' lang='grc' dir='ltr'>τῶν</span> <span class='ocrx_word' id='word_1_201' title='bbox 1372 2583 1548 2654; x_wconf 78' lang='grc' dir='ltr'>ἔργων</span> <span class='ocrx_word' id='word_1_202' title='bbox 1597 2584 1936 2655; x_wconf 73' lang='grc' dir='ltr'>δοκιμασίας.</span> 
     </span>
    </p>
   </div>
   <div class='ocr_carea' id='block_1_27' title="bbox 366 2667 1936 2741">
    <p class='ocr_par' dir='ltr' id='par_1_27' title="bbox 366 2667 1936 2741">
     <span class='ocr_line' id='line_1_27' title="bbox 366 2667 1936 2741; baseline -0.001 -19"><span class='ocrx_word' id='word_1_203' title='bbox 366 2669 577 2731; x_wconf 70' lang='grc' dir='ltr'>’Ἄλλως</span> <span class='ocrx_word' id='word_1_204' title='bbox 604 2670 661 2723; x_wconf 84' lang='grc' dir='ltr'>δέ</span> <span class='ocrx_word' id='word_1_205' title='bbox 692 2670 813 2723; x_wconf 84' lang='grc' dir='ltr'>οὐδὲ</span> <span class='ocrx_word' id='word_1_206' title='bbox 851 2671 1202 2740; x_wconf 82' lang='grc' dir='ltr'>κινουμένους</span> <span class='ocrx_word' id='word_1_207' title='bbox 1245 2671 1403 2741; x_wconf 88' lang='grc' dir='ltr'>μόνον</span> <span class='ocrx_word' id='word_1_208' title='bbox 1432 2674 1490 2725; x_wconf 84' lang='grc' dir='ltr'>ἐν</span> <span class='ocrx_word' id='word_1_209' title='bbox 1529 2670 1609 2741; x_wconf 86' lang='grc' dir='ltr'>τῷ</span> <span class='ocrx_word' id='word_1_210' title='bbox 1640 2670 1721 2725; x_wconf 77' lang='grc' dir='ltr'>νοῒ</span> <span class='ocrx_word' id='word_1_211' title='bbox 1767 2667 1936 2734; x_wconf 75' lang='grc' dir='ltr'>οἶδεν,</span> 
     </span>
    </p>
   </div>
   <div class='ocr_carea' id='block_1_28' title="bbox 363 2755 1936 2829">
    <p class='ocr_par' dir='ltr' id='par_1_28' title="bbox 363 2755 1936 2829">
     <span class='ocr_line' id='line_1_28' title="bbox 363 2755 1936 2829; baseline -0.001 -20"><span class='ocrx_word' id='word_1_212' title='bbox 363 2755 500 2809; x_wconf 82' lang='grc' dir='ltr'>ἀλλά</span> <span class='ocrx_word' id='word_1_213' title='bbox 530 2757 622 2809; x_wconf 85' lang='lat'><em>1:61</em></span> <span class='ocrx_word' id='word_1_214' title='bbox 658 2757 788 2829; x_wconf 74' lang='grc' dir='ltr'>πρὶν</span> <span class='ocrx_word' id='word_1_215' title='bbox 815 2756 847 2827; x_wconf 86' lang='grc' dir='ltr'>ἢ</span> <span class='ocrx_word' id='word_1_216' title='bbox 876 2757 1194 2827; x_wconf 82' lang='grc' dir='ltr'>κινηθῆναι’</span> <span class='ocrx_word' id='word_1_217' title='bbox 1232 2758 1326 2810; x_wconf 80' lang='grc' dir='ltr'>καὶ</span> <span class='ocrx_word' id='word_1_218' title='bbox 1363 2757 1488 2810; x_wconf 86' lang='grc' dir='ltr'>οὐδέ</span> <span class='ocrx_word' id='word_1_219' title='bbox 1525 2756 1708 2819; x_wconf 83' lang='grc' dir='ltr'>ἁπλῶς</span> <span class='ocrx_word' id='word_1_220' title='bbox 1737 2758 1868 2828; x_wconf 73' lang='grc' dir='ltr'>πρὶν</span> <span class='ocrx_word' id='word_1_221' title='bbox 1902 2756 1936 2828; x_wconf 73' lang='grc' dir='ltr'><strong>ἢ</strong></span> 
     </span>
    </p>
   </div>
   <div class='ocr_carea' id='block_1_29' title="bbox 365 2843 1942 2917">
    <p class='ocr_par' dir='ltr' id='par_1_29' title="bbox 365 2843 1942 2917">
     <span class='ocr_line' id='line_1_29' title="bbox 365 2843 1942 2917; baseline 0 -19"><span class='ocrx_word' id='word_1_222' title='bbox 365 2844 670 2914; x_wconf 79' lang='grc' dir='ltr'>κινηθῆναι.</span> <span class='ocrx_word' id='word_1_223' title='bbox 698 2844 832 2897; x_wconf 89' lang='lat'><em>6116</em></span> <span class='ocrx_word' id='word_1_224' title='bbox 853 2846 945 2897; x_wconf 80' lang='lat'><em>1:61</em></span> <span class='ocrx_word' id='word_1_225' title='bbox 973 2845 1079 2916; x_wconf 88' lang='lat'><em>1:96</em></span> <span class='ocrx_word' id='word_1_226' title='bbox 1102 2844 1296 2898; x_wconf 89' lang='grc' dir='ltr'>πολλοῦ</span> <span class='ocrx_word' id='word_1_227' title='bbox 1318 2844 1413 2898; x_wconf 90' lang='grc' dir='ltr'>τοῦ</span> <span class='ocrx_word' id='word_1_228' title='bbox 1434 2846 1644 2917; x_wconf 90' lang='grc' dir='ltr'>χρόνου.</span> <span class='ocrx_word' id='word_1_229' title='bbox 1662 2844 1752 2898; x_wconf 83' lang='grc' dir='ltr'>Διὸ</span> <span class='ocrx_word' id='word_1_230' title='bbox 1769 2843 1942 2898; x_wconf 81' lang='grc' dir='ltr'>ταῦτα</span> 
     </span>
    </p>
   </div>
   <div class='ocr_carea' id='block_1_30' title="bbox 368 2930 1941 3003">
    <p class='ocr_par' dir='ltr' id='par_1_30' title="bbox 368 2930 1941 3003">
     <span class='ocr_line' id='line_1_30' title="bbox 368 2930 1941 3003; baseline 0.002 -20"><span class='ocrx_word' id='word_1_231' title='bbox 368 2930 607 3002; x_wconf 80' lang='grc' dir='ltr'>δηλῶσαι</span> <span class='ocrx_word' id='word_1_232' title='bbox 642 2930 976 3002; x_wconf 81' lang='grc' dir='ltr'>βουλόμενος,</span> <span class='ocrx_word' id='word_1_233' title='bbox 1001 2933 1246 3003; x_wconf 83' lang='grc' dir='ltr'>ἐπήγαγε</span> <span class='ocrx_word' id='word_1_234' title='bbox 1275 2932 1357 2997; x_wconf 91' lang='lat'>:6,</span> <span class='ocrx_word' id='word_1_235' title='bbox 1383 2932 1468 2987; x_wconf 86' lang='grc' dir='ltr'>Σὺ</span> <span class='ocrx_word' id='word_1_236' title='bbox 1504 2931 1781 3000; x_wconf 83' lang='grc' dir='ltr'>συνῆκας</span> <span class='ocrx_word' id='word_1_237' title='bbox 1798 2931 1941 2998; x_wconf 85' lang='grc' dir='ltr'>τοὺς</span> 
     </span>
    </p>
   </div>
   <div class='ocr_carea' id='block_1_31' title="bbox 369 3014 1938 3089">
    <p class='ocr_par' dir='ltr' id='par_1_31' title="bbox 369 3014 1938 3089">
     <span class='ocr_line' id='line_1_31' title="bbox 369 3014 1938 3089; baseline 0.003 -19"><span class='ocrx_word' id='word_1_238' title='bbox 369 3017 794 3086; x_wconf 85' lang='grc' dir='ltr'>διαλογισμούς</span> <span class='ocrx_word' id='word_1_239' title='bbox 816 3036 933 3089; x_wconf 91' lang='grc' dir='ltr'>μου</span> <span class='ocrx_word' id='word_1_240' title='bbox 958 3018 1076 3073; x_wconf 84' lang='grc' dir='ltr'>ἀπὸ</span> <span class='ocrx_word' id='word_1_241' title='bbox 1099 3020 1417 3088; x_wconf 76' lang='grc' dir='ltr'>μακρόθεν.</span> <span class='ocrx_word' id='word_1_242' title='bbox 1454 3019 1516 3072; x_wconf 71' lang='lat' dir='ltr'>El</span> <span class='ocrx_word' id='word_1_243' title='bbox 1549 3018 1727 3073; x_wconf 76' lang='grc' dir='ltr'>τοίνυν</span> <span class='ocrx_word' id='word_1_244' title='bbox 1753 3014 1892 3074; x_wconf 74' lang='grc' dir='ltr'>οἶδεν</span> <span class='ocrx_word' id='word_1_245' title='bbox 1915 3029 1938 3058; x_wconf 75' lang='grc' dir='ltr'>θ</span> 
     </span>
    </p>
   </div>
   <div class='ocr_carea' id='block_1_32' title="bbox 366 3096 1943 3178">
    <p class='ocr_par' dir='ltr' id='par_1_32' title="bbox 366 3096 1943 3178">
     <span class='ocr_line' id='line_1_32' title="bbox 366 3096 1943 3178; baseline -0.001 -18"><span class='ocrx_word' id='word_1_246' title='bbox 366 3109 397 3160; x_wconf 90' lang='lat'>6</span> <span class='ocrx_word' id='word_1_247' title='bbox 435 3106 570 3169; x_wconf 83' lang='grc' dir='ltr'>Θεὸς</span> <span class='ocrx_word' id='word_1_248' title='bbox 614 3106 707 3160; x_wconf 78' lang='grc' dir='ltr'>καὶ</span> <span class='ocrx_word' id='word_1_249' title='bbox 742 3108 865 3170; x_wconf 76' lang='grc' dir='ltr'>τοὺς</span> <span class='ocrx_word' id='word_1_250' title='bbox 896 3096 1300 3178; x_wconf 80' lang='grc' dir='ltr'>διαλογισμοὺς,</span> <span class='ocrx_word' id='word_1_251' title='bbox 1348 3107 1489 3172; x_wconf 90' lang='grc' dir='ltr'>τίνος</span> <span class='ocrx_word' id='word_1_252' title='bbox 1521 3108 1704 3162; x_wconf 74' lang='grc' dir='ltr'>ἕνεκεν</span> <span class='ocrx_word' id='word_1_253' title='bbox 1747 3109 1943 3177; x_wconf 90' lang='grc' dir='ltr'>ἐπάγει</span> 
     </span>
    </p>
   </div>
   <div class='ocr_carea' id='block_1_33' title="bbox 365 3193 1940 3269">
    <p class='ocr_par' dir='ltr' id='par_1_33' title="bbox 365 3193 1940 3269">
     <span class='ocr_line' id='line_1_33' title="bbox 365 3193 1940 3269; baseline 0 -21"><span class='ocrx_word' id='word_1_254' title='bbox 365 3194 467 3269; x_wconf 85' lang='grc' dir='ltr'>τὴν</span> <span class='ocrx_word' id='word_1_255' title='bbox 499 3193 585 3250; x_wconf 83' lang='grc' dir='ltr'>διὰ</span> <span class='ocrx_word' id='word_1_256' title='bbox 632 3194 741 3248; x_wconf 85' lang='grc' dir='ltr'>τῶν</span> <span class='ocrx_word' id='word_1_257' title='bbox 787 3195 962 3267; x_wconf 76' lang='grc' dir='ltr'>ἔργων</span> <span class='ocrx_word' id='word_1_258' title='bbox 994 3196 1254 3267; x_wconf 86' lang='grc' dir='ltr'>δοκιμήν;</span> <span class='ocrx_word' id='word_1_259' title='bbox 1303 3196 1413 3264; x_wconf 78' lang='grc' dir='ltr'>Οὐχ</span> <span class='ocrx_word' id='word_1_260' title='bbox 1447 3196 1537 3250; x_wconf 88' lang='grc' dir='ltr'>ἴνα</span> <span class='ocrx_word' id='word_1_261' title='bbox 1575 3195 1738 3260; x_wconf 81' lang='grc' dir='ltr'>αὐτὸς</span> <span class='ocrx_word' id='word_1_262' title='bbox 1773 3195 1940 3267; x_wconf 80' lang='grc' dir='ltr'>μάθῃ,</span> 
     </span>
    </p>
   </div>
   <div class='ocr_carea' id='block_1_34' title="bbox 367 3283 1944 3356">
    <p class='ocr_par' dir='ltr' id='par_1_34' title="bbox 367 3283 1944 3356">
     <span class='ocr_line' id='line_1_34' title="bbox 367 3283 1944 3356; baseline -0.001 -19"><span class='ocrx_word' id='word_1_263' title='bbox 367 3283 485 3337; x_wconf 83' lang='grc' dir='ltr'>ἀλλ’</span> <span class='ocrx_word' id='word_1_264' title='bbox 514 3284 602 3335; x_wconf 81' lang='grc' dir='ltr'>ἵνα</span> <span class='ocrx_word' id='word_1_265' title='bbox 628 3284 754 3345; x_wconf 82' lang='grc' dir='ltr'>τοὺς</span> <span class='ocrx_word' id='word_1_266' title='bbox 781 3284 1146 3354; x_wconf 85' lang='grc' dir='ltr'>ὑπομένοντας</span> <span class='ocrx_word' id='word_1_267' title='bbox 1175 3283 1430 3353; x_wconf 83' lang='grc' dir='ltr'>δοκίμους</span> <span class='ocrx_word' id='word_1_268' title='bbox 1453 3285 1774 3356; x_wconf 84' lang='grc' dir='ltr'>ἐργάσηται.</span> <span class='ocrx_word' id='word_1_269' title='bbox 1791 3284 1944 3337; x_wconf 73' lang='grc' dir='ltr'>Ἐπεὶ</span> 
     </span>
    </p>
   </div>
   <div class='ocr_carea' id='block_1_35' title="bbox 369 3371 1945 3446">
    <p class='ocr_par' dir='ltr' id='par_1_35' title="bbox 369 3371 1945 3446">
     <span class='ocr_line' id='line_1_35' title="bbox 369 3371 1945 3446; baseline 0.001 -20"><span class='ocrx_word' id='word_1_270' title='bbox 369 3373 466 3427; x_wconf 87' lang='lat'><em>1:61</em></span> <span class='ocrx_word' id='word_1_271' title='bbox 492 3373 582 3425; x_wconf 82' lang='grc' dir='ltr'>τὸν</span> <span class='ocrx_word' id='word_1_272' title='bbox 613 3372 732 3425; x_wconf 84' lang='grc' dir='ltr'>Ἰὼϐ</span> <span class='ocrx_word' id='word_1_273' title='bbox 762 3372 875 3444; x_wconf 73' lang='grc' dir='ltr'>ᾔδει</span> <span class='ocrx_word' id='word_1_274' title='bbox 905 3371 1011 3443; x_wconf 78' lang='lat'><em>1:96</em></span> <span class='ocrx_word' id='word_1_275' title='bbox 1039 3374 1134 3445; x_wconf 81' lang='grc' dir='ltr'>τῆς</span> <span class='ocrx_word' id='word_1_276' title='bbox 1156 3374 1353 3445; x_wconf 87' lang='grc' dir='ltr'>πείρας</span> <span class='ocrx_word' id='word_1_277' title='bbox 1373 3392 1385 3404; x_wconf 88' lang='grc'><strong>·</strong></span> <span class='ocrx_word' id='word_1_278' title='bbox 1417 3373 1499 3426; x_wconf 85' lang='lat'>6:6</span> <span class='ocrx_word' id='word_1_279' title='bbox 1528 3375 1620 3428; x_wconf 83' lang='grc' dir='ltr'>καί</span> <span class='ocrx_word' id='word_1_280' title='bbox 1647 3371 1945 3446; x_wconf 72' lang='grc' dir='ltr'>ἐμαρτύρει</span> 
     </span>
    </p>
   </div>
   <div class='ocr_carea' id='block_1_36' title="bbox 368 3459 1943 3528">
    <p class='ocr_par' dir='ltr' id='par_1_36' title="bbox 368 3459 1943 3528">
     <span class='ocr_line' id='line_1_36' title="bbox 368 3459 1943 3528; baseline 0 -15"><span class='ocrx_word' id='word_1_281' title='bbox 368 3459 572 3528; x_wconf 82' lang='grc' dir='ltr'>λέγων·</span> <span class='ocrx_word' id='word_1_282' title='bbox 615 3461 950 3527; x_wconf 79' lang='grc' dir='ltr'>Ἄνθρωπος</span> <span class='ocrx_word' id='word_1_283' title='bbox 983 3461 1241 3526; x_wconf 78' lang='grc' dir='ltr'>δίκαιος,</span> <span class='ocrx_word' id='word_1_284' title='bbox 1280 3460 1568 3527; x_wconf 79' lang='grc' dir='ltr'>ἀληθινὸς</span> <span class='ocrx_word' id='word_1_285' title='bbox 1588 3499 1604 3521; x_wconf 89' lang='grc'>,</span> <span class='ocrx_word' id='word_1_286' title='bbox 1638 3459 1943 3526; x_wconf 74' lang='grc' dir='ltr'>θεοσεϐὴς.</span> 
     </span>
    </p>
   </div>
   <div class='ocr_carea' id='block_1_37' title="bbox 384 3546 1948 3618">
    <p class='ocr_par' dir='ltr' id='par_1_37' title="bbox 384 3546 1948 3618">
     <span class='ocr_line' id='line_1_37' title="bbox 384 3546 1948 3618; baseline 0 -18"><span class='ocrx_word' id='word_1_287' title='bbox 384 3547 524 3600; x_wconf 83' lang='grc' dir='ltr'>Ἀλλ’</span> <span class='ocrx_word' id='word_1_288' title='bbox 558 3548 807 3615; x_wconf 86' lang='grc' dir='ltr'>ἐπήγαγε</span> <span class='ocrx_word' id='word_1_289' title='bbox 856 3548 955 3617; x_wconf 73' lang='grc' dir='ltr'>τὴν</span> <span class='ocrx_word' id='word_1_290' title='bbox 990 3551 1205 3618; x_wconf 84' lang='grc' dir='ltr'>πεῖραν,</span> <span class='ocrx_word' id='word_1_291' title='bbox 1250 3546 1391 3601; x_wconf 80' lang='grc' dir='ltr'>ὥστε</span> <span class='ocrx_word' id='word_1_292' title='bbox 1422 3548 1628 3601; x_wconf 84' lang='grc' dir='ltr'>ἐκεῖνόν</span> <span class='ocrx_word' id='word_1_293' title='bbox 1657 3565 1717 3601; x_wconf 90' lang='grc' dir='ltr'>τε</span> <span class='ocrx_word' id='word_1_294' title='bbox 1753 3564 1948 3618; x_wconf 88' lang='grc' dir='ltr'>καρτε-</span> 
     </span>
    </p>
   </div>
   <div class='ocr_carea' id='block_1_38' title="bbox 372 3634 1950 3709">
    <p class='ocr_par' dir='ltr' id='par_1_38' title="bbox 372 3634 1950 3709">
     <span class='ocr_line' id='line_1_38' title="bbox 372 3634 1950 3709; baseline 0.003 -22"><span class='ocrx_word' id='word_1_295' title='bbox 372 3634 671 3707; x_wconf 89' lang='grc' dir='ltr'>ρικώτερον</span> <span class='ocrx_word' id='word_1_296' title='bbox 705 3634 1073 3709; x_wconf 82' lang='grc' dir='ltr'>ἐργάσασθαι,</span> <span class='ocrx_word' id='word_1_297' title='bbox 1110 3636 1204 3687; x_wconf 84' lang='lat'><em>1:61</em></span> <span class='ocrx_word' id='word_1_298' title='bbox 1234 3634 1328 3688; x_wconf 90' lang='grc' dir='ltr'>τοῦ</span> <span class='ocrx_word' id='word_1_299' title='bbox 1361 3635 1605 3688; x_wconf 78' lang='grc' dir='ltr'>διαϐόλου</span> <span class='ocrx_word' id='word_1_300' title='bbox 1653 3635 1751 3706; x_wconf 83' lang='grc' dir='ltr'>τὴν</span> <span class='ocrx_word' id='word_1_301' title='bbox 1783 3652 1950 3706; x_wconf 84' lang='grc' dir='ltr'>πονη-</span> 
     </span>
    </p>
   </div>
   <div class='ocr_carea' id='block_1_39' title="bbox 382 3721 1947 3794">
    <p class='ocr_par' dir='ltr' id='par_1_39' title="bbox 382 3721 1947 3794">
     <span class='ocr_line' id='line_1_39' title="bbox 382 3721 1947 3794; baseline 0.001 -21"><span class='ocrx_word' id='word_1_302' title='bbox 382 3724 506 3793; x_wconf 84' lang='grc' dir='ltr'>ρίαν</span> <span class='ocrx_word' id='word_1_303' title='bbox 540 3721 775 3789; x_wconf 80' lang='grc' dir='ltr'>ἐλέγξαι,</span> <span class='ocrx_word' id='word_1_304' title='bbox 809 3723 903 3776; x_wconf 84' lang='lat'><em>1:61</em></span> <span class='ocrx_word' id='word_1_305' title='bbox 932 3723 958 3762; x_wconf 74' lang='grc' dir='ltr'><strong><em>ἀ</em></strong></span> <span class='ocrx_word' id='word_1_306' title='bbox 990 3723 1115 3786; x_wconf 79' lang='grc' dir='ltr'>τοὺς</span> <span class='ocrx_word' id='word_1_307' title='bbox 1149 3723 1338 3786; x_wconf 77' lang='grc' dir='ltr'>ἄλλους</span> <span class='ocrx_word' id='word_1_308' title='bbox 1370 3722 1820 3794; x_wconf 78' lang='grc' dir='ltr'>σπουδαιοτέρους</span> <span class='ocrx_word' id='word_1_309' title='bbox 1857 3721 1947 3775; x_wconf 97' lang='lat'>6:6</span> 
     </span>
    </p>
   </div>
   <div class='ocr_carea' id='block_1_40' title="bbox 372 3808 2003 3881">
    <p class='ocr_par' dir='ltr' id='par_1_40' title="bbox 372 3808 2003 3881">
     <span class='ocr_line' id='line_1_40' title="bbox 372 3808 2003 3881; baseline 0.001 -21"><span class='ocrx_word' id='word_1_310' title='bbox 372 3808 472 3866; x_wconf 72' lang='grc' dir='ltr'>τοῦ</span> <span class='ocrx_word' id='word_1_311' title='bbox 515 3808 950 3878; x_wconf 78' lang='grc' dir='ltr'>παραδείγματος</span> <span class='ocrx_word' id='word_1_312' title='bbox 1002 3809 1246 3878; x_wconf 83' lang='grc' dir='ltr'>ποιῆσαι.</span> <span class='ocrx_word' id='word_1_313' title='bbox 1292 3809 1404 3863; x_wconf 82' lang='lat' dir='ltr'><em>K61</em></span> <span class='ocrx_word' id='word_1_314' title='bbox 1433 3810 1486 3863; x_wconf 93' lang='grc' dir='ltr'>τί</span> <span class='ocrx_word' id='word_1_315' title='bbox 1528 3809 1865 3881; x_wconf 76' lang='grc' dir='ltr'>θαυμάζεις,</span> <span class='ocrx_word' id='word_1_316' title='bbox 1902 3810 1951 3862; x_wconf 87' lang='grc' dir='ltr'>εί</span> <span class='ocrx_word' id='word_1_317' title='bbox 1998 3812 2003 3823; x_wconf 81' lang='grc'><strong><em>³</em></strong></span> 
     </span>
    </p>
   </div>
   <div class='ocr_carea' id='block_1_41' title="bbox 374 3895 1948 3971">
    <p class='ocr_par' dir='ltr' id='par_1_41' title="bbox 374 3895 1948 3971">
     <span class='ocr_line' id='line_1_41' title="bbox 374 3895 1948 3971; baseline -0.001 -18"><span class='ocrx_word' id='word_1_318' title='bbox 374 3897 471 3953; x_wconf 76' lang='grc' dir='ltr'>ἐπὶ</span> <span class='ocrx_word' id='word_1_319' title='bbox 504 3896 598 3949; x_wconf 89' lang='grc' dir='ltr'>τοῦ</span> <span class='ocrx_word' id='word_1_320' title='bbox 627 3896 745 3950; x_wconf 81' lang='grc' dir='ltr'>Ἰὼϐ</span> <span class='ocrx_word' id='word_1_321' title='bbox 772 3895 928 3951; x_wconf 88' lang='grc' dir='ltr'>τοῦτο</span> <span class='ocrx_word' id='word_1_322' title='bbox 958 3898 1275 3968; x_wconf 80' lang='grc' dir='ltr'>πεποίηκεν,</span> <span class='ocrx_word' id='word_1_323' title='bbox 1301 3899 1433 3952; x_wconf 85' lang='grc' dir='ltr'>ὅπου</span> <span class='ocrx_word' id='word_1_324' title='bbox 1460 3915 1523 3968; x_wconf 91' lang='grc' dir='ltr'>γε</span> <span class='ocrx_word' id='word_1_325' title='bbox 1551 3899 1645 3952; x_wconf 84' lang='lat'><em>1:61</em></span> <span class='ocrx_word' id='word_1_326' title='bbox 1674 3898 1825 3971; x_wconf 80' lang='grc'><strong>[410]</strong></span> <span class='ocrx_word' id='word_1_327' title='bbox 1853 3899 1948 3952; x_wconf 74' lang='grc' dir='ltr'>ἐπὶ</span> 
     </span>
    </p>
   </div>
   <div class='ocr_carea' id='block_1_42' title="bbox 375 3983 1955 4058">
    <p class='ocr_par' dir='ltr' id='par_1_42' title="bbox 375 3983 1955 4058">
     <span class='ocr_line' id='line_1_42' title="bbox 375 3983 1955 4058; baseline -0.001 -18"><span class='ocrx_word' id='word_1_328' title='bbox 375 3986 489 4040; x_wconf 80' lang='grc' dir='ltr'>τῶν</span> <span class='ocrx_word' id='word_1_329' title='bbox 520 3983 859 4054; x_wconf 83' lang='grc' dir='ltr'>ἁμαρτωλῶν</span> <span class='ocrx_word' id='word_1_330' title='bbox 887 3984 947 4035; x_wconf 87' lang='grc' dir='ltr'>τδ</span> <span class='ocrx_word' id='word_1_331' title='bbox 980 3983 1111 4036; x_wconf 84' lang='grc' dir='ltr'>αὐτὸ</span> <span class='ocrx_word' id='word_1_332' title='bbox 1141 3995 1163 4024; x_wconf 72' lang='grc' dir='ltr'>ε</span> <span class='ocrx_word' id='word_1_333' title='bbox 1190 3984 1522 4055; x_wconf 76' lang='grc' dir='ltr'>ἐργάζεταις</span> <span class='ocrx_word' id='word_1_334' title='bbox 1553 3985 1692 4049; x_wconf 80' lang='grc' dir='ltr'>Τοὺς</span> <span class='ocrx_word' id='word_1_335' title='bbox 1718 3984 1825 4058; x_wconf 84' lang='grc' dir='ltr'>γὰρ</span> <span class='ocrx_word' id='word_1_336' title='bbox 1857 3985 1955 4038; x_wconf 90' lang='grc' dir='ltr'>Νι-</span> 
     </span>
    </p>
   </div>
   <div class='ocr_carea' id='block_1_43' title="bbox 378 4069 1957 4140">
    <p class='ocr_par' dir='ltr' id='par_1_43' title="bbox 378 4069 1957 4140">
     <span class='ocr_line' id='line_1_43' title="bbox 378 4069 1957 4140; baseline -0.001 -15"><span class='ocrx_word' id='word_1_337' title='bbox 378 4073 597 4134; x_wconf 78' lang='grc' dir='ltr'>νευῖτας</span> <span class='ocrx_word' id='word_1_338' title='bbox 623 4070 737 4140; x_wconf 78' lang='grc' dir='ltr'>ᾔδει</span> <span class='ocrx_word' id='word_1_339' title='bbox 774 4069 960 4139; x_wconf 84' lang='grc' dir='ltr'>σαφῶς</span> <span class='ocrx_word' id='word_1_340' title='bbox 984 4071 1084 4124; x_wconf 87' lang='grc' dir='ltr'>οὐκ</span> <span class='ocrx_word' id='word_1_341' title='bbox 1118 4071 1302 4135; x_wconf 80' lang='grc' dir='ltr'>ἀξίους</span> <span class='ocrx_word' id='word_1_342' title='bbox 1326 4073 1483 4134; x_wconf 80' lang='grc' dir='ltr'>δντας</span> <span class='ocrx_word' id='word_1_343' title='bbox 1511 4070 1792 4138; x_wconf 83' lang='grc' dir='ltr'>ἀπολέσαι,</span> <span class='ocrx_word' id='word_1_344' title='bbox 1819 4069 1957 4125; x_wconf 82' lang='grc' dir='ltr'>ἀλλὰ</span> 
     </span>
    </p>
   </div>
   <div class='ocr_carea' id='block_1_44' title="bbox 378 4156 1957 4229">
    <p class='ocr_par' dir='ltr' id='par_1_44' title="bbox 378 4156 1957 4229">
     <span class='ocr_line' id='line_1_44' title="bbox 378 4156 1957 4229; baseline -0.001 -17"><span class='ocrx_word' id='word_1_345' title='bbox 378 4159 469 4214; x_wconf 84' lang='grc' dir='ltr'>διὰ</span> <span class='ocrx_word' id='word_1_346' title='bbox 511 4159 610 4228; x_wconf 82' lang='grc' dir='ltr'>τῆς</span> <span class='ocrx_word' id='word_1_347' title='bbox 649 4156 934 4227; x_wconf 74' lang='grc' dir='ltr'>μετανοίας</span> <span class='ocrx_word' id='word_1_348' title='bbox 986 4157 1228 4226; x_wconf 84' lang='grc' dir='ltr'>βελτίους</span> <span class='ocrx_word' id='word_1_349' title='bbox 1272 4157 1587 4229; x_wconf 72' lang='grc' dir='ltr'>ἐωμένους·</span> <span class='ocrx_word' id='word_1_350' title='bbox 1634 4157 1752 4211; x_wconf 82' lang='lat'><em>611‘</em></span> <span class='ocrx_word' id='word_1_351' title='bbox 1804 4156 1957 4228; x_wconf 79' lang='grc' dir='ltr'>ὅμως</span> 
     </span>
    </p>
   </div>
   <div class='ocr_carea' id='block_1_45' title="bbox 379 4244 1957 4317">
    <p class='ocr_par' dir='ltr' id='par_1_45' title="bbox 379 4244 1957 4317">
     <span class='ocr_line' id='line_1_45' title="bbox 379 4244 1957 4317; baseline -0.002 -17"><span class='ocrx_word' id='word_1_352' title='bbox 379 4246 580 4314; x_wconf 82' lang='grc' dir='ltr'>ἐπάγει</span> <span class='ocrx_word' id='word_1_353' title='bbox 628 4245 723 4298; x_wconf 75' lang='lat'><em>1:6&quot;.</em></span> <span class='ocrx_word' id='word_1_354' title='bbox 763 4245 859 4314; x_wconf 81' lang='grc' dir='ltr'>τὴν</span> <span class='ocrx_word' id='word_1_355' title='bbox 904 4244 993 4298; x_wconf 88' lang='lat'>6:6</span> <span class='ocrx_word' id='word_1_356' title='bbox 1031 4244 1141 4298; x_wconf 85' lang='grc' dir='ltr'>τῶν</span> <span class='ocrx_word' id='word_1_357' title='bbox 1193 4244 1534 4317; x_wconf 82' lang='grc' dir='ltr'>πραγμάτων</span> <span class='ocrx_word' id='word_1_358' title='bbox 1588 4247 1782 4315; x_wconf 85' lang='grc' dir='ltr'>πεῖραν</span> <span class='ocrx_word' id='word_1_359' title='bbox 1805 4260 1822 4277; x_wconf 77' lang='grc' dir='ltr'><strong>ο</strong></span> <span class='ocrx_word' id='word_1_360' title='bbox 1862 4245 1957 4298; x_wconf 86' lang='lat'><em>1:61</em></span> 
     </span>
    </p>
   </div>
   <div class='ocr_carea' id='block_1_46' title="bbox 379 4327 1956 4405">
    <p class='ocr_par' dir='ltr' id='par_1_46' title="bbox 379 4327 1956 4405">
     <span class='ocr_line' id='line_1_46' title="bbox 379 4327 1956 4405; baseline -0.001 -20"><span class='ocrx_word' id='word_1_361' title='bbox 379 4332 660 4403; x_wconf 86' lang='grc' dir='ltr'>πανταχοῦ</span> <span class='ocrx_word' id='word_1_362' title='bbox 705 4331 905 4394; x_wconf 82' lang='grc' dir='ltr'>πολλὰς</span> <span class='ocrx_word' id='word_1_363' title='bbox 949 4330 1250 4396; x_wconf 83' lang='grc' dir='ltr'>ἀποδείξεις</span> <span class='ocrx_word' id='word_1_364' title='bbox 1309 4332 1608 4405; x_wconf 83' lang='grc' dir='ltr'>παρέχεται</span> <span class='ocrx_word' id='word_1_365' title='bbox 1650 4331 1749 4402; x_wconf 85' lang='grc' dir='ltr'>τῆς</span> <span class='ocrx_word' id='word_1_366' title='bbox 1792 4327 1956 4385; x_wconf 84' lang='grc' dir='ltr'>αὑτοῦ</span> 
     </span>
    </p>
   </div>
   <div class='ocr_carea' id='block_1_47' title="bbox 380 4417 1957 4490">
    <p class='ocr_par' dir='ltr' id='par_1_47' title="bbox 380 4417 1957 4490">
     <span class='ocr_line' id='line_1_47' title="bbox 380 4417 1957 4490; baseline -0.002 -16"><span class='ocrx_word' id='word_1_367' title='bbox 380 4418 706 4490; x_wconf 83' lang='grc' dir='ltr'>κηδεμονίας</span> <span class='ocrx_word' id='word_1_368' title='bbox 746 4420 841 4472; x_wconf 84' lang='lat'><em>1:61</em></span> <span class='ocrx_word' id='word_1_369' title='bbox 879 4418 976 4488; x_wconf 82' lang='grc' dir='ltr'>τῆς</span> <span class='ocrx_word' id='word_1_370' title='bbox 1013 4417 1436 4488; x_wconf 83' lang='grc' dir='ltr'>φιλανθρωπίας,</span> <span class='ocrx_word' id='word_1_371' title='bbox 1466 4418 1567 4474; x_wconf 84' lang='grc' dir='ltr'>οὐκ</span> <span class='ocrx_word' id='word_1_372' title='bbox 1618 4417 1957 4490; x_wconf 81' lang='grc' dir='ltr'>ἀρκούμενος</span> 
     </span>
    </p>
   </div>
   <div class='ocr_carea' id='block_1_48' title="bbox 379 4504 959 4579">
    <p class='ocr_par' dir='ltr' id='par_1_48' title="bbox 379 4504 959 4579">
     <span class='ocr_line' id='line_1_48' title="bbox 379 4504 959 4579; baseline 0.005 -19"><span class='ocrx_word' id='word_1_373' title='bbox 379 4509 453 4579; x_wconf 71' lang='grc' dir='ltr'>τῇ</span> <span class='ocrx_word' id='word_1_374' title='bbox 485 4504 649 4560; x_wconf 84' lang='grc' dir='ltr'>αὑτοῦ</span> <span class='ocrx_word' id='word_1_375' title='bbox 688 4504 884 4574; x_wconf 80' lang='grc' dir='ltr'>γνώσει</span> <span class='ocrx_word' id='word_1_376' title='bbox 913 4504 959 4563; x_wconf 71' lang='grc' dir='ltr'>τ.</span> 
     </span>
    </p>
   </div>
   <div class='ocr_carea' id='block_1_49' title="bbox 457 4590 1962 4665">
    <p class='ocr_par' dir='ltr' id='par_1_49' title="bbox 457 4590 1962 4665">
     <span class='ocr_line' id='line_1_49' title="bbox 457 4590 1962 4665; baseline -0.001 -18"><span class='ocrx_word' id='word_1_377' title='bbox 457 4591 556 4648; x_wconf 78' lang='grc' dir='ltr'>Δια</span> <span class='ocrx_word' id='word_1_378' title='bbox 578 4594 736 4649; x_wconf 85' lang='grc' dir='ltr'>τοῦτο</span> <span class='ocrx_word' id='word_1_379' title='bbox 764 4593 910 4649; x_wconf 84' lang='lat'><em>1:616</em></span> <span class='ocrx_word' id='word_1_380' title='bbox 937 4592 1247 4665; x_wconf 81' lang='grc' dir='ltr'>Μονογενὴς</span> <span class='ocrx_word' id='word_1_381' title='bbox 1274 4592 1478 4663; x_wconf 75' lang='grc' dir='ltr'>ἔλεγεν·</span> <span class='ocrx_word' id='word_1_382' title='bbox 1511 4596 1582 4650; x_wconf 77' lang='lat' dir='ltr'>El</span> <span class='ocrx_word' id='word_1_383' title='bbox 1605 4592 1693 4664; x_wconf 80' lang='grc' dir='ltr'>μὴ</span> <span class='ocrx_word' id='word_1_384' title='bbox 1719 4592 1868 4649; x_wconf 77' lang='grc' dir='ltr'>ποιῶ</span> <span class='ocrx_word' id='word_1_385' title='bbox 1887 4590 1962 4647; x_wconf 82' lang='grc' dir='ltr'>τὰ</span> 
     </span>
    </p>
   </div>
   <div class='ocr_carea' id='block_1_50' title="bbox 382 4679 1964 4752">
    <p class='ocr_par' dir='ltr' id='par_1_50' title="bbox 382 4679 1964 4752">
     <span class='ocr_line' id='line_1_50' title="bbox 382 4679 1964 4752; baseline -0.003 -14"><span class='ocrx_word' id='word_1_386' title='bbox 382 4682 532 4752; x_wconf 75' lang='grc' dir='ltr'>ἔργα</span> <span class='ocrx_word' id='word_1_387' title='bbox 560 4681 667 4737; x_wconf 85' lang='grc' dir='ltr'>τοῦ</span> <span class='ocrx_word' id='word_1_388' title='bbox 705 4683 936 4749; x_wconf 86' lang='grc' dir='ltr'>Πατρός</span> <span class='ocrx_word' id='word_1_389' title='bbox 967 4698 1087 4750; x_wconf 88' lang='grc' dir='ltr'>μου</span> <span class='ocrx_word' id='word_1_390' title='bbox 1104 4720 1119 4746; x_wconf 95' lang='grc'>,</span> <span class='ocrx_word' id='word_1_391' title='bbox 1153 4679 1240 4750; x_wconf 80' lang='grc' dir='ltr'>μὴ</span> <span class='ocrx_word' id='word_1_392' title='bbox 1282 4680 1594 4736; x_wconf 82' lang='grc' dir='ltr'>πιστεύετέ</span> <span class='ocrx_word' id='word_1_393' title='bbox 1615 4698 1718 4751; x_wconf 88' lang='grc' dir='ltr'>μοι</span> <span class='ocrx_word' id='word_1_394' title='bbox 1739 4696 1755 4712; x_wconf 76' lang='grc' dir='ltr'><strong>ο</strong></span> <span class='ocrx_word' id='word_1_395' title='bbox 1794 4681 1849 4734; x_wconf 88' lang='grc' dir='ltr'>εί</span> <span class='ocrx_word' id='word_1_396' title='bbox 1895 4679 1964 4733; x_wconf 73' lang='lat'>66</span> 
     </span>
    </p>
   </div>
   <div class='ocr_carea' id='block_1_51' title="bbox 382 4767 1964 4838">
    <p class='ocr_par' dir='ltr' id='par_1_51' title="bbox 382 4767 1964 4838">
     <span class='ocr_line' id='line_1_51' title="bbox 382 4767 1964 4838; baseline -0.001 -15"><span class='ocrx_word' id='word_1_397' title='bbox 382 4767 557 4835; x_wconf 78' lang='grc' dir='ltr'>ποιῶ,</span> <span class='ocrx_word' id='word_1_398' title='bbox 585 4768 701 4823; x_wconf 85' lang='grc' dir='ltr'>κᾶν</span> <span class='ocrx_word' id='word_1_399' title='bbox 718 4767 947 4838; x_wconf 82' lang='grc' dir='ltr'>ἐμοίμή</span> <span class='ocrx_word' id='word_1_400' title='bbox 980 4767 1323 4836; x_wconf 80' lang='grc' dir='ltr'>πιστεύητε,</span> <span class='ocrx_word' id='word_1_401' title='bbox 1345 4767 1466 4833; x_wconf 84' lang='grc' dir='ltr'>τοῖς</span> <span class='ocrx_word' id='word_1_402' title='bbox 1498 4768 1694 4837; x_wconf 79' lang='grc' dir='ltr'>ἔργοις</span> <span class='ocrx_word' id='word_1_403' title='bbox 1721 4768 1964 4822; x_wconf 78' lang='grc' dir='ltr'>πιστεύ-</span> 
     </span>
    </p>
   </div>
   <div class='ocr_carea' id='block_1_52' title="bbox 384 4853 1965 4928">
    <p class='ocr_par' dir='ltr' id='par_1_52' title="bbox 384 4853 1965 4928">
     <span class='ocr_line' id='line_1_52' title="bbox 384 4853 1965 4928; baseline -0.003 -15"><span class='ocrx_word' id='word_1_404' title='bbox 384 4872 559 4913; x_wconf 85' lang='grc' dir='ltr'>σατε.</span> <span class='ocrx_word' id='word_1_405' title='bbox 606 4856 823 4927; x_wconf 86' lang='grc' dir='ltr'>Ἐπειδὴ</span> <span class='ocrx_word' id='word_1_406' title='bbox 873 4855 984 4928; x_wconf 87' lang='grc' dir='ltr'>γὰρ</span> <span class='ocrx_word' id='word_1_407' title='bbox 1036 4854 1221 4913; x_wconf 76' lang='grc' dir='ltr'>πολλοὶ</span> <span class='ocrx_word' id='word_1_408' title='bbox 1256 4854 1550 4927; x_wconf 81' lang='grc' dir='ltr'>παχύτεροι</span> <span class='ocrx_word' id='word_1_409' title='bbox 1597 4856 1696 4926; x_wconf 81' lang='grc' dir='ltr'>τὴν</span> <span class='ocrx_word' id='word_1_410' title='bbox 1740 4853 1965 4926; x_wconf 84' lang='grc' dir='ltr'>γνώμην</span> 
     </span>
    </p>
   </div>
   <div class='ocr_carea' id='block_1_53' title="bbox 382 4944 1960 5016">
    <p class='ocr_par' dir='ltr' id='par_1_53' title="bbox 382 4944 1960 5016">
     <span class='ocr_line' id='line_1_53' title="bbox 382 4944 1960 5016; baseline 0 -17"><span class='ocrx_word' id='word_1_411' title='bbox 382 4945 561 5009; x_wconf 73' lang='grc' dir='ltr'>ὄντες,</span> <span class='ocrx_word' id='word_1_412' title='bbox 591 4946 686 5003; x_wconf 86' lang='lat'><em>1:61</em></span> <span class='ocrx_word' id='word_1_413' title='bbox 710 4944 1044 5016; x_wconf 81' lang='grc' dir='ltr'>ἀναίσθητοι,</span> <span class='ocrx_word' id='word_1_414' title='bbox 1066 4944 1234 4999; x_wconf 87' lang='grc' dir='ltr'>πολλά</span> <span class='ocrx_word' id='word_1_415' title='bbox 1257 4944 1481 4999; x_wconf 84' lang='grc' dir='ltr'>τοιαῦτα</span> <span class='ocrx_word' id='word_1_416' title='bbox 1508 4944 1856 5014; x_wconf 85' lang='grc' dir='ltr'>φθέγγονται,</span> <span class='ocrx_word' id='word_1_417' title='bbox 1878 4944 1960 4999; x_wconf 83' lang='grc' dir='ltr'>ὅτι</span> 
     </span>
    </p>
   </div>
   <div class='ocr_carea' id='block_1_54' title="bbox 382 5030 1968 5102">
    <p class='ocr_par' dir='ltr' id='par_1_54' title="bbox 382 5030 1968 5102">
     <span class='ocr_line' id='line_1_54' title="bbox 382 5030 1968 5102; baseline 0 -17"><span class='ocrx_word' id='word_1_418' title='bbox 382 5033 482 5085; x_wconf 79' lang='grc' dir='ltr'>τὸν</span> <span class='ocrx_word' id='word_1_419' title='bbox 509 5032 656 5085; x_wconf 73' lang='grc' dir='ltr'>δεῖνα</span> <span class='ocrx_word' id='word_1_420' title='bbox 696 5030 993 5096; x_wconf 76' lang='grc' dir='ltr'>ἐξελέξατο,</span> <span class='ocrx_word' id='word_1_421' title='bbox 1031 5033 1126 5087; x_wconf 88' lang='lat'><em>1:61</em></span> <span class='ocrx_word' id='word_1_422' title='bbox 1154 5032 1245 5086; x_wconf 85' lang='grc' dir='ltr'>τὸν</span> <span class='ocrx_word' id='word_1_423' title='bbox 1280 5032 1427 5086; x_wconf 85' lang='grc' dir='ltr'>δεῖνα</span> <span class='ocrx_word' id='word_1_424' title='bbox 1466 5031 1714 5102; x_wconf 87' lang='grc' dir='ltr'>ἐφίλησε,</span> <span class='ocrx_word' id='word_1_425' title='bbox 1750 5034 1843 5086; x_wconf 86' lang='grc' dir='ltr'>καί</span> <span class='ocrx_word' id='word_1_426' title='bbox 1875 5031 1968 5085; x_wconf 83' lang='grc' dir='ltr'>τὸν</span> 
     </span>
    </p>
   </div>
   <div class='ocr_carea' id='block_1_55' title="bbox 382 5118 1969 5193">
    <p class='ocr_par' dir='ltr' id='par_1_55' title="bbox 382 5118 1969 5193">
     <span class='ocr_line' id='line_1_55' title="bbox 382 5118 1969 5193; baseline -0.001 -18"><span class='ocrx_word' id='word_1_427' title='bbox 382 5122 540 5175; x_wconf 81' lang='grc' dir='ltr'>δεῖνα</span> <span class='ocrx_word' id='word_1_428' title='bbox 574 5122 825 5193; x_wconf 84' lang='grc' dir='ltr'>ἐμίσησε,</span> <span class='ocrx_word' id='word_1_429' title='bbox 848 5120 935 5174; x_wconf 88' lang='lat'>6:6</span> <span class='ocrx_word' id='word_1_430' title='bbox 962 5120 1118 5175; x_wconf 90' lang='grc' dir='ltr'>τοῦτο</span> <span class='ocrx_word' id='word_1_431' title='bbox 1149 5123 1178 5175; x_wconf 92' lang='lat'>6</span> <span class='ocrx_word' id='word_1_432' title='bbox 1206 5122 1304 5193; x_wconf 84' lang='grc' dir='ltr'>μὲν</span> <span class='ocrx_word' id='word_1_433' title='bbox 1338 5120 1594 5191; x_wconf 82' lang='grc' dir='ltr'>πονηρὸς,</span> <span class='ocrx_word' id='word_1_434' title='bbox 1613 5120 1643 5172; x_wconf 88' lang='lat'>6</span> <span class='ocrx_word' id='word_1_435' title='bbox 1670 5118 1729 5173; x_wconf 84' lang='grc' dir='ltr'>δὲ</span> <span class='ocrx_word' id='word_1_436' title='bbox 1768 5118 1969 5188; x_wconf 87' lang='grc' dir='ltr'>φαῦλος</span> 
     </span>
    </p>
   </div>
   <div class='ocr_carea' id='block_1_56' title="bbox 386 5206 1966 5279">
    <p class='ocr_par' dir='ltr' id='par_1_56' title="bbox 386 5206 1966 5279">
     <span class='ocr_line' id='line_1_56' title="bbox 386 5206 1966 5279; baseline -0.002 -17"><span class='ocrx_word' id='word_1_437' title='bbox 386 5208 635 5276; x_wconf 82' lang='grc' dir='ltr'>ἐγένετο’</span> <span class='ocrx_word' id='word_1_438' title='bbox 682 5207 790 5262; x_wconf 86' lang='lat'><em>61:6</em></span> <span class='ocrx_word' id='word_1_439' title='bbox 838 5206 944 5260; x_wconf 87' lang='grc' dir='ltr'>τῶν</span> <span class='ocrx_word' id='word_1_440' title='bbox 970 5209 1310 5279; x_wconf 89' lang='grc' dir='ltr'>πραγμάτων</span> <span class='ocrx_word' id='word_1_441' title='bbox 1350 5206 1562 5274; x_wconf 87' lang='grc' dir='ltr'>πείθει,</span> <span class='ocrx_word' id='word_1_442' title='bbox 1589 5207 1689 5279; x_wconf 83' lang='grc' dir='ltr'>τὴν</span> <span class='ocrx_word' id='word_1_443' title='bbox 1735 5206 1966 5262; x_wconf 78' lang='grc' dir='ltr'>ἑκάστου</span> 
     </span>
    </p>
   </div>
   <div class='ocr_carea' id='block_1_57' title="bbox 385 5283 1970 5367">
    <p class='ocr_par' dir='ltr' id='par_1_57' title="bbox 385 5283 1970 5367">
     <span class='ocr_line' id='line_1_57' title="bbox 385 5283 1970 5367; baseline -0.003 -17"><span class='ocrx_word' id='word_1_444' title='bbox 385 5294 596 5350; x_wconf 88' lang='grc' dir='ltr'>τούτων</span> <span class='ocrx_word' id='word_1_445' title='bbox 625 5293 1002 5366; x_wconf 74' lang='grc' dir='ltr'>διορθούμενος</span> <span class='ocrx_word' id='word_1_446' title='bbox 1033 5294 1386 5367; x_wconf 81' lang='grc' dir='ltr'>γνώμην,καὶ</span> <span class='ocrx_word' id='word_1_447' title='bbox 1406 5295 1673 5367; x_wconf 91' lang='grc' dir='ltr'>παράγων</span> <span class='ocrx_word' id='word_1_448' title='bbox 1695 5297 1778 5359; x_wconf 89' lang='grc' dir='ltr'>είς</span> <span class='ocrx_word' id='word_1_449' title='bbox 1809 5283 1970 5367; x_wconf 80' lang='grc' dir='ltr'>μέσον</span> 
     </span>
    </p>
   </div>
   <div class='ocr_carea' id='block_1_58' title="bbox 459 5452 807 5511">
    <p class='ocr_par' dir='ltr' id='par_1_58' title="bbox 459 5452 807 5511">
     <span class='ocr_line' id='line_1_58' title="bbox 459 5452 807 5511; baseline 0 -17"><span class='ocrx_word' id='word_1_450' title='bbox 459 5453 486 5482; x_wconf 75' lang='grc' dir='ltr'><strong>ει</strong></span> <span class='ocrx_word' id='word_1_451' title='bbox 510 5452 623 5500; x_wconf 80' lang='lat' dir='ltr'>Sav.</span> <span class='ocrx_word' id='word_1_452' title='bbox 647 5452 807 5511; x_wconf 84' lang='grc' dir='ltr'>ἡμῶν.</span> 
     </span>
    </p>
   </div>
   <div class='ocr_carea' id='block_1_59' title="bbox 458 5510 1265 5570">
    <p class='ocr_par' dir='ltr' id='par_1_59' title="bbox 458 5510 1265 5570">
     <span class='ocr_line' id='line_1_59' title="bbox 458 5510 1265 5570; baseline -0.002 -10"><span class='ocrx_word' id='word_1_453' title='bbox 458 5514 488 5554; x_wconf 78' lang='lat' dir='ltr'><strong>b</strong></span> <span class='ocrx_word' id='word_1_454' title='bbox 517 5512 654 5560; x_wconf 84' lang='lat' dir='ltr'>Unus</span> <span class='ocrx_word' id='word_1_455' title='bbox 680 5512 755 5559; x_wconf 80' lang='grc' dir='ltr'>ἐπὶ</span> <span class='ocrx_word' id='word_1_456' title='bbox 788 5511 856 5570; x_wconf 86' lang='grc' dir='ltr'><strong>τῷ</strong></span> <span class='ocrx_word' id='word_1_457' title='bbox 878 5510 963 5570; x_wconf 83' lang='grc' dir='ltr'>νῷ,</span> <span class='ocrx_word' id='word_1_458' title='bbox 988 5519 1040 5561; x_wconf 81' lang='grc' dir='ltr'>ει</span> <span class='ocrx_word' id='word_1_459' title='bbox 1057 5512 1126 5562; x_wconf 73' lang='lat' dir='ltr'>sic</span> <span class='ocrx_word' id='word_1_460' title='bbox 1153 5513 1265 5562; x_wconf 86' lang='lat' dir='ltr'>Sav.</span> 
     </span>
    </p>
   </div>
   <div class='ocr_carea' id='block_1_60' title="bbox 460 5571 1398 5637">
    <p class='ocr_par' dir='ltr' id='par_1_60' title="bbox 460 5571 1398 5637">
     <span class='ocr_line' id='line_1_60' title="bbox 460 5571 1398 5637; baseline 0.001 -15"><span class='ocrx_word' id='word_1_461' title='bbox 460 5576 485 5637; x_wconf 59' lang='grc' dir='ltr'>ξ</span> <span class='ocrx_word' id='word_1_462' title='bbox 509 5573 624 5622; x_wconf 84' lang='lat' dir='ltr'>Sav.</span> <span class='ocrx_word' id='word_1_463' title='bbox 649 5571 897 5634; x_wconf 80' lang='grc' dir='ltr'>μακρόθεν.</span> <span class='ocrx_word' id='word_1_464' title='bbox 926 5574 1017 5637; x_wconf 63' lang='grc' dir='ltr'>Καὶ</span> <span class='ocrx_word' id='word_1_465' title='bbox 1040 5574 1080 5637; x_wconf 73' lang='grc' dir='ltr'>εἰ</span> <span class='ocrx_word' id='word_1_466' title='bbox 1099 5574 1214 5630; x_wconf 83' lang='grc' dir='ltr'>οἶδε,</span> <span class='ocrx_word' id='word_1_467' title='bbox 1241 5575 1398 5637; x_wconf 76' lang='grc' dir='ltr'>φησίν.</span> 
     </span>
    </p>
   </div>
   <div class='ocr_carea' id='block_1_61' title="bbox 458 5633 1675 5703">
    <p class='ocr_par' dir='ltr' id='par_1_61' title="bbox 458 5633 1675 5703">
     <span class='ocr_line' id='line_1_61' title="bbox 458 5633 1675 5703; baseline 0.002 -22"><span class='ocrx_word' id='word_1_468' title='bbox 458 5635 485 5677; x_wconf 82' lang='lat' dir='ltr'><strong>d</strong></span> <span class='ocrx_word' id='word_1_469' title='bbox 512 5637 623 5703; x_wconf 51' lang='grc' dir='ltr'>ε)υο</span> <span class='ocrx_word' id='word_1_470' title='bbox 646 5633 761 5702; x_wconf 57' lang='grc' dir='ltr'>τηρεε.</span> <span class='ocrx_word' id='word_1_471' title='bbox 787 5633 1011 5703; x_wconf 68' lang='grc' dir='ltr'>πονηρίαν</span> <span class='ocrx_word' id='word_1_472' title='bbox 1038 5633 1455 5703; x_wconf 32' lang='grc' dir='ltr'>ἐμφράξαι-καίλει</span> <span class='ocrx_word' id='word_1_473' title='bbox 1473 5639 1539 5703; x_wconf 56' lang='lat' dir='ltr'>il:</span> <span class='ocrx_word' id='word_1_474' title='bbox 1563 5636 1675 5703; x_wconf 59' lang='lat' dir='ltr'>Sanit</span> 
     </span>
    </p>
   </div>
   <div class='ocr_carea' id='block_1_62' title="bbox 450 5692 1972 5755">
    <p class='ocr_par' dir='ltr' id='par_1_62' title="bbox 450 5692 1972 5755">
     <span class='ocr_line' id='line_1_62' title="bbox 450 5692 1972 5755; baseline 0.005 -14"><span class='ocrx_word' id='word_1_475' title='bbox 450 5714 488 5755; x_wconf 75' lang='grc' dir='ltr'>,ο</span> <span class='ocrx_word' id='word_1_476' title='bbox 508 5697 622 5744; x_wconf 76' lang='lat' dir='ltr'>Sav.</span> <span class='ocrx_word' id='word_1_477' title='bbox 645 5692 790 5743; x_wconf 82' lang='grc' dir='ltr'>τοῦτο</span> <span class='ocrx_word' id='word_1_478' title='bbox 812 5692 943 5755; x_wconf 59' lang='lat'><em>66:6.</em></span> <span class='ocrx_word' id='word_1_479' title='bbox 963 5692 1071 5741; x_wconf 71' lang='lat' dir='ltr'>Mox</span> <span class='ocrx_word' id='word_1_480' title='bbox 1088 5692 1198 5744; x_wconf 59' lang='lat' dir='ltr'>Silv.</span> <span class='ocrx_word' id='word_1_481' title='bbox 1223 5697 1309 5745; x_wconf 76' lang='grc' dir='ltr'>οὐκ</span> <span class='ocrx_word' id='word_1_482' title='bbox 1327 5699 1480 5754; x_wconf 78' lang='grc' dir='ltr'>ἀξίους</span> <span class='ocrx_word' id='word_1_483' title='bbox 1505 5700 1641 5755; x_wconf 77' lang='grc' dir='ltr'>ὄντας</span> <span class='ocrx_word' id='word_1_484' title='bbox 1658 5701 1773 5748; x_wconf 81' lang='grc' dir='ltr'>ἀπο)</span> <span class='ocrx_word' id='word_1_485' title='bbox 1784 5700 1914 5748; x_wconf 79' lang='grc' dir='ltr'>ἐσθαι</span> <span class='ocrx_word' id='word_1_486' title='bbox 1941 5736 1972 5748; x_wconf 91' lang='grc'>..</span> 
     </span>
    </p>
   </div>
   <div class='ocr_carea' id='block_1_63' title="bbox 391 5753 1972 5824">
    <p class='ocr_par' dir='ltr' id='par_1_63' title="bbox 391 5753 1972 5824">
     <span class='ocr_line' id='line_1_63' title="bbox 391 5753 1972 5824; baseline 0.004 -20"><span class='ocrx_word' id='word_1_487' title='bbox 501 5758 632 5824; x_wconf 72' lang='grc' dir='ltr'>ὅμως</span> <span class='ocrx_word' id='word_1_488' title='bbox 655 5755 833 5824; x_wconf 69' lang='grc' dir='ltr'>ἐπάγει,</span> <span class='ocrx_word' id='word_1_489' title='bbox 869 5753 1017 5824; x_wconf 56' lang='lat' dir='ltr'>Earl:</span> <span class='ocrx_word' id='word_1_490' title='bbox 1038 5755 1212 5805; x_wconf 86' lang='lat' dir='ltr'>melius</span> <span class='ocrx_word' id='word_1_491' title='bbox 1236 5760 1519 5819; x_wconf 77' lang='lat' dir='ltr'>particulam</span> <span class='ocrx_word' id='word_1_492' title='bbox 1544 5753 1972 5822; x_wconf 40' lang='lat' dir='ltr'>o-Jx&#39;expuuxer‘ls.</span> 
     </span>
    </p>
   </div>
   <div class='ocr_carea' id='block_1_64' title="bbox 464 5816 1114 5881">
    <p class='ocr_par' dir='ltr' id='par_1_64' title="bbox 464 5816 1114 5881">
     <span class='ocr_line' id='line_1_64' title="bbox 464 5816 1114 5881; baseline 0.006 -21"><span class='ocrx_word' id='word_1_493' title='bbox 464 5816 486 5860; x_wconf 77' lang='grc' dir='ltr'>ι</span> <span class='ocrx_word' id='word_1_494' title='bbox 513 5816 656 5871; x_wconf 65' lang='lat' dir='ltr'>Alius</span> <span class='ocrx_word' id='word_1_495' title='bbox 675 5822 733 5881; x_wconf 67' lang='grc' dir='ltr'>τῇ</span> <span class='ocrx_word' id='word_1_496' title='bbox 759 5816 909 5880; x_wconf 59' lang='grc' dir='ltr'>οἰκείᾳ</span> <span class='ocrx_word' id='word_1_497' title='bbox 931 5816 1114 5864; x_wconf 81' lang='grc' dir='ltr'>γνώσει.</span> 
     </span>
    </p>
   </div>
   <div class='ocr_carea' id='block_1_65' title="bbox 1321 322 2525 430">
    <p class='ocr_par' dir='ltr' id='par_1_65' title="bbox 1321 322 2525 430">
     <span class='ocr_line' id='line_1_65' title="bbox 1321 322 2525 430; baseline 0.01 -12"><span class='ocrx_word' id='word_1_498' title='bbox 1321 360 1684 424; x_wconf 68' lang='grc' dir='ltr'>εχροειτιο</span> <span class='ocrx_word' id='word_1_499' title='bbox 1719 322 1790 424; x_wconf 69' lang='lat' dir='ltr'>in</span> <span class='ocrx_word' id='word_1_500' title='bbox 1827 365 2160 428; x_wconf 77' lang='lat' dir='ltr'>PSALMUM</span> <span class='ocrx_word' id='word_1_501' title='bbox 2188 371 2378 429; x_wconf 81' lang='lat' dir='ltr'>cxxx</span> <span class='ocrx_word' id='word_1_502' title='bbox 2393 373 2525 430; x_wconf 82' lang='lat' dir='ltr'>vm.</span> 
     </span>
    </p>
   </div>
   <div class='ocr_carea' id='block_1_66' title="bbox 3489 368 3615 435">
    <p class='ocr_par' dir='ltr' id='par_1_66' title="bbox 3489 368 3615 435">
     <span class='ocr_line' id='line_1_66' title="bbox 3489 368 3615 435; baseline 0.016 -3"><span class='ocrx_word' id='word_1_503' title='bbox 3489 368 3615 435; x_wconf 67' lang='grc' dir='ltr'><strong><em>ΜΞ</em></strong></span> 
     </span>
    </p>
   </div>
   <div class='ocr_carea' id='block_1_67' title="bbox 2033 484 3605 566">
    <p class='ocr_par' dir='ltr' id='par_1_67' title="bbox 2033 484 3605 566">
     <span class='ocr_line' id='line_1_67' title="bbox 2033 484 3605 566; baseline -0.001 -22"><span class='ocrx_word' id='word_1_504' title='bbox 2033 491 2134 563; x_wconf 82' lang='grc' dir='ltr'>τὴν</span> <span class='ocrx_word' id='word_1_505' title='bbox 2166 492 2274 546; x_wconf 81' lang='grc' dir='ltr'>ἀπὸ</span> <span class='ocrx_word' id='word_1_506' title='bbox 2299 492 2407 549; x_wconf 83' lang='grc' dir='ltr'>τῶν</span> <span class='ocrx_word' id='word_1_507' title='bbox 2433 493 2609 566; x_wconf 78' lang='grc' dir='ltr'>ἔργων</span> <span class='ocrx_word' id='word_1_508' title='bbox 2637 489 2931 556; x_wconf 78' lang='grc' dir='ltr'>ἀπόδειξιν,</span> <span class='ocrx_word' id='word_1_509' title='bbox 2966 487 3060 543; x_wconf 86' lang='lat'><em>1:61</em></span> <span class='ocrx_word' id='word_1_510' title='bbox 3084 484 3445 556; x_wconf 74' lang='grc' dir='ltr'>ἀποφαίνεται.</span> <span class='ocrx_word' id='word_1_511' title='bbox 3482 490 3605 559; x_wconf 74' lang='grc' dir='ltr'>μὲν,</span> 
     </span>
    </p>
   </div>
   <div class='ocr_carea' id='block_1_68' title="bbox 2034 575 3608 651">
    <p class='ocr_par' dir='ltr' id='par_1_68' title="bbox 2034 575 3608 651">
     <span class='ocr_line' id='line_1_68' title="bbox 2034 575 3608 651; baseline -0.001 -21"><span class='ocrx_word' id='word_1_512' title='bbox 2034 578 2130 631; x_wconf 79' lang='grc' dir='ltr'>καὶ</span> <span class='ocrx_word' id='word_1_513' title='bbox 2166 578 2273 650; x_wconf 81' lang='grc' dir='ltr'>πρὸ</span> <span class='ocrx_word' id='word_1_514' title='bbox 2298 579 2407 633; x_wconf 88' lang='grc' dir='ltr'>τῶν</span> <span class='ocrx_word' id='word_1_515' title='bbox 2439 579 2807 651; x_wconf 88' lang='grc' dir='ltr'>πραγμάτων,</span> <span class='ocrx_word' id='word_1_516' title='bbox 2836 578 2917 630; x_wconf 83' lang='grc' dir='ltr'>ὅτι</span> <span class='ocrx_word' id='word_1_517' title='bbox 2961 576 3212 646; x_wconf 74' lang='grc' dir='ltr'>ἐνάρετος</span> <span class='ocrx_word' id='word_1_518' title='bbox 3242 575 3270 627; x_wconf 97' lang='lat'>6</span> <span class='ocrx_word' id='word_1_519' title='bbox 3306 576 3479 639; x_wconf 81' lang='grc' dir='ltr'>δεῖνα,</span> <span class='ocrx_word' id='word_1_520' title='bbox 3518 576 3608 630; x_wconf 80' lang='grc' dir='ltr'>ἵνα</span> 
     </span>
    </p>
   </div>
   <div class='ocr_carea' id='block_1_69' title="bbox 2038 660 3607 738">
    <p class='ocr_par' dir='ltr' id='par_1_69' title="bbox 2038 660 3607 738">
     <span class='ocr_line' id='line_1_69' title="bbox 2038 660 3607 738; baseline -0.002 -20"><span class='ocrx_word' id='word_1_521' title='bbox 2038 663 2282 734; x_wconf 85' lang='grc' dir='ltr'>μάθωσιν</span> <span class='ocrx_word' id='word_1_522' title='bbox 2322 665 2490 720; x_wconf 83' lang='grc' dir='ltr'>αὐτοῦ</span> <span class='ocrx_word' id='word_1_523' title='bbox 2526 666 2627 736; x_wconf 84' lang='grc' dir='ltr'>τὴν</span> <span class='ocrx_word' id='word_1_524' title='bbox 2669 660 3078 738; x_wconf 79' lang='grc' dir='ltr'>προγνωστικὴν</span> <span class='ocrx_word' id='word_1_525' title='bbox 3119 660 3380 731; x_wconf 88' lang='grc' dir='ltr'>δύναμιν·</span> <span class='ocrx_word' id='word_1_526' title='bbox 3413 663 3607 730; x_wconf 84' lang='grc' dir='ltr'>ἐπάγει</span> 
     </span>
    </p>
   </div>
   <div class='ocr_carea' id='block_1_70' title="bbox 2033 750 3605 827">
    <p class='ocr_par' dir='ltr' id='par_1_70' title="bbox 2033 750 3605 827">
     <span class='ocr_line' id='line_1_70' title="bbox 2033 750 3605 827; baseline 0 -22"><span class='ocrx_word' id='word_1_527' title='bbox 2033 751 2092 805; x_wconf 83' lang='grc' dir='ltr'>δὲ</span> <span class='ocrx_word' id='word_1_528' title='bbox 2126 752 2219 806; x_wconf 86' lang='lat'><em>1:61</em></span> <span class='ocrx_word' id='word_1_529' title='bbox 2250 753 2350 825; x_wconf 81' lang='grc' dir='ltr'>τὴν</span> <span class='ocrx_word' id='word_1_530' title='bbox 2374 754 2462 809; x_wconf 89' lang='lat'>6:6</span> <span class='ocrx_word' id='word_1_531' title='bbox 2488 753 2597 808; x_wconf 87' lang='grc' dir='ltr'>τῶν</span> <span class='ocrx_word' id='word_1_532' title='bbox 2625 752 2963 827; x_wconf 84' lang='grc' dir='ltr'>πραγμάτων</span> <span class='ocrx_word' id='word_1_533' title='bbox 2989 750 3381 823; x_wconf 79' lang='grc' dir='ltr'>πληροφορίαν,</span> <span class='ocrx_word' id='word_1_534' title='bbox 3410 750 3496 804; x_wconf 72' lang='grc' dir='ltr'>ἵνα</span> <span class='ocrx_word' id='word_1_535' title='bbox 3531 751 3605 820; x_wconf 82' lang='grc' dir='ltr'>μή</span> 
     </span>
    </p>
   </div>
   <div class='ocr_carea' id='block_1_71' title="bbox 2035 838 3609 914">
    <p class='ocr_par' dir='ltr' id='par_1_71' title="bbox 2035 838 3609 914">
     <span class='ocr_line' id='line_1_71' title="bbox 2035 838 3609 914; baseline -0.002 -21"><span class='ocrx_word' id='word_1_536' title='bbox 2035 856 2117 902; x_wconf 91' lang='grc' dir='ltr'>τις</span> <span class='ocrx_word' id='word_1_537' title='bbox 2136 840 2245 897; x_wconf 87' lang='grc' dir='ltr'>τῶν</span> <span class='ocrx_word' id='word_1_538' title='bbox 2273 843 2513 913; x_wconf 82' lang='grc' dir='ltr'>ἀνοήτων</span> <span class='ocrx_word' id='word_1_539' title='bbox 2541 841 2689 914; x_wconf 72' lang='grc' dir='ltr'>εἴπῃ,</span> <span class='ocrx_word' id='word_1_540' title='bbox 2715 842 2796 894; x_wconf 82' lang='grc' dir='ltr'>ὅτι</span> <span class='ocrx_word' id='word_1_541' title='bbox 2830 839 2917 894; x_wconf 79' lang='lat'>6:6</span> <span class='ocrx_word' id='word_1_542' title='bbox 2945 840 3044 911; x_wconf 85' lang='grc' dir='ltr'>τὴν</span> <span class='ocrx_word' id='word_1_543' title='bbox 3075 838 3376 911; x_wconf 72' lang='grc' dir='ltr'>πρόρρησιν</span> <span class='ocrx_word' id='word_1_544' title='bbox 3401 841 3429 892; x_wconf 93' lang='lat'>6</span> <span class='ocrx_word' id='word_1_545' title='bbox 3462 838 3609 892; x_wconf 79' lang='grc' dir='ltr'>δεῖνα</span> 
     </span>
    </p>
   </div>
   <div class='ocr_carea' id='block_1_72' title="bbox 2034 925 3611 1003">
    <p class='ocr_par' dir='ltr' id='par_1_72' title="bbox 2034 925 3611 1003">
     <span class='ocr_line' id='line_1_72' title="bbox 2034 925 3611 1003; baseline -0.001 -24"><span class='ocrx_word' id='word_1_546' title='bbox 2034 927 2273 992; x_wconf 86' lang='grc' dir='ltr'>τοιοῦτος</span> <span class='ocrx_word' id='word_1_547' title='bbox 2312 925 2403 1000; x_wconf 80' lang='grc' dir='ltr'>ἦν.</span> <span class='ocrx_word' id='word_1_548' title='bbox 2447 930 2590 1001; x_wconf 86' lang='grc' dir='ltr'>Ὅρα</span> <span class='ocrx_word' id='word_1_549' title='bbox 2630 928 2760 998; x_wconf 77' lang='grc' dir='ltr'>γοῦν</span> <span class='ocrx_word' id='word_1_550' title='bbox 2816 928 2910 983; x_wconf 74' lang='grc' dir='ltr'>καὶ</span> <span class='ocrx_word' id='word_1_551' title='bbox 2950 931 2979 982; x_wconf 91' lang='lat'>6</span> <span class='ocrx_word' id='word_1_552' title='bbox 3030 925 3242 990; x_wconf 82' lang='grc' dir='ltr'>Παῦλος</span> <span class='ocrx_word' id='word_1_553' title='bbox 3289 925 3408 1003; x_wconf 82' lang='grc' dir='ltr'>πῶς</span> <span class='ocrx_word' id='word_1_554' title='bbox 3450 925 3611 979; x_wconf 89' lang='grc' dir='ltr'>τοῦτο</span> 
     </span>
    </p>
   </div>
   <div class='ocr_carea' id='block_1_73' title="bbox 2035 1012 3609 1086">
    <p class='ocr_par' dir='ltr' id='par_1_73' title="bbox 2035 1012 3609 1086">
     <span class='ocr_line' id='line_1_73' title="bbox 2035 1012 3609 1086; baseline -0.003 -18"><span class='ocrx_word' id='word_1_555' title='bbox 2035 1014 2205 1084; x_wconf 82' lang='grc' dir='ltr'>δηλοῖ,</span> <span class='ocrx_word' id='word_1_556' title='bbox 2239 1016 2411 1086; x_wconf 88' lang='grc' dir='ltr'>λέγων</span> <span class='ocrx_word' id='word_1_557' title='bbox 2426 1033 2440 1047; x_wconf 86' lang='grc'><strong>·</strong></span> <span class='ocrx_word' id='word_1_558' title='bbox 2471 1014 2661 1081; x_wconf 79' lang='grc' dir='ltr'>Μήπω</span> <span class='ocrx_word' id='word_1_559' title='bbox 2684 1014 2796 1085; x_wconf 80' lang='grc' dir='ltr'>γὰρ</span> <span class='ocrx_word' id='word_1_560' title='bbox 2818 1013 3245 1085; x_wconf 77' lang='grc' dir='ltr'>γεννηθέντων,</span> <span class='ocrx_word' id='word_1_561' title='bbox 3276 1012 3428 1082; x_wconf 78' lang='grc' dir='ltr'>μηδὲ</span> <span class='ocrx_word' id='word_1_562' title='bbox 3461 1026 3609 1078; x_wconf 75' lang='grc' dir='ltr'>πρα-</span> 
     </span>
    </p>
   </div>
   <div class='ocr_carea' id='block_1_74' title="bbox 2037 1098 3610 1182">
    <p class='ocr_par' dir='ltr' id='par_1_74' title="bbox 2037 1098 3610 1182">
     <span class='ocr_line' id='line_1_74' title="bbox 2037 1098 3610 1182; baseline -0.004 -26"><span class='ocrx_word' id='word_1_563' title='bbox 2037 1100 2272 1167; x_wconf 80' lang='grc' dir='ltr'>ξάντων</span> <span class='ocrx_word' id='word_1_564' title='bbox 2301 1120 2357 1158; x_wconf 90' lang='grc' dir='ltr'>τι</span> <span class='ocrx_word' id='word_1_565' title='bbox 2401 1102 2628 1182; x_wconf 68' lang='grc' dir='ltr'>ιξγαθόν</span> <span class='ocrx_word' id='word_1_566' title='bbox 2659 1102 2698 1171; x_wconf 82' lang='grc' dir='ltr'><strong>ἢ</strong></span> <span class='ocrx_word' id='word_1_567' title='bbox 2731 1101 2940 1165; x_wconf 82' lang='grc' dir='ltr'>κακὸν,</span> <span class='ocrx_word' id='word_1_568' title='bbox 2983 1101 3085 1154; x_wconf 79' lang='grc' dir='ltr'>ἵνα</span> <span class='ocrx_word' id='word_1_569' title='bbox 3115 1100 3154 1167; x_wconf 74' lang='grc' dir='ltr'>η</span> <span class='ocrx_word' id='word_1_570' title='bbox 3194 1099 3320 1152; x_wconf 82' lang='grc' dir='ltr'>κατ’</span> <span class='ocrx_word' id='word_1_571' title='bbox 3345 1098 3610 1164; x_wconf 76' lang='grc' dir='ltr'>ἐκλογὴν</span> 
     </span>
    </p>
   </div>
   <div class='ocr_carea' id='block_1_75' title="bbox 2036 1185 3610 1259">
    <p class='ocr_par' dir='ltr' id='par_1_75' title="bbox 2036 1185 3610 1259">
     <span class='ocr_line' id='line_1_75' title="bbox 2036 1185 3610 1259; baseline -0.003 -16"><span class='ocrx_word' id='word_1_572' title='bbox 2036 1190 2321 1259; x_wconf 79' lang='grc' dir='ltr'>πρόθεσις</span> <span class='ocrx_word' id='word_1_573' title='bbox 2353 1190 2460 1246; x_wconf 84' lang='grc' dir='ltr'>τοῦ</span> <span class='ocrx_word' id='word_1_574' title='bbox 2500 1189 2649 1245; x_wconf 84' lang='grc' dir='ltr'>Θεοῦ</span> <span class='ocrx_word' id='word_1_575' title='bbox 2685 1189 2863 1259; x_wconf 80' lang='grc' dir='ltr'>μένῃ,</span> <span class='ocrx_word' id='word_1_576' title='bbox 2893 1190 3005 1242; x_wconf 80' lang='grc' dir='ltr'>οὐκ</span> <span class='ocrx_word' id='word_1_577' title='bbox 3029 1187 3099 1252; x_wconf 80' lang='grc' dir='ltr'>ἐξ</span> <span class='ocrx_word' id='word_1_578' title='bbox 3131 1189 3340 1255; x_wconf 72' lang='grc' dir='ltr'>ἔργων,</span> <span class='ocrx_word' id='word_1_579' title='bbox 3368 1185 3503 1239; x_wconf 76' lang='grc' dir='ltr'>ἀλλ’</span> <span class='ocrx_word' id='word_1_580' title='bbox 3541 1185 3610 1239; x_wconf 79' lang='grc' dir='ltr'>ἐκ</span> 
     </span>
    </p>
   </div>
   <div class='ocr_carea' id='block_1_76' title="bbox 2036 1270 3609 1346">
    <p class='ocr_par' dir='ltr' id='par_1_76' title="bbox 2036 1270 3609 1346">
     <span class='ocr_line' id='line_1_76' title="bbox 2036 1270 3609 1346; baseline -0.003 -16"><span class='ocrx_word' id='word_1_581' title='bbox 2036 1276 2144 1331; x_wconf 87' lang='grc' dir='ltr'>τοῦ</span> <span class='ocrx_word' id='word_1_582' title='bbox 2175 1277 2509 1342; x_wconf 77' lang='grc' dir='ltr'>καλοῦντος</span> <span class='ocrx_word' id='word_1_583' title='bbox 2536 1277 2743 1346; x_wconf 79' lang='grc' dir='ltr'>έῤῥέθη</span> <span class='ocrx_word' id='word_1_584' title='bbox 2773 1274 2957 1344; x_wconf 78' lang='grc' dir='ltr'>αὐτῇ,</span> <span class='ocrx_word' id='word_1_585' title='bbox 3004 1275 3093 1329; x_wconf 87' lang='grc' dir='ltr'>ὅτι</span> <span class='ocrx_word' id='word_1_586' title='bbox 3134 1277 3166 1329; x_wconf 79' lang='grc' dir='ltr'><em>ὁ</em></span> <span class='ocrx_word' id='word_1_587' title='bbox 3208 1273 3421 1343; x_wconf 80' lang='grc' dir='ltr'>μείζων</span> <span class='ocrx_word' id='word_1_588' title='bbox 3467 1270 3609 1326; x_wconf 76' lang='grc' dir='ltr'>δουι</span> 
     </span>
    </p>
   </div>
   <div class='ocr_carea' id='block_1_77' title="bbox 2036 1361 3609 1436">
    <p class='ocr_par' dir='ltr' id='par_1_77' title="bbox 2036 1361 3609 1436">
     <span class='ocr_line' id='line_1_77' title="bbox 2036 1361 3609 1436; baseline -0.004 -16"><span class='ocrx_word' id='word_1_589' title='bbox 2036 1366 2246 1420; x_wconf 85' lang='grc' dir='ltr'>λεύσει</span> <span class='ocrx_word' id='word_1_590' title='bbox 2276 1364 2356 1431; x_wconf 87' lang='grc' dir='ltr'>τῷ</span> <span class='ocrx_word' id='word_1_591' title='bbox 2399 1365 2714 1419; x_wconf 81' lang='grc' dir='ltr'>ἐλάσσονι.</span> <span class='ocrx_word' id='word_1_592' title='bbox 2753 1364 2919 1418; x_wconf 84' lang='grc' dir='ltr'>Οὐδὲν</span> <span class='ocrx_word' id='word_1_593' title='bbox 2952 1362 3059 1436; x_wconf 89' lang='lat'>769</span> <span class='ocrx_word' id='word_1_594' title='bbox 3097 1361 3267 1416; x_wconf 83' lang='grc' dir='ltr'>δεῖται</span> <span class='ocrx_word' id='word_1_595' title='bbox 3316 1361 3609 1430; x_wconf 79' lang='grc' dir='ltr'>ἀναμεῖναι</span> 
     </span>
    </p>
   </div>
   <div class='ocr_carea' id='block_1_78' title="bbox 2038 1444 3613 1524">
    <p class='ocr_par' dir='ltr' id='par_1_78' title="bbox 2038 1444 3613 1524">
     <span class='ocr_line' id='line_1_78' title="bbox 2038 1444 3613 1524; baseline -0.003 -21"><span class='ocrx_word' id='word_1_596' title='bbox 2038 1449 2147 1505; x_wconf 89' lang='grc' dir='ltr'>τῶν</span> <span class='ocrx_word' id='word_1_597' title='bbox 2171 1451 2347 1524; x_wconf 77' lang='grc' dir='ltr'>ἔργων</span> <span class='ocrx_word' id='word_1_598' title='bbox 2374 1450 2435 1503; x_wconf 92' lang='lat'>:6</span> <span class='ocrx_word' id='word_1_599' title='bbox 2475 1450 2648 1515; x_wconf 84' lang='grc' dir='ltr'>τέλος,</span> <span class='ocrx_word' id='word_1_600' title='bbox 2681 1449 2818 1504; x_wconf 85' lang='lat'><em>6116</em></span> <span class='ocrx_word' id='word_1_601' title='bbox 2862 1449 2955 1504; x_wconf 89' lang='lat'><em>1:61</em></span> <span class='ocrx_word' id='word_1_602' title='bbox 2981 1449 3086 1519; x_wconf 85' lang='lat'><em>1:96</em></span> <span class='ocrx_word' id='word_1_603' title='bbox 3107 1448 3314 1502; x_wconf 89' lang='grc' dir='ltr'>τούτων</span> <span class='ocrx_word' id='word_1_604' title='bbox 3341 1444 3479 1501; x_wconf 72' lang='grc' dir='ltr'>οἶδεν</span> <span class='ocrx_word' id='word_1_605' title='bbox 3516 1447 3613 1500; x_wconf 80' lang='grc' dir='ltr'>αὑ-</span> 
     </span>
    </p>
   </div>
   <div class='ocr_carea' id='block_1_79' title="bbox 2038 1532 3616 1608">
    <p class='ocr_par' dir='ltr' id='par_1_79' title="bbox 2038 1532 3616 1608">
     <span class='ocr_line' id='line_1_79' title="bbox 2038 1532 3616 1608; baseline -0.002 -19"><span class='ocrx_word' id='word_1_606' title='bbox 2038 1537 2129 1601; x_wconf 78' lang='grc' dir='ltr'>τὸς</span> <span class='ocrx_word' id='word_1_607' title='bbox 2150 1537 2241 1591; x_wconf 85' lang='grc' dir='ltr'>τὸν</span> <span class='ocrx_word' id='word_1_608' title='bbox 2264 1536 2484 1608; x_wconf 90' lang='grc' dir='ltr'>φαῦλον,</span> <span class='ocrx_word' id='word_1_609' title='bbox 2504 1538 2596 1592; x_wconf 80' lang='grc' dir='ltr'>καὶ</span> <span class='ocrx_word' id='word_1_610' title='bbox 2610 1537 2699 1592; x_wconf 81' lang='grc' dir='ltr'>τὸν</span> <span class='ocrx_word' id='word_1_611' title='bbox 2719 1539 2781 1591; x_wconf 85' lang='grc' dir='ltr'>ού</span> <span class='ocrx_word' id='word_1_612' title='bbox 2802 1536 3040 1591; x_wconf 84' lang='grc' dir='ltr'>τοιοῦτον</span> <span class='ocrx_word' id='word_1_613' title='bbox 3063 1535 3339 1607; x_wconf 87' lang='grc' dir='ltr'>ἐσόμενον.</span> <span class='ocrx_word' id='word_1_614' title='bbox 3359 1532 3477 1603; x_wconf 80' lang='grc' dir='ltr'>Τὴν</span> <span class='ocrx_word' id='word_1_615' title='bbox 3494 1534 3616 1602; x_wconf 84' lang='grc' dir='ltr'>τρί-</span> 
     </span>
    </p>
   </div>
   <div class='ocr_carea' id='block_1_80' title="bbox 2040 1620 3612 1693">
    <p class='ocr_par' dir='ltr' id='par_1_80' title="bbox 2040 1620 3612 1693">
     <span class='ocr_line' id='line_1_80' title="bbox 2040 1620 3612 1693; baseline -0.003 -15"><span class='ocrx_word' id='word_1_616' title='bbox 2040 1626 2146 1678; x_wconf 81' lang='grc' dir='ltr'>ϐον</span> <span class='ocrx_word' id='word_1_617' title='bbox 2167 1642 2287 1693; x_wconf 89' lang='grc' dir='ltr'>μου</span> <span class='ocrx_word' id='word_1_618' title='bbox 2315 1624 2412 1679; x_wconf 78' lang='grc' dir='ltr'>καί</span> <span class='ocrx_word' id='word_1_619' title='bbox 2438 1624 2553 1693; x_wconf 85' lang='grc' dir='ltr'>τὴν</span> <span class='ocrx_word' id='word_1_620' title='bbox 2581 1624 2829 1692; x_wconf 81' lang='grc' dir='ltr'>σχοῖνόν</span> <span class='ocrx_word' id='word_1_621' title='bbox 2854 1639 2974 1692; x_wconf 91' lang='grc' dir='ltr'>μου</span> <span class='ocrx_word' id='word_1_622' title='bbox 2999 1622 3081 1675; x_wconf 88' lang='grc' dir='ltr'>σὺ</span> <span class='ocrx_word' id='word_1_623' title='bbox 3109 1621 3484 1690; x_wconf 73' lang='grc' dir='ltr'>ἐξιχνίασας,</span> <span class='ocrx_word' id='word_1_624' title='bbox 3509 1620 3612 1674; x_wconf 75' lang='grc' dir='ltr'>καί</span> 
     </span>
    </p>
   </div>
   <div class='ocr_carea' id='block_1_81' title="bbox 2040 1708 3616 1782">
    <p class='ocr_par' dir='ltr' id='par_1_81' title="bbox 2040 1708 3616 1782">
     <span class='ocr_line' id='line_1_81' title="bbox 2040 1708 3616 1782; baseline -0.004 -16"><span class='ocrx_word' id='word_1_625' title='bbox 2040 1711 2244 1778; x_wconf 81' lang='grc' dir='ltr'>πάσας</span> <span class='ocrx_word' id='word_1_626' title='bbox 2275 1713 2381 1779; x_wconf 84' lang='grc' dir='ltr'>τὰς</span> <span class='ocrx_word' id='word_1_627' title='bbox 2414 1712 2594 1780; x_wconf 86' lang='grc' dir='ltr'>ὁδούς</span> <span class='ocrx_word' id='word_1_628' title='bbox 2617 1729 2737 1782; x_wconf 90' lang='grc' dir='ltr'>μου</span> <span class='ocrx_word' id='word_1_629' title='bbox 2772 1710 3065 1780; x_wconf 75' lang='grc' dir='ltr'>προεῖδες.</span> <span class='ocrx_word' id='word_1_630' title='bbox 3097 1711 3307 1782; x_wconf 82' lang='grc' dir='ltr'>’Ὠσπερ</span> <span class='ocrx_word' id='word_1_631' title='bbox 3348 1708 3616 1779; x_wconf 78' lang='grc' dir='ltr'>καθέδραν</span> 
     </span>
    </p>
   </div>
   <div class='ocr_carea' id='block_1_82' title="bbox 2040 1796 3617 1874">
    <p class='ocr_par' dir='ltr' id='par_1_82' title="bbox 2040 1796 3617 1874">
     <span class='ocr_line' id='line_1_82' title="bbox 2040 1796 3617 1874; baseline -0.005 -19"><span class='ocrx_word' id='word_1_632' title='bbox 2040 1800 2136 1855; x_wconf 87' lang='lat'><em>1:61</em></span> <span class='ocrx_word' id='word_1_633' title='bbox 2160 1798 2375 1874; x_wconf 72' lang='grc' dir='ltr'>ἔγερσιν</span> <span class='ocrx_word' id='word_1_634' title='bbox 2415 1798 2517 1863; x_wconf 81' lang='grc' dir='ltr'>τὰς</span> <span class='ocrx_word' id='word_1_635' title='bbox 2545 1798 2772 1871; x_wconf 83' lang='grc' dir='ltr'>πράξεις</span> <span class='ocrx_word' id='word_1_636' title='bbox 2816 1796 2964 1867; x_wconf 81' lang='grc' dir='ltr'>λέγει</span> <span class='ocrx_word' id='word_1_637' title='bbox 2995 1796 3105 1851; x_wconf 88' lang='lat'><em>61:6</em></span> <span class='ocrx_word' id='word_1_638' title='bbox 3134 1797 3235 1868; x_wconf 83' lang='grc' dir='ltr'>τῆς</span> <span class='ocrx_word' id='word_1_639' title='bbox 3270 1796 3455 1867; x_wconf 81' lang='grc' dir='ltr'>κοινῆς</span> <span class='ocrx_word' id='word_1_640' title='bbox 3489 1811 3617 1848; x_wconf 89' lang='grc' dir='ltr'>συν-</span> 
     </span>
    </p>
   </div>
   <div class='ocr_carea' id='block_1_83' title="bbox 2041 1874 3616 1959">
    <p class='ocr_par' dir='ltr' id='par_1_83' title="bbox 2041 1874 3616 1959">
     <span class='ocr_line' id='line_1_83' title="bbox 2041 1874 3616 1959; baseline -0.004 -19"><span class='ocrx_word' id='word_1_641' title='bbox 2041 1886 2260 1959; x_wconf 76' lang='grc' dir='ltr'>ηθείαςο</span> <span class='ocrx_word' id='word_1_642' title='bbox 2291 1886 2387 1941; x_wconf 86' lang='lat'><em>1:61</em></span> <span class='ocrx_word' id='word_1_643' title='bbox 2426 1886 2534 1958; x_wconf 88' lang='lat'>769</span> <span class='ocrx_word' id='word_1_644' title='bbox 2577 1884 2836 1948; x_wconf 87' lang='grc' dir='ltr'>πολλάκις</span> <span class='ocrx_word' id='word_1_645' title='bbox 2871 1884 2965 1939; x_wconf 80' lang='grc' dir='ltr'>καὶ</span> <span class='ocrx_word' id='word_1_646' title='bbox 2994 1884 3155 1955; x_wconf 76' lang='grc' dir='ltr'>ἡμεῖς</span> <span class='ocrx_word' id='word_1_647' title='bbox 3183 1882 3437 1953; x_wconf 88' lang='grc' dir='ltr'>λέγομεν,</span> <span class='ocrx_word' id='word_1_648' title='bbox 3463 1874 3616 1934; x_wconf 77' lang='grc' dir='ltr'>Οἶδεν</span> 
     </span>
    </p>
   </div>
   <div class='ocr_carea' id='block_1_84' title="bbox 2041 1965 3616 2044">
    <p class='ocr_par' dir='ltr' id='par_1_84' title="bbox 2041 1965 3616 2044">
     <span class='ocr_line' id='line_1_84' title="bbox 2041 1965 3616 2044; baseline -0.007 -14"><span class='ocrx_word' id='word_1_649' title='bbox 2041 1977 2069 2030; x_wconf 90' lang='lat'>6</span> <span class='ocrx_word' id='word_1_650' title='bbox 2093 1974 2260 2041; x_wconf 84' lang='grc' dir='ltr'>δεῖνα,</span> <span class='ocrx_word' id='word_1_651' title='bbox 2296 1974 2414 2040; x_wconf 87' lang='grc' dir='ltr'>πῶς</span> <span class='ocrx_word' id='word_1_652' title='bbox 2468 1972 2737 2044; x_wconf 88' lang='grc' dir='ltr'>κάθηται,</span> <span class='ocrx_word' id='word_1_653' title='bbox 2783 1970 2901 2035; x_wconf 86' lang='grc' dir='ltr'>πῶς</span> <span class='ocrx_word' id='word_1_654' title='bbox 2932 1970 3241 2043; x_wconf 85' lang='grc' dir='ltr'>ἐγείρεται,</span> <span class='ocrx_word' id='word_1_655' title='bbox 3279 1968 3379 2041; x_wconf 84' lang='grc' dir='ltr'>τὴν</span> <span class='ocrx_word' id='word_1_656' title='bbox 3411 1965 3616 2038; x_wconf 78' lang='grc' dir='ltr'>ἀκριϐῆ</span> 
     </span>
    </p>
   </div>
   <div class='ocr_carea' id='block_1_85' title="bbox 2042 2056 3620 2132">
    <p class='ocr_par' dir='ltr' id='par_1_85' title="bbox 2042 2056 3620 2132">
     <span class='ocr_line' id='line_1_85' title="bbox 2042 2056 3620 2132; baseline -0.006 -16"><span class='ocrx_word' id='word_1_657' title='bbox 2042 2062 2204 2118; x_wconf 81' lang='grc' dir='ltr'>αὑτοῦ</span> <span class='ocrx_word' id='word_1_658' title='bbox 2233 2061 2435 2132; x_wconf 89' lang='grc' dir='ltr'>γνῶσιν</span> <span class='ocrx_word' id='word_1_659' title='bbox 2462 2059 2865 2132; x_wconf 79' lang='grc' dir='ltr'>μαρτυροῦντες</span> <span class='ocrx_word' id='word_1_660' title='bbox 2883 2075 2899 2092; x_wconf 78' lang='grc' dir='ltr'><strong><em>ο</em></strong></span> <span class='ocrx_word' id='word_1_661' title='bbox 2921 2056 3065 2113; x_wconf 74' lang='grc' dir='ltr'>οὕτω</span> <span class='ocrx_word' id='word_1_662' title='bbox 3086 2058 3273 2130; x_wconf 88' lang='grc' dir='ltr'>τρίϐον</span> <span class='ocrx_word' id='word_1_663' title='bbox 3294 2057 3388 2112; x_wconf 88' lang='lat'><em>1:61</em></span> <span class='ocrx_word' id='word_1_664' title='bbox 3410 2056 3620 2127; x_wconf 82' lang='grc' dir='ltr'>σχοῖνον</span> 
     </span>
    </p>
   </div>
   <div class='ocr_carea' id='block_1_86' title="bbox 2042 2143 3616 2220">
    <p class='ocr_par' dir='ltr' id='par_1_86' title="bbox 2042 2143 3616 2220">
     <span class='ocr_line' id='line_1_86' title="bbox 2042 2143 3616 2220; baseline -0.006 -17"><span class='ocrx_word' id='word_1_665' title='bbox 2042 2149 2275 2204; x_wconf 88' lang='grc' dir='ltr'>ἐνταῦθα</span> <span class='ocrx_word' id='word_1_666' title='bbox 2294 2148 2394 2220; x_wconf 78' lang='grc' dir='ltr'>τὴν</span> <span class='ocrx_word' id='word_1_667' title='bbox 2412 2147 2556 2219; x_wconf 79' lang='grc' dir='ltr'>ζωὴν</span> <span class='ocrx_word' id='word_1_668' title='bbox 2583 2145 2750 2202; x_wconf 84' lang='grc' dir='ltr'>αὑτοῦ</span> <span class='ocrx_word' id='word_1_669' title='bbox 2772 2147 2952 2201; x_wconf 80' lang='grc' dir='ltr'>πᾶσαν</span> <span class='ocrx_word' id='word_1_670' title='bbox 2972 2144 3139 2214; x_wconf 81' lang='grc' dir='ltr'>λέγει.</span> <span class='ocrx_word' id='word_1_671' title='bbox 3158 2144 3248 2198; x_wconf 83' lang='grc' dir='ltr'>Διὸ</span> <span class='ocrx_word' id='word_1_672' title='bbox 3273 2144 3367 2199; x_wconf 85' lang='lat'><em>1:61</em></span> <span class='ocrx_word' id='word_1_673' title='bbox 3390 2143 3585 2209; x_wconf 87' lang='grc' dir='ltr'>ἐπάγει</span> <span class='ocrx_word' id='word_1_674' title='bbox 3599 2156 3616 2173; x_wconf 80' lang='grc'><em>’</em></span> 
     </span>
    </p>
   </div>
   <div class='ocr_carea' id='block_1_87' title="bbox 2041 2228 3621 2304">
    <p class='ocr_par' dir='ltr' id='par_1_87' title="bbox 2041 2228 3621 2304">
     <span class='ocr_line' id='line_1_87' title="bbox 2041 2228 3621 2304; baseline -0.004 -13"><span class='ocrx_word' id='word_1_675' title='bbox 2041 2236 2153 2292; x_wconf 76' lang='grc' dir='ltr'>Καὶ</span> <span class='ocrx_word' id='word_1_676' title='bbox 2189 2235 2392 2302; x_wconf 80' lang='grc' dir='ltr'>πασας</span> <span class='ocrx_word' id='word_1_677' title='bbox 2422 2234 2531 2302; x_wconf 84' lang='grc' dir='ltr'>τὰς</span> <span class='ocrx_word' id='word_1_678' title='bbox 2560 2233 2739 2300; x_wconf 80' lang='grc' dir='ltr'>ὁδούς</span> <span class='ocrx_word' id='word_1_679' title='bbox 2759 2251 2880 2304; x_wconf 91' lang='grc' dir='ltr'>μου</span> <span class='ocrx_word' id='word_1_680' title='bbox 2911 2232 3203 2302; x_wconf 82' lang='grc' dir='ltr'>προεῖδες.</span> <span class='ocrx_word' id='word_1_681' title='bbox 3234 2230 3347 2286; x_wconf 77' lang='lat' dir='ltr'><em>K61</em></span> <span class='ocrx_word' id='word_1_682' title='bbox 3381 2230 3442 2283; x_wconf 91' lang='lat'>:6</span> <span class='ocrx_word' id='word_1_683' title='bbox 3487 2228 3621 2295; x_wconf 82' lang='grc' dir='ltr'>Ἐξ-</span> 
     </span>
    </p>
   </div>
   <div class='ocr_carea' id='block_1_88' title="bbox 2044 2312 3617 2392">
    <p class='ocr_par' dir='ltr' id='par_1_88' title="bbox 2044 2312 3617 2392">
     <span class='ocr_line' id='line_1_88' title="bbox 2044 2312 3617 2392; baseline -0.006 -15"><span class='ocrx_word' id='word_1_684' title='bbox 2044 2324 2323 2392; x_wconf 83' lang='grc' dir='ltr'>ιχνίασας</span> <span class='ocrx_word' id='word_1_685' title='bbox 2358 2321 2437 2384; x_wconf 87' lang='grc' dir='ltr'>δὲ,</span> <span class='ocrx_word' id='word_1_686' title='bbox 2471 2322 2533 2374; x_wconf 87' lang='grc' dir='ltr'>οὐ</span> <span class='ocrx_word' id='word_1_687' title='bbox 2577 2319 2865 2391; x_wconf 78' lang='grc' dir='ltr'>ζητοῦντός</span> <span class='ocrx_word' id='word_1_688' title='bbox 2884 2320 3054 2382; x_wconf 87' lang='grc' dir='ltr'>ἐστιν,</span> <span class='ocrx_word' id='word_1_689' title='bbox 3095 2316 3218 2372; x_wconf 84' lang='grc' dir='ltr'>ούδέ</span> <span class='ocrx_word' id='word_1_690' title='bbox 3270 2312 3617 2388; x_wconf 83' lang='grc' dir='ltr'>ἐρευνῶντος,</span> 
     </span>
    </p>
   </div>
   <div class='ocr_carea' id='block_1_89' title="bbox 2042 2402 3622 2481">
    <p class='ocr_par' dir='ltr' id='par_1_89' title="bbox 2042 2402 3622 2481">
     <span class='ocr_line' id='line_1_89' title="bbox 2042 2402 3622 2481; baseline -0.006 -17"><span class='ocrx_word' id='word_1_691' title='bbox 2042 2410 2155 2465; x_wconf 84' lang='grc' dir='ltr'>ἀλλ’</span> <span class='ocrx_word' id='word_1_692' title='bbox 2186 2408 2426 2481; x_wconf 82' lang='grc' dir='ltr'>ἀκριϐῶς</span> <span class='ocrx_word' id='word_1_693' title='bbox 2453 2407 2840 2480; x_wconf 88' lang='grc' dir='ltr'>ἐπισταμένου.</span> <span class='ocrx_word' id='word_1_694' title='bbox 2861 2405 2967 2460; x_wconf 84' lang='lat' dir='ltr'><em>K61</em></span> <span class='ocrx_word' id='word_1_695' title='bbox 2994 2402 3154 2458; x_wconf 87' lang='grc' dir='ltr'>τοῦτο</span> <span class='ocrx_word' id='word_1_696' title='bbox 3176 2403 3390 2466; x_wconf 81' lang='grc' dir='ltr'>δεικνὺς</span> <span class='ocrx_word' id='word_1_697' title='bbox 3410 2402 3622 2472; x_wconf 79' lang='grc' dir='ltr'>ἐπήγα-</span> 
     </span>
    </p>
   </div>
   <div class='ocr_carea' id='block_1_90' title="bbox 2043 2487 3624 2569">
    <p class='ocr_par' dir='ltr' id='par_1_90' title="bbox 2043 2487 3624 2569">
     <span class='ocr_line' id='line_1_90' title="bbox 2043 2487 3624 2569; baseline -0.007 -16"><span class='ocrx_word' id='word_1_698' title='bbox 2043 2516 2128 2569; x_wconf 87' lang='lat'><em>7:,</em></span> <span class='ocrx_word' id='word_1_699' title='bbox 2152 2497 2449 2567; x_wconf 82' lang='grc' dir='ltr'>Προεῖδες·</span> <span class='ocrx_word' id='word_1_700' title='bbox 2479 2496 2748 2561; x_wconf 80' lang='grc' dir='ltr'>τουτέστι,</span> <span class='ocrx_word' id='word_1_701' title='bbox 2773 2497 2912 2569; x_wconf 71' lang='grc' dir='ltr'>Πρὶν</span> <span class='ocrx_word' id='word_1_702' title='bbox 2936 2496 2970 2566; x_wconf 79' lang='grc' dir='ltr'>ἢ</span> <span class='ocrx_word' id='word_1_703' title='bbox 2998 2492 3251 2563; x_wconf 84' lang='grc' dir='ltr'>γενέσθαι</span> <span class='ocrx_word' id='word_1_704' title='bbox 3274 2487 3422 2554; x_wconf 80' lang='grc' dir='ltr'>οἶδας</span> <span class='ocrx_word' id='word_1_705' title='bbox 3443 2489 3624 2553; x_wconf 90' lang='grc' dir='ltr'>πάσας</span> 
     </span>
    </p>
   </div>
   <div class='ocr_carea' id='block_1_91' title="bbox 2043 2579 3689 2657">
    <p class='ocr_par' dir='ltr' id='par_1_91' title="bbox 2043 2579 3689 2657">
     <span class='ocr_line' id='line_1_91' title="bbox 2043 2579 3689 2657; baseline -0.005 -18"><span class='ocrx_word' id='word_1_706' title='bbox 2043 2587 2143 2650; x_wconf 76' lang='lat'>:6;</span> <span class='ocrx_word' id='word_1_707' title='bbox 2176 2584 2404 2657; x_wconf 77' lang='grc' dir='ltr'>πράξεις</span> <span class='ocrx_word' id='word_1_708' title='bbox 2430 2584 2531 2649; x_wconf 82' lang='grc' dir='ltr'>τὰς</span> <span class='ocrx_word' id='word_1_709' title='bbox 2557 2584 2801 2657; x_wconf 78' lang='grc' dir='ltr'>πονηρὰς</span> <span class='ocrx_word' id='word_1_710' title='bbox 2848 2585 2942 2638; x_wconf 88' lang='lat'><em>1:61</em></span> <span class='ocrx_word' id='word_1_711' title='bbox 2973 2584 3078 2648; x_wconf 85' lang='lat'>:6;</span> <span class='ocrx_word' id='word_1_712' title='bbox 3106 2582 3339 2653; x_wconf 85' lang='grc' dir='ltr'>ἀγαθάς.</span> <span class='ocrx_word' id='word_1_713' title='bbox 3358 2581 3487 2634; x_wconf 86' lang='grc' dir='ltr'>Ὅτι</span> <span class='ocrx_word' id='word_1_714' title='bbox 3510 2579 3624 2632; x_wconf 79' lang='grc' dir='ltr'>οὐκ</span> <span class='ocrx_word' id='word_1_715' title='bbox 3686 2590 3689 2593; x_wconf 64' lang='grc'><strong>⁷</strong></span> 
     </span>
    </p>
   </div>
   <div class='ocr_carea' id='block_1_92' title="bbox 2045 2666 3624 2746">
    <p class='ocr_par' dir='ltr' id='par_1_92' title="bbox 2045 2666 3624 2746">
     <span class='ocr_line' id='line_1_92' title="bbox 2045 2666 3624 2746; baseline -0.006 -17"><span class='ocrx_word' id='word_1_716' title='bbox 2045 2675 2177 2728; x_wconf 79' lang='grc' dir='ltr'>ἐστι</span> <span class='ocrx_word' id='word_1_717' title='bbox 2207 2674 2486 2746; x_wconf 76' lang='grc' dir='ltr'>δόλος,ἐν</span> <span class='ocrx_word' id='word_1_718' title='bbox 2518 2673 2770 2746; x_wconf 83' lang='grc' dir='ltr'>γλώσσῃ</span> <span class='ocrx_word' id='word_1_719' title='bbox 2801 2691 2943 2743; x_wconf 91' lang='grc' dir='ltr'>μου.</span> <span class='ocrx_word' id='word_1_720' title='bbox 2974 2673 3191 2736; x_wconf 81' lang='grc' dir='ltr'>Ἀλλος,</span> <span class='ocrx_word' id='word_1_721' title='bbox 3228 2666 3624 2737; x_wconf 81' lang='grc' dir='ltr'>Ἑτερολογία.</span> 
     </span>
    </p>
   </div>
   <div class='ocr_carea' id='block_1_93' title="bbox 2046 2754 3627 2833">
    <p class='ocr_par' dir='ltr' id='par_1_93' title="bbox 2046 2754 3627 2833">
     <span class='ocr_line' id='line_1_93' title="bbox 2046 2754 3627 2833; baseline -0.006 -18"><span class='ocrx_word' id='word_1_722' title='bbox 2046 2761 2217 2815; x_wconf 80' lang='grc' dir='ltr'>Τοῦτο</span> <span class='ocrx_word' id='word_1_723' title='bbox 2243 2761 2496 2832; x_wconf 86' lang='grc' dir='ltr'>μέγιστον</span> <span class='ocrx_word' id='word_1_724' title='bbox 2529 2761 2827 2833; x_wconf 86' lang='grc' dir='ltr'>τεκμήριον</span> <span class='ocrx_word' id='word_1_725' title='bbox 2870 2760 3076 2831; x_wconf 83' lang='grc' dir='ltr'>ἀρετῆς</span> <span class='ocrx_word' id='word_1_726' title='bbox 3096 2800 3111 2826; x_wconf 96' lang='grc'>,</span> <span class='ocrx_word' id='word_1_727' title='bbox 3140 2757 3298 2812; x_wconf 90' lang='grc' dir='ltr'>τοῦτο</span> <span class='ocrx_word' id='word_1_728' title='bbox 3333 2754 3627 2825; x_wconf 86' lang='grc' dir='ltr'>κεφάλαιον</span> 
     </span>
    </p>
   </div>
   <div class='ocr_carea' id='block_1_94' title="bbox 2047 2838 3630 2919">
    <p class='ocr_par' dir='ltr' id='par_1_94' title="bbox 2047 2838 3630 2919">
     <span class='ocr_line' id='line_1_94' title="bbox 2047 2838 3630 2919; baseline -0.007 -16"><span class='ocrx_word' id='word_1_729' title='bbox 2047 2849 2156 2903; x_wconf 85' lang='grc' dir='ltr'>τῶν</span> <span class='ocrx_word' id='word_1_730' title='bbox 2187 2838 2446 2917; x_wconf 75' lang='grc' dir='ltr'>ἀγαθῶν,</span> <span class='ocrx_word' id='word_1_731' title='bbox 2490 2849 2648 2902; x_wconf 89' lang='grc' dir='ltr'>τοῦτο</span> <span class='ocrx_word' id='word_1_732' title='bbox 2688 2848 2718 2901; x_wconf 87' lang='lat'>6</span> <span class='ocrx_word' id='word_1_733' title='bbox 2764 2847 2999 2919; x_wconf 91' lang='grc' dir='ltr'>μάλιστα</span> <span class='ocrx_word' id='word_1_734' title='bbox 3045 2847 3074 2899; x_wconf 89' lang='lat'>6</span> <span class='ocrx_word' id='word_1_735' title='bbox 3112 2843 3347 2917; x_wconf 83' lang='grc' dir='ltr'>Χριστὸς</span> <span class='ocrx_word' id='word_1_736' title='bbox 3382 2840 3630 2911; x_wconf 75' lang='grc' dir='ltr'>ἐπιζητεῖ</span> 
     </span>
    </p>
   </div>
   <div class='ocr_carea' id='block_1_95' title="bbox 2048 2925 3630 3005">
    <p class='ocr_par' dir='ltr' id='par_1_95' title="bbox 2048 2925 3630 3005">
     <span class='ocr_line' id='line_1_95' title="bbox 2048 2925 3630 3005; baseline -0.006 -15"><span class='ocrx_word' id='word_1_737' title='bbox 2048 2937 2225 3005; x_wconf 86' lang='grc' dir='ltr'>λέγων</span> <span class='ocrx_word' id='word_1_738' title='bbox 2246 2951 2260 2966; x_wconf 71' lang='grc' dir='ltr'><strong>ο</strong></span> <span class='ocrx_word' id='word_1_739' title='bbox 2307 2936 2449 2989; x_wconf 83' lang='grc' dir='ltr'>Ἐὰν</span> <span class='ocrx_word' id='word_1_740' title='bbox 2487 2934 2574 3004; x_wconf 78' lang='grc' dir='ltr'>μὴ</span> <span class='ocrx_word' id='word_1_741' title='bbox 2620 2933 2962 3004; x_wconf 77' lang='grc' dir='ltr'>στραφῆτε,</span> <span class='ocrx_word' id='word_1_742' title='bbox 3004 2932 3104 2987; x_wconf 74' lang='grc' dir='ltr'>καὶ</span> <span class='ocrx_word' id='word_1_743' title='bbox 3146 2933 3404 3003; x_wconf 83' lang='grc' dir='ltr'>γένησθε</span> <span class='ocrx_word' id='word_1_744' title='bbox 3439 2929 3520 2994; x_wconf 87' lang='grc' dir='ltr'>ὠς</span> <span class='ocrx_word' id='word_1_745' title='bbox 3554 2925 3630 2980; x_wconf 82' lang='grc' dir='ltr'>τὰ</span> 
     </span>
    </p>
   </div>
   <div class='ocr_carea' id='block_1_96' title="bbox 2049 3012 3631 3092">
    <p class='ocr_par' dir='ltr' id='par_1_96' title="bbox 2049 3012 3631 3092">
     <span class='ocr_line' id='line_1_96' title="bbox 2049 3012 3631 3092; baseline -0.006 -15"><span class='ocrx_word' id='word_1_746' title='bbox 2049 3023 2274 3086; x_wconf 82' lang='grc' dir='ltr'>παιδία,</span> <span class='ocrx_word' id='word_1_747' title='bbox 2305 3024 2377 3076; x_wconf 86' lang='grc' dir='ltr'>οὺ</span> <span class='ocrx_word' id='word_1_748' title='bbox 2416 3022 2504 3092; x_wconf 76' lang='grc' dir='ltr'>μὴ</span> <span class='ocrx_word' id='word_1_749' title='bbox 2536 3023 2850 3090; x_wconf 76' lang='grc' dir='ltr'>εἰσέλθητε</span> <span class='ocrx_word' id='word_1_750' title='bbox 2881 3023 2971 3088; x_wconf 78' lang='grc' dir='ltr'>εις</span> <span class='ocrx_word' id='word_1_751' title='bbox 3010 3021 3128 3089; x_wconf 80' lang='grc' dir='ltr'>τὴν</span> <span class='ocrx_word' id='word_1_752' title='bbox 3155 3017 3484 3085; x_wconf 77' lang='grc' dir='ltr'>βασιλείαν</span> <span class='ocrx_word' id='word_1_753' title='bbox 3508 3012 3631 3069; x_wconf 83' lang='grc' dir='ltr'>τῶν</span> 
     </span>
    </p>
   </div>
   <div class='ocr_carea' id='block_1_97' title="bbox 2050 3102 3629 3181">
    <p class='ocr_par' dir='ltr' id='par_1_97' title="bbox 2050 3102 3629 3181">
     <span class='ocr_line' id='line_1_97' title="bbox 2050 3102 3629 3181; baseline -0.007 -14"><span class='ocrx_word' id='word_1_754' title='bbox 2050 3111 2350 3181; x_wconf 76' lang='grc' dir='ltr'>οὐρανῶνο</span> <span class='ocrx_word' id='word_1_755' title='bbox 2381 3111 2443 3166; x_wconf 82' lang='grc' dir='ltr'>τὸ</span> <span class='ocrx_word' id='word_1_756' title='bbox 2489 3110 2717 3173; x_wconf 86' lang='grc' dir='ltr'>άκακον,</span> <span class='ocrx_word' id='word_1_757' title='bbox 2750 3111 2811 3164; x_wconf 88' lang='lat'>:6</span> <span class='ocrx_word' id='word_1_758' title='bbox 2857 3110 3072 3177; x_wconf 79' lang='grc' dir='ltr'>ἄδολον,</span> <span class='ocrx_word' id='word_1_759' title='bbox 3100 3109 3165 3163; x_wconf 88' lang='lat'>:6</span> <span class='ocrx_word' id='word_1_760' title='bbox 3209 3107 3487 3163; x_wconf 75' lang='grc' dir='ltr'>ἄπλαστον</span> <span class='ocrx_word' id='word_1_761' title='bbox 3532 3102 3629 3157; x_wconf 85' lang='lat'><em>1:61</em></span> 
     </span>
    </p>
   </div>
   <div class='ocr_carea' id='block_1_98' title="bbox 2051 3190 3627 3270">
    <p class='ocr_par' dir='ltr' id='par_1_98' title="bbox 2051 3190 3627 3270">
     <span class='ocr_line' id='line_1_98' title="bbox 2051 3190 3627 3270; baseline -0.005 -17"><span class='ocrx_word' id='word_1_762' title='bbox 2051 3198 2244 3267; x_wconf 83' lang='grc' dir='ltr'>ἀφελὲς</span> <span class='ocrx_word' id='word_1_763' title='bbox 2280 3198 2663 3270; x_wconf 82' lang='grc' dir='ltr'>αἰνιττόμενος.</span> <span class='ocrx_word' id='word_1_764' title='bbox 2700 3197 2791 3251; x_wconf 85' lang='grc' dir='ltr'>Διὸ</span> <span class='ocrx_word' id='word_1_765' title='bbox 2823 3197 2916 3251; x_wconf 64' lang='grc' dir='ltr'>καὶ⁵</span> <span class='ocrx_word' id='word_1_766' title='bbox 2951 3196 3167 3260; x_wconf 76' lang='grc' dir='ltr'>ἰδιώτας</span> <span class='ocrx_word' id='word_1_767' title='bbox 3196 3194 3496 3263; x_wconf 77' lang='grc' dir='ltr'>ἐξελέξατο,</span> <span class='ocrx_word' id='word_1_768' title='bbox 3527 3190 3627 3245; x_wconf 76' lang='grc' dir='ltr'>καὶ</span> 
     </span>
    </p>
   </div>
   <div class='ocr_carea' id='block_1_99' title="bbox 2052 3280 3635 3357">
    <p class='ocr_par' dir='ltr' id='par_1_99' title="bbox 2052 3280 3635 3357">
     <span class='ocr_line' id='line_1_99' title="bbox 2052 3280 3635 3357; baseline -0.005 -15"><span class='ocrx_word' id='word_1_769' title='bbox 2052 3289 2236 3357; x_wconf 75' lang='grc' dir='ltr'>ἔλεγεν</span> <span class='ocrx_word' id='word_1_770' title='bbox 2254 3303 2268 3318; x_wconf 76' lang='grc' dir='ltr'>ο</span> <span class='ocrx_word' id='word_1_771' title='bbox 2313 3286 2817 3357; x_wconf 74' lang='grc' dir='ltr'>Ἐξομολογοῦμαί</span> <span class='ocrx_word' id='word_1_772' title='bbox 2859 3300 2979 3352; x_wconf 87' lang='grc' dir='ltr'>σοι,</span> <span class='ocrx_word' id='word_1_773' title='bbox 3010 3284 3223 3356; x_wconf 78' lang='grc' dir='ltr'>Πάτερ,</span> <span class='ocrx_word' id='word_1_774' title='bbox 3254 3284 3344 3339; x_wconf 82' lang='grc' dir='ltr'>ὅτι</span> <span class='ocrx_word' id='word_1_775' title='bbox 3373 3280 3635 3348; x_wconf 77' lang='grc' dir='ltr'>ἀπέκρυ-</span> 
     </span>
    </p>
   </div>
   <div class='ocr_carea' id='block_1_100' title="bbox 2052 3368 3634 3447">
    <p class='ocr_par' dir='ltr' id='par_1_100' title="bbox 2052 3368 3634 3447">
     <span class='ocr_line' id='line_1_100' title="bbox 2052 3368 3634 3447; baseline -0.005 -17"><span class='ocrx_word' id='word_1_776' title='bbox 2052 3381 2175 3447; x_wconf 65' lang='grc' dir='ltr'>ψας</span> <span class='ocrx_word' id='word_1_777' title='bbox 2193 3374 2347 3432; x_wconf 84' lang='grc' dir='ltr'>αὐτὰ</span> <span class='ocrx_word' id='word_1_778' title='bbox 2371 3374 2487 3430; x_wconf 82' lang='grc' dir='ltr'>ἀπὸ</span> <span class='ocrx_word' id='word_1_779' title='bbox 2506 3374 2717 3446; x_wconf 69' lang='grc' dir='ltr'>σοφῶν</span> <span class='ocrx_word' id='word_1_780' title='bbox 2745 3374 2844 3429; x_wconf 84' lang='grc' dir='ltr'>καὶ</span> <span class='ocrx_word' id='word_1_781' title='bbox 2881 3373 3175 3442; x_wconf 84' lang='grc' dir='ltr'>συνετῶν,</span> <span class='ocrx_word' id='word_1_782' title='bbox 3196 3371 3307 3428; x_wconf 74' lang='grc' dir='ltr'>Δκαὶ</span> <span class='ocrx_word' id='word_1_783' title='bbox 3329 3368 3634 3428; x_wconf 76' lang='grc' dir='ltr'>ἀπεκάλυ-</span> 
     </span>
    </p>
   </div>
   <div class='ocr_carea' id='block_1_101' title="bbox 2054 3450 3632 3534">
    <p class='ocr_par' dir='ltr' id='par_1_101' title="bbox 2054 3450 3632 3534">
     <span class='ocr_line' id='line_1_101' title="bbox 2054 3450 3632 3534; baseline -0.007 -14"><span class='ocrx_word' id='word_1_784' title='bbox 2054 3453 2178 3534; x_wconf 76' lang='grc' dir='ltr'>ψας</span> <span class='ocrx_word' id='word_1_785' title='bbox 2200 3463 2353 3519; x_wconf 85' lang='grc' dir='ltr'>αὐτὰ</span> <span class='ocrx_word' id='word_1_786' title='bbox 2382 3463 2642 3532; x_wconf 77' lang='grc' dir='ltr'>νηπίοις.</span> <span class='ocrx_word' id='word_1_787' title='bbox 2665 3462 2827 3534; x_wconf 79' lang='grc' dir='ltr'>Ὅρα’</span> <span class='ocrx_word' id='word_1_788' title='bbox 2863 3450 2963 3516; x_wconf 77' lang='grc' dir='ltr'>οὐκ</span> <span class='ocrx_word' id='word_1_789' title='bbox 2991 3458 3163 3524; x_wconf 77' lang='grc' dir='ltr'>εἶπεν.</span> <span class='ocrx_word' id='word_1_790' title='bbox 3199 3462 3280 3515; x_wconf 81' lang='grc' dir='ltr'>ὅτι</span> <span class='ocrx_word' id='word_1_791' title='bbox 3310 3456 3632 3528; x_wconf 79' lang='grc' dir='ltr'>Ἐδεξάμην,</span> 
     </span>
    </p>
   </div>
   <div class='ocr_carea' id='block_1_102' title="bbox 2055 3544 3631 3616">
    <p class='ocr_par' dir='ltr' id='par_1_102' title="bbox 2055 3544 3631 3616">
     <span class='ocr_line' id='line_1_102' title="bbox 2055 3544 3631 3616; baseline -0.006 -9"><span class='ocrx_word' id='word_1_792' title='bbox 2055 3552 2149 3607; x_wconf 90' lang='lat'><em>1:61</em></span> <span class='ocrx_word' id='word_1_793' title='bbox 2177 3550 2447 3605; x_wconf 87' lang='grc' dir='ltr'>ἀπέϐαλον</span> <span class='ocrx_word' id='word_1_794' title='bbox 2473 3550 2565 3604; x_wconf 81' lang='grc' dir='ltr'>τὸν</span> <span class='ocrx_word' id='word_1_795' title='bbox 2592 3550 2764 3606; x_wconf 75' lang='grc' dir='ltr'>δόλοψ</span> <span class='ocrx_word' id='word_1_796' title='bbox 2790 3550 2928 3616; x_wconf 87' lang='grc' dir='ltr'>ἀλλ’,</span> <span class='ocrx_word' id='word_1_797' title='bbox 2961 3551 3044 3604; x_wconf 82' lang='grc' dir='ltr'>ὅτι</span> <span class='ocrx_word' id='word_1_798' title='bbox 3074 3549 3209 3605; x_wconf 80' lang='grc' dir='ltr'>Οὐδέ</span> <span class='ocrx_word' id='word_1_799' title='bbox 3238 3544 3455 3616; x_wconf 87' lang='grc' dir='ltr'>ἐγένετό</span> <span class='ocrx_word' id='word_1_800' title='bbox 3480 3559 3631 3607; x_wconf 84' lang='grc' dir='ltr'>ποτε,</span> 
     </span>
    </p>
   </div>
   <div class='ocr_carea' id='block_1_103' title="bbox 2055 3630 3633 3710">
    <p class='ocr_par' dir='ltr' id='par_1_103' title="bbox 2055 3630 3633 3710">
     <span class='ocr_line' id='line_1_103' title="bbox 2055 3630 3633 3710; baseline -0.008 -17"><span class='ocrx_word' id='word_1_801' title='bbox 2055 3638 2175 3693; x_wconf 81' lang='grc' dir='ltr'>οὐδὲ</span> <span class='ocrx_word' id='word_1_802' title='bbox 2203 3636 2375 3707; x_wconf 89' lang='grc' dir='ltr'>ἐπέϐη</span> <span class='ocrx_word' id='word_1_803' title='bbox 2404 3638 2504 3710; x_wconf 85' lang='grc' dir='ltr'>τῆς</span> <span class='ocrx_word' id='word_1_804' title='bbox 2536 3637 2780 3707; x_wconf 84' lang='grc' dir='ltr'>γλώττης</span> <span class='ocrx_word' id='word_1_805' title='bbox 2812 3637 2914 3706; x_wconf 80' lang='grc' dir='ltr'>τῆς</span> <span class='ocrx_word' id='word_1_806' title='bbox 2944 3636 3086 3706; x_wconf 75' lang='grc' dir='ltr'>ἐμῆς</span> <span class='ocrx_word' id='word_1_807' title='bbox 3115 3633 3263 3688; x_wconf 61' lang='grc' dir='ltr'>τουτὶ⁸</span> <span class='ocrx_word' id='word_1_808' title='bbox 3297 3632 3358 3686; x_wconf 88' lang='lat'>:6</span> <span class='ocrx_word' id='word_1_809' title='bbox 3396 3630 3633 3700; x_wconf 87' lang='grc' dir='ltr'>νόσημα,</span> 
     </span>
    </p>
   </div>
   <div class='ocr_carea' id='block_1_104' title="bbox 2057 3713 3629 3796">
    <p class='ocr_par' dir='ltr' id='par_1_104' title="bbox 2057 3713 3629 3796">
     <span class='ocr_line' id='line_1_104' title="bbox 2057 3713 3629 3796; baseline -0.007 -17"><span class='ocrx_word' id='word_1_810' title='bbox 2057 3725 2170 3779; x_wconf 84' lang='grc' dir='ltr'>ἀλλ’</span> <span class='ocrx_word' id='word_1_811' title='bbox 2196 3723 2395 3787; x_wconf 81' lang='grc' dir='ltr'>ἄϐατος</span> <span class='ocrx_word' id='word_1_812' title='bbox 2421 3724 2455 3794; x_wconf 82' lang='grc' dir='ltr'><strong>ή</strong></span> <span class='ocrx_word' id='word_1_813' title='bbox 2478 3722 2715 3796; x_wconf 86' lang='grc' dir='ltr'>πονηρία</span> <span class='ocrx_word' id='word_1_814' title='bbox 2733 3724 2827 3778; x_wconf 82' lang='grc' dir='ltr'>ἀπ’</span> <span class='ocrx_word' id='word_1_815' title='bbox 2852 3721 2987 3794; x_wconf 85' lang='grc' dir='ltr'>ἐμοῦ</span> <span class='ocrx_word' id='word_1_816' title='bbox 3012 3721 3149 3791; x_wconf 79' lang='grc' dir='ltr'>αὕτη</span> <span class='ocrx_word' id='word_1_817' title='bbox 3173 3720 3417 3791; x_wconf 85' lang='grc' dir='ltr'>γέγονεν.</span> <span class='ocrx_word' id='word_1_818' title='bbox 3445 3713 3629 3779; x_wconf 85' lang='grc' dir='ltr'>Ἰδοὺ,</span> 
     </span>
    </p>
   </div>
   <div class='ocr_carea' id='block_1_105' title="bbox 2057 3801 3631 3882">
    <p class='ocr_par' dir='ltr' id='par_1_105' title="bbox 2057 3801 3631 3882">
     <span class='ocr_line' id='line_1_105' title="bbox 2057 3801 3631 3882; baseline -0.008 -15"><span class='ocrx_word' id='word_1_819' title='bbox 2057 3812 2253 3881; x_wconf 85' lang='grc' dir='ltr'>Κύριε,</span> <span class='ocrx_word' id='word_1_820' title='bbox 2265 3809 2346 3864; x_wconf 86' lang='grc' dir='ltr'>σὺ</span> <span class='ocrx_word' id='word_1_821' title='bbox 2360 3810 2444 3880; x_wconf 69' lang='grc'>[41</span> <span class='ocrx_word' id='word_1_822' title='bbox 2456 3809 2702 3882; x_wconf 83' lang='grc' dir='ltr'>1]ἒγνως</span> <span class='ocrx_word' id='word_1_823' title='bbox 2717 3808 2935 3872; x_wconf 81' lang='grc' dir='ltr'>πάντα,</span> <span class='ocrx_word' id='word_1_824' title='bbox 2951 3810 3024 3863; x_wconf 85' lang='grc' dir='ltr'>τὰ</span> <span class='ocrx_word' id='word_1_825' title='bbox 3040 3809 3267 3876; x_wconf 78' lang='grc' dir='ltr'>ἔσχατα</span> <span class='ocrx_word' id='word_1_826' title='bbox 3277 3804 3375 3860; x_wconf 74' lang='grc' dir='ltr'>καί</span> <span class='ocrx_word' id='word_1_827' title='bbox 3395 3801 3631 3873; x_wconf 79' lang='grc' dir='ltr'>ἀρχαῖα.</span> 
     </span>
    </p>
   </div>
   <div class='ocr_carea' id='block_1_106' title="bbox 2060 3887 3637 3969">
    <p class='ocr_par' dir='ltr' id='par_1_106' title="bbox 2060 3887 3637 3969">
     <span class='ocr_line' id='line_1_106' title="bbox 2060 3887 3637 3969; baseline -0.013 -7"><span class='ocrx_word' id='word_1_828' title='bbox 2060 3900 2133 3953; x_wconf 73' lang='grc' dir='ltr'><strong>θῦ</strong></span> <span class='ocrx_word' id='word_1_829' title='bbox 2167 3899 2293 3960; x_wconf 81' lang='grc' dir='ltr'>τοὺς</span> <span class='ocrx_word' id='word_1_830' title='bbox 2317 3897 2611 3969; x_wconf 80' lang='grc' dir='ltr'>λογισμοὺς</span> <span class='ocrx_word' id='word_1_831' title='bbox 2639 3898 2799 3969; x_wconf 83' lang='grc' dir='ltr'>μόνον</span> <span class='ocrx_word' id='word_1_832' title='bbox 2827 3893 2995 3962; x_wconf 78' lang='grc' dir='ltr'>οἶδας,</span> <span class='ocrx_word' id='word_1_833' title='bbox 3018 3895 3203 3967; x_wconf 77' lang='grc' dir='ltr'>φησὶν,</span> <span class='ocrx_word' id='word_1_834' title='bbox 3225 3892 3345 3948; x_wconf 85' lang='grc' dir='ltr'>οὐδέ</span> <span class='ocrx_word' id='word_1_835' title='bbox 3378 3890 3477 3955; x_wconf 91' lang='grc' dir='ltr'>τάς</span> <span class='ocrx_word' id='word_1_836' title='bbox 3502 3887 3637 3960; x_wconf 82' lang='grc' dir='ltr'>πρά·</span> 
     </span>
    </p>
   </div>
   <div class='ocr_carea' id='block_1_107' title="bbox 2062 3973 3671 4057">
    <p class='ocr_par' dir='ltr' id='par_1_107' title="bbox 2062 3973 3671 4057">
     <span class='ocr_line' id='line_1_107' title="bbox 2062 3973 3671 4057; baseline -0.007 -20"><span class='ocrx_word' id='word_1_837' title='bbox 2062 3984 2171 4049; x_wconf 83' lang='grc' dir='ltr'>ξεις</span> <span class='ocrx_word' id='word_1_838' title='bbox 2203 3999 2328 4055; x_wconf 87' lang='grc' dir='ltr'>μου,</span> <span class='ocrx_word' id='word_1_839' title='bbox 2362 3983 2481 4037; x_wconf 82' lang='grc' dir='ltr'>οὐδὲ</span> <span class='ocrx_word' id='word_1_840' title='bbox 2507 3983 2606 4047; x_wconf 86' lang='grc' dir='ltr'>τὰς</span> <span class='ocrx_word' id='word_1_841' title='bbox 2651 3983 2805 4046; x_wconf 85' lang='grc' dir='ltr'>ὁδούς</span> <span class='ocrx_word' id='word_1_842' title='bbox 2837 4000 2961 4054; x_wconf 86' lang='grc' dir='ltr'>μου,</span> <span class='ocrx_word' id='word_1_843' title='bbox 3004 3980 3142 4035; x_wconf 74' lang='grc' dir='ltr'>ἀλλὰ</span> <span class='ocrx_word' id='word_1_844' title='bbox 3174 3979 3355 4034; x_wconf 84' lang='grc' dir='ltr'>πάντα</span> <span class='ocrx_word' id='word_1_845' title='bbox 3384 3976 3455 4031; x_wconf 89' lang='lat'>:6</span> <span class='ocrx_word' id='word_1_846' title='bbox 3484 3973 3671 4057; x_wconf 34' lang='lat' dir='ltr'><em>7:v6-&#39;</em></span> 
     </span>
    </p>
   </div>
   <div class='ocr_carea' id='block_1_108' title="bbox 2066 4061 3638 4143">
    <p class='ocr_par' dir='ltr' id='par_1_108' title="bbox 2066 4061 3638 4143">
     <span class='ocr_line' id='line_1_108' title="bbox 2066 4061 3638 4143; baseline -0.007 -18"><span class='ocrx_word' id='word_1_847' title='bbox 2066 4087 2200 4143; x_wconf 85' lang='grc' dir='ltr'>μενα</span> <span class='ocrx_word' id='word_1_848' title='bbox 2231 4070 2324 4125; x_wconf 88' lang='lat'><em>1:61</em></span> <span class='ocrx_word' id='word_1_849' title='bbox 2350 4070 2602 4141; x_wconf 88' lang='grc' dir='ltr'>ἐσόμενα.</span> <span class='ocrx_word' id='word_1_850' title='bbox 2626 4069 2712 4125; x_wconf 85' lang='grc' dir='ltr'>Σὺ</span> <span class='ocrx_word' id='word_1_851' title='bbox 2739 4068 3017 4136; x_wconf 78' lang='grc' dir='ltr'>ἐπλασάς</span> <span class='ocrx_word' id='word_1_852' title='bbox 3046 4084 3141 4137; x_wconf 88' lang='grc' dir='ltr'>με,</span> <span class='ocrx_word' id='word_1_853' title='bbox 3165 4065 3266 4143; x_wconf 79' lang='grc' dir='ltr'>καί</span> <span class='ocrx_word' id='word_1_854' title='bbox 3297 4065 3515 4130; x_wconf 77' lang='grc' dir='ltr'>ἔθηκας</span> <span class='ocrx_word' id='word_1_855' title='bbox 3543 4061 3638 4115; x_wconf 79' lang='grc' dir='ltr'>ἐπ’</span> 
     </span>
    </p>
   </div>
   <div class='ocr_carea' id='block_1_109' title="bbox 2062 4147 3640 4228">
    <p class='ocr_par' dir='ltr' id='par_1_109' title="bbox 2062 4147 3640 4228">
     <span class='ocr_line' id='line_1_109' title="bbox 2062 4147 3640 4228; baseline -0.008 -17"><span class='ocrx_word' id='word_1_856' title='bbox 2062 4157 2166 4228; x_wconf 82' lang='grc' dir='ltr'>ἐμὲ</span> <span class='ocrx_word' id='word_1_857' title='bbox 2183 4156 2297 4227; x_wconf 78' lang='grc' dir='ltr'>τὴν</span> <span class='ocrx_word' id='word_1_858' title='bbox 2317 4155 2483 4226; x_wconf 83' lang='grc' dir='ltr'>χεῖρά</span> <span class='ocrx_word' id='word_1_859' title='bbox 2498 4170 2635 4211; x_wconf 92' lang='grc' dir='ltr'>σου.</span> <span class='ocrx_word' id='word_1_860' title='bbox 2652 4155 2786 4210; x_wconf 80' lang='grc' dir='ltr'>Ἀπὸ</span> <span class='ocrx_word' id='word_1_861' title='bbox 2807 4155 2905 4225; x_wconf 83' lang='grc' dir='ltr'>τῆς</span> <span class='ocrx_word' id='word_1_862' title='bbox 2934 4151 3343 4225; x_wconf 76' lang='grc' dir='ltr'>προγνωπικῆς</span> <span class='ocrx_word' id='word_1_863' title='bbox 3359 4147 3640 4220; x_wconf 89' lang='grc' dir='ltr'>δυνάμεως</span> 
     </span>
    </p>
   </div>
   <div class='ocr_carea' id='block_1_110' title="bbox 2064 4236 3640 4317">
    <p class='ocr_par' dir='ltr' id='par_1_110' title="bbox 2064 4236 3640 4317">
     <span class='ocr_line' id='line_1_110' title="bbox 2064 4236 3640 4317; baseline -0.008 -19"><span class='ocrx_word' id='word_1_864' title='bbox 2064 4244 2158 4299; x_wconf 72' lang='grc' dir='ltr'>ἐπὶ</span> <span class='ocrx_word' id='word_1_865' title='bbox 2184 4242 2281 4317; x_wconf 75' lang='grc' dir='ltr'>τὴν</span> <span class='ocrx_word' id='word_1_866' title='bbox 2303 4242 2697 4315; x_wconf 83' lang='grc' dir='ltr'>δημιουργικὴν</span> <span class='ocrx_word' id='word_1_867' title='bbox 2724 4240 2955 4314; x_wconf 85' lang='grc' dir='ltr'>μετέϐη,</span> <span class='ocrx_word' id='word_1_868' title='bbox 2990 4240 3085 4294; x_wconf 90' lang='lat'><em>1:61</em></span> <span class='ocrx_word' id='word_1_869' title='bbox 3117 4239 3225 4295; x_wconf 87' lang='lat'><em>61:6</em></span> <span class='ocrx_word' id='word_1_870' title='bbox 3248 4238 3346 4308; x_wconf 85' lang='grc' dir='ltr'>τῆς</span> <span class='ocrx_word' id='word_1_871' title='bbox 3382 4236 3640 4306; x_wconf 85' lang='grc' dir='ltr'>δημιουρ-</span> 
     </span>
    </p>
   </div>
   <div class='ocr_carea' id='block_1_111' title="bbox 2065 4321 3641 4403">
    <p class='ocr_par' dir='ltr' id='par_1_111' title="bbox 2065 4321 3641 4403">
     <span class='ocr_line' id='line_1_111' title="bbox 2065 4321 3641 4403; baseline -0.008 -18"><span class='ocrx_word' id='word_1_872' title='bbox 2065 4335 2227 4403; x_wconf 81' lang='grc' dir='ltr'>γικῆς</span> <span class='ocrx_word' id='word_1_873' title='bbox 2255 4330 2418 4386; x_wconf 91' lang='grc' dir='ltr'>πάλιν</span> <span class='ocrx_word' id='word_1_874' title='bbox 2437 4331 2530 4384; x_wconf 77' lang='grc' dir='ltr'>ἐπὶ</span> <span class='ocrx_word' id='word_1_875' title='bbox 2561 4329 2659 4401; x_wconf 83' lang='grc' dir='ltr'>τὴν</span> <span class='ocrx_word' id='word_1_876' title='bbox 2692 4328 3124 4400; x_wconf 83' lang='grc' dir='ltr'>προγνωστικήν.</span> <span class='ocrx_word' id='word_1_877' title='bbox 3149 4326 3223 4380; x_wconf 77' lang='grc' dir='ltr'><strong>Οὐ</strong></span> <span class='ocrx_word' id='word_1_878' title='bbox 3248 4325 3357 4395; x_wconf 69' lang='grc' dir='ltr'>γὰρ</span> <span class='ocrx_word' id='word_1_879' title='bbox 3384 4321 3450 4394; x_wconf 85' lang='grc' dir='ltr'>δὴ</span> <span class='ocrx_word' id='word_1_880' title='bbox 3481 4322 3641 4391; x_wconf 87' lang='grc' dir='ltr'>μόνον</span> 
     </span>
    </p>
   </div>
   <div class='ocr_carea' id='block_1_112' title="bbox 2066 4410 3638 4488">
    <p class='ocr_par' dir='ltr' id='par_1_112' title="bbox 2066 4410 3638 4488">
     <span class='ocr_line' id='line_1_112' title="bbox 2066 4410 3638 4488; baseline -0.006 -16"><span class='ocrx_word' id='word_1_881' title='bbox 2066 4418 2166 4472; x_wconf 80' lang='grc' dir='ltr'>οὐκ</span> <span class='ocrx_word' id='word_1_882' title='bbox 2207 4416 2366 4481; x_wconf 72' lang='grc' dir='ltr'>ὄντας</span> <span class='ocrx_word' id='word_1_883' title='bbox 2396 4416 2670 4488; x_wconf 84' lang='grc' dir='ltr'>ἐποίησεν,</span> <span class='ocrx_word' id='word_1_884' title='bbox 2701 4415 2838 4470; x_wconf 88' lang='grc' dir='ltr'>ἀλλὰ</span> <span class='ocrx_word' id='word_1_885' title='bbox 2864 4419 2960 4468; x_wconf 78' lang='grc' dir='ltr'>καὶ</span> <span class='ocrx_word' id='word_1_886' title='bbox 2991 4414 3311 4484; x_wconf 86' lang='grc' dir='ltr'>γενομένους</span> <span class='ocrx_word' id='word_1_887' title='bbox 3341 4410 3638 4481; x_wconf 86' lang='grc' dir='ltr'>διακρατεῖ.</span> 
     </span>
    </p>
   </div>
   <div class='ocr_carea' id='block_1_113' title="bbox 2141 4543 3644 4623">
    <p class='ocr_par' dir='ltr' id='par_1_113' title="bbox 2141 4543 3644 4623">
     <span class='ocr_line' id='line_1_113' title="bbox 2141 4543 3644 4623; baseline -0.008 -14"><span class='ocrx_word' id='word_1_888' title='bbox 2141 4550 2206 4623; x_wconf 81' lang='grc' dir='ltr'>β’.</span> <span class='ocrx_word' id='word_1_889' title='bbox 2246 4551 2430 4604; x_wconf 90' lang='grc' dir='ltr'>Ταῦτα</span> <span class='ocrx_word' id='word_1_890' title='bbox 2485 4551 2720 4622; x_wconf 79' lang='grc' dir='ltr'>ἑκάτερα</span> <span class='ocrx_word' id='word_1_891' title='bbox 2764 4549 2860 4604; x_wconf 89' lang='lat'><em>1:61</em></span> <span class='ocrx_word' id='word_1_892' title='bbox 2905 4548 2935 4602; x_wconf 87' lang='lat'>6</span> <span class='ocrx_word' id='word_1_893' title='bbox 2977 4547 3189 4612; x_wconf 87' lang='grc' dir='ltr'>Παῦλος</span> <span class='ocrx_word' id='word_1_894' title='bbox 3247 4547 3515 4620; x_wconf 87' lang='grc' dir='ltr'>μαρτυρεῖ</span> <span class='ocrx_word' id='word_1_895' title='bbox 3565 4543 3644 4614; x_wconf 82' lang='grc' dir='ltr'>τῷ</span> 
     </span>
    </p>
   </div>
   <div class='ocr_carea' id='block_1_114' title="bbox 2068 4631 3649 4714">
    <p class='ocr_par' dir='ltr' id='par_1_114' title="bbox 2068 4631 3649 4714">
     <span class='ocr_line' id='line_1_114' title="bbox 2068 4631 3649 4714; baseline -0.004 -20"><span class='ocrx_word' id='word_1_896' title='bbox 2068 4637 2309 4714; x_wconf 85' lang='grc' dir='ltr'>Χριστῷ,</span> <span class='ocrx_word' id='word_1_897' title='bbox 2325 4637 2517 4707; x_wconf 80' lang='grc' dir='ltr'>λέγων’</span> <span class='ocrx_word' id='word_1_898' title='bbox 2535 4635 2894 4706; x_wconf 85' lang='grc' dir='ltr'>Πολυμερῶς</span> <span class='ocrx_word' id='word_1_899' title='bbox 2922 4635 3021 4690; x_wconf 75' lang='grc' dir='ltr'>καὶ</span> <span class='ocrx_word' id='word_1_900' title='bbox 3045 4635 3436 4703; x_wconf 78' lang='grc' dir='ltr'>πολυτρόπως</span> <span class='ocrx_word' id='word_1_901' title='bbox 3458 4631 3649 4688; x_wconf 82' lang='grc' dir='ltr'>πάλαι</span> 
     </span>
    </p>
   </div>
   <div class='ocr_carea' id='block_1_115' title="bbox 2071 4720 3643 4793">
    <p class='ocr_par' dir='ltr' id='par_1_115' title="bbox 2071 4720 3643 4793">
     <span class='ocr_line' id='line_1_115' title="bbox 2071 4720 3643 4793; baseline -0.005 -12"><span class='ocrx_word' id='word_1_902' title='bbox 2071 4730 2104 4781; x_wconf 89' lang='grc' dir='ltr'>ό</span> <span class='ocrx_word' id='word_1_903' title='bbox 2134 4725 2276 4791; x_wconf 77' lang='grc' dir='ltr'>Θεὸς</span> <span class='ocrx_word' id='word_1_904' title='bbox 2299 4725 2581 4793; x_wconf 77' lang='grc' dir='ltr'>λαλήσας</span> <span class='ocrx_word' id='word_1_905' title='bbox 2600 4725 2725 4791; x_wconf 80' lang='grc' dir='ltr'>τοῖς</span> <span class='ocrx_word' id='word_1_906' title='bbox 2752 4723 3129 4793; x_wconf 80' lang='grc' dir='ltr'>πατράσινὲν</span> <span class='ocrx_word' id='word_1_907' title='bbox 3146 4723 3270 4788; x_wconf 85' lang='grc' dir='ltr'>τοῖς</span> <span class='ocrx_word' id='word_1_908' title='bbox 3291 4720 3643 4792; x_wconf 72' lang='grc' dir='ltr'>προφήταις,</span> 
     </span>
    </p>
   </div>
   <div class='ocr_carea' id='block_1_116' title="bbox 2070 4805 3648 4883">
    <p class='ocr_par' dir='ltr' id='par_1_116' title="bbox 2070 4805 3648 4883">
     <span class='ocr_line' id='line_1_116' title="bbox 2070 4805 3648 4883; baseline -0.006 -15"><span class='ocrx_word' id='word_1_909' title='bbox 2070 4814 2162 4868; x_wconf 78' lang='grc' dir='ltr'>ἐπ’</span> <span class='ocrx_word' id='word_1_910' title='bbox 2177 4811 2439 4882; x_wconf 81' lang='grc' dir='ltr'>ἐσχάτου</span> <span class='ocrx_word' id='word_1_911' title='bbox 2457 4810 2576 4867; x_wconf 89' lang='grc' dir='ltr'>τῶν</span> <span class='ocrx_word' id='word_1_912' title='bbox 2593 4810 2825 4883; x_wconf 73' lang='grc' dir='ltr'>ἡμερῶν</span> <span class='ocrx_word' id='word_1_913' title='bbox 2844 4811 3152 4879; x_wconf 76' lang='grc' dir='ltr'>ἐλάλησεν</span> <span class='ocrx_word' id='word_1_914' title='bbox 3171 4810 3315 4880; x_wconf 73' lang='grc' dir='ltr'>ἡμῖν</span> <span class='ocrx_word' id='word_1_915' title='bbox 3334 4810 3404 4863; x_wconf 86' lang='grc' dir='ltr'>ἐν</span> <span class='ocrx_word' id='word_1_916' title='bbox 3427 4807 3557 4873; x_wconf 84' lang='grc' dir='ltr'>Υίῷ,</span> <span class='ocrx_word' id='word_1_917' title='bbox 3574 4805 3648 4859; x_wconf 80' lang='grc' dir='ltr'>ὃν</span> 
     </span>
    </p>
   </div>
   <div class='ocr_carea' id='block_1_117' title="bbox 2072 4893 3648 4972">
    <p class='ocr_par' dir='ltr' id='par_1_117' title="bbox 2072 4893 3648 4972">
     <span class='ocr_line' id='line_1_117' title="bbox 2072 4893 3648 4972; baseline -0.007 -15"><span class='ocrx_word' id='word_1_918' title='bbox 2072 4902 2249 4971; x_wconf 77' lang='grc' dir='ltr'>ἔθηκε</span> <span class='ocrx_word' id='word_1_919' title='bbox 2279 4903 2656 4972; x_wconf 83' lang='grc' dir='ltr'>κληρονόμον</span> <span class='ocrx_word' id='word_1_920' title='bbox 2687 4900 2947 4956; x_wconf 76' lang='grc' dir='ltr'>πάντων.</span> <span class='ocrx_word' id='word_1_921' title='bbox 2978 4895 3111 4955; x_wconf 76' lang='grc' dir='ltr'>Εἶτα</span> <span class='ocrx_word' id='word_1_922' title='bbox 3137 4900 3354 4966; x_wconf 88' lang='grc' dir='ltr'>ἐπάγων</span> <span class='ocrx_word' id='word_1_923' title='bbox 3374 4897 3519 4965; x_wconf 85' lang='grc' dir='ltr'>λέγει</span> <span class='ocrx_word' id='word_1_924' title='bbox 3552 4893 3648 4947; x_wconf 88' lang='lat'><em>1:61</em></span> 
     </span>
    </p>
   </div>
   <div class='ocr_carea' id='block_1_118' title="bbox 2071 4984 3645 5063">
    <p class='ocr_par' dir='ltr' id='par_1_118' title="bbox 2071 4984 3645 5063">
     <span class='ocr_line' id='line_1_118' title="bbox 2071 4984 3645 5063; baseline -0.004 -20"><span class='ocrx_word' id='word_1_925' title='bbox 2071 4988 2170 5060; x_wconf 83' lang='grc' dir='ltr'>τὴν</span> <span class='ocrx_word' id='word_1_926' title='bbox 2202 4989 2554 5063; x_wconf 87' lang='grc' dir='ltr'>δημιουργίαν</span> <span class='ocrx_word' id='word_1_927' title='bbox 2575 5008 2587 5021; x_wconf 90' lang='grc'><strong>·</strong></span> <span class='ocrx_word' id='word_1_928' title='bbox 2621 4991 2700 5044; x_wconf 81' lang='grc' dir='ltr'>Δι’</span> <span class='ocrx_word' id='word_1_929' title='bbox 2727 4985 2799 5045; x_wconf 85' lang='grc' dir='ltr'>οὗ</span> <span class='ocrx_word' id='word_1_930' title='bbox 2831 4989 2929 5043; x_wconf 78' lang='grc' dir='ltr'>καὶ</span> <span class='ocrx_word' id='word_1_931' title='bbox 2958 4988 3101 5053; x_wconf 89' lang='grc' dir='ltr'>τοὺς</span> <span class='ocrx_word' id='word_1_932' title='bbox 3126 4986 3345 5051; x_wconf 75' lang='grc' dir='ltr'>αἰῶνας</span> <span class='ocrx_word' id='word_1_933' title='bbox 3374 4984 3645 5050; x_wconf 82' lang='grc' dir='ltr'>ἐποίησε.</span> 
     </span>
    </p>
   </div>
   <div class='ocr_carea' id='block_1_119' title="bbox 2075 5068 3648 5150">
    <p class='ocr_par' dir='ltr' id='par_1_119' title="bbox 2075 5068 3648 5150">
     <span class='ocr_line' id='line_1_119' title="bbox 2075 5068 3648 5150; baseline -0.007 -18"><span class='ocrx_word' id='word_1_934' title='bbox 2075 5078 2187 5133; x_wconf 81' lang='lat' dir='ltr'><em>K61</em></span> <span class='ocrx_word' id='word_1_935' title='bbox 2230 5079 2360 5150; x_wconf 76' lang='grc' dir='ltr'>περὶ</span> <span class='ocrx_word' id='word_1_936' title='bbox 2402 5079 2501 5150; x_wconf 86' lang='grc' dir='ltr'>τῆς</span> <span class='ocrx_word' id='word_1_937' title='bbox 2528 5079 2716 5142; x_wconf 79' lang='grc' dir='ltr'>οὐσίας</span> <span class='ocrx_word' id='word_1_938' title='bbox 2757 5076 2919 5131; x_wconf 83' lang='grc' dir='ltr'>αὐτοῦ</span> <span class='ocrx_word' id='word_1_939' title='bbox 2962 5074 3283 5146; x_wconf 73' lang='grc' dir='ltr'>διαλεχθεὶς,</span> <span class='ocrx_word' id='word_1_940' title='bbox 3320 5071 3414 5125; x_wconf 89' lang='lat'><em>1:61</em></span> <span class='ocrx_word' id='word_1_941' title='bbox 3456 5068 3648 5136; x_wconf 85' lang='grc' dir='ltr'>εἰπὼν,</span> 
     </span>
    </p>
   </div>
   <div class='ocr_carea' id='block_1_120' title="bbox 2083 5155 3652 5234">
    <p class='ocr_par' dir='ltr' id='par_1_120' title="bbox 2083 5155 3652 5234">
     <span class='ocr_line' id='line_1_120' title="bbox 2083 5155 3652 5234; baseline -0.008 -13"><span class='ocrx_word' id='word_1_942' title='bbox 2083 5168 2187 5232; x_wconf 87' lang='grc' dir='ltr'>Ὃς</span> <span class='ocrx_word' id='word_1_943' title='bbox 2206 5165 2293 5220; x_wconf 79' lang='grc' dir='ltr'>ὢν</span> <span class='ocrx_word' id='word_1_944' title='bbox 2320 5166 2687 5234; x_wconf 77' lang='grc' dir='ltr'>ἀπαύγασμα</span> <span class='ocrx_word' id='word_1_945' title='bbox 2710 5163 2821 5232; x_wconf 87' lang='grc' dir='ltr'>τῆς</span> <span class='ocrx_word' id='word_1_946' title='bbox 2848 5164 3053 5231; x_wconf 80' lang='grc' dir='ltr'>δόξης,</span> <span class='ocrx_word' id='word_1_947' title='bbox 3083 5160 3178 5215; x_wconf 79' lang='grc' dir='ltr'>καί</span> <span class='ocrx_word' id='word_1_948' title='bbox 3208 5157 3513 5230; x_wconf 80' lang='grc' dir='ltr'>χαρακτὴρ</span> <span class='ocrx_word' id='word_1_949' title='bbox 3541 5155 3652 5224; x_wconf 81' lang='grc' dir='ltr'>τῆς</span> 
     </span>
    </p>
   </div>
   <div class='ocr_carea' id='block_1_121' title="bbox 2076 5244 3651 5318">
    <p class='ocr_par' dir='ltr' id='par_1_121' title="bbox 2076 5244 3651 5318">
     <span class='ocr_line' id='line_1_121' title="bbox 2076 5244 3651 5318; baseline -0.007 -11"><span class='ocrx_word' id='word_1_950' title='bbox 2076 5251 2468 5318; x_wconf 78' lang='grc' dir='ltr'>ὑποστάσεως</span> <span class='ocrx_word' id='word_1_951' title='bbox 2497 5249 2705 5311; x_wconf 84' lang='grc' dir='ltr'>αὑτοῦ,</span> <span class='ocrx_word' id='word_1_952' title='bbox 2749 5250 2986 5303; x_wconf 83' lang='grc' dir='ltr'>δείκνυσι</span> <span class='ocrx_word' id='word_1_953' title='bbox 3029 5249 3119 5301; x_wconf 87' lang='grc' dir='ltr'>καὶ</span> <span class='ocrx_word' id='word_1_954' title='bbox 3156 5248 3255 5317; x_wconf 80' lang='grc' dir='ltr'>τὴν</span> <span class='ocrx_word' id='word_1_955' title='bbox 3288 5244 3651 5316; x_wconf 82' lang='grc' dir='ltr'>προνοητικὴν</span> 
     </span>
    </p>
   </div>
   <div class='ocr_carea' id='block_1_122' title="bbox 2078 5329 3656 5408">
    <p class='ocr_par' dir='ltr' id='par_1_122' title="bbox 2078 5329 3656 5408">
     <span class='ocr_line' id='line_1_122' title="bbox 2078 5329 3656 5408; baseline -0.007 -14"><span class='ocrx_word' id='word_1_956' title='bbox 2078 5339 2243 5395; x_wconf 83' lang='grc' dir='ltr'>αὐτοῦ</span> <span class='ocrx_word' id='word_1_957' title='bbox 2275 5339 2524 5408; x_wconf 88' lang='grc' dir='ltr'>δύναμιν,</span> <span class='ocrx_word' id='word_1_958' title='bbox 2555 5336 2728 5404; x_wconf 87' lang='grc' dir='ltr'>λέγων</span> <span class='ocrx_word' id='word_1_959' title='bbox 2747 5353 2761 5366; x_wconf 86' lang='grc'><strong>·</strong></span> <span class='ocrx_word' id='word_1_960' title='bbox 2790 5336 2991 5403; x_wconf 80' lang='grc' dir='ltr'>Φέρων</span> <span class='ocrx_word' id='word_1_961' title='bbox 3008 5353 3070 5388; x_wconf 88' lang='grc' dir='ltr'>τε</span> <span class='ocrx_word' id='word_1_962' title='bbox 3100 5334 3173 5388; x_wconf 82' lang='grc' dir='ltr'>τὰ</span> <span class='ocrx_word' id='word_1_963' title='bbox 3210 5333 3408 5387; x_wconf 82' lang='grc' dir='ltr'>πάντα</span> <span class='ocrx_word' id='word_1_964' title='bbox 3436 5331 3518 5398; x_wconf 86' lang='grc' dir='ltr'>τῷ</span> <span class='ocrx_word' id='word_1_965' title='bbox 3548 5329 3656 5400; x_wconf 74' lang='grc' dir='ltr'>ρή-</span> 
     </span>
    </p>
   </div>
   <div class='ocr_carea' id='block_1_123' title="bbox 2074 5421 3654 5500">
    <p class='ocr_par' dir='ltr' id='par_1_123' title="bbox 2074 5421 3654 5500">
     <span class='ocr_line' id='line_1_123' title="bbox 2074 5421 3654 5500; baseline -0.005 -18"><span class='ocrx_word' id='word_1_966' title='bbox 2074 5446 2213 5500; x_wconf 82' lang='grc' dir='ltr'>ματι</span> <span class='ocrx_word' id='word_1_967' title='bbox 2242 5425 2350 5494; x_wconf 86' lang='grc' dir='ltr'>τῆς</span> <span class='ocrx_word' id='word_1_968' title='bbox 2381 5425 2689 5494; x_wconf 83' lang='grc' dir='ltr'>δυνάμεως</span> <span class='ocrx_word' id='word_1_969' title='bbox 2725 5425 2931 5478; x_wconf 85' lang='grc' dir='ltr'>αὐτοῦ.</span> <span class='ocrx_word' id='word_1_970' title='bbox 2959 5425 3065 5476; x_wconf 85' lang='lat' dir='ltr'><em>K61</em></span> <span class='ocrx_word' id='word_1_971' title='bbox 3098 5421 3497 5476; x_wconf 79' lang='grc' dir='ltr'>Κολοσσαεῦσιν</span> <span class='ocrx_word' id='word_1_972' title='bbox 3528 5422 3654 5475; x_wconf 86' lang='grc' dir='ltr'>ἐπι-</span> 
     </span>
    </p>
   </div>
   <div class='ocr_carea' id='block_1_124' title="bbox 2082 5506 3658 5579">
    <p class='ocr_par' dir='ltr' id='par_1_124' title="bbox 2082 5506 3658 5579">
     <span class='ocr_line' id='line_1_124' title="bbox 2082 5506 3658 5579; baseline -0.005 -8"><span class='ocrx_word' id='word_1_973' title='bbox 2082 5516 2315 5571; x_wconf 84' lang='grc' dir='ltr'>στέλλων</span> <span class='ocrx_word' id='word_1_974' title='bbox 2345 5513 2414 5566; x_wconf 87' lang='grc' dir='ltr'>τὰ</span> <span class='ocrx_word' id='word_1_975' title='bbox 2447 5513 2585 5565; x_wconf 86' lang='grc' dir='ltr'>αὑτά</span> <span class='ocrx_word' id='word_1_976' title='bbox 2623 5512 2794 5564; x_wconf 89' lang='grc' dir='ltr'>ταῦτα</span> <span class='ocrx_word' id='word_1_977' title='bbox 2829 5511 2989 5564; x_wconf 88' lang='grc' dir='ltr'>πάλιν</span> <span class='ocrx_word' id='word_1_978' title='bbox 3014 5510 3218 5579; x_wconf 74' lang='grc' dir='ltr'>ἔλεγεν.</span> <span class='ocrx_word' id='word_1_979' title='bbox 3252 5511 3381 5564; x_wconf 83' lang='grc' dir='ltr'>’Ότι</span> <span class='ocrx_word' id='word_1_980' title='bbox 3406 5506 3658 5575; x_wconf 81' lang='grc' dir='ltr'>ἐναὺτῷ</span> 
     </span>
    </p>
   </div>
   <div class='ocr_carea' id='block_1_125' title="bbox 2081 5598 3657 5669">
    <p class='ocr_par' dir='ltr' id='par_1_125' title="bbox 2081 5598 3657 5669">
     <span class='ocr_line' id='line_1_125' title="bbox 2081 5598 3657 5669; baseline -0.004 -11"><span class='ocrx_word' id='word_1_981' title='bbox 2081 5603 2327 5669; x_wconf 82' lang='grc' dir='ltr'>ἐκτίσθη</span> <span class='ocrx_word' id='word_1_982' title='bbox 2357 5602 2428 5654; x_wconf 82' lang='grc' dir='ltr'>τὰ</span> <span class='ocrx_word' id='word_1_983' title='bbox 2451 5599 2647 5652; x_wconf 81' lang='grc' dir='ltr'>πάντα</span> <span class='ocrx_word' id='word_1_984' title='bbox 2678 5602 2751 5653; x_wconf 88' lang='grc' dir='ltr'>τὰ</span> <span class='ocrx_word' id='word_1_985' title='bbox 2779 5599 2848 5652; x_wconf 79' lang='grc' dir='ltr'>ἐν</span> <span class='ocrx_word' id='word_1_986' title='bbox 2873 5598 2995 5665; x_wconf 82' lang='grc' dir='ltr'>τοῖς</span> <span class='ocrx_word' id='word_1_987' title='bbox 3018 5598 3294 5666; x_wconf 67' lang='grc' dir='ltr'>οἰιρανοῖς</span> <span class='ocrx_word' id='word_1_988' title='bbox 3330 5598 3426 5652; x_wconf 81' lang='grc' dir='ltr'>καί</span> <span class='ocrx_word' id='word_1_989' title='bbox 3460 5598 3533 5653; x_wconf 81' lang='grc' dir='ltr'>τὰ</span> <span class='ocrx_word' id='word_1_990' title='bbox 3562 5598 3657 5652; x_wconf 70' lang='grc' dir='ltr'>ἐπὶ</span> 
     </span>
    </p>
   </div>
   <div class='ocr_carea' id='block_1_126' title="bbox 2083 5687 3656 5760">
    <p class='ocr_par' dir='ltr' id='par_1_126' title="bbox 2083 5687 3656 5760">
     <span class='ocr_line' id='line_1_126' title="bbox 2083 5687 3656 5760; baseline -0.006 -13"><span class='ocrx_word' id='word_1_991' title='bbox 2083 5692 2193 5760; x_wconf 85' lang='grc' dir='ltr'>τῆς</span> <span class='ocrx_word' id='word_1_992' title='bbox 2213 5688 2345 5759; x_wconf 83' lang='grc' dir='ltr'>γῆς,</span> <span class='ocrx_word' id='word_1_993' title='bbox 2374 5688 2493 5744; x_wconf 73' lang='grc' dir='ltr'>εἴτε</span> <span class='ocrx_word' id='word_1_994' title='bbox 2516 5690 2736 5755; x_wconf 83' lang='grc' dir='ltr'>θρόνοι,</span> <span class='ocrx_word' id='word_1_995' title='bbox 2770 5687 2891 5741; x_wconf 81' lang='grc' dir='ltr'>εἴτε</span> <span class='ocrx_word' id='word_1_996' title='bbox 2925 5688 3288 5755; x_wconf 80' lang='grc' dir='ltr'>κυριότητες.</span> <span class='ocrx_word' id='word_1_997' title='bbox 3313 5687 3432 5740; x_wconf 82' lang='grc' dir='ltr'>εἴτε</span> <span class='ocrx_word' id='word_1_998' title='bbox 3456 5687 3656 5755; x_wconf 77' lang='grc' dir='ltr'>ἀρχαί,</span> 
     </span>
    </p>
   </div>
   <div class='ocr_carea' id='block_1_127' title="bbox 2083 5772 3657 5845">
    <p class='ocr_par' dir='ltr' id='par_1_127' title="bbox 2083 5772 3657 5845">
     <span class='ocr_line' id='line_1_127' title="bbox 2083 5772 3657 5845; baseline -0.005 -10"><span class='ocrx_word' id='word_1_999' title='bbox 2083 5780 2201 5835; x_wconf 69' lang='grc' dir='ltr'>εἴτε</span> <span class='ocrx_word' id='word_1_1000' title='bbox 2242 5778 2533 5845; x_wconf 79' lang='grc' dir='ltr'>ἐξουσίαι,</span> <span class='ocrx_word' id='word_1_1001' title='bbox 2559 5775 2629 5830; x_wconf 83' lang='grc' dir='ltr'>τὰ</span> <span class='ocrx_word' id='word_1_1002' title='bbox 2662 5774 2857 5830; x_wconf 74' lang='grc' dir='ltr'>πάντα</span> <span class='ocrx_word' id='word_1_1003' title='bbox 2888 5775 2961 5829; x_wconf 77' lang='grc' dir='ltr'>δι’</span> <span class='ocrx_word' id='word_1_1004' title='bbox 2990 5774 3199 5843; x_wconf 81' lang='grc' dir='ltr'>αὑτοῦ,</span> <span class='ocrx_word' id='word_1_1005' title='bbox 3223 5775 3320 5830; x_wconf 83' lang='grc' dir='ltr'>καί</span> <span class='ocrx_word' id='word_1_1006' title='bbox 3348 5776 3432 5841; x_wconf 81' lang='grc' dir='ltr'>είς</span> <span class='ocrx_word' id='word_1_1007' title='bbox 3471 5772 3657 5829; x_wconf 79' lang='grc' dir='ltr'>αὑτὸν</span> 
     </span>
    </p>
   </div>
  </div>
