4088 6274
293 452 408 509 Μὸ

293 577 348 622 et
369 570 422 620 in
451 566 565 635 ipso
589 575 754 618 creata
783 573 926 630 sunt,
954 566 1060 634 ipse
1087 575 1160 619 est
1188 576 1304 621 ante
1340 568 1511 621 omnia
1549 565 1571 640 (
1588 565 1785 621 Coloss.
1818 565 1871 619 ι.

293 657 389 712 16.
422 657 487 711 i7
510 658 550 725 ).
599 652 722 710 llaec
766 663 890 708 sunt
927 656 1042 723 ejus
1079 655 1293 710 creandi
1333 658 1628 725 potestatis.
1670 654 1873 710 Deinde

289 748 601 802 facultatem
630 745 941 814 prmscicndi
969 747 1290 815 significans,
1309 749 1600 819 subjungit.
1623 748 1685 802 Et
1701 751 1873 805 omnia

289 843 349 894 in
376 842 484 908 ipso
512 839 783 893 consistunt
808 835 1019 908 (Ibid).
1037 833 1272 906 Utraque
1291 840 1404 896 hare
1427 857 1610 896 rursus
1637 841 1870 899 Joannes

288 945 506 1001 quoque
545 930 834 984 ostendens
876 930 1082 984 dicebat
1115 973 1128 993 ,
1173 931 1356 984 Omnta
1396 948 1485 1003 per
1521 934 1686 1002 ipsum
1731 939 1869 1004 facta

283 1030 426 1085 sunt,
446 1029 492 1072 et
511 1020 617 1073 sine
630 1021 738 1088 ipso
761 1023 948 1092 factum
971 1031 1042 1074 est
1068 1021 1194 1075 nihil
1217 1021 1391 1092 (Joan.
1417 1025 1560 1096 ιδ).
1583 1025 1692 1079 Hoc.
1712 1025 1862 1092 dixit,

285 1109 590 1179 significans
605 1112 950 1165 creationem.
969 1113 1164 1167 Deinde
1179 1116 1558 1182 providentiam
1582 1138 1594 1172 :
1610 1116 1720 1170 Vita
1736 1128 1861 1186 erat,

283 1213 335 1255 et
353 1203 452 1254 vita
471 1212 578 1255 erat
593 1204 682 1256 lux
699 1203 958 1256 hominum
975 1203 1130 1272 (Ibid.
1151 1221 1194 1256 υ.
1214 1205 1288 1276 li).
1309 1206 1414 1260 lloc
1430 1208 1586 1261 etiam
1607 1209 1860 1279 propheta

283 1296 372 1350 hic
399 1295 723 1366 significans,
751 1298 896 1362 dicit,
929 1297 1003 1351 Tu
1025 1301 1256 1370 formasti
1273 1318 1369 1355 me.
1398 1301 1511 1356 Hoc
1537 1314 1617 1358 est
1640 1304 1857 1374 Opilicii.

283 1386 427 1440 Dixit
466 1388 626 1441 etiam
661 1387 710 1442 id
747 1389 886 1458 quod
923 1399 1004 1443 est
1040 1392 1385 1458 providentiae
1418 1413 1430 1446 :
1459 1392 1688 1449 Posuisti
1711 1413 1860 1467 super

279 1493 362 1529 me
385 1493 587 1530 manum
613 1486 768 1530 tuam.
796 1478 931 1544 Quid
961 1489 1061 1545 est,
1095 1479 1366 1536 Posuisti?
1388 1483 1566 1554 Regis,
1592 1487 1853 1552 contines,

278 1569 556 1636 componis
580 1610 597 1635 ,
627 1578 682 1622 et
709 1579 904 1638 portas.
937 1569 1088 1636 Quod
1121 1572 1292 1642 ipsum
1323 1589 1534 1644 quoque
1557 1575 1755 1630 Paulus
1784 1577 1856 1631 si-

275 1657 540 1727 gnificans
562 1699 577 1723 ,
610 1657 740 1712 dixit
769 1677 782 1712 :
812 1658 881 1712 In
902 1661 1014 1728 ipso
1054 1662 1292 1727 vivimus,
1321 1673 1367 1716 et
1396 1679 1665 1731 movemur,
1693 1676 1739 1720 et
1763 1679 1853 1720 su-

272 1765 391 1802 mus
418 1749 564 1820 (Act.
602 1751 684 1804 Π.
711 1749 838 1821 28).
871 1751 984 1807 Non
1015 1754 1184 1808 solum
1212 1756 1352 1809 enim
1382 1757 1433 1810 in
1461 1771 1527 1812 eo
1554 1758 1697 1828 quod
1725 1757 1851 1816 facti

270 1857 482 1908 sumus,
509 1841 600 1896 sed
625 1843 779 1897 etiam
808 1844 858 1898 in
886 1859 952 1899 eo
975 1845 1112 1915 quod
1141 1847 1440 1902 exsistimus
1460 1858 1514 1903 et
1539 1865 1812 1907 manemus
1831 1894 1846 1918 ,

270 1936 512 2004 potentia
550 1935 664 2003 ejus
705 1951 838 2004 opus
876 1936 1154 1994 habemus.
1199 1939 1256 1995 6.
1302 1939 1554 1997 Mirabilis
1599 1945 1740 2014 facta
1777 1954 1849 2001 est

272 2025 483 2078 scientia
514 2034 600 2078 tua
627 2042 689 2080 ea:
722 2043 800 2081 me
828 2043 848 2081 :
871 2029 1155 2098 confortata
1183 2041 1290 2097 est,
1340 2041 1390 2086 et
1422 2050 1523 2087 non
1567 2044 1741 2100 potero
1778 2035 1848 2090 ad

266 2131 401 2168 eam.
419 2116 589 2180 Alius,
612 2114 833 2186 Superat
847 2134 923 2171 me
935 2117 1030 2192 (a).
1045 2118 1149 2175 Pro
1165 2135 1230 2176 eo
1249 2130 1424 2178 autem
1440 2125 1577 2193 quod
1594 2133 1695 2192 est,
1712 2125 1846 2181 Con-

269 2207 455 2275 fcrtata
483 2215 573 2266 est,
601 2203 755 2270 alius,
785 2205 1071 2262 Admodum
1101 2208 1236 2264 elata
1261 2219 1352 2266 est.
1383 2212 1532 2280 Quod
1560 2223 1735 2269 autem
1762 2215 1844 2270 di-

263 2293 357 2356 cit,
377 2303 460 2348 est
479 2293 735 2363 ejusmodi
756 2311 770 2348 :
791 2295 855 2350 Et
871 2306 956 2352 tua
981 2296 1130 2354 fruor
1153 2301 1498 2371 providentia,
1521 2313 1575 2359 et
1601 2307 1842 2375 quamvis

262 2384 428 2438 sciam
461 2397 512 2440 te
545 2387 718 2439 omnia
753 2393 1000 2456 pur-scire
1027 2431 1042 2458 ,
1083 2403 1136 2447 et
1165 2409 1251 2449 me
1278 2409 1344 2449 ex
1373 2409 1479 2450 non
1506 2399 1839 2454 exstantibus

262 2475 451 2532 fecisse
484 2497 497 2532 :
531 2475 821 2547 perfectam
847 2491 1020 2538 tamen
1047 2493 1101 2540 et
1128 2486 1458 2544 manifestam
1487 2506 1592 2546 non
1624 2507 1839 2561 possum

260 2565 460 2624 habere
486 2571 557 2624 tui
585 2574 938 2642 cognitionem
963 2617 979 2641 ,
1008 2576 1102 2631 sed
1142 2578 1397 2636 mirabilis
1424 2581 1557 2639 facta
1585 2593 1664 2639 est
1685 2625 1702 2651 ,
1737 2586 1836 2640 hoc

260 2668 341 2712 est
362 2701 378 2725 ,
411 2664 718 2730 superavit,
746 2665 973 2719 exaltata
1003 2676 1086 2722 est
1123 2683 1284 2738 super
1312 2686 1415 2736 me,
1446 2673 1667 2728 validior
1692 2674 1828 2730 faeta

257 2764 340 2806 est
363 2768 552 2823 ,quam
583 2762 639 2808 ut
669 2770 783 2810 mea
817 2759 980 2826 possit
1017 2759 1222 2814 ratione
1254 2763 1631 2833 comprehendi
1661 2767 1834 2822 :adeo

257 2856 343 2898 est
369 2847 620 2902 mirabilis
646 2890 660 2914 ,
691 2847 825 2903 adeo
851 2865 1060 2919 magna.
1091 2851 1226 2920 Quid
1255 2855 1412 2924 igitur
1436 2857 1480 2910 si
1505 2866 1588 2912 est
1613 2859 1828 2928 quidem

258 2935 519 2990 mirabilis
546 2947 597 2990 et
619 2953 803 3008 magna
830 2981 844 3004 ,
873 2949 1045 3009 potest
1071 2953 1247 2997 autem
1277 2946 1700 3014 comprehendi?
1727 2948 1830 3004 Ne-

259 3040 543 3094 quaquam.
581 3026 863 3097 Propterea
891 3033 1032 3086 euim
1063 3033 1334 3102 subjunxit
1363 3054 1376 3090 :
1416 3035 1537 3091 Non
1569 3048 1738 3108 potero
1761 3041 1830 3094 ad

256 3132 388 3181 eam,
416 3132 480 3170 ne
506 3119 604 3172 hoc
629 3120 790 3176 dicas.
821 3121 1043 3187 Quando
1069 3134 1246 3180 autem
1273 3126 1429 3194 dicit,
1456 3127 1824 3200 Cognitionem

254 3223 360 3261 non
390 3208 576 3275 habeo,
607 3227 709 3266 non
733 3212 836 3268 hoc
859 3216 982 3269 dicit
1004 3258 1018 3283 ,
1045 3215 1232 3286 Ignoro
1257 3219 1421 3273 Deum
1440 3262 1453 3286 ,
1480 3223 1572 3275 sed
1598 3264 1611 3287 ,
1643 3222 1848 3279 Perfer

251 3307 390 3352 ctam
429 3310 481 3353 et
516 3302 746 3372 undique
783 3303 1078 3360 absolutam
1115 3316 1169 3362 et
1205 3310 1540 3366 manifestam
1573 3313 1686 3383 ejus
1717 3329 1822 3370 non

252 3390 422 3446 habeo
439 3395 697 3449 notitiam.
715 3396 864 3462 Quod
882 3399 1093 3468 quidem
1115 3401 1239 3456 dicit
1259 3403 1418 3458 etiam
1445 3404 1666 3461 Paulus:
1691 3407 1823 3464 Nam

252 3498 370 3538 eum
392 3486 603 3553 quidem
628 3503 744 3542 esse
774 3490 970 3542 scimus
1002 3508 1014 3543 :
1042 3492 1168 3560 quid
1194 3495 1264 3546 sit
1291 3505 1466 3549 autem
1495 3498 1815 3566 substantia,

250 3577 514 3633 nescimus
537 3596 550 3631 :
581 3579 792 3633 Credere
816 3582 945 3634 enim
972 3593 1167 3652 oportet
1193 3586 1503 3641 accedentem
1531 3593 1598 3641 ad
1627 3588 1817 3658 Deum,

249 3669 364 3736 quia
393 3680 462 3722 est
491 3669 674 3737 (Hebr.
706 3673 790 3725 il.
823 3671 898 3742 6).
928 3673 1040 3726 Non
1067 3673 1220 3740 dixit,
1248 3677 1372 3745 quid
1398 3678 1467 3732 sit
1490 3679 1815 3746 substantia;

249 3757 350 3811 hoc
391 3759 530 3812 enim
575 3761 704 3815 nulli
745 3776 822 3816 εει
854 3765 1139 3830 cognitum.
1173 3766 1323 3833 Quod
1364 3769 1433 3823 sit
1474 3769 1730 3841 benignus
1766 3781 1821 3828 et

247 3850 514 3916 clemens,
547 3853 791 3908 novimus
809 3896 822 3918 ,
855 3855 994 3924 quod
1025 3857 1092 3910 sit
1119 3857 1379 3914 humanus
1398 3902 1412 3926 ,
1437 3864 1574 3931 quod
1603 3864 1772 3920 bonus
1799 3881 1814 3932 ;

246 3950 496 4012 quantum
521 3958 645 3998 vero
665 3944 733 3999 sit
755 3945 1070 4014 ignoramus.
1094 3948 1196 4004 Sed
1213 3949 1299 4005 hic
1317 3951 1397 4004 his
1417 3953 1659 4008 omnibus
1685 3971 1819 4024 prae-

248 4033 507 4086 termissis
530 4075 542 4096 .
573 4037 822 4104 proponit
848 4037 987 4092 aliud
1019 4039 1158 4108 quod
1185 4041 1396 4096 videtur
1422 4057 1541 4098 esse
1579 4045 1812 4113 facilius,

245 4130 297 4176 et
327 4122 426 4176 hoc
453 4139 662 4194 quoque
691 4141 748 4180 se
773 4126 902 4181 dicit
930 4131 1191 4199 ignorare.
1219 4131 1333 4187 Non
1365 4134 1534 4188 solum
1557 4177 1570 4200 ,
1607 4136 1770 4207 inquit
1795 4178 1811 4205 ,

247 4231 348 4268 non
380 4215 499 4270 dico
526 4219 776 4286 quidnam
801 4221 868 4274 sit
905 4222 1196 4277 substantia
1222 4265 1237 4289 ,
1268 4241 1440 4295 neque
1467 4241 1720 4296 quantum
1746 4231 1816 4286 sit

246 4306 442 4371 bonus;
473 4307 582 4361 hzec
610 4310 749 4364 enim
778 4327 883 4364 non
909 4328 1064 4382 posse
1089 4318 1467 4386 comprehendi
1497 4329 1578 4374 est
1607 4321 1656 4374 in
1686 4336 1815 4376 con-

245 4396 411 4462 fesso;
453 4398 544 4453 sed
585 4399 743 4455 etiam
769 4404 1038 4471 quomodo
1079 4406 1148 4460 sit
1189 4407 1384 4476 ubique
1410 4451 1424 4474 ,
1455 4425 1558 4464 non
1599 4427 1814 4481 possum

241 4487 416 4542 dicere
445 4507 456 4541 :
490 4491 582 4544 sed
612 4491 711 4545 hoc
735 4508 945 4563 quoque
964 4508 1176 4564 superat
1205 4508 1438 4555 nostram
1463 4504 1812 4574 comprehen-

242 4578 467 4634 sionem.
507 4581 764 4648 Quocirca
802 4598 921 4638 cum
968 4586 1187 4641 dixisset
1225 4607 1238 4642 :
1276 4591 1528 4647 Mirabilis
1567 4597 1702 4665 facta
1740 4607 1813 4652 est

239 4670 441 4722 scientia
467 4681 550 4724 tua
579 4690 640 4727 ea:
667 4690 764 4740 me,
800 4675 1071 4744 subjunxit
1093 4697 1107 4732 :
1135 4681 1184 4732 7.
1210 4679 1321 4746 Quo
1345 4683 1423 4737 ibo
1445 4701 1475 4737 a
1501 4687 1680 4755 spiritu
1703 4698 1807 4758 tuo,

240 4769 285 4812 ct
310 4776 402 4828 quo
422 4777 453 4813 ιι
474 4764 603 4832 facie
621 4774 706 4817 tun
733 4767 927 4837 fugiam
945 4767 972 4821 ?
999 4769 1050 4822 8.
1079 4768 1138 4823 Si
1163 4773 1431 4826 ascendero
1460 4777 1511 4828 in
1536 4777 1734 4842 etclam,
1758 4790 1812 4834 tu

239 4852 341 4902 illic
369 4868 454 4906 es:
475 4856 518 4907 si
543 4855 840 4910 descendero
865 4859 916 4911 in
935 4859 1208 4931 infernum,
1232 4864 1371 4916 ades.
1401 4865 1452 4919 9.
1479 4866 1811 4939 Sisumpsero

241 4956 425 5009 pennas
451 4960 586 4998 meas
607 4946 832 5000 diluculo
855 4990 870 5013 ,
904 4957 951 5002 et
979 4948 1267 5005 habitarero
1291 4955 1343 5006 in
1371 4957 1601 5009 extremis
1630 4960 1805 5013 maris.

240 5033 380 5090 Alius
405 5077 419 5098 ,
465 5036 717 5092 illansero.
761 5040 847 5094 10.
891 5039 1091 5096 Etenim
1125 5044 1246 5098 illuc
1271 5044 1463 5118 (Alius,
1493 5047 1671 5104 Adhuc
1697 5052 1762 5106 ibi
1787 5054 1807 5124 )

239 5139 412 5177 manus
437 5135 522 5178 tua
551 5128 761 5181 deducet
791 5147 868 5183 me
889 5172 904 5198 ,
935 5143 980 5185 et
1007 5134 1186 5188 tenebit
1214 5153 1292 5188 me
1316 5136 1521 5192 dextera
1548 5149 1650 5196 tua.
1683 5143 1804 5213 Spi-

239 5213 390 5269 ritum
416 5227 468 5270 et
496 5219 680 5272 faciem
707 5220 838 5287 dicit
866 5223 1027 5278 Deum
1066 5224 1260 5295 ipsum.
1286 5227 1398 5284 Hoc
1423 5243 1524 5298 est,
1553 5232 1667 5300 Quo
1693 5250 1722 5288 a
1754 5242 1806 5290 te

239 5309 577 5376 proﬁciscar?
607 5311 792 5368 Omnia
833 5314 1054 5385 imples,
1085 5320 1330 5374 omnibus
1363 5322 1490 5376 ades
1515 5363 1529 5386 ,
1571 5340 1674 5379 non
1711 5341 1806 5395 per

237 5409 408 5468 partes
431 5441 446 5462 ,
477 5401 571 5454 sed
599 5403 844 5458 omnibus
871 5407 1027 5461 simul
1057 5416 1215 5462 totus.
1250 5410 1316 5464 Et
1354 5422 1631 5482 postquam
1670 5415 1804 5472 dixit

236 5504 348 5557 qua:
372 5499 497 5543 sunt
521 5505 770 5559 superne,
798 5503 851 5548 et
874 5511 990 5565 qua:
1017 5497 1241 5565 inferne,
1276 5499 1653 5572 longitudinem
1679 5546 1695 5572 ,
1727 5506 1804 5561 la-

236 5580 504 5636 titudinem
525 5625 541 5648 ,
573 5585 976 5652 profunditatem
1002 5632 1017 5656 ,
1045 5607 1166 5647 eum
1192 5594 1385 5665 ubique
1424 5597 1613 5655 adesse
1640 5601 1803 5670 signi-

235 5671 366 5726 ficat.
397 5672 511 5728 Non
537 5675 670 5730 dixit
699 5685 874 5731 autem
902 5697 916 5732 :
943 5679 1288 5755 Quocumque
1315 5689 1495 5746 abiero
1514 5732 1529 5760 ,
1562 5695 1802 5765 sequeris

291 5850 358 5914 (a)
389 5859 498 5904 llaec
514 5854 853 5917 interpretatio
878 5865 951 5909 est
974 5862 1249 5922 Symmachi.

1237 451 1591 510 EXPOSl'l‘lO
1627 451 1694 508 ιΝ
1732 449 2052 510 ΡεΑιΜυΜ
2087 455 2414 518 CXXXVIII.

3447 491 3550 550 414

1979 584 2087 638 me,
2119 581 2173 627 et
2197 589 2284 630 me
2307 577 2563 634 retinebis
2591 597 2606 635 :
2638 582 2758 650 sed,
2783 584 3126 659 Quocumque
3153 592 3332 651 abiero
3351 637 3366 661 ,
3399 607 3452 653 tu
3485 603 3551 656 il-

1977 661 2046 716 lic
2072 678 2131 719 es
2156 683 2170 718 :
2200 665 2302 722 hoc
2322 678 2422 733 est,
2449 669 2558 726 illic
2586 683 2637 727 te
2663 675 2874 732 invenio
2897 695 2984 734 me
3011 686 3422 749 prmvenientem
3448 731 3462 754 ,
3494 703 3548 748 et

1974 751 2094 808 ideo
2130 754 2303 822 dicit,
2348 758 2599 816 Mirabilis
2636 767 2772 834 facta
2811 777 2886 820 est
2923 771 3128 824 scientia
3157 782 3243 828 tua
3268 791 3330 830 ea:
3363 751 3460 834 me.
3491 781 3548 836 Si

1973 857 2090 897 eam
2128 857 2236 900 non
2276 847 2511 916 perfecte
2537 853 2710 919 nosti,
2735 855 2914 923 dices,
2956 863 3222 926 quamde
3264 869 3400 920 nosti
3430 884 3546 924 eam

1971 949 2090 990 esse
2115 938 2453 995 mirabilem?
2479 942 2630 1010 Quod
2653 961 2822 1001 mam
2853 962 3066 1018 superet
3093 957 3378 1024 rationem,
3405 963 3548 1030 quod

1971 1037 2203 1081 mentem
2229 1043 2401 1085 meam
2429 1034 2668 1089 excedat.
2689 1032 2830 1091 Nam
2850 1040 3055 1096 radium
3081 1059 3290 1116 quoque
3317 1051 3545 1107 solari-tu

1968 1126 2071 1168 non
2103 1131 2386 1185 possumus
2412 1133 2594 1191 aperte
2630 1139 2954 1195 wgnoscere
2986 1149 2999 1185 :
3032 1143 3085 1188 et
3116 1145 3290 1190 tamen
3326 1155 3542 1212 propter

1967 1201 2068 1260 hoc
2089 1206 2258 1274 ipsum
2285 1225 2406 1265 eum
2433 1215 2660 1269 maxime
2685 1217 3010 1275 admiramur
3033 1239 3048 1275 :
3076 1225 3144 1277 ita
3174 1229 3336 1282 etiam
3361 1201 3541 1286 deltei

1964 1298 2312 1366 cognitione:
2369 1317 2541 1372 neque
2587 1319 2710 1361 eum
2759 1311 2976 1366 omnino
3022 1314 3368 1385 ignoramus;
3416 1337 3540 1378 eum

1961 1386 2102 1440 enim
2131 1402 2252 1444 esse
2273 1392 2493 1459 scimus,
2519 1403 2574 1449 et
2601 1411 2721 1454 esse
2740 1400 3046 1472 benignum,
3073 1408 3407 1476 clementem,
3441 1415 3538 1468 bo-

1961 1489 2088 1530 num
2107 1516 2122 1542 ,
2151 1479 2554 1538 misericordem
2579 1527 2594 1553 ,
2620 1495 2676 1542 et
2700 1502 2821 1546 esse
2849 1493 3044 1563 ubique
3075 1512 3090 1549 :
3115 1499 3240 1567 quid
3265 1502 3334 1555 sit
3359 1514 3538 1559 autem

1958 1567 2249 1624 substantia
2277 1611 2291 1635 ,
2321 1571 2404 1626 vel
2432 1585 2629 1643 quanta
2655 1578 2764 1634 sint
2792 1593 2910 1650 quas
2933 1583 3073 1640 dicta
3103 1599 3258 1656 sunt,
3289 1593 3369 1646 vel
3400 1608 3535 1662 quo-

1957 1657 2117 1754 modo
2144 1660 2215 1714 sit
2239 1660 2434 1732 ubique
2457 1705 2474 1733 ,
2520 1665 2623 1722 hoc
2661 1668 2990 1738 ignoramus.
3030 1675 3316 1748 Postquam
3359 1657 3535 1754 itaque

1953 1747 2093 1804 dixit
2117 1751 2434 1820 quibusnam
2465 1771 2529 1810 ex
2560 1757 2720 1814 rebus
2746 1763 3004 1820 mirabilis
3030 1747 3274 1825 factaiest
3306 1747 3531 1830 scientia

1953 1848 2060 1908 tum,
2090 1849 2146 1897 et
2171 1843 2480 1912 prmdicavit
2499 1849 2616 1917 ejus
2635 1853 2975 1924 prmsciendi,
3003 1859 3240 1926 creandi,
3271 1869 3325 1917 et
3352 1866 3534 1935 provi-

1948 1934 2107 2026 dendi
2136 1935 2438 1995 facultatem
2459 1982 2475 2007 ,
2508 1943 2985 2018 substantiamqne,
3015 1965 3137 2020 quas
3162 1967 3262 2009 nee
3286 1934 3534 2026 compre-

1949 2023 2109 2080 hendi
2129 2067 2144 2092 ,
2185 2043 2286 2084 nec
2311 2031 2564 2102 explicari
2601 2045 2818 2105 potest:
2846 2040 3004 2096 aliam
3038 2057 3223 2100 rursus
3248 2023 3533 2118 refert—po-

1947 2123 2193 2174 testatem
2214 2160 2229 2184 ,
2257 2136 2376 2191 qua:
2418 2122 2532 2193 ipsa
2556 2140 2768 2197 quoque
2802 2144 2993 2201 magna
3017 2131 3349 2193 dubitatione
3375 2139 3530 2208 plena

1943 2217 2048 2275 est,
2076 2210 2120 2264 si
2149 2211 2360 2268 ratione
2384 2226 2672 2284 quaeratur.
2700 2216 2834 2274 Nam
2866 2221 2979 2291 ipsa
3009 2227 3389 2295 comprehendi
3419 2245 3526 2286 non

1943 2309 2134 2370 potest.
2171 2303 2426 2372 Quaenam
2453 2322 2582 2379 ergo
2605 2324 2667 2364 ea
2691 2313 2816 2366 est?
2841 2312 3043 2370 Etenim
3077 2318 3202 2372 illuc
3233 2337 3412 2377 manus
3441 2335 3528 2379 tua

1941 2389 2151 2447 deducet
2176 2411 2256 2450 me
2276 2437 2291 2462 ,
2321 2405 2369 2451 et
2401 2398 2585 2454 tenebit
2613 2416 2692 2456 me
2714 2403 2921 2458 dextera
2941 2415 3048 2460 tua.
3076 2407 3188 2464 Hoc
3214 2421 3296 2465 est
3320 2455 3335 2479 ,
3365 2412 3526 2471 Potes

1939 2483 2153 2541 ellieere
2176 2495 2232 2540 ut
2260 2486 2504 2544 homines
2529 2491 2621 2562 qui
2648 2492 2700 2548 ln
2727 2509 2918 2566 magna
2947 2507 3000 2553 et
3025 2503 3204 2570 gravia
3233 2506 3368 2560 mala
3397 2507 3526 2563 inci-

1937 2573 2153 2641 derint,
2194 2577 2443 2646 gravibus
2487 2579 2594 2636 illis
2634 2583 2793 2639 malis
2825 2586 3050 2645 minime
3088 2589 3444 2662 iilaqueentur
3469 2607 3524 2655 et

1937 2664 2301 2735 implicentur.

2005 2753 2060 2811 5.
2085 2755 2195 2812 Hoc
2213 2759 2388 2830 itaque
2411 2759 2788 2835 interpretans,
2816 2768 3090 2839 subjunxit
3120 2789 3134 2827 :
3167 2774 3254 2828 ii.
3283 2773 3354 2830 Et
3379 2777 3511 2844 dixi,

1935 2845 2179 2904 Forsitan
2202 2851 2417 2907 tenebras
2432 2855 2800 2912 conculcabunt
2821 2873 2920 2927 me,
2946 2870 2991 2914 et
3012 2877 3116 2916 non:
3141 2862 3445 2923 illuminatio
3466 2870 3519 2924 in

1931 2940 2124 2995 deliciis
2145 2945 2285 2997 meis.
2312 2945 2399 3001 12.
2435 2947 2566 3014 Quia
2591 2951 2808 3006 tenebrae
2833 2967 2932 3006 non
2961 2952 3363 3012 obscurabuntur
3391 2976 3422 3014 a
3446 2971 3515 3027 te,

1929 3039 1976 3083 et
2005 3046 2107 3084 nos:
2143 3034 2273 3088 sicut
2302 3036 2409 3090 dies
2444 3036 2833 3096 illuminabitur.
2863 3040 3012 3097 Sicut
3039 3047 3255 3101 tenebrat
3273 3049 3382 3117 ejus
3402 3093 3414 3114 ,
3439 3052 3510 3104 ila

1929 3133 1977 3176 et
1995 3124 2160 3180 lumen
2180 3129 2310 3196 ejus.
2341 3127 2626 3200 Postquam
2654 3133 2786 3190 dixit
2823 3137 3069 3206 superius
3112 3153 3206 3207 ea,
3239 3157 3356 3208 qua:
3386 3161 3515 3199 enu-

1928 3219 2150 3282 meravi,
2168 3225 2223 3274 et
2239 3235 2337 3274 una
2356 3235 2474 3276 cum
2498 3223 2623 3288 illis,
2638 3237 2760 3279 eum
2775 3241 2879 3282 non
2897 3226 3068 3282 solum
3089 3229 3277 3286 adesse
3297 3232 3507 3303 ubique,

1925 3307 2018 3361 sed
2046 3308 2204 3363 etiam
2231 3311 2528 3379 deducere,
2563 3314 2851 3372 defendere
2891 3328 2946 3374 et
2974 3319 3221 3384 munire;
3246 3323 3512 3395 subiungit

1924 3398 2176 3468 deinceps
2196 3441 2208 3464 ,
2234 3399 2286 3454 in
2316 3417 2382 3456 eo
2409 3417 2621 3474 quoque
2647 3407 2937 3464 ostendens
2976 3408 3106 3479 quid
3153 3410 3463 3468 admirabile
3485 3455 3507 3481 ,

1925 3503 2029 3542 non
2067 3491 2237 3545 solum
2277 3493 2420 3562 quod
2451 3496 2653 3549 muniat
2672 3505 2725 3551 et
2755 3507 3029 3568 protegat,
3058 3501 3150 3556 sed
3179 3504 3335 3557 etiam
3366 3504 3510 3573 quod

1922 3593 2079 3650 supra
2101 3595 2276 3635 rerum
2305 3592 2565 3638 naturam.
2588 3585 2721 3642 Cum
2752 3589 2893 3644 enim
2920 3589 3140 3648 dixisset
3165 3635 3179 3660 ,
3203 3589 3410 3648 Tenebit
3430 3611 3514 3649 nte

1889 3672 2125 3726 .desctera
2145 3683 2229 3726 tua
2248 3716 2262 3737 ,
2287 3684 2340 3730 et
2361 3718 2374 3740 ,
2407 3675 2627 3731 Deducat
2669 3697 2776 3743 me,
2815 3682 3087 3751 subjunxit
3115 3683 3190 3758 (a)
3215 3703 3229 3739 :
3269 3685 3330 3738 Et
3358 3687 3466 3740 dixi
3485 3728 3503 3750 ,

1921 3761 2164 3818 Forsitan
2199 3767 2414 3820 tenebrae
2452 3770 2816 3824 conculcabunt
2859 3787 2957 3826 me.
2989 3776 3143 3829 Alius
3166 3817 3181 3841 ,
3213 3777 3276 3830 Si
3296 3776 3507 3845 dia'ero,

1920 3852 2165 3908 Forsitan
2195 3858 2407 3911 tenebrae
2434 3867 2597 3928 tegent
2617 3876 2714 3914 me.
2737 3862 2904 3944 alius,
2937 3863 3177 3934 Operient
3203 3883 3300 3920 me.

1993 3945 2228 4001 Tenebrae
2254 3949 2479 4019 aﬂlictio;
2509 3966 2610 4004 nox
2633 3952 2980 4020 calamitates;
3009 3957 3362 4009 elementorum
3383 3973 3504 4026 ope-

1919 4039 2051 4091 ratio
2100 4037 2154 4090 in
2181 4039 2493 4092 contrarium
2539 4056 2569 4093 a
2599 4040 2708 4094 Deo
2728 4083 2743 4107 ,
2787 4052 2901 4095 cum
2929 4043 3035 4097 vult
3054 4085 3068 4110 ,
3099 4045 3398 4100 traducitur.
3431 4077 3502 4090 —-

1919 4129 2176 4185 Tenebra:
2207 4131 2292 4186 hic
2319 4131 2616 4201 signiﬁcant
2646 4133 3010 4189 afﬂictionem.
3033 4135 3183 4204 Quod
3213 4148 3388 4191 autem
3419 4139 3501 4193 di-

1917 4217 2008 4286 cit,
2039 4229 2122 4278 est
2140 4223 2401 4293 ejusmodi
2436 4240 2450 4277 ί
2481 4222 2872 4279 Circumsessus
2899 4241 3016 4279 sum
3047 4242 3077 4280 a
3109 4228 3280 4292 malis,
3303 4238 3358 4283 et
3381 4230 3492 4285 dixi

1916 4312 2046 4368 mihi
2075 4314 2203 4384 ipsi,
2232 4314 2572 4384 Superabunt
2597 4331 2683 4372 me
2723 4317 2882 4371 mala.
2931 4317 3041 4373 i-ioe
3067 4320 3207 4373 enim
3258 4321 3356 4375 sibi
3385 4323 3500 4382 vult

1917 4404 2064 4470 illud,
2101 4405 2338 4460 Tenebrae
2358 4424 2438 4462 me
2458 4408 2838 4462 conculcabunt.
2874 4409 3039 4474 Alius,
3075 4409 3500 4485 Tenebrtetegent

1915 4513 2010 4550 me.
2047 4495 2112 4550 Et
2136 4513 2238 4551 nox
2260 4499 2562 4553 illuminatio
2583 4500 2634 4552 in
2664 4498 2857 4553 deliciis
2880 4501 3022 4555 meis.
3055 4502 3233 4569 Alius,
3265 4503 3388 4559 No.1:
3411 4506 3500 4560 tu-

1915 4589 2031 4642 cida
2068 4591 2203 4643 circa
2244 4605 2340 4644 me.
2371 4589 2508 4658 Quid
2539 4591 2640 4645 hoc
2659 4590 2779 4645 est?
2805 4591 2916 4662 Ego
2960 4593 3074 4647 hmc
3102 4595 3315 4663 quidetn
3342 4597 3498 4668 dixi,

1915 4681 2112 4751 inquit,
2158 4695 2226 4736 ex
2273 4696 2448 4736 rerum
2501 4692 2687 4738 natura
2731 4693 3024 4753 reputans:
3055 4697 3272 4756 repente
3318 4703 3498 4746 auu-m

1914 4772 2053 4826 mala
2098 4781 2294 4827 mutata
2322 4782 2445 4829 sunt
2475 4773 2525 4827 in
2555 4773 2690 4829 bona
2723 4791 2736 4829 :
2770 4775 2878 4829 imo
2910 4791 3038 4831 vero
3075 4779 3214 4833 mala
3243 4794 3345 4834 non
3374 4798 3494 4834 mu-

1916 4872 2023 4918 tata
2074 4875 2197 4918 sunt
2246 4865 2299 4918 in
2347 4867 2484 4921 bona
2509 4906 2524 4931 ,
2553 4866 2646 4920 sed
2690 4867 2845 4923 malis
2885 4869 3219 4924 manentibus
3249 4887 3497 4942 magnam

1913 4959 2054 5012 sensi
2077 4957 2475 5028 benignitatem.
2500 4958 2613 5013 Non
2644 4959 2778 5014 dixit
2800 4960 2965 5026 enim,
3005 4961 3118 5016 Nox
3148 4962 3322 5017 deleta
3366 4974 3445 5016 est
3475 5005 3491 5028 ,

1912 5050 2028 5115 sed,
2061 5048 2182 5104 Nos:
2196 5051 2293 5119 fuit
2317 5051 2508 5115 lucida;
2539 5051 2642 5105 hoc
2669 5061 2772 5118 est,
2804 5053 2918 5108 Nox
2946 5069 3168 5107 manens
3193 5069 3318 5119 nox,
3354 5054 3493 5108 mala

1911 5141 2137 5207 scilicet,
2157 5151 2212 5198 et
2237 5143 2565 5199 calamitates
2590 5145 2675 5214 (ea
2703 5147 2844 5200 enim
2877 5148 3049 5200 noctis
3073 5147 3287 5200 nomine
3319 5147 3476 5217 signi-

1913 5235 2056 5305 ﬁcat)
2094 5253 2198 5291 non
2233 5245 2518 5306 potuerunt
2567 5253 2653 5292 me
2681 5238 3032 5301 t-onculcare,
3065 5237 3158 5292 sed
3199 5237 3296 5292 fuit
3317 5237 3402 5292 lux
3433 5238 3488 5293 in

1911 5339 2086 5394 nocte,
2121 5331 2223 5386 hoc
2263 5340 2364 5393 est,
2394 5332 2498 5385 mei
2523 5330 2723 5385 exstitit
2749 5329 3006 5386 defensio.
3035 5330 3315 5385 Contraria
3342 5331 3487 5386 enim

1910 5421 1962 5475 in
1992 5422 2272 5477 contrariis
2291 5430 2346 5475 et
2374 5421 2506 5475 ﬁunt
2529 5429 2584 5475 et
2626 5427 2912 5490 apparent,
2944 5421 3158 5492 quando
3185 5423 3295 5476 vult
3323 5424 3480 5478 Deus.

1912 5515 2102 5569 Annon
2134 5514 2309 5568 vidisti
2337 5523 2394 5568 et
2420 5513 2687 5569 fornacem
2726 5514 3034 5579 ardentem,
3067 5524 3120 5570 et
3146 5531 3320 5570 rorem
3354 5519 3485 5571 sibi-

1969 5625 2043 5687 (a)
2074 5632 2184 5690 Haec
2204 5627 2381 5690 omnia,
2406 5634 2525 5690 Cum
2551 5623 2677 5676 enim
2700 5624 2980 5690 dixisset...
3005 5626 3270 5690 subjmit,
3285 5630 3496 5680 deerant

1906 5688 1956 5752 in
1980 5685 2141 5752 nerei.
2174 5693 2227 5735 et
2246 5686 2410 5752 savil.,_
2437 5687 2523 5752 sed
2562 5693 2677 5736 sunt
2717 5691 2765 5737 iu
2798 5687 2904 5738 aliis
2937 5685 3315 5752 exemplaribus.
3362 5700 3484 5743 Prior

1906 5749 2054 5816 lectio
2096 5761 2341 5816 sequens,
2367 5747 2411 5798 si
2453 5747 2666 5816 dixero,
2715 5756 2832 5809 etc.,
2869 5758 2947 5816 est
2982 5747 3119 5814 juxta
3143 5755 3486 5816 Symmachum,

1905 5814 2039 5878 sicut
2056 5806 2201 5876 etiam
2222 5806 2302 5858 illa
2328 5810 2669 5874 interpretatio
2691 5826 2801 5875 qua:
2819 5806 2968 5874 'j-aulo
2982 5806 3098 5877 post
3117 5806 3358 5878 sequitur,
3386 5806 3488 5867 A‘oi

1911 5875 2072 5922 lucida
2092 5875 2220 5921 circa
2253 5884 2345 5922 me.
