4012 6280
1549 281 1675 302 ...η

559 413 663 468 ιιδ

554 524 776 591 lantem,
795 534 847 579 et
877 539 1047 594 neque
1076 523 1216 576 illam
1242 522 1522 591 exstingui,
1551 535 1648 575 nec
1676 518 1817 573 hunc
1844 515 2123 581 exsiccari,

558 627 614 672 et
637 616 946 684 grandinem
974 613 1126 667 simul
1154 622 1206 666 ct
1232 611 1522 665 ﬂainmam?
1552 609 1828 666 Undenam
1852 624 1980 678 ergo
2001 649 2016 672 ,
2043 608 2129 661 dic

560 705 689 758 mihi
711 746 726 770 ,
754 703 856 757 hoc
884 701 1084 756 factum
1110 699 1526 767 est?Quomodo
1567 707 1742 754 autem
1773 697 1967 751 factum
2014 704 2126 759 est,

563 795 688 850 volo
708 797 864 850 scire.
893 794 1004 848 lmo
1042 807 1168 847 vero
1197 807 1296 846 nec
1313 792 1431 845 volo
1458 791 1669 860 quidem
1697 791 1834 844 scire
1875 787 2125 842 modum:

561 901 734 956 nequo
757 886 899 940 enim
939 893 1113 954 potest
1141 884 1290 937 fieri:
1321 883 1414 938 sed
1446 882 1640 936 factum
1667 881 1847 945 credo;
1881 897 2002 936 eum
2029 895 2127 935 au-

562 988 666 1032 tem
687 979 774 1046 qui
800 977 922 1032 fecit
944 977 1109 1030 adoro
1135 993 1150 1030 :
1186 976 1416 1030 Plurim
1445 977 1576 1029 enim
1601 976 1712 1044 eius
1750 978 1885 1047 facta
1907 983 2019 1030 sunt
2038 991 2128 1028 oc-

559 1069 694 1120 culta
720 1077 766 1120 et
789 1084 972 1120 arcana
1007 1065 1189 1136 (Eccls'.
1225 1064 1310 1120 16.
1341 1065 1458 1132 22).
1484 1065 1598 1119 Νοη
1629 1065 1804 1119 vidisti
1843 1063 1985 1133 quod
2005 1078 2127 1119 cum

557 1157 675 1212 dies
698 1166 862 1224 esset,
891 1156 1106 1227 perinde
1131 1165 1291 1226 atque
1317 1158 1369 1212 in
1399 1157 1634 1212 tenebris
1658 1155 1939 1227 palpabant
1959 1157 2127 1227 Egy-

563 1250 696 1316 ptii:
735 1258 787 1302 et
817 1264 937 1304 cum
982 1250 1160 1302 omnia
1208 1257 1530 1316 occuparent
1577 1247 1846 1311 tenebrat,
1879 1246 2130 1302 videbant

561 1337 812 1393 Israelita:
837 1357 851 1392 :
881 1349 1072 1393 etcum
1104 1346 1286 1393 essent
1311 1352 1495 1392 rursus
1520 1337 1570 1390 in
1603 1337 1856 1407 principio
1882 1339 2127 1393 tenebra-

561 1444 706 1495 rum,
754 1429 840 1482 lux
867 1429 946 1484 eis
989 1428 1163 1483 illuxit
1210 1429 1262 1482 in
1291 1427 1508 1483 medio?
1543 1427 1754 1482 Naturae
1777 1428 1917 1482 enim
1947 1443 2126 1484 rerum

557 1533 770 1586 semper
788 1529 870 1572 est
890 1518 1177 1584 Dominus,
1206 1518 1296 1588 qui
1326 1517 1450 1573 fecit
1477 1528 1715 1573 naturam
1738 1559 1754 1584 ,
1788 1533 1892 1573 non
1921 1529 1979 1574 ut
2006 1533 2129 1588 pro-

555 1604 714 1660 duCat
737 1621 856 1675 qua:
885 1622 988 1660 non
1015 1615 1159 1672 sunt,
1189 1606 1282 1661 sed
1311 1615 1368 1660 ut
1394 1607 1658 1661 manentia
1683 1607 1735 1662 in
1763 1615 1950 1662 natura
1974 1607 2129 1663 aliter

555 1709 814 1765 apparere
855 1694 1072 1751 efﬁciat.
1107 1695 1239 1763 Quia
1267 1693 1481 1749 tenebrat
1507 1711 1607 1749 non
1651 1696 2050 1751 obscurabuntur
2094 1714 2127 1752 a

560 1794 626 1838 te.
655 1783 826 1852 Alius,
852 1784 1000 1853 Apud
1028 1794 1094 1839 te.
1134 1783 1202 1838 Et
1227 1800 1330 1837 nos:
1353 1784 1480 1838 sicut
1503 1784 1608 1838 dies
1634 1785 2000 1840 illuminabitur
2024 1786 2123 1860 (a).

559 1875 729 1942 Alius,
769 1875 874 1930 Sed
897 1885 943 1930 et
973 1890 1076 1929 nea:
1099 1884 1154 1929 ut
1181 1875 1285 1930 dies
1303 1875 1578 1945 apparebit.
1599 1876 1742 1931 Sicut
1760 1877 1969 1932 tenebris
1995 1879 2126 1948 ejus,

556 1966 628 2018 ita
653 1975 701 2019 et
722 1963 813 2018 tua:
839 1966 968 2032 ejus.
1005 1964 1155 2020 Alius
1171 2005 1188 2032 ,
1220 1964 1422 2019 Similes
1442 1975 1556 2020 sunt
1582 1966 1790 2021 tenebrae
1812 1976 1858 2020 et
1881 1967 1970 2021 lux
1996 1969 2125 2039 ejus.

557 2052 724 2109 Recte
774 2053 924 2119 dixit,
954 2055 996 2106 Α
1026 2063 1106 2120 te,
1135 2054 1236 2108 hoc
1265 2065 1350 2108 est
1369 2094 1384 2120 ,
1411 2054 1562 2124 Apud
1594 2063 1681 2121 te;
1723 2056 2044 2126 significans,
2078 2058 2123 2112 si

557 2143 808 2211 volueris,
833 2145 1066 2199 tenebrae
1106 2159 1212 2200 non
1241 2156 1396 2201 erunt
1427 2147 1656 2200 tenebrae
1683 2186 1699 2212 ,
1725 2147 1818 2202 sed
1847 2162 1965 2216 quae
1993 2147 2126 2204 lucis

556 2244 697 2299 sunt,
731 2235 1029 2291 ostendent.
1057 2237 1123 2292 Et
1158 2237 1277 2292 ideo
1313 2237 1617 2308 subjunxit,
1643 2237 1765 2293 Non:
1784 2245 1910 2294 sicut
1933 2240 2038 2294 dies
2062 2240 2126 2294 il-

555 2325 899 2392 luminabitur,
928 2326 1156 2382 reddens
1182 2327 1324 2398 quod
1361 2329 1613 2399 praecedit
1642 2331 1874 2400 apertius
1893 2371 1910 2399 ,
1941 2339 1996 2386 et
2022 2329 2126 2386 hoc

553 2415 750 2472 indicat
781 2434 795 2470 :
821 2417 950 2487 Quae
975 2427 1098 2473 sunt
1128 2417 1265 2487 diei,
1294 2435 1396 2475 nox
1422 2420 1704 2489 ostendet,
1735 2436 1840 2477 non
1861 2436 2018 2478 secus
2045 2431 2125 2476 at-

553 2523 658 2578 que
680 2524 743 2564 ea
771 2525 888 2579 quae
913 2519 1038 2565 sunt
1061 2510 1179 2580 ejus
1206 2512 1438 2587 propria.
1464 2513 1684 2581 Quando
1711 2516 1853 2570 enim
1883 2515 2022 2570 Deus
2039 2530 2122 2571 vo-

553 2599 746 2664 luerit,
787 2601 1024 2669 operatio
1059 2601 1439 2656 elementorum
1467 2605 1689 2659 vertitur
1724 2605 1776 2661 in
1817 2606 2117 2673 contraria,

551 2703 703 2759 teque
730 2689 885 2746 facile
903 2699 1062 2761 atque
1101 2692 1156 2746 in
1181 2693 1394 2763 propria
1419 2695 1518 2750 sibi
1560 2696 1710 2750 initio
1736 2698 1950 2753 tributa.
1977 2697 2034 2753 Si
2065 2707 2121 2752 tu

549 2781 691 2835 enim
717 2781 976 2848 volueris,
1007 2784 1074 2838 ita
1105 2786 1206 2838 crit
1230 2801 1356 2852 nox,
1387 2795 1442 2841 et
1467 2787 1534 2841 ita
1579 2788 1795 2845 habebit
1816 2789 1989 2845 lucem
2019 2790 2119 2846 sibi

549 2872 850 2926 attributam
876 2914 890 2937 ,
918 2882 976 2928 ut
998 2875 1264 2930 tenebras.
1293 2876 1551 2944 Quocirca
1578 2878 1681 2934 hoc
1712 2895 1924 2951 quoque
1949 2880 2118 2951 signi-

551 2960 716 3014 ficans
741 3002 758 3026 ,
790 2962 1063 3032 subjunxit
1093 2982 1108 3019 :
1136 2964 1279 3019 Sicut
1319 2969 1532 3022 tenebrae
1576 2969 1683 3038 ejus
1705 3009 1721 3036 ,
1752 2971 1822 3024 ita
1861 2981 1908 3025 et
1953 2973 2119 3026 lumen

549 3051 676 3120 ejus.
711 3050 833 3106 llaec
869 3051 937 3106 de
966 3053 1245 3108 elementis
1271 3056 1484 3124 quidem
1527 3059 1738 3129 proprie
1776 3059 1913 3116 dicta
1955 3069 2116 3128 sunt,

551 3140 914 3209 metaphorice
943 3155 1121 3197 autem
1146 3145 1304 3198 etiam
1328 3144 1396 3201 de
1419 3147 1596 3202 rebus.
1632 3149 1710 3205 Ex
1733 3150 1922 3220 quibus
1947 3160 2120 3208 osten-

550 3229 692 3284 ditur
718 3246 871 3300 posse
903 3232 1074 3288 Deum
1101 3242 1298 3289 tantam
1326 3235 1517 3291 all'erre
1555 3239 1791 3308 requiem
1815 3254 1878 3294 ac
1903 3255 2115 3297 recrea-

551 3323 750 3376 tionem
775 3324 839 3377 iis
861 3325 949 3393 qui
981 3324 1033 3378 in
1076 3324 1392 3382 afflictiones
1433 3327 1699 3397 incidunt,
1743 3341 1993 3400 quantam
2019 3333 2116 3386 ha-

552 3411 677 3464 bent
706 3413 741 3465 ii
769 3413 855 3480 qui
879 3423 1094 3467 utuntur
1115 3416 1274 3470 rebus
1302 3416 1569 3483 secundis,
1601 3429 1782 3489 utpote
1810 3422 1900 3491 qui
1932 3438 2114 3479 curam

549 3510 698 3570 gerat
726 3501 1049 3557 afﬁictionis.
1085 3505 1195 3561 Hoc
1216 3517 1295 3561 est
1324 3509 1469 3563 enim
1493 3510 1833 3575 incredibile,
1865 3523 1917 3569 et
1947 3515 2117 3585 majus

551 3587 816 3658 opinione,
848 3591 990 3660 quod
1031 3593 1192 3647 etiam
1222 3594 1271 3648 iu
1294 3595 1488 3665 Joseph
1525 3599 1734 3653 accidit.
1758 3600 1937 3672 Neque
1973 3605 2118 3658 enim

552 3689 660 3735 tam
705 3682 827 3737 felix
869 3682 1056 3738 fuisset
1095 3685 1210 3755 ejus
1257 3703 1572 3757 successus,
1605 3707 1703 3747 nec
1732 3701 1931 3749 tantum
1975 3705 2118 3751 esset

551 3772 808 3829 honorem
852 3787 1209 3845 consequutus
1261 3780 1314 3834 in
1364 3790 1582 3851 paterna
1627 3783 1787 3840 domo
1837 3786 2113 3856 habitans,

547 3871 802 3933 quantum
832 3867 1178 3923 venumdatus
1197 3912 1212 3936 ,
1243 3883 1296 3925 et
1322 3872 1373 3926 in
1405 3872 1563 3927 domo
1590 3874 1865 3932 barbarica
1915 3879 2112 3936 educa-

549 3961 653 4008 tus.
682 3954 783 4010 Per
810 3956 952 4025 ipsos
973 3957 1118 4012 enim
1149 3960 1482 4018 insidiatores
1511 3965 1559 4018 ei
1581 3967 1970 4023 contexebatur
1997 3970 2114 4024 dia-

546 4046 720 4115 dema,
747 4056 800 4102 ct
827 4049 1231 4118 comparabatur
1255 4068 1506 4124 purpura,
1535 4065 1588 4110 et
1617 4056 1684 4110 ab
1712 4057 1938 4114 infamia:
1960 4077 2114 4116 occa-

546 4139 699 4194 sione
721 4140 936 4196 honoris
963 4150 1020 4196 et
1041 4143 1189 4213 regni
1213 4144 1261 4198 ei
1287 4160 1444 4200 causa
1474 4149 1755 4217 processit.
1783 4149 1970 4204 Vidisti
1993 4167 2118 4222 quo-

545 4231 704 4284 modo
729 4232 1056 4302 interpretati
1097 4250 1280 4291 sumus
1301 4237 1426 4293 illud
1446 4280 1460 4305 ,
1495 4239 1617 4296 Nox
1640 4243 1765 4297 sicut
1793 4245 1898 4298 dies
1925 4245 2116 4300 illumi-

546 4327 770 4383 nabitur?
791 4329 869 4382 Ad
899 4329 998 4384 hoc
1018 4339 1226 4399 autem,
1253 4333 1399 4388 Sicut
1424 4335 1636 4390 tenebrae
1661 4337 1768 4407 ejus
1790 4377 1807 4403 ,
1833 4337 1903 4390 ita
1943 4340 2113 4395 lumen

544 4418 673 4487 ejus,
707 4419 756 4473 id
785 4419 953 4488 ipsum
968 4422 1144 4478 dicere
1168 4439 1388 4482 necesse
1406 4437 1488 4482 est
1512 4445 1526 4481 :
1550 4427 1690 4483 sicut
1707 4429 1831 4497 illae,
1850 4431 1927 4485 sic
1953 4432 2113 4489 etiam

547 4506 650 4561 hoc
670 4509 792 4575 erit,
820 4525 924 4565 non
949 4515 1123 4582 specie
1145 4523 1370 4584 tantum,
1393 4519 1486 4574 sed
1510 4519 1734 4575 Domino
1757 4532 1848 4576 tuo
1873 4533 2110 4582 mutante

546 4610 726 4649 rerum
752 4606 980 4654 naturas.
1013 4603 1098 4656 l3.
1125 4603 1257 4670 Quia
1281 4615 1333 4659 tu
1373 4609 1633 4678 possedisti
1652 4627 1792 4665 renes
1819 4627 1974 4677 meos,
2001 4613 2112 4669 Do-

544 4686 676 4738 mine
699 4703 718 4740 :
745 4690 1003 4758 suscepisti
1027 4709 1104 4746 me
1145 4693 1208 4748 de
1233 4705 1370 4751 utero
1396 4701 1570 4756 matris
1597 4719 1740 4757 meat.
1772 4703 1842 4758 Et
1863 4722 2108 4777 quamam

541 4785 624 4831 est
652 4777 766 4832 haec
785 4785 1162 4850 consequentia
1184 4799 1303 4839 cum
1332 4788 1411 4843 eis
1431 4805 1548 4858 qua:
1567 4791 1706 4848 dicta
1732 4798 1891 4850 sunt?
1919 4797 2106 4870 Magna

539 4868 755 4938 quidem
779 4879 955 4938 certe,
979 4881 1032 4928 et
1058 4889 1176 4944 quae
1205 4876 1358 4931 valde
1395 4881 1647 4938 cohreret.
1681 4884 1939 4952 Quoniam
1960 4868 2106 4945 enim

537 4957 672 5016 dixit
699 4959 766 5016 de
797 4969 940 5016 tanta
965 4963 1080 5033 ejus
1123 4969 1354 5036 potentia
1375 5009 1390 5034 ,
1435 4973 1669 5028 ostendit
1707 4975 1958 5047 deinceps
1983 4995 2106 5036 eum

536 5051 612 5105 uti
656 5050 754 5108 hac
804 5062 1064 5124 potestate
1108 5055 1175 5111 ad
1228 5057 1507 5115 utilitatem
1548 5069 1603 5117 et
1644 5062 1959 5122 beneﬁcium
2001 5068 2104 5124 ho-

532 5145 758 5200 minum.

603 5236 872 5294 Possessor
895 5240 968 5294 rei
991 5258 1234 5310 possessa:
1270 5259 1445 5299 curam
1470 5247 1612 5317 gerit.
1635 5277 1707 5288 —
1729 5247 1803 5304 Ne
1825 5251 1942 5320 quis
1961 5251 2103 5308 enim

532 5331 786 5401 insipiens
814 5333 1046 5402 diceret,
1077 5335 1144 5391 Et
1165 5337 1290 5409 quid
1319 5337 1432 5393 lnec
1451 5339 1518 5395 ad
1538 5356 1625 5397 me
1643 5385 1655 5406 ,
1683 5343 1728 5397 si
1750 5351 1834 5398 est
1857 5360 2098 5416 magnus,

526 5429 581 5474 ct
605 5432 791 5491 potens
810 5465 824 5488 ,
852 5433 906 5480 et
934 5430 1244 5496 prtescieudi
1276 5429 1525 5488 facultate
1566 5435 1854 5503 przeditus?
1879 5437 2101 5492 ostende

528 5508 572 5562 si
603 5512 727 5580 quid
754 5529 818 5566 ex
839 5529 904 5568 eo
930 5515 1061 5571 lucri
1088 5517 1340 5575 faciamus
1367 5541 1381 5576 :
1405 5523 1697 5592 subjunxit,
1723 5525 1801 5580 Tu
1828 5528 2096 5597 possedisti

529 5613 669 5653 renes
696 5618 849 5667 meos,
879 5620 911 5660 a
941 5616 1086 5677 parte
1105 5610 1288 5667 dicens
1311 5622 1480 5670 totum
1525 5614 1817 5678 hominem.
1866 5620 1982 5676 Non
2015 5631 2099 5678 est

586 5777 660 5838 (τι)
695 5780 802 5824 ltzcc
821 5779 1152 5842 interpretatio
1166 5785 1302 5847 juxta
1323 5803 1470 5852 quem
1491 5792 1554 5843 sit
1583 5793 1848 5856 ignoratur.

1257 407 1313 463 S.
1353 405 1628 463 JOANNIS
1665 400 2139 461 CHRYSOSTOMI
2178 397 2488 458 ARCIIIEP.
2529 401 3061 458 CONSTANTINOP.

3704 407 3812 464 L16

2235 524 2413 569 autem
2459 515 2558 569 hoc
2585 530 2803 585 parvum
2847 515 2910 569 ad
2939 524 3155 584 partem
3186 514 3357 570 laudis
3405 517 3758 586 providentiae
3787 559 3806 586 ,

2233 618 2350 658 esse
2381 605 2474 659 Dei
2503 606 2907 674 possessionem.
2931 605 3029 672 Qui
3051 605 3192 660 enim
3219 607 3484 676 possidet,
3507 625 3695 666 curam
3715 627 3811 682 ge-

2232 696 2302 749 rit
2319 704 2373 750 et
2399 697 2655 765 providet.
2679 696 2934 764 Quocirca
2957 698 3060 752 hoc
3083 713 3294 768 quoque
3331 701 3638 768 signiﬁcans
3657 745 3677 770 ,
3704 705 3811 760 ad-

2227 784 2346 854 jicit
2381 787 2630 856 deinceps
2673 788 2812 856 quod
2855 788 3114 858 sequitur,
3139 790 3422 863 Suscepisti.
3450 811 3529 848 me
3568 797 3633 850 de
3659 808 3806 852 utere

2232 877 2407 931 matris
2455 893 2595 930 mete.
2627 877 2740 932 [loc
2779 888 2904 946 est,
2931 881 3191 950 Perpetuo
3235 899 3323 938 me
3366 887 3805 953 muniisti,,mihi

2231 967 2524 1036 providisti,
2549 970 2652 1024 mei
2676 984 2859 1025 curam
2877 974 3085 1042 gessisti
3111 1015 3134 1038 ,,
3151 988 3214 1028 ac
3243 985 3411 1031 tutum
3433 979 3713 1036 reddidisti
3738 985 3815 1040 ab.

2232 1060 2448 1115 ineunte
2473 1070 2660 1126 mtate,
2689 1063 2757 1116 ab
2786 1062 2913 1132 ipsis
2943 1063 3145 1130 fasciis,
3168 1075 3226 1120 et
3247 1083 3367 1137 quae
3396 1069 3537 1136 dixi,
3567 1073 3812 1133 docuisti

2231 1149 2390 1204 rebus
2416 1151 2562 1220 ipsis.
2597 1153 2681 1206 14.
2709 1151 2994 1221 Conﬁtebor
3022 1156 3111 1208 tibi
3135 1158 3253 1226 quia
3281 1161 3564 1216 terribiliter
3593 1171 3772 1236 magni
3781 1198 3802 1209 -

2231 1240 2407 1308 ﬁcatus
2432 1258 2484 1295 es
2509 1256 2529 1295 :
2549 1243 2798 1296 mirabilia
2823 1260 2976 1308 Opera
3005 1255 3090 1298 tua
3113 1288 3129 1313 ,
3150 1257 3197 1301 et
3218 1250 3388 1304 anima
3406 1269 3516 1307 mea
3542 1263 3805 1328 cognoscit

2229 1332 2398 1385 nimis.
2430 1331 2564 1399 Quid
2597 1333 2697 1388 hoc
2721 1335 2826 1389 est?
2854 1334 3078 1392 Finxisti
3121 1355 3206 1394 me
3226 1379 3243 1405 ,
3268 1343 3470 1410 inquit,
3491 1348 3586 1402 sed
3617 1353 3810 1408 nescio

2229 1423 2495 1492 quomodo
2535 1425 2790 1480 finxeris:
2818 1428 3095 1495 provides,
3129 1431 3220 1485 sed
3266 1448 3371 1488 non
3395 1451 3610 1504 possum
3637 1442 3806 1499 simul.

2230 1512 2611 1581 providentiam
2631 1529 2842 1570 omnem
2867 1519 3070 1574 ratione
3091 1522 3560 1590 comprehendere.
3591 1530 3803 1604 Ubique

2229 1617 2308 1670 es,
2332 1602 2424 1658 sed
2446 1619 2513 1658 ne
2540 1605 2642 1660 hoc
2675 1605 2888 1676 quidem
2913 1609 3027 1663 scio
3057 1626 3162 1679 quo
3188 1624 3369 1683 pacto.
3402 1616 3548 1672 Nosti
3581 1602 3758 1678 futura
3779 1665 3805 1692 ,

2229 1702 2285 1750 et
2309 1697 2590 1766 przeterita,
2612 1705 2665 1751 et
2692 1711 2881 1753 arcana
2903 1703 3094 1756 mentis
3121 1705 3390 1763 hominum
3419 1727 3433 1764 :
3455 1712 3548 1765 sed
3574 1730 3684 1772 nec
3699 1718 3798 1776 hoc

2229 1798 2442 1853 possum
2489 1787 2692 1841 ratione
2731 1790 3198 1858 comprehendere.
3230 1796 3398 1853 Mutas
3444 1806 3588 1859 enim
3617 1823 3795 1864 rerum

2230 1891 2462 1950 naturas,
2483 1892 2538 1939 et
2561 1885 2693 1942 facis
2723 1896 2779 1942 ut
2803 1901 3076 1946 manentes
3105 1893 3386 1949 ostendant
3405 1899 3713 1953 contraria':
3743 1911 3798 1956 et

2229 1972 2299 2028 ita
2325 1990 2510 2031 rursus
2538 1978 2802 2033 contraria
2832 1980 3034 2046 educis,
3066 1985 3286 2052 perinde
3306 2001 3369 2040 ac
3395 1987 3439 2042 si
3467 1999 3650 2044 essent
3674 2007 3795 2061 pro-

2227 2065 2340 2134 pria
2361 2075 2416 2120 et
2442 2067 2560 2136 ejus
2588 2079 2790 2124 natura:
2811 2073 3082 2128 attributa.

2296 2157 2349 2212 4.
2372 2155 2500 2212 Cum
2533 2159 2708 2230 itaque
2729 2163 2841 2216 hinc
2869 2166 3042 2218 omnia
3065 2167 3386 2237 collegisset,
3412 2179 3466 2227 et
3495 2171 3679 2228 divino
3699 2190 3787 2230 es-

2226 2257 2310 2302 set
2355 2250 2543 2318 spiritu
2584 2251 2824 2318 afﬂatus,
2855 2269 3039 2324 magna
3069 2271 3198 2312 voce
3223 2258 3509 2326 clamavit,
3551 2262 3745 2318 dicens
3775 2285 3788 2318 :

2225 2336 2510 2406 Can/itebor
2535 2341 2642 2401 tibi.
2656 2343 2772 2411 quia
2797 2343 3078 2398 terribiliter
3096 2348 3444 2417 magniﬁcatus
3467 2368 3538 2412 es,
3561 2351 3664 2407 hoc
3686 2364 3787 2422 est,

2224 2429 2482 2485 mirabilis
2508 2433 2793 2501 apparuisti
2819 2473 2834 2498 ,
2864 2443 2916 2489 et
2941 2450 2999 2490 es
3027 2436 3302 2493 mirabilis.
3337 2439 3598 2498 Mirabilia
3638 2462 3791 2516 opera

2225 2529 2332 2584 tua,
2363 2530 2410 2575 et
2437 2522 2607 2575 anima
2632 2541 2742 2579 mea
2765 2527 3017 2597 cognoscit
3045 2530 3214 2585 nimis.
3246 2531 3312 2586 Et
3335 2533 3459 2602 quid
3485 2535 3555 2591 de
3583 2544 3635 2591 te
3655 2580 3672 2602 ,
3704 2539 3787 2594 in-

2223 2613 2356 2683 quit,
2386 2613 2526 2678 dico,
2547 2630 2669 2670 cum
2699 2633 2816 2688 quae
2841 2633 2870 2672 a
2903 2628 2954 2674 te
2982 2619 3134 2686 ﬁunt,
3167 2639 3413 2695 magnum
3434 2625 3668 2684 habeant
3691 2632 3790 2687 mi-

2224 2706 2486 2762 raculum?
2510 2708 2709 2765 Deinde
2725 2710 2938 2767 mittens
2963 2715 3139 2768 omnia
3167 2718 3434 2786 persequi,
3462 2723 3679 2791 propria
3709 2727 3789 2782 sui

2223 2797 2409 2853 notitia
2444 2808 2725 2855 contentus
2752 2801 2882 2856 dicit
2914 2820 2927 2857 :
2960 2803 3028 2856 Et
3055 2808 3224 2860 anima
3261 2824 3372 2863 mea
3415 2815 3669 2882 cognoscit
3717 2817 3788 2870 ni-

2221 2890 2335 2944 mis.
2364 2889 2476 2945 Non
2501 2894 2766 2962 cognoscit
2803 2895 3133 2951 solummodo
3155 2939 3171 2965 ,
3194 2898 3286 2954 sed
3318 2900 3473 2956 valde
3500 2911 3557 2958 et
3577 2897 3792 2966 intonsa

2220 2984 2509 3050 cognoscit.
2537 2983 2590 3039 Si
2620 2997 2796 3040 autem
2822 2988 3123 3054 cognoscit,
3155 2993 3419 3058 quomodo
3443 2994 3578 3049 dixit
3605 3007 3793 3064 antea,

2221 3069 2470 3127 Mirabilis
2495 3077 2627 3144 facta
2645 3084 2715 3126 est
2740 3076 2945 3129 scientia
2969 3086 3054 3130 tua
3077 3094 3109 3131 a
3131 3094 3228 3145 me,
3259 3082 3541 3151 confortata
3572 3096 3667 3152 est,
3693 3104 3791 3140 non

2221 3171 2392 3232 potero
2419 3163 2487 3215 ad
2512 3164 2658 3218 eam?
2682 3163 2905 3220 Maxime
2933 3181 2949 3220 ε
2975 3181 3096 3220 nam
3136 3168 3262 3224 illud
3305 3172 3515 3239 quidem
3547 3186 3699 3231 certe
3727 3179 3798 3234 de.

2219 3251 2336 3322 ipso
2363 3253 2560 3309 dictum
2585 3263 2698 3320 est,
2729 3254 2830 3310 hoc
2855 3272 2980 3312 vero
2998 3258 3064 3314 de
3093 3261 3359 3328 Operibus.
3399 3263 3550 3329 Quod
3596 3267 3641 3320 si
3688 3267 3789 3323 hoc

2220 3357 2431 3414 quoque
2454 3344 2521 3400 de
2551 3345 2666 3415 ipso
2689 3347 2884 3402 dictum
2913 3359 2990 3404 est
3016 3390 3031 3415 ,
3072 3351 3198 3407 illud
3239 3353 3530 3411 dixerimus
3577 3375 3592 3411 :
3639 3359 3796 3416 Novit

2219 3451 2339 3490 eum
2365 3451 2484 3492 esse
2531 3438 2846 3506 mirabilem,
2895 3456 3164 3512 maguum,
3220 3446 3488 3501 excelsum
3517 3464 3532 3502 :
3557 3451 3687 3518 quid
3717 3453 3785 3506 sit

2219 3536 2393 3582 autem
2415 3529 2704 3584 substantia
2735 3529 2942 3600 (eadem
2970 3532 3108 3586 enim
3135 3549 3319 3589 rursus
3342 3535 3558 3602 dicam).
3579 3549 3634 3594 et
3659 3558 3791 3610 quo.

2220 3631 2342 3672 nam
2370 3617 2528 3672 modo
2549 3618 2618 3672 sit
2643 3619 2759 3688 ejus
2780 3620 3029 3690 majestas
3055 3631 3107 3676 et
3132 3625 3540 3694 magniﬁcentia,
3559 3638 3614 3682 et
3640 3632 3789 3700 quis-

2220 3725 2340 3764 nam
2386 3710 2455 3764 sit
2497 3710 2683 3766 modus
2708 3726 2888 3766 eorum
2919 3729 3038 3781 qua:
3066 3714 3206 3770 dicta
3234 3727 3378 3782 sunt,
3412 3719 3622 3788 ignorat
3651 3741 3666 3775 :
3697 3725 3788 3778 sed

2219 3814 2280 3854 ea
2312 3801 2424 3869 ipsa
2455 3799 2714 3870 ignoratio
2734 3812 2812 3884 est
2830 3813 3197 3872 argumentum
3218 3808 3556 3877 cognitionis,
3577 3813 3788 3869 etiamsi

2219 3891 2287 3945 sit
2327 3891 2568 3946 mirabile
2619 3892 2760 3962 quod
2799 3893 2997 3949 dictum
3050 3905 3152 3950 est.
3201 3897 3331 3952 Nam
3380 3915 3526 3956 mare
3576 3919 3788 3974 quoque

2218 3992 2469 4052 quantum
2498 3984 2583 4048 sit,
2619 3983 2951 4054 ignoramus;
2979 3995 3032 4042 et
3055 3996 3226 4043 tamen
3246 4000 3460 4059 propter
3486 3992 3587 4048 hoc
3617 3995 3787 4065 ipsum

2218 4090 2367 4131 mare
2393 4076 2624 4131 maxime
2654 4076 2915 4143 novimus,
2940 4078 3077 4148 quod
3104 4079 3220 4149 ejus
3247 4097 3545 4138 mensuram
3578 4089 3786 4142 nescia-

2219 4183 2356 4223 mus.
2379 4169 2434 4223 Si
2455 4169 2572 4236 quis
2597 4177 2772 4224 autem
2795 4169 2932 4224 dicat
2955 4185 3013 4224 se
3034 4186 3191 4227 nosse
3213 4173 3330 4241 ejus
3347 4177 3714 4243 quantitatem,
3745 4180 3787 4234 is

2218 4267 2299 4312 est
2317 4257 2404 4328 qui
2436 4259 2485 4312 id
2517 4259 2719 4328 ignorat
2748 4261 2992 4314 maxime.
3017 4261 3110 4316 Est
3137 4262 3292 4332 igitur
3319 4265 3582 4334 professio
3601 4273 3784 4340 cogni-

2218 4349 2396 4415 tionis,
2414 4365 2530 4418 qua:
2558 4351 2731 4419 arguit
2759 4351 3107 4421 ignorantiam
3141 4370 3154 4406 :
3183 4364 3236 4410 et
3262 4365 3344 4410 est
3369 4357 3651 4425 ignoratio,
3670 4379 3784 4432 quae

2217 4440 2370 4494 nobis
2400 4439 2501 4495 fert
2531 4442 2890 4496 testimonium
2920 4441 2987 4498 de
3015 4445 3253 4500 scicntia.
3279 4447 3365 4501 15.
3389 4447 3504 4502 Non
3529 4462 3602 4504 est
3618 4455 3761 4506 occul
3772 4484 3785 4495 -

2215 4539 2369 4584 talum
2390 4547 2445 4584 os
2467 4547 2627 4584 meum
2652 4547 2683 4583 a
2722 4541 2768 4585 te
2785 4533 2918 4602 quod
2947 4535 3107 4604 feciin
3135 4537 3187 4589 in
3211 4539 3404 4591 occulto
3429 4556 3447 4593 :
3471 4549 3518 4592 et
3555 4542 3784 4596 substan—

2217 4621 2286 4674 tia
2303 4638 2413 4674 mea
2438 4622 2490 4674 in
2508 4621 2827 4690 inferioribus
2856 4633 3019 4677 terrae.
3065 4625 3318 4695 Loquitur
3344 4645 3528 4684 rursus
3561 4632 3630 4686 de
3670 4635 3784 4702 ejus

2215 4712 2533 4781 cognitione,
2565 4722 2617 4767 et
2663 4714 2893 4769 ostendit
2935 4729 3055 4770 eum
3089 4715 3204 4772 haec
3253 4719 3392 4774 scire
3429 4723 3630 4776 omnia.
3692 4724 3784 4778 Vel

2213 4816 2340 4872 ergo
2385 4801 2513 4857 dicit
2541 4819 2660 4857 eum
2687 4805 2862 4857 omnia
2894 4820 3052 4860 nosse
3070 4821 3284 4872 arcana,
3311 4809 3388 4863 vel
3414 4810 3610 4880 aliquid
3641 4814 3782 4868 aliud

2214 4892 2722 4964 significat,nempe
2774 4894 3146 4950 formationem
3197 4909 3250 4952 et
3303 4901 3672 4956 creationem:
3706 4904 3783 4959 Ne

2213 5002 2333 5041 cum
2379 4986 2605 5056 ﬁngerer
2628 4986 2858 5056 quidem,
2892 5003 2977 5043 me
3005 4989 3294 5057 ignorasti,
3325 4991 3418 5046 sed
3441 4994 3619 5048 omnia
3648 4996 3782 5051 scie-

2213 5076 2329 5144 bas,
2355 5091 2478 5132 cum
2504 5077 2616 5130 haec
2636 5077 2887 5146 paulatim
2916 5087 3105 5134 natura
3127 5088 3455 5146 contexeret,
3489 5087 3700 5139 tametsi
3729 5087 3781 5142 in

2211 5183 2406 5222 arcano
2429 5178 2758 5236 operaretur,
2786 5177 2840 5223 et
2867 5177 3133 5240 tamquam
3162 5172 3216 5226 in
3254 5171 3447 5228 inﬁmis
3484 5183 3641 5231 terra:
3661 5193 3781 5247 par-

2212 5261 2348 5314 tibus
2376 5276 2390 5313 :
2417 5269 2539 5314 sunt
2560 5269 2732 5315 tamen
2763 5261 2877 5328 tibi,
2906 5262 3094 5331 inquit,
3125 5264 3298 5317 omnia
3329 5264 3467 5320 nuda
3494 5277 3548 5322 et
3573 5277 3775 5336 aperta.

2210 5350 2356 5404 Alius
2380 5360 2554 5404 autem
2586 5350 2849 5420 interpres
2887 5352 2964 5406 sic
2997 5351 3136 5406 dixit
3162 5370 3176 5405 :
3211 5353 3329 5406 Non
3351 5353 3511 5408 uelata
3530 5367 3646 5410 sunt
3664 5374 3777 5412 ossa

2208 5456 2317 5494 mea
2340 5457 2371 5493 a
2399 5450 2464 5508 te,
2493 5440 2669 5510 quibus
2691 5443 2854 5512 [actus
2884 5457 2994 5496 sum
3016 5443 3068 5496 in
3089 5443 3282 5498 occulto
3312 5443 3409 5517 (a).
3428 5446 3581 5502 Alius
3603 5489 3618 5514 ,
3652 5447 3774 5502 Non

2269 5615 2340 5676 (α)
2372 5621 2483 5664 ttzec
2505 5616 2634 5682 prior
2655 5617 2990 5682 interpretatio
3029 5625 3106 5667 est
3122 5619 3260 5680 juxta
3300 5619 3536 5682 Aquilam.
3554 5620 3775 5682 secunda

2200 5678 2338 5739 juxta
2350 5679 2702 5752 Isymmaghum,
2729 5678 2878 5752 terna.
2901 5680 3056 5752 juxta
3081 5678 3336 5752 incertum:
3360 5678 3420 5752 tu
3441 5680 3518 5752 bis
3551 5681 3771 5752 lectioui-

2207 5737 2298 5848 ‘pus
2319 5737 2496 5848 ἶῑίὲηίᾱ
2519 5738 2814 5790 diversitatis
2836 5737 3124 5792 obScrvatur
3147 5743 3194 5791 in
3212 5741 3350 5792 savil.
3375 5744 3464 5793 sed
3481 5740 3642 5792 Morel.
3669 5753 3764 5791 nie-

2227 5813 2301 5848 ltlS
2356 5813 2380 5847 a
2421 5809 2485 5849 et.
