4012 6280
289 318 391 374 ιη

286 436 434 488 latuit
461 445 507 488 te
525 436 767 506 fortitudo
796 454 904 491 mea
923 455 1021 508 qua
1047 441 1209 510 {actus
1234 456 1342 494 sum
1370 443 1422 494 in
1449 440 1641 493 occulto
1668 455 1685 492 :
1721 437 1858 491 uarie

283 536 576 595 compactus
594 543 705 580 sum
743 539 796 582 ut
825 530 878 582 in
897 530 1084 596 inﬁmis
1111 539 1272 584 teme.
1301 530 1470 591 Alius.
1497 529 1617 584 Non
1643 533 1788 584 latuit
1815 541 1861 584 te

285 617 506 682 potentia
530 633 641 670 mea
660 633 745 671 seu
774 634 886 671 ossa
911 635 1020 671 mea
1043 661 1055 681 ,
1084 620 1202 688 quia
1222 624 1384 689 {actus
1407 637 1519 674 sum
1554 621 1608 674 in
1639 622 1853 685 occulto,

284 708 473 776 enictus
501 724 613 760 sum
641 709 692 762 in
718 709 905 777 inﬁmis
933 719 1099 764 teme.
1130 711 1328 766 Omnes
1353 726 1481 781 ergo
1526 711 1710 766 eadem
1742 711 1856 782 ipsa

283 799 590 869 loquuntur,
620 816 831 871 nempe,
860 803 984 857 dum
1009 805 1255 874 fingerer,
1286 820 1371 858 me
1400 805 1628 873 perfecte
1656 804 1854 860 forma-

281 902 392 946 tum
425 908 521 962 per
561 903 740 963 partes
770 897 998 961 novisti,
1027 906 1079 950 et
1113 898 1524 966 unumquodque
1559 899 1853 952 membrum

278 994 336 1037 et
375 985 491 1053 ejus
521 1000 732 1055 quoque
771 986 1159 1041 incrementum
1196 988 1413 1042 seivisti.
1463 988 1615 1055 Quod
1653 998 1705 1044 et
1743 991 1856 1057 ipse

279 1075 440 1129 etiam
478 1077 607 1132 dicit
651 1075 894 1132 Christus
937 1095 951 1132 :
1017 1077 1180 1132 Vestri
1231 1090 1399 1133 autem
1446 1080 1620 1150 capilli
1671 1081 1852 1149 capitis

278 1181 449 1218 omnes
468 1168 716 1221 numerati
739 1177 852 1220 sunt
886 1166 1032 1237 (Luc.
1065 1167 1150 1222 12.
1176 1167 1250 1240 7).
1280 1169 1443 1223 Simul
1465 1179 1641 1223 autem
1657 1179 1709 1223 et
1729 1187 1852 1238 pro-

278 1257 566 1311 videntiam
607 1266 659 1311 et
695 1257 972 1312 scientiam
1002 1259 1188 1314 eodem
1234 1274 1480 1315 sermone
1527 1261 1850 1330 explicatam

275 1349 746 1418 deprehendimus.
781 1350 866 1404 I6.
893 1347 1250 1421 Imperfectum
1275 1368 1437 1405 meum
1464 1353 1692 1405 viderunt
1720 1354 1852 1406 oculi

275 1443 368 1493 tui.
420 1441 515 1495 Vel
556 1441 692 1495 idem
726 1441 898 1509 ipsum
929 1456 1112 1496 rursus
1140 1441 1301 1508 dicit,
1335 1458 1420 1497 me
1449 1443 1532 1497 vel
1569 1443 1849 1496 informem

273 1531 451 1595 Itnsli;
481 1530 614 1585 alius
659 1531 800 1584 enim
849 1531 926 1586 sic
957 1533 1105 1597 dixit,
1166 1530 1445 1602 Informem
1497 1549 1574 1585 me
1618 1534 1850 1587 viderunt

273 1623 412 1676 oculi
439 1623 511 1675 tui
533 1637 553 1676 :
573 1622 654 1677 vel
689 1622 757 1676 de
784 1622 913 1692 ipsis
951 1625 1268 1688 actionibus,
1299 1639 1489 1691 nempe
1521 1624 1662 1692 quod
1710 1640 1848 1677 non-

267 1713 402 1766 duin
452 1714 642 1768 factum
677 1724 792 1769 erat
839 1714 1082 1769 viderunt
1123 1713 1260 1768 oculi
1303 1713 1396 1768 tui.
1427 1713 1492 1766 Et
1516 1715 1567 1766 in
1588 1713 1713 1766 libro
1763 1722 1848 1766 tuo

271 1821 446 1858 omnes
475 1805 768 1858 scribentur.
806 1803 899 1859 Die
935 1805 1302 1873 formabuntur,
1326 1812 1369 1858 et
1396 1821 1538 1858 nemo
1557 1805 1608 1856 in
1630 1803 1718 1856 eis.
1751 1803 1848 1856 Est

265 1895 556 1950 obscurum
603 1895 750 1959 illud,
786 1895 878 1950 sed
901 1903 1111 1964 Oportet
1140 1893 1190 1947 id
1220 1895 1397 1947 venari
1427 1909 1491 1947 ex
1517 1894 1653 1947 serie
1681 1901 1736 1946 et
1781 1908 1846 1946 ex

267 1987 380 2038 alio
410 1986 717 2054 interprete.
755 1985 909 2054 Quod
960 1985 1101 2038 enim
1138 1984 1299 2048 dicit,
1330 1984 1431 2038 tale
1469 1993 1592 2049 est,
1617 1984 1666 2037 ei
1704 1982 1845 2052 quod

271 2077 548 2145 przeccssit
577 2077 924 2132 conveniens.
957 2075 1095 2142 Quid
1124 2085 1300 2130 autem
1327 2075 1638 2146 prtccessit‘l
1666 2073 1845 2142 Infor-

263 2183 401 2221 mem
424 2183 500 2218 me
518 2165 755 2218 viderunt
775 2161 916 2215 oeuli
937 2163 1047 2216 tui:
1067 2163 1668 2224 hocest,cutnuondum
1691 2164 1853 2216 ullam

266 2258 501 2326 ﬁguram
527 2258 911 2323 suscepissem,
938 2268 1060 2306 cum
1093 2251 1271 2308 adhuc
1313 2253 1542 2324 tingerer
1577 2262 1631 2308 et
1653 2254 1854 2307 forma-

267 2364 378 2413 rer,
399 2364 482 2401 me
512 2359 664 2414 aeque
687 2355 873 2414 aperte
894 2344 1167 2408 viderunt,
1198 2354 1254 2398 ut
1274 2360 1418 2410 eum,
1441 2346 1532 2414 qui
1568 2353 1652 2401 est
1682 2346 1852 2416 figura

264 2436 549 2508 praeditus,
572 2442 626 2489 et
651 2435 797 2488 nullo
819 2433 906 2487 die
935 2441 1056 2504 eget
1077 2434 1143 2487 ad
1173 2449 1326 2489 suam
1351 2433 1757 2504 perfectionem.
1789 2435 1854 2490 Et

268 2534 334 2580 ut
355 2529 495 2583 scias
525 2528 626 2581 hoc
647 2525 721 2581 ita
753 2541 894 2592 esse,
917 2525 1042 2579 audi
1065 2526 1563 2596 interpretationem
1590 2528 1846 2585 alterius:

271 2619 562 2687 Informem
585 2634 665 2671 me
696 2617 1046 2686 prwviderunt
1073 2618 1212 2672 oculi
1235 2620 1313 2672 tui
1334 2619 1436 2690 (a),
1461 2635 1578 2672 cum
1611 2621 1851 2676 omnibus

266 2708 356 2776 qui
383 2709 432 2761 in
458 2707 584 2762 libro
604 2718 689 2762 tuo
709 2710 880 2777 scripti
907 2717 1056 2774 sunt,
1079 2708 1166 2777 qui
1185 2719 1301 2761 sunt
1322 2709 1580 2778 eningendi
1606 2709 1744 2762 nullo
1765 2709 1847 2763 die

265 2797 550 2864 deﬁciente.
569 2798 701 2852 Cum
734 2797 858 2862 illis,
880 2798 1068 2866 inquit,
1097 2814 1183 2852 me
1211 2797 1384 2852 vidisti
1402 2799 1769 2868 quilinguutur
1791 2801 1842 2853 in

266 2889 670 2955 tliebuseorum,
689 2889 878 2959 quibus
895 2889 1067 2944 nullus
1087 2890 1201 2945 dies
1226 2890 1410 2946 defuit.
1428 2891 1550 2945 Ilznc
1572 2901 1745 2945 autem
1763 2891 1844 2945 di-

273 2981 353 3033 cit
368 2987 472 3034 nan
485 2982 625 3049 quasi
653 2982 722 3035 sit
749 2982 883 3036 liber
907 2981 959 3036 in
979 2986 1242 3052 supernis,
1266 2998 1363 3038 nec
1382 2985 1530 3054 quasi
1550 2985 1637 3038 ulli
1666 2983 1844 3053 scripti

275 3069 410 3134 sint,
455 3070 542 3124 sed
593 3072 876 3140 perfectam
902 3073 1255 3142 cognitionem
1296 3091 1389 3144 per
1419 3075 1609 3128 librum
1639 3075 1845 3144 signiﬁ-

270 3175 428 3225 cans,
457 3162 897 3230 quemadmodum
928 3165 1136 3233 quando
1158 3164 1308 3232 dicit,
1338 3165 1539 3220 Audivit
1566 3166 1838 3232 Dominus,

269 3262 321 3304 et
345 3252 543 3322 scripsit
567 3253 623 3306 in
653 3254 778 3307 libro
807 3253 1053 3323 (Malaclt.
1104 3255 1157 3309 3.
1189 3257 1298 3327 16).
1349 3256 1418 3310 Ει
1453 3273 1658 3322 rursus,
1703 3258 1845 3312 Libri

273 3345 444 3411 aperti
466 3353 583 3396 sunt
609 3343 765 3415 (Dan.
792 3345 845 3398 7.
876 3345 984 3415 10).
1011 3346 1094 3400 17.
1119 3345 1246 3399 Mihi
1271 3358 1439 3402 autem
1464 3350 1612 3402 nimis
1633 3349 1840 3402 honori-

269 3433 412 3500 ]icati
453 3442 568 3486 sunt
612 3436 762 3488 amici
818 3435 910 3503 tui,
964 3435 1124 3492 Deus.
1167 3438 1338 3505 Alius,
1377 3437 1596 3494 Pretiosi
1641 3442 1845 3510 fuerunt

269 3525 426 3577 amici
479 3528 552 3579 tui
596 3525 692 3596 (to).
722 3526 834 3583 Non
867 3539 950 3583 est
971 3528 1071 3584 hoc
1099 3545 1260 3599 parva
1305 3530 1492 3594 virtus,
1523 3532 1614 3586 Dei
1642 3533 1843 3587 amicos

269 3617 482 3671 honore
507 3617 740 3674 afficere.
770 3619 986 3685 Curam,
1018 3621 1226 3692 inquit,
1273 3623 1375 3677 mei
1414 3623 1622 3693 gessisti
1649 3664 1663 3688 ,
1711 3640 1795 3678 me
1825 3664 1841 3692 ,

267 3729 393 3768 cum
421 3729 523 3766 non
555 3729 727 3769 essem
750 3756 765 3778 ,
809 3715 1123 3784 produxisti,
1167 3733 1253 3772 me
1292 3719 1434 3787 regis
1459 3728 1512 3773 et
1554 3719 1794 3772 contines
1829 3735 1842 3772 :

263 3819 374 3872 ego
393 3813 570 3859 autem
605 3805 740 3860 hanc
765 3806 932 3861 reddo
959 3808 1461 3875 remunerationem,
1483 3809 1686 3864 amicos
1726 3817 1845 3863 tuos

277 3897 579 3951 honoratis.
610 3896 787 3951 Nimis
826 3899 1115 3967 confortati
1150 3907 1272 3953 sunt
1297 3902 1623 3970 principatus
1653 3917 1855 3955 eorum.

276 3987 397 4042 lloc
418 3999 524 4052 est,
543 3989 648 4058 Ipsi
669 3990 831 4043 validi
854 3999 906 4044 et
926 3999 1168 4060 potentes
1193 3989 1318 4044 facti
1342 4001 1488 4045 sunt.
1514 3993 1666 4045 Alius
1689 3992 1854 4047 dicit:

275 4079 456 4145 Quam
477 4080 792 4148 multiplicia
821 4093 942 4134 sunt
971 4082 1144 4148 capita
1162 4081 1448 4150 eorum(c)!
1467 4079 1620 4147 Quod
1641 4081 1858 4150 quidem

273 4182 359 4223 est
375 4172 600 4234 clarius;
620 4171 896 4240 subjuugit
910 4173 1052 4225 enim
1073 4190 1084 4224 :
1103 4172 1188 4225 l8.
1209 4171 1560 4227 Dinumerabo
1579 4190 1685 4248 eos,
1700 4182 1749 4227 et
1770 4188 1860 4226 su-

272 4275 366 4326 per
378 4276 596 4313 arenam
611 4259 1460 4331 multiplicabuntur.Egoquidem
1474 4265 1620 4333 ipsos
1632 4264 1861 4328 honoro,

277 4357 330 4400 tu
359 4358 536 4402 autem
569 4347 761 4402 multos
783 4347 934 4414 facis,
964 4359 1123 4418 atque
1153 4349 1286 4404 adeo
1311 4349 1492 4420 plures
1509 4365 1670 4404 arena
1701 4369 1715 4405 :
1741 4365 1844 4405 non

273 4440 448 4490 solum
497 4445 673 4491 autem
709 4439 902 4492 multos
928 4480 943 4503 ,
993 4438 1086 4494 sed
1119 4441 1275 4494 etiam
1322 4438 1487 4494 fortes
1516 4455 1580 4496 ac
1623 4442 1846 4498 validos.

275 4527 391 4581 lIoc
415 4527 558 4581 enim
607 4528 708 4582 sibi
740 4529 849 4582 vult
907 4529 1054 4594 illud,
1087 4529 1372 4598 Confortati
1397 4540 1533 4585 sunt.
1573 4529 1845 4602 Duplicem

273 4630 454 4672 autem
486 4619 615 4674 dicit
663 4621 1087 4692 prosperitatem,
1138 4623 1489 4679 multitudinis
1539 4626 1761 4689 scilicet,
1795 4635 1849 4681 et

275 4710 489 4764 roboris
524 4711 927 4766 incrementum.
957 4712 1250 4780 Enurrexi,
1277 4725 1321 4768 et
1345 4715 1515 4769 adhuc
1534 4733 1645 4769 sum
1663 4725 1845 4771 tecum.

273 4802 446 4866 Alius,
480 4801 773 4870 Excitabor,
798 4813 845 4862 et
869 4820 956 4858 ero
977 4821 1169 4876 semper
1187 4815 1365 4860 tecum.

345 4893 402 4946 5.
443 4891 559 4946 Non
595 4901 676 4947 est
714 4893 817 4950 hoc
854 4909 1070 4966 parvum
1102 4895 1306 4966 signum
1335 4897 1575 4964 virtutis,
1610 4898 1660 4954 in
1687 4899 1848 4954 rebus

274 4983 525 5038 secundis
572 4984 818 5038 virtutem
867 4995 1122 5055 perpetuo
1166 5002 1502 5043 conservare.
1546 4986 1724 5050 Multi}
1769 4990 1848 5044 in-

272 5078 417 5140 qmt,
475 5089 595 5128 cum
646 5089 734 5129 res
784 5075 862 5130 eis
906 5077 1153 5131 secundae
1204 5079 1536 5141 evenissent,
1586 5081 1658 5134 tui
1697 5079 1847 5134 obliti

272 5173 419 5218 sunt.
453 5165 520 5218 At
545 5180 653 5219 non
683 5177 814 5233 ego,
843 5166 1049 5235 inquit,
1081 5167 1176 5222 sed
1201 5168 1357 5222 etiam
1384 5185 1503 5222 cum
1533 5169 1803 5223 exsurrexi
1829 5212 1846 5236 ,

272 5256 380 5310 hoc
415 5264 528 5318 est,
559 5272 679 5312 cum
710 5273 825 5312 sum
856 5258 1106 5314 liberatus
1133 5274 1162 5312 a
1191 5260 1376 5324 malis,
1407 5275 1617 5328 semper
1643 5276 1738 5314 ero
1766 5269 1846 5315 te-

264 5363 417 5402 cum.
461 5347 548 5402 19.
577 5349 637 5403 Si
665 5348 934 5415 occideris,
967 5346 1134 5410 Deus,
1163 5362 1458 5419 peccatores.
1491 5348 1606 5404 Non
1637 5350 1736 5404 hoc
1765 5351 1847 5404 di-

261 5444 337 5495 cit
359 5481 376 5502 ,
414 5441 468 5496 Si
510 5441 804 5505 occideris,
846 5450 968 5495 tunc
995 5457 1086 5496 ero
1113 5453 1286 5496 tecum
1320 5461 1331 5494 :
1359 5442 1450 5496 sed
1477 5443 1604 5495 iilud
1632 5443 1844 5513 quidem
1909 5496 1913 5498 _

329 5551 407 5615 (τι)
442 5559 550 5602 tunc
573 5552 914 5615 Interpretatio
937 5559 1013 5601 est
1034 5553 1315 5615 Symmachi.

327 5612 403 5675 Ut)
437 5617 523 5662 llic
544 5615 795 5674 interpres
813 5614 924 5675 «ptis
944 5615 1007 5663 sit
1029 5612 1260 5663 acscitur.

327 5617 383 5671 ιο
437 5617 523 5662 llic
544 5617 795 5674 interpres
813 5617 924 5675 (ptis
944 5617 1007 5663 sit
1029 5617 1260 5663 nescitur.

325 5617 403 5736 (ei
435 5681 546 5725 Haec
563 5675 901 5735 interpretatio
925 5681 998 5725 est
1015 5675 1284 5736 Symmachi.

1343 320 1696 378 EXPOSITIO
1737 321 1799 375 IN
1840 321 2162 380 PSALMUM
2193 325 2520 385 CXXXVIII.

3433 348 3539 405 418

1970 439 2126 493 etiam
2173 441 2371 511 absque
2419 444 2518 499 hoc
2557 447 2831 515 promisit;
2875 451 3002 518 petit
3041 461 3216 508 autem
3261 453 3362 512 hoc
3387 456 3538 529 fieri,

1968 543 2071 580 non
2101 539 2156 582 ut
2182 529 2358 585 deleat
2388 533 2657 589 hominum
2686 538 3030 594 substantiam
3051 583 3066 607 ,
3099 542 3192 597 sed
3220 554 3278 598 ιιι
3304 559 3396 599 eos
3416 561 3538 603 mu-

1965 626 2039 674 tet
2067 635 2096 672 a
2125 634 2339 688 peccato
2370 625 2421 678 in
2445 626 2721 692 justitiam.
2750 630 2862 684 Non
2883 633 3016 686 dixit
3030 636 3192 698 enim.
3216 637 3270 692 Si
3294 638 3536 696 homines

1963 711 2171 765 occidas
2196 753 2210 778 ,
2243 714 2336 767 sed
2362 757 2376 777 ,
2408 714 2720 774 Peccatores.
2766 723 2912 776 Alius
2946 734 3118 779 autem
3159 742 3254 795 pro
3292 743 3357 784 eo
3393 731 3531 798 quod

1962 812 2076 868 est,
2120 802 2446 872 Peccatores,
2482 809 2641 874 dixit,
2689 809 3122 882 Transgressorem
3165 815 3262 885 (α),
3313 819 3534 889 loquens

1959 891 2026 945 de
2055 891 2292 949 hostibus
2312 896 2587 950 simulacra
2612 899 2976 958 adorantibus.

2041 980 2148 1034 Viri
2165 987 2464 1055 sanguinum
2484 988 2708 1058 fugiendi
2727 1003 2746 1051 ;
2775 989 2988 1058 improbi
3011 992 3217 1054 vitandi.
3249 996 3331 1050 lea:
3356 1015 3496 1066 sepes
3509 1017 3534 1066 ;

1957 1069 2256 1136 Iudaeorum
2291 1076 2710 1131 mutabilitas.—-
2731 1078 2835 1131 Viri
2853 1082 3152 1150 sanguiuum
3175 1124 3190 1149 ,
3219 1087 3461 1143 declinata
3498 1108 3531 1144 α

1958 1177 2054 1215 me.
2090 1162 2242 1217 Viros
2279 1169 2591 1234 sanguinttm
2630 1167 2757 1221 dicit
2798 1169 3016 1226 sicarios
3040 1212 3054 1235 ,
3103 1175 3390 1244 homicidas
3413 1218 3431 1244 ,
3473 1190 3530 1235 et

1956 1255 2045 1323 qui
2089 1257 2234 1309 caede
2272 1256 2534 1312 laetantur.
2565 1258 2679 1314 Non
2708 1271 2788 1314 est
2812 1271 2985 1316 autem
3014 1263 3097 1318 hic
3117 1242 3308 1335 parvus
3334 1242 3527 1338 gradus

1957 1344 2021 1396 ad
2068 1345 2444 1400 incrementum
2486 1349 2691 1404 virtutis
2735 1350 2915 1420 fugere
2959 1362 3012 1406 et
3055 1356 3262 1411 resilire
3289 1358 3355 1411 ab
3385 1360 3528 1427 ejus-

1957 1433 2099 1487 modi
2143 1435 2415 1489 hominum
2459 1439 2939 1507 congressionibus.
2969 1439 3168 1498 Deinde
3194 1447 3528 1517 subjungitur

1943 1523 2107 1578 etiam
2131 1537 2295 1578 causa
2323 1542 2334 1577 :
2359 1524 2448 1579 20.
2472 1526 2608 1592 Quia
2631 1527 2852 1598 litigiosi
2875 1531 3000 1582 estis
3021 1525 3073 1582 in
3096 1533 3522 1600 cogitationibus.

1945 1615 2120 1681 Alius,
2139 1615 2244 1680 Qui
2263 1616 2510 1671 adversus
2525 1630 2572 1673 te
2587 1621 2832 1674 dixerunt
2857 1624 3222 1691 cogitationem
3237 1622 3331 1692 (bl.
3352 1627 3524 1689 Alius,

1955 1703 2206 1768 Quoniam
2244 1706 2657 1760 exat-citaverunt
2699 1717 2746 1760 te
2772 1710 2822 1760 in
2849 1712 2978 1762 malo
2999 1711 3226 1766 consilio.
3254 1713 3382 1769 Vide
3400 1730 3524 1772 eum

1952 1809 2055 1847 non
2079 1811 2318 1864 qumrerc
2347 1796 2485 1866 quod
2523 1813 2674 1851 suum
2703 1808 2783 1853 est
2805 1841 2820 1865 ,
2844 1800 2934 1853 sed
2960 1812 3173 1870 propter
3201 1804 3308 1858 Deo
3334 1806 3524 1861 factam

1951 1883 2195 1954 injuriam
2243 1888 2485 1955 resilire,
2528 1897 2583 1942 et
2625 1889 2804 1959 fugere
2828 1891 3038 1946 illorum
3067 1898 3523 1952 consuetudinem.

1950 1975 2062 2031 Hoc
2102 1979 2242 2031 enim
2285 1977 2482 2033 Judteis
2521 1979 2618 2034 fuit
2659 1997 2814 2036 causa
2861 1984 3135 2050 interitus,
3171 1988 3309 2056 quod
3348 2004 3527 2043 versa-

1951 2076 2133 2121 rentur
2159 2083 2278 2121 cum
2300 2070 2571 2137 improbis.
2595 2070 2853 2138 Quocirca
2876 2073 3044 2142 legem
3073 2092 3283 2146 quoque
3303 2093 3524 2149 accepe-

1948 2165 2072 2210 runt
2091 2199 2106 2222 ,
2137 2158 2327 2228 aclege
2352 2161 2733 2228 separabantur
2757 2161 2824 2216 ab
2852 2164 2949 2225 eis,
2975 2174 3028 2218 et
3063 2165 3386 2233 jubebantur
3429 2185 3524 2225 eo—

1948 2261 2066 2301 rum
2093 2249 2261 2304 vitare
2281 2252 2556 2321 conjugia,
2580 2268 2808 2322 cumque
2836 2264 2960 2310 tunc
2987 2258 3242 2313 exiissent
3262 2263 3329 2314 ab
3357 2259 3523 2331 Egy-
3546 2311 3549 2330 ρ

1949 2346 2067 2408 pto,
2092 2340 2434 2412 quadraginta
2476 2345 2628 2400 anuis
2655 2347 2878 2402 seorsim
2900 2347 3110 2403 fuerunt
3137 2352 3187 2405 in
3215 2352 3520 2408 solitudine.
3543 2337 3545 2345 Ι

1948 2431 2200 2498 Quocirca
2244 2433 2328 2487 lex
2370 2436 2732 2504 appellabatur
2767 2453 2953 2508 sepes,
2994 2440 3134 2508 quod
3174 2458 3267 2496 eos
3295 2445 3524 2515 undique

1947 2519 2334 2587 circumdaret,
2364 2532 2624 2579 eteorum
2653 2527 3090 2584 consuetudinem
3118 2545 3237 2583 cum
3266 2532 3416 2588 malis
3435 2548 3525 2587 co-

1948 2617 2153 2663 erceret
2183 2627 2196 2662 :
2239 2621 2392 2666 erant
2430 2613 2571 2668 enim
2618 2629 2803 2669 eorum
2835 2631 3008 2671 mores
3031 2629 3184 2688 captu
3212 2635 3273 2674 ac
3298 2623 3525 2676 circum-

1947 2702 2148 2770 scriptu
2188 2701 2368 2757 faciles
2390 2744 2405 2767 ,
2449 2712 2502 2758 et
2527 2706 2823 2760 mutabiles.
2855 2705 3112 2777 Accipient
3139 2710 3190 2762 in
3210 2711 3428 2764 vanitate
3449 2712 3522 2765 ei-

1947 2793 2118 2846 vitates
2161 2802 2291 2848 tuas.
2335 2794 2484 2849 Alius
2505 2836 2519 2861 ,
2556 2795 2694 2850 Vane
2727 2797 2845 2851 elati
2878 2810 2994 2852 sunt
3020 2802 3184 2854 remuli
3212 2803 3302 2855 tui.
3331 2803 3511 2868 Alius,

1949 2877 2150 2933 Inimici
2191 2884 2281 2935 tui.
2317 2883 2600 2953 Propterea
2632 2884 2763 2956 fugit
2783 2895 2836 2941 et
2863 2887 3067 2954 resilit,
3094 2889 3234 2960 quod
3260 2891 3514 2948 adversus

1950 2971 2039 3026 Dei
2083 2973 2303 3043 gloriam
2353 2975 2476 3029 elati
2523 2984 2680 3040 sunt,
2726 2977 2867 3046 quod
2907 2991 2967 3033 se
3004 2979 3182 3049 inique
3206 2991 3518 3050 gesserunt,

1948 3063 2088 3132 quod
2136 3065 2293 3118 verba
2340 3064 2645 3134 blaSphema
2682 3066 2884 3136 loquuli
2928 3077 3070 3124 sunt.
3112 3069 3203 3124 21.
3237 3070 3418 3126 Nonne
3439 3074 3526 3142 qui

1947 3155 2157 3208 oderunt
2178 3166 2224 3209 te
2244 3198 2260 3222 ,
2291 3155 2500 3210 Domine
2519 3199 2535 3224 ,
2561 3157 2763 3212 oderam
2781 3201 2797 3225 ,
2820 3167 2866 3212 et
2893 3175 3043 3228 super
3061 3161 3286 3216 inimicos
3311 3173 3420 3216 tuos
3448 3173 3525 3218 ta-

1947 3247 2194 3302 bescebain
2212 3248 2237 3300 .’
2262 3247 2348 3301 22.
2380 3247 2609 3318 Perfecto
2637 3248 2753 3303 odio
2779 3250 2982 3303 oderam
3006 3249 3120 3304 illos
3151 3271 3169 3305 .-
3196 3253 3382 3306 inimici
3401 3254 3524 3322 [acti

1947 3348 2061 3390 sunt
2105 3339 2247 3391 milii.
2294 3338 2364 3393 Ita
2407 3341 2566 3394 etiam
2607 3340 2748 3396 Deus
2791 3341 3054 3410 pollicitus
3081 3350 3162 3396 est
3190 3359 3249 3398 se
3278 3344 3522 3400 hostibus

1949 3428 2152 3483 hostem
2201 3430 2475 3497 futurum,
2524 3439 2577 3484 et
2619 3430 2936 3486 adversariis
2989 3433 3218 3487 futurum
3267 3434 3521 3489 adversa-

1950 3523 2105 3575 rium.
2154 3522 2277 3576 Ilarc
2318 3523 2458 3576 enim
2505 3532 2624 3578 sunt
2668 3525 2896 3579 maxime
2939 3525 3086 3595 signa
3111 3527 3376 3581 amicitim.
3410 3527 3525 3598 Ipse

1949 3613 2124 3681 itaque
2156 3613 2263 3666 Deo
2291 3629 2384 3681 per
2407 3621 2687 3685 utrumque
2707 3615 2872 3670 vicem
2895 3616 3084 3671 reddit.
3110 3617 3364 3686 Superius
3381 3619 3524 3673 enim

1947 3705 2112 3771 dixit,
2144 3705 2273 3759 Mihi
2290 3716 2453 3759 autem
2479 3707 2624 3760 valde
2647 3707 2875 3761 honorati
2899 3717 3014 3762 sunt
3033 3710 3183 3762 amici
3211 3712 3316 3773 tui,
3352 3707 3526 3776 Deus;

1948 3795 2034 3850 hic
2063 3806 2240 3850 autem
2264 3837 2279 3862 ,
2314 3797 2414 3850 Eos
2435 3798 2520 3866 qui
2539 3808 2585 3850 lc
2603 3798 2813 3851 oderunt
2837 3799 2921 3852 odi
2943 3815 2962 3852 :
2985 3799 3087 3854 illic
3107 3815 3264 3869 supra
3288 3801 3520 3867 modum,

1948 3899 2004 3943 et
2047 3890 2132 3944 hic
2160 3904 2366 3959 quoque
2395 3905 2553 3959 supra
2584 3891 2818 3944 modum.
2847 3890 2963 3946 Non
2993 3892 3160 3945 solum
3187 3892 3328 3950 enim
3355 3891 3521 3958 dicit,

1951 3979 2188 4045 Oderam,
2219 3980 2310 4033 scd
2341 3981 2521 4044 etiam,
2552 3977 2883 4033 Tubescebam
2904 4021 2917 4033 .
2942 3981 3032 4034 25.
3053 3979 3223 4034 Proba
3245 3999 3339 4046 me,
3368 3980 3521 4046 Deus,

1949 4081 1994 4124 et
2026 4071 2148 4123 scito
2191 4084 2277 4122 cor
2316 4086 2498 4122 meum.
2541 4069 2808 4139 Interroga
2845 4087 2952 4133 me,
2986 4078 3031 4123 et
3057 4087 3299 4139 cognosce
3321 4072 3523 4125 semitas

1949 4178 2083 4214 meas
2124 4175 2141 4213 :
2179 4159 2266 4214 24.
2301 4171 2345 4213 et
2369 4161 2479 4213 vide
2501 4159 2542 4215 si
2568 4161 2647 4214 via
2671 4160 2946 4229 iniquitatis
2973 4160 3024 4212 in
3052 4176 3131 4213 me
3154 4169 3260 4226 est,
3292 4169 3338 4212 et
3364 4161 3526 4213 deduc

1948 4267 2026 4303 me
2064 4250 2116 4303 in
2159 4251 2238 4303 via
2273 4259 2477 4303 caterua.
2523 4251 2679 4320 Atqui
2714 4249 2848 4304 dixit
2878 4251 2932 4303 in
2958 4248 3217 4320 principio
3248 4268 3260 4303 :
3292 4249 3526 4307 Prolrasti

1953 4355 2061 4406 me,
2097 4349 2142 4393 et
2171 4341 2440 4410 cognovisti
2464 4356 2560 4393 me.
2590 4338 2671 4394 Tu
2699 4341 2971 4410 cognovisti
2998 4340 3264 4394 sessionem
3289 4358 3449 4394 meam
3478 4351 3526 4396 et

1949 4431 2354 4484 resurrectionem
2395 4445 2574 4483 meam.
2621 4429 2922 4484 Intellexisti
2953 4431 3274 4500 cogitationes
3302 4449 3436 4486 meas
3463 4434 3525 4488 de

1952 4521 2099 4590 longe
2135 4535 2154 4574 :
2191 4521 2416 4574 semitam
2442 4537 2602 4574 meam
2629 4529 2674 4574 et
2704 4520 2983 4590 funiculum
3011 4537 3172 4574 meum
3195 4522 3521 4596 investignsti.

1949 4608 2017 4663 Et
2037 4627 2206 4664 omnes
2231 4613 2334 4664 vias
2360 4611 2648 4682 proscidisti.
2675 4609 2750 4665 Tu
2769 4611 3042 4681 cognovisti
3068 4613 3236 4666 omnia
3257 4616 3525 4669 novissima

1951 4709 1999 4754 et
2026 4701 2247 4768 antiqua.
2276 4701 2554 4768 Quomodo
2583 4717 2711 4770 ergo
2737 4701 2824 4758 hic
2851 4718 3033 4770 rursus
3062 4704 3223 4772 dicit,
3255 4699 3522 4776 tulitquam

1951 4790 2183 4844 nondum
2211 4791 2462 4860 probatus
2485 4831 2501 4855 ,
2533 4790 2701 4845 Proba
2729 4791 2851 4845 me?
2879 4791 3040 4848 Vides
3065 4795 3331 4863 quomodo
3363 4797 3527 4864 utitur

1952 4879 2196 4934 humanis
2222 4880 2538 4936 dictionibus
2556 4923 2572 4948 ,
2605 4897 2710 4936 non
2732 4893 2786 4936 ut
2812 4881 2863 4936 in
2885 4898 2944 4937 ea
2969 4883 3168 4938 vilitate
3191 4900 3520 4946 maneamus,

1951 4971 2044 5026 sed
2087 4982 2144 5026 ut
2167 4986 2285 5026 cum
2316 4973 2424 5027 Deo
2450 4973 2662 5044 dignam
2691 4974 3062 5044 cogitationem
3087 4990 3186 5046 per
3209 4976 3384 5028 omnia
3412 4975 3525 5028 col-

1951 5063 2266 5133 legerimus.
2310 5064 2377 5119 ad
2426 5065 2584 5118 altam
2630 5066 3050 5121 conscendamus
3098 5066 3521 5136 intelligentiam.

1951 5153 2088 5209 Petit
2129 5155 2268 5210 enim
2307 5165 2365 5210 ut
2406 5158 2655 5225 probetur
2694 5164 2749 5210 et
2789 5156 3148 5220 examinetur,
3189 5171 3296 5209 non
3328 5163 3384 5208 ut
3409 5155 3524 5224 ejus

1951 5259 2044 5298 cor
2090 5255 2402 5314 cognoscat,
2450 5245 2542 5316 qui
2592 5253 2716 5299 ante
2757 5247 2930 5299 omnia
2962 5247 3138 5310 novit,
3167 5247 3325 5299 etiam
3354 5247 3524 5315 prius-

1951 5351 2104 5401 quam
2152 5337 2509 5405 gignerentur,
2533 5334 2623 5391 sed
2666 5345 2722 5389 ut
2758 5350 2856 5390 nos
2895 5349 3272 5405 cognoscamus
3295 5377 3308 5397 .
3340 5336 3430 5406 qui
3458 5353 3523 5392 ex

1951 5441 2124 5478 rerum
2157 5427 2297 5478 exitu
2340 5425 2613 5478 discimus.
2658 5425 2766 5478 lIoc
2799 5427 2938 5478 enim
2979 5423 3080 5479 sibi
3106 5427 3214 5479 vult
3244 5428 3328 5483 hic
3358 5428 3481 5482 illud
3505 5469 3522 5498 ,

2012 5560 2084 5631 ςςι)
2115 5565 2224 5631 ttaec
2245 5557 2361 5631 item
2383 5556 2726 5631 interpretatio
2738 5563 2822 5631 est
2836 5557 3139 5631 symmetria
3160 5621 3170 5631 .

1954 5687 1970 5729 ι
2012 5619 2083 5680 to)
2117 5626 2225 5728 me:
2247 5630 2441 5680 quoque
2467 5619 2804 5680 interpretatio
2823 5626 2898 5668 est
2914 5620 3192 5682 symmachi.
3208 5628 3425 5685 Sequens
3439 5636 3517 5674 att-

1977 5693 2054 5729 em
2079 5693 2178 5742 quit
2219 5691 2277 5726 ω.
2757 5693 2760 5696 ‘
