4012 6280
539 287 644 345 419

542 402 706 456 Proba
735 414 829 452 me.
867 395 930 450 Et
959 393 1069 447 vide
1095 391 1139 446 si
1167 391 1244 445 via
1269 389 1543 460 iniquitatis
1569 387 1620 440 in
1649 402 1725 439 me
1752 396 1822 440 est
1844 424 1858 449 ,
1881 394 1927 438 et
1953 384 2110 436 deduc

535 509 618 547 me
638 490 690 542 in
717 488 794 542 via
817 498 1025 540 interna.

617 579 709 632 Via
752 588 937 634 aeterna
973 575 1054 626 ria
1076 571 1287 626 virtutis.
1314 599 1385 610 —
1407 569 1661 636 Quaanam
1713 573 1796 620 est
1821 572 1997 618 autem
2030 563 2110 616 via

537 683 736 727 attenta
760 709 774 728 .
819 666 917 720 nisi
961 661 1281 732 Spiritualis,
1321 669 1375 714 et
1412 673 1529 728 quae
1555 656 1699 710 ducit
1719 655 1771 710 in
1798 665 1986 710 caelum
2015 693 2031 718 ,
2060 661 2114 708 et

538 760 687 830 cujus
731 774 833 812 non
863 767 944 811 est
973 753 1135 808 linis?
1162 753 1276 806 Alia
1303 751 1444 805 enim
1476 748 1653 802 omnia
1683 754 1806 800 sunt
1836 745 2032 800 caduca
2060 755 2115 798 et

541 860 908 906 momentanea
933 889 948 912 ,
996 856 1050 901 et
1097 845 1200 898 vita
1239 842 1488 912 praesenti
1533 837 1938 895 concluduntur.
1970 837 2112 903 Quo-

537 952 675 998 circa
715 941 958 996 omnibus
985 935 1352 1006 prazlermissis
1381 934 1520 986 illam
1549 929 1739 1001 quaerit
1766 945 1883 1000 quae
1912 938 1993 983 est
2017 927 2115 981 im-

539 1033 809 1095 mortalis,
857 1045 974 1098 qua:
1016 1036 1097 1081 est
1142 1024 1474 1079 interminata
1499 1062 1517 1087 ,
1563 1038 1681 1091 quae
1719 1020 1784 1073 ad
1825 1019 1980 1073 finem
2007 1031 2113 1071 non

539 1123 794 1192 pervenit.
841 1117 1118 1185 Quomodo
1155 1124 1330 1169 autem
1373 1113 1663 1168 deducetur
1686 1111 1805 1180 quis
1830 1110 1896 1162 ad
1923 1104 2112 1162 illam?

537 1215 594 1270 Si
637 1214 729 1267 Dei
784 1211 977 1266 auxilio
1007 1208 1239 1271 fruatur,
1269 1216 1317 1260 et
1351 1220 1413 1259 ea
1440 1221 1556 1271 quae
1582 1218 1675 1257 sua
1697 1210 1819 1256 sunt
1843 1197 2074 1256 conferai
2094 1238 2110 1264 ,

539 1305 784 1357 virtutem
829 1311 1175 1370 persequens,
1229 1293 1572 1363 philoSOphize
1601 1291 1842 1356 deditus,
1874 1301 1928 1344 et
1957 1289 2114 1342 rebus

547 1406 664 1461 quae
711 1389 774 1442 ad
825 1387 962 1442 hanc
1005 1387 1161 1438 vitam
1211 1383 1510 1452 pertinent,
1560 1379 1824 1434 excelsior
1871 1377 2111 1432 effectus.

537 1484 666 1550 Qum
713 1480 852 1534 enim
899 1477 966 1532 ad
1013 1477 1156 1530 illam
1185 1475 1344 1527 vitam
1372 1471 1670 1541 pertinent,
1699 1485 1804 1522 non
1830 1478 1954 1522 sunt
1975 1466 2113 1520 fluxa

536 1579 591 1626 et
629 1576 1018 1624 momentanea.
1057 1566 1234 1620 Virtus
1272 1577 1498 1632 namque
1527 1561 1646 1615 talis
1670 1569 1754 1614 est
1783 1577 1796 1612 :
1826 1559 1982 1612 habet
2006 1559 2116 1611 fru-

534 1669 650 1716 ctus
666 1660 753 1728 qui
783 1665 1040 1727 perpetuo
1070 1655 1283 1718 florent,
1303 1663 1358 1706 et
1383 1667 1668 1721 numquam
1696 1649 2034 1711 flaccescunt,
2060 1657 2115 1702 et

537 1752 673 1806 bona
704 1749 1026 1805 immortalia
1055 1762 1085 1800 a
1117 1747 1220 1800 line
1244 1745 1387 1798 etab
1413 1744 1626 1799 interitu
1660 1746 1875 1796 omnino
1896 1741 2066 1795 aliena
2096 1757 2110 1795 :

539 1857 657 1910 quae
699 1839 854 1894 detur
897 1837 1050 1892 nobis
1095 1835 1339 1889 omnibus
1378 1832 1664 1900 consequi,
1693 1833 1859 1901 gratia
1887 1841 1940 1884 et
1967 1829 2115 1884 beni-

541 1931 742 2001 gnitate
781 1926 984 1981 Domini
1028 1924 1193 1979 nostri
1217 1922 1346 1977 Jesu
1371 1920 1601 1985 Christi,
1632 1921 1716 1975 cui
1743 1920 1905 1990 gloria
1934 1928 1985 1974 et
2012 1920 2114 1972 iiii-

541 2020 745 2090 perium
768 2057 785 2084 ,
833 2030 975 2070 nunc
1015 2023 1069 2069 et
1106 2028 1318 2082 semper
1343 2052 1360 2077 ,
1401 2020 1456 2067 et
1481 2011 1532 2064 in
1559 2010 1750 2065 saecula
1775 2011 2110 2064 sicculorum.

539 2109 732 2164 Amen.

960 2235 1029 2291 IN
1052 2233 1367 2290 PSALMUM
1397 2232 1684 2288 CXXXIX.

539 2351 594 2404 2.
639 2347 792 2418 Eripe
831 2363 936 2415 me,
975 2345 1217 2408 Domine.
1246 2345 1306 2398 ab
1329 2345 1527 2398 homine
1549 2343 1682 2398 malo
1710 2359 1725 2398 :
1752 2359 1785 2397 a
1813 2344 1918 2398 uiro
1942 2344 2113 2415 iniquo

1195 2451 1329 2504 eripe
1355 2450 1452 2488 me.

613 2548 662 2600 l.
700 2545 940 2599 Voluntas
970 2547 1104 2598 mala
1141 2545 1390 2598 hominem
1434 2546 1652 2617 pejorent
1681 2546 1801 2617 facit
1836 2546 1991 2616 feris;
2019 2547 2112 2600 ho-

541 2637 662 2690 mini
703 2637 908 2688 noxinm
929 2636 1057 2688 nihil
1079 2645 1259 2704 praeter
1279 2645 1572 2705 peccatum;
1601 2636 1748 2691 homo
1778 2637 1983 2690 vitiosus
2007 2639 2114 2708 fera

539 2727 831 2796 improbior.
860 2756 932 2766 ——
962 2726 1058 2781 Uhi
1097 2742 1236 2780 nunc
1274 2735 1398 2781 sunt
1422 2728 1509 2796 qui
1537 2728 1720 2782 dicunt
1745 2768 1760 2793 ,
1791 2728 1966 2795 Quare
1988 2735 2114 2783 sunt

539 2820 700 2874 ferte?
745 2834 910 2890 quare
947 2818 1178 2887 scorpii?
1219 2833 1384 2888 quare
1431 2818 1666 2888 viperae?
1692 2818 1831 2874 Ecce
1855 2819 1998 2874 enim
2027 2819 2113 2873 in-

539 2921 750 2966 ventum
797 2919 878 2965 est
925 2910 1154 2974 animal,
1197 2909 1337 2979 quod
1365 2909 1620 2978 majorem
1648 2909 1882 2964 ostendit
1911 2910 2113 2978 impro-

539 3003 754 3060 bitatem
776 3045 791 3069 ,
833 3017 940 3056 non
971 3017 1036 3057 ex
1066 3014 1249 3055 natura
1270 3041 1285 3065 ,
1328 3001 1420 3056 sed
1452 3017 1516 3055 ex
1547 3000 1710 3055 libera
1738 3000 1905 3055 animi
1930 3001 2116 3056 volun-

539 3101 680 3159 tate,
713 3108 900 3161 nempe
931 3091 1109 3145 homo.
1142 3084 1268 3143 Ideo
1287 3086 1549 3157 propheta
1585 3106 1797 3162 quoque
1821 3091 1922 3145 iliis
1943 3092 2116 3146 omni-

547 3185 646 3238 bus
697 3182 1101 3252 praetermissis,
1153 3188 1302 3251 rogat
1351 3189 1406 3233 ut
1448 3179 1515 3232 ah
1550 3191 1617 3234 eo
1655 3176 1937 3236 liberatur.
1979 3179 2116 3250 Quid

542 3291 702 3344 ergo,
743 3275 830 3328 dic
880 3273 1041 3340 mihi,
1080 3287 1300 3343 quasso,
1339 3273 1589 3343 quoniam
1635 3270 1680 3326 is
1723 3271 1840 3325 talis
1863 3281 1977 3338 est,
2010 3288 2114 3327 non

545 3364 776 3433 oportuit
815 3364 954 3433 gigni
997 3348 1274 3418 homines?
1319 3361 1425 3418 Sed
1466 3373 1718 3417 extremae
1758 3369 1840 3417 est
1871 3363 2116 3418 amentiae

540 3453 642 3510 hoc
686 3455 892 3508 discere
934 3470 948 3505 :
995 3453 1124 3507 nihil
1169 3454 1308 3508 enim
1339 3462 1422 3507 est
1446 3452 1587 3523 quod
1615 3451 1771 3506 laedat
1800 3451 2070 3508 hominem
2096 3493 2113 3521 ,

539 3543 640 3598 nisi
671 3542 844 3596 solum
875 3551 1148 3611 peccatum
1183 3559 1198 3596 :
1227 3557 1292 3597 eo
1317 3553 1492 3598 autem
1517 3543 1726 3598 sublato
1748 3584 1762 3608 ,
1791 3544 1968 3599 omnia
1993 3555 2118 3600 sunt

538 3633 712 3691 facilia
736 3674 750 3698 ,
796 3633 1037 3704 expedita
1057 3674 1073 3699 ,
1117 3649 1179 3689 ac
1207 3635 1484 3704 tranquilla
1517 3651 1530 3688 :
1559 3635 2002 3707 quemadmodum
2023 3678 2038 3701 ,
2070 3637 2117 3692 si

537 3727 592 3782 id
637 3727 804 3793 adsit,
831 3735 954 3780 sunt
980 3727 1156 3781 omnia
1187 3728 1425 3796 scopuli,
1449 3736 1791 3798 tempestates
1819 3739 1872 3784 et
1899 3729 2116 3784 naufra-

537 3818 641 3887 gia.
684 3817 852 3872 Nemo
892 3827 1070 3871 autem
1114 3832 1212 3871 nos
1240 3817 1590 3886 condemnet,
1619 3819 1663 3873 si
1693 3818 1929 3874 dicamus
1956 3821 2116 3874 vitio-

539 3923 655 3963 sum
699 3907 966 3962 hominem
1012 3921 1131 3962 esse
1158 3906 1268 3961 fera
1299 3907 1676 3978 improbiorem
1707 3925 1721 3962 :
1752 3923 1813 3963 ea
1840 3910 1982 3964 enim
2014 3910 2114 3965 etsi

547 4000 836 4053 naturalem
881 4015 986 4053 non
1032 3999 1190 4053 habet
1217 4000 1675 4056 mansuetudinem
1700 4041 1714 4066 ,
1744 4010 1916 4071 potest
1941 4009 2116 4058 tamen

540 4089 696 4144 facile
739 4089 950 4161 decipi,
995 4098 1049 4144 et
1094 4090 1146 4145 id
1189 4090 1329 4159 quod
1363 4100 1481 4160 est,
1511 4107 1629 4148 esse
1656 4093 1892 4150 cernitur
1917 4113 1929 4148 :
1959 4095 2118 4150 homo

539 4192 715 4236 autem
760 4197 848 4252 qui
893 4182 1068 4237 scelus
1113 4182 1399 4238 meditatur
1437 4225 1450 4250 ,
1477 4193 1533 4239 et
1558 4184 1739 4239 multis
1764 4200 1822 4240 se
1848 4185 2006 4241 larvis
2032 4187 2116 4241 in-

539 4272 698 4338 duit,
745 4273 900 4342 longe
942 4272 1208 4328 difficilius
1256 4274 1569 4330 observatur
1608 4283 1662 4329 et
1706 4285 1920 4331 cavetur
1961 4292 2117 4347 quam

545 4363 685 4427 fera,
731 4373 787 4416 ut
830 4364 918 4432 qui
964 4365 1079 4419 ovis
1124 4365 1318 4435 pellem
1349 4382 1492 4435 saepe
1522 4382 1630 4436 prae
1657 4381 1716 4420 se
1747 4347 1914 4434 fera‘t,
1938 4368 2118 4440 lupum

542 4462 718 4506 autem
745 4452 883 4507 intus
906 4455 1128 4508 occultet
1161 4471 1174 4507 :
1205 4464 1258 4510 et
1280 4456 1401 4510 ideo
1419 4457 1592 4524 multi,
1617 4456 1742 4510 dum
1774 4472 1877 4511 non
1903 4467 2115 4525 cavent,

547 4541 600 4596 in
651 4542 909 4610 ejusmodi
962 4541 1234 4597 hominum
1294 4545 1512 4616 laqueos
1559 4546 1813 4600 incidunt.
1859 4547 2119 4615 Quoniam

543 4645 673 4702 ergo
701 4646 805 4684 non
831 4630 982 4686 facile
1007 4632 1329 4702 deprehendi
1371 4648 1590 4704 possunt
1619 4637 1877 4704 ejusmodi
1906 4638 2117 4706 bestize,

543 4722 800 4792 propheta
844 4721 910 4776 ad
941 4737 1124 4791 preces
1153 4727 1478 4778 convertitur
1503 4767 1516 4790 ,
1549 4736 1603 4779 et
1632 4727 1722 4781 Dei
1751 4727 1998 4796 implorat
2021 4743 2119 4780 au-

541 4814 725 4868 xilium
749 4854 763 4878 ,
794 4821 848 4866 ut
876 4828 904 4866 a
934 4812 1123 4866 talibus
1152 4813 1404 4868 liberetur
1433 4816 1655 4870 insidiis.
1685 4817 1953 4886 Ejusmodi
1979 4818 2118 4872 enim

543 4904 786 4960 homines
815 4918 956 4972 saepe
983 4903 1125 4958 subit
1149 4903 1420 4970 diabolus,
1455 4914 1508 4960 et
1537 4907 1604 4959 ita
1637 4906 1776 4960 ferit.
1809 4907 1965 4961 Multa
1992 4921 2119 4976 ergo

541 5005 666 5053 sunt
685 5037 702 5063 ,
733 5012 849 5065 qure
878 4995 1098 5051 tendunt
1125 4997 1354 5065 undique
1385 4997 1621 5051 insidias.
1655 4997 1784 5051 Nam
1814 5001 1973 5052 homo
2000 5013 2120 5053 sce-

541 5090 740 5144 leratus
784 5088 883 5142 hoc
930 5087 1082 5150 facit,
1114 5099 1164 5142 et
1195 5105 1366 5143 saevus
1391 5090 1597 5142 daemon
1632 5091 1827 5145 bellum
1859 5093 2033 5162 gerit,
2064 5104 2118 5149 et

541 5179 873 5235 intoleranda
905 5181 1125 5234 tentatio
1156 5179 1452 5232 molestiam
1476 5181 1710 5233 exhibet.
1735 5181 1996 5248 Quocirca
2025 5183 2119 5236 do-

540 5287 724 5327 cernar
747 5279 959 5325 orantes
987 5270 1162 5324 dicere
1184 5310 1198 5333 ,
1233 5268 1314 5322 Ne
1343 5286 1432 5322 nos
1456 5269 1665 5323 inducas
1691 5272 1740 5323 in
1775 5274 2117 5340 leutationem,

539 5363 629 5416 sed
656 5362 809 5416 libera
837 5379 927 5416 nos
956 5373 988 5414 a
1021 5362 1153 5414 malo
1185 5361 1395 5430 (Ma'tlz.
1431 5363 1484 5415 6.
1520 5363 1628 5431 15).
1661 5362 1835 5417 Varia:
1868 5375 1991 5418 sunt
2023 5380 2119 5433 pu—

541 5467 659 5517 gna:
678 5491 693 5516 ,
719 5453 965 5522 aciesque
986 5451 1319 5522 multiplices,
1352 5464 1404 5507 et
1433 5462 1643 5521 oportet
1669 5468 1787 5509 esse
1814 5464 2026 5524 paratos
2047 5454 2112 5508 ad

544 5541 744 5596 omnia.
788 5543 935 5597 Sicut
980 5543 1118 5596 enim
1158 5543 1244 5612 qui
1287 5543 1352 5597 ad
1397 5558 1542 5598 mare
1574 5557 1653 5598 est
1682 5559 2034 5611 accessurus,
2066 5554 2120 5599 et

550 5643 813 5698 aquarum
837 5629 1186 5686 violentarum
1210 5626 1492 5711 impetum,
1528 5633 1632 5689 vim
1663 5635 1970 5692 immanium
1991 5650 2119 5692 ven-

1219 275 1278 333 S.
1319 273 1593 332 JOANNIS
1629 267 2095 329 CHRYSOSTOMI
2135 265 2447 324 ARCIIIEP.
2488 259 3021 321 CONSTANTINOP.
3685 266 3774 322 ﬁt)

2223 390 2427 444 torum,
2475 377 2692 430 nubium
2739 388 3098 438 concursum,
3149 386 3426 442 rupesque
3461 383 3512 430 et
3547 378 3766 445 scopulos

2217 469 2474 532 marinos,
2501 465 2794 520 belluarum
2824 461 3194 532 irruptionem,
3222 461 3501 530 piratarum
3529 464 3756 522 incursio-

2216 576 2336 614 nem
2354 601 2368 621 ,
2416 559 2604 612 famem
2623 597 2639 624 ,
2687 557 2827 610 sitim
2853 597 2867 620 ,
2903 554 3184 608 stationem
3215 567 3320 607 non
3348 555 3473 608 satis
3501 563 3653 610 tutam
3680 571 3755 611 na-

2218 653 2373 705 vibus
2391 691 2406 716 ,
2435 659 2712 703 nautarum
2742 646 3190 715 contemptionem
3210 686 3225 709 ,
3257 645 3430 699 viatici
3452 646 3695 714 inopiam,
3715 658 3762 704 et

2217 754 2561 811 quaecumque
2615 746 2739 791 sunt
2790 734 3087 804 ejusmodi,
3135 733 3295 789 debet
3344 735 3666 791 considerare
3709 751 3761 791 ac

2217 831 2524 900 prospicere
2546 868 2562 896 ,
2607 837 2662 882 et
2708 824 2961 881 adversus
3000 840 3062 880 ea
3091 827 3265 879 omnia
3292 826 3458 879 aciem
3484 825 3721 882 instruere
3749 845 3760 881 :

2218 921 2289 974 ita
2316 920 2474 974 etiam
2500 918 2588 986 qui
2614 917 2758 970 venit
2785 914 2836 968 iu
2864 914 3106 984 euripum
3131 915 3251 968 vine
3281 915 3570 982 praesentis,
3594 916 3761 970 adver-

2217 1026 2310 1067 sus
2337 1011 2579 1080 corporis
2604 1008 2910 1063 affectiones
2927 1048 2942 1074 ,
2974 1007 3230 1062 adversus
3254 1005 3467 1061 morbos
3485 1009 3666 1076 animi,
3685 1008 3765 1064 ad-

2216 1114 2401 1156 versus
2447 1098 2720 1153 hominum
2766 1097 3020 1163 insidias,
3061 1097 3317 1153 adversus
3355 1097 3670 1156 inimicorum
3693 1099 3764 1154 in-

2214 1204 2438 1254 cursus,
2489 1195 2673 1243 contra
2723 1187 2964 1242 fictorum
3010 1187 3300 1243 amicorum
3337 1187 3576 1254 fraudes,
3605 1199 3764 1246 contra

2219 1289 2580 1350 paupertatem
2625 1293 2685 1332 ac
2728 1287 2985 1333 tormenta
3005 1319 3021 1344 ,
3051 1279 3307 1333 adversus
3336 1279 3698 1348 contumelias,
3719 1286 3766 1334 et

2217 1371 2518 1424 dmmonum
2563 1369 2848 1438 phalanges
2887 1368 3188 1438 diabolique
3217 1369 3446 1424 furorem
3466 1412 3482 1435 ,
3512 1385 3601 1439 par
3623 1381 3694 1424 est
3718 1376 3768 1424 ut

2216 1476 2276 1516 se
2316 1468 2598 1530 praeparet,
2631 1459 2676 1512 si
2706 1459 2917 1529 quidem
2953 1459 3020 1512 sit
3049 1460 3100 1512 in
3133 1459 3312 1513 urbem
3345 1459 3541 1529 regiam
3566 1473 3768 1528 perven-

2217 1561 2368 1606 turus
2389 1591 2405 1616 ,
2435 1558 2491 1604 et
2520 1551 2786 1604 mercibus
2815 1558 3034 1604 onustus
3053 1547 3106 1605 in
3135 1561 3343 1620 portum
3375 1551 3698 1620 appulsurus.

2290 1639 2530 1693 Diabolus
2564 1641 2788 1693 absolute
2826 1640 3033 1704 malus;
3074 1640 3237 1694 malus
3276 1639 3376 1694 sibi
3399 1639 3496 1710 ipsi
3516 1638 3607 1694 soli
3632 1647 3770 1692 nocet.

2215 1759 2284 1768 —-
2306 1729 2479 1798 Atque
2504 1728 2591 1782 hic
2617 1727 2832 1798 quidem
2857 1737 3010 1782 vocat
3035 1729 3234 1782 malum
3257 1728 3527 1782 hominem
3552 1746 3564 1781 :
3588 1727 3772 1798 quando

2218 1827 2397 1872 autem
2447 1818 2678 1888 loquitur
2723 1815 2792 1873 de
2839 1817 3084 1884 diabolo,
3135 1818 3383 1873 absolute
3427 1818 3771 1872 dicitmalum.

2217 1909 2454 1976 Quanam
2495 1908 2561 1963 de
2587 1908 2788 1963 causa?
2817 1909 3076 1975 Quoniam
3109 1907 3222 1976 ipse
3248 1917 3330 1962 est
3370 1905 3771 1978 pater'improhi-

2221 1999 2342 2053 tatis
2367 2017 2380 2052 :
2413 2007 2467 2054 et
2495 1998 2614 2053 ideo
2642 1997 2833 2052 dicitur
2858 1998 3027 2052 malus
3057 2013 3150 2067 per
3177 1999 3550 2052 excellentiam
3574 2038 3588 2062 ,
3620 2006 3669 2050 et
3694 2009 3775 2064 pro

2216 2091 2432 2145 nomine
2485 2090 2700 2159 preprio
2745 2088 2937 2143 sufficit
2979 2087 3292 2158 adjectivum
3347 2097 3560 2158 propter
3596 2084 3777 2156 insigne

2216 2182 2400 2236 vitium
2423 2221 2438 2246 ,
2483 2179 2623 2250 quod
2649 2179 2861 2250 quidem
2892 2194 2998 2234 non
3024 2189 3106 2234 est
3129 2179 3351 2234 insitum
3381 2189 3561 2234 natura
3580 2215 3597 2245 ,
3625 2177 3708 2232 sed
3730 2175 3774 2230 ei

2215 2272 2456 2326 accessit.
2486 2268 2638 2338 Quod
2666 2269 2711 2324 si
2741 2269 2898 2324 etiam
2926 2269 3064 2324 scire
3097 2269 3230 2324 velis
3257 2269 3406 2323 unde
3429 2271 3496 2323 sit
3519 2267 3775 2323 deductum

2216 2378 2409 2417 nomen
2456 2360 2843 2431 improbitatis,
2889 2377 3132 2430 magnum
3162 2375 3381 2431 quoque
3421 2363 3541 2414 hinc
3569 2362 3772 2414 fructum

2210 2452 2498 2520 percipies.
2545 2451 2857 2521 lmprobitas
2895 2449 3037 2506 enim
3083 2449 3268 2507 Grzece
3293 2451 3440 2507 dicta
3466 2461 3547 2506 est
3572 2461 3775 2521 πονηρία,

2215 2556 2282 2597 eo
2321 2540 2460 2611 quod
2508 2550 2674 2605 πόνον,
2719 2541 2820 2595 hoc
2861 2549 2978 2605 est,
3009 2541 3240 2596 laborem
3265 2551 3327 2596 et
3358 2557 3640 2597 aerumnam
3667 2555 3776 2612 pos-

2217 2636 2415 2691 sessori
2457 2634 2660 2691 afferat.
2689 2634 2948 2702 Quocirca
2977 2633 3189 2703 quidam
3220 2636 3443 2703 sapiens
3472 2634 3571 2690 hoc
3598 2632 3780 2704 signifi-

2215 2740 2343 2781 eans
2385 2727 2514 2782 dicit
2543 2744 2556 2780 :
2590 2724 2653 2781 Si
2679 2727 2747 2779 sis
2774 2725 2964 2789 malus,
2995 2724 3132 2777 solus
3158 2725 3366 2780 hauries
3394 2725 3529 2778 mala
3559 2741 3576 2777 :
3603 2725 3676 2777 sin
3700 2721 3778 2776 bo-

2215 2833 2309 2873 nus
2327 2857 2343 2882 ,
2367 2816 2455 2871 tibi
2478 2818 2577 2886 ipsi
2595 2825 2740 2886 atque
2763 2816 2861 2870 tuis
2878 2815 3116 2885 proximis
3145 2813 3330 2886 (Prov.
3364 2815 3418 2872 9.
3452 2814 3560 2888 12).
3586 2815 3644 2868 Et
3662 2826 3779 2883 quo-

2216 2907 2375 2963 modo
2400 2948 2414 2972 ,
2437 2907 2578 2964 dicet
2606 2906 2891 2977 quispiam,
2919 2906 3094 2960 malus
3120 2905 3266 2960 solus
3295 2904 3442 2961 mala
3474 2906 3676 2960 haurit?
3699 2908 3780 2956 At-

2218 3000 2310 3070 qui
2352 2997 2544 3053 multos
2589 2997 2797 3068 probris
2840 3006 2893 3052 et
2922 2995 3259 3050 contumeliis
3283 2995 3476 3052 afficit.
3507 2995 3606 3051 Sed
3630 2991 3780 3048 nenii-

2218 3103 2342 3144 nem
2383 3089 2527 3143 laedit
2551 3129 2566 3157 ,
2609 3088 2697 3158 qui
2739 3103 2846 3142 non
2881 3088 2950 3142 sit
2974 3087 3148 3142 mollis
3171 3127 3190 3155 ,
3215 3085 3444 3156 ignavus
3473 3095 3527 3142 et
3554 3086 3702 3140 iners.
3727 3080 3782 3136 Et

2218 3180 2264 3234 si
2290 3178 2421 3235 velis
2443 3220 2458 3245 ,
2489 3177 2628 3234 malo
2655 3177 2869 3232 homine
2894 3177 3145 3242 dimisso,
3180 3177 3360 3247 ipsum
3391 3179 3585 3232 malum
3609 3176 3782 3230 dzemo-

2218 3286 2341 3328 nem
2386 3271 2440 3325 in
2467 3269 2699 3325 medium
2729 3269 3070 3325 adducamus.
3102 3269 3196 3325 Dic
3223 3271 3365 3325 mihi
3398 3283 3605 3340 autem,
3629 3280 3783 3323 annon

2218 3377 2428 3417 omnem
2467 3375 2617 3416 suam
2658 3360 2844 3416 effudit
2889 3361 3329 3431 improbitatem?
3355 3378 3483 3418 num
3511 3363 3641 3417 laesit
3664 3354 3782 3414 Job?

2219 3467 2395 3508 annon
2437 3452 2586 3506 illum
2625 3451 2836 3523 quidem
2876 3450 3108 3507 reddidit
3145 3452 3435 3508 clariorem
3458 3495 3472 3520 ,
3505 3454 3602 3509 sibi
3626 3460 3782 3507 autem

2219 3544 2518 3614 graviorem
2543 3542 2746 3612 lapsum
2767 3545 3110 3613 procuravit?
3134 3544 3269 3612 Quid
3294 3561 3428 3602 vero
3451 3545 3606 3601 Cain?
3632 3555 3786 3598 annon

2220 3635 2366 3690 solus
2411 3634 2547 3690 mala
2593 3634 2805 3691 hausit?
2853 3635 3003 3702 Non,
3052 3637 3251 3707 inquit,
3306 3639 3409 3695 sed
3454 3640 3612 3694 etiam
3651 3633 3786 3692 Abel.

2220 3726 2496 3794 Quomodo
2519 3766 2536 3793 ,
2567 3735 2622 3781 et
2645 3741 2747 3796 qua
2777 3727 3018 3781 ratione?
3040 3727 3170 3794 Quia
3197 3728 3452 3786 celeriter
3473 3726 3787 3784 transmissus

2221 3824 2304 3871 est
2345 3819 2398 3870 in
2442 3825 2652 3886 portum
2696 3816 2857 3871 nullis
2882 3817 3128 3873 fluctibus
3153 3819 3439 3888 agitatum.
3467 3818 3574 3876 Sed
3602 3817 3696 3872 hoc
3720 3820 3790 3869 est

2221 3908 2506 3962 maximum
2550 3921 2719 3978 genus
2759 3907 3000 3964 beneficii
3019 3950 3036 3976 ,
3068 3909 3208 3980 quod
3250 3925 3316 3966 re
3343 3927 3375 3966 a
3403 3926 3466 3968 se
3499 3918 3640 3966 recte
3663 3913 3788 3977 gesta

2223 3999 2411 4054 ohierit
2430 4039 2446 4065 ,
2476 4000 2616 4069 quod
2644 4000 2698 4055 in
2726 4001 2997 4056 communi
3027 4011 3230 4057 natura:
3254 4003 3443 4060 debito
3465 4003 3627 4075 probe
3646 4013 3788 4070 nego-

2224 4090 2383 4145 tiatus
2427 4091 2513 4144 sit.
2545 4089 2676 4145 Nam
2703 4091 2844 4161 quod
2873 4101 2990 4147 erat
3017 4093 3136 4148 aliis
3161 4109 3454 4151 commune
3472 4137 3487 4160 ,
3514 4104 3569 4152 et
3594 4091 3790 4148 accide-

2223 4181 2311 4236 bat
2336 4196 2402 4235 ex
2432 4182 2782 4246 necessitate,
2813 4181 2914 4238 hoc
2943 4184 2990 4238 ei
3016 4198 3135 4238 cum
3164 4187 3346 4255 ampla
3379 4185 3627 4242 mercede
3652 4195 3789 4236 acce-

2221 4271 2318 4326 dit.
2369 4270 2479 4326 lloc
2528 4285 2632 4325 non
2675 4281 2790 4326 erat
2827 4272 3024 4326 malum
3063 4275 3367 4342 snStinere,
3415 4277 3509 4331 sed
3535 4274 3790 4330 clariorem

2223 4361 2381 4430 capiti
2411 4376 2662 4415 coronam
2689 4361 2986 4430 imponere.
3017 4362 3152 4431 Quid
3181 4380 3311 4419 vero
3333 4366 3537 4437 Joseph
3564 4366 3790 4419 lmserunt

2223 4450 2450 4506 fratres?
2481 4466 2656 4506 nonne
2690 4453 2787 4521 ipsi
2817 4453 2913 4506 soli
2940 4455 3078 4508 mala
3107 4453 3450 4512 hauserunt?
3478 4459 3548 4513 At
3572 4456 3698 4519 fuit,
3724 4455 3792 4505 in-

2223 4541 2370 4612 quit,
2415 4557 2620 4597 servus.
2661 4542 2797 4610 Quid
2839 4543 2986 4597 tum?
3029 4544 3142 4614 Ego
3177 4561 3307 4601 vero
3350 4547 3476 4603 dico
3502 4562 3622 4602 eum
3647 4543 3787 4598 etiam

2223 4635 2458 4689 vinctum
2489 4635 2505 4666 ⁸
2550 4633 2733 4689 fuisse.
2764 4635 2867 4690 Sed
2898 4652 3002 4690 non
3031 4638 3237 4693 esthoc
3264 4640 3412 4709 quod
3435 4641 3703 4711 quaeritur,
3731 4649 3788 4688 an

2225 4725 2383 4780 fuerit
2424 4741 2611 4782 servus
2631 4767 2646 4792 ,
2675 4735 2730 4782 et
2765 4728 2817 4782 in
2846 4729 3069 4784 vinculis
3102 4747 3115 4782 :
3147 4731 3241 4785 sed
3270 4747 3339 4786 an
3367 4748 3435 4787 ex
3468 4747 3534 4788 eo
3560 4731 3787 4786 damnum

2225 4817 2388 4870 ullum
2415 4816 2699 4888 acceperit.
2723 4815 3055 4874 Contrarium
3082 4821 3224 4876 enim
3253 4822 3561 4878 invenimus
3579 4863 3593 4887 ,
3621 4831 3791 4886 nempe

2225 4921 2346 4962 eum
2397 4908 2619 4976 plurima
2671 4907 2930 4964 lucratum
2981 4924 3134 4978 esse,
3183 4912 3355 4982 utqui
3387 4914 3462 4968 sit
3481 4911 3619 4983 apud
3645 4910 3788 4964 Deum

2227 4999 2502 5068 plurimam
2550 4997 2796 5053 fiduciam
2834 5010 3223 5070 consequutus,
3252 5012 3306 5056 et
3333 5017 3436 5073 per
3460 5019 3524 5058 ea
3551 5016 3664 5072 quae
3689 5009 3792 5053 esse

2225 5089 2537 5143 videbantur
2563 5088 2826 5144 contraria
2843 5130 2859 5158 ,
2890 5102 3210 5160 prmsentem
3239 5093 3512 5164 acceperit
3539 5085 3789 5164 prosperi-

2228 5187 2407 5234 tatem.

2294 5268 2522 5340 Improbi
2559 5287 2659 5324 non
2683 5271 2920 5340 timendi,
2949 5273 3038 5327 sed
3067 5272 3361 5328 miserandi.
3393 5273 3555 5329 Malis
3596 5268 3790 5327 homini-

2228 5361 2315 5414 bus
2341 5377 2440 5414 non
2467 5361 2830 5417 insultantium.
2863 5363 3212 5434 Improborum
3242 5365 3555 5420 consuetudo
3587 5359 3788 5420 uitanda.

2225 5481 2296 5494 —
2318 5450 2394 5507 Ne
2422 5452 2578 5522 igitur
2607 5454 2884 5510 timeamus
2906 5455 3199 5525 improbos,
3220 5455 3315 5512 sed
3344 5471 3535 5512 eorum
3562 5457 3787 5511 miserea-

2291 5584 2308 5616 ι
2342 5584 2604 5654 Gentianus
2627 5591 2867 5654 Hervetus
2886 5589 2989 5654 qui,
3014 5597 3218 5648 amem,
3233 5600 3340 5654 pro.
3362 5597 3580 5654 sapam,
3597 5601 3775 5654 intexto

2213 5645 2382 5700 Greco
2411 5644 2618 5709 legerat,
2638 5649 2802 5709 vertit,
2832 5644 3102 5715 Dominum,
3139 5644 3250 5716 pro,
