4012 6280
267 305 364 370 4⁴ΞΙ

266 442 408 484 mur.
469 413 618 480 Tunc
670 418 812 473 enim
853 415 972 485 jure
1015 411 1225 482 quidem
1271 416 1423 462 erant
1453 401 1705 463 timendi,
1737 412 1858 465 cum

269 514 508 575 nondum
551 521 733 583 aperta
780 515 927 562 esset
969 506 1072 559 alta
1109 503 1190 555 via
1217 542 1231 564 ,
1263 515 1381 570 quac
1409 497 1630 551 duceret
1654 492 1719 546 ad
1749 491 1865 562 phi-

269 605 571 676 losttphiam
601 620 614 656 :
644 615 783 656 nunc
802 607 980 654 autem
1019 610 1123 650 non
1164 591 1391 662 amplius
1415 631 1430 655 ,
1463 602 1583 642 cum
1613 585 1864 652 deinceps

268 700 390 756 ca‘li
434 697 589 754 nobis
638 698 888 763 pateant,
936 698 991 744 et
1036 686 1280 741 homines
1318 680 1491 753 angeli
1534 676 1705 734 effecti
1735 676 1860 731 sint.

270 793 406 850 Nam
447 796 505 850 et
544 785 715 848 bestia
755 794 876 854 qua:
902 787 1024 836 cum
1056 791 1249 846 magno
1280 773 1478 842 impetu
1510 769 1662 826 irruit
1687 769 1740 822 in
1772 767 1866 820 ha-
1909 847 1911 850 ι

271 895 369 941 sta:
397 882 603 944 aciem,
629 876 842 934 videtur
871 871 1085 942 quidem
1116 883 1239 923 eum
1268 864 1451 919 ulcisci
1479 862 1570 932 qui
1603 867 1747 916 tenet
1771 857 1866 912 ha-

273 986 411 1032 stam
431 1014 447 1036 ,
495 981 683 1030 verum
726 963 930 1034 sibiipsi
960 960 1174 1032 gravius
1202 956 1394 1010 vulnus
1425 952 1614 1022 infligit
1647 969 1660 1006 :
1692 958 1746 1006 et
1774 947 1865 1019 qui

272 1076 460 1125 contra
490 1061 765 1124 stimulum
790 1057 1050 1118 calcitrat,
1082 1051 1264 1106 itidem
1291 1046 1455 1117 pedes
1476 1043 1576 1099 sibi
1598 1048 1864 1100 cruentat.

342 1159 401 1213 2.
454 1155 599 1212 Talis
649 1159 732 1208 est
775 1149 980 1212 virtus,
1010 1141 1256 1200 stimulus
1298 1147 1353 1193 et
1387 1136 1594 1208 gladius
1630 1141 1815 1188 acutus
1849 1149 1862 1187 :

275 1261 466 1305 omnes
513 1254 692 1302 autem
743 1238 968 1309 improbi
1017 1241 1141 1290 sunt
1175 1229 1508 1294 deteriores,
1552 1233 1607 1282 ct
1647 1223 1868 1280 rationis

276 1340 446 1409 magis
477 1344 726 1407 expertes
753 1345 915 1402 quam
941 1327 1145 1384 bestiae.
1175 1322 1397 1392 Quando
1425 1332 1553 1392 ergo
1583 1318 1752 1373 bonos
1782 1317 1868 1370 ἱιι⁴

277 1432 500 1496 vadunt,
528 1443 587 1483 se
616 1427 759 1495 ipsos
779 1422 993 1492 gravius
1007 1415 1319 1474 confodiunt
1343 1431 1354 1468 :
1375 1410 1478 1469 illis
1497 1410 1710 1482 quidem
1729 1423 1870 1478 saepe

279 1523 332 1576 in
367 1518 588 1590 pecunia
609 1555 624 1582 ,
649 1514 732 1568 vel
758 1517 916 1567 etiam
949 1511 1000 1563 in
1025 1518 1249 1576 corpore
1273 1503 1525 1558 damnum
1546 1499 1865 1556 aderentes:

280 1587 493 1680 seipsos
540 1615 715 1662 autem
758 1603 810 1658 in
850 1599 1063 1664 anima,
1095 1594 1235 1666 quod
1263 1592 1475 1664 quidem
1506 1598 1588 1646 est
1617 1603 1746 1647 vere
1772 1587 1868 1644 da-

282 1715 469 1756 mnum
493 1740 507 1763 ,
543 1695 819 1752 lit-dentes.
856 1691 912 1748 Si
939 1690 1081 1746 enim
1113 1688 1165 1744 in
1194 1685 1408 1756 prepria
1439 1697 1537 1738 nos
1560 1684 1754 1736 virtute
1782 1682 1872 1736 la:-

281 1795 438 1849 deret
475 1791 728 1846 damnum
776 1784 1046 1857 pecuniae,
1086 1794 1192 1836 non
1229 1777 1569 1850 praecepisset
1598 1774 1791 1831 Paulus
1815 1781 1872 1826 ιιι

285 1884 531 1956 injuriam
581 1891 921 1952 pateremur,
970 1890 1074 1929 non
1120 1879 1296 1927 autem
1327 1869 1622 1928 faceremus
1647 1866 1721 1936 (Ι.
1751 1863 1872 1921 Cor.

284 1955 353 2032 δέ
380 1977 460 2045 7).
501 1973 558 2030 Si
587 1972 784 2026 malum
813 1975 957 2024 esset
987 1963 1177 2034 injuria
1206 1960 1386 2026 affici,
1420 1973 1526 2014 non
1551 1957 1745 2027 quiest
1775 1955 1873 2010 ho—

288 2082 478 2123 norum
522 2063 792 2133 legislator
826 2057 963 2122 mala
998 2054 1266 2127 jussisset.
1298 2051 1495 2107 Verum
1525 2048 1764 2119 quamvis
1788 2061 1875 2103 res

286 2158 361 2212 ita
405 2170 465 2212 se
509 2153 776 2216 habeant,
826 2163 932 2203 non
966 2151 1177 2216 oportet
1205 2140 1358 2196 malis
1384 2139 1669 2206 insultare,
1698 2153 1796 2192 ncc
1823 2138 1874 2192 in

287 2261 385 2304 eos
429 2246 685 2315 impetum
727 2239 932 2304 facere,
977 2234 1070 2290 sed
1117 2247 1302 2288 eorum
1346 2231 1512 2285 vitare
1540 2227 1879 2284 consuetudi-

289 2354 414 2394 nem
446 2354 460 2391 :
489 2337 534 2390 si
577 2332 826 2388 invadunt
847 2366 862 2396 ,
894 2327 1012 2384 forti
1041 2335 1094 2381 et
1120 2336 1379 2396 generoso
1408 2320 1585 2376 animo
1609 2334 1702 2375 cos
1731 2319 1877 2373 exci-

288 2445 440 2502 pere.
475 2427 599 2482 Ideo
627 2426 768 2482 enim
796 2422 1046 2492 jubcmur
1071 2431 1257 2483 orare,
1288 2430 1354 2470 ne
1384 2414 1641 2468 intremus
1671 2411 1724 2466 in
1758 2419 1875 2464 ten-

292 2501 568 2578 tationem.
609 2515 864 2582 Quocirca
904 2512 1018 2582 ipse
1043 2521 1250 2579 quoque
1278 2519 1400 2560 cum
1427 2502 1685 2570 dixisset,
1721 2501 1875 2571 Eripe

291 2628 407 2676 me,
447 2608 696 2672 Domine,
727 2603 789 2658 ob
815 2603 1016 2656 homine
1041 2599 1173 2654 malo
1193 2637 1208 2663 ,
1237 2594 1541 2676 subjunxit,
1576 2593 1618 2646 Α
1645 2593 1750 2646 viro
1776 2591 1878 2644 ini-

291 2718 393 2772 quo
432 2701 572 2770 eripe
615 2713 693 2752 me
738 2710 757 2748 :
801 2706 1004 2763 ponens
1033 2702 1219 2756 rursus
1245 2675 1493 2758 generale
1522 2695 1715 2738 nomen
1743 2680 1876 2736 vitii.

294 2793 411 2850 Non
445 2792 619 2847 solum
645 2789 786 2845 enim
815 2799 936 2840 cum
965 2782 1052 2852 qui
1084 2781 1136 2836 in
1166 2778 1384 2850 pecunia
1404 2817 1420 2843 ,
1450 2774 1542 2832 scd
1571 2789 1692 2829 cum
1720 2774 1878 2828 etiam

297 2884 392 2956 qui
431 2892 515 2939 est
537 2883 589 2938 in
618 2877 866 2936 omnibus
894 2875 1012 2931 aliis
1041 2874 1271 2942 injustas
1301 2870 1386 2924 hic
1413 2868 1558 2924 dicit.
1590 2866 1758 2936 Rogat
1782 2881 1880 2920 au-

305 2987 416 3031 tem
476 2982 534 3028 ut
587 2971 872 3034 liberetur,
931 2981 999 3022 ne
1041 2963 1193 3021 cadat
1232 2976 1332 3018 nec
1385 2960 1472 3016 fiat
1529 2967 1585 3013 ut
1637 2957 1726 3012 ille
1775 2962 1878 3012 est.

304 3067 422 3122 Non
473 3064 599 3134 petit
643 3060 916 3125 absolute,
973 3055 1074 3111 nisi
1127 3070 1250 3110 cum
1306 3067 1400 3107 sua
1448 3050 1592 3122 prius
1638 3048 1881 3104 contule-

301 3162 389 3216 rit.
448 3159 511 3214 Et
555 3157 672 3212 ideo
709 3168 832 3214 cum
876 3154 928 3207 in
976 3151 1080 3207 fine
1122 3148 1312 3220 prioris
1355 3145 1550 3201 Psaluti
1590 3159 1682 3198 eos
1719 3143 1882 3214 fugis-

298 3260 430 3318 set,
479 3260 532 3306 et
571 3262 756 3305 eorum
799 3241 1268 3305 consuetudinem,
1307 3238 1392 3292 hic
1434 3237 1562 3307 petit
1603 3235 1692 3289 Dci
1737 3233 1886 3288 ausi-

301 3345 454 3398 lium.
506 3341 618 3395 llltc
661 3339 802 3394 enim
843 3351 962 3406 quae
1003 3348 1098 3388 sua
1141 3339 1295 3397 erant
1332 3329 1629 3388 cuntulcrat
1667 3327 1882 3390 dicens,

315 3435 421 3488 Viri
452 3433 793 3503 sanguinum,
823 3427 1069 3487 declinata
1094 3441 1127 3478 a
1154 3439 1265 3490 me,
1297 3421 1417 3493 quia
1443 3418 1644 3490 litigiosi
1680 3417 1796 3472 estis
1835 3417 1886 3469 in

302 3523 686 3596 cogitationibus
730 3519 928 3592 (Psal.
980 3516 1105 3574 158.
1160 3514 1272 3584 19)
1315 3530 1328 3568 :
1385 3512 1470 3566 hic
1512 3518 1688 3564 autem
1739 3515 1890 3580 rogat

305 3618 472 3672 Deum
502 3621 562 3668 ut
588 3613 843 3668 liberetur
871 3607 940 3663 ab
966 3620 1151 3663 eorum
1189 3601 1546 3673 improbitate.
1594 3597 1709 3655 Non
1747 3596 1888 3652 enim

307 3721 526 3776 [arvum
549 3711 642 3760 aut
668 3703 785 3759 leve
819 3699 945 3770 quid
973 3709 1059 3757 est
1090 3695 1159 3752 ad
1181 3697 1541 3756 securitatem,
1575 3690 1641 3746 ad
1671 3689 1887 3746 liberta-

309 3808 438 3861 tem,
460 3805 517 3852 et
539 3806 754 3850 omnem
779 3790 1128 3859 voluptatem,
1158 3784 1374 3840 liberari
1419 3798 1451 3837 a
1492 3781 1583 3836 tali
1611 3779 1886 3836 hominum

305 3898 474 3949 cuitu,
516 3896 750 3954 etqnam
776 3879 1086 3951 longissime
1111 3876 1179 3930 ab
1204 3874 1568 3944 improborum
1613 3877 1893 3924 consuetu-

310 3981 437 4033 dine
463 3974 688 4040 versari,
731 3974 839 4030 imo
875 3984 1004 4026 vero
1047 3981 1236 4036 magna
1286 3973 1368 4020 est
1413 3962 1657 4016 felicitas.
1695 3958 1894 4036 Deinde

315 4073 551 4140 ipsorum
604 4064 912 4121 describens
965 4058 1399 4130 improbitatem,
1454 4053 1601 4108 addit
1661 4062 1715 4106 et
1761 4051 1834 4106 ait
1877 4067 1890 4103 :

226 4207 231 4210 .
315 4165 366 4218 5.
402 4161 504 4228 Qui
529 4153 1202 4228 cogitaveruntiniquitatem
1238 4148 1288 4200 in
1313 4145 1466 4201 corde
1493 4158 1512 4198 :
1542 4153 1646 4197 tota
1674 4141 1754 4195 die
1776 4157 1896 4194 con-

315 4250 586 4306 stituebant
614 4246 812 4317 praelia.
845 4241 1034 4297 Vidisti
1060 4237 1328 4310 quomodo
1356 4235 1465 4289 sint
1492 4233 1639 4296 ferae,
1664 4247 1782 4302 qua:
1812 4230 1896 4284 vix

268 4351 276 4357 '
317 4341 492 4396 caveri
527 4346 768 4409 possunt,
809 4333 984 4404 utqui
1028 4331 1165 4386 mala
1197 4329 1248 4383 in
1281 4328 1460 4382 animo
1502 4325 1895 4387 machincntur,

318 4443 372 4487 et
401 4432 578 4486 cclcnt
607 4428 659 4485 in
684 4427 890 4482 arcanis
930 4422 1165 4478 insidias.
1211 4419 1588 4490 Cogitaverunt,
1629 4415 1816 4485 inquit,
1846 4415 1899 4468 in

319 4523 501 4586 corde;
525 4521 626 4576 hoc
651 4527 757 4582 est,
788 4532 894 4572 non
925 4518 1073 4570 extra
1115 4513 1469 4583 protulerunt,
1507 4508 1600 4563 sed
1625 4507 1764 4562 intus
1790 4505 1900 4574 agi-

324 4617 506 4670 tabant
549 4621 604 4668 et
639 4609 921 4666 versabant
962 4607 1132 4662 scelus
1159 4604 1534 4673 parturientes,
1566 4609 1620 4655 et
1647 4600 1789 4670 quod
1821 4607 1903 4652 est

322 4707 562 4764 omnium
591 4703 986 4776 gravissimum,
1019 4713 1123 4753 nou
1146 4697 1320 4766 aliqua
1352 4694 1654 4750 temeritate
1681 4689 1897 4754 inducti,

328 4816 425 4856 nec
447 4797 704 4870 perversi,
743 4795 834 4852 sed
857 4807 1070 4846 omnem
1116 4803 1334 4859 cpt-ram
1361 4795 1416 4841 et
1443 4785 1674 4840 studium
1705 4781 1760 4836 in
1785 4796 1903 4836 eam
1967 4783 1970 4786 ‘

328 4907 440 4946 rem
478 4887 835 4944 conferentes.
867 4883 978 4938 lloc
1017 4881 1159 4936 enim
1190 4877 1290 4932 sibi
1327 4877 1438 4930 vult
1463 4874 1611 4939 illud,
1643 4870 1904 4943 Cogitave-

329 4991 468 5048 runt,
502 4993 695 5048 nempe
732 4975 876 5034 omni
917 4972 1111 5035 studio,
1153 4978 1208 5025 et
1239 4967 1466 5022 maxima
1513 4961 1676 5019 animi
1719 4962 1908 5017 alacri-

333 5082 462 5128 tate.
495 5070 537 5124 Τ
538 5079 622 5124 ota
661 5069 744 5122 die
785 5063 1146 5120 constituebant
1174 5058 1374 5130 prwtia.
1410 5057 1511 5111 Per
1556 5056 1669 5108 hare
1696 5067 1908 5107 omnem

332 5164 494 5217 vitam
524 5158 806 5229 significat.
836 5153 980 5210 Bella
1007 5161 1182 5208 autem
1209 5146 1530 5211 subindicat,
1564 5159 1670 5198 non
1700 5159 1762 5198 ea
1791 5158 1911 5214 qua:

335 5254 596 5307 instructa
625 5249 764 5311 acie,
783 5259 884 5302 nec
911 5258 1029 5313 qua:
1055 5241 1217 5296 armis
1244 5245 1520 5309 geruntur,
1553 5235 1647 5290 sed
1677 5249 1793 5304 qua:
1816 5249 1912 5304 pa-

335 5344 466 5400 ratis
487 5340 712 5402 insidiis,
734 5352 853 5407 qna:
878 5346 932 5390 et
957 5335 1008 5388 in
1041 5332 1154 5387 foro
1183 5339 1238 5386 et
1256 5329 1398 5385 domi
1423 5335 1614 5398 gerunt
1641 5327 1908 5390 homines,

336 5450 443 5490 non
492 5434 711 5488 thorace
753 5414 944 5491 induti,
991 5439 1088 5478 nec
1136 5423 1324 5494 clypeo
1374 5418 1617 5488 protecti,
1665 5415 1759 5472 sed
1818 5430 1914 5483 pro

336 5524 586 5579 omnibus
628 5521 791 5574 armis
832 5517 1168 5588 improbitate
1210 5520 1442 5577 utentes,
1491 5519 1543 5564 ct
1594 5509 1752 5563 verba
1795 5507 1916 5562 telis

339 5613 616 5672 acerbiora
659 5611 948 5666 mittentes.
997 5604 1350 5676 lmprohitatis
1395 5611 1571 5655 autem
1611 5614 1795 5654 eorum
1837 5605 1919 5651 est

344 5707 447 5762 hoc
475 5704 788 5771 maximum,
817 5699 959 5772 quod
993 5712 1096 5752 non
1129 5695 1301 5750 solum
1341 5694 1447 5750 sint
1494 5693 1685 5760 dulusi,
1728 5693 1832 5746 ficti
1862 5699 1915 5747 et

1347 280 1708 343 EXPOSITIO
1746 281 1810 336 IN
1849 277 2171 336 PSALMUM
2209 277 2492 335 CXXXIX.

3449 282 3555 338 4‘22

1982 397 2343 461 simulatorcs,
2395 410 2492 449 nec
2521 397 2660 466 quod
2689 396 2754 450 ad
2784 397 2920 452 bella
2949 407 3003 453 et
3029 400 3206 469 praelia
3239 403 3426 470 parati,
3458 406 3552 458 sed

1976 487 2134 540 ctiam
2161 486 2302 557 quod
2331 502 2425 555 per
2452 496 2613 540 totam
2657 487 2839 555 vitam,
2879 491 3000 544 tetri
3045 491 3200 560 hujus
3231 493 3351 548 belli
3394 497 3554 550 nulla:

1977 579 2082 634 sint
2113 578 2356 635 inducite.
2390 579 2548 649 Atqui
2579 579 2624 634 si
2652 579 2900 634 volebant
2923 579 3256 651 belligerare,
3286 584 3441 639 aliam
3469 589 3555 654 ju-

1978 680 2116 730 stam
2153 670 2276 726 belli
2303 670 2522 742 gerendi
2549 685 2764 726 causam
2795 671 3083 727 habebant.
3112 672 3382 729 Adversus
3406 676 3549 730 enim

1976 773 2188 832 peccata
2209 763 2503 830 decertare,
2526 772 2580 819 et
2599 771 2778 818 contra
2801 763 3069 819 diabolum
3094 766 3262 821 aciem
3290 767 3568 826 instruxere

1976 853 2272 927 oportebat,
2316 868 2549 924 pugnare
2587 858 2773 908 contra
2819 856 3036 910 morbos
3064 856 3276 922 anima),
3316 873 3473 913 enses
3514 861 3564 912 iu

1975 945 2246 1000 dmtnones
2268 959 2480 1000 acuere.
2515 944 2577 1000 lli
2609 951 2784 1000 autem
2824 945 2964 999 illam
2995 947 3164 1002 aciem
3200 964 3267 1002 nc
3294 950 3555 1018 aspiciunt
3637 973 3642 979 ·

1975 1036 2212 1105 quidem,
2245 1035 2339 1090 sed
2363 1034 2464 1089 tela
2495 1035 2634 1090 inter
2657 1049 2715 1089 se
2754 1047 2936 1090 mutuo
2957 1036 3278 1106 jaculantur.
3303 1039 3357 1093 4.
3386 1040 3554 1093 Acue-

1975 1124 2094 1181 runt
2131 1128 2358 1198 linguam
2383 1143 2527 1182 suam
2569 1128 2702 1181 sicut
2744 1130 2984 1197 serpentis
3005 1144 3025 1183 :
3047 1146 3287 1184 veiienum
3313 1132 3550 1201 aspidum

1976 1220 2066 1274 sub
2087 1221 2233 1275 labiis
2261 1237 2433 1275 eorum
2461 1237 2676 1290 semper.
2713 1220 2900 1275 Vidisti
2930 1238 3089 1291 quam
3116 1225 3183 1279 sit
3214 1225 3445 1295 ignobile
3473 1227 3557 1280 vi-

1979 1311 2146 1366 tium?
2181 1312 2302 1367 facit
2328 1328 2391 1366 ex
2417 1311 2719 1368 hominibus
2745 1312 2962 1380 bestias,
3005 1317 3216 1385 aspides
3246 1327 3299 1372 ct
3339 1334 3558 1387 serpen-

1979 1411 2081 1471 tes,
2115 1410 2170 1458 et
2216 1403 2448 1474 linguam
2479 1403 2622 1458 illam
2651 1419 2768 1474 quae
2813 1405 3106 1461 disserendi
3134 1419 3395 1477 potestate
3426 1426 3564 1478 pra:-

1978 1493 2087 1548 dita
2118 1502 2220 1560 est,
2251 1494 2318 1549 ad
2362 1494 2518 1550 istam
2548 1495 2811 1551 feritatem
2840 1496 3071 1552 deducit.
3109 1498 3162 1553 Id
3204 1510 3380 1555 autem
3408 1503 3560 1572 cujus

1978 1599 2071 1640 cos
2094 1587 2336 1655 superius
2359 1588 2642 1662 accusavit,
2673 1603 2814 1643 nunc
2833 1603 3042 1660 quoque
3068 1593 3144 1647 cis
3166 1593 3368 1662 objicit.
3397 1595 3562 1662 Quid-

1980 1692 2101 1730 nam
2131 1687 2306 1730 antetn
2340 1677 2467 1732 illud
2495 1678 2609 1732 est?
2643 1679 2899 1733 Venenum
2926 1681 3160 1749 aspidum
3187 1683 3275 1737 sub
3306 1683 3451 1738 labiis
3473 1703 3558 1739 eo-

1979 1783 2112 1830 rum,
2162 1767 2350 1837 inquit,
2389 1784 2584 1838 semper
2627 1769 2725 1842 (a),
2760 1769 2864 1824 hoc
2892 1779 2974 1826 est
3011 1771 3258 1837 assidue,
3296 1775 3564 1841 Quemada

1983 1858 2197 1912 modum
2247 1859 2388 1912 enim
2430 1859 2674 1928 Superius
2709 1859 2862 1924 dixit,
2904 1860 3031 1914 Tota
3077 1863 3158 1916 die
3197 1867 3562 1920 constituebant

1983 1949 2160 2019 prazlia
2189 1965 2209 2004 :
2235 1950 2304 2004 ita
2352 1950 2439 2006 hic
2479 1950 2661 2016 etiam,
2695 1954 2949 2006 Acuerunt
2990 1954 3215 2023 linguam
3257 1973 3402 2010 suam
3436 1958 3564 2012 sicut

1983 2041 2224 2110 serpentis
2251 2057 2269 2094 :
2300 2057 2544 2094 venenum
2570 2042 2806 2111 aspidum
2846 2042 2939 2096 sub
2981 2043 3126 2100 labiis
3149 2062 3321 2100 eorum
3347 2065 3562 2118 semper.

1984 2127 2095 2183 lloc
2115 2130 2256 2183 enim
2285 2131 2479 2199 ubique
2503 2130 2764 2201 signiﬁcat
2794 2131 3108 2202 Diapsalma.
3144 2135 3444 2205 Diapsaltna
3464 2155 3561 2191 au-

1983 2227 2089 2274 tcm
2117 2218 2373 2275 l-lehraice
2394 2221 2594 2274 dictutn
2617 2231 2699 2276 est
2718 2221 2827 2287 Sel,
2853 2223 2993 2292 quod
3015 2233 3116 2288 est,
3146 2241 3376 2295 semper.
3401 2230 3560 2298 Atqui

1985 2312 2172 2366 vitium
2203 2313 2290 2368 vel
2320 2313 2515 2383 exiguo
2546 2322 2786 2382 tempore
2810 2329 2898 2370 res
2923 2326 3004 2370 est
3023 2319 3202 2386 gravis
3227 2327 3280 2372 et
3309 2321 3560 2375 molesta:

1983 2402 2199 2471 quando
2227 2412 2403 2458 autem
2433 2403 2482 2457 id
2527 2402 2736 2459 assidue
2765 2414 3173 2475 persequuntur,
3207 2423 3304 2464 nec
3340 2424 3433 2464 eos
3464 2411 3564 2464 ulla

1985 2495 2099 2566 ejus
2125 2496 2267 2564 capit
2291 2495 2528 2561 satietas,
2557 2509 2802 2566 quaenam
2834 2497 2913 2550 eis
2941 2499 3090 2551 venia
3133 2498 3246 2553 dari
3288 2509 3482 2569 potcs‘t,
3514 2515 3566 2558 ct

1982 2600 2225 2656 quietiam
2249 2584 2353 2640 erit
2376 2599 2559 2639 eorum
2581 2585 2820 2640 defensio
2840 2585 2862 2638 ?
2883 2586 2935 2641 5.
2965 2587 3176 2641 Custodi
3200 2606 3296 2654 me,
3329 2589 3563 2657 Domine,

1985 2675 2048 2730 de
2071 2691 2223 2730 manu
2244 2676 2538 2747 peccatoris,
2566 2675 2628 2729 ab
2659 2675 2942 2730 hominibus
2971 2677 3154 2747 iniquis
3179 2680 3317 2749 eripe
3340 2697 3436 2734 uie.
3467 2681 3567 2748 Qui

1982 2769 2328 2838 cogitaverunt
2367 2768 2698 2838 supplantare
2741 2784 2939 2838 gressus
2978 2785 3132 2823 meos.
3183 2771 3236 2826 6.
3285 2771 3568 2826 Absconde-

1986 2868 2104 2912 runt
2133 2858 2335 2928 superbi
2358 2859 2590 2930 laqueum
2633 2859 2758 2913 mihi
2782 2875 2799 2913 :
2821 2870 2866 2912 et
2897 2861 3102 2930 funibus
3130 2864 3458 2918 extenderunt
3484 2865 3563 2919 la-

1985 2949 2166 3019 gaeum
2215 2951 2423 3021 pedibus
2476 2950 2598 3004 meis
2623 2965 2642 3003 :
2654 2951 2812 3020 juxta
2853 2952 2944 3005 iter
2988 2953 3238 3007 scandala
3294 2967 3569 3025 posuerunt

1989 3043 2132 3131 mihi.
2165 3042 2304 3096 Nihil
2336 3050 2418 3097 est
2460 3042 2694 3112 iniquius
2735 3044 2799 3098 iis
2828 3044 2917 3114 qui
2941 3045 3122 3099 vitium
3153 3058 3566 3118 persequuntur,

1988 3135 2078 3206 qui
2120 3142 2245 3190 autc
2292 3133 2428 3189 alios
2478 3147 2602 3189 suas
2646 3135 2880 3205 ipsorum
2931 3136 3130 3192 lzedunt
3171 3139 3395 3196 animas.
3435 3142 3566 3196 Cum

1991 3227 2133 3282 cnim
2177 3227 2274 3296 ipsi
2303 3227 2410 3280 sint
2456 3236 2701 3281 auctores
2738 3226 3066 3292 offensionis,
3097 3244 3218 3283 cum
3246 3229 3484 3287 efficiant
3513 3243 3571 3288 ut

1995 3321 2084 3375 Dei
2114 3320 2296 3390 gloria:
2324 3318 2635 3374 detrahatur
2667 3319 2734 3374 ab
2765 3320 3152 3390 insipientibus,
3179 3337 3301 3378 cum
3329 3340 3432 3380 non
3471 3342 3568 3380 cx-

1992 3413 2197 3468 solvant
2229 3426 2347 3483 qua:
2369 3411 2585 3478 debent,
2627 3411 2718 3466 sed
2745 3412 2832 3482 qui
2858 3427 3051 3482 corpus
3081 3424 3135 3469 et
3157 3417 3389 3471 animam
3418 3434 3444 3470 a
3478 3419 3570 3474 bc-

1995 3504 2155 3574 nigno
2179 3513 2232 3558 et
2259 3503 2506 3559 clementi
2531 3506 2638 3559 Deo
2665 3507 2984 3575 acceperint,
3012 3507 3117 3562 sint
3143 3509 3358 3578 agenda:
3386 3513 3570 3581 gratia:

1995 3597 2354 3663 immemores,
2403 3605 2457 3652 et
2501 3597 2588 3667 qui
2620 3607 2822 3652 tantum
2858 3609 3228 3655 ornamentum
3279 3611 3333 3656 et
3377 3603 3573 3659 bonum

1995 3690 2337 3760 acceperint,
2397 3689 2730 3744 benefactori
2781 3706 2879 3744 suo
2927 3694 3192 3747 contraria
3245 3695 3575 3764 rependant,

1997 3781 2124 3852 qttid
2170 3781 2254 3836 his
2295 3781 2451 3836 fuerit
2494 3781 2780 3851 iujustius?
2827 3782 2951 3851 quid
2998 3799 3126 3838 vero
3166 3784 3461 3854 ingratius?
3516 3787 3583 3841 Et

1998 3872 2137 3943 quod
2163 3880 2246 3927 est
2273 3870 2463 3942 majus,
2485 3882 2538 3928 et
2563 3887 2721 3927 omne
2750 3873 2928 3926 scelus
2953 3882 3188 3942 superat,
3213 3875 3345 3929 alios
3368 3891 3582 3944 quoque

2001 3963 2196 4018 laedere
2220 3973 2497 4018 conantur.
2531 3963 2880 4033 Cagilaverunt
2905 3965 3045 4027 enim
3067 4005 3081 4030 ,
3116 3965 3302 4034 inquit,
3327 3967 3572 4036 supplos-

2001 4066 2110 4110 tare
2135 4072 2335 4127 gressus
2372 4070 2528 4108 meos.
2570 4053 2721 4121 Quod
2748 4054 2792 4109 si
2838 4054 2977 4124 quod
3021 4056 3324 4124 cegitabant
3365 4058 3584 4111 minime

2003 4151 2247 4206 cll‘ectum
2290 4157 2391 4214 est,
2437 4147 2487 4202 id
2516 4161 2726 4218 quoque
2764 4162 2987 4202 summae
3019 4147 3112 4202 Dei
3152 4147 3452 4203 clementia:
3492 4151 3585 4202 atl-

2003 4243 2346 4300 scribendum
2371 4251 2469 4298 cst.
2495 4240 2616 4311 Ipse
2651 4241 2794 4295 enim
2834 4239 3092 4294 scelerata
3142 4255 3326 4294 eorum
3359 4240 3581 4296 consilia

2004 4333 2284 4403 confregit.

2077 4425 2130 4480 ὅ.
2177 4423 2305 4480 Vide
2345 4432 2521 4478 autem
2562 4437 2721 4492 quam
2773 4421 3082 4476 meditatum
3124 4432 3237 4477 erat
3281 4425 3474 4488 scelus,
3528 4434 3583 4479 et

2007 4524 2204 4586 quanto
2251 4513 2424 4569 studio
2457 4523 2650 4584 parata:
2691 4513 2917 4568 insidiae.
2962 4512 3306 4569 Occultarunt
3339 4517 3483 4571 enim
3531 4527 3586 4571 ct

2010 4605 2382 4670 extenderunt,
2412 4605 2569 4673 idque
2598 4603 2749 4672 juxta
2793 4604 2914 4668 iter,
2957 4613 3016 4658 ut
3044 4621 3106 4659 cx
3146 4605 3490 4676 longitudine,
3521 4623 3588 4661 ex

2011 4697 2228 4752 latebris
2245 4706 2298 4751 et
2323 4694 2461 4765 quod
2492 4710 2658 4764 prope
2690 4694 2986 4762 twderenl,
3012 4707 3262 4767 caperent
3281 4708 3333 4752 et
3362 4699 3414 4752 in
3437 4714 3587 4753 suam

2009 4795 2328 4860 potestatem
2367 4786 2692 4856 redigerent.
2735 4785 2973 4842 Fuerunt
3002 4789 3142 4843 enim
3175 4790 3393 4844 sceleris
3418 4791 3588 4844 artiti-

2013 4892 2124 4942 ccs,
2171 4877 2296 4931 dum
2344 4878 2560 4947 laqueos
2591 4877 2822 4948 undique
2861 4879 3232 4944 extenderent,
3278 4882 3379 4934 hoc
3427 4896 3590 4934 unum

2015 4970 2114 5025 sibi
2148 4969 2444 5024 faciendum
2472 4977 2788 5035 statuentes,
2815 4978 2872 5024 ιιι
2898 4985 3017 5024 eum
3046 4971 3350 5040 perderent.
3388 4971 3476 5026 Vis
3511 4957 3594 5026 vi-

2015 5062 2144 5116 dere
2181 5060 2448 5130 quomodo
2484 5062 2635 5116 funes
2667 5059 2917 5114 extendat
2946 5060 3228 5115 diabolus?
3255 5060 3387 5115 Vide
3411 5078 3596 5118 rursus

2019 5152 2070 5207 id
2091 5151 2232 5222 quod
2254 5152 2356 5206 Job
2396 5151 2608 5206 accidit.
2635 5150 2771 5218 Quid
2812 5150 2953 5205 enim
2981 5149 3084 5204 illis
3114 5150 3302 5204 latius?
3331 5152 3454 5220 quid
3483 5152 3594 5207 lon-

2019 5241 2160 5313 gius?
2193 5241 2324 5312 quid
2361 5257 2487 5296 vero
2516 5239 2888 5312 propinquius,
2928 5255 3047 5296 cum
3075 5255 3180 5296 non
3208 5241 3379 5297 solum
3410 5244 3462 5298 in
3492 5259 3586 5300 co«

2093 5431 2167 5494 (α)
2191 5433 2396 5495 Semper
2431 5431 2567 5492 (ἀεί).
2603 5431 2686 5480 Slc
2709 5429 3024 5492 interpretari
3064 5430 3193 5479 solet
3225 5428 3402 5492 Aquila
3429 5442 3602 5478 vocem

2032 5489 2460 5570 lle‘lirzeamJHLlD‘.
2488 5489 2576 5576 De,
2595 5489 2926 5574 Diapsalmate
2957 5528 3089 5576 saepe
3127 5489 3340 5566 diximus
3367 5517 3411 5564 in
3435 5517 3603 5566 Hexa-

2035 5585 2150 5661 p’lis:
2185 5558 2660 5661 l'l‘lt‘td‘nporroljl‘in,
2687 5582 2933 5661 Q‘rigencjs
2957 5558 3118 5661 reddit
3142 5586 3242 5658 σςέλ,
3270 5558 3602 5656 Hieronymus

2036 5643 2168 5692 Sela.
2197 5643 2267 5691 De
2302 5643 2381 5691 his
2405 5657 2566 5753 7porro
2584 5643 2809 5692 omnibus
2837 5643 2948 5694 \‘ide
2973 5643 3316 5708 [‘trwlimittaria
3351 5655 3512 5697 nostra
3543 5648 3601 5696 ad

2037 5705 2269 5753 llexanla.
2298 5717 2345 5753 ι).
2373 5703 2398 5752 7
2455 5710 2508 5753 et
2527 5704 2604 5752 80.

2037 5705 2269 5766 llexapla,
2297 5717 2345 5766 p.
2373 5703 2429 5753 77
2455 5710 2508 5755 et
2527 5704 2604 5752 80.
