4012 6280
538 291 638 354 923

531 412 706 482 gnatis
747 420 803 468 et
850 411 1057 478 amicis,
1098 426 1197 466 nec
1233 411 1282 465 in
1315 428 1480 466 uxore
1518 422 1739 479 tantum,
1771 412 1866 467 sed
1893 413 1943 465 in
1981 411 2106 480 ipso

533 505 649 571 ejus
696 517 922 572 corpore
969 503 1215 571 laqueum
1263 501 1580 556 tetenderit?
1610 503 1661 556 7.
1693 501 1816 556 Dixi
1867 500 2100 567 Domino,

532 595 668 647 Deus
695 609 833 646 meus
853 609 905 648 es
930 603 984 646 tu
1009 608 1026 646 :
1056 591 1259 658 exaudi,
1291 592 1521 659 Domine,
1549 608 1717 646 vocent
1742 594 2105 663 deprecationis

532 701 673 738 mete.
712 684 765 740 8.
810 682 1047 749 Domine,
1087 683 1317 748 Domine,
1354 684 1508 737 virtus
1541 685 1718 737 salutis
1755 699 1892 737 mete.
1934 684 2102 749 Alius,

539 777 770 832 Potentia
793 777 972 831 salutis
1009 792 1150 830 meae.
1181 776 1468 845 Postquam
1497 775 1626 830 dixit
1656 776 1848 830 bellum
1885 785 1940 831 et
1977 775 2104 829 insi-

531 869 668 935 dias,
724 877 778 922 et
825 866 1058 922 ostendit
1103 868 1241 921 mala
1293 882 1413 922 esse
1452 866 2104 937 intolerabiliazconfugit

530 960 782 1027 deinceps
819 957 885 1012 ad
914 957 1325 1028 inexpugnabile
1371 957 1646 1024 auxilium,
1670 952 1864 1012 ecaelo
1891 954 2101 1026 adjuto-

534 1067 644 1106 rcm
669 1052 976 1120 implorans,
1005 1050 1093 1121 qui
1124 1051 1236 1104 haec
1259 1058 1430 1118 potest
1459 1049 1697 1119 frangere
1723 1059 1775 1103 et
1798 1047 2099 1118 proﬂigare.

600 1141 824 1213 Afﬂictus
862 1152 914 1193 ut
955 1140 1022 1194 ad
1066 1139 1226 1194 Deum
1271 1139 1549 1208 confugiat.
1573 1169 1643 1178 ——
1671 1138 1784 1193 Hoc
1823 1147 1905 1192 est
1945 1153 2104 1207 argu-

537 1245 766 1290 mentum
793 1234 1038 1304 generosi
1073 1233 1256 1298 animi,
1289 1230 1390 1285 hoc
1426 1241 1507 1286 est
1532 1231 1739 1302 signum
1767 1231 1957 1284 mentis
1983 1244 2102 1299 qute

530 1337 740 1388 tenetur
765 1325 940 1380 studio
977 1325 1272 1394 sapientiae,
1313 1338 1434 1378 cum
1476 1323 1590 1378 haec
1627 1323 2095 1388 circumsteterint,

529 1433 636 1472 non
665 1415 951 1487 confugere
975 1415 1042 1470 ad
1070 1415 1356 1469 humanum
1388 1414 1662 1480 auxilium,
1693 1429 1792 1468 nec
1812 1412 1878 1468 ad
1901 1422 2098 1467 morta-

499 1511 606 1566 les
635 1509 1000 1579 cogitationes,
1046 1507 1140 1563 sed
1181 1507 1233 1562 in
1268 1507 1456 1563 caelum
1500 1506 1788 1576 respicere,
1835 1513 1890 1560 et
1933 1505 2098 1559 Deum

528 1605 614 1672 qui
645 1603 840 1674 ubique
866 1616 1102 1673 praesens
1130 1610 1211 1656 est
1242 1601 1507 1666 invocare,
1540 1615 1646 1653 non
1672 1607 1850 1652 autem
1879 1605 2098 1652 contur-

507 1695 661 1762 bari,
691 1694 938 1750 animove
969 1692 1334 1748 consternari.
1363 1691 1493 1745 Vide
1524 1699 1699 1745 autem
1741 1688 2008 1758 quomodo
2043 1695 2101 1742 ut

524 1800 593 1842 eo
618 1785 834 1855 dignum
862 1791 947 1856 est
962 1783 1127 1837 verba
1148 1782 1403 1837 contexit.
1434 1781 1547 1836 Non
1577 1781 1710 1836 dixit
1737 1780 1899 1846 enim,
1923 1779 1976 1833 lu
1999 1779 2099 1834 hae

529 1887 584 1932 et
608 1875 662 1930 in
688 1875 774 1929 illa
803 1890 863 1928 re
893 1888 978 1928 me
1005 1873 1329 1943 rectegessi,
1357 1886 1474 1939 nec,
1500 1871 1648 1926 lianc
1676 1871 1756 1928 vel
1786 1871 1920 1926 hanc
1944 1869 2099 1940 justi-

528 1969 654 2022 tiam
681 1974 929 2036 operatus
952 1981 1069 2020 sum
1097 1981 1112 2021 :
1137 1963 1231 2020 sed
1253 1964 1416 2033 quid?
1445 1962 1578 2017 Deus
1598 1979 1733 2016 meus
1754 1977 1804 2015 es
1826 1971 1896 2027 tu,
1929 1959 2098 2014 maxi-

524 2074 666 2115 mam
693 2073 906 2116 causam
935 2058 1162 2114 offerens
1195 2074 1291 2113 cur
1317 2066 1461 2128 petat
1505 2057 1776 2120 auxilium,
1800 2055 1938 2126 quod
1971 2069 2098 2110 con-

517 2153 690 2222 fugiat
743 2151 808 2207 ad
851 2151 1150 2214 Dominum,
1196 2149 1470 2219 Opificem,
1501 2158 1568 2204 et
1609 2148 1829 2219 Regem.
1869 2146 2094 2211 Exaudi,

512 2244 758 2308 Domine,
799 2258 966 2296 uocem
995 2241 1356 2312 deprecationis
1395 2255 1534 2304 mete,
1586 2233 1820 2305 Domine,
1860 2235 2093 2304 Domine,

523 2338 678 2390 uirtus
720 2333 899 2389 salutis
929 2348 1070 2389 mete.
1107 2332 1275 2400 Dixit,
1312 2331 1500 2396 Virtus,
1539 2345 1634 2385 seu
1665 2327 1922 2399 potentia,
1967 2329 2096 2382 salu-

525 2427 608 2491 tis,
641 2425 929 2480 ostendens
953 2423 1264 2480 esseetiam
1299 2421 1587 2493 potentiam
1614 2435 1790 2491 poenae
1813 2429 1869 2474 et
1896 2418 2096 2489 suppli-

525 2519 615 2587 cii.
675 2516 779 2572 Sed
827 2515 1118 2586 praebuisti,
1161 2514 1350 2584 inquit,
1402 2512 1532 2569 mihi
1587 2513 1836 2568 virtutem
1886 2511 2091 2566 salutis.

516 2609 682 2662 -l‘otes
718 2607 858 2662 enim
904 2615 957 2660 et
999 2619 1192 2660 nocere
1236 2614 1290 2659 et
1322 2603 1390 2659 de
1433 2603 1608 2659 medio
1638 2603 1860 2658 tollere:
1891 2601 1985 2656 sed
2029 2599 2096 2656 ad

525 2705 695 2754 meam
723 2698 946 2752 salutem
975 2704 1060 2752 tua
1084 2711 1298 2766 semper
1323 2695 1558 2766 potentia
1582 2709 1708 2749 usus
1735 2708 1812 2748 es.
1837 2691 1969 2748 Vide
1997 2707 2094 2747 au-

524 2799 628 2844 tem
654 2803 886 2844 amorem
904 2787 1148 2842 dicentis.
1171 2787 1273 2842 Per
1295 2786 1658 2856 repetitionem
1677 2784 1841 2852 enim,
1865 2792 1920 2839 et
1953 2783 2094 2854 quod

521 2878 794 2949 adjeccrit,
823 2875 1018 2932 Salutis
1043 2892 1185 2943 mea,
1213 2875 1447 2932 ostendit
1466 2890 1710 2946 magnam
1737 2869 2092 2929 affectionem.

525 2969 844 3024 Obumbrasti
889 2985 1041 3039 super
1085 2976 1237 3038 caput
1289 2983 1449 3021 meum
1501 2967 1556 3019 in
1599 2967 1681 3020 die
1721 2965 1857 3019 belli.
1913 2961 2094 3020 Vidisti

519 3068 726 3130 gratum
750 3058 1029 3113 animant?
1055 3057 1237 3113 Priora
1265 3060 1317 3112 in
1346 3057 1655 3111 memoriam
1691 3063 1924 3123 revocat,
1953 3055 2094 3125 quod

519 3167 642 3207 eum
671 3152 874 3207 scilicet
901 3152 953 3206 in
981 3159 1094 3206 tuto
1130 3149 1493 3206 collocaverit.
1544 3148 1657 3203 lloc
1680 3149 1822 3202 enim
1857 3148 1958 3202 sibi
1984 3148 2094 3202 vult

521 3242 648 3298 illud
671 3284 688 3311 ,
743 3241 1082 3298 Obumbrasti.
1129 3241 1261 3297 Vide
1307 3250 1483 3295 autem
1536 3238 1800 3309 quomodo
1845 3237 2092 3294 ostendat

520 3347 675 3402 quam
709 3330 763 3386 id
792 3332 901 3387 Deo
931 3331 1083 3388 facile
1109 3332 1197 3386 sit.
1221 3330 1335 3386 Non
1359 3331 1500 3387 enim
1527 3330 1677 3396 dixit,
1708 3331 1865 3395 Ante,
1893 3329 2009 3397 sed,
2034 3329 2088 3384 In

520 3423 654 3491 ipso,
684 3421 868 3491 inquit,
905 3420 1012 3486 die,
1042 3421 1252 3491 quando
1293 3420 1432 3475 mala
1471 3420 1838 3488 imminebant,
1879 3420 2089 3492 quando

520 3521 632 3568 erat
662 3513 916 3568 instructa
941 3513 1104 3578 acies,
1132 3513 1342 3583 quando
1372 3512 1623 3568 versabar
1649 3513 1700 3567 in
1728 3515 1971 3569 maximis
1998 3529 2090 3584 pe-

520 3605 719 3671 riculis,
765 3613 888 3660 tunc
923 3618 1009 3660 me
1038 3604 1092 3659 in
1124 3613 1235 3658 tuto
1267 3605 1558 3659 collocasti.
1594 3604 1776 3676 Neque
1825 3605 1965 3660 enim
1997 3615 2088 3661 aut

504 3702 795 3765 apparatu,
824 3703 916 3750 aut
953 3693 1319 3750 exhortatione
1358 3695 1463 3748 ulla
1502 3695 1641 3750 Deus
1664 3695 1883 3765 indiget,
1915 3705 1970 3750 ut
1996 3695 2085 3766 qui

509 3787 650 3842 sciat
685 3801 804 3856 quae
843 3794 967 3841 sunt
1010 3785 1312 3856 praesentia,
1358 3783 1550 3848 futura,
1597 3795 1648 3840 et
1679 3787 1966 3855 praeterita,
1995 3785 2085 3855 qui

508 3877 689 3931 omnia
715 3876 906 3946 possit,
943 3891 1156 3946 semper
1185 3875 1343 3941 adsit,
1386 3887 1441 3931 et
1469 3884 1670 3946 praesto
1700 3877 1768 3931 sit
1805 3876 1870 3930 ad
1901 3877 2082 3932 feren-

514 3967 636 4028 dum
660 3967 936 4022 auxilium.
967 3966 1168 4022 Deinde
1194 3967 1480 4023 ostendens
1504 3968 1763 4038 insignem
1788 3967 2078 4034 victoriam,

503 4067 564 4112 et
589 4072 849 4112 summam
874 4058 1236 4126 securitatem,
1258 4074 1364 4115 non
1393 4059 1547 4126 dixit,
1571 4059 1802 4114 Servasti
1831 4075 1914 4115 me
1944 4076 1956 4111 :
1989 4060 2084 4114 sed

509 4152 672 4222 quid?
704 4151 1021 4208 Obum'brasti
1047 4168 1066 4207 :
1091 4151 1196 4210 hoc
1224 4164 1325 4218 est,
1367 4160 1424 4207 ut
1453 4167 1518 4207 ne
1556 4153 1827 4208 minimam
1867 4152 2081 4222 quidem

509 4242 807 4298 molestiam
829 4243 1168 4309 sustinerem,
1194 4243 1437 4310 effecisti,
1459 4259 1521 4298 ac
1542 4259 1607 4298 ne
1627 4253 1812 4298 :nstmn
1832 4243 2042 4314 quidem
2064 4261 2078 4298 :

507 4330 605 4385 sed
627 4345 713 4385 me
738 4332 792 4385 in
824 4340 967 4387 tanta
991 4334 1296 4399 securitate,
1325 4342 1380 4388 et
1408 4349 1510 4388 una
1549 4348 1670 4390 eum
1714 4335 1999 4390 securitate
2029 4335 2079 4388 in

512 4432 655 4478 tanta
676 4423 1006 4492 jucunditate
1040 4434 1095 4479 et
1133 4406 1294 4479 animi
1337 4426 1515 4495 quiete
1555 4426 1850 4490 collocasti,
1892 4435 1952 4481 ut
1983 4441 2081 4482 nec

509 4513 649 4567 ullus
677 4515 823 4568 calor
851 4515 978 4568 mihi
1009 4514 1304 4570 molestiam
1348 4516 1646 4582 exhiberet,
1676 4517 1770 4572 sed
1812 4518 1865 4572 in
1895 4520 2078 4574 umbra

508 4603 745 4670 suaviter
770 4619 1002 4674 agerem,
1030 4605 1165 4660 liber
1189 4607 1392 4663 scilicet
1431 4623 1495 4663 ac
1520 4620 1757 4664 remotus
1789 4626 1820 4664 a
1848 4611 2000 4666 malis
2025 4620 2080 4666 et

506 4692 913 4748 calamitatibus.
941 4694 1200 4762 Quocirca
1230 4680 1504 4766 stﬂijunxit
1553 4699 1701 4764 illud,
1733 4698 2076 4767 Obumbrasti,

507 4800 569 4840 ea
597 4783 803 4839 ratione
842 4785 1001 4839 etiam
1031 4785 1334 4855 significans
1370 4803 1526 4856 quam
1549 4802 1857 4858 promptum
1898 4799 1953 4845 et
1994 4807 2082 4846 ex-

504 4877 738 4949 peditum
771 4877 839 4931 sit
868 4876 958 4931 Dei
985 4876 1261 4942 auxilium,
1285 4893 1475 4948 nempe
1503 4895 1600 4950 per
1629 4880 1828 4934 umbra:
1858 4898 2072 4954 nomen,

505 4967 725 5039 perinde
765 4983 832 5023 ac
878 4969 922 5022 si
969 4968 1193 5032 diceret,
1224 4968 1430 5024 Sufficit
1473 4971 1518 5023 si
1563 4979 1764 5026 tantum
1809 4974 1974 5041 adsis,
2025 4987 2080 5030 et

501 5064 679 5118 omnia
705 5062 875 5117 soluta
915 5070 1086 5116 erunt.
1119 5060 1171 5117 9.
1203 5059 1324 5116 Non
1351 5062 1520 5118 tradas
1542 5079 1636 5127 me,
1666 5063 1899 5132 Domine,
1933 5083 1965 5120 a
1993 5068 2077 5120 de-

498 5154 683 5213 siderio
711 5169 819 5209 meo
857 5155 1125 5225 peccatori.
1158 5153 1328 5220 Alius,
1361 5153 1445 5208 Ne
1473 5154 1580 5220 des,
1609 5153 1845 5220 Domine,
1876 5157 2075 5212 deside-

499 5246 575 5298 ria
604 5245 784 5312 iujusti
824 5243 920 5316 (a).
963 5243 1112 5311 Quod
1153 5236 1330 5299 autem
1373 5244 1523 5311 dicit,
1556 5255 1639 5302 cst
1676 5247 1932 5316 ejusmodi
1963 5249 2076 5305 :Ne

499 5336 761 5394 concedas
778 5334 830 5390 ei
851 5334 1168 5389 desiderium
1199 5351 1353 5390 suum
1382 5347 1566 5391 contra
1605 5352 1710 5402 me,
1741 5337 1789 5391 id
1815 5344 1920 5405 est,
1946 5342 2076 5405 Qua:

500 5424 756 5480 adversus
785 5439 869 5478 me
893 5423 1182 5490 desiderat,
1209 5443 1276 5481 ne
1308 5428 1581 5496 permittas
1611 5438 1663 5482 ut
1689 5429 1800 5498 ipse
1831 5430 2070 5499 impleat.

498 5512 612 5569 Non
632 5512 764 5569 dixit
795 5524 970 5569 autem
1000 5532 1116 5585 qua:
1135 5517 1422 5585 desidet-at,
1445 5519 1560 5586 sed,
1594 5520 1636 5573 Α
1667 5519 1910 5576 desiderio
1941 5539 2069 5587 meo,

557 5685 633 5747 (tt)
667 5693 775 5738 ttae
797 5689 1134 5750 httcrjiretatio
1156 5693 1509 5754 estSymmachi
1537 5703 1589 5746 et
1619 5698 1974 5752 'rheodotionis.

1259 297 1333 352 —S.
1363 295 1648 353 JOANNIS
1682 292 2148 350 CHRYSOSTOMI
2177 294 2488 354 ARCHIEP.
2530 301 3058 360 CONSTANTINUP.
3669 327 3756 385 ωδ

2224 410 2406 466 volens
2461 413 2566 470 tale
2609 418 2732 487 quid
2778 420 3119 488 significare:
3151 441 3216 478 ne.
3268 429 3519 487 tantillum
3567 439 3752 506 quidem

2212 506 2542 592 concesseris
2575 522 2780 575 eorum,
2810 527 2928 580 quae
2969 513 3253 569 desiderat.
3284 518 3438 576 Tales
3472 527 3606 581 enim
3647 547 3755 592 sunt

2213 591 2439 661 improbi
2469 613 2481 648 :
2511 610 2630 650 cum
2673 601 2900 654 maxima
2938 604 3225 672 cupiditate
3254 607 3304 660 in
3338 615 3621 679 proximum
3657 591 3754 676 mos

2213 681 2412 737 liuntur
2437 686 2673 752 insidias,
2705 692 3150 758 quemadmodum
3187 697 3430 755 diabolus
3455 719 3672 777 quoque,
3699 712 3756 768 de

2208 787 2314 869 quo
2339 775 2467 828 dicit
2494 794 2507 830 :
2538 774 2726 832 Circuit
2747 790 3002 852 tamquam
3031 786 3108 838 leo
3141 789 3362 857 rugiens,
3394 774 3610 862 qum-eris
3629 774 3755 869 quem

2209 863 2406 918 devoret
2428 866 2503 937 (l.
2536 867 2676 922 Petr.
2715 870 2766 924 5.
2798 871 2873 941 8).
2903 873 2973 927 Ita
3004 874 3104 929 Job
3124 879 3312 946 cupide
3347 895 3617 951 aggressus
3640 863 3756 949 est:

2212 954 2283 1007 ita
2327 957 2486 1010 etiam
2513 957 2578 1012 de
2621 959 2779 1014 Petro
2812 961 3114 1022 invadenda
3157 970 3526 1026 consultabat:
3559 987 3611 1030 et
3654 980 3757 1035 ideo

2207 1042 2421 1100 dicebat
2450 1065 2462 1100 :
2497 1047 2702 1114 Quoties
2743 1053 2974 1120 expetivit
3001 1065 3048 1107 te
3072 1065 3274 1112 satanas
3301 1061 3522 1117 cribrare
3553 1076 3605 1119 ut
3639 1071 3755 1124 triti-

2206 1150 2320 1188 cum
2349 1135 2502 1205 (Luc.
2525 1137 2614 1190 22.
2641 1139 2772 1211 3|)?
2800 1141 2982 1197 Vidisti
3014 1158 3267 1214 quantam
3309 1150 3549 1208 habuerit
3573 1160 3754 1228 cupidi-

2209 1229 2404 1283 tatem?
2441 1231 2572 1285 Sunt
2611 1233 2768 1287 etiam
2817 1235 3062 1292 homines
3096 1241 3184 1309 qui
3217 1243 3410 1298 invidia
3454 1248 3674 1317 adducti,
3708 1263 3756 1308 et

2205 1317 2345 1387 quod
2388 1319 2540 1374 inalis
2588 1321 2834 1379 lmteutur
2876 1327 3014 1382 illius
3061 1331 3244 1384 vitium
3292 1333 3582 1390 imitantur.
3630 1341 3756 1408 Quos

2204 1407 2417 1476 quidem
2440 1411 2659 1466 miseros
2686 1416 2914 1482 appellat
2937 1418 3207 1488 Scriptura
3231 1421 3438 1488 dicens,
3477 1426 3558 1481 Vae
3583 1407 3664 1498 qui
3680 1433 3758 1486 la-

2210 1501 2388 1553 tamini
2411 1503 2577 1568 malis,
2607 1505 2692 1574 qui
2723 1507 3040 1563 delectantini
3064 1512 3116 1564 in
3158 1517 3414 1570 eversione
3439 1518 3757 1588 improborum

2205 1589 2385 1660 (Prov.
2415 1593 2468 1649 2.
2501 1595 2627 1665 id);
2676 1597 2831 1667 idque
2866 1603 3056 1655 merito
3085 1621 3097 1654 :
3123 1602 3225 1660 hoc
3254 1613 3337 1660 est
3376 1608 3516 1662 enim
3545 1613 3678 1680 pravi
3711 1624 3758 1667 et

2203 1686 2438 1755 corrupti
2476 1688 2659 1742 animi.
2701 1691 2756 1745 Si
2787 1692 2927 1746 enim
2952 1692 3254 1762 dolendum,
3299 1699 3760 1771 ingemiscendum,

2203 1772 2504 1830 deflentium
2540 1789 2622 1833 est
2659 1792 2877 1850 propter
2905 1797 2999 1838 eos
3025 1786 3112 1854 qui
3141 1797 3384 1855 pereunt,
3412 1805 3568 1860 quam
3594 1808 3762 1847 consc-

2203 1877 2431 1936 quentur
2451 1871 2676 1937 veniam,
2707 1883 2796 1926 aut
2819 1890 2918 1943 qua
2945 1885 3162 1932 utentur
3186 1878 3520 1948 defensione,
3548 1884 3633 1954 qui
3663 1897 3763 1939 tan-

2202 1965 2312 2012 tum
2335 1959 2483 2015 abest
2510 1969 2569 2015 ut
2596 1977 2780 2018 eorum
2805 1965 3176 2036 misereantur,
3208 1978 3264 2024 ut
3284 1971 3450 2028 etiam
3476 1976 3763 2044 gaudeant?

2201 2049 2390 2104 Annon
2418 2052 2596 2106 vidisti
2627 2053 2797 2124 ipsum
2826 2072 3034 2128 quoque
3059 2059 3331 2117 Christum
3361 2078 3483 2118 cum
3514 2077 3652 2122 esset
3676 2082 3765 2136 pu-

2201 2139 2447 2208 nitnrus,
2493 2142 2690 2199 deflere
2741 2157 3051 2215 pereuntem
3095 2149 3437 2208 Jerusalem?
3493 2172 3597 2211 non
3633 2157 3764 2212 vides

2200 2229 2358 2312 etiam
2398 2231 2617 2288 Paulum
2661 2245 2879 2307 propter
2904 2238 3128 2294 aliorum
3167 2241 3448 2300 interitum
3479 2256 3766 2315 gementem

2201 2330 2254 2376 et
2285 2321 2597 2391 lugentem?
2637 2325 2742 2381 Sed
2771 2336 2894 2382 sunt
2944 2332 3187 2386 nonnulli
3229 2333 3371 2389 adeo
3402 2336 3690 2405 depravati,
3717 2347 3768 2392 ut

2199 2426 2421 2467 suorum
2467 2417 2724 2470 malorum
2769 2418 3013 2475 solatium
3042 2420 3242 2477 alienas
3283 2439 3559 2480 aerumnas
3599 2426 3768 2482 existi-

2200 2511 2367 2558 ment.
2393 2501 2750 2574 Cogitaaerunt
2776 2505 2967 2585 contra
2991 2527 3088 2576 nte,
3130 2529 3194 2567 ne
3230 2513 3558 2586 derelinquas
3595 2534 3687 2583 me,
3716 2533 3770 2571 ns

2200 2595 2330 2664 forte
2364 2596 2646 2651 exaltentur
2671 2615 2868 2670 semper
2905 2601 3007 2672 (a).
3052 2603 3171 2659 Hoc
3199 2605 3346 2660 enim
3379 2609 3484 2663 sibi
3515 2611 3626 2664 vult
3652 2609 3768 2664 Dia-

2199 2685 2414 2756 psalnta.
2444 2687 2611 2755 Alius,
2644 2689 2726 2744 Ne
2749 2691 2998 2760 discedas,
3024 2711 3086 2748 ne
3103 2695 3232 2762 forte
3251 2697 3570 2754 exaltentur.

2272 2775 2536 2832 Meditatio
2563 2779 2615 2832 in
2639 2781 2770 2834 vitiis
2790 2783 3043 2851 pessima;
3069 2785 3246 2839 uitium
3272 2787 3372 2841 sibi
3403 2789 3504 2858 ipsi
3524 2805 3667 2858 pana
3684 2799 3764 2844 est.

2198 2894 2269 2907 —
2297 2866 2408 2922 Hoc
2453 2878 2535 2923 est
2579 2871 2821 2928 scelerati
2860 2881 2914 2927 et
2959 2877 3194 2944 corrupti
3237 2880 3434 2946 animi,
3478 2881 3690 2952 quando
3725 2891 3774 2936 et

2197 2958 2423 3012 consilio
2464 2969 2520 3015 et
2559 2961 2670 3016 otio
2710 2973 2765 3017 et
2800 2963 3146 3021 meditatione
3183 2982 3322 3038 opus
3362 2979 3450 3025 est
3481 2971 3549 3025 ad
3579 2973 3770 3027 vitium.

2196 3046 2312 3103 Non
2359 3050 2627 3107 sufficiunt
2666 3069 2784 3124 qua:
2825 3065 3044 3126 repente
3087 3058 3262 3115 fiunt:
3307 3076 3421 3117 non
3465 3064 3612 3118 enim
3657 3065 3774 3119 satis

2197 3149 2319 3192 sunt
2351 3139 2418 3194 ad
2458 3155 2558 3198 nos
2583 3142 2884 3212 perdendos
2907 3160 3028 3215 quae
3053 3156 3252 3204 temere
3296 3159 3356 3206 et
3394 3151 3775 3209 inconsiderate

2197 3238 2492 3299 patrantur,
2535 3233 2628 3288 sed
2673 3235 2918 3302 consilio,
2961 3247 3205 3310 tempore
3248 3253 3307 3297 et
3351 3244 3779 3301 consideratione

2193 3321 2290 3376 tibi
2309 3336 2442 3390 opus
2467 3324 2638 3386 estad
2666 3325 2870 3381 vitium.

2265 3413 2319 3468 4.
2360 3414 2600 3483 Quanam
2647 3433 2777 3488 ergo
2813 3420 2975 3474 uteris
3003 3419 3336 3493 defensione,
3382 3441 3512 3482 cum
3558 3426 3778 3482 studium

2195 3513 2249 3560 et
2271 3504 2596 3578 diligentiam
2627 3509 2868 3578 adhibes,
2899 3521 2957 3566 ut
2987 3513 3173 3568 vitium
3213 3531 3506 3585 exerceas,
3550 3535 3670 3574 cum
3693 3533 3780 3587 pro

2193 3595 2348 3650 malis
2384 3596 2638 3652 faciendis
2678 3601 2968 3666 consultas,
3009 3613 3064 3657 et
3109 3605 3284 3659 socios
3321 3607 3636 3664 adsciscis?
3675 3608 3777 3665 Sed

2191 3685 2312 3741 vide
2327 3686 2476 3742 istius
2493 3687 2863 3744 humilitatem.
2879 3689 2994 3746 Non
3017 3691 3150 3748 dixit
3165 3695 3332 3760 enim,
3353 3697 3435 3752 Ne
3451 3699 3781 3768 derelinquas

2193 3792 2300 3842 me,
2327 3780 2577 3848 quoniam
2599 3795 2715 3836 sum
2739 3781 2950 3853 dignus,
2985 3800 3052 3840 ne
3078 3801 3164 3842 me
3192 3787 3554 3862 derelinquas
3573 3800 3782 3864 propter

2191 3870 2351 3924 vitam
2383 3871 2436 3925 in
2466 3871 2661 3927 virtute
2701 3885 2873 3929 actam
2901 3893 2914 3929 :
2943 3875 3036 3930 sed
3071 3878 3232 3944 quid?
3263 3879 3354 3935 Ne
3386 3887 3527 3952 forte
3556 3884 3776 3937 exaltan-

2191 3970 2314 4026 tur;
2342 3960 2444 4018 hoc
2478 3972 2581 4030 est,
2611 3963 2689 4019 Ne
2718 3965 2847 4019 fiant
2871 3969 3284 4038 arrogantiores,
3322 3981 3383 4027 et
3413 3989 3488 4029 ne
3532 3975 3586 4028 in
3618 3973 3780 4043 majoo

2189 4065 2302 4106 rem
2330 4052 2599 4122 erigantur
2625 4054 2960 4110 insolentiam
3005 4067 3220 4126 propter
3258 4076 3446 4116 meam
3477 4065 3782 4120 derelictio—

2190 4156 2330 4197 nem.
2368 4143 2455 4198 10.
2482 4141 2648 4213 Caput
2673 4145 2911 4201 circuitus
2944 4163 3137 4216 eorum,
3177 4151 3322 4206 labor
3354 4153 3618 4209 labiorunt
3646 4157 3778 4226 ipso-

2188 4251 2300 4288 rum
2325 4235 2512 4306 aperiet
2537 4252 2638 4291 eos.
2677 4238 2847 4304 Alius,
2887 4237 3218 4296 Exaccrbatio
3247 4260 3435 4299 eorum
3463 4250 3554 4319 qui
3585 4265 3664 4303 me
3691 4249 3786 4301 cir-

2187 4327 2446 4393 cumdant,
2498 4327 2638 4381 labor
2687 4328 2932 4383 labiorum
2967 4331 3193 4400 ipsorum
3236 4338 3447 4416 aperiat
3499 4342 3640 4410 ipsos
3691 4338 3782 4409 (lt).

2187 4416 2479 4472 Circuitum
2519 4417 2604 4472 hic
2633 4418 2762 4473 dicit
2803 4431 3142 4488 conventum,
3184 4440 3541 4495 consessum,
3588 4432 3784 4500 impro-

2187 4509 2308 4563 bam
2352 4508 2641 4578 officiuam,
2693 4511 2916 4567 scelesta
2950 4515 3193 4568 consilia.
3222 4515 3388 4583 Quod
3429 4531 3618 4576 autem
3664 4520 3784 4575 dicit

2185 4609 2269 4655 est
2309 4600 2568 4669 ejusmodi
2603 4619 2618 4656 :
2653 4602 2769 4672 Ipsa
2816 4604 3072 4659 scelerata
3120 4609 3372 4675 consilia,
3424 4622 3486 4667 et
3526 4623 3690 4682 caput
3733 4625 3790 4664 ac

2185 4709 2391 4746 summa
2424 4692 2649 4764 improbi
2672 4705 2726 4750 et
2751 4695 3024 4765 depravati
3058 4700 3242 4765 animi,
3268 4701 3394 4770 ipsa
3419 4720 3524 4759 eos
3555 4704 3791 4760 obruerit

2185 4793 2240 4838 et
2265 4784 2574 4854 perdiderit.
2606 4785 2776 4840 Labor
2817 4787 3063 4843 labiorum
3103 4791 3360 4859 ipsorum.
3397 4794 3680 4852 Laborem
3712 4796 3792 4848 hic

2184 4883 2342 4928 vocat.
2385 4875 2802 4944 improbitatem.
2836 4877 2943 4934 Res
2970 4887 3054 4935 est
3084 4881 3228 4935 enim
3254 4881 3548 4950 ejusmodi
3589 4887 3789 4954 impro-

2186 4968 2321 5022 bitas
2356 4985 2368 5020 :
2403 4968 2554 5023 all'ert
2597 4969 2646 5024 ci
2690 4970 2780 5038 qui
2827 4970 2973 5024 illam
3025 4971 3262 5041 possidet
3320 4977 3590 5044 exitium,
3639 4991 3695 5034 et
3739 4985 3792 5030 ut

2183 5059 2437 5114 obruatur
2466 5059 2645 5115 efficit.
2688 5061 2801 5116 lloc
2837 5061 2888 5116 in
2933 5062 3094 5117 David
3131 5065 3349 5119 accidit.
3383 5067 3792 5139 Exspectabam

2183 5151 2327 5205 enim
2355 5150 2468 5206 fore
2493 5161 2548 5206 ut
2590 5151 2642 5204 in
2685 5152 2823 5205 mala
2853 5153 3162 5223 gravissima
3187 5153 3469 5213 incideret
3496 5176 3512 5213 :
3550 5159 3643 5215 ille
3671 5169 3791 5213 vero

2181 5243 2350 5296 evasit
2376 5242 2589 5297 clarior.
2615 5239 2794 5308 Certe,
2826 5243 3017 5314 inquit,
3044 5244 3142 5300 sed
3174 5244 3274 5300 hoc
3296 5261 3420 5302 non
3442 5265 3642 5320 quaero
3670 5269 3685 5305 :
3710 5263 3792 5302 vc-

2245 5392 2316 5457 (a)
2341 5395 2544 5457 semper
2573 5392 2713 5457 fasi):
2742 5392 2848 5444 Hoc
2872 5405 2934 5443 ex
2962 5393 3154 5457 Aquilia
3185 5390 3426 5457 editione
3461 5399 3788 5457 desumptum

2181 5455 2295 5505 esse
2318 5455 2533 5505 videtur.
2557 5457 2659 5515 Qua
2676 5455 2761 5516 _de,
2778 5468 2834 5504 re
2873 5455 3068 5504 necnon
3093 5456 3157 5502 de
3192 5455 3556 5516 Diapsalmate
3588 5455 3702 5507 vide
3735 5471 3787 5505 ea

2218 5529 2299 5582 me
2323 5517 2471 5582 paulo
2496 5513 2612 5582 ante
2638 5513 2940 5582 dicebamus.
2979 5517 3096 5582 Haec
3117 5528 3263 5578 porro
3285 5513 3478 5582 Vlectio
3514 5522 3567 5570 in
3596 5522 3787 5582 vulgata

2218 5530 2294 5566 me
2323 5530 2471 5578 paulo
2496 5530 2610 5565 ante
2638 5530 2940 5566 dicebamus.
2979 5530 3096 5566 uase
3117 5530 3263 5578 porro
3303 5530 3478 5567 tecuo
3514 5530 3567 5570 tn
3596 5530 3786 5582 vulgata

2181 5530 2490 5628 intiochena
2535 5575 2756 5638 editione
2799 5575 2951 5626 fuisse
2983 5576 3214 5638 videtur,
3256 5582 3319 5626 ut
3365 5579 3482 5630 alia
3524 5584 3686 5632 multa
3729 5593 3786 5628 ex

2185 5637 2680 5701 Origenis-Hexaplis
2701 5637 2975 5701 desumpta,
3137 5699 3148 5701 _
3203 5637 3207 5638 ί
3581 5645 3594 5658 ⁸

2249 5699 2319 5762 (b)
2348 5699 2460 5750 Haec
2495 5699 2840 5762 interpretatio
2861 5699 2937 5749 est.
2954 5699 3097 5763 juxta
3129 5699 3521 5763 Symmachum.
