4012 6280
324 230 429 286 59.5

322 360 439 400 rum
463 341 688 398 ostende
709 337 973 410 quomodo
995 337 1208 409 proprio
1228 336 1450 391 consilio
1474 334 1707 392 confossi
1733 334 1904 405 perie-

324 442 469 498 runt,
515 441 572 487 et
609 430 695 486 die
744 429 833 485 ubi
880 430 978 484 hoc
1008 428 1267 483 evenerit.
1300 428 1358 481 ln
1401 427 1653 483 fratribus
1680 425 1901 498 Ioseph.

323 525 455 580 Cum
480 525 622 579 enim
645 522 842 579 vellent
861 538 980 577 eum
1007 536 1221 577 servum
1243 519 1419 575 facere
1447 535 1509 575 ac
1534 518 1780 592 perdere,
1806 519 1906 589 ipsi

325 626 626 671 extremum
654 613 955 683 perieulum
992 611 1259 665 adierunt.
1291 608 1451 680 Atqui
1496 617 1552 665 et
1591 609 1644 663 in
1674 609 1904 664 servitu-

325 718 432 764 tem
459 715 514 763 et
556 707 609 762 in
640 715 889 769 mortem,
912 713 1166 774 quantum
1194 702 1248 756 in
1292 701 1371 757 eis
1396 700 1519 767 fuit,
1545 700 1633 757 ille
1657 700 1906 757 detrusus

322 809 427 855 est.
456 798 525 853 Et
553 797 787 854 Absalon
815 811 938 852 cum
963 794 1242 849 invasisset
1270 792 1631 864 tyrannidem,
1658 800 1714 848 et
1741 792 1905 848 vellet

328 899 530 959 patrem
572 887 817 959 perdere,
845 888 960 956 ipse
990 901 1084 954 per
1109 899 1227 940 eam
1248 892 1433 954 captus
1461 892 1562 939 est.
1588 883 1674 938 ll.
1715 882 1907 937 Cadent

326 997 478 1049 super
503 996 587 1034 eos
616 978 857 1033 carbones
881 977 1011 1047 ignis
1035 993 1055 1029 :
1074 975 1124 1028 in
1150 975 1315 1046 ignem
1344 974 1546 1042 dejicies
1571 974 1727 1042 ipsos.
1755 971 1908 1040 Quod

327 1071 477 1135 dicit,
507 1080 589 1125 est
614 1067 876 1140 ejusmodi
903 1086 917 1122 :
949 1064 1155 1122 Sufficit
1174 1063 1389 1135 quidem
1410 1064 1493 1119 vel
1518 1064 1690 1134 ipsum
1721 1063 1908 1121 vitium

328 1161 396 1214 ad
447 1176 543 1216 eos
589 1159 910 1230 perdendos,
962 1158 1049 1227 qui
1103 1157 1276 1227 ipsum
1321 1153 1911 1227 complectunturzsed

326 1268 449 1306 cum
500 1268 567 1308 eo
609 1252 738 1306 iram
779 1265 990 1321 quoque
1040 1247 1297 1303 divinitus
1344 1247 1635 1302 immissum
1679 1246 1910 1301 sustine-

325 1343 481 1398 bunt.
509 1344 775 1399 Carbones
799 1353 978 1396 autem
1010 1340 1144 1409 ignis
1170 1350 1223 1396 et
1250 1345 1424 1410 ignem
1447 1339 1533 1394 hic
1561 1339 1689 1394 dicit
1709 1338 1905 1409 supplio

326 1437 495 1500 cium,
517 1434 657 1504 quod
679 1449 709 1488 a
742 1433 874 1488 caelo
903 1432 1220 1485 immittitur.
1255 1430 1410 1500 Sa‘pe
1438 1438 1615 1486 autem
1640 1444 1760 1485 cum
1793 1430 1911 1499 ipso

326 1541 542 1595 quoque
569 1526 689 1594 igne
726 1522 1019 1577 immissum
1046 1530 1148 1586 cst,
1178 1530 1238 1575 ut
1277 1520 1468 1575 accidit
1497 1520 1637 1574 circa
1672 1520 1906 1589 Dathan,

327 1615 489 1676 Core.
519 1623 573 1669 et
593 1613 814 1678 Abiron,
842 1620 896 1666 et
921 1613 1062 1666 circa
1083 1626 1177 1666 eos
1202 1611 1290 1681 qui
1320 1610 1589 1665 fornacem
1622 1610 1908 1682 Babyloni-

327 1721 448 1759 cam
484 1704 963 1760 circumsistebant.
1009 1702 1070 1757 In
1120 1703 1352 1766 miseriis,
1392 1711 1437 1756 et
1478 1719 1578 1756 non
1621 1702 1906 1757 subsistent.

324 1784 501 1864 Alius,
530 1796 720 1851 Cadent
747 1797 797 1849 in
826 1799 1016 1865 foveas,
1047 1812 1112 1849 ne
1138 1803 1401 1866 resurgant
1428 1792 1529 1868 (α).
1571 1794 1741 1859 Alius,
1774 1793 1909 1848 Pro-

329 1906 467 1959 pere,
498 1900 545 1942 et
571 1905 670 1941 non
700 1888 1078 1943 resurrexerint.
1113 1886 1420 1941 Secundum
1446 1902 1611 1941 unum
1647 1887 1909 1956 interpre-

330 1988 437 2035 tem
478 1981 597 2036 talis
633 1988 715 2035 est
750 1978 1010 2035 sententia
1045 1997 1058 2032 :
1089 1978 1163 2032 lta
1195 1992 1288 2034 eos
1316 1978 1498 2047 perde,
1544 1986 1601 2033 ut
1643 1993 1749 2034 non
1790 1994 1907 2034 am-

328 2070 466 2140 plius
496 2080 791 2142 resurgant.
816 2068 1119 2128 Secundum
1140 2069 1364 2124 alterum
1387 2084 1536 2135 vero,
1565 2068 1697 2125 Cum
1718 2085 1909 2142 magna

326 2162 603 2217 celeritate
629 2179 645 2218 :
679 2162 780 2216 hoc
804 2161 945 2216 enim
975 2159 1075 2214 sibi
1102 2160 1209 2214 vult
1244 2159 1393 2224 illud,
1420 2157 1664 2230 Propere.

398 2235 613 2325 Lingua:
636 2253 946 2324 petulantia;
972 2261 1230 2323 peccatum
1251 2252 1500 2307 venationi
1534 2268 1625 2307 cur
1649 2268 1909 2325 compare-

327 2351 503 2397 tur.—
523 2343 608 2397 12.
637 2341 729 2397 Vir
755 2344 1014 2414 linguosus
1060 2358 1160 2396 non
1203 2342 1444 2413 dirigetur
1478 2342 1532 2395 in
1576 2351 1723 2397 terra.
1757 2343 1912 2401 Post»

326 2449 487 2502 quam
512 2433 643 2488 dixit
666 2433 731 2487 de
760 2432 835 2488 ira
868 2433 982 2498 Dei,
1023 2433 1255 2487 ostendit
1298 2446 1481 2487 rursus
1522 2432 1692 2503 ipsum
1729 2449 1824 2504 per
1849 2448 1909 2490 se

276 2575 297 2582 -
326 2524 511 2579 vitium
550 2523 816 2589 sufﬁcere,
860 2532 916 2578 ut
956 2523 1039 2578 sui
1087 2538 1424 2594 possessores
1458 2523 1666 2592 perdat.
1692 2524 1911 2580 Nonest

326 2627 505 2671 autem
534 2614 636 2671 hoc
663 2632 872 2687 quoque
898 2631 1113 2687 parvum
1158 2615 1325 2687 genus
1362 2614 1738 2685 improbitatis,
1789 2630 1909 2671 esse

324 2709 487 2763 nimis
530 2708 868 2773 insolentem,
911 2715 966 2762 et
1008 2707 1238 2776 linguam
1285 2721 1390 2761 non
1430 2720 1588 2775 posse
1636 2705 1905 2762 cohibere.

326 2800 650 2870 ngnosum
678 2801 817 2855 enim
851 2798 935 2854 hic
963 2798 1092 2853 dicit
1122 2797 1389 2853 hominem
1430 2796 1780 2867 petulantem,
1811 2812 1908 2853 nu-

331 2899 592 2960 gatorem,
638 2888 975 2954 maledicum,
1025 2890 1113 2960 qui
1163 2889 1319 2942 latrat
1361 2887 1595 2952 assidue,
1638 2887 1729 2957 qui
1775 2902 1908 2943 cane

335 2979 502 3034 nihilo
526 2988 606 3035 est
632 2981 818 3036 melius
843 2981 1083 3037 allectus.
1133 2980 1226 3035 Dic
1268 2994 1397 3052 ergo
1438 2979 1611 3051 qualis
1659 2986 1743 3034 est
1791 2979 1909 3053 ejns

327 3069 552 3125 fructus.
598 3069 718 3126 Non
764 3071 1027 3142 dirigetur,
1071 3072 1260 3140 inquit,
1311 3072 1364 3125 in
1408 3078 1562 3125 terra.
1609 3070 1761 3125 Alius
1803 3071 1902 3141 (ὸ),

324 3163 450 3217 Non
475 3165 772 3229 stabilietur,
801 3163 901 3218 hoc
929 3173 1029 3229 est,
1073 3163 1368 3233 dejicietur,
1418 3171 1708 3228 evertetur,
1760 3162 1905 3231 peri-

322 3252 420 3307 bit.
473 3253 569 3307 llic
614 3264 698 3308 est
745 3254 942 3309 fructus
982 3252 1223 3307 maledici
1257 3270 1272 3308 :
1302 3262 1384 3307 est
1419 3250 1665 3305 omnibus
1699 3250 1904 3319 hostis,

321 3347 571 3402 erunibus
594 3347 863 3413 molestus,
901 3345 1076 3418 gravis
1101 3354 1153 3400 et
1181 3344 1422 3401 acerbus.
1449 3342 1905 3410 Quemadmodum

320 3453 451 3508 ergo
480 3438 569 3507 qui
599 3445 683 3493 est
711 3438 874 3502 mitis,
926 3420 1130 3506 patiens
1172 3444 1226 3489 et
1276 3434 1430 3499 lenis,
1472 3442 1526 3488 et
1565 3434 1665 3487 scit
1707 3442 1902 3503 tacere,

323 3538 468 3584 tutus
516 3538 619 3592 est,
665 3538 846 3600 gratus
886 3537 940 3582 et
963 3526 1230 3595 jucundus
1252 3525 1497 3581 omnibus
1524 3542 1544 3601 ,ε
1574 3526 1642 3579 ita
1670 3526 1757 3595 qui
1787 3526 1905 3580 talis

321 3628 427 3685 est,
461 3620 619 3673 vitam
649 3619 759 3689 agit
786 3618 1041 3673 lubricam
1072 3630 1126 3674 et
1153 3618 1305 3672 valde
1336 3617 1708 3686 periculosam,
1744 3617 1903 3674 undi-

321 3726 427 3780 que
448 3710 857 3765 innumerabiles
885 3710 1126 3765 inimicos
1153 3708 1218 3763 ad
1258 3724 1317 3763 se
1345 3722 1625 3764 accersens
1653 3717 1708 3763 et
1734 3717 1901 3764 attra-

323 3800 480 3869 hens,
527 3810 583 3857 et
622 3810 746 3855 ante
789 3801 920 3854 alios
958 3815 1105 3854 suam
1147 3799 1378 3854 animam
1406 3799 1748 3863 conturbans,
1798 3814 1903 3855 non

323 3895 506 3948 sinens
535 3909 653 3948 eam
682 3895 975 3962 quiescere,
1004 3892 1098 3946 sed
1138 3892 1297 3945 etiam
1338 3891 1484 3945 nullo
1520 3890 1568 3943 ei
1607 3890 1904 3945 molestiam

324 3985 641 4050 exhibente,
690 3983 1103 4040 innumerabiles
1130 3982 1382 4037 tumultus
1410 3991 1463 4036 et
1488 3982 1621 4036 bella
1650 3982 1788 4035 intus
1815 3997 1907 4037 ex-

325 4076 515 4131 citans.
597 4073 771 4128 Virum
822 4074 1062 4145 injustam
1116 4072 1253 4126 mala
1308 4072 1506 4139 capient
1541 4071 1594 4124 in
1629 4070 1903 4126 interitum.

327 4167 401 4220 lta
433 4167 593 4221 etiam
623 4164 750 4220 dicit
778 4163 913 4219 alius
937 4163 1149 4234 sapiens
1178 4181 1191 4216 :
1215 4160 1513 4233 lniquitatcs
1539 4162 1699 4214 virum
1722 4174 1908 4218 uenan-

323 4267 408 4310 tur
449 4255 538 4325 (c).
575 4255 704 4310 Vide
743 4268 926 4310 rursus
951 4254 1133 4309 vitium
1163 4252 1410 4308 sullicere
1434 4249 1647 4309 adeum
1683 4249 1907 4320 perden-

316 4342 448 4396 dum
476 4340 564 4408 qui
596 4338 646 4391 id
679 4338 859 4391 habet.
906 4337 1013 4392 Sed
1060 4351 1161 4405 qua
1192 4337 1261 4391 de
1290 4352 1455 4392 causa
1489 4338 1666 4408 posuit
1709 4352 1902 4394 nomen

315 4429 658 4485 venationis?
707 4427 772 4482 Ut
814 4427 995 4481 videas
1039 4426 1092 4481 id
1142 4442 1264 4483 esse
1311 4428 1639 4495 inevitabile,
1671 4438 1729 4484 ut
1775 4433 1903 4496 etsi,

240 4588 251 4593 η
316 4537 442 4575 cum
476 4519 669 4588 injuste
701 4527 753 4574 te
779 4532 958 4587 geras,
991 4532 1097 4572 non
1150 4518 1323 4572 statim
1372 4519 1597 4586 incidas,
1628 4535 1734 4575 non
1779 4520 1902 4583 ideo

313 4612 393 4668 sis
434 4611 574 4665 bono
606 4618 660 4665 et
686 4609 879 4665 ﬁdenti»
909 4611 1110 4665 animo.
1141 4610 1287 4665 Talis
1333 4612 1475 4667 enim
1523 4623 1607 4668 est
1646 4615 1897 4670 venatio:

314 4719 423 4757 non
479 4717 727 4771 semper,
778 4717 876 4756 nec
924 4702 1165 4770 protinus
1212 4704 1668 4770 assequiturzsed
1717 4714 1895 4762 tamen

313 4793 562 4860 quamvis
606 4792 658 4845 in
707 4793 992 4847 venatione
1034 4807 1141 4846 non
1187 4794 1463 4859 capiantur
1510 4792 1670 4856 ferte,
1709 4811 1778 4850 ne
1818 4798 1897 4853 sic

312 4883 529 4953 quidem
554 4893 678 4938 tuta:
705 4884 997 4948 sunt,.licet
1025 4883 1230 4953 laqueis
1258 4883 1492 4940 nondum
1524 4885 1631 4940 sint
1658 4887 1896 4956 implica-

313 4986 403 5033 tae.
436 4976 517 5031 Ita
539 4977 699 5030 etiam
731 4992 834 5030 non
865 4975 1099 5031 conlidat
1127 4975 1305 5030 anima
1352 4993 1469 5045 qua:
1521 4979 1717 5051 injuste
1747 4980 1891 5048 facit,

311 5067 415 5120 etsi
445 5068 683 5120 nondum
713 5076 868 5135 capta
900 5068 967 5121 sit
992 5085 1005 5120 :
1030 5066 1316 5137 aliquando
1349 5068 1491 5122 enim
1539 5067 1798 5138 capietur.
1834 5072 1892 5127 Si

310 5162 393 5215 vis
434 5163 487 5217 in
532 5172 644 5217 toto
671 5178 812 5231 esse,
841 5177 991 5218 cessa
1036 5162 1150 5219 haec
1180 5176 1357 5233 agere,
1386 5173 1440 5219 et
1482 5178 1671 5234 magna
1703 5163 1894 5225 frueris

374 5295 448 5357 la)
472 5296 589 5347 Hinc
617 5298 746 5357 prior
770 5297 1110 5358 interpretatio
1135 5295 1331 5358 videtur
1362 5308 1474 5344 esse
1497 5294 1638 5355 juxta
1662 5295 1890 5347 Theodo-

309 5356 512 5420 tionem.
535 5359 648 5407 licet
665 5356 958 5420 aliquantum
978 5359 1132 5407 variet
1154 5360 1200 5404 in
1225 5357 1462 5419 llexaplis
1486 5359 1684 5420 nostris,
1712 5358 1795 5408 ubi
1820 5359 1897 5409 νίς

306 5418 457 5467 desis.
486 5421 737 5469 Posterior
751 5418 896 5478 cujus
915 5421 977 5467 sit
998 5422 1264 5481 ignoratur.

370 5481 443 5541 (bl
471 5482 593 5538 Ouis
617 5488 679 5531 stt
699 5482 776 5530 hic
798 5483 1044 5541 interpres
1069 5481 1335 5541 ignoratur.

373 5539 442 5602 (ε)
469 5543 583 5592 Haec
606 5546 763 5602 primo
786 5539 1042 5602 conspectu
1078 5539 1138 5590 ἐκ
1177 5539 1271 5590 alio
1293 5542 1416 5590 libro
1444 5541 1700 5602 desumpta
1721 5540 1887 5589 viden-

306 5606 413 5714 ii";
445 5605 535 5715 selegi
566 5601 679 5655 sunt
699 5605 841 5666 juxta
878 5601 1269 5666 interpretationi
1287 5617 1339 5655 In
1369 5603 1657 5666 Symmachi.
1682 5601 1807 5653 Vide
1840 5617 1904 5653 m-

353 5679 482 5715 cxan
502 5681 560 5715 IS.
677 5678 683 5683 ·
1685 5692 1700 5713 ο

353 5678 560 5720 exsulis.
677 5678 683 5683 ’

1414 216 1771 275 EXPOSITIO
1808 216 1873 271 1N
1901 214 2220 274 PSALMUM
2257 217 2412 277 CXL.

3489 224 3592 284 426

2014 335 2314 391 securitate.
2357 334 2471 390 Con
2496 341 2669 389 autem
2697 332 2850 401 dixit,
2884 335 2951 390 In
2980 336 3279 392 interitum?
3327 337 3589 405 Quoniam

2012 427 2161 481 multi
2201 426 2481 495 capiuntur
2523 424 2589 480 ad
2628 426 2851 481 salutem
2883 443 2894 478 :
2926 427 3090 497 utqui
3117 426 3184 482 ab
3210 429 3486 497 apostolis,
3537 442 3594 485 ut

2011 518 2100 589 qui
2127 534 2157 573 a
2182 519 2380 573 sanctis
2413 517 2559 573 viris.
2607 518 2673 572 At
2701 533 2804 572 non
2837 518 2985 583 mali,
3013 519 3226 589 quando
3251 535 3345 574 eos
3370 531 3595 578 venatur

2014 611 2235 675 vitium;
2277 611 2371 666 sed
2414 610 2480 665 ad
2532 610 2818 681 perniciem
2861 620 2916 667 et
2955 612 3245 667 interitum.
3279 613 3343 668 Et
3369 628 3591 670 eorum.

2014 716 2046 757 c
2090 703 2311 774 vestigio
2361 703 2541 758 vitium
2587 702 2930 771 consequitur
2967 703 3593 776 SttppliciunﬂProptcr

2016 794 2226 852 Domini
2271 796 2628 851 clementiam.
2687 796 2742 851 Si
2787 796 2929 852 enim
2982 797 3141 854 vellet
3171 797 3237 854 de
3276 815 3598 871 unoquoque

2015 902 2200 942 eorum
2257 888 2345 959 qui
2415 895 2649 958 peccant
2701 889 2954 958 protinus
3003 890 3316 961 supplicium
3359 908 3591 957 sumere,

2012 976 2121 1051 jam
2171 979 2401 1033 maxima
2446 993 2512 1033 ex
2570 986 2720 1048 parte
2781 977 3046 1036 sublatum
3110 988 3252 1036 esset
3303 980 3594 1039 lmmanutn

2016 1082 2201 1137 genus.
2256 1068 2341 1123 l5.
2404 1066 2625 1139 Cognovi
2687 1069 2807 1137 quia
2854 1069 3006 1138 faciet
3054 1069 3301 1127 Dominus
3339 1073 3596 1141 judicium

2016 1155 2226 1225 inapum
2248 1166 2296 1210 et
2326 1157 2596 1211 vindictam
2636 1174 2931 1229 pauperum.
2977 1159 3060 1214 H.
3096 1158 3449 1216 Verumtamen
3465 1165 3596 1234 justi

2018 1247 2386 1315 conﬁtebuntur
2441 1249 2634 1303 nomini
2687 1259 2794 1316 tuo,
2859 1259 2905 1305 et
2967 1250 3265 1307 Itabitabuns
3319 1256 3603 1311 recti‘cum

2018 1335 2162 1390 vultu
2202 1346 2308 1392 tuo.
2346 1338 2518 1405 Alius,
2560 1321 2713 1410 Apud
2762 1339 2955 1395 vultum
3011 1350 3172 1398 tuum.
3231 1343 3336 1399 Pro
3383 1345 3597 1403 Habita-

2018 1427 2140 1482 bunt
2186 1438 2385 1497 autem,
2425 1429 2562 1486 alius
2604 1431 2751 1497 dicit,
2790 1430 3166 1488 Permanebunt
3205 1433 3303 1507 (a),
3344 1438 3595 1507 et-alins,

2019 1516 2275 1573 Sedebant
2322 1535 2341 1572 :
2384 1529 2439 1575 et
2485 1535 2581 1590 pro
2622 1519 2883 1593 Cognovi,
2950 1522 3091 1579 Scio.
3144 1523 3405 1593 Quoniam
3452 1531 3596 1583 enim

2018 1608 2173 1675 dixit,
2229 1610 2584 1678 venabuntur,
2625 1620 2680 1668 et
2719 1612 2991 1683 peribunt,
3034 1629 3132 1670 nec
3157 1617 3389 1674 ostendit
3415 1619 3593 1677 statim

2018 1698 2298 1757 imminere
2335 1701 2655 1770 supplicium
2687 1719 2702 1756 :
2730 1718 2799 1758 ne
2838 1704 2956 1774 quis
2993 1720 3060 1760 ex
3098 1709 3453 1767 crassioribus
3479 1710 3599 1767 ideo

2017 1788 2330 1844 redderetur
2374 1790 2760 1861 negligentior,
2810 1793 3085 1863 subjunvit
3138 1796 3286 1865 illud,
3335 1796 3597 1877 Cogitavi,

2016 1881 2303 1935 ostendens
2348 1880 2399 1936 id
2439 1882 2656 1936 omnino
2700 1881 2953 1939 futurum.
2994 1884 3095 1952 Qui
3122 1888 3264 1943 enim
3292 1888 3484 1958 injuria
3522 1890 3599 1944 af-

2018 1969 2141 2025 fecti
2177 1980 2322 2041 sunt,
2366 1988 2471 2027 non
2500 1973 2787 2029 manebunt
2816 1973 2987 2029 inulti.
3012 1976 3282 2048 Pauperes
3307 1981 3599 2037 autemhic

2017 2079 2123 2119 non
2159 2064 2406 2135 intelligit
2447 2064 2690 2122 absolute
2727 2082 3017 2137 pauperes,
3067 2070 3160 2129 sed
3202 2086 3301 2135 eos
3334 2075 3422 2145 qui
3472 2083 3599 2129 sunt

2014 2154 2172 2210 valde
2212 2154 2460 2222 humiles,
2515 2156 2605 2225 qui
2651 2166 2775 2212 sunt
2807 2159 3042 2215 contriti.
3085 2160 3209 2216 llaec
3233 2173 3409 2223 autem
3434 2163 3558 2220 dicit
3582 2207 3596 2228 .

2014 2261 2108 2303 eos
2147 2248 2235 2318 qui
2266 2248 2457 2317 injuria
2485 2247 2809 2325 afﬁciuntur,
2857 2250 3158 2316 consolans,
3190 2262 3244 2307 et
3268 2268 3363 2311 eos
3391 2256 3478 2325 qui
3514 2255 3595 2311 fa-

2016 2339 2165 2394 ciunt
2201 2337 2471 2408 injuriam,
2519 2321 2794 2411 corrigens
2831 2338 3230 2411 admonensque
3260 2359 3273 2395 :
3306 2352 3363 2398 ut
3391 2321 3488 2403 nec
3524 2345 3598 2403 illi

2015 2439 2231 2504 propter
2274 2445 2480 2487 moram
2504 2429 2809 2503 desperent,
2848 2447 2947 2488 nec
2970 2431 3023 2486 hi
3054 2444 3269 2506 pr0pter
3290 2435 3596 2495 dilationem

2015 2521 2307 2576 reddantur
2329 2520 2685 2577 socordiores.
2735 2522 2927 2578 Dilatio
2963 2524 3105 2579 enim
3145 2524 3293 2582 ducit
3330 2527 3396 2583 ad
3424 2532 3597 2599 paeni-

2017 2612 2237 2666 tentiam
2271 2628 2284 2664 :
2315 2626 2439 2667 eum
2477 2621 2655 2668 autem
2685 2613 2775 2684 qui
2804 2624 3124 2683 perseverat,
3169 2618 3319 2687 punit
3338 2621 3552 2690 gravius
3582 2645 3595 2679 :

2016 2705 2175 2777 idque
2208 2707 2419 2761 merito.
2471 2705 2681 2774 Quare?
2713 2705 2866 2774 Quod
2896 2723 3016 2763 cum
3046 2709 3096 2763 in
3123 2725 3184 2765 se
3214 2720 3410 2771 tantam
3440 2713 3595 2771 boni-
3638 2720 3641 2721 ⁷

2014 2803 2177 2850 tatem
2214 2796 2492 2860 senserint,
2532 2810 2863 2866 nequaquam
2890 2798 3138 2854 meliores
3161 2802 3445 2857 evaserint.
3487 2805 3594 2860 Co-

2013 2887 2120 2957 gita
2170 2901 2397 2954 namque
2442 2897 2637 2958 quanta
2681 2888 2750 2944 sit
2770 2889 2861 2944 Dei
2903 2889 3204 2957 clementia,
3250 2895 3464 2963 quando
3501 2913 3595 2955 eos

2014 2980 2104 3050 qui
2144 2988 2266 3034 sunt
2304 2979 2403 3033 sibi
2447 2979 2664 3046 addicti,
2716 2980 2855 3035 mala
2885 2982 2985 3050 pati
3029 2983 3300 3050 permittit,
3340 3002 3440 3045 nec
3467 2988 3595 3045 uici-

2015 3072 2201 3137 scitur,
2239 3071 2421 3126 volens
2446 3078 2499 3125 te
2527 3072 2835 3141 poenitentia
2864 3072 3139 3128 meliorem
3170 3073 3365 3130 facere.

2085 3161 2237 3217 Ratio
2273 3178 2308 3215 α
2358 3160 2462 3217 Deo
2500 3179 2602 3216 non
2636 3164 2907 3234 poscenda.
2947 3193 3019 3204 —
3068 3162 3416 3223 Verumtamen
3456 3170 3587 3239 justi

2012 3254 2383 3324 conﬁtebuntur
2426 3254 2619 3309 nomini
2668 3264 2774 3317 tuo.
2834 3254 2971 3323 Quid
3014 3264 3096 3309 est
3137 3257 3276 3326 quod
3319 3257 3495 3315 dicit?
3533 3261 3612 3317 ln-

2016 3363 2381 3420 quocumque,
2427 3346 2626 3417 inquit,
2659 3345 2926 3411 evenerit,
2960 3346 3032 3401 illi
3062 3356 3218 3418 agent
3240 3350 3473 3420 gratias:
3498 3368 3591 3408 seu
3640 3362 3647 3378 '

2015 3437 2242 3492 viderint
2281 3436 2510 3492 humiles
2538 3434 2747 3506 injuriis
2775 3435 2893 3491 all'et
2912 3443 3023 3504 tos,
3054 3453 3146 3492 seu
3188 3440 3355 3498 malos
3384 3441 3549 3499 elatos
3573 3489 3589 3509 ,

2014 3544 2121 3583 non
2152 3528 2364 3598 exigent
2389 3529 2647 3583 rationem
2674 3542 2770 3582 cur
2796 3527 2882 3584 illa
2910 3528 3071 3585 [ianua
3086 3527 3197 3585 Hoc
3234 3540 3319 3586 est
3345 3533 3485 3591 enim
3510 3538 3615 3593 vel

2014 3620 2244 3674 maxime
2258 3619 2547 3689 justorum,
2567 3634 2781 3688 semper
2799 3628 2852 3674 et
2873 3618 2926 3673 in
2943 3620 3190 3674 mortibus
3202 3621 3398 3691 gratias
3413 3638 3591 3696 agere.

2016 3712 2083 3766 Et
2109 3711 2400 3766 habitabant
2422 3711 2542 3765 recti
2562 3728 2677 3767 eum
2697 3711 2945 3771 vultutuo
2964 3726 2982 3764 :
2999 3711 3100 3766 hoc
3121 3720 3222 3778 est,
3246 3711 3414 3769 Tuum
3440 3728 3590 3772 asse-

2015 3803 2162 3877 quuti
2191 3803 2463 3867 auxilium,
2497 3810 2553 3857 et
2577 3800 2645 3857 de
2675 3810 2726 3856 te
2755 3817 2876 3859 cum
2904 3801 3014 3862 suis
3043 3802 3234 3855 animis
3262 3804 3551 3874 cogitantes
3574 3847 3591 3877 ,

2014 3908 2227 3961 semper
2269 3902 2442 3947 tecum
2483 3901 2779 3967 versantes,
2822 3906 2854 3945 a
2896 3900 2949 3947 te
2981 3906 3265 3960 tiuuiquam
3304 3892 3590 3952 recedent:

2014 3981 2270 4063 quidquid
2299 3981 2556 4047 evenerit,
2588 3981 2719 4036 nihil
2746 3996 2994 4050 umquam
3016 3980 3094 4036 eis
3121 3997 3261 4051 tegre
3288 3982 3465 4049 fuerit,
3495 4001 3592 4041 nec

2015 4075 2081 4130 de
2109 4075 2188 4129 eis
2216 4090 2335 4144 quae
2380 4072 2658 4136 accident,
2708 4087 2958 4145 umquam
3000 4080 3309 4140 querentur.
3355 4072 3467 4130 Hoc
3512 4086 3591 4134 est

2016 4165 2157 4221 enim
2184 4165 2346 4220 animi
2378 4163 2664 4219 immobilis
2683 4204 2699 4228 ,
2728 4162 2830 4216 hoc
2860 4163 3023 4216 liruun
3049 4162 3242 4227 mentis
3269 4178 3334 4220 ac
3360 4165 3591 4237 stabilis,

2016 4274 2125 4325 non
2163 4275 2385 4330 poscere
2425 4275 2457 4315 a
2496 4259 2720 4317 Domino
2754 4272 2938 4316 eorum
2979 4271 3097 4328 qua:
3134 4253 3268 4317 ﬁunt
3308 4256 3590 4330 rationem.

2009 4328 2270 4408 Quocirca
2319 4343 2528 4397 dicebat
2573 4344 2767 4399 Paulus
2808 4363 2821 4398 :
2860 4347 3239 4414 Verumtamen,
3270 4363 3302 4405 o
3329 4328 3502 4417 homo,
3530 4359 3586 4406 tu

2007 4434 2120 4499 quis
2151 4449 2204 4487 es
2232 4433 2322 4503 qui
2342 4434 2650 4504 respondeas
2686 4434 2829 4490 Deo?
2853 4435 3117 4507 Numquid
3138 4440 3261 4494 dicit
3287 4441 3586 4514 ﬁgmentum

2005 4522 2186 4591 ﬁgulo,
2238 4522 2343 4577 Cur
2388 4541 2466 4578 me
2504 4526 2669 4595 fecisti
2710 4528 2782 4581 sic
2810 4520 2985 4600 (Rom.
3023 4529 3073 4585 9.
3115 4529 3239 4603 20)?
3270 4533 3381 4588 lloc
3425 4533 3584 4604 igitur

2006 4616 2167 4669 modo
2197 4631 2295 4673 nos
2336 4633 2548 4688 quoque
2591 4633 2808 4689 semper
2847 4630 3001 4691 grato
3041 4622 3210 4681 simus
3254 4626 3454 4694 animo,
3480 4642 3584 4696 pro

2004 4707 2253 4762 omnibus
2283 4708 2391 4762 Deo
2413 4709 2612 4777 gratias
2633 4719 2851 4778 agentes
2877 4727 2890 4765 :
2916 4712 3166 4781 quoniam
3192 4714 3242 4769 ei
3264 4715 3607 4785 διατίθημι-⁵

2005 4800 2197 4854 tiarum
2225 4802 2387 4868 actio,
2418 4811 2473 4856 et
2501 4801 2765 4867 adoratio,
2797 4817 2936 4858 nunc
2963 4811 3019 4859 et
3054 4818 3292 4876 semper,
3324 4814 3378 4859 rt
3404 4805 3457 4859 in
3492 4805 3578 4863 in.-

2002 4889 2148 4946 ﬁnita
2175 4891 2380 4947 steculn
2398 4892 2981 4955 saeculorum..Amen..
3310 4898 3315 4904 ’

2471 5004 2541 5059 ΙΝ
2574 5004 2902 5065 PSALIIUM
2940 5003 3097 5063 CXL.

2000 5118 2053 5176 ι.
2102 5117 2335 5185 Domine,
2365 5118 2580 5171 cluuiani
2619 5117 2689 5169 ad
2735 5127 2800 5179 te,
2831 5114 3017 5169 exaudi
3058 5129 3139 5169 nte
3170 5126 3190 5165 :
3220 5111 3431 5167 intende
3472 5107 3581 5164 uoci

2385 5225 2529 5276 metu,
2556 5226 2676 5263 cum
2698 5210 2981 5262 clamavero
3020 5207 3090 5260 ad
3116 5215 3203 5261 ιρι.⁸

2070 5321 2123 5376 1».
2156 5319 2325 5390 Hujus
2352 5322 2569 5392 quidem
2594 5322 2790 5376 Psalmi
2820 5321 2982 5376 verba
3003 5334 3140 5391 pone
3162 5335 3349 5377 omnes
3372 5322 3573 5387 sciunt,

1906 5424 1907 5429 ‘
1994 5423 2046 5467 et
2070 5428 2161 5480 per
2185 5429 2399 5468 omnem
2421 5424 2630 5469 :etatem
2650 5424 2906 5485 perpetuo
2926 5422 3122 5468 canunt
3140 5414 3288 5485 :quis
3304 5415 3375 5469 sit
3393 5424 3571 5469 autem

1995 5518 2186 5559 sensus
2207 5520 2412 5571 eorum,
2428 5521 2545 5575 qua:
2565 5504 2706 5561 dicta
2728 5514 2871 5572 sunt,
2891 5506 3153 5559 ne:ciunt.
3172 5503 3325 5573 Quod
3350 5503 3567 5577 quidem

2062 5659 2131 5720 (α)
2167 5658 2283 5710 Hinc
2309 5661 2650 5724 interpretatio
2675 5667 2752 5713 ost
2770 5662 2909 5725 juxta
2931 5660 3290 5727 Symmachum.
