4012 6280
446 231 546 284 ινὶῚ

447 365 556 402 non
587 355 669 401 est
699 357 856 415 parva
901 340 1314 411 reprehensione
1341 341 1552 409 dignum
1579 381 1594 404 ,
1625 353 1716 393 eos
1747 337 1833 408 qui
1859 336 2034 408 quoti-

449 439 538 495 die
565 444 782 498 canunt,
815 443 867 490 et
891 449 985 489 ore
1013 434 1170 488 verba
1201 433 1492 502 proferunt,
1523 448 1627 484 non
1656 446 1896 500 quaerere
1928 430 2032 482 vim

447 527 870 591 setitetttiarum,
919 541 1039 595 qute
1081 525 1132 578 in
1179 523 1260 576 his
1295 522 1468 575 verbis
1511 522 1626 575 sine
1665 531 1806 574 sunt.
1850 519 1955 573 Sed
1990 519 2035 573 si

451 622 644 677 viderit
671 619 883 689 quidem
915 617 1176 686 quispiam
1205 629 1394 683 aquam
1429 630 1610 683 puram
1643 623 1692 666 et
1722 611 2032 681 limpidam,

452 730 558 768 non
598 725 658 767 se
686 710 949 774 tenuerit,
996 707 1122 777 quin
1167 707 1232 760 ad
1280 721 1396 758 eam
1447 703 1698 768 accedat,
1743 712 1952 770 tangat,
1983 710 2036 755 et

455 806 626 868 bibat;
659 811 710 857 et
736 801 823 871 qui
852 801 904 854 in
932 809 1138 868 pratmn
1169 795 1382 851 assidue
1424 795 1749 866 ingreditur,
1794 793 1892 846 nisi
1921 792 2033 846 col-

453 896 603 950 lectis
633 896 780 963 prius
805 892 1003 961 aliquot
1045 888 1262 942 tioribus
1282 929 1297 953 ,
1333 885 1584 942 recedere
1627 884 1842 939 minime
1871 881 2033 937 susti-

454 986 628 1040 nuerit
652 1003 664 1038 :
694 999 788 1037 vos
812 993 988 1037 autem
1009 981 1096 1050 qui
1126 979 1192 1033 ab
1221 979 1434 1032 ineunte
1463 987 1618 1031 :etate
1644 974 1710 1029 ad
1739 983 2031 1029 extremam

451 1092 620 1145 usque
647 1084 970 1130 senectutem
1011 1071 1152 1125 hunc
1196 1070 1464 1125 Psalmum
1504 1067 1868 1131 meditamini,
1901 1064 2032 1119 nihil

449 1167 594 1222 aliud
620 1181 777 1236 quam
805 1165 965 1221 verba
994 1172 1249 1232 perpetuo
1273 1161 1482 1223 tenetis,
1505 1160 1761 1214 absconso
1784 1157 2034 1212 thesauro

452 1273 495 1309 a:
513 1256 696 1312 sidetis
717 1297 730 1318 ,
773 1255 1100 1324 obsignatam
1131 1265 1440 1306 crumenam
1460 1249 1832 1314 circumfertis,
1854 1257 1908 1302 et
1934 1261 2034 1301 nec

451 1366 478 1401 a
511 1348 815 1404 curiositate
842 1345 1054 1415 quidem
1103 1343 1348 1397 incitatus
1377 1348 1460 1396 est
1485 1339 1742 1409 quispiam
1774 1347 1831 1392 ιιι
1858 1338 2031 1392 disce-

449 1450 550 1504 ret,
581 1436 705 1507 qnid
745 1445 826 1490 est
855 1434 993 1505 quod
1019 1434 1208 1488 dicitur
1233 1449 1243 1484 :
1271 1447 1375 1486 non
1401 1430 1660 1499 qua-sivit,
1697 1444 1800 1482 non
1831 1438 2032 1482 scruta-

453 1541 537 1583 tus
580 1535 680 1584 est.
727 1529 1054 1595 Quamquam
1104 1541 1202 1579 nec
1249 1521 1376 1577 illud
1421 1521 1633 1591 quidem
1678 1520 1779 1573 dici
1823 1528 2028 1589 potest,

449 1635 568 1674 eum
595 1628 738 1674 esset
767 1619 1006 1672 l‘salmus
1035 1624 1274 1685 apertus,
1305 1628 1493 1668 omnes
1525 1613 1755 1666 invitavit
1787 1612 1851 1666 ad
1882 1626 2030 1665 som-

450 1725 577 1764 num
602 1749 617 1776 ,
655 1724 756 1764 nec
800 1708 919 1762 sivit
946 1716 1003 1761 ut
1029 1714 1354 1776 qumreretur
1379 1702 1517 1773 quod
1544 1713 1658 1756 erat
1684 1702 1746 1756 ad
1791 1716 2024 1755 manum.

451 1802 545 1856 list
571 1801 714 1855 enim
741 1799 999 1854 obscurus
1022 1838 1035 1862 ,
1065 1795 1362 1864 sul‘ﬁcitque
1398 1793 1464 1848 ad
1502 1809 1622 1846 eum
1652 1791 1984 1846 excitandum
2011 1833 2026 1857 ,

450 1896 541 1964 qui
573 1909 678 1948 non
710 1893 867 1946 nimis
895 1889 1156 1959 profunde
1197 1887 1396 1946 dormit
1416 1927 1429 1949 ,
1478 1887 1583 1940 imo
1608 1901 1728 1940 eum
1757 1885 1913 1939 etiam
1941 1884 2028 1961 qui

451 1986 671 2039 unmino
700 1983 915 2038 dortnit.
944 1980 1080 2048 Quid
1126 1981 1265 2034 enim
1294 1987 1375 2032 est
1402 1977 1524 2032 illud
1550 2017 1565 2043 ,
1615 1977 1666 2031 4.
1701 1975 1783 2030 Ne
1815 1977 2031 2030 declines

450 2094 538 2130 cor
562 2092 722 2129 meum
751 2075 804 2128 in
833 2075 976 2128 verba
1006 2072 1250 2126 malitia?
1274 2069 1398 2141 qttid
1427 2085 1573 2136 vero,
1598 2070 1649 2121 5.
1679 2068 1924 2138 Corripiet
1953 2083 2032 2121 me

442 2171 616 2238 justus
641 2167 690 2219 in
719 2164 1062 2218 trtiseticordia
1080 2204 1096 2230 ,
1146 2173 1192 2215 et
1221 2161 1496 2229 increpabit
1521 2161 1636 2214 me?
1663 2159 1812 2226 Quod
1853 2167 2028 2213 autem

401 2272 412 2328 τ
448 2260 813 2328 consequitur,
842 2259 957 2322 dic,
987 2269 1190 2326 qtneso,
1218 2270 1393 2308 annon
1423 2263 1502 2308 est
1528 2253 1848 2324 quibuslibet
1876 2259 2029 2306 tene-

448 2355 559 2409 bris
595 2349 1010 2406 tenebricosius?
1041 2348 1290 2417 Quoniam
1337 2346 1502 2398 adhuc
1531 2354 1576 2397 et
1621 2343 1781 2398 oratio
1825 2359 1933 2395 mea
1975 2342 2027 2396 in

449 2443 770 2513 beneplucitis
796 2457 984 2494 eorum.
1009 2439 1062 2494 6.
1088 2437 1320 2507 Absorpti
1347 2445 1464 2490 sunt
1476 2435 1639 2506 juncti
1661 2445 1815 2505 petra:
1829 2434 2028 2504 judice:

448 2550 642 2588 eorum.
676 2531 927 2597 Quamvis
955 2539 1126 2583 tamen
1156 2537 1232 2582 tot
1260 2527 1366 2581 sint
1392 2526 1637 2590 obscura,
1669 2524 1827 2579 veluti
1855 2522 2026 2592 quod-

449 2624 572 2678 dam
598 2623 880 2685 canticum,
906 2637 966 2674 ea
994 2619 1140 2674 multi
1168 2618 1352 2673 leviter
1377 2625 1804 2687 praitercurrunt.
1833 2614 1936 2669 Sed
1961 2629 2029 2669 ne

445 2713 574 2768 dum
617 2713 669 2768 in
697 2711 1110 2782 reprehensione
1138 2710 1358 2763 nimium
1400 2709 1772 2771 immoramur,
1803 2706 2027 2761 molesta

445 2805 638 2862 evadat
665 2805 854 2869 oratio,
887 2819 983 2874 age
1008 2803 1071 2857 ad
1101 2818 1160 2856 ea
1193 2818 1310 2872 qua:
1337 2801 1473 2856 dicta
1504 2809 1625 2855 sunt
1651 2799 2026 2871 perscrutanda

447 2899 742 2952 veniamus.
773 2896 880 2952 Sed
905 2897 1183 2965 diligenter
1209 2895 1464 2948 attendite
1490 2911 1501 2946 :
1527 2909 1699 2962 neque
1731 2893 1872 2948 enim
1901 2901 2026 2961 puto

449 2991 613 3045 fuisse
643 3000 843 3045 temere
880 2987 1152 3042 decretum
1193 3003 1223 3039 a
1269 2985 1540 3055 patribus,
1583 2994 1640 3037 ut
1680 2984 1762 3038 bic
1789 2983 2027 3038 Psaltnus

449 3098 671 3152 vespere
699 3082 965 3136 diceretur
984 3078 1218 3154 quotidie
1240 3076 1339 3154 (α),
1368 3092 1537 3148 neque
1567 3085 1780 3151 propter
1809 3076 1858 3130 id
1885 3075 2027 3145 quod

451 3175 504 3227 in
535 3188 602 3228 eo
630 3171 823 3226 dicitur
847 3215 862 3237 ,
907 3170 1135 3226 Elevatio
1178 3185 1419 3223 manuum
1459 3184 1684 3225 mearum
1723 3168 2026 3236 sacriﬁcium

450 3265 806 3332 vespertinum.
851 3262 980 3317 Nam
1026 3261 1256 3330 idipsum
1300 3273 1511 3329 quoque
1552 3260 1602 3312 in
1645 3259 1762 3312 aliis
1801 3257 2027 3320 Psalmis

450 3353 675 3418 dicitur,
713 3351 1158 3422 quemadmodum
1203 3350 1256 3404 in
1301 3350 1390 3404 illo
1419 3349 1506 3419 qui
1537 3349 1664 3403 dicit
1690 3367 1704 3402 :
1731 3347 1944 3425 Vespere
1980 3359 2025 3402 et

453 3460 600 3497 mane
627 3453 672 3497 et
699 3443 904 3496 meridie
929 3442 1145 3496 narrabo
1175 3452 1232 3496 et"
1256 3442 1563 3495 annuntiabo
1591 3439 1758 3511 (Psal.
1789 3442 1876 3495 54.
1911 3441 2023 3510 l8).

454 3535 522 3589 Et
552 3548 755 3598 rursus,
786 3531 928 3586 Tuus
955 3541 1025 3586 est
1052 3532 1176 3594 dies,
1205 3541 1252 3584 et
1282 3541 1368 3584 tua
1395 3541 1465 3584 est
1485 3548 1585 3585 nox
1608 3530 1776 3603 (Psal.
1799 3533 1883 3587 73.
1913 3533 2021 3602 16).

452 3627 518 3679 Et
549 3639 731 3678 rursus
749 3665 764 3689 ,
805 3621 1017 3699 Vespere
1046 3622 1386 3677 demorabitur
1423 3624 1569 3692 ﬂetus
1594 3665 1606 3686 ,
1635 3633 1679 3675 et
1708 3624 1757 3676 in
1785 3626 2026 3678 matutino

453 3715 720 3770 exsultatio
763 3714 930 3785 (Psal.
975 3713 1064 3770 29.
1110 3713 1200 3785 6),
1245 3723 1300 3769 et
1344 3715 1494 3775 multi
1539 3724 1761 3783 possunt
1803 3716 2028 3771 inveniri

457 3807 651 3863 Psalmi
681 3807 769 3876 qui
799 3809 1099 3881 vespertino
1130 3806 1352 3874 tempori
1392 3807 1725 3860 conveniant.
1758 3806 1872 3861 Non
1900 3821 2026 3877 ergo

455 3907 731 3967 propterea
778 3895 918 3953 hunc
965 3896 1231 3956 Psalmum
1278 3896 1627 3956 decreverunt
1670 3907 1880 3966 patres,
1931 3896 2027 3952 sed

450 4001 717 4058 nunquam
747 3988 976 4042 salutare
999 3987 1209 4056 aliquod
1241 3986 1580 4056 pharmacum
1611 3995 1664 4043 et
1691 3997 2025 4056 peccatorum

454 4083 739 4152 piaculum,
762 4090 820 4136 ut
844 4081 888 4135 is
916 4081 1203 4144 diceretur,
1231 4080 1641 4146 constituerunt,
1673 4089 1730 4133 ut
1754 4094 2026 4150 quiecum-

453 4190 557 4244 que
583 4174 768 4233 sordes
793 4183 884 4227 aut
909 4175 1128 4228 macula:
1158 4174 1350 4229 fuerint
1373 4189 1402 4226 a
1425 4173 1577 4236 nobis
1601 4183 1710 4228 toto
1735 4173 1821 4229 die
1849 4188 2028 4228 suscee

452 4274 558 4334 pne
582 4305 597 4329 ,
636 4263 762 4318 dum
791 4263 872 4317 vel
903 4264 953 4316 in
995 4263 1146 4330 foro,
1177 4265 1260 4318 vel
1289 4263 1466 4328 domi,
1499 4263 1583 4318 vel
1613 4264 1664 4317 itt
1693 4279 2028 4334 quocumque

449 4355 556 4407 alio
582 4354 698 4408 loco
727 4368 1000 4408 versamur
1019 4395 1033 4418 ,
1064 4369 1156 4408 cas
1180 4369 1300 4408 eum
1330 4353 1396 4408 ad
1424 4369 1700 4423 vesperum
1727 4355 2030 4424 perveneri-

451 4458 604 4510 mus,
649 4459 746 4512 per
788 4444 1057 4511 spirituale
1101 4443 1202 4498 hoc
1244 4460 1456 4498 carmen
1500 4445 1882 4515 abstergamus.
1931 4444 2028 4500 Est

441 4534 595 4588 enim
621 4533 1061 4588 medicamentum
1088 4533 1226 4602 quod
1256 4533 1394 4588 delet
1419 4534 1534 4590 haec
1553 4537 1748 4589 omnia.
1777 4534 1924 4590 Talis
1946 4544 2028 4590 est

451 4623 613 4679 ctiam
670 4622 910 4677 Psalmus
958 4625 1245 4678 matutinus
1280 4643 1292 4680 :
1326 4625 1456 4679 nihil
1509 4626 1650 4680 enim
1701 4634 1842 4681 vetat
1888 4626 2026 4681 illitts

452 4728 664 4787 quoque
692 4713 922 4767 breviter
961 4713 1284 4768 meminisse.
1317 4717 1573 4776 Accendit
1598 4717 1739 4774 enim
1778 4718 1829 4772 in
1862 4718 2024 4772 Demn

449 4804 771 4860 desiderium
791 4844 806 4868 ,
855 4813 908 4858 et
947 4804 1181 4857 animum
1209 4805 1439 4870 excitat,
1484 4821 1547 4865 ac
1573 4815 1846 4877 postquam
1876 4809 2027 4864 valde

450 4895 813 4958 inﬂammavit,
845 4909 1140 4965 magnaque
1161 4895 1388 4964 replevit
1412 4896 1590 4949 lietitia
1616 4905 1670 4949 et
1693 4898 1931 4960 caritate,
1957 4899 2026 4954 ita

448 4987 708 5057 permittit
735 4986 1009 5040 accedere.
1044 4984 1327 5040 Videamus
1363 4994 1538 5040 autem
1582 4985 1845 5040 undenatn
1892 4987 2025 5041 inei-

446 5078 576 5147 piat,
595 5085 648 5133 et
670 5076 794 5146 quid
820 5091 918 5130 nos
942 5075 1167 5130 doceat:
1190 5074 1345 5140 Deus,
1363 5075 1498 5130 Deus
1517 5093 1672 5140 meus,
1699 5078 1767 5132 ad
1784 5088 1831 5131 te
1843 5078 1906 5134 de
1920 5077 2030 5134 luce

445 5171 617 5240 vigilo.
632 5170 801 5225 Sitivit
819 5180 864 5223 te
879 5170 1050 5223 anima
1066 5185 1175 5223 mea
1188 5167 1355 5238 (Psal.
1378 5169 1465 5224 62.
1488 5170 1562 5241 1).
1585 5169 1742 5226 Vides
1763 5175 2028 5241 quomodo

451 5261 680 5315 ostendit
723 5261 939 5314 verbum
984 5260 1293 5314 inﬂammati
1343 5261 1540 5314 animi?
1586 5261 1682 5316 Ubi
1729 5272 1813 5318 est
1850 5274 2027 5319 autem

453 5364 598 5405 arnor
620 5351 733 5415 Dei,
752 5353 926 5405 onmia
951 5351 1087 5405 mala
1117 5351 1373 5406 recedunt
1390 5371 1402 5405 ;
1422 5352 1509 5406 ubi
1532 5361 1618 5407 est
1637 5353 1724 5408 Dei
1747 5355 2025 5424 memoria,

453 5441 556 5498 illic
585 5452 669 5497 est
713 5455 1046 5511 peccatorum
1088 5443 1304 5511 oblivio,
1355 5454 1410 5499 et
1457 5445 1716 5499 malorum
1759 5447 2002 5502 interitus

513 5642 585 5705 (α)
620 5642 702 5690 llic
725 5638 930 5691 t‘saltnus
953 5643 1167 5704 quotidie
1193 5645 1484 5694 recitabatur
1507 5647 1779 5696 Antiochia.

1193 222 1246 279 S.
1285 221 1556 281 JOANNIS
1596 218 2064 277 CIIRYSOSTOMI
2104 217 2418 274 ARCHIEP.
2459 218 2989 281 CONSTANTINOP.

3635 234 3741 293 «128

2145 331 2235 388 Sic
2259 334 2308 388 in
2329 345 2498 389 sancto
2523 338 2740 406 apparni
2768 338 2875 405 tibi,
2913 349 2966 393 ut
2995 339 3213 396 viderem
3244 343 3475 399 virtutem
3497 353 3661 410 (nam,
3688 361 3736 403 rt

2145 427 2362 496 gloriam
2389 437 2524 480 tuam
2554 427 2720 500 (Pent.
2746 430 2834 484 62.
2859 429 2933 502 5).
2954 430 3087 499 Quid
3121 442 3228 498 est,
3265 433 3354 489 Sic
3372 435 3398 488 Ρ
3423 435 3560 491 Cum
3591 437 3694 493 hoc
3715 481 3731 504 ,

2144 516 2333 584 inquit,
2359 516 2643 586 desiderio,
2667 535 2786 574 eum
2813 520 2912 576 hac
2937 511 3243 590 dilectione,
3269 537 3327 579 ut
3350 526 3560 581 videam
3590 537 3736 584 tuam

2142 608 2387 676 gloriam,
2411 625 2528 680 qua:
2556 620 2732 680 potest
2756 611 2952 680 ubique
2978 615 3166 669 videri.
3209 615 3314 671 Sed
3347 634 3414 672 ne
3439 634 3505 674 eo
3534 620 3628 689 qui
3656 631 3738 676 est

2144 715 2252 770 prae
2298 702 2543 757 manibus
2590 703 2815 771 relicto,
2864 705 3025 760 alium
3074 707 3246 762 obiter
3298 708 3733 778 introducamus,

2144 792 2454 847 transmisso
2481 793 2720 849 auditore
2745 793 2822 868 (ιι)
2848 795 2916 851 ad
2944 812 3006 852 ea
3036 813 3156 868 quae
3185 797 3252 854 de
3280 799 3372 855 illo
3394 800 3536 856 dicta
3566 814 3693 858 sunt
3717 847 3730 866 ,

2140 881 2207 935 ad
2233 897 2294 936 ea
2325 898 2444 952 quae
2472 893 2598 937 sunt
2625 885 2780 938 nobis
2807 887 3072 956 proposita
3103 889 3442 963 accedamus.

2212 971 2414 1026 Clamor
2455 975 2509 1026 in
2549 990 2695 1027 sacra
2733 975 3002 1044 Scriptura
3044 979 3205 1047 quid;
3229 981 3421 1036 clantor
3443 985 3634 1039 cordis.
3664 1016 3733 1027 —-

2143 1063 2277 1130 Quid
2331 1063 2416 1118 hic
2465 1079 2592 1134 ergo
2635 1065 2798 1120 dicit?
2829 1067 3060 1132 Domine,
3108 1066 3321 1125 clamavi
3352 1073 3422 1126 ad
3443 1079 3731 1139 te,'ea:uudi

2137 1169 2236 1207 me.
2267 1154 2422 1221 Quid,
2457 1170 2658 1224 quaeso,
2687 1155 2857 1210 dicis?
2888 1159 3135 1226 quoniam
3163 1160 3426 1230 clamasﬁ,
3454 1165 3535 1218 vis
3566 1181 3728 1220 exan-

2137 1243 2258 1305 diri.
2282 1254 2330 1298 et
2363 1261 2481 1300 eam
2512 1245 2668 1300 aliens
2691 1247 2892 1316 justam
2921 1264 3144 1305 causam
3173 1268 3268 1307 cur
3296 1256 3640 1313 exaudiaris?
3663 1262 3728 1314 Iis

2137 1349 2264 1404 ergo
2288 1336 2376 1406 qui
2401 1351 2588 1406 magna
2619 1348 2672 1392 et
2699 1339 2993 1394 vehementi
3017 1356 3146 1398 voce
3176 1344 3489 1416 intonsaque
3520 1352 3733 1418 pra-diti

2136 1435 2278 1491 sunt,
2301 1441 2436 1496 opus
2465 1427 2719 1484 est?Sed
2772 1429 2874 1486 hoe
2927 1431 3086 1488 fuerit
3132 1449 3160 1487 a
3213 1438 3418 1492 ratione
3469 1441 3722 1497 alienum.

2136 1514 2270 1582 Quid
2292 1517 2433 1570 enim
2452 1519 2687 1586 peccavit
2710 1519 2798 1588 qui
2827 1529 2910 1575 est
2938 1537 3096 1590 parva
3127 1534 3181 1578 et
3207 1527 3332 1580 exili
3350 1543 3500 1596 voce,
3523 1533 3722 1588 tardae-

2136 1611 2240 1675 que
2261 1615 2315 1660 et
2342 1606 2693 1675 impeditioris
2719 1610 3146 1680 linguaiiNonne
3169 1615 3287 1669 talis
3311 1628 3420 1671 erat
3453 1619 3648 1687 Moses,
3671 1633 3725 1676 et

2137 1699 2255 1766 plus
2281 1713 2440 1766 quam
2462 1713 2649 1753 omnes
2674 1700 3098 1758 exaudiebatur?
3127 1720 3304 1760 nonne
3323 1707 3491 1764 «ιιισωὶ
3519 1711 3721 1766 clama-

2137 1789 2268 1842 bant
2321 1790 2441 1859 plus
2486 1808 2643 1862 quam
2689 1809 2894 1862 omnes,
2924 1797 3016 1852 sed
3052 1798 3193 1854 Deus
3229 1817 3418 1856 eorum
3473 1807 3721 1874 precibus

2135 1896 2241 1934 non
2280 1882 2501 1935 annuit?
2527 1883 2711 1953 Magna
2756 1886 2898 1940 enim
2939 1887 3020 1941 vel
3051 1889 3176 1943 exili
3205 1906 3335 1945 voce
3376 1908 3496 1947 esse
3531 1896 3723 1964 praidi-

2137 1979 2270 2035 tum,
2302 1983 2420 2025 sunt
2443 1981 2642 2030 natum
2667 1977 2943 2031 commoda
2969 1985 3021 2032 et
3050 1979 3405 2036 incommoda.
3439 1983 3514 2036 Ea
3542 1996 3722 2041 autem

2136 2077 2243 2115 non
2273 2062 2468 2116 faciunt
2499 2072 2556 2117 ut
2585 2065 2668 2119 vel
2706 2066 3016 2132 audiamur,
3048 2069 3129 2123 vel
3165 2085 3271 2125 non
3313 2071 3632 2142 audiamur,
3667 2085 3723 2130 ut

2135 2169 2252 2222 qua:
2264 2169 2362 2208 nec
2377 2154 2532 2223 digna
2549 2155 2656 2215 sint
2671 2172 2788 2226 qua:
2810 2159 2892 2213 vel
2922 2159 3203 2216 laudentur
3220 2162 3301 2218 vel
3330 2164 3718 2235 vituperentur.

2134 2245 2290 2300 Multa
2312 2247 2451 2302 enim
2479 2255 2680 2302 naturae
2706 2251 2984 2312 commoda
3013 2251 3205 2310 adsunt
3234 2254 3396 2310 etiam
3422 2257 3715 2312 sceleratis.

2133 2340 2326 2397 Annon
2373 2353 2488 2400 erat
2520 2346 2744 2416 pulcher
2769 2357 2824 2404 et
2864 2348 3128 2412 formosus
3166 2352 3523 2420 Absalon,'et
3553 2371 3718 2430 usque

2133 2431 2198 2486 ad
2225 2435 2443 2504 capillos
2469 2438 2656 2508 capitis
2673 2440 3038 2512 porrigebatur
3064 2443 3178 2511 ejus
3199 2447 3441 2518 corporis
3470 2449 3716 2516 species?

2132 2520 2267 2587 Quid
2290 2527 2506 2581 autem?
2527 2543 2705 2584 annon
2735 2539 2848 2584 erat
2871 2531 3052 2586 calvus
3082 2533 3312 2589 Elis-.eus
3333 2577 3346 2597 ,
3379 2545 3436 2589 ut
3459 2537 3625 2595 etiam
3649 2539 3716 2598 ri-

2131 2612 2345 2668 deretur
2367 2631 2395 2668 a
2424 2618 2636 2686 pueris?
2656 2619 2760 2675 Sed
2778 2636 2876 2676 nec
2893 2623 3040 2677 illum
3061 2625 3498 2696 quidquamjnvit
3519 2629 3714 2694 forma,

2135 2717 2232 2760 nec
2254 2703 2395 2758 htmc
2424 2706 2560 2762 laesit
2585 2709 2914 2768 deformitas.
2971 2712 3039 2768 Et
3063 2714 3188 2783 quid
3223 2714 3342 2770 (lien
3362 2733 3487 2771 eum
3512 2721 3601 2787 qui
3633 2728 3713 2774 tc-

2133 2796 2224 2849 nul
2260 2805 2313 2850 et
2338 2798 2460 2852 exili
2486 2815 2633 2866 voce,
2668 2801 3020 2873 tardiorisque
3043 2814 3096 2859 et
3114 2806 3462 2875 impeditioris
3490 2809 3713 2881 linguas,

2132 2900 2253 2940 cum
2282 2889 2365 2942 vel
2389 2898 2571 2947 tacens
2597 2893 2869 2949 audiretur
2896 2895 3089 2962 Moses,
3130 2907 3183 2950 et
3209 2900 3364 2953 Anna
3395 2901 3614 2956 minime
3641 2903 3714 2955 ln-

2131 2979 2337 3045 quens?
2364 2979 2579 3036 Judaios
2607 2983 2882 3054 alloquens
2914 2985 3053 3042 Deus
3089 2987 3302 3044 dicebat
3333 3006 3345 3042 :
3377 2990 3440 3045 Si
3461 2994 3711 3062 multipli-

2132 3075 2250 3123 cett's
2279 3073 2556 3126 orationem
2575 3113 2591 3139 ,
2620 3091 2719 3128 non
2747 3078 3017 3131 exaudiam
3063 3094 3148 3133 vos
3187 3079 3337 3151 (Isai.
3371 3083 3424 3135 i.
3450 3081 3565 3155 15).
3608 3083 3715 3139 Cur

2133 3158 2218 3215 hic
2241 3175 2366 3231 ergo
2391 3161 2552 3229 dicit,
2589 3164 2814 3220 Clamavi
2840 3168 2908 3220 ad
2936 3178 3000 3233 te,
3041 3170 3228 3223 exaudi
3263 3173 3381 3226 nte?
3408 3173 3711 3229 Clamorem

2132 3251 2218 3308 hic
2250 3252 2378 3308 dicit
2411 3255 2678 3312 internum
2701 3299 2716 3325 ,
2749 3273 2909 3329 quem
2945 3276 3038 3316 cor
3068 3261 3452 3318 inﬂammatum
3484 3269 3709 3336 peperit.

2131 3346 2458 3400 etcontritus
2485 3349 2715 3416 animus,
2749 3365 2854 3420 quo
2891 3367 3012 3408 cum
3036 3356 3290 3409 clamaret
3316 3356 3517 3422 Moses,
3547 3375 3710 3412 exau-

2131 3432 2392 3490 diebatur.
2421 3437 2876 3508 Quemadmodum
2908 3443 3052 3496 enim
3081 3445 3169 3513 qui
3196 3446 3409 3510 clamat,
3427 3449 3569 3502 vires
3591 3465 3713 3503 suas

2131 3525 2408 3594 exhaurit,
2442 3529 2510 3582 ita
2534 3530 2692 3584 etiam
2720 3532 2811 3604 qui
2847 3534 3008 3589 corde
3037 3535 3249 3603 clamat,
3273 3547 3436 3593 totam
3477 3553 3712 3597 mentem

2132 3633 2280 3673 suam
2309 3621 2592 3675 convertit.

2201 3707 2258 3765 9..
2297 3709 2480 3764 Talem
2523 3726 2648 3782 ergo
2695 3713 2980 3771 clamorem
3023 3717 3161 3773 Deus
3201 3721 3452 3789 requirit,
3489 3725 3576 3793 qui
3607 3740 3699 3778 cor

2132 3808 2407 3854 convertat
2433 3841 2448 3865 ,
2477 3815 2580 3855 non
2613 3801 2754 3856 sinat
2782 3806 3038 3873 oscitare,
3070 3823 3168 3862 nec
3187 3821 3469 3865 canentem
3491 3815 3597 3867 alio
3625 3814 3703 3868 di-

2133 3900 2359 3947 vertere.
2391 3891 2506 3947 Non
2545 3894 2718 3949 solum
2762 3905 2938 3952 autem
2975 3900 3164 3968 quaerit
3199 3901 3356 3956 talem
3381 3903 3668 3960 clamorem
3691 3946 3705 3967 ,

2131 3983 2227 4038 sed
2252 3985 2410 4038 etiam
2457 3995 2514 4038 ut
2561 3986 2674 4053 ipse
2718 3998 2918 4042 oretur.
2949 3989 3084 4044 Stmt
3109 3991 3250 4045 enim
3281 3994 3432 4047 multi
3454 3996 3541 4064 qui
3571 4005 3708 4049 stant

2131 4073 2342 4142 quidem
2368 4113 2383 4137 ,
2415 4073 2478 4128 ad
2513 4075 2676 4129 Deum
2715 4085 2892 4131 autem
2919 4093 3023 4132 non
3051 4079 3315 4145 clamant,
3340 4083 3432 4138 sed
3479 4084 3615 4138 labia
3643 4085 3704 4139 ad

2133 4161 2300 4217 Deum
2337 4163 2570 4217 clamant
2613 4175 2667 4218 et
2694 4179 2885 4220 nomen
2919 4167 3009 4221 Dei
3037 4169 3449 4238 circumferunt,
3479 4183 3533 4226 at
3560 4191 3707 4230 mens

2131 4252 2263 4307 nihil
2308 4254 2470 4308 sentit
2512 4269 2697 4310 eorum
2734 4272 2850 4326 quae
2896 4257 3162 4314 dicuntur.
3220 4261 3318 4329 Qui
3352 4263 3422 4318 ita
3452 4281 3514 4319 se
3550 4266 3705 4336 gerit,

2132 4357 2239 4396 non
2264 4343 2476 4411 clamat,
2508 4345 2605 4398 etsi
2634 4347 2860 4401 maxime
2886 4349 3204 4406 vociferetur
3226 4369 3240 4419 ;
3264 4354 3352 4422 qui
3373 4355 3443 4408 ita
3466 4370 3525 4412 se
3549 4358 3703 4426 gerit,

2133 4435 2298 4490 Deum
2329 4451 2431 4489 non
2453 4445 2590 4503 orat,
2619 4439 2717 4492 etsi
2756 4440 2983 4496 maxime
3010 4442 3248 4498 videatur
3275 4460 3450 4501 orare.
3482 4450 3552 4501 At
3603 4465 3704 4502 non

2132 4531 2203 4586 ita
2231 4532 2423 4598 Moses,
2450 4532 2543 4587 sed
2572 4533 2852 4602 clamabat,
2876 4545 2928 4590 et
2949 4539 3327 4594 exaudiebatur
3350 4557 3366 4606 ;
3390 4551 3445 4595 et
3470 4541 3589 4595 ideo
3610 4544 3656 4596 ci
3677 4557 3705 4594 a

2133 4622 2244 4678 Deo
2279 4622 2471 4677 dicitur
2492 4665 2507 4687 ,
2535 4623 2635 4676 Cur
2657 4623 2725 4676 ad
2752 4641 2828 4679 me
2852 4627 3042 4681 clamas
3068 4627 3260 4699 (Exod.
3293 4631 3378 4685 M.
3416 4631 3549 4701 15)?
3593 4631 3705 4686 Non

2131 4714 2302 4768 solum
2331 4724 2506 4768 autem
2543 4714 2798 4784 clamans,
2826 4717 2920 4770 sed
2961 4717 3120 4772 etiam
3158 4727 3340 4774 tacens
3384 4721 3704 4789 impetravit,

2132 4821 2249 4873 quae
2280 4806 2464 4872 voluit,
2510 4813 2567 4859 ut
2609 4805 2696 4873 qui
2735 4820 2794 4860 se
2842 4806 3058 4875 dignum
3098 4810 3432 4878 pricbnisset,
3456 4821 3572 4867 uta
3602 4813 3706 4866 Deo

2131 4895 2490 4949 exatnliretur.
2530 4895 2679 4962 Quod
2711 4897 2754 4950 si
2780 4897 2860 4951 vis
2884 4899 3044 4953 etiam
3084 4899 3262 4955 videre
3301 4905 3707 4972 peccatoresin-

2135 4995 2282 5040 tense
2302 4996 2356 5040 et
2384 4987 2729 5042 vehementer
2753 4998 2988 5056 orantes,
3017 5006 3309 5062 magnaque
3332 5010 3459 5049 voce
3476 4997 3705 5049 claman-

2135 5086 2214 5131 tes
2234 5120 2248 5144 ,
2279 5087 2334 5133 et
2362 5081 2735 5148 impetrantes,
2769 5081 2888 5136 vide
2919 5084 3250 5138 meretricem
3281 5099 3400 5154 qua:
3420 5086 3616 5142 clamat
3642 5089 3707 5140 si-

2136 5168 2298 5222 lentio
2327 5167 2476 5237 (Luc.
2506 5169 2558 5222 7.
2589 5169 2680 5238 58)
2707 5187 2720 5222 :
2752 5170 2872 5226 vide
2899 5173 3234 5240 publicanum
3264 5175 3351 5244 qui
3382 5191 3410 5228 a
3446 5178 3557 5232 sola
3587 5193 3705 5231 ora-

2136 5261 2279 5313 tione
2319 5259 2414 5313 l‘uit
2456 5257 2774 5328 justiticatus
2804 5260 2957 5330 (Luc.
2982 5263 3067 5317 18.
3106 5264 3194 5318 13.
3241 5261 3352 5335 14).
3385 5266 3481 5319 llic
3505 5283 3710 5336 quoque

2137 5350 2230 5404 tali
2258 5351 2489 5404 clamore
2511 5351 2677 5405 utitur
2696 5392 2710 5417 ,
2739 5361 2794 5406 et
2823 5351 2941 5407 ideo
2966 5353 3111 5418 dicit,
3141 5353 3376 5422 Domine,
3403 5357 3618 5411 clamavi
3644 5358 3708 5409 ml

2199 5465 2271 5536 (ις)
2305 5464 2420 5513 Hinc
2444 5465 2660 5536 arguitur
2681 5464 3624 5536 ChrysostomnmExpositionen]_t’saltni
3646 5471 3704 5519 62

2139 5525 2368 5598 edidisse,
2393 5525 2618 5598 (tutejatn
2639 5539 2733 5597 non
2758 5525 2935 5598 eastat.
2961 5526 3088 5598 Illud
3113 5525 3229 5598 vero
3261 5542 3371 5598 cum
3396 5530 3502 5598 aliis
3516 5533 3702 5598 quibus-

2136 5587 2242 5634 dam
2266 5587 2563 5653 argumentis
2586 5587 2893 5653 conjunctum
2929 5591 3093 5650 probat
3121 5589 3252 5638 iHunt
3299 5587 3628 5653 Expositio'nes
3657 5592 3702 5641 in

2138 5656 2286 5697 totum
2312 5647 2592 5698 Psalterium
2618 5649 2852 5698 emisisse.
