4068 6270
291 289 392 345 ιετ

291 403 470 471 Ὅπερ
491 400 553 453 ού
587 396 781 472 μικρὸν
805 400 883 464 εἰς
913 395 1242 468 κατηγορίας
1274 394 1450 464 λόγον,
1480 392 1542 446 τὸ
1576 391 1696 444 καθ’
1728 389 1857 443 ἐκά-

291 503 424 556 στην
473 485 686 555 ἡμέραν
735 483 1054 552 ψάλλοντας,
1106 480 1199 532 καὶ
1240 478 1326 530 διὰ
1373 473 1728 546 στόματοςτά
1762 472 1864 556 ῥή-

295 555 443 638 ματα
473 567 867 638 προφέροντας,
887 610 891 617 .
914 565 989 636 μὴ
1037 563 1266 635 ζητῆσαι
1307 559 1417 614 τῶν
1458 558 1742 630 νοημάτων
1768 555 1864 625 τήν

291 652 520 723 δύναμιν
568 650 676 704 τῶν
737 648 1174 718 ἐναποκειμένων
1227 649 1337 709 τοῖς
1399 645 1658 714 ῥήμασιν.
1725 639 1865 723 Ἀλλ’

292 721 440 806 ὕδωρ
467 733 565 804 μέν
591 750 674 796 τις
704 731 920 800 διαυγὲς
945 732 1039 785 καὶ
1061 731 1295 800 καθαρὸν
1329 728 1490 798 ὁρῶν,
1515 726 1616 779 οὐκ
1639 723 1704 778 ἂν
1731 721 1864 777 ἀνά-

293 835 476 886 σχοιτο
493 816 566 886 μὴ
588 815 922 888 προσελθεῖν,
948 816 1042 868 καὶ
1069 813 1328 883 ἅψασθαι,
1352 812 1445 865 καὶ
1477 813 1646 864 πιεῖν·
1673 806 1766 862 καὶ
1787 808 1868 870 εἰς

291 900 530 970 λειμῶνά
555 916 636 961 τις
671 899 907 968 συνεχῶς
946 897 1147 959 εἰσιὼν,
1180 897 1281 949 οὐκ
1319 893 1385 946 ἂν
1431 892 1740 963 ὑπομείνειε
1791 889 1865 960 μὴ

292 981 548 1044 συλλέξας
575 993 602 1020 ε.
617 998 670 1034 τι
698 979 805 1032 τῶν
829 979 1002 1032 ἀνθῶν
1028 977 1259 1044 ἐξελθεῖν
1276 995 1289 1008 ο
1309 977 1465 1046 ὑμεῖς
1481 976 1538 1029 δέ
1560 976 1624 1029 ἐκ
1644 972 1868 1046 πρώτης

288 1063 502 1132 ἡλικίας
556 1065 636 1126 είς
667 1063 892 1132 ἔσχατον
934 1062 1112 1132 γῆρας
1158 1061 1344 1114 τοῦτον
1394 1057 1722 1130 μελετῶντες
1774 1055 1867 1109 τὸν

290 1146 504 1216 ψαλμὸν
549 1146 866 1209 διατελεῖτε,
913 1145 984 1198 τά
1036 1147 1258 1216 ῥήματα
1305 1144 1501 1207 εἰδότες
1537 1143 1716 1212 μόνον,
1770 1140 1865 1194 καὶ

293 1227 686 1298 παρακάθησθε
717 1227 973 1298 θησαυρῴ
998 1227 1459 1297 συνεσκιασμένῳ,
1477 1227 1568 1278 καὶ
1586 1225 1864 1295 βαλάντιον

293 1311 616 1383 περιφέρετε
645 1311 1100 1382 ἐσφραγισμένον,
1145 1313 1239 1364 καὶ
1284 1309 1406 1362 οὐδὲ
1448 1308 1554 1361 ὑπὸ
1585 1307 1866 1377 πολυπρα-

291 1394 571 1464 γμοσύνης
596 1393 923 1466 παρωξύνθη
949 1411 1032 1456 τις
1065 1393 1276 1464 μαθεῖν,
1309 1393 1361 1445 τί
1385 1389 1516 1444 ποτέ
1547 1391 1662 1443 ἐστι
1690 1388 1752 1442 τὸ
1775 1388 1865 1441 λε-

291 1479 521 1548 γόμενον
545 1496 559 1510 ο
577 1480 678 1532 οὐκ
700 1477 982 1548 ἐζήτησεν,
1001 1477 1100 1530 οὐκ
1132 1476 1424 1548 ἠρεύνησε.
1449 1473 1639 1527 Καίτοι
1662 1489 1726 1539 γε
1746 1472 1865 1526 ούδέ

294 1563 468 1614 ἐκεῖνο
497 1561 643 1614 ἐστιν
667 1562 860 1624 εἰπεῖν,
888 1561 971 1614 ὅτι
1007 1561 1182 1630 σαφής
1213 1576 1296 1622 τις
1324 1557 1398 1610 ῶν
1423 1559 1452 1611 6
1487 1556 1702 1626 ψαλμὸς
1734 1556 1864 1609 πάν-

295 1661 394 1706 τας
419 1645 498 1706 εἰς
524 1643 689 1696 ῦπνον
712 1645 909 1714 ἤγαγε,
933 1644 1028 1695 καὶ
1057 1643 1158 1694 οὐκ
1184 1641 1362 1710 ἀφῆκε
1393 1639 1622 1709 ζητῆσαι
1646 1638 1708 1690 τὸ
1734 1653 1866 1707 προ.

295 1726 496 1797 χείρως
529 1726 799 1796 κείμενον.
837 1727 948 1780 Καὶ.
993 1725 1100 1796 γάρ
1125 1727 1270 1778 ἐστιν
1301 1723 1537 1793 ἀσαφὴς,
1565 1722 1660 1774 καὶ
1687 1719 1864 1783 ἱκανὸς

296 1809 558 1878 διεγεῖραι
575 1809 664 1860 τὸν
690 1809 764 1878 μὴ
784 1809 988 1878 σφόδρα
1012 1806 1362 1869 καθεύδοντα,
1380 1804 1578 1875 μᾶλλον
1594 1803 1650 1858 δὲ
1667 1802 1762 1858 καὶ
1775 1802 1867 1855 τὸν

298 1889 644 1961 καθεύδοντα.
677 1889 742 1943 Τί
777 1891 886 1961 γάρ
913 1891 1028 1942 ἐστι
1061 1890 1140 1953 τὸ,
1164 1891 1262 1956 Μὴ
1293 1887 1581 1953 ἐκκλίνῃς
1597 1883 1713 1952 τὴν
1729 1899 1867 1952 καρ-

295 1973 435 2025 δίαν
453 1991 573 2040 μου
592 1960 679 2039 εἰς
692 1960 912 2041 λόγους
940 1972 1231 2037 πονηρίας
1248 1964 1271 2036 ¹;
1293 1969 1344 2022 τί
1363 1969 1419 2022 δὲ
1444 1968 1524 2030 τὸ,
1551 1966 1868 2020 Παιδεύσει

290 2073 369 2124 με
385 2051 614 2121 δίκαιος
630 2055 700 2108 ἐν
713 2055 887 2120 ἐλέει,
903 2055 1001 2107 καί
1021 2054 1248 2122 ἐλέγξει
1263 2069 1338 2121 με
1351 2068 1369 2116 ;
1382 2051 1454 2103 Τὸ
1465 2051 1520 2103 δὲ
1541 2048 1867 2120 μετάτοῦτο,

295 2138 416 2191 εἰπέ
450 2156 562 2208 μοι,
593 2137 692 2191 οὐκ
716 2137 832 2189 ἐστι
867 2137 1066 2200 παντὸς
1093 2136 1256 2204 ζόφου
1288 2132 1870 2202 ξοφωδέστερον;⁶’οτι

293 2222 381 2275 ἔτι
411 2221 510 2274 καί
549 2222 580 2289 ἡ
609 2218 923 2287 προσευχή
945 2236 1064 2287 μου
1088 2218 1157 2271 ἐν
1186 2217 1314 2283 ταῖς
1339 2215 1635 2280 εὐδοκίαις
1651 2212 1868 2268 αὐτῶν.

296 2304 732 2368 Κατεπόυησαν
759 2299 907 2374 μῒῖ]
937 2301 1194 2368 ἐχόμενα
1219 2299 1437 2367 πέτρας
1462 2300 1517 2351 οἱ
1555 2295 1743 2365 κριταὶ
1766 2296 1873 2348 αὐ-

296 2385 436 2440 τῶν.
471 2385 608 2438 Ἀλλ’
625 2385 774 2454 ὅμως
795 2381 1061 2436 τοσούτων
1087 2381 1254 2435 ὄντων
1275 2379 1520 2450 ἀσαφῶν,
1539 2378 1726 2447 ῶσπερ
1750 2375 1873 2429 τινά

295 2469 441 2540 ᾠδὴν
475 2467 662 2530 ἀπλῶς
691 2465 1128 2538 παρατρέχουσιν
1159 2467 1207 2518 οἰ
1252 2463 1455 2517 πολλοί.
1497 2462 1636 2516 Ἀλλ’
1674 2463 1760 2514 ἵνα
1795 2459 1872 2529 μὴ

295 2553 395 2618 τὴν
421 2549 753 2621 κατηγορίαν
784 2549 875 2601 ἐπὶ
891 2548 1070 2601 πλεῖον
1092 2547 1471 2610 ἐπιτείνοντες,
1500 2543 1754 2616 φορτικὸν
1779 2542 1870 2595 τὸν

296 2635 452 2703 λόγον
468 2632 848 2706 ἐργασώμεθά,
869 2632 998 2702 φέρε
1017 2631 1081 2703 δὴ
1099 2631 1234 2703 πρὸς
1248 2631 1346 2701 τὴν
1361 2629 1583 2701 ἔρευναν
1597 2627 1705 2680 τῶν
1723 2626 1872 2697 εἰρη-

299 2719 479 2790 μένων
513 2717 837 2788 βαδίσωμεν.
879 2715 1038 2770 Ἀλλά
1069 2715 1360 2786 προσέχετε
1389 2712 1524 2784 μετά
1547 2711 1828 2784 ἀκριϐείας
1853 2727 1868 2741 ⁸

295 2801 419 2855 οὐδὲ
449 2801 555 2871 γὰρ
587 2799 773 2861 ἁπλῶς
821 2793 973 2868 οἶμαι
1010 2798 1101 2850 τὸν
1142 2795 1354 2868 ψαλμὸν
1387 2794 1571 2848 τοῦτον
1615 2793 1872 2864 τετάχθαι

301 2883 456 2954 παρὰ
480 2885 586 2935 τῶν
621 2883 868 2953 πατέρων
900 2881 1020 2934 καθ’
1049 2881 1286 2952 ἐκάστην
1319 2879 1555 2948 ἑσπέραν
1596 2877 1870 2946 λέγεσθαι,

302 2965 428 3018 οὐδέ
454 2965 539 3019 διὰ
555 2966 651 3036 τὴν
681 2966 808 3036 μίαν
829 2964 975 3030 λέξιν
1007 2964 1105 3034 τὴν
1131 2964 1415 3033 λέγουσαν·
1439 2963 1737 3028 Ἔπαρσις
1754 2959 1873 3013 τῶν

303 3045 522 3119 χειρῶν
538 3065 655 3116 μου
676 3047 858 3100 θυσία
883 3046 1191 3116 ἐσπερινή.
1225 3045 1378 3099 Ἐπεὶ
1399 3046 1491 3097 καί⁵
1508 3043 1654 3098 ἄλλοι
1670 3042 1873 3112 ψαλμοὶ

298 3129 508 3198 ταύτην
537 3129 714 3199 ἔχουσι
758 3129 858 3199 τὴν
907 3127 1072 3195 λέξιν,
1128 3128 1316 3198 ὥσπερ
1363 3129 1567 3190 ἐκεῖνος
1605 3128 1633 3179 6
1675 3127 1869 3200 λέγων,

309 3211 609 3279 Ἐσπέρας
621 3211 717 3265 καί
739 3211 888 3279 πρωϊ
901 3211 999 3265 καὶ
1011 3212 1382 3282 μεσημϐρίας
1400 3207 1756 3279 διηγήσομαι
1774 3209 1869 3262 καί

296 3291 637 3363 ἀπαγγελῶ.
675 3294 782 3346 Καὶ
818 3294 999 3358 πάλιν,
1028 3293 1111 3360 Σή
1136 3294 1306 3346 ἐστιν
1334 3293 1373 3360 ’ἡ
1412 3293 1621 3360 ἡμέρα,
1652 3291 1748 3344 καί
1788 3291 1870 3358 σή

296 3377 473 3430 ἐστιν
490 3378 526 3444 ἡ
545 3377 680 3440 νύξ.
703 3377 811 3430 Καὶ
835 3377 994 3432 πάλιν
1011 3376 1092 3438 τὸ,
1123 3375 1411 3442 Ἐσπέρας
1441 3375 1873 3442 αὐλισθήσεται

295 3459 626 3527 κλαυθμὸς,
642 3459 739 3512 καί
761 3462 848 3525 εἰς
866 3457 930 3510 τὸ
957 3458 1106 3527 πρωῒ
1117 3459 1502 3526 ἀγαλλίασιςο
1527 3456 1621 3509 καὶ
1645 3455 1874 3518 πολλοὺς

297 3541 370 3594 ἂν
387 3540 538 3611 εὖροι
569 3558 650 3604 τις
671 3540 914 3610 ψαλμοὺς
943 3539 1272 3611 ἐπιτηδείους
1295 3539 1374 3610 τῷ
1401 3537 1575 3610 καιρῷ
1594 3539 1691 3610 τῆς
1711 3537 1873 3592 ἐσπέ‹

298 3641 424 3692 ρας.
457 3624 530 3676 Οὐ
579 3623 666 3676 διὰ
691 3623 848 3676 τοῦτο
884 3623 1012 3690 γοῦν
1040 3627 1229 3677 τοῦτον
1263 3622 1353 3676 τὸν
1399 3622 1612 3692 ψαλμὸν
1660 3621 1872 3674 ἐτύπω-

298 3724 403 3758 σαν
431 3706 458 3745 δ
486 3708 534 3759 οί
570 3707 820 3779 πατέρες,
854 3707 964 3760 ἀλλ’
985 3706 1060 3770 ῶς
1089 3723 1142 3759 τι
1169 3706 1460 3776 φάρμακον
1493 3706 1756 3775 σωτήριον
1780 3707 1874 3758 καὶ

299 3785 716 3860 ἁμαρτημάτων
745 3790 1040 3859 καθάρσιον
1072 3789 1465 3858 ἐνομοθέτησαν
1493 3788 1764 3858 λέγεσθαι,
1807 3787 1872 3841 ἵν’

293 3872 512 3941 ὅσαπερ
558 3872 623 3924 ἂν
672 3871 1129 3942 προστριϐώμεθα
1157 3871 1224 3922 δι’
1250 3870 1372 3926 ὅλου
1413 3869 1506 3922 τοῦ
1540 3871 1746 3942 μήκους
1773 3868 1874 3939 τῆς

295 3951 539 4023 ἡμέρας,
569 3954 602 4024 ἢ
645 3954 703 4006 ἐν
733 3955 928 4025 ἀγορᾷ,
959 3955 992 4026 ἢ
1021 3956 1078 4006 ὲν
1117 3953 1282 4024 οἰκίᾳ,
1314 3953 1346 4023 ἢ
1374 3955 1506 4006 ὅπου
1535 3953 1732 4022 δήποτε
1760 3953 1874 4006 δια-

293 4035 603 4104 τρίϐοντες,
631 4035 800 4088 ταῦτα
827 4036 1072 4101 ἐλθόντες
1101 4039 1182 4100 εἰς
1214 4037 1314 4109 τὴν
1362 4035 1625 4108 ἑσπέραν,
1652 4035 1739 4089 διά
1771 4034 1872 4104 τῆς

296 4117 521 4186 ἐπῳδῆς
544 4117 746 4188 ταύτης
768 4118 1164 4189 ἀποδυσώμεθα
1195 4119 1294 4188 τῆς
1313 4117 1704 4187 πνευματικῆς.
1726 4117 1873 4188 Φάρ-

301 4216 482 4270 μακον
515 4202 622 4272 γάρ
647 4203 792 4254 ἐστιν
812 4195 1063 4254 ἁπάντων
1082 4201 1285 4254 τούτων
1300 4198 1655 4270 ἀναιρετικόν,
1689 4197 1873 4252 Τοιοῦ-

295 4280 398 4342 τός
427 4283 541 4334 ἐστι
579 4283 672 4335 καὶ
703 4284 731 4335 6
759 4283 978 4346 ἑωθινὸς
1000 4283 1210 4353 ψαλμός
1229 4299 1243 4313 ο
1281 4282 1430 4335 οὐδὲν
1451 4281 1561 4353 γάρ
1587 4280 1784 4336 κωλύει
1815 4283 1873 4335 ἐν

298 4362 502 4433 βραχεῖ
532 4365 783 4417 κάκείνου
819 4365 1239 4435 ἐπιμνησθῆναι.
1277 4365 1381 4416 Τὸν
1413 4363 1575 4419 πόθον
1608 4363 1717 4434 γὰρ
1743 4363 1874 4419 ἀνά-

297 4461 433 4497 πτει
459 4445 552 4498 τὸν
609 4448 744 4517 πρὸς
776 4446 867 4500 τὸν
921 4447 1084 4511 Θεὸν,
1130 4447 1224 4500 καὶ
1250 4447 1504 4517 διεγείρει
1536 4445 1634 4517 τήν
1675 4447 1872 4517 ψυχὴν,

296 4526 402 4580 καὶ
434 4527 638 4598 σφόδρα
663 4529 940 4600 πυρώσας,
959 4531 1054 4582 καὶ
1080 4528 1277 4598 πολλῆς
1297 4529 1578 4598 ἐμπλήσας
1608 4529 1876 4600 ἀγαθότη-

296 4625 399 4671 τος
431 4610 525 4662 καὶ
563 4611 801 4681 ἀγάπης,
839 4611 1009 4674 οὕτως
1039 4611 1229 4681 ἀφίησι
1279 4613 1613 4682 προσελθεῖν.
1652 4615 1875 4684 Ἴδωμεν

298 4691 364 4742 δὲ
393 4693 487 4744 καὶ
516 4693 680 4746 πόθεν
704 4694 1058 4764 άρχεται,καὶ
1077 4693 1130 4746 τί
1157 4693 1394 4747 διδάσκει
1423 4697 1589 4764 ἡμᾶς·
1619 4696 1682 4748 '0
1711 4695 1873 4762 Θεὸς,

299 4775 340 4826 ὸ
371 4776 513 4838 Θεός
535 4793 675 4843 μου,
705 4775 856 4844 πρὸς
875 4777 950 4829 σὲ
981 4773 1232 4844 ὀρθρίζω.
1252 4775 1534 4843 Ἐδίψησέ
1559 4792 1632 4830 σε
1652 4779 1688 4844 ἡ
1705 4778 1874 4848 ψυχή

293 4871 443 4924 μου·
479 4856 643 4942 ὀξέξ
673 4857 787 4942 πῶς
817 4857 1217 4942 πεπυρωμένης
1243 4869 1265 4897 °
1287 4857 1524 4942 δείκνυε
1569 4857 1747 4930 ψυχῆς
1778 4862 1875 4932 ρή-

304 4954 488 5007 ματα;
523 4939 690 4992 Ἔνθα
713 4941 770 4992 δὲ
813 4939 1000 5010 ἀγάπη
1047 4940 1204 4996 Θεοῦ.
1244 4941 1419 4994 πάντα
1439 4939 1646 5010 οἴχεται
1675 4943 1745 4996 τὰ
1777 4959 1876 4996 πο-

299 5019 468 5089 νηρά·
487 5020 615 5074 ἔνθα
648 5024 834 5093 μνήμη
861 5023 1017 5087 Θεοῦ,
1033 5021 1264 5076 ἐνταῦθα
1285 5023 1694 5093 ἁμαρτημάτων
1712 5025 1872 5096 λήθη,

304 5102 400 5154 καὶ
438 5103 623 5157 κακῶν
675 5105 967 5175 ἀναίρεσις.
1029 5105 1225 5170 Οῦτως
1269 5105 1338 5158 ἐν
1381 5105 1460 5169 τῷ
1496 5107 1644 5176 ἁγίῳ
1669 5106 1878 5177 ὤφθην

370 5323 396 5348 ⁸
420 5321 560 5370 Alius
577 5321 664 5369 οὐκ
685 5322 740 5369 ἂν
760 5322 986 5383 ὑπομένοι
1007 5323 1070 5384 μὴ
1094 5323 1344 5385 κερδήσας.

370 5392 399 5431 b
422 5391 534 5439 Sav.
562 5391 671 5439 οὐδέ
692 5392 770 5439 διὰ
793 5391 937 5440 τοῦτο
962 5390 1074 5453 γοῦν
1095 5393 1176 5440 τὸν
1201 5393 1386 5455 ψαλμὸν
1408 5391 1672 5442 ἐτύπωσαη.

371 5465 393 5490 τ
419 5461 502 5528 Sic
519 5461 630 5528 _S_av.
659 5463 755 5528 _Alii
777 5463 862 5518 τήν
1078 5465 1298 5528 πυρώσας
1330 5466 1483 5528 τεκαὶ
1504 5467 1678 5524 πολλῆς
1698 5467 1875 5528 ἐμπλή-

303 5523 722 5588 σαςίάγαθὸτητόςγ
744 5540 796 5588 τε
818 5524 898 5570 καὶ
921 5523 1120 5588 ἀγάπης,
1146 5523 1296 5579 οὕτως
1321 5525 1485 5588 ἀφίησι
1507 5523 1796 5588 προσελθεῖν
1823 5523 1876 5576 τὸ

301 5585 398 5657 γὰρ
411 5585 558 5657 λέγειν
568 5586 639 5631 ὅτι
660 5585 829 5657 ὀὶεξεὸς.
839 5621 869 5634 ..
886 5597 919 5656 τι
1067 5601 1175 5657 μον,
1187 5586 1522 5657 πιεπυρ-..Ραυιο
1534 5584 1641 5657 post
1651 5591 1748 5657 Quo
1758 5604 1856 5657 mss

305 5643 661 5709 ἁμαρτημάτων
687 5646 818 5701 λύσις
840 5643 936 5692 καί.
960 5643 1193 5702 δὲᾶλήθη
1216 5647 1263 5694 in
1289 5643 1396 5696 aliis
1417 5643 1638 5699 omnibus
1665 5651 1864 5713 logﬂur.

1433 274 1800 336 EXPOSITIO
1835 273 1903 330 1N
1943 271 2267 331 PSALMUM
2307 275 2462 331 CXL.

3443 278 3544 336 628

1970 400 2089 447 σοι,
2126 387 2232 440 τοῦ
2261 387 2409 440 ἰδεῖν
2438 385 2551 454 τὴν
2579 386 2839 452 δύναμίν
2867 402 2984 440 σου
3006 431 3018 451 ,
3075 388 3172 441 καί
3216 387 3328 456 τὴν
3354 388 3542 454 δόξαν

1967 487 2104 526 σου.
2136 473 2200 524 Τί
2235 475 2404 538 ἐστιν,
2433 473 2660 540 οὗτως;
2696 472 2850 527 Μετά
2885 474 2978 526 τοῦ
3017 473 3206 537 πόθου,
3240 477 3392 546 φησὶ,
3421 475 3543 530 τού-

1967 578 2081 625 του,
2128 562 2266 631 μετά
2305 565 2406 634 τῆς
2442 563 2662 635 ἀγάπης
2717 563 2940 634 ταύτης,
2976 561 3116 616 ὥστε
3156 562 3280 616 ίδεῖν
3313 580 3407 616 σου
3442 565 3543 636 τὴν

1967 647 2142 715 δόξαν,
2178 650 2244 720 ἣν
2265 649 2537 722 πανταχοῦ
2557 651 2656 721 τῆς
2682 651 2783 719 γῆς
2813 651 2958 703 ἐστιν
2988 651 3133 706 ἰδεῖν.
3174 650 3311 703 Ἀλλ’
3349 651 3436 705 ἵνα
3467 651 3544 722 μὴ

1967 737 2029 790 τὸ
2062 739 2119 790 ἐν
2142 738 2328 809 χερσὶν
2376 738 2627 806 ἀφέντες,
2671 738 2735 791 τὸ
2761 738 3036 809 πάρεργον
3065 737 3542 808 ἐπεισαγάγωμεν,

1969 828 2436 899 παραπέμψαντες
2483 829 2573 882 τὸν
2597 828 2870 900 ἀκροατὴν
2899 830 2979 892 είς
3015 829 3083 882 τὰ
3133 828 3278 899 ὑπὲρ
3326 829 3536 882 ἐκείνου

1968 915 2252 986 εἰρημένα,
2278 914 2386 969 τῶν
2416 915 2792 986 προκειμένων
2819 915 2913 969 νῦν
2932 915 3219 986 ἁψώμεθα.

2031 1003 2095 1055 Τί
2115 1003 2170 1056 δέ
2195 1018 2356 1072 φησιν
2370 996 2544 1068 οὗτοςς
2574 1001 3079 1072 Κύριε,ἐκέκραξα
3107 1003 3257 1071 πρὸς
3274 1003 3368 1070 σὲ,
3383 1003 3546 1059 almi-

1967 1093 2198 1144 κουσόν
2221 1091 2440 1159 μου.Τί
2471 1090 2679 1158 λέγεις;
2706 1093 2829 1145 εἰπέ
2861 1109 2950 1161 μοι
2971 1107 2986 1121 ·
3008 1093 3193 1161 ἐπειδὴ
3222 1091 3544 1162 ἐκέκραξας,

1968 1177 2291 1247 ἀκουσθῆναι
2315 1177 2502 1244 ἀξιοῖς,
2525 1179 2618 1231 καὶ
2635 1177 2836 1248 ταύτην
2851 1177 3004 1248 τίθης
3019 1179 3216 1241 αἰτίαν,
3238 1178 3314 1239 ὡς
3328 1176 3546 1246 εὔλογον

1966 1265 2061 1318 τοῦ
2078 1265 2406 1335 ἀκουσθῆναι
2421 1265 2471 1326 ά;
2491 1265 2698 1319 Οὐκοῦν
2717 1264 3112 1336 μεγαλοφώνων
3133 1265 3229 1319 νῦν
3257 1265 3432 1336 χρεία,
3452 1265 3546 1319 καὶ

1966 1352 2116 1405 τόνον
2144 1352 2408 1422 ἐχόντων;
2445 1352 2584 1405 Ἀλλ’
2615 1354 2715 1406 οὒκ
2740 1353 2806 1407 ἂν
2837 1353 2946 1422 ἔχοι
2970 1351 3127 1405 τοῦτο
3144 1351 3317 1419 λόγον.
3354 1351 3419 1404 Τί
3434 1351 3545 1421 γὰρ

1966 1438 2214 1509 ἥμαρτεν
2251 1439 2280 1490 6
2325 1439 2667 1510 μικρόφωνος
2715 1441 2808 1493 καὶ
2866 1439 3190 1509 ίσχνόφωνος
3221 1439 3314 1491 καὶ
3348 1437 3546 1509 βραδύ·

1967 1526 2243 1593 γλωσσος;
2301 1527 2434 1596 Ούχὶ
2485 1526 2720 1587 τοιοῦτος
2743 1521 2810 1596 ἦν
2847 1526 2876 1578 6
2907 1527 3166 1597 Μωῦσῆς,
3203 1529 3298 1580 καὶ
3328 1526 3543 1579 πάντων

1970 1613 2169 1684 μᾶλλον
2216 1613 2474 1688 ἠκούετο;
2533 1615 2653 1684 οὐχὶ
2711 1615 2881 1668 πλείω
2919 1615 3137 1668 πάντων
3194 1616 3242 1668 οῖ
3298 1613 3543 1666 Ἰουδαῖοι

1967 1699 2156 1762 ἐϐόων,
2205 1700 2320 1753 ἀλλ’
2355 1701 2454 1753 οὐκ
2489 1701 2773 1753 ἐπένευσεν
2822 1701 3000 1753 αὐτῶν
3048 1704 3167 1764 ταῖς
3217 1701 3464 1770 δεήσεσιν
3513 1701 3543 1752 6

1967 1781 2100 1846 Θεός
2118 1799 2132 1847 ;
2149 1782 2220 1834 Τὸ
2242 1783 2351 1855 γὰρ
2386 1777 2542 1853 μέγα¹
2561 1785 2806 1853 φωνῆσαι
2823 1785 2917 1837 καὶ
2935 1784 3148 1854 μικρὸν,
3164 1784 3374 1853 φύσεως
3391 1783 3543 1856 [428]

1968 1869 2350 1940 πλεονέκτημα
2385 1870 2479 1922 καὶ
2512 1869 2817 1940 ἐλάττωμα.
2867 1869 3052 1922 Ταῦτα
3092 1869 3148 1921 δέ
3181 1867 3304 1922 οὔτε
3349 1868 3544 1922 ἀκούε-

1970 1955 2114 2018 σθαι,
2136 1955 2261 2009 οὖτε
2295 1956 2702 2027 παρακούεσθαι
2734 1959 2894 2010 ποιεῖ·
2925 1955 3047 2010 οὔτε
3092 1955 3202 2026 γὰρ
3232 1957 3542 2026 ἐγκωμίων,

1967 2041 2089 2094 οὕτε
2106 2044 2579 2114 κατηγορημάτων
2603 2043 2747 2109 ἀξια.
2768 2043 2946 2098 Πολλὰ
2963 2043 3072 2112 γὰρ
3089 2044 3196 2097 τῶν
3213 2043 3314 2113 τῆς
3332 2042 3544 2113 φύσεως

1969 2129 2458 2199 πλεονεκτημάτων
2489 2129 2584 2184 καὶ
2613 2133 2828 2200 μιαροῖς
2855 2130 3166 2201 πρόσεστιν.
3203 2129 3342 2200 Οὐχὶ
3380 2129 3540 2193 καλὸς

1967 2209 2055 2284 ἦν,
2089 2216 2182 2267 καὶ
2227 2213 2457 2285 εὐειδὴς,
2502 2215 2596 2268 καὶ
2658 2215 2817 2288 μέχρι
2847 2215 2957 2268 τῶν
3004 2215 3313 2286 βοστρύχων
3361 2215 3544 2271 αὐτῶν

1969 2298 2116 2358 εἷλκε
2143 2303 2238 2357 τοῦ
2268 2302 2516 2374 σώματος
2551 2303 2648 2376 τὴν
2671 2304 2820 2375 ὥραν
2838 2307 2867 2358 6
2911 2303 3265 2373 Ἀϐεσσαλώμ
3289 2321 3304 2369 ;
3338 2304 3404 2357 Τί
3423 2303 3510 2357 δαί
3519 2317 3534 2368 ;

1968 2389 2092 2461 οὐχὶ
2149 2390 2424 2461 φαλακρὸς
2452 2387 2519 2461 ἦν
2550 2393 2578 2444 6
2613 2391 2932 2455 Ἐλισσαῖος,
2975 2391 3051 2454 ὡς
3077 2391 3170 2444 καὶ
3198 2389 3544 2444 σκώπτεσθαι

1969 2477 2122 2548 παρά
2144 2477 2251 2530 τῶν
2285 2477 2541 2545 παιδίων;
2589 2477 2727 2532 Ἀλλ’
2754 2478 2904 2532 οὐδὲν
2933 2478 3050 2532 ούδέ
3087 2487 3111 2515 ο
3131 2480 3333 2532 ἐκεῖνον
3362 2479 3394 2548 ή
3425 2476 3544 2548 ὥρα

1969 2564 2270 2637 ὠφέλησεν,
2294 2564 2417 2618 οὕτε
2442 2563 2629 2619 τοῦτον
2661 2567 2695 2636 ἡ
2726 2565 2972 2637 ἀμορφία
3000 2565 3333 2638 παρέὸλαψε.
3357 2566 3466 2619 Καὶ
3490 2563 3544 2618 τί

1969 2651 2113 2721 λέγω
2148 2651 2240 2704 τὸν
2267 2652 2612 2721 ἰσχνόφωνον,
2647 2654 2680 2724 ἦ
2713 2652 3142 2722 βραδύγλωσσον,
3171 2654 3301 2705 ὅπου
3355 2669 3419 2722 γε
3451 2651 3547 2704 καὶ

1972 2739 2140 2809 σιγῶν
2171 2739 2398 2810 ἠκούετο
2432 2741 2461 2793 6
2489 2741 2752 2810 Μωῦσῆς,
2810 2741 2905 2795 καὶ
2940 2741 3074 2812 μηδὲ
3113 2741 3458 2810 φθεγγομένη
3510 2741 3544 2810 ή

1975 2828 2176 2892 Ἅννας
2207 2827 2477 2891 Ἰουδαίοις
2498 2828 2553 2880 δέ
2575 2827 2953 2898 διαλεγόμενος
2967 2827 3138 2889 ὁΘεὸς
3169 2825 3188 2864 ί
3221 2827 3391 2896 ἔλεγε·
3411 2826 3547 2880 Ἐὰν

1971 2914 2317 2982 πληθύνητε
2354 2914 2467 2982 τὴν
2493 2913 2721 2981 δέησιν,
2755 2917 2868 2971 οὐκ
2899 2916 3329 2984 εἰσακούσομαι
3359 2914 3542 2983 ὑμῶν.
3606 2933 3611 2938 ·

1971 2997 2036 3051 Τί
2066 2995 2158 3052 οὖν
2172 2994 2324 3063 οὗτος
2341 2999 2511 3068 λέγει,
2542 2999 2866 3070 Ἐκέκραξα
2891 3001 3041 3070 πρὸς
3063 2999 3157 3065 σὲ,
3179 3001 3548 3055 είσὰκουσόν

1965 3102 2120 3156 μου;
2155 3085 2416 3157 Κραυγὴν
2433 3087 2664 3141 ἐνταῦθα
2687 3088 2786 3160 τὴν
2811 3089 2956 3143 ἔνδον
2976 3090 3161 3160 φησὶν,
3193 3089 3261 3159 ήν
3291 3091 3323 3159 ή
3351 3087 3547 3158 καρδία

1971 3172 2182 3226 ἔτικτεν
2218 3175 2250 3243 ή
2284 3175 2678 3246 πεπυρωμένη,
2722 3177 2815 3230 καὶ
2845 3177 2878 3247 ή
2921 3176 3128 3230 διάνοια
3156 3179 3189 3248 ἡ
3220 3193 3545 3248 συντετριμ-

1973 3259 2131 3328 μένη,
2161 3261 2228 3330 ἢν
2261 3260 2355 3314 καὶ
2376 3261 2618 3330 Μωῦσῆς
2645 3261 2782 3331 βοῶν
2825 3261 3072 3330 ἠκούετο.
3119 3263 3332 3332 ’Ὥσπερ
3359 3262 3467 3332 γὰρ
3517 3263 3548 3315 6

1972 3346 2111 3416 βοῶν
2135 3350 2160 3389 ε
2191 3350 2369 3403 πᾶσαν
2396 3349 2495 3420 τὴν
2524 3351 2754 3420 δύναμιν
2804 3350 2969 3404 αὑτοῦ
3001 3353 3163 3414 κενοῖ,
3201 3349 3343 3404 οὕτω
3383 3353 3476 3404 καὶ
3517 3351 3547 3402 6

1970 3435 2167 3507 καρδία
2198 3435 2333 3506 βοῶν
2363 3437 2540 3490 πάντα
2569 3437 2660 3490 τὸν
2693 3437 2817 3490 νοῦν
2849 3437 3155 3507 συστρέφει.

2043 3524 2106 3594 β’.
2123 3524 2389 3596 Τοιαύτην
2410 3523 2502 3580 οὗν
2525 3526 2771 3597 κραυγὴν
2793 3526 2946 3598 ζητεῖ
2963 3530 2991 3581 ό
3010 3528 3163 3592 Θεὸς,
3188 3527 3289 3600 τὴν
3313 3530 3546 3599 συστρέ-

1972 3629 2174 3682 φουσαν
2202 3613 2302 3684 τὴν
2331 3615 2577 3686 καρδίαν,
2611 3616 2710 3687 τὴν
2733 3616 2832 3671 οὐκ
2864 3616 3038 3670 ἐῶσαν
3066 3617 3400 3688 χασμᾶσθαι,
3452 3618 3548 3670 καὶ

1969 3699 2309 3754 ἀνακλᾶσθαι
2337 3702 2426 3754 τὸν
2457 3702 2746 3773 ψάλλοντα.
2783 3705 2857 3757 Οὐ
2881 3705 3040 3775 μόνον
3077 3705 3134 3758 δὲ
3167 3705 3413 3777 κραυγὴν
3437 3721 3548 3756 τοι-

1969 3789 2139 3860 αύτην
2179 3789 2350 3859 ζητεῖ,
2383 3791 2518 3845 ἀλλά
2555 3794 2649 3846 καί¹
2678 3793 2738 3846 τὸ
2768 3794 2904 3863 πρὸς
2935 3794 3096 3846 αὐτὸν
3119 3793 3392 3864 εὔχεσθαι.
3421 3793 3546 3845 Είσὶ

1970 3881 2078 3952 γὰρ
2099 3881 2282 3934 πολλοὶ
2319 3881 2366 3935 οἶ
2397 3883 2658 3952 ἑστήκασι
2691 3883 2811 3953 μὲν,
2851 3884 2912 3936 ού
2955 3881 3118 3953 βοῶσι
3160 3883 3215 3936 δέ
3265 3882 3402 3952 πρὸς
3453 3879 3546 3935 τὸν

1969 3967 2122 4032 Θεὸν,
2152 3967 2288 4021 ἀλλά
2315 3969 2383 4021 τά
2426 3970 2523 4038 μὲν
2570 3970 2720 4041 χείλη
2756 3970 2892 4042 πρὸς
2921 3970 3010 4022 τὸν
3053 3969 3184 4022 Θεὸν
3223 3968 3339 4040 βοᾷ,
3365 3968 3460 4022 καὶ
3486 3969 3548 4024 τὸ

1969 4053 2138 4124 ὄνομα
2171 4053 2265 4107 τοῦ
2294 4054 2427 4106 Θεοῦ
2451 4056 2756 4128 περιφέρει,
2787 4058 2818 4128 ἡ
2849 4056 2904 4108 δὲ
2937 4055 3144 4109 διάνοια
3171 4055 3380 4117 οὐδενὸς
3396 4056 3546 4110 ἐπαι-

1972 4141 2229 4195 σθάνεται
2257 4141 2367 4194 τῶν
2385 4142 2708 4212 λεγομένων.
2753 4143 2809 4195 ’0
2834 4141 3070 4204 τοιοῦτος
3097 4142 3156 4194 ού
3191 4141 3404 4212 κράζει,
3442 4144 3547 4198 κᾶν

1974 4228 2117 4300 μέγα
2155 4225 2185 4266 δ
2217 4229 2334 4301 βοᾷ
2375 4232 2403 4283 6
2430 4231 2668 4293 τοιοῦτος
2711 4230 2830 4283 οὐδὲ
2861 4229 2995 4300 πρὸς
3021 4229 3112 4282 τὸν
3132 4230 3263 4283 Θεὸν
3306 4229 3542 4300 εὔχεται,

1970 4316 2074 4371 κᾶν
2105 4316 2233 4388 δοκῇ
2281 4316 2415 4387 πρὸς
2441 4317 2602 4370 αὑτὸν
2633 4315 2902 4387 εὔχεσθαι.
2951 4316 3090 4371 ’Δλλ’
3127 4319 3226 4388 οὐχ
3256 4318 3285 4370 6
3313 4317 3546 4389 Μωῦσῆς

1971 4403 2161 4468 οὕτως,
2219 4404 2334 4456 ἀλλ’
2369 4404 2517 4468 ἐϐόα,
2572 4405 2666 4458 καὶ
2722 4405 2971 4474 ἠκούετοο
3011 4405 3093 4458 διὸ
3143 4407 3238 4460 καὶ
3270 4406 3419 4480 παρὰ
3447 4407 3544 4460 τοῦ

1972 4489 2129 4554 Θεοῦ,
2164 4493 2221 4544 Τί
2252 4489 2408 4557 ,ϐοᾷς
2439 4492 2586 4558 πρός
2611 4509 2710 4559 με,
2739 4491 2946 4546 ἀκούει.
2972 4493 3046 4545 Ού
3073 4495 3232 4563 μόνον
3269 4494 3326 4547 δὲ
3384 4493 3542 4564 βοῶν,

1973 4578 2111 4631 ἀλλά
2140 4579 2234 4633 καὶ
2267 4579 2434 4647 σιγῶν
2459 4580 2652 4650 ἤνυσεν
2673 4580 2816 4650 ἅπερ
2836 4580 3046 4651 ήθελεν,
3078 4580 3227 4648 ἄξιον
3247 4581 3545 4653 παρασχὼν

1974 4665 2166 4723 ἑαυτὸν
2192 4665 2286 4718 τοῦ
2315 4665 2623 4720 ἀκούεσθαι.
2657 4667 2802 4721 Εἰδέ
2845 4667 3025 4737 βούλει
3058 4669 3153 4722 καὶ
3187 4669 3545 4740 ἁμαρτωλοὺς

1973 4753 2204 4816 ἐκτενῶς
2222 4753 2347 4806 ίδεῖν
2370 4754 2716 4824 εὐχομένους,
2744 4755 2838 4809 καὶ
2855 4753 3114 4819 ἀνύοντας
3141 4757 3232 4809 καὶ
3247 4757 3546 4827 κράζοντας

1977 4839 2210 4910 μεγάλα,
2243 4840 2344 4910 δρα
2369 4839 2468 4911 τὴν
2493 4842 2700 4912 πόρνην
2726 4844 2825 4912 τὴν
2857 4845 2982 4914 σιγῇ
3025 4842 3255 4912 βοῶσανο
3305 4844 3408 4913 ὅρα
3453 4841 3544 4894 τὸν

1973 4929 2208 4999 τελώνην
2255 4929 2364 4982 ἀπὸ
2411 4930 2577 5001 εὐχῆς
2613 4930 2966 4985 δικαιωθέντα
3006 4931 3189 5001 μόνης.
3227 4930 3538 5000 Τοιαύτηνί

1977 5015 2222 5087 κραυγὴν
2251 5017 2348 5070 καὶ
2380 5011 2536 5080 οὗτος
2584 5020 2839 5080 ποιεῖται,
2894 5017 2975 5070 διὸ
3023 5018 3116 5070 καὶ
3144 5017 3313 5084 λέγει·
3344 5018 3541 5082 Κύριε,

1971 5104 2262 5173 ἐκέκραξα
2297 5105 2444 5170 πρὸς
2465 5105 2559 5168 σὲ,
2597 5103 2964 5158 εἰσάκουσόν
2993 5115 3132 5171 μου’
3161 5102 3255 5154 καὶ
3277 5101 3363 5155 διὰ
3387 5099 3548 5154 τοῦτο

1973 5190 2302 5262 ἀκουσθῆναι
2326 5191 2485 5256 ἀξιοῖ.

2035 5343 2060 5382 ἀ
2085 5345 2196 5394 Sav.
2222 5343 2375 5391 αἰτίαν
2395 5344 2585 5404 εὔλογον
2607 5343 2816 5401 ἅκουσθῆ

2038 5409 2062 5437 ⁸
2086 5407 2212 5455 Οὐδέ
2234 5410 2344 5465 post
2359 5405 2492 5452 οὐδέν
2514 5399 2688 5453 deerat
2709 5407 2757 5453 in
2784 5399 2922 5463 non,
2945 5401 3030 5450 sed
3056 5401 3137 5450 alii
3160 5399 3358 5450 habent.

2044 5467 2061 5504 ί
2095 5467 2211 5514 Mor.
2235 5467 2262 5512 6
2295 5465 2431 5522 Θεός,
2455 5465 2566 5514 Sav.
2593 5467 2620 5512 6
2643 5465 2860 5528 Χριστός.

2041 5530 2066 5566 δ
2093 5529 2203 5576 Sav.
2230 5528 2256 5573 ὁ
2279 5528 2462 5586 φωνῶν.

2044 5589 2070 5626 Ιι
2098 5590 2207 5636 Sav.
2233 5589 2317 5634 κᾶν
2345 5588 2540 5646 μεγάλα.

2052 5652 2066 5688 ί
2099 5652 2208 5699 Sav.
2236 5646 2454 5706 τοιαύτην
2473 5649 2559 5712 γάρ
2583 5646 2742 5697 minus
2763 5656 2916 5699 recte.

2819 5360 2912 5390 ναι.
