4068 6270
523 346 632 403 429

605 457 709 509 Ἑν
739 453 819 519 τῷ
848 451 1198 523 κεκραγέναι
1224 471 1301 523 με
1331 451 1480 524 πρὸς
1499 449 1592 505 σέ.
1647 446 1791 519 Ὅρα
1820 445 1912 500 καὶ
1933 443 2099 513 ἀλλην

523 540 724 611 ἀρετὴν
765 538 949 608 εὐχῆς.
985 537 1059 591 Οὐ
1102 536 1210 608 γὰρ
1240 537 1348 590 ἀπὸ
1373 534 1469 588 τοῦ
1502 534 1806 595 σπουδαίως
1849 528 2100 600 εὐχεσθαι

523 627 665 691 ἀξιοῖ
703 625 1055 695 ἀκουσθῆναι,
1107 625 1243 679 ἀλλά
1271 624 1364 678 καὶ
1398 627 1463 677 ἐκ
1509 622 1605 676 τοῦ
1632 621 1888 690 τοιαύτην
1925 636 2102 689 παρα-

526 712 725 781 στῆσαι
771 709 870 782 τὴν
919 710 1117 781 εὐχὴν,
1183 709 1322 764 ὥστε
1378 709 1536 774 ἀξίαν
1598 703 1738 762 εἶναι
1789 706 1900 760 τῶν
1948 705 2102 758 ἀκοι-

528 798 714 866 μήτων
756 793 1064 865 ·ὀφθαλμῶν
1119 794 1361 848 ἐκείνων.
1434 792 1570 845 Ποία
1620 792 1679 845 δέ
1727 792 1874 845 ἐστιν
1921 788 2099 858 αῦτη;

528 879 696 931 Ὅταν
725 877 799 948 μὴ
851 878 970 931 κατ’
1007 875 1218 948 ἐχθρῶν
1251 893 1336 940 τις
1378 875 1627 947 εὔχηται,
1683 876 1811 930 ὅταν
1860 872 1935 945 μὴ
1960 872 2103 943 ὑπὲρ

527 963 755 1016 πλούτου
803 963 897 1017 καὶ
934 962 1244 1030 πλεονεξίας
1264 1004 1278 1027 ,
1317 963 1446 1017 ὅταν
1489 962 1563 1035 μή
1596 961 1739 1032 ὑπὲρ
1783 958 2103 1022 δυναστείας

527 1047 621 1100 καὶ
646 1046 823 1117 δόξης,
868 1046 1000 1117 μηδὲ
1038 1047 1181 1117 ὐπέρ
1218 1063 1361 1110 τινος
1405 1046 1512 1100 τῶν
1557 1046 1840 1115 ἐπικήρων
1875 1042 2100 1107 τούτων,

526 1130 644 1185 ἀλλ’
695 1132 836 1203 ὑπὲρ
876 1130 984 1183 τῶν
1028 1130 1321 1202 ἀκηράτων
1371 1126 1465 1185 καὶ
1522 1129 1801 1184 ἀθανάτων
1854 1127 2098 1182 ἐκείνων.

526 1215 767 1282 Ζητεῖτε
820 1215 928 1285 γὰρ
954 1213 1068 1282 τὴν
1112 1214 1438 1279 ,βασιλείαν
1465 1213 1570 1267 τοῦ
1603 1212 1772 1277 Θεοῦ,
1822 1211 1975 1283 φησὶ,
2003 1210 2103 1264 καί

524 1299 715 1354 ταῦτα
743 1297 942 1355 πάντα
960 1296 1431 1364 προστεθήσεται
1459 1295 1622 1365 ὑμῖν.
1662 1296 1764 1351 Ἐν
1785 1293 1867 1359 τῷ
1891 1309 2103 1361 κεκρα-

524 1384 690 1453 γέναι
706 1399 783 1452 με
808 1382 956 1448 πρὸς
979 1381 1072 1435 σέ.
1091 1380 1252 1451 Ὁρᾷς
1269 1380 1385 1443 πῶς
1401 1380 1648 1450 βούλεται
1674 1379 1768 1432 καὶ
1798 1378 1944 1449 ἡμᾶς
1968 1379 2104 1446 μετά

528 1467 762 1536 σπουδῆς
787 1465 994 1528 καλεῖν,
1028 1461 1168 1534 μετά
1211 1462 1547 1534 προθυμίας;
1595 1462 1704 1517 Καὶ
1737 1460 1845 1532 γὰρ
1876 1462 1905 1515 6
1925 1459 2104 1530 6cé60;

527 1550 616 1615 λος
647 1550 765 1603 τότε
793 1548 941 1621 [429]
975 1548 1209 1619 μάλιστα
1236 1546 1539 1620 ἐφεδρεύει.
1581 1545 1798 1615 Ἐπειδὴ
1829 1545 1937 1615 γὰρ
1959 1540 2104 1618 ρῖδεν

524 1634 608 1688 ὅτι
633 1633 887 1704 μέγιστον
915 1630 1075 1692 ὅπλον
1100 1632 1134 1702 ή
1165 1631 1321 1702 εὐχὴ,
1347 1632 1460 1697 καί,
1493 1630 1595 1686 κάν
1622 1628 1937 1702 ἁμαρτωλοὶ
1955 1622 2105 1698 ὦμεν

527 1716 622 1771 καὶ
658 1715 1121 1787 κατῃσχυμμένοι,
1168 1714 1317 1785 ὅμως
1349 1712 1487 1784 μετά
1525 1713 1807 1784 ἀκριϐείας
1835 1712 1929 1765 καὶ
1965 1708 2108 1765 κατά

525 1800 652 1863 τούς
681 1800 774 1853 τοῦ
812 1797 947 1852 Θεοῦ
986 1798 1184 1867 νόμους
1231 1797 1560 1867 εὐξάμενοι·
1582 1795 1820 1864 ἀνύομεν
1870 1794 2101 1865 μεγάλα.⁹

526 1884 649 1937 τότε
693 1882 980 1954 ἐμϐάλλειν
1023 1880 1356 1936 ἐσπούδακεν
1392 1882 1471 1945 είς
1500 1876 1796 1951 ρᾳθυμίαν,
1822 1879 1915 1933 καὶ
1960 1876 2106 1945 λογιο

529 1968 702 2035 σμούς
732 1965 1026 2029 ἀνακινεῖν,
1048 1962 1187 2016 ὥστε
1211 1963 1492 2037 ἀκάρπους
1509 1965 1682 2018 ποιεῖν
1703 1962 1848 2032 ἡμᾶς
1874 1960 1981 2015 ἀπὸ
2005 1959 2106 2028 τῆς

529 2047 694 2119 εὐχῆς
747 2046 1019 2102 ἀπελθεῖν.

601 2131 693 2184 Διὸ
735 2131 815 2184 δεῖ
864 2130 1038 2186 ταῦτα
1094 2132 1301 2198 εἰδότας
1352 2129 1700 2202 ἐπιτειχίζειν
1746 2126 1895 2198 αὐτῷ
1943 2127 2042 2197 τήν
2074 2134 2105 2174 b

529 2212 804 2284 ἡμετέραν
834 2213 1089 2285 σπουδὴν,
1119 2216 1214 2269 καὶ
1248 2214 1517 2286 μηδέποτε
1541 2213 1662 2267 κατ’
1707 2212 1915 2285 ἐχθρῶν
1948 2208 2103 2279 εὐχε-

531 2295 697 2358 σθαι,
745 2295 881 2351 ἀλλά
924 2298 1051 2361 τοὺς
1103 2298 1434 2363 ἀποστόλους
1493 2296 1798 2369 μιμεῖσθαι.
1842 2294 1950 2348 Καὶ
1996 2293 2106 2364 γὰρ

530 2383 727 2435 ἐκεῖνοι
749 2382 917 2451 μυρία
941 2381 1203 2456 παθόντες
1222 2380 1397 2447 δεινά,
1428 2375 1547 2436 εἶτα
1578 2381 1657 2444 είς
1706 2379 2052 2450 δεσμωτήρια
2081 2380 2102 2410 ε

530 2465 881 2534 ἐμπεσόντες,
913 2465 1009 2519 καὶ
1052 2466 1142 2520 τδν
1168 2467 1295 2538 περὶ
1318 2464 1427 2521 τῶν
1456 2465 1698 2536 ἐσχάτων
1719 2461 2108 2533 ὑπομείναντες

532 2548 775 2602 κίνδυνον
798 2589 814 2612 ,
857 2549 939 2612 είς
974 2549 1138 2621 εὐχὴν
1186 2548 1591 2619 καταφυγόντες
1640 2548 1823 2617 ἔλεγον
1850 2564 1864 2578 ο
1905 2544 2108 2599 Ἔπιδε

531 2630 631 2683 ἐπὶ
674 2629 783 2697 τὰς
813 2631 1066 2698 ἀπειλὰς
1095 2631 1310 2687 αὐτῶν.
1335 2634 1447 2686 Καὶ
1475 2631 1528 2685 τί
1577 2631 1715 2703 μετά
1751 2629 1955 2693 ταῦτα;
1988 2627 2104 2699 Μὴ,

531 2713 890 2786 Κατάῤῥαξον
920 2714 1149 2778 αὐτοὺς,
1206 2715 1239 2786 ή
1284 2715 1603 2768 ἀπόκτεινον
1625 2757 1640 2779 ,
1688 2713 1890 2782 ελεγον,
1915 2709 1945 2764 6
1976 2711 2107 2764 πολ-

532 2795 615 2849 λοὶ
648 2796 906 2861 πολλάκις
937 2797 1281 2869 ἐπαρώμενοι
1315 2798 1593 2867 λέγουσιν;
1636 2795 1917 2866 Οὐδαμῶς.
1950 2793 2110 2848 Ἀλλά

532 2881 620 2945 τίς
657 2880 765 2935 Καὶ
787 2880 891 2946 δός
915 2880 1041 2945 τοῖς
1063 2879 1303 2947 δούλοις
1326 2896 1444 2935 σου
1472 2880 1620 2950 μετὰ
1650 2879 1986 2949 παρρησίας
2011 2881 2112 2931 λα-

534 2963 669 3017 λεῖν
696 2963 805 3017 τὸν
824 2964 1013 3033 λόγον
1042 2978 1182 3019 σου.
1222 2964 1348 3028 Πῶς
1378 2966 1470 3018 καὶ
1505 2964 1612 3017 τίνι
1663 2963 1895 3034 πρόπῳς
1946 2963 2003 3014 ἐν
2031 2960 2111 3030 τῷ

534 3047 854 3100 ἀποκτεῖναι
879 3049 1006 3112 τοὺς
1026 3047 1472 3111 ἐπιϐουλεύοντας
1490 3091 1504 3114 ,
1531 3048 1595 3100 ἐν
1616 3046 1696 3117 τῷ
1726 3046 1988 3114 ἀφανίσαι
2016 3043 2111 3098 καὶ

537 3129 879 3201 πανωλεθρίᾳ
907 3147 986 3183 πα
995 3129 1272 3200 ραδοῦναις
1302 3131 1586 3201 Οὐδαμῶς.
1624 3129 1781 3184 Ἀλλά
1812 3129 1930 3192 πῶς
1950 3170 1964 3192 ,
2011 3128 2114 3180 Ἐν

537 3210 618 3277 τῷ
641 3213 860 3283 σημεῖα
874 3214 972 3268 καί
990 3212 1208 3283 τέρατα
1237 3214 1428 3269 ποιεῖν
1452 3214 1551 3268 διὰ
1576 3214 1683 3271 τοῦ
1698 3214 1871 3283 ἁγίου
1894 3211 2113 3279 Παιδός

538 3313 657 3351 σου
690 3299 904 3365 Ἰησοῦ.
937 3297 1088 3362 Εἶδες
1119 3299 1282 3370 εὐχήν
1317 3300 1633 3369 φιλοσοφίας
1682 3299 1980 3368 γέμουσαν,
2019 3294 2115 3350 καὶ

543 3380 682 3448 μετὰ
708 3381 940 3436 τοσαῦτα
984 3382 1131 3437 δεινά
1178 3384 1434 3454 οὐδεμίαν
1479 3382 1738 3437 αἰτοῦσαν
1770 3381 1877 3436 τῶν
1907 3381 2114 3453 ἐχθρῶν

538 3465 845 3534 τιμωρίαν;
880 3466 1019 3518 Ἀλλ’
1035 3466 1179 3521 οὕτω
1207 3467 1310 3538 μὲν
1336 3468 1510 3530 αὐτοὶ,
1538 3467 1617 3521 ἔτι
1642 3467 1842 3532 ζῶντες
1878 3468 1973 3521 καὶ
2006 3467 2112 3537 ἐμ-

542 3546 816 3611 πνέοντες·
843 3548 872 3600 ὀ
896 3548 954 3602 δὲ
980 3550 1248 3617 Στέφανος
1293 3550 1390 3605 καὶ
1424 3550 1874 3623 ἀπορρήγνυσθαι
1906 3548 2114 3620 μέλλων

541 3629 643 3699 τῆς
659 3628 936 3701 παρούσης
964 3631 1131 3703 ζωῆς,
1156 3633 1216 3685 οὐ
1245 3633 1403 3703 μόνον
1428 3634 1579 3686 οὐδὲν
1600 3634 1783 3697 αὐτοῖς
1804 3632 1970 3687 κακὸν
1984 3632 2117 3703 15:11-

544 3729 656 3775 σεν,
690 3712 825 3767 ἀλλά
849 3715 1088 3780 καὶτοὺς
1111 3715 1425 3781 λιθάζοντας
1453 3717 1546 3772 καὶ
1575 3716 1929 3788 ἀναιροῦντας
1953 3734 2114 3770 σπου-

545 3795 697 3862 δὰζει
719 3795 805 3850 διά
831 3797 929 3869 τῆς
964 3799 1131 3871 εὐχῆς
1160 3800 1463 3872 ἐξαρπάσαι
1493 3800 1592 3871 τῆς
1613 3799 1781 3872 ὀργῆς
1808 3800 1906 3871 τῆς
1937 3800 2028 3852 ἐπὶ
2049 3801 2116 3871 τῇ

454 3906 463 3913 ι
543 3881 786 3954 ἁμαρτίᾳ
807 3882 1000 3956 ταύτῃ,
1021 3884 1115 3937 καί
1139 3902 1294 3957 φησι,
1331 3884 1429 3953 Μὴ
1455 3884 1693 3953 στήσῃς
1737 3883 1941 3950 αὐτοῖς
2003 3881 2120 3950 τὴν

543 3965 835 4036 ἁμαρτίαν
854 3968 1260 4035 ταύτην-,Τίνος
1277 3965 1370 4023 οὖν
1397 3970 1463 4024 ἀν
1485 3964 1593 4023 εῐεν
1615 3967 1940 4039 συγγνώμης
1954 3965 2116 4035 ἄξιοι.

545 4050 704 4113 ποίας
734 4048 761 4088 ἀ
793 4050 1107 4120 ἀπολογίας,
1162 4053 1210 4104 οί
1242 4051 1383 4105 κατὰ
1412 4051 1520 4106 τῶν
1556 4051 1765 4122 ἐχθρῶν
1798 4051 2117 4122 εὐχόμενοι;

546 4131 664 4195 πῶς
695 4131 740 4185 δ’
766 4134 799 4203 ή
832 4132 1055 4206 τοιαύτη
1083 4134 1378 4205 ἀκουσθείη
1426 4133 1579 4206 εὐχή,
1611 4135 1740 4188 ὅταν
1793 4133 2119 4197 ἀπεναντίας

545 4216 658 4278 τοῖς
684 4215 778 4268 τοῦ
808 4215 944 4270 Θεοῦ
975 4218 1158 4289 νόμοις
1184 4218 1522 4290 ἀναφέρηται
1552 4229 1610 4284 e;
1660 4218 1752 4288 Μὴ
1784 4217 1846 4289 δὴ
1878 4216 2121 4272 τοιοῦτον

550 4297 719 4370 μηδὲν
746 4298 1016 4370 λέγωμεν.
1047 4300 1123 4354 Οὐ
1151 4300 1259 4371 γὰρ
1278 4300 1343 4373 δὴ
1374 4301 1534 4373 μόνον
1581 4301 1682 4355 οὐκ
1740 4299 1994 4371 εὔχεσθαι
2042 4300 2124 4354 δεῖ

548 4382 691 4435 κατὰ
709 4382 818 4436 τῶν
840 4384 1073 4461 ἐχθρῶν,
1108 4385 1243 4439 ἀλλά
1267 4387 1361 4439 καὶ
1386 4386 1485 4458 τήν
1529 4384 1699 4457 ὀργὴν
1744 4386 1986 4457 ἀναιρεῖν
2022 4384 2123 4455 τὴν

549 4464 671 4517 κατ’
725 4465 938 4519 αὐτῶνο
997 4467 1078 4520 διό
1133 4484 1296 4538 φησι⁹
1350 4469 1652 4538 Βούλομαι
1704 4466 1845 4534 τοὺς
1899 4466 2125 4536 ἄνδρας

550 4553 993 4620 προσεύχεσθαι
1025 4554 1095 4607 ἐν
1126 4554 1303 4609 παντί
1331 4557 1509 4619 τόπῳ,
1528 4555 1884 4623 ἐπαίροντας
1912 4554 2125 4622 ὁσίους

552 4634 758 4705 χεῖρας
808 4636 981 4703 χωρὶς
1019 4636 1203 4705 ὀργῆς
1248 4638 1346 4691 καί
1388 4637 1800 4708 διαλογισμοῦ.
1840 4636 2123 4701 Τουτὲστι,

554 4717 659 4772 κᾶν
683 4718 874 4788 ἐχθρὸν
891 4718 1028 4789 ,ἔχῃς
1046 4717 1098 4783 τ,
1126 4719 1316 4773 σϐέσον
1346 4719 1448 4791 τὴν
1466 4720 1654 4791 ὀργὴν,
1683 4723 1777 4774 καὶ
1791 4719 1933 4774 οὕτω
1959 4719 2126 4791 πρόσ-

556 4801 631 4855 ιθι
666 4800 743 4871 τῷ
768 4803 1036 4874 Δεσπότῃ,
1081 4801 1173 4854 καὶ
1211 4802 1285 4872 μὴ
1318 4803 1474 4873 μόνον
1493 4803 1582 4857 διὰ
1607 4802 1700 4857 τοῦ
1727 4805 1993 4874 στόματος
2017 4820 2126 4874 μη-

551 4883 641 4937 δὲν
665 4882 827 4956 εἴπῃς
879 4883 999 4937 κατ’
1034 4883 1222 4949 αὐτοῦ,
1252 4884 1386 4939 ἀλλά
1417 4887 1509 4939 καὶ
1555 4885 1653 4957 τὴν
1681 4886 1919 4940 διάνοιαν
1948 4886 2127 4940 ἀπάλ-

552 4967 711 5033 λαξον
733 4967 829 5024 τοῦ
858 4967 959 5024 ίοῦ.
995 4968 1091 5023 Ἀν
1115 4968 1337 5039 τοιαύτη
1369 4971 1403 5040 ή
1436 4968 1568 5039 εὐχὴ
1594 4967 1650 5042 ᾖ,
1678 4970 1770 5023 καὶ
1803 4969 1940 5038 μετά
1961 4987 2128 5023 σπου-

552 5051 649 5121 δῆς
684 5050 855 5123 καλῇς
898 5050 989 5106 τὸν
1034 5052 1188 5115 Θεὸν,
1229 5053 1325 5105 καὶ
1355 5053 1486 5124 πρὶν
1516 5052 1550 5123 ἢ
1583 5051 1799 5106 τελέσαι
1836 5052 1937 5123 τὴν
1965 5052 2129 5123 εὐχὴν

553 5136 1067 5209 ἀκουσθήσῃ.Τοῦτο
1090 5136 1184 5191 καὶ
1211 5136 1373 5201 αὐτὸς
1390 5137 1533 5189 αίτεῖ
1549 5136 1742 5205 λέγων’
1765 5138 2039 5207 Πρόσχες
2052 5138 2129 5206 τῇ

553 5219 725 5289 φωνῇ
747 5219 858 5289 τῆς
886 5220 1148 5289 δεήσεως
1172 5239 1292 5292 μου
1318 5221 1389 5274 ἐν
1416 5220 1495 5287 τῷ
1514 5219 1860 5290 κεκραγέναι
1876 5237 1953 5290 με
1980 5220 2131 5289 πρὸς

772 5375 783 5386 .
811 5338 1069 5401 εὐχόμενοι.
1095 5336 1285 5401 Ibidem
1321 5351 1448 5388 unus
1471 5336 1690 5401 ἐμϐαλεῖν
1719 5336 1889 5401 δεῦσε,
1909 5341 1962 5387 ει
1982 5338 2130 5401 paulo

554 5404 666 5462 po_sl
676 5400 939 5462 λογισμοὺς
960 5400 1184 5450 ἀνακινεῖ.

617 5459 647 5500 δ
674 5459 808 5511 υηίιε
824 5459 904 5512 διὰ
924 5464 1024 5521 τήν.

620 5523 646 5588 (ξ
672 5523 783 5588 ξεν.
810 5525 1151 5588 δεσμωτήριον.

621 5581 648 5619 (ί
675 5586 786 5632 Sav.
810 5581 948 5640 ποίας
968 5586 1021 5633 δέ

597 5655 647 5751 ᾖε
661 5644 830 5751 ἓξὲξ.
869 5651 996 5694 lcsle
1036 5646 1240 5707 Savilio,
1280 5647 1596 5714 ἀναφαίνεται.
1638 5646 1750 5697 Mox
1776 5659 1903 5698 unus
1942 5647 2025 5706 τὴν
2050 5645 2130 5711 ὀρ-

587 5722 643 5761 ην
661 5722 825 5761 αιρειν.

556 5722 643 5767 γην
661 5721 825 5767 αιρειν.

629 5764 649 5804 ί
676 5767 789 5815 Sav.
813 5767 899 5813 κᾶν
924 5768 1111 5829 ἐχθροὺς
1141 5768 1269 5832 ἔχῃς.

1217 336 1275 395 S.
1312 335 1597 397 JOANNIS
1632 325 2112 389 CHRYSOSTOIII

2216 324 2474 384 [ιοιιιερ.
2511 321 3092 409 οοΝετΑΝτιΝοῐι.

3684 320 3798 376 430

2207 440 2301 496 σέ.
2326 442 2436 496 Καὶ
2457 442 2566 514 γὰρ
2593 442 2758 497 αὐτοῦ
2778 442 2872 495 τοῦ
2892 441 3030 495 Θεοῦ
3054 441 3203 496 ἐστιν
3217 437 3511 513 ὐπόσχεσις
3531 440 3796 512 λέγουσα,

2211 530 2342 583 Ἔτι
2367 527 2839 593 ;ίαλοῦντόςσου
2863 524 2996 594 ἐρῶ,
3052 524 3206 581 Ἰδοὺ
3253 524 3511 596 πάρειμι.
3574 529 3798 583 Kano-

2208 614 2478 680 θυνθήτω
2508 615 2547 683 ἠ
2570 609 2883 681 προσευχὴ
2904 629 3026 681 μου
3051 650 3067 675 ,
3118 610 3199 677 ὡς
3243 609 3507 680 θυμίαμα
3534 610 3798 666 ἐνώπιόν

2207 713 2344 754 σου.
2382 699 2626 771 Ἕτερος,
2665 695 2942 767 Ταχθήτω
2966 697 2993 737 ε
3011 696 3050 763 ἡ
3074 693 3384 764 προσευχὴ
3411 711 3554 764 μου,
3582 694 3665 759 ὡς
3691 697 3798 749 θυ-

2202 785 2396 854 μίαμα
2443 782 2784 852 ἔμπροσθέν
2837 794 2974 834 σου.
3041 778 3233 841 Ἀλλος
3251 816 3266 843 ,
3338 776 3795 846 Ἑτοιμασθήτω.

2167 919 2175 927 ,
2213 872 2510 937 Ἐπωρσις
2536 865 2655 921 τῶν
2667 865 2883 936 χειρῶν
2911 882 3025 932 μου
3043 864 3225 919 θυσία
3245 861 3558 929 ἐσπερινή.
3576 860 3796 928 ’Ἄλλος⁹

2208 953 2405 1022 Δῶρον
2434 951 2717 1020 ἑσπέρας.
2761 950 2990 1020 ’Έτερος
3008 988 3023 1010 ,
3054 943 3373 1015 Προσφῳὰ
3396 942 3709 1011 ἐσπερινή.

2275 1037 2341 1089 Τί
2360 1034 2565 1102 διδάξαι
2590 1034 2907 1104 βουλόμενος
2934 1034 3078 1103 ἡμᾶς
3102 1034 3131 1085 6
3146 1031 3429 1102 προφήτης
3451 1029 3581 1098 περὶ
3602 1027 3799 1092 θυσίας

2209 1119 2504 1190 ἐσπερινῆς
2549 1117 2888 1182 διαλέγεταις
2943 1114 3046 1167 Δύο
3086 1115 3259 1184 βωμοὶ
3283 1112 3344 1167 τὸ
3376 1110 3530 1184 [450]
3562 1110 3798 1164 παλαιὸν

2206 1197 2370 1273 ἦσαν,
2405 1197 2485 1265 εἷς
2517 1201 2613 1272 μὲν
2650 1199 2759 1253 ἀπὸ
2788 1198 2989 1270 χαλκοῦ
3043 1194 3579 1273 κατεσκευασμένος,
3607 1194 3797 1266 ἕτερος

2207 1270 2265 1338 δέ
2293 1270 2543 1357 χρυσοῦς.
2568 1284 2677 1337 Καὶ
2694 1285 2722 1336 6
2748 1283 2845 1353 μὲν
2872 1280 3150 1352 πάνδημος
3168 1275 3237 1351 ἦν
3258 1270 3463 1349 σχεδὸν,
3494 1277 3796 1348 προκείμε-

2208 1384 2297 1431 νος
2323 1370 2435 1431 τοῖς
2457 1367 2674 1438 ἱερείοις
2705 1368 2817 1429 τοῖς
2840 1363 2934 1419 τοῦ
2958 1364 3196 1435 πλήθους
3219 1361 3440 1426 παντὸς,
3463 1363 3492 1414 6
3523 1360 3581 1414 δὲ
3602 1362 3662 1413 ἐν
3679 1362 3797 1424 τοῖς

2209 1448 2423 1512 ἀδύτοις
2480 1450 2737 1504 ἀπέκειτο
2788 1449 2884 1503 καὶ
2931 1446 3026 1501 τοῦ
3073 1443 3569 1514 καταπετάσματος
3622 1442 3794 1497 ἔνδον.

2208 1532 2424 1588 Μᾶλλον
2454 1531 2511 1586 δέ
2566 1532 2704 1586 ὥστε
2754 1530 3064 1600 σαφέστερα
3120 1527 3373 1597 γενέσθαι
3424 1527 3497 1579 τά
3525 1527 3796 1596 λεγόμενα

2208 1616 2360 1687 ἡμῖν,
2404 1618 2486 1679 είς
2502 1615 2676 1688 ἀρχὴν
2696 1614 2788 1668 τὸν
2818 1614 2974 1683 λόγον
3003 1613 3300 1680 ἀναγαγεῖν
3328 1610 3356 1647 ιι
3391 1608 3786 1679 πειρασόμεθα.

2208 1699 2355 1763 Ναὺς
2374 1693 2443 1770 ῆν
2469 1698 2619 1770 παρά
2663 1696 2934 1761 Ἰουδαίοις
2980 1696 3043 1750 τὸ
3097 1694 3326 1749 παλαιὸν
3378 1692 3795 1765 τεσσαράκοντα

2214 1782 2313 1854 μέν
2339 1781 2529 1853 πηχῶν
2578 1781 2640 1837 τὸ
2677 1781 2871 1852 μῆκος,
2906 1778 2967 1832 τὸ
3010 1777 3068 1834 δὲ
3114 1778 3317 1841 πλάτος
3362 1777 3557 1830 εἴκοσι.
3587 1775 3797 1829 Τούτου

2210 1865 2303 1920 τοῦ
2340 1867 2547 1937 μήκους
2574 1863 2707 1917 δέκα
2736 1861 2949 1931 ἀφελὼν
2977 1862 3173 1932 πήχεις
3229 1860 3500 1915 ἀπέλαϐεν
3530 1858 3682 1912 ἔνδον
3704 1858 3798 1912 διά

2210 1948 2306 2002 τοῦ
2332 1946 2850 2016 καταπετάσματος,
2883 1945 2977 1998 καὶ
2998 1944 3060 1997 τὸ
3098 1944 3506 2015 ἀπειλημμένον
3549 1942 3798 1997 ἐκαλεῖτο

2211 2033 2378 2098 ’Ἅγια
2402 2031 2594 2101 ἀγίων,
2614 2030 2675 2085 τδ
2686 2030 2743 2085 δὲ
2763 2028 3061 2099 ἔξω,¹’Δγια
3081 2028 3261 2103 μόνον..
3294 2028 3403 2087 Καὶ
3413 2026 3599 2102 χρυσῷ
3616 2026 3797 2086 πάντα

2210 2113 2611 2184 κατελάμπετο.
3157 2140 3166 2149 -

2280 2197 2353 2267 γ’.
2375 2196 2531 2260 Τινές
2554 2194 2610 2249 δέ
2630 2194 2724 2251 καὶ
2744 2194 2844 2265 τὴν
2860 2193 3016 2248 δοκὸν
3035 2192 3366 2265 ἐκείνηνντὴν
3385 2193 3497 2248 ἀνω
3518 2191 3797 2267 χρυσήλα-

2209 2281 2301 2335 τδν
2339 2281 2523 2348 ἔλεγον
2569 2275 2731 2333 εἶναι.
2762 2278 2933 2333 Ἔνθα
2984 2279 3000 2318 ί
3033 2280 3062 2332 6
3098 2278 3388 2349 ἀρχιερεὺς
3420 2277 3577 2347 μόνος
3622 2275 3799 2346 εἰσῄει

2211 2362 2359 2428 ἅπαξ
2386 2361 2479 2416 τοῦ
2514 2360 2780 2426 ἐνιαυτοῦ,
2815 2360 2934 2413 ἐκεῖ
2953 2360 3047 2415 καὶ
3067 2362 3101 2431 ή
3129 2359 3358 2422 κιϐωτὸς
3388 2359 3584 2423 ἐκειτο,
3609 2360 3707 2412 καὶ
3728 2358 3796 2412 τά

2212 2445 2509 2519 Χερουϐίμ·
2538 2444 2655 2500 ἐκεῖ
2679 2445 2772 2498 καὶ
2793 2445 2821 2496 6
2860 2442 3042 2514 βωμὸς
3070 2444 3309 2514 εἱστήκει
3334 2443 3364 2495 6
3391 2441 3650 2514 χρυσοῦς.
3668 2440 3796 2497 ἔνθα

2210 2529 2273 2583 τὸ
2305 2528 2661 2601 θυμιατήριον
2683 2526 3069 2598 προσεφέρετο,
3106 2528 3185 2590 είς
3229 2525 3385 2580 οὐδὲν
3418 2526 3610 2597 ἕτερον
3653 2543 3796 2597 παρ-

2212 2612 2630 2683 εσκευασμένος,
2670 2611 2787 2665 ἀλλ’
2816 2611 2849 2682 ἢ
2879 2610 3016 2683 πρὸς
3040 2611 3102 2665 τὸ
3125 2611 3376 2683 θυμίαμα
3412 2612 3594 2683 μόνον.
3626 2610 3798 2664 Τοῦτο

2211 2697 2270 2753 δὲ
2291 2697 2501 2765 ἐγίνετο
2518 2695 2662 2764 ἀπαξ
2691 2694 2785 2748 τοῦ
2812 2694 3078 2750 ἐνιαυτοῦ.
3122 2695 3212 2749 Ἑν
3230 2695 3309 2768 τῷ
3334 2696 3448 2767 ναῷ
3466 2690 3571 2750 οῦν
3588 2695 3668 2762 τῷ
3691 2695 3801 2762 ἔξω

2212 2784 2242 2837 6
2266 2780 2501 2853 χαλκοῦς
2524 2775 2594 2853 ῆν
2625 2778 2827 2851 βωμὸς,
2863 2779 2958 2833 καὶ
2984 2779 3108 2835 καθ’
3136 2779 3376 2852 ἑκάστην
3400 2781 3640 2850 ἑσπέραν
3668 2779 3795 2849 ἐφέ-

2218 2882 2342 2937 ρετο
2386 2865 2557 2935 ἀμνὸς
2594 2862 2689 2916 καὶ
2736 2862 3070 2917 κατεκαίετο.
3100 2863 3271 2918 Τοῦτο
3306 2863 3552 2917 ἐκαλεῖτο
3573 2862 3607 2917 i.
3636 2863 3806 2918 θυσία

2216 2947 2496 3019 έσπερινή·
2528 2940 2596 3017 ῆν
2619 2945 2728 3016 γάρ
2760 2945 2854 2998 καὶ¹
2878 2944 3095 3017 ἑωθινὴ,
3129 2946 3225 3000 καὶ
3247 2946 3329 3011 δἰς
3358 2946 3459 3016 τῆς
3471 2945 3689 3018 ἡμέρας
3718 2948 3795 3010 εἰς

2214 3031 2306 3086 τὸν
2340 3029 2465 3086 ναὸν
2484 3030 2574 3083 τὸν
2599 3029 2781 3102 βωμὸν
2808 3029 3059 3084 καίεσθαι
3100 3029 3229 3093 ἔδει,
3258 3030 3417 3096 ἐκτὸς
3458 3029 3571 3083 τῶν
3624 3030 3810 3084 ἀλλων.
3861 3086 3865 3090 ,

2219 3114 2431 3187 ἱερείων
2457 3113 2566 3169 τῶν
2594 3113 2744 3183 παρά
2766 3113 2861 3168 τοῦ
2891 3112 3020 3167 λαοῦ
3047 3114 3669 3186 προσαγομένων.Τοῦτο
3690 3114 3813 3187 γὰρ,

2216 3201 2331 3264 τοῖς
2361 3198 2596 3270 ἱερεῦσιν
2625 3198 2905 3268 ἐπίταγμα
2932 3197 3029 3251 καὶ
3058 3198 3221 3268 νόμος
3246 3192 3334 3270 ἦν,
3388 3196 3531 3252 ὥστε
3586 3197 3798 3252 οἴκοθεν

2219 3282 2314 3336 καὶ
2373 3279 2505 3351 παρ’
2538 3279 2766 3342 ἑαυτῶν,
2826 3281 2954 3334 ὅταν
2994 3281 3184 3351 μηδεὶς
3233 3281 3260 3320 ιι
3289 3280 3651 3352 προσέφερεν,
3706 3281 3809 3336 ἕνα,

2220 3363 2441 3420 ἑωθινὸν
2461 3365 2558 3420 καὶ
2603 3364 2701 3419 ἕνα
2738 3364 3023 3435 ἐσπερινὺν
3048 3362 3226 3435 ἀμνὸν
3255 3363 3547 3417 καταθύειν
3579 3364 3673 3417 καὶ
3697 3381 3809 3419 κα-.

2219 3449 2482 3509 τακσίειν’
2504 3449 2598 3504 καὶ
2625 3450 2658 3521 ή
2686 3448 2783 3519 μὲν
2803 3447 3049 3502 ἐκαλεῖτο
3080 3446 3241 3502 θυσία
3264 3446 3482 3517 ἑωθινὴ,
3498 3449 3532 3518 ή
3553 3446 3613 3500 δέ
3639 3448 3798 3500 ἐσπεο

2224 3535 2364 3606 ρινή.
2400 3531 2572 3586 Τοῦτο
2598 3533 2655 3586 δέ
2683 3531 2788 3589 ὑπὸ
2812 3530 2905 3585 τοῦ
2928 3529 3066 3586 Θεοῦ
3095 3528 3479 3602 νενομοθέτητο
3534 3530 3797 3598 γίνεσθαι,

2220 3614 2504 3688 δηλοῦντος
2554 3614 2644 3669 διά
2688 3615 2783 3669 τοῦ
2839 3614 3146 3686 γινομένου,
3196 3613 3279 3669 ὅτι
3327 3613 3593 3689 διηνεκῶς
3640 3613 3817 3668 αὐτὸν.

2223 3698 2623 3771 θεραπεύεσθαι
2652 3698 2782 3771 χρή,
2820 3699 2915 3753 καὶ
2961 3695 3274 3768 ἀρχομένης
3323 3695 3418 3751 καὶ
3464 3696 3801 3767 τελευτώσης

2223 3782 2454 3855 ἡμέρας.

2293 3865 2441 3936 Αὕτη
2466 3864 2646 3925 τοίνυν
2679 3866 2713 3936 ή
2748 3864 2910 3921 θυσία
2950 3863 3346 3936 εὐπρόσδεκτος
3384 3857 3453 3935 ἦν
3485 3863 3597 3927 ἀεὶ,
3624 3863 3720 3916 καὶ⁸
3745 3860 3800 3915 :6

2225 3950 2372 4022 θῦμα
2406 3950 2426 3990 ι
2458 3950 2717 4006 τοιοῦτον·
2741 3949 2804 4003 τὸ
2833 3949 2890 4005 δὲ
2929 3949 3067 4022 ὑπὲρ
3091 3947 3505 4019 ἁμαρτημάτων
3531 3948 3664 4001 ποτέ
3703 3946 3801 4018 μὲν

2224 4033 2620 4106 εὐπρόσδεκτον
2646 4028 2736 4105 ἦν,
2778 4031 2909 4087 ποτὲ
2939 4031 2997 4085 δὲ
3018 4031 3119 4086 οὐκ
3142 4030 3557 4102 εὐπρόσδεκτον,
3581 4029 3800 4099 ἀπὺτῆς

2224 4116 2517 4178 διαθέσεως
2559 4114 2671 4172 τῶν
2706 4114 3120 4187 προσφερόντων
3146 4114 3283 4185 πρὸς
3311 4112 3510 4185 ἀρετὴν
3541 4112 3576 4183 ἢ
3607 4111 3813 4167 κακίαν

2224 4198 2384 4254 τοῦτο
2405 4199 2628 4253 κάκεῖνο
2656 4196 2957 4268 γινόμενον·
2988 4196 3126 4267 ὅπερ
3159 4195 3217 4250 δὲ
3240 4197 3339 4267 οὐχ
3377 4195 3518 4267 ὐπέρ
3548 4197 3800 4267 ἁμαρτη-

2230 4282 2415 4353 μάτων
2437 4281 2525 4336 ἐτέ
2534 4297 2641 4352 ρων
2660 4280 3054 4354 προσεφέρετο,
3084 4280 3202 4335 ἀλλ’
3226 4279 3538 4352 ἱερουργίας
3558 4279 3722 4350 νόμος
3738 4273 3801 4349 ἦν

2228 4364 2323 4418 καὶ
2374 4361 2669 4436 θεραπείας
2724 4364 2957 4436 τρόπος,
3008 4363 3227 4427 πάντως
3280 4362 3677 4434 εὐπρόσδεκτος
3714 4356 3799 4432 ἦν.

2241 4446 2409 4513 Ἀξιοῖ
2434 4445 2611 4501 τοίνυν
2643 4438 2797 4511 οὗτος
2828 4448 2969 4501 οὐτω
3007 4444 3261 4514 γενέσθαι
3307 4441 3474 4498 αὐτοῦ
3511 4444 3615 4514 τὴν
3642 4443 3803 4515 εὐχὴν

2229 4528 2305 4592 ὼς
2332 4528 2507 4581 ἐκεῖνο
2528 4526 2588 4582 τὸ
2626 4527 2901 4599 θῦμαπιτδ
2919 4528 3145 4600 οὐδεμιᾷ
3171 4528 3347 4599 κηλῖδι
3372 4526 3466 4581 τοῦ
3499 4528 3803 4597 προσάγον-

2228 4628 2321 4675 τος
2357 4610 2737 4684 μολυνὸμενον,
2768 4613 2845 4677 ὡς
2871 4612 3049 4667 ἐκεῖνο
3074 4611 3136 4666 τὸ
3181 4611 3436 4682 θυμίαμα
3482 4610 3546 4665 τὸ
3570 4610 3802 4683 καθαρὸν

2230 4694 2327 4748 καὶ
2347 4692 2519 4762 ἅγιον.
2544 4695 2642 4749 Διά
2671 4696 2804 4751 δὲτὸ
2831 4693 3015 4760 ἀξιοῦν
3034 4695 3129 4749 καὶ
3144 4693 3387 4750 παιδεύει
3400 4693 3651 4765 καθαρὰς
3662 4693 3802 4763 ἡμᾶς

2232 4777 2501 4832 ποιεῖσθαι
2530 4777 2628 4842 τὰς
2658 4779 2822 4849 εὐχὰς
2851 4778 2946 4835 καὶ
2988 4776 3228 4842 εὐώδειςο
3257 4775 3509 4831 Τοιοῦτον
3530 4776 3639 4847 γὰρ
3669 4777 3702 4846 ἡ
3726 4774 3803 4826 δι’

2232 4859 2513 4933 καιοσύνη·
2548 4860 2737 4934 ὥσπερ
2793 4856 2886 4915 οῦν
2919 4862 2953 4933 ἡ
2985 4860 3227 4932 ἁμαρτία
3283 4858 3545 4929 δυσώδης.
3593 4858 3686 4912 Διὸ
3714 4856 3802 4911 καὶ

2230 4942 2330 5014 τὴν
2360 4942 2626 4999 δυσωδίαν
2659 4945 2828 5017 αὐτῆς
2861 4943 3188 5015 παραδηλῶν
3213 4941 3374 5006 αὐτὸς
3393 4934 3551 5007 οὗτος
3602 4940 3798 5008 ἔλεγεν·

2236 5026 2365 5080 Ὅτι
2390 5030 2451 5081 ai
2475 5027 2713 5097 ἀνομίαι
2730 5044 2853 5098 μου
2887 5024 3194 5097 ὐπερῆραν
3228 5025 3343 5094 τὴν
3369 5024 3646 5094 κεφαλήν
3666 5040 3797 5094 μου,

2232 5109 2375 5165 ὡσεὶ
2412 5111 2659 5179 φορτίον
2694 5109 2855 5179 ,βαρὺ
2893 5109 3313 5179 ἐόιφύνθησαν
3338 5108 3430 5163 ἐπ’
3458 5108 3586 5176 ἐμέ.
3617 5111 3797 5177 Προσ-

2232 5190 2459 5254 ὠζεσαν
2481 5193 2579 5247 καί
2604 5193 2931 5262 ἐσάπησαν
2950 5195 3006 5248 οι
3027 5192 3318 5263 μώλωπες
3332 5208 3475 5262 μου.

2306 5275 2517 5347 Ὠσπερ
2540 5270 2634 5330 οὖν
2653 5275 2715 5329 τὸ
2740 5275 2988 5348 θυμίαμα
3022 5275 3116 5328 καὶ
3144 5272 3267 5329 καθ’
3295 5274 3456 5328 ἐαυτό
3476 5272 3597 5326 ἐστι
3647 5267 3797 5325 καλὸν

2300 5402 2326 5466 β
2349 5400 2497 5466 Qun;
2512 5403 2687 5466 codex,
2711 5407 2842 5454 teste
2865 5402 3039 5464 Savil.,
3059 5401 3214 5453 habet
3230 5402 3443 5466 ταχθείη.

2298 5461 2323 5525 ί)
2349 5462 2464 5525 Sav.
2476 5461 2683 5525 ἀγαγεῖν.

2301 5524 2317 5563 ί
2348 5524 2462 5574 Sav.
2497 5524 2713 5575 ἐνταῦθα.

2305 5588 2320 5635 ί
2355 5586 2467 5635 Sav.
2494 5588 2795 5646 κατεκαίετο,
2821 5588 3055 5638 ἐκαλεῖτο.

2299 5648 2325 5712 If
2346 5648 2486 5712 Aljus
2508 5644 2827 5712 ὥπεάνωθεν
2852 5651 2931 5699 καὶ
2953 5651 3062 5712 παρ’
3088 5646 3289 5712 ἑαυτῶν,
3306 5645 3399 5712 κᾶν
3420 5644 3595 5711 μηδείς.

2307 5707 2324 5747 l
2350 5707 2491 5774 Αιίυε
2510 5710 2591 5774 καὶ
2610 5711 2666 5774 τό
2687 5712 2913 5774 θυμίαμα,
2936 5718 2987 5763 et
3007 5707 3118 5761 mox
3141 5707 3503 5773 εὐπαράδικτον.

2299 5778 2338 5804 ¹¹¹
2364 5770 2465 5823 Alii
2482 5772 2537 5823 τὸ
2560 5770 2785 5836 θυμίαμα.
2901 5770 2908 5774 ’
3264 5770 3273 5773 ⁷
3516 5798 3523 5805 ·
