4068 6270
284 340 391 397 42:)

282 465 349 521 te,
374 451 562 508 exaudi
582 465 660 505 me
686 462 702 504 .'
724 457 776 505 ct
801 446 922 504 ideo
948 454 1098 517 rogat
1123 452 1183 500 ut
1201 444 1464 500 audiatur.
1506 443 1634 499 Cum
1670 445 1859 499 clama-

282 560 395 599 ocro
412 543 480 596 ad
496 552 561 596 te.

357 634 535 691 oratio
568 650 601 687 a
646 631 755 687 Deo
795 629 1025 686 exaudiri
1057 629 1212 700 digna
1258 644 1387 700 qua.
1418 658 1489 668 —
1517 627 1653 683 Vide
1703 627 1863 682 etiam

284 727 444 781 aliam
483 725 730 780 virtutem
759 720 1035 776 orationis.
1065 718 1179 773 Non
1209 718 1351 773 enim
1370 725 1518 787 rogat
1549 706 1670 772 ideo
1698 733 1865 773 exan-

282 819 408 885 diri,
436 815 574 889 quod
605 829 797 884 magno
821 822 876 868 et
899 811 1201 869 vehementi
1223 810 1397 865 studio
1421 818 1557 874 oret,
1587 808 1680 892 sed
1706 809 1867 883 etiam

282 925 348 963 ex
374 923 441 962 eo
466 905 605 977 quod
632 904 792 959 talem
814 902 1004 958 offerat
1029 901 1322 955 oralionem
1348 941 1363 965 ,
1393 909 1449 954 ut
1474 899 1631 970 digna
1653 900 1721 953 sit
1740 913 1868 967 ocu-

283 1000 350 1053 lis
374 998 497 1062 illis,
526 1011 740 1066 semper
762 993 1121 1064 vigilantibus.
1156 992 1410 1059 Quantam
1454 1000 1629 1045 autem
1653 1005 1717 1046 ea
1745 989 1866 1045 est?

281 1090 413 1145 Cum
442 1088 560 1158 quis
586 1102 694 1141 non
722 1086 862 1142 male
905 1093 1153 1154 precatur
1179 1082 1406 1137 inimicis
1425 1122 1440 1146 ,
1468 1095 1590 1136 cum
1614 1095 1719 1135 non
1748 1087 1868 1134 orat

287 1195 385 1250 pro
434 1178 637 1233 divitiis
681 1185 737 1232 et
774 1174 1133 1241 facultatibus,
1162 1190 1283 1229 cum
1307 1188 1411 1228 non
1435 1187 1531 1244 pro
1557 1171 1787 1243 potentia
1813 1179 1867 1227 et

282 1272 473 1342 gloria,
505 1284 680 1340 neque
721 1283 821 1338 pro
840 1267 947 1322 ulla
987 1281 1046 1322 re
1087 1264 1226 1320 ﬂuxa
1255 1273 1310 1321 ct
1351 1264 1591 1330 caduca;
1635 1263 1729 1319 sed
1769 1278 1866 1333 pro

283 1363 389 1418 illis
419 1360 832 1426 immortalibus,
863 1375 982 1430 qua:
1009 1374 1294 1429 numquam
1331 1356 1613 1412 intereunt.
1647 1356 1870 1423 Quaerite

282 1453 461 1518 enim,
494 1451 696 1521 inquit,
727 1466 939 1521 regnum
967 1447 1093 1514 Dei,
1126 1458 1172 1502 et
1208 1447 1316 1502 haec
1344 1446 1517 1501 omnia
1559 1445 1868 1517 adjiciantur

282 1543 420 1597 vobis
443 1541 655 1614 (Matth.
676 1540 729 1597 6.
760 1540 875 1611 35).
904 1539 1027 1594 Cum
1047 1540 1328 1594 clamavero
1347 1539 1414 1592 ad
1450 1548 1517 1594 te.
1546 1537 1705 1594 Vides
1733 1552 1863 1608 quo-

284 1634 449 1689 modo
471 1634 583 1688 vult
611 1647 709 1688 nos
728 1647 940 1702 quoque
960 1646 1082 1686 cum
1100 1646 1294 1701 magno
1322 1630 1498 1685 studio
1517 1640 1572 1685 ct
1595 1629 1869 1687 alacritate

283 1725 449 1779 animi
471 1738 590 1780 eum
617 1723 847 1779 vocare?
875 1723 1084 1779 Etenim
1111 1722 1353 1778 diabolus
1374 1732 1501 1778 tunc
1529 1721 1759 1779 maxime
1785 1723 1867 1778 in-

283 1815 527 1871 sidiatur.
553 1815 682 1882 Quia
701 1815 843 1870 enim
871 1814 1213 1871 scitmaxima
1242 1828 1392 1869 arma
1416 1828 1534 1869 esse
1560 1829 1744 1884 preces
1767 1856 1783 1879 ,
1809 1822 1865 1871 et

284 1920 387 1961 nos
434 1907 560 1963 licet
600 1907 767 1962 simus
793 1915 1104 1978 peccatores
1141 1907 1463 1978 inl'amiaquc
1488 1916 1545 1962 ct
1573 1907 1862 1977 ignominia

285 1999 487 2060 notati,
517 2000 561 2052 si
592 2006 770 2054 tamen
818 1998 1054 2069 perfecte
1095 2005 1151 2052 et
1199 1997 1291 2053 Dei
1334 1997 1536 2068 legibus
1578 1997 1865 2068 diligenter

282 2088 540 2156 scrvatis,
571 2103 786 2144 oremus
812 2131 826 2155 ,
854 2105 1041 2160 magna
1070 2090 1284 2145 cliicere
1314 2104 1330 2143 :
1364 2077 1488 2143 tunc
1516 2103 1614 2143 nos
1639 2098 1864 2145 conatur

282 2178 558 2248 impellere
584 2180 637 2234 in
672 2179 992 2246 socordiam,
1020 2188 1074 2235 et
1095 2180 1367 2236 dimovere
1394 2188 1628 2234 nostram
1657 2180 1858 2250 cogita-

284 2270 484 2324 tionem
518 2282 532 2320 :
577 2277 640 2324 ut
680 2270 837 2325 faciat
869 2283 970 2325 nos
1007 2269 1207 2342 absque
1245 2269 1355 2325 ullo
1396 2268 1570 2326 fructu
1608 2268 1863 2327 recedere

283 2361 353 2415 ab
379 2360 642 2415 oratione.

365 2451 595 2506 Inimicis
623 2468 723 2506 non
745 2451 874 2507 male
910 2452 1239 2523 precandum.
1265 2482 1337 2492 —
1359 2451 1614 2520 Quocirca
1653 2458 1862 2522 oportet

282 2555 407 2610 nos,
433 2556 555 2597 cum
582 2542 698 2599 haec
724 2543 975 2608 sciamus,
1003 2542 1258 2597 adversus
1286 2558 1406 2597 eum
1442 2552 1679 2598 nostrum
1706 2558 1858 2599 com-

280 2632 493 2688 munire
533 2633 761 2689 stndium
802 2644 854 2688 et
883 2633 1243 2704 diligentiam,
1290 2643 1346 2690 et
1390 2634 1620 2689 inimicis
1663 2635 1860 2690 nostris

278 2738 567 2794 numquam
595 2725 735 2780 male
774 2727 997 2795 precari,
1046 2726 1142 2780 sed
1193 2726 1463 2796 apostolos
1510 2726 1726 2781 imitari.
1774 2725 1857 2782 illi

276 2817 421 2872 enim
447 2833 569 2873 cum
601 2818 738 2888 passi
765 2826 946 2873 essent
986 2819 1123 2873 mala
1161 2818 1460 2883 innumera,
1492 2819 1545 2873 in
1587 2833 1856 2874 carcerem

281 2909 513 2978 coniecti
537 2919 734 2975 essent,
751 2920 806 2965 et
830 2910 882 2964 in
901 2919 1199 2965 extremum
1221 2909 1430 2964 adducti
1455 2910 1765 2979 periculum,
1789 2908 1855 2964 ad

285 3000 583 3055 elationem
602 2999 995 3069 confugiebant,
1023 3000 1262 3056 dicentes
1294 3017 1307 3052 :
1340 2999 1553 3068 Respice
1579 3017 1732 3070 super
1754 3000 1856 3054 mi-

223 3107 234 3115 ·
280 3106 377 3143 nas
405 3091 625 3154 ipsorum
648 3089 782 3164 (Act.
811 3091 868 3146 4.
890 3090 1005 3162 29).
1026 3091 1094 3145 Et
1121 3090 1246 3160 quid
1270 3090 1489 3159 postea?
1514 3075 1649 3144 Num
1670 3131 1684 3155 ,
1709 3089 1855 3146 Con-

276 3178 455 3250 fringe
482 3180 644 3249 ipsos,
673 3180 759 3235 vel
785 3179 1004 3246 occide,
1032 3179 1297 3246 dicebant,
1330 3189 1389 3234 ut
1418 3180 1564 3234 multi
1598 3195 1741 3250 saepe
1766 3180 1855 3234 di-

273 3282 405 3327 cunt
431 3272 821 3343 imprecantcs?
846 3271 1207 3343 Nequaquam.
1237 3271 1343 3328 Sed
1358 3271 1530 3341 quid?
1560 3271 1628 3325 Et
1656 3271 1723 3324 da
1745 3287 1855 3326 ser-

273 3363 350 3417 uis
400 3363 501 3418 tuis
557 3378 676 3417 cum
726 3362 916 3433 ﬁducia
969 3362 1104 3432 loqui
1177 3362 1378 3416 rubum
1426 3370 1566 3416 tuum
1610 3360 1851 3434 (Mitt).

274 3446 556 3522 Quomodo
579 3464 634 3511 et
684 3470 788 3525 qua
826 3453 1068 3511 ratione?
1090 3455 1149 3509 in
1188 3452 1498 3508 occidendis
1524 3453 1587 3507 iis
1612 3453 1699 3523 qui
1722 3454 1851 3508 insi-

274 3544 528 3600 diantur?
550 3546 608 3599 in
638 3545 701 3600 iis
720 3544 961 3600 delendis
986 3553 1040 3600 et
1060 3543 1125 3598 ad
1146 3543 1567 3599 internecimtcm
1588 3558 1755 3613 usque
1780 3543 1851 3599 de

273 3634 455 3691 medio
486 3635 772 3692 tollendis?
797 3635 1036 3691 Minime.
1082 3634 1185 3689 Sed
1207 3633 1509 3703 quomodo?
1539 3633 1604 3687 In
1628 3634 1784 3705 signis
1807 3641 1859 3688 et

272 3725 520 3801 prodigiis
574 3724 819 3793 faciendis
870 3740 960 3794 per
991 3731 1218 3779 sanctum
1265 3722 1458 3777 Filium
1495 3732 1634 3776 tuum
1677 3723 1855 3777 Jesum

274 3799 437 3884 (Ibid.
473 3799 522 3869 ti.
554 3813 668 3885 50).
704 3814 892 3869 Vidisti
920 3815 1214 3870 orationem
1250 3815 1458 3884 plenam
1492 3812 1850 3883 philosophia,

252 3911 331 3960 et
353 3917 473 3973 qua:
501 3912 621 3973 post
645 3911 722 3958 tot
743 3911 796 3961 et
828 3912 972 3958 tanta
1005 3903 1142 3957 mala
1167 3917 1272 3958 non
1294 3904 1448 3973 petit,
1461 3911 1519 3958 ut
1536 3903 1852 3974 supplicium

271 4002 513 4053 sumatur
551 3993 621 4050 de
661 3993 925 4048 inimicis?
973 3992 1077 4049 Sed
1112 3992 1167 4046 hi
1196 3992 1410 4063 quidem
1437 3992 1534 4057 sic,
1562 3993 1736 4048 adhuc
1777 3993 1857 4048 vi-

271 4091 462 4138 ventes
485 4093 537 4139 et
560 4083 825 4154 spirantes
852 4100 869 4139 :
898 4083 1200 4155 Stephanus
1231 4090 1429 4149 autem,
1457 4096 1576 4138 cum
1605 4098 1851 4153 prasen-

274 4176 346 4230 tis
388 4175 507 4230 vita:
534 4190 722 4232 cursus
744 4183 893 4231 esset
928 4176 978 4231 ei
1003 4173 1473 4245 interrumpendus
1492 4215 1508 4240 ,
1544 4188 1651 4229 non
1680 4174 1850 4230 solum

273 4263 409 4323 nihil
435 4266 560 4320 mali
589 4266 668 4321 eis
693 4267 863 4336 petiit,
896 4265 989 4322 sed
1016 4280 1110 4323 eos
1140 4266 1300 4322 etiam
1336 4266 1426 4336 qui
1468 4265 1776 4335 lapidabant
1799 4274 1855 4323 et

272 4373 399 4413 eum
427 4357 821 4427 intcrimehant,
849 4358 1026 4414 studet
1048 4373 1148 4429 per
1166 4372 1317 4412 suam
1333 4357 1627 4413 orationem
1646 4358 1856 4428 eripere

270 4448 346 4504 ab
374 4448 450 4502 ira
472 4489 489 4515 ,
527 4465 644 4519 qua:
674 4457 790 4505 erat
817 4450 868 4504 in
894 4464 989 4504 eos
1020 4459 1242 4506 ventura
1272 4460 1487 4520 propter
1512 4448 1617 4506 hoc
1661 4465 1852 4519 pecca-

272 4548 408 4605 tutn,
432 4549 486 4594 et
512 4538 661 4607 dicit,
692 4538 778 4594 Ne
796 4550 990 4595 statuas
1017 4540 1088 4596 eis
1116 4540 1209 4594 hoc
1228 4551 1482 4612 peccatum
1502 4540 1636 4612 (Act.
1662 4541 1714 4597 7.
1737 4540 1850 4612 59).

270 4634 570 4696 Quamnam
605 4645 735 4702 ergo
759 4631 967 4686 veniam
1002 4639 1394 4701 consequentur
1413 4672 1433 4698 ,
1460 4641 1515 4687 et
1537 4645 1640 4701 qua
1665 4630 1851 4688 defen-

269 4721 428 4779 sione
465 4730 709 4788 utentur,
740 4721 851 4792 qui:
885 4720 1115 4776 inimicis
1165 4721 1304 4776 male
1356 4722 1675 4791 precantur?
1721 4737 1855 4792 quo-

268 4812 434 4867 modo
460 4822 637 4873 autem
659 4813 897 4878 exaudiri
927 4813 1123 4883 poterit
1148 4827 1211 4868 ea
1239 4814 1430 4880 oratio,
1458 4813 1669 4884 quando
1692 4829 1855 4885 repu-

266 4913 400 4974 gnat
428 4904 518 4958 Dei
543 4904 751 4974 legibus
770 4903 948 4960 iNihil
976 4919 1105 4974 ergo
1135 4904 1239 4959 tale
1260 4903 1518 4959 dicamus.
1535 4904 1651 4960 Non
1680 4905 1853 4961 solum

267 4993 416 5048 enim
447 5008 551 5048 non
576 5003 659 5049 est
686 4995 826 5050 male
851 4994 1171 5065 precandum
1200 4994 1446 5059 inimicis,
1464 4993 1558 5050 sed
1589 4995 1665 5050 ira
1683 4996 1851 5052 etiam

269 5085 325 5138 in
369 5098 463 5140 eos
489 5093 746 5155 concepta
785 5093 870 5141 est
905 5084 1196 5145 auferenda
1230 5101 1245 5139 :
1277 5094 1331 5141 et
1372 5084 1494 5141 ideo
1519 5084 1648 5142 dicit
1679 5102 1691 5139 :
1728 5085 1857 5141 Volo

265 5176 406 5231 rios
444 5192 590 5230 orare
615 5177 669 5230 in
696 5177 834 5231 οηιηί
856 5177 966 5232 loco
989 5217 1005 5243 ,
1028 5177 1254 5233 tollentes
1283 5193 1463 5232 manus
1506 5188 1705 5232 sanctas
1749 5178 1857 5233 sine

262 5269 350 5321 ira
375 5277 424 5322 et
442 5268 809 5338 disceptatione
830 5269 908 5338 (ι.
943 5267 1075 5324 Tim.
1102 5268 1159 5324 2.
1178 5268 1256 5340 8).
1278 5268 1391 5324 Hoc
1409 5278 1513 5333 est,
1540 5268 1648 5323 Etsi
1671 5270 1740 5323 sit
1760 5268 1855 5324 tibi

267 5359 539 5426 inimicus,
571 5360 850 5431 esstingue
876 5360 1031 5426 iram,
1061 5366 1116 5415 et
1143 5360 1216 5414 ita
1234 5359 1430 5415 accede
1454 5359 1518 5412 ad
1548 5359 1853 5427 Dominum,

266 5459 329 5506 ct
381 5465 489 5505 non
538 5451 713 5506 solum
756 5451 1014 5507 adversus
1041 5466 1161 5505 eum
1204 5465 1298 5506 ore
1337 5450 1470 5505 nihil
1518 5450 1859 5519 dixeris,sod

264 5541 434 5595 etiam
463 5557 727 5612 expurges
757 5522 902 5596 virus
922 5543 1000 5596 tui
1026 5542 1213 5596 animi.
1244 5541 1300 5597 Si
1328 5540 1446 5596 talis
1465 5541 1534 5596 sit
1554 5549 1641 5596 tua
1663 5542 1855 5609 oratio,

262 5642 324 5689 et
354 5632 656 5688 vehementi
677 5632 854 5689 studio
886 5633 1047 5687 Damt
1077 5632 1441 5699 invocaveris,
1473 5633 1632 5688 etiam
1678 5633 1857 5704 prius-

266 5738 433 5801 quam
476 5723 772 5781 orationem
816 5722 1140 5794 potl‘cccris,
1177 5722 1505 5779 exaudiaris.
1580 5723 1693 5779 lloc
1746 5724 1858 5795 ipse

1424 328 1782 386 EXPOSITIO
1820 327 1885 384 IN
1925 328 2242 387 PSALMUM
2278 330 2415 388 CXL

3441 341 3543 400 650

1967 461 2177 515 quoque
2216 449 2348 516 petit
2383 447 2566 504 dicens
2602 462 2617 503 ε
2643 444 2858 504 Intende
2883 451 2991 505 voci
3010 453 3250 509 orationis
3277 470 3400 509 mea:
3426 472 3538 510 cum

1969 535 2246 589 clamavero
2270 538 2337 590 ad
2366 547 2431 591 te.
2460 539 2666 595 Etenim
2704 539 2868 610 ipsius
2899 541 2992 596 Dei
3012 543 3292 611 promissio
3315 554 3396 600 cst
3418 562 3540 616 qua:

1971 627 2127 694 dicit,
2149 628 2330 682 Adhuc
2356 628 2583 700 loquente
2619 641 2665 685 te
2688 632 2877 699 dicam,
2911 632 3040 688 Ecce
3063 636 3244 689 adsum
3264 636 3418 707 (Isai.
3451 639 3539 693 58.

1970 717 2046 785 9).
2093 718 2146 772 2.
2175 716 2436 790 Dirigatur
2454 722 2616 775 oratio
2635 739 2744 775 mea
2770 723 2899 776 sicut
2921 723 3180 779 incensum
3202 726 3254 779 in
3273 738 3540 796 conspectu

1970 817 2075 861 tuo.
2107 808 2257 863 Alius
2279 850 2294 876 ,
2323 809 2589 864 Statuatur
2611 813 2770 865 oratio
2799 829 2909 865 mea
2944 813 3069 868 sicut
3092 814 3345 870 incensum
3373 833 3542 870 coram

1970 910 2017 954 te
2038 901 2131 972 (α).
2159 903 2323 967 Alius,
2349 902 2687 972 Pra’paretur.
2708 903 2933 963 Elevatio
2952 923 3191 962 manuum
3211 925 3433 964 mearum
3459 928 3542 967 sa-

1970 992 2214 1060 eri/icium
2243 995 2600 1066 vespertinum.
2630 995 2782 1052 Alius
2800 1037 2816 1064 ,
2849 995 3051 1052 Donum
3080 1015 3314 1070 uespere.
3345 1001 3497 1058 Alius
3519 1042 3537 1070 ,

1974 1082 2173 1138 Oblatio
2198 1086 2496 1156 vespertina.

2039 1175 2236 1230 Altaria
2261 1176 2361 1231 duo
2386 1175 2737 1250 Jerosolyrms.
2758 1208 2828 1221 -—
2849 1179 2984 1247 Quid
3016 1196 3112 1238 nos
3139 1183 3324 1239 volens
3347 1184 3542 1243 docere

1969 1265 2229 1336 propheta
2288 1266 2526 1337 loquitur
2574 1268 2641 1324 de
2682 1268 2942 1326 sacriﬁcio
2997 1273 3338 1342 vespertino?
3377 1276 3543 1332 Erant

1970 1359 2101 1414 olim
2138 1358 2246 1415 duo
2269 1359 2474 1425 altaria,
2501 1376 2663 1416 unum
2683 1376 2890 1418 aeneum
2910 1403 2925 1428 ,
2952 1364 3173 1420 alterum
3201 1381 3444 1423 aureum.
3474 1368 3542 1425 Et

1969 1448 2097 1505 illud
2125 1449 2339 1521 quidem
2362 1460 2480 1506 erat
2509 1451 2793 1520 publicum,
2820 1453 3067 1510 omnibus
3106 1455 3219 1512 fere
3257 1459 3416 1513 totius
3438 1474 3538 1529 po-

1967 1538 2072 1609 puli
2104 1539 2294 1596 hostiis
2316 1540 2615 1610 expositum
2643 1540 2785 1598 :hoc
2813 1552 2990 1600 autem
3020 1546 3180 1601 situm
3206 1556 3322 1602 erat
3344 1548 3396 1604 in
3410 1549 3541 1619 ady-

1968 1628 2054 1696 tis,
2081 1637 2136 1685 et
2153 1629 2288 1684 intra
2316 1629 2513 1684 velum.
2537 1632 2710 1701 Atque
2734 1631 2870 1688 adeo
2893 1641 2950 1689 ut
2977 1650 3096 1704 qua:
3124 1651 3154 1691 a
3178 1637 3328 1692 nobis
3348 1637 3537 1694 dicun-

1966 1726 2052 1773 tur
2096 1719 2206 1773 sint
2254 1719 2501 1784 clariora,
2538 1722 2847 1777 conabimur
2892 1725 3070 1793 potius
3106 1725 3174 1780 ab
3227 1727 3344 1796 ipso
3390 1729 3540 1784 initio

1963 1807 2160 1865 ducere
2183 1810 2495 1865 orationem.
2538 1810 2657 1866 Fuit
2691 1810 2817 1866 olim
2841 1814 2980 1882 apud
3005 1813 3218 1871 Judatos
3244 1818 3536 1887 templum,

1965 1899 2180 1971 longum
2211 1901 2423 1971 quidem
2451 1900 2796 1973 quadraginta
2838 1903 3070 1972 cubitos,
3098 1906 3263 1961 latum
3304 1923 3431 1963 vero
3459 1910 3541 1963 vi-

1963 1991 2115 2062 ginti.
2166 1991 2333 2062 llujns
2361 1992 2700 2063 longitudinis
2726 1993 2910 2049 decem
2943 1995 3086 2051 intus
3123 1996 3282 2052 ablati
3318 1998 3535 2055 interci-

1963 2082 2243 2153 piebantnr
2265 2082 2447 2152 cubiti,
2467 2090 2524 2139 et
2549 2083 2691 2155 quod
2717 2092 2832 2139 erat
2859 2084 3230 2158 interceptum,
3250 2089 3536 2146 vocabatur

1963 2174 2157 2249 Sancta
2195 2174 2499 2232 sanctorum
2532 2194 2546 2231 :
2582 2177 2723 2247 quod
2767 2185 2882 2233 erat
2906 2187 3085 2234 autem
3121 2189 3302 2249 extra,
3342 2181 3534 2238 Sancta

1964 2272 2187 2329 tantum.
2218 2267 2362 2321 Auro
2390 2274 2564 2321 autem
2594 2267 2772 2324 omnia
2791 2269 3147 2326 collucebant.

2033 2357 2087 2412 5.
2127 2355 2374 2414 Nonnulli
2400 2372 2526 2413 vero
2546 2358 2793 2414 dixerunt
2817 2375 3123 2430 supremam
3150 2377 3360 2433 quoque
3390 2363 3533 2419 illaut

1963 2448 2164 2504 trabem
2206 2447 2372 2504 fuisse
2398 2464 2635 2504 auream.
2686 2449 2800 2506 lluc
2843 2451 2992 2506 solus
3019 2451 3251 2521 pontifex
3279 2455 3447 2509 semel
3478 2456 3531 2511 in

1960 2555 2101 2596 anno
2126 2538 2522 2608 ingrediebatur
2550 2556 2566 2594 :
2597 2539 2705 2595 illic
2724 2548 2779 2596 ct
2804 2555 2928 2597 arca
2957 2541 3056 2596 sita
3078 2551 3222 2609 erat,
3250 2552 3302 2598 et
3330 2542 3534 2599 Cheru-

1960 2631 2108 2687 bim:
2139 2632 2248 2687 illic
2273 2634 2432 2687 etiam
2460 2632 2634 2688 stabat
2669 2632 2835 2688 altare
2866 2647 3107 2699 aureum,
3137 2634 3191 2689 in
3214 2650 3322 2705 quo
3344 2634 3535 2691 oﬁ‘ere-

1958 2723 2115 2778 batur
2152 2723 2445 2788 incensum,
2475 2722 2543 2778 ad
2590 2722 2718 2777 nihil
2770 2723 2914 2778 aliud
2962 2731 3239 2794 paratum,
3264 2739 3421 2794 quam
3464 2725 3530 2779 ad

1958 2816 2129 2871 solum
2153 2814 2436 2886 thymiama
2464 2829 2559 2870 seu
2579 2813 2831 2870 sumtum.
2856 2814 2966 2871 Hoc
2983 2823 3161 2870 autem
3184 2814 3342 2870 ﬁebat
3363 2816 3531 2873 semel

1959 2906 2011 2961 in
2039 2921 2195 2963 anno.
2239 2906 2293 2960 In
2317 2914 2546 2961 externo
2564 2920 2695 2977 ergo
2723 2906 2920 2977 templo
2950 2915 3067 2962 erat
3107 2905 3274 2962 altare
3298 2922 3527 2970 aeneum,

1957 2996 2012 3051 in
2051 3013 2155 3066 quo
2183 2997 2420 3068 quotidie
2449 2995 2770 3052 oil‘crcbatur
2813 3011 2983 3067 agnus
3007 3004 3061 3052 et
3096 2997 3526 3057 comburebatur.

1959 3086 2071 3143 Hoc
2095 3088 2457 3158 appellabatur
2482 3087 2841 3157 vespertinum
2866 3087 3180 3143 sacrilicium
3207 3104 3221 3140 :
3258 3088 3528 3144 eratenint

1955 3181 2112 3236 etiam
2145 3180 2478 3247 matutinum,
2501 3189 2554 3235 et
2575 3180 2655 3235 his
2682 3179 2734 3235 in
2760 3179 2848 3235 die
2865 3178 3144 3250 Oportebat
3161 3178 3327 3236 altare
3342 3194 3532 3236 accen-

1956 3271 2031 3337 di,
2063 3280 2256 3342 praater
2279 3272 2409 3326 alias
2435 3268 2665 3335 hostias,
2694 3284 2812 3341 quae
2849 3269 3206 3329 oﬁ‘erebantur
3243 3285 3272 3323 a
3313 3272 3528 3341 populo.

1957 3362 2070 3419 Hoc
2103 3364 2244 3419 enim
2265 3373 2379 3420 erat
2394 3362 2606 3435 jussum
2626 3370 2680 3419 et
2712 3363 2828 3433 lege
2852 3368 3105 3418 statutum
3142 3362 3528 3429 sacerdotibus,

1957 3464 2016 3509 ut
2060 3469 2127 3509 ex
2166 3468 2225 3509 se
2266 3463 2320 3509 et
2362 3468 2428 3508 ex
2480 3452 2640 3508 domo
2669 3467 2785 3518 sua,
2816 3451 3028 3522 quando
3064 3452 3254 3523 nullus
3294 3452 3529 3520 oﬁ‘erret,

1959 3562 2120 3602 unum
2149 3545 2463 3600 matutinum
2485 3553 2539 3599 et
2565 3559 2727 3599 unum
2755 3544 3115 3613 vespertinum
3141 3558 3334 3614 agnum
3369 3543 3533 3598 sacri-

1958 3636 2176 3692 ﬁcarent
2197 3644 2250 3692 et
2276 3635 2648 3691 comburerent
2678 3652 2692 3689 :
2719 3642 2775 3690 et
2801 3633 2933 3689 illud
2962 3634 3326 3705 appellabatur
3366 3634 3533 3688 sacri—

1956 3726 2135 3782 ﬁcium
2152 3726 2492 3790 matutinum,
2514 3726 2614 3780 hoc
2639 3724 3018 3795 vespertinum.
3044 3724 3157 3779 lloc
3168 3731 3344 3779 autem
3357 3723 3531 3793 jusse-

1954 3827 2037 3873 rat
2057 3816 2195 3871 Deus
2208 3815 2341 3881 ﬁeri,
2358 3814 2657 3886 significans
2682 3828 2776 3885 per
2789 3812 2842 3868 id
2857 3813 2996 3885 quod
3016 3812 3533 3870 ﬁebateumassidue

1955 3908 2132 3964 colere
2159 3916 2405 3977 eporterc
2427 3945 2443 3971 ,
2475 3914 2530 3961 et
2570 3920 2691 3961 cum
2716 3903 2832 3961 dies
2863 3904 3065 3975 incipit,
3086 3913 3140 3960 et
3164 3918 3286 3959 cum
3312 3902 3528 3959 desinit.

2028 3996 2350 4066 Sacriﬁcium
2394 4012 2496 4051 non
2522 4011 2714 4067 semper
2739 4004 3015 4065 acceptum.
3048 4024 3118 4033 —
3140 3993 3254 4049 Hoc
3286 4008 3413 4064 ergo
3437 4008 3528 4048 8a-

1957 4089 2212 4146 criﬁcium
2252 4085 2350 4142 fuit
2391 4101 2603 4157 semper
2641 4094 2945 4156 acceptum,
2996 4086 3228 4155 itemque
3268 4082 3528 4153 ejusmodi

1958 4184 2201 4240 suflitus:
2233 4179 2373 4253 quod
2419 4188 2596 4236 autem
2638 4177 2795 4234 (iebat
2828 4191 2926 4247 pro
2968 4174 3218 4247 peccatis,
3250 4174 3533 4245 aliquando

1957 4276 2168 4347 quidem
2196 4282 2310 4329 erat
2336 4280 2636 4341 acceptum,
2658 4262 2941 4340 aliquando
2957 4282 3085 4324 vero
3109 4283 3213 4323 non
3229 4275 3528 4336 acceptum,

1958 4375 2140 4437 utpote
2179 4363 2318 4436 quod
2350 4363 2450 4417 hoc
2484 4361 2568 4416 vel
2600 4359 2730 4415 illud
2766 4367 2931 4426 esset,
2978 4366 3135 4428 prout
3174 4357 3209 4413 ii
3261 4356 3349 4427 qui
3400 4355 3530 4410 illud

1958 4456 2272 4521 olferebant,
2302 4461 2452 4509 erant
2473 4450 2644 4505 atl‘ccti
2672 4449 2737 4504 ad
2766 4450 3011 4504 virtutem
3032 4456 3122 4503 aut
3147 4447 3326 4502 vitium
3350 4463 3363 4500 :
3390 4445 3530 4517 quod

1960 4559 2136 4603 autem
2159 4561 2264 4600 non
2306 4543 2625 4601 oﬁ'crebatur
2654 4556 2751 4612 pro
2776 4540 3000 4595 aliorum
3026 4539 3283 4610 peccatis,
3301 4537 3395 4593 sed
3415 4548 3530 4594 erat

1960 4636 2044 4692 lex
2072 4633 2315 4691 sacriﬁcii
2343 4642 2398 4688 et
2418 4631 2605 4686 modus
2620 4628 2847 4696 colendi,
2867 4637 2983 4684 erat
2995 4630 3214 4684 omnino
3233 4638 3532 4699 acceptum.

1958 4727 2059 4784 Hic
2081 4740 2209 4798 ergo
2235 4732 2408 4795 rogat,
2438 4733 2493 4777 ut
2522 4723 2592 4777 sit
2617 4719 2735 4793 ejus
2753 4720 2923 4775 oratio
2947 4727 3004 4775 ut
3034 4718 3165 4775 iilud
3187 4719 3528 4783 sacriﬁcium,

1957 4816 2101 4890 quod
2129 4816 2267 4871 nulla
2296 4814 2630 4886 polluebatur
2652 4810 2925 4868 oﬁ'ereutis
2960 4811 3197 4881 macula,
3223 4811 3361 4866 sicut
3398 4809 3526 4864 illud

1961 4912 2234 4967 incensum
2265 4916 2505 4962 sanctum
2546 4915 2600 4960 et
2633 4918 2842 4975 purum.
2880 4901 3135 4974 ltogando
3163 4911 3338 4956 autem
3379 4900 3535 4955 docet

1960 5015 2059 5057 nos
2084 5010 2141 5055 ut
2163 4999 2432 5054 orationes
2458 5003 2653 5051 nostrae
2678 4995 2786 5050 sint
2810 5009 2958 5065 pura:
2986 4999 3042 5048 et
3064 4991 3360 5048 odoriferm.
3389 4989 3535 5047 Talis

1960 5091 2102 5147 enim
2132 5097 2215 5145 est
2234 5088 2433 5159 justitia
2466 5103 2479 5140 :
2509 5082 2955 5157 quemadmodum
3010 5088 3285 5153 peccatum
3312 5088 3395 5135 est
3434 5078 3528 5135 fm-

1960 5183 2147 5238 tidum.
2177 5181 2435 5248 Quocirca
2465 5186 2656 5232 tetrum
2684 5175 2799 5245 ejus
2825 5171 3045 5228 odorem
3074 5171 3377 5241 signiﬁcans
3402 5211 3419 5235 ,
3450 5169 3534 5224 di-

1959 5256 2109 5333 ccbat
2145 5273 2437 5343 :Quoniam
2464 5269 2747 5340 iniquitates
2771 5280 2893 5320 mete
2928 5277 3263 5335 supergressa:
3299 5271 3416 5316 sunt
3451 5280 3537 5316 cae

1962 5380 2051 5442 put
2074 5384 2257 5431 meum,
2286 5367 2413 5420 sicut
2434 5379 2561 5417 onus
2579 5375 2727 5432 grave
2750 5366 2970 5429 gravata:
2987 5365 3105 5410 sunt
3132 5370 3283 5424 super
3308 5371 3403 5408 me.
3432 5355 3532 5415 Pu-

1961 5467 2186 5518 truerunt
2202 5466 2247 5512 et
2262 5462 2513 5523 corrupta:
2525 5460 2639 5505 sunt
2658 5449 2913 5504 cicatrices
2932 5462 3073 5501 mete.
3097 5445 3265 5519 (Psal.
3286 5447 3375 5501 57.
3394 5447 3510 5517 5.6)
3522 5485 3538 5500 .

2034 5547 2347 5620 Fragrantia
2373 5542 2616 5600 orationis
2638 5557 2657 5607 ;
2679 5536 2917 5592 tlturibuli
2942 5548 3113 5609 typus,
3137 5537 3323 5608 lingtta’
3347 5546 3392 5590 ct
3427 5555 3537 5595 mu-

2023 5667 2096 5729 (a)
2130 5672 2237 5735 Haec
2257 5666 2310 5713 et
2337 5660 2607 5723 sequentes
2642 5652 3069 5715 interpretationes
3108 5651 3245 5715 juxta
3290 5663 3413 5715 quos
3449 5650 3543 5716 sint

1966 5743 2062 5780 DUII
2080 5740 2174 5777 11οτ
2183 5736 2325 5774 tutus.
