4068 6270
634 377 692 431 5.
1332 364 1390 422 s.
1429 361 1705 422 JOANNIS
1740 349 2116 413 cnavsosr.
2159 349 2474 407 ARCHIEP.
2512 327 3045 411 causraurtuor.
3690 322 3691 325 γ
3761 359 3842 415 ιιι

599 501 757 544 unum
792 483 1020 556 paritas;
1060 478 1393 550 vespertinum
1439 474 1741 545 sacriﬁcium
1794 489 1884 528 cur
1937 471 2173 533 dictum;

605 570 785 633 manus
827 591 918 629 cur
942 572 1169 627 levanda
1210 571 1264 625 in
1306 568 1549 623 oratione.
1598 595 1668 605 -—
1718 560 2176 632 Quemadmodum

600 687 730 741 ergo
756 666 968 725 suftltns
994 680 1090 736 per
1115 679 1173 718 se
1198 671 1283 719 est
1311 661 1480 715 bonus
1496 668 1549 715 et
1570 657 1707 712 bene
1733 657 1903 721 olens,
1930 662 2058 709 tunc
2089 666 2181 706 au-

604 770 711 817 tem
736 760 966 816 maxime
991 756 1186 812 bonum
1217 753 1434 808 odorem
1471 750 1682 812 emittit,
1713 747 1924 818 quando
1951 744 2056 815 igni
2084 758 2177 797 ac-

606 851 828 907 cesserit
859 864 874 902 :
905 849 976 903 ita
1016 847 1177 902 etiam
1223 844 1395 900 oratio
1423 842 1507 897 vel
1553 855 1648 910 per
1689 855 1750 894 se
1795 837 2006 907 quidem
2041 835 2178 890 bona

602 952 682 998 est
711 960 724 996 :
750 948 834 997 est
860 948 1037 994 autem
1063 937 1251 994 melior
1278 944 1330 991 et
1360 932 1696 1004 fragrantior,
1723 929 1936 1001 quando
1964 925 2181 982 atfertur

603 1050 723 1089 cum
751 1032 960 1089 ardenti
990 1040 1042 1087 et
1068 1029 1289 1087 ferventi
1314 1027 1512 1091 animo,
1531 1024 1742 1096 quando
1761 1022 1936 1078 anima
1954 1019 2180 1075 eflicitur

607 1126 968 1190 thuribulum,
996 1132 1051 1177 et
1078 1123 1252 1192 ignem
1294 1120 1660 1175 vehementem
1705 1113 1963 1169 accendit.
2000 1111 2181 1180 Neque

604 1218 747 1273 enim
780 1214 1150 1286 imponebatur
1190 1212 1467 1267 incensum
1516 1217 1609 1263 aut
1647 1206 1879 1271 sufﬁtns,
1912 1204 2011 1259 nisi
2040 1211 2184 1259 esset

606 1307 759 1377 prius
795 1320 1018 1361 accensa
1043 1301 1294 1360 craticula
1320 1342 1335 1366 ,
1366 1309 1454 1354 aut
1486 1298 1584 1353 nisi
1610 1297 1858 1353 arderent
1899 1296 2180 1350 carbones.

608 1395 720 1451 lloc
758 1396 929 1465 ipsum
978 1393 1061 1455 fac
1108 1402 1162 1448 tu
1214 1405 1427 1461 quoque
1476 1390 1527 1444 in
1571 1397 1749 1442 mente
1793 1398 1920 1441 tua:
1953 1384 2187 1441 accende

609 1489 756 1555 prius
777 1486 939 1556 ipsam
962 1484 1136 1540 studio
1157 1491 1212 1538 ct
1237 1482 1398 1537 animi
1427 1480 1720 1545 alacritate,
1742 1487 1796 1532 ct
1824 1486 1947 1532 tunc
1972 1476 2187 1546 impone

609 1578 928 1633 orationem.
980 1576 1236 1631 Precatur
1262 1589 1390 1645 ergo
1419 1581 1478 1628 ut
1518 1572 1687 1626 oratio
1723 1569 1936 1640 quidem
1976 1583 2070 1623 sna
2096 1567 2188 1621 ﬁat

608 1669 747 1724 sicut
782 1669 1080 1733 incensum,
1107 1666 1335 1721 elevatio
1359 1672 1534 1717 autem
1579 1676 1826 1715 manuum
1863 1660 1999 1713 sicut
2023 1659 2190 1712 sacri-

608 1758 784 1813 ﬁcium
833 1758 1217 1826 vespertinum.
1244 1754 1379 1807 Sunt
1407 1753 1546 1806 eni.n
1572 1749 1729 1804 ambo
1757 1759 1995 1818 accepta.
2040 1748 2186 1814 Quo-

611 1847 773 1901 modo
799 1854 976 1900 autem
1015 1844 1117 1898 hoc
1164 1844 1303 1899 ﬁet?
1328 1843 1385 1898 Si
1428 1851 1648 1910 utraque
1703 1839 1809 1894 sint
1862 1839 2057 1892 munda
2085 1878 2101 1904 ,
2142 1837 2187 1892 si

609 1946 833 2006 utraque
859 1935 985 1988 nulli
1022 1933 1130 1988 sint
1176 1929 1577 2002 reprehensioni
1609 1929 1801 1983 vitinve
1843 1927 2067 1982 obnoxia
2087 1967 2103 1994 ,
2134 1933 2191 1983 et

613 2027 788 2097 lingua
814 2034 867 2081 et
893 2040 1101 2089 manus,
1131 2023 1215 2078 hic
1234 2021 1444 2093 quidem
1485 2020 1551 2075 ab
1575 2018 1795 2073 avaritia
1815 2028 1869 2072 ct
1893 2018 2074 2087 rapina
2097 2033 2192 2071 ex-

614 2126 867 2187 purgatae,
899 2116 986 2172 illa
1014 2128 1145 2171 vero
1174 2129 1204 2168 a
1232 2113 1385 2167 malis
1414 2109 1596 2167 verbis
1620 2109 1803 2164 libera.
1835 2106 2191 2176 Quemadmo-

613 2207 739 2261 dum
769 2207 910 2262 enim
959 2214 1170 2275 oportet
1217 2202 1541 2259 thuribulum
1587 2200 1713 2255 nihil
1746 2199 1942 2255 habere
1972 2200 2193 2254 immun-

619 2297 762 2364 dum,
794 2296 888 2353 sed
915 2297 1086 2351 solum
1105 2296 1278 2366 ignem
1294 2303 1347 2351 et
1375 2293 1645 2349 sntﬁtum:
1676 2292 1745 2346 ita
1778 2290 1938 2347 etiam
1958 2291 2190 2361 linguam

617 2389 821 2445 nullum
845 2395 1058 2457 oportet
1086 2386 1305 2443 verbum
1330 2385 1589 2456 proferre,
1612 2384 1750 2455 quod
1773 2384 1846 2439 sit
1863 2384 1965 2438 ulla
1988 2383 2192 2438 macula

615 2489 709 2535 aut
737 2479 856 2534 labe
894 2493 1218 2549 respersum,
1242 2476 1337 2532 sed
1387 2476 1725 2531 sanctitatem
1752 2483 1807 2530 et
1833 2474 2080 2541 laudem;
2121 2474 2190 2529 ita

615 2572 775 2627 etiam
803 2579 1014 2639 oportet
1059 2584 1247 2624 manus
1290 2582 1409 2623 esse
1452 2567 1798 2623 tlmribulum.
1843 2565 1924 2622 Sit
1966 2581 2094 2637 ergo
2131 2581 2193 2623 os

624 2671 770 2716 tuttm
807 2661 1130 2716 thuribulum
1162 2677 1178 2714 :
1208 2660 1327 2715 vide
1360 2667 1534 2715 autem
1581 2673 1650 2714 ne
1691 2658 1742 2714 id
1788 2657 1915 2714 ﬁmo
1943 2658 2190 2729 impleas.

618 2752 776 2808 Tales
805 2753 948 2807 enim
976 2759 1137 2818 sunt,
1167 2751 1256 2822 qui
1289 2751 1578 2820 loquuntur
1615 2749 1773 2804 verba
1818 2749 1988 2820 turpia
2013 2757 2069 2804 et
2097 2750 2194 2804 im-

616 2844 830 2899 munda.
860 2844 969 2899 Cur
1016 2852 1194 2898 autem
1246 2856 1353 2896 non
1400 2841 1533 2897 dixit
1574 2840 1885 2895 matutinum
1922 2886 1927 2891 .
1962 2836 2053 2894 sed
2077 2854 2195 2894 ves-

619 2936 881 3007 pertinum
901 2934 925 2987 ἲ
949 2932 1070 2988 Mihi
1098 2933 1312 3003 quidem
1340 2931 1549 2987 videtur
1572 2931 1771 2986 dictum
1796 2942 1915 2986 esse
1944 2930 2191 2985 indiscri-

619 3029 880 3085 tninatim.
940 3027 997 3085 Si
1048 3027 1190 3082 enim
1241 3024 1465 3081 dixisset
1526 3025 1881 3089 matutinum,
1952 3022 2195 3077 curiosus

617 3120 877 3191 quispiam
910 3119 1312 3189 interrogasset,
1335 3116 1443 3172 Cur
1473 3132 1577 3172 non
1617 3117 1751 3172 dixit
1786 3116 2146 3186 vespertinum
2171 3116 2195 3170 ἲ

619 3209 674 3265 Si
698 3209 814 3278 quis
836 3219 1009 3266 autem
1040 3209 1175 3265 velit
1203 3209 1387 3264 audire
1412 3223 1516 3264 non
1539 3208 1698 3262 nimis
1718 3207 1928 3263 curiose
1949 3207 1987 3272 ¹,
2007 3208 2194 3273 dicen-3

618 3301 743 3356 dum
770 3310 853 3356 est
873 3302 1188 3357 matutinum
1214 3302 1429 3373 quidem
1457 3310 1767 3371 exspectare
1795 3300 2191 3371 vespertinum;

619 3407 742 3446 cutn
774 3393 1132 3461 vespertinum
1163 3401 1338 3447 autem
1372 3403 1643 3462 peractum
1675 3391 1850 3458 fuerit,
1884 3392 2089 3447 ﬁnitum
2114 3401 2197 3448 est

619 3482 971 3549 sacrificium,
1000 3494 1053 3539 et
1088 3500 1192 3539 non
1238 3493 1320 3539 est
1364 3485 1546 3553 utique
1591 3482 1816 3553 amplius
1859 3482 2196 3553 imperfectus

620 3575 723 3630 diei
747 3575 940 3643 cultus,
968 3576 1063 3631 sed
1096 3585 1178 3632 est
1220 3576 1541 3648 completus,
1569 3587 1623 3631 et
1650 3575 1809 3630 linem
1841 3576 2062 3645 accepft.
2087 3574 2195 3631 Sed

618 3666 744 3736 quid
765 3666 866 3721 sibi
896 3665 1004 3721 vult
1028 3682 1278 3722 manuum
1306 3668 1358 3722 in
1386 3666 1626 3723 oratione
1652 3666 1915 3722 elevatio?
1936 3666 2194 3734 Quoniam

619 3755 800 3813 multis
824 3757 1116 3813 sceleribus
1150 3756 1443 3812 inserviunt
1461 3796 1478 3825 ,
1505 3767 1563 3812 ut
1591 3756 2022 3827 percussionibus
2044 3797 2059 3824 ,
2092 3772 2198 3813 ca:-

618 3848 797 3914 dibus,
825 3848 1045 3919 rapinis,
1064 3847 1302 3904 avaritiae
1325 3891 1342 3917 ,
1372 3858 1428 3904 et
1454 3848 1716 3903 bonorum
1744 3846 1964 3902 alterius
1988 3847 2196 3916 cupidi-

620 3939 736 4005 tati,
757 3949 973 4009 propter
999 3940 1100 3995 hoc
1135 3939 1308 4010 ipsum
1336 3954 1464 4009 ergo
1506 3938 1599 3994 eas
1644 3937 1895 4008 iubemus
1941 3937 2194 4004 tendere,

620 4041 677 4086 ιιι
700 4033 958 4087 orationis
1009 4033 1366 4088 ministerium
1405 4033 1474 4086 sit
1502 4031 1582 4085 eis
1608 4029 1855 4100 nequitiae
1883 4029 2150 4083 vinculum
2175 4069 2192 4095 ,

614 4130 669 4177 et
697 4124 764 4178 ab
795 4122 1133 4192 improbitate
1158 4122 1403 4178 liberalia
1430 4141 1443 4176 :
1472 4129 1530 4176 ιιι
1557 4121 1768 4193 quando
1811 4135 1870 4175 es
1907 4129 2155 4189 rapturus
2175 4159 2192 4186 ,

617 4214 700 4268 vel
732 4214 783 4268 in
814 4214 950 4270 bona
980 4215 1205 4269 aliorum
1246 4212 1544 4278 invasurus,
1572 4220 1664 4266 aut
1687 4212 1849 4265 alium
1888 4210 2197 4265 verberatu-

617 4319 711 4359 rns
738 4345 753 4369 ,
794 4305 845 4358 in
896 4304 1207 4359 memoriam
1260 4318 1522 4360 revocans
1570 4302 1688 4357 fore
1716 4311 1773 4356 ut
1810 4315 1902 4355 eas
1929 4300 1996 4354 ad
2028 4299 2195 4355 Deum

621 4397 805 4449 mittas
838 4407 891 4450 te
920 4396 1232 4451 defensuras
1255 4437 1272 4464 ,
1300 4406 1354 4452 et
1385 4394 1512 4451 illud
1561 4393 1838 4465 spirituale
1879 4393 2194 4448 sacrificium

606 4500 718 4554 “per
743 4497 835 4538 eas
862 4484 1073 4551 offeras,
1116 4501 1183 4540 ne
1212 4500 1301 4541 eas
1331 4486 1618 4557 ignominia
1646 4493 1700 4539 et
1732 4483 1932 4553 pudore
1956 4482 2158 4537 afﬁcias
2177 4525 2192 4550 ,

615 4584 674 4632 et
706 4577 858 4630 mala:
883 4576 1207 4644 operationis
1249 4576 1542 4632 ministerio
1566 4577 1645 4631 eis
1676 4575 1922 4631 fiduciam
1964 4572 2193 4629 auferas.

615 4666 796 4735 Purga‘
813 4678 941 4734 ergo
983 4678 1074 4719 eas
1097 4666 1453 4738 eleetnosyua,
1481 4665 1761 4722 clementia
1785 4707 1802 4734 ,
1833 4663 2197 4721 subveniendo

618 4757 682 4812 iis
707 4755 797 4826 qui
836 4754 1092 4824 indigent,
1122 4765 1177 4811 et
1209 4756 1277 4809 ita
1308 4770 1400 4811 eas
1434 4757 1543 4811 Deo
1582 4756 1865 4826 expandito
1895 4755 1960 4811 ad
1998 4755 2196 4809 oratio-

614 4865 760 4906 nem.
787 4846 844 4905 Si
873 4847 1014 4903 enim
1047 4864 1150 4903 non
1179 4848 1440 4919 permittis
1470 4857 1522 4901 ιιι
1553 4864 1629 4902 ea:
1658 4848 1912 4902 tollantur
1938 4846 2100 4902 illata:
2127 4846 2194 4901 ad

612 4940 909 4996 orationem
944 4957 957 4994 :
996 4939 1162 4994 multo
1193 4940 1358 5010 magis
1386 4956 1489 4992 non
1519 4955 1727 5006 arqunm
1756 4948 1837 4992 est
1865 4947 1919 4991 ιιι
1949 4953 2041 4992 eas
2068 4952 2195 5007 pec-

612 5032 746 5086 catis
774 5031 1042 5101 inquines.
1073 5029 1129 5086 Si
1158 5030 1298 5100 quod
1333 5030 1505 5083 minus
1531 5039 1611 5083 est
1638 5030 1859 5095 vereris,
1893 5028 2060 5083 multo
2076 5045 2192 5084 ma-

610 5125 692 5194 gis
718 5122 1039 5194 pertimesce
1085 5123 1226 5194 quod
1279 5121 1450 5191 majus
1492 5131 1594 5176 est.
1644 5120 1807 5174 lllotis
1850 5119 1990 5173 enim
2039 5135 2195 5176 orare

614 5216 859 5270 manibus
884 5231 987 5270 non
1018 5224 1099 5270 est
1122 5214 1256 5270 adeo
1281 5214 1606 5277 absurdum;
1657 5212 1748 5266 sed
1795 5210 2194 5265 innumerabili-

606 5302 708 5363 bus
728 5318 1065 5377 peccatormn
1096 5307 1342 5364 sordibus
1368 5306 1667 5377 inquinatas
1688 5304 1904 5371 olferre,
1933 5303 2033 5358 hoc
2059 5303 2189 5357 iram

607 5398 763 5454 alfert
787 5401 1092 5456 maximam.

688 5491 742 5544 ι.
776 5492 887 5547 Hoc
916 5493 1087 5561 ipsum
1118 5499 1175 5548 et
1204 5491 1256 5545 in
1286 5506 1382 5547 ore
1422 5498 1474 5545 et
1503 5488 1554 5543 iu
1585 5488 1760 5557 lingua
1794 5498 2070 5541 versemus
2093 5524 2107 5547 ,
2137 5490 2193 5538 et

612 5601 677 5641 ea
691 5586 876 5641 sceleri
901 5584 1040 5639 invia
1061 5591 1460 5648 conservantes,
1479 5581 1548 5635 ita
1566 5578 1850 5635 oﬂ'eramns
1865 5576 2185 5631 orationem.

675 5719 688 5747 ι
727 5722 774 5762 'n
797 5713 1085 5777 quihusdam
1109 5722 1212 5766 uss.
1233 5716 1303 5764 sic
1322 5712 1502 5776 legitur
1530 5727 1540 5761 :
1568 5711 1613 5762 Si
1637 5712 1740 5776 quis
1776 5717 1928 5766 alitem
1954 5705 2189 5760 ευτ’ἱυδὶιω

613 5773 839 5840 indagare
860 5773 1079 5825 vetuerit.

2284 464 2343 520 St
2366 462 2484 535 quis
2512 464 2655 518 enim
2686 463 2889 520 habens
2917 481 3011 519 vas
3036 480 3266 520 aureum
3290 507 3304 530 ,
3340 480 3409 520 eo
3448 464 3517 518 ad
3543 466 3693 521 vilem
3715 486 3839 525 llSllltl

2283 559 2357 614 uti
2388 573 2674 627 numquam
2715 559 2766 611 in
2796 558 3030 612 animum
3063 558 3342 613 induxerit
3386 570 3608 628 propter
3648 563 3841 631 pretium

2282 650 2561 705 materiae:
2593 650 2761 706 multo
2814 651 2982 720 magis
3020 664 3141 704 cum
3180 665 3321 704 auro
3352 660 3410 704 et
3455 653 3745 721 margaritis
3769 653 3841 710 ba-

2281 741 2502 797 bcamus
2521 757 2614 797 ora
2633 742 2788 812 longe
2810 743 3124 812 pretiosiora
3148 783 3165 808 ,
3199 758 3312 797 non
3348 760 3447 812 par
3468 755 3550 800 est
3576 754 3633 800 ut
3667 763 3723 802 ea
3749 751 3842 819 pol.

2282 832 2492 888 luamus
2522 832 2697 890 verbis
2723 834 2962 903 turpibus
2988 843 3041 889 et
3062 833 3377 904 impudicis,
3403 837 3789 910 maledictisque
3804 852 3845 896 cl

2285 925 2648 979 contumeliis.
2678 924 2793 979 Non
2828 925 2878 978 in
2905 925 3061 980 altari
3085 942 3241 981 amco
3269 912 3376 982 n'ec
3396 944 3565 983 aureo
3583 928 3734 985 offers
3759 935 3845 987 suf-

2284 1014 2455 1081 ﬁtnm,
2492 1014 2584 1070 sed
2618 1016 2668 1070 in
2698 1031 2764 1071 eo
2793 1017 2935 1084 quod
2962 1026 3043 1071 est
3075 1018 3400 1087 pretiosius,
3435 1035 3631 1090 nempe
3660 1022 3705 1077 in
3735 1034 3845 1081 tem-

2286 1109 2374 1179 plo
2418 1109 2662 1179 spiritali.
2718 1108 2794 1163 Illi
2839 1110 2982 1165 enim
3033 1117 3118 1166 est
3162 1111 3412 1166 inanima
3456 1115 3671 1168 materia
3703 1136 3715 1170 :
3743 1118 3845 1174 inte

2285 1210 2461 1254 autem
2506 1201 2646 1255 Deus
2678 1199 2899 1265 habitat,
2929 1210 2983 1256 et
3010 1216 3070 1257 es
3098 1202 3412 1258 membrum
3435 1214 3490 1258 et
3517 1219 3703 1277 cerpus
3720 1207 3843 1264 Chri-

2286 1291 2373 1347 sti.
2407 1292 2460 1345 5.
2501 1291 2669 1355 Pone,
2696 1291 2927 1357 Domine,
2959 1293 3243 1347 custodiam
3273 1294 3357 1348 ori
3383 1311 3518 1349 meo.
3549 1295 3674 1350 Cum
3695 1313 3841 1367 rogas-

2287 1392 2371 1439 set
2394 1382 2676 1438 Dominum
2728 1393 2785 1438 ut
2832 1383 2947 1454 ejus
2999 1385 3284 1439 audiretur
3332 1385 3532 1451 oratio,
3573 1395 3626 1443 et
3652 1397 3703 1443 ut
3724 1389 3836 1445 ﬁeret

2286 1484 2525 1544 accepta,
2552 1476 2672 1531 vide
2698 1475 2965 1546 quodnam
2994 1476 3237 1547 primum
3260 1477 3427 1535 affert
3461 1481 3783 1550 postulatum,
3801 1498 3843 1539 et

2288 1581 2573 1635 quamnam
2621 1567 3086 1636 supplicationem.
3117 1569 3236 1623 Non
3269 1570 3412 1639 dixit
3440 1572 3618 1639 enim,
3648 1574 3713 1628 Da
3739 1576 3838 1630 mihi

2288 1656 2563 1726 pecunias,
2593 1655 2661 1711 da
2690 1655 2818 1711 tnihi
2848 1658 3099 1724 honores,
3127 1659 3222 1729 qui
3247 1670 3384 1716 sunt
3420 1664 3561 1732 apud
3601 1664 3839 1733 homines,

2289 1745 2357 1801 da
2384 1745 2514 1800 mihi
2537 1746 2810 1803 victoriam
2835 1748 3089 1805 adversus
3118 1751 3396 1820 inimicos,
3414 1752 3482 1809 da
3504 1755 3628 1810 mihi
3650 1756 3837 1813 liberos:

2290 1839 2423 1895 nihil
2470 1840 2680 1908 horum,
2710 1841 2803 1897 sed
2831 1842 2946 1897 haec
2970 1844 3147 1898 omnia
3177 1845 3369 1901 sinetis
3410 1846 3561 1903 humi
3600 1849 3838 1918 iacerem

2291 1932 2423 2002 petit
2454 1948 2574 2003 qua:
2613 1948 2643 1986 a
2699 1932 2807 1989 Deo
2849 1934 2964 1989 dari
2994 1935 3150 2006 digna
3180 1947 3333 1993 sunt.
3364 1938 3505 2013 Quid
3551 1940 3835 2010 igiturinon

2292 2031 2522 2093 Oportet,
2557 2023 2764 2095 inquit,
2803 2035 2985 2094 petere
3036 2029 3316 2083 sensibilia
3342 2032 3367 2085 Ἰ
3395 2032 3618 2100 Oportet
3645 2033 3836 2104 quidem,

2291 2114 2388 2170 sed
2414 2115 2710 2182 moderate,
2741 2118 3193 2188 quemadmodum
3236 2120 3413 2178 .lacob
3438 2123 3663 2191 dicens:
3696 2125 3748 2179 Si
3768 2126 3835 2179 de-

2293 2207 2423 2262 derit
2454 2208 2576 2261 mihi
2608 2206 2869 2264 Dominus.
2889 2227 3069 2283 panem
3093 2212 3164 2268 ad
3194 2214 3524 2279 vescendum,
3547 2225 3593 2268 et
3619 2215 3836 2269 uestanad

2292 2298 2600 2354 induendum
2631 2300 2649 2372 (
2692 2298 2818 2355 Gen.
2841 2299 2931 2357 28.
2959 2302 3094 2372 20);
3137 2305 3596 2372 quemadmodum
3642 2305 3835 2359 Christus

2288 2390 2449 2462 jussit
2477 2409 2630 2449 orare
2673 2409 2796 2460 nos,
2819 2394 3057 2450 dicentes
3081 2411 3094 2448 :
3132 2393 3335 2450 Panem
3362 2406 3587 2450 nostrum
3608 2396 3831 2466 superati-

2294 2485 2580 2540 stantialcm
2602 2486 2668 2539 da
2694 2486 2834 2540 nobis
2864 2486 3053 2555 It0dic(
3079 2485 3276 2542 Manli.
3308 2486 3364 2542 6.
3388 2488 3477 2554 il)
3501 2504 3517 2541 ;
3542 2497 3664 2543 ante
3695 2486 3833 2541 eunti:

2294 2593 2443 2643 vero,
2472 2578 2789 2648 spiritualia.
2842 2578 2997 2648 Quod
3045 2580 3160 2650 ipse
3213 2594 3434 2652 quoque
3481 2581 3602 2638 facit
3641 2580 3828 2636 dicens:

2295 2667 2460 2738 Pone,
2494 2670 2726 2738 Domine,
2757 2672 3034 2729 custodiam
3071 2676 3151 2728 ori
3179 2692 3312 2730 meo.

2367 2784 2579 2858 [iugum
2599 2799 2644 2842 et
2674 2789 2780 2843 oris
2798 2788 3065 2855 custodia,-
3094 2790 3296 2848 tacendi
3333 2801 3385 2846 et
3433 2789 3659 2861 loquendi
3682 2788 3832 2843 vicissi-

2298 2876 2439 2935 tudo.
2465 2905 2539 2918 -—
2561 2877 2747 2934 Vidisti
2802 2878 3173 2949 prudentiam?
3216 2880 3404 2936 vidisti
3452 2879 3770 2950 sapientiam,
3795 2884 3833 2929 et

2297 2968 2565 3025 uttdenam
2595 2969 3008 3040 postulationem
3031 2970 3294 3042 incipiat?
3321 2973 3405 3027 Ab
3434 2989 3499 3028 eo
3531 2971 3661 3043 quod
3688 2979 3833 3026 estco-

2298 3075 2414 3116 rum
2446 3076 2564 3127 qua:
2592 3069 2734 3117 recte
2753 3070 2808 3117 et
2831 3077 2895 3117 ex
2942 3062 3140 3119 virtute
3183 3064 3357 3131 ﬁunt,
3388 3064 3685 3125 maximum,
3708 3066 3832 3115 etest

2296 3154 2534 3209 omnium
2561 3153 2822 3209 malorum
2850 3169 3028 3220 musa,
3074 3155 3120 3210 si
3165 3156 3472 3228 negligatur
3494 3174 3508 3211 :
3534 3151 3828 3226 quemadmo—

2296 3244 2423 3300 dum
2462 3244 2746 3310 bonorum,
2773 3246 2817 3301 si
2861 3246 2915 3300 in
2958 3260 3026 3302 co
3068 3261 3193 3300 cura
3237 3262 3309 3302 ac
3350 3246 3577 3301 studium
3627 3252 3827 3314 portatur.

2298 3339 2432 3395 Mala
2477 3340 2621 3395 enim
2677 3339 2956 3394 innumera
2993 3339 3130 3408 parit
3169 3339 3371 3409 linguas
3402 3338 3618 3393 facilitas
3644 3353 3656 3389 :
3679 3346 3826 3403 quent-

2299 3429 2587 3486 admodnm
2616 3444 2801 3484 rursus
2847 3429 2985 3485 bona
3007 3469 3024 3496 ,
3067 3430 3247 3485 cautio
3275 3441 3330 3486 et
3360 3429 3631 3484 securitas.
3669 3425 3827 3493 Quem-

2298 3521 2584 3577 admodum
2613 3536 2746 3590 ergo
2774 3520 2903 3576 nihil
2947 3520 3099 3589 juvat
3144 3520 3362 3585 domus,
3411 3536 3514 3575 non
3571 3516 3703 3580 urbs,
3744 3525 3823 3566 non

2300 3615 2521 3679 inmitia,
2546 3630 2649 3668 non
2680 3623 2864 3683 portae,
2894 3628 2998 3668 non
3025 3613 3183 3678 ostia,
3217 3614 3325 3668 nisi
3351 3614 3460 3667 sint
3487 3611 3571 3680 qui
3598 3625 3654 3663 ea
3687 3612 3826 3660 custo-

2299 3706 2468 3772 diant,
2500 3715 2556 3761 et
2582 3706 2751 3760 sciant
2773 3705 2988 3776 quando
3009 3713 3227 3773 oportet
3274 3722 3337 3762 ea
3367 3704 3574 3775 quidem
3603 3696 3820 3765 claudere.

2300 3797 2513 3869 quando
2541 3811 2668 3852 vero
2698 3796 2907 3865 aperire
2939 3813 2952 3848 :
3001 3796 3071 3848 ita
3097 3797 3259 3850 etiam
3302 3797 3411 3850 oris
3438 3803 3492 3849 et
3519 3794 3690 3859 linguis
3714 3783 3824 3840 nulla

2300 3900 2381 3946 εει
2410 3889 2631 3954 utilitas,
2661 3887 2761 3943 nisi
2807 3888 2877 3943 sit
2924 3888 3079 3952 ratio,
3121 3887 3206 3942 cui
3242 3888 3495 3949 scienter,
3534 3888 3747 3936 auctu-ate
3775 3886 3820 3925 ac

2300 3982 2691 4051 circumspecte
2725 3996 2792 4035 ea
2830 3980 3082 4035 claudere
3109 3990 3160 4034 et
3190 3979 3419 4050 aperire
3433 3975 3727 4047 permissum
3753 3966 3816 4025 sit.

2299 4082 2355 4129 et
2381 4076 2517 4128 sciat
2540 4087 2667 4141 qua}
2688 4071 2799 4125 sint
2819 4069 3110 4134 efferenda,
3139 4085 3259 4140 qum
3289 4084 3415 4124 vero
3435 4060 3703 4122 retinenda.
3728 4053 3815 4109 Non

2303 4175 2400 4231 tot,
2428 4165 2617 4234 inquit,
2646 4163 2846 4235 gladio,
2876 4172 3005 4233 quot
3033 4163 3206 4233 lingua
3232 4161 3540 4218 ceciderunt
3564 4150 3724 4228 (Eccii.
3747 4144 3817 4199 28.

2298 4258 2411 4327 32).
2444 4259 2510 4313 Et
2536 4271 2720 4313 rursus
2734 4254 2979 4310 Cluistus
3012 4273 3024 4308 :
3050 4252 3170 4309 Non
3196 4271 3314 4325 qtue
3338 4255 3521 4307 ξηιναηι
3535 4263 3616 4317 μεν
3628 4260 3691 4299 σε.
3707 4237 3817 4292 tot".

2299 4355 2510 4425 quinam
2557 4351 2799 4413 homines,
2825 4348 2919 4402 sed.
2956 4363 3070 4416 qua:
3108 4363 3172 4402 ea:
3198 4364 3285 4400 ore
3313 4353 3489 4402 exeunt
3515 4346 3529 4409 (
3560 4332 3718 4392 Matth.
3748 4327 3809 4382 l5.

2302 4445 2415 4514 Η).
2440 4443 2508 4498 Ει
2550 4457 2739 4497 rursus
2790 4439 2926 4493 alius
2955 4455 2971 4492 :
3000 4436 3109 4491 Fac
3148 4437 3229 4491 ori
3246 4446 3333 4491 tuo
3358 4442 3547 4504 portam
3589 4436 3631 4480 et
3673 4427 3821 4477 uectem-

2300 4537 2320 4608 (
2351 4535 2514 4590 Ecrti.
2540 4534 2629 4589 28.
2654 4533 2724 4588 28
2750 4532 2789 4602 ).
2817 4532 2915 4586 ilic
2935 4538 3112 4586 autem
3157 4529 3407 4600 quoniam
3446 4520 3584 4578 novit
3603 4528 3699 4571 rem

2301 4591 2455 4682 valde
2482 4591 2761 4687 difﬁcilem
2778 4665 2792 4689 ,
2825 4621 2974 4677 addit
3005 4631 3059 4676 et
3090 4591 3273 4690 preces
3297 4661 3311 4685 ,
3344 4627 3399 4672 et
3425 4617 3577 4669 Deum
3617 4591 3816 4658 vocand-

2300 4718 2578 4775 ferendum
2604 4715 2878 4770 auxilium.
2907 4712 3018 4766 lmo
3047 4726 3175 4766 vero
3205 4710 3294 4764 ille
3310 4717 3519 4778 quoque
3553 4699 3651 4752 hoc
3675 4692 3812 4783 ipsum

2300 4809 2581 4883 signiﬁcat,
2610 4817 2664 4862 ut
2693 4805 2906 4877 quando
2930 4804 3058 4858 dicit
3090 4821 3102 4855 :
3130 4803 3253 4869 Quis
3273 4798 3460 4854 dederit
3476 4792 3608 4847 labiis
3632 4782 3807 4885 nteit'tt'

2298 4881 2571 4975 gtiaculum
2589 4898 2831 4953 callidum
2854 4896 3035 4969 (Eccii.
3076 4892 3169 4949 22.
3194 4893 3323 4963 55)?
3348 4888 3555 4957 Ονυιίιει
3578 4881 3698 4931 cuin

2299 4957 2409 5048 stra
2453 5004 2664 5061 quoque
2711 4957 2973 5050 conferre,
3020 4995 3074 5039 et
3122 4983 3240 5037 ideo
3270 4982 3369 5036 hoc
3414 4977 3568 5030 instar

2299 5045 2495 5157 posuit1,
2526 5045 2712 5137 dicens
2746 5101 2759 5135 :
2791 5078 2898 5133 Fac
2924 5086 3119 5147 portam
3142 5086 3187 5128 ct
3215 5083 3411 5128 uectem.
3454 5066 3538 5119 list
3576 5045 3800 5157 etiamI

2301 5135 2654 5230 irttvocattdum
2704 5135 2978 5231 auxilium,
3029 5175 3086 5219 ιιι
3128 5173 3365 5218 nostrum
3397 5165 3595 5226 quoque
3617 5135 3797 5242 Si"???

2299 5267 2351 5322 iu
2369 5280 2503 5336 opus
2530 5271 2704 5320 exeat.
2723 5259 2795 5316 Os
2814 5274 2942 5331 ergo
2963 5267 3200 5312 uostrutn
3217 5257 3463 5324 perpetuo
3479 5231 3795 5336 casta“???

2299 5311 2399 5322 ...υ
2445 5311 2502 5320 ν,
2533 5311 2703 5320 ww"
2733 5311 2792 5316 η
2823 5311 2932 5331 ΡΨ
2967 5311 2988 5312 η
3217 5311 3228 5324 Ι
3310 5311 3323 5321 ⁸

2299 5358 2348 5413 ei
2381 5311 2642 5412 rationem
2684 5364 2952 5420 tamquam
2999 5350 3204 5403 clavem
3251 5342 3582 5398 adhibentes,
3628 5311 3795 5420 non

2299 5458 2556 5523 perpetuo
2632 5407 2911 5500 clauda-tur
2939 5483 2956 5509 ,
3006 5440 3100 5495 sed
3143 5448 3200 5494 ut
3249 5420 3566 5523 convenienti

2337 5491 2554 5520 ...νη-,ν
2635 5491 2898 5500 -.---_---_-
2939 5491 2956 5509 ,
3007 5491 3100 5495 _-_
3260 5491 3271 5492 ,

2298 5491 2581 5599 :eserctur.
2648 5538 3054 5607 Nonnumquam
3129 5532 3271 5589 enim
3333 5518 3579 5584 silentium

2299 5638 2454 5709 quela
2500 5635 2702 5700 utilius,
2744 5627 3192 5701 quemadmodum
3221 5618 3418 5693 loquela
3457 5588 3785 5720 q"°q“°,f:::

2298 5685 2389 5788 :io.
2445 5730 2508 5785 Et
2559 5685 2702 5784 ideo,
2734 5685 2943 5782 dicebat
3001 5723 3092 5778 ille
3145 5709 3543 5792 sapientissimus
3579 5711 3589 5747 ι
3620 5685 3730 5743 TW
