4068 6270
258 436 352 490 431
1393 424 1755 488 EXPOSITIO
1786 422 1853 479 IN
1888 423 2222 490 PSALMUM
2254 434 2410 491 CXL.

259 552 350 606 καὶ
385 549 606 615 εὐῶδες,
638 550 759 604 τότε
793 549 849 604 δέ
897 548 1132 621 μάλιστα
1176 547 1545 604 ἐπιδείκνυται
1603 547 1704 618 τὴν
1745 546 1835 600 εὐ-

255 637 441 699 ωδίαν,
480 635 609 689 ὅταν
649 630 888 704 ὁμιλήσῃ
925 631 1004 703 τῷ
1045 633 1198 705 πυρί·
1241 631 1385 688 οὕτω
1422 633 1488 705 δὴ
1527 633 1620 687 καὶ
1644 634 1678 703 ή
1702 631 1836 702 εὐχὴ

253 720 396 790 καλὴ
426 718 526 791 μὲν
549 716 645 771 καὶ
665 715 786 769 καθ’
808 716 1024 788 ἐαυτήν·
1052 715 1287 770 καλλίων
1304 715 1361 770 δέ
1380 717 1476 770 καὶ
1497 714 1837 789 εὐωδεστέρα

255 804 485 875 γίνεται,
509 803 638 858 ὅταν
675 799 813 873 μετά
841 802 1053 875 θερμῆς
1092 803 1187 858 καὶ
1225 803 1454 877 ζεούσης
1477 801 1628 876 [έῦί]
1655 802 1837 874 ψυχῆς

257 892 619 963 ἀναφέρηται,
671 889 799 944 ὅταν
834 889 1255 962 θυμιατήριονεὴ
1286 889 1433 962 ψυχὴ
1462 888 1682 962 γένηται
1740 887 1836 942 καὶ

258 977 370 1050 πῦρ
404 974 619 1046 ἁνάπτῃ
665 974 914 1045 σφοδρόν.
967 974 1102 1028 Οὐδέ
1144 975 1253 1049 γάρ
1311 976 1374 1031 τὸ
1406 966 1678 1046 ’θυμίαμα
1735 975 1832 1044 τῆς

256 1061 492 1134 ἐσχάρας
523 1059 598 1131 μὴ
619 1058 1061 1137 προαναφθείσης
1085 1068 1112 1098 ι
1138 1058 1437 1124 ἐπετίθετο,
1454 1060 1487 1132 ἢ
1504 1059 1612 1114 τῶν
1627 1059 1832 1131 ἀνθρά-

256 1165 368 1203 κων
395 1146 469 1218 μὴ
497 1141 1101 1213 διακαιομένων.Τοῦτο
1125 1142 1220 1196 καὶ
1252 1143 1317 1197 σὺ
1345 1143 1437 1197 ἐπὶ
1464 1143 1565 1212 τῆς
1594 1143 1835 1208 διανοίας

256 1231 501 1301 ποίησον·
548 1227 816 1299 πρότερον
847 1223 1052 1294 ἀναψον
1078 1224 1248 1295 αὐτὴν
1268 1229 1336 1296 τῇ
1390 1226 1690 1298 προθυμίᾳ,
1739 1226 1834 1280 καὶ

252 1315 372 1370 τότε
401 1313 634 1368 ἐπιτίθει
653 1312 754 1382 τὴν
789 1310 973 1382 εὐχήν.
996 1307 1227 1380 Εὐχεται
1248 1310 1428 1364 τοίνυν
1441 1311 1541 1382 τὴν
1555 1312 1652 1383 μὲν
1667 1310 1835 1383 εὐχὴν

254 1396 705 1467 αὐτοῦγενέσθαι
728 1394 804 1459 ὡς
829 1393 1099 1465 θυμίαμα,
1117 1392 1218 1464 τὴν
1248 1394 1700 1467 δέέπαρσιντῶν
1720 1414 1834 1467 χει-

255 1484 363 1554 ρῶν
381 1484 457 1547 ὡς
470 1481 660 1537 Θυσίαν
676 1479 987 1552 ἐσπερινήν.
1007 1478 1831 1552 ’Διμφότεριιγάρεὐπρόσδεκτιι⁸

251 1567 377 1632 Πῶς
400 1567 445 1621 δ’
473 1566 540 1620 ἂν
571 1565 782 1635 γένοιτο
808 1562 995 1639 τοῦτο;
1025 1564 1091 1617 Εἰ
1127 1563 1414 1636 ἀμφότερα
1451 1565 1536 1636 εἴη
1589 1564 1831 1636 καθαρὰ,

251 1652 300 1704 εἰ
329 1649 617 1720 ἀμφότερα
641 1647 728 1718 είη
758 1646 985 1717 ἄμωμα,
1011 1646 1047 1718 ἦ
1080 1664 1141 1700 τε
1173 1646 1389 1716 γλῶττα
1421 1647 1518 1701 καὶ
1546 1648 1602 1701 αἱ
1631 1650 1831 1719 χεῖρες,

251 1735 307 1788 αἱ
350 1734 449 1805 μὲν
474 1730 789 1796 πλεονεξίας
817 1722 912 1785 καὶ
927 1730 1183 1801 ἁρπαγῆς
1202 1730 1746 1804 ἐκκεκαθαρμέναι,ή
1775 1729 1834 1784 δέ

251 1816 506 1887 πονηρῶν
541 1814 799 1886 ῥημάτων
814 1812 1257 1885 ήλευθερωμένη.
1287 1814 1496 1884 Ὠσπερ
1515 1812 1624 1885 γὰρ
1642 1812 1833 1884 θυμια-

249 1903 440 1973 τήριον
476 1898 627 1952 οὐδὲν
652 1895 796 1967 ἔχειν
829 1896 1141 1966 ἀκάθαρτον
1174 1897 1301 1969 χρὴ.
1342 1895 1457 1950 ἀλλ’
1507 1896 1542 1968 ἢ
1572 1895 1687 1970 πῦρ
1736 1896 1833 1973 καὶ.

248 1970 523 2053 θυμίαμα·
548 1980 690 2034 οὕτω
714 1980 808 2033 καὶ
837 1977 937 2050 τὴν
964 1979 1206 2049 γλῶτταν
1244 1980 1319 2052 μὴ
1348 1979 1645 2052 προφέρειν
1667 1970 1834 2051 κεκη‹ἰ

246 2065 544 2134 λιδωμένον
571 2064 602 2104 δ
641 2065 812 2134 ῥῆμα,
844 2062 959 2116 ἀλλ’
993 2062 1027 2134 ἢ
1060 2062 1389 2134 ἀγιωσύνην,
1414 2063 1505 2117 καὶ
1530 2061 1827 2133 εὐφημίαν·

248 2148 395 2203 οὕτω
428 2149 520 2202 καὶ
534 2147 634 2211 τὰς
653 2148 842 2217 χεῖρας
862 2144 1223 2217 θυμιατήριον
1245 2145 1702 2215 γίνεσθαι.Ἕστω
1720 2144 1803 2199 τοί
1811 2174 1831 2186 ο

248 2250 344 2285 νυν
372 2229 730 2301 θυμιατήριόν
761 2245 853 2283 σου
897 2227 958 2282 rb
1012 2229 1218 2300 στόμα,
1248 2229 1341 2284 καὶ
1390 2229 1581 2283 σκόπει
1624 2228 1702 2300 μὴ
1739 2228 1831 2282 κό-

250 2332 390 2386 πρου
422 2314 556 2368 αὐτὸ
587 2311 895 2386 ἐμπλήσῃς.
935 2311 1245 2367 Τοιοῦτοιοί
1269 2311 1339 2367 τά
1361 2312 1564 2385 αίσχρά
1596 2311 1831 2382 φθεγγό-

253 2414 404 2467 μενοι
437 2398 533 2453 κα)⁵
556 2395 847 2465 ἀκάθαρτα
892 2397 1134 2467 ῥήματα.
1179 2395 1291 2450 Καὶ
1320 2397 1467 2460 τίνος
1495 2396 1680 2451 ἐνεκεν
1727 2395 1830 2449 οὐκ

217 2489 221 2493 ’
250 2478 668 2552 εἷπενἘωθινὴ,
697 2479 809 2534 ἀλλ’
840 2478 1202 2548 Ἐσπερινή;
1235 2478 1387 2551 Ἐμοί⁵
1408 2480 1506 2549 μὲν
1520 2478 1829 2550 ἀδιαφόρως

250 2564 500 2635 εἰρῆσθαι
533 2565 628 2619 καὶ
650 2562 809 2618 τοῦτο
828 2563 993 2617 δοκεῖ.
1032 2563 1143 2616 Καὶ
1163 2562 1272 2633 γὰρ
1295 2563 1345 2616 εί
1366 2555 1518 2618 εἶπεν
1535 2560 1828 2632 ἐωθινὴν,ό

249 2649 539 2720 περίεργος
573 2646 856 2718 ἠρώτησεν
881 2645 968 2709 ἂν,
992 2644 1135 2710 τίνος
1159 2646 1344 2701 ἕνεκεν
1371 2645 1472 2700 οὐκ
1501 2640 1651 2698 εἶπεν
1674 2644 1828 2697 ἐσπε-

250 2732 439 2803 ρινήνς
470 2733 533 2785 Εἰ
558 2731 617 2784 δέ
648 2748 733 2794 τις
748 2729 1257 2802 ἀπολυπραγμόνως
1282 2728 1521 2800 βούλοιτο
1542 2727 1761 2783 ἀκούειν
1778 2736 1825 2792 ετ,

246 2816 381 2886 ὃτιή
409 2816 505 2886 μὲν
520 2813 718 2884 ἑωθινὴ
745 2811 1001 2883 ἀναμένει
1023 2811 1122 2882 τὴν
1142 2813 1433 2884 ἐσπερινήν
1453 2829 1466 2844 ·
1500 2812 1534 2883 ἡ
1565 2811 1621 2864 δέ
1664 2812 1827 2864 ἐσπε-

250 2899 374 2971 ρινὴ
402 2897 671 2967 γενομένη
711 2895 808 2967 τὴν
860 2894 1169 2967 ἱερουργίαν
1227 2895 1536 2967 ἐπλήρωσε,
1590 2894 1685 2949 καὶ
1728 2894 1829 2948 οὐκ

246 2982 396 3036 ἔστιν
416 2979 740 3052 ἀτελεστέρα
760 2995 877 3041 πως
893 2978 973 3032 ἔτι
988 2980 1086 3050 τῆς
1099 2980 1132 3049 ἠ
1142 2977 1315 3049 μέρας
1331 2978 1516 3032 λοιπὸν
1531 2980 1564 3051 ὴ
1580 2977 1826 3050 λατρεία,

248 3065 390 3120 ἀλλά
413 3064 740 3136 ἀπηρτίσθη,
776 3065 875 3119 καὶ
898 3063 1050 3128 τέλος
1063 3064 1278 3127 ἔλασεν.
1304 3064 1467 3120 Ἀλλά
1492 3067 1603 3135 γὰρ
1621 3066 1676 3119 τί
1705 3065 1829 3137 βού-

247 3148 404 3203 λεται
436 3149 531 3202 καὶ
558 3147 663 3201 τῶν
692 3147 891 3220 χειρῶν
922 3149 956 3219 ἡ
988 3147 1206 3213 έκτασις
1229 3148 1373 3221 ἐντῇ
1407 3149 1572 3220 εὐχῇς
1607 3149 1827 3222 Ἐπειδὴ

246 3231 477 3296 πολλαῖς
505 3230 788 3303 πονηρίαις
810 3230 1182 3286 διακονοῦνται
1208 3224 1388 3297 αὗται,
1422 3226 1533 3285 οἷον
1568 3231 1828 3304 πληγαῖς,

245 3316 451 3385 φόνοις,
477 3316 775 3385 ἁρπαγαῖς,
793 3314 1147 3382 πλεονεξίαις,
1172 3315 1240 3369 δι’
1261 3315 1394 3369 αὐτὸ
1425 3317 1524 3387 μὲν
1549 3310 1643 3371 οὖν
1668 3316 1829 3372 τοῦτο

244 3397 581 3468 πλευόμεθα
609 3396 781 3462 αὐτὰς
812 3387 1150 3465 ἀνατείνειν,-
1174 3398 1260 3454 ἴνα
1294 3400 1331 3471 ή
1375 3399 1475 3471 τῆς
1518 3401 1684 3472 εὐχῆς
1713 3401 1830 3457 δια-

245 3482 402 3536 κονία
425 3481 621 3551 δεσμὸς
654 3482 847 3543 αὐταῖς
874 3478 1099 3551 γένηται
1137 3482 1238 3554 τῆς
1269 3482 1487 3549 κακίας,
1526 3484 1623 3538 καὶ
1656 3484 1830 3540 ἀπαλ-

241 3563 388 3637 λαγὴ
412 3564 511 3635 τῆς
556 3562 584 3603 ἀ
633 3562 918 3635 πονηρίας,
982 3564 1049 3617 ἵν’
1077 3563 1205 3619 δταν
1255 3563 1456 3637 μέλλῃς
1492 3566 1757 3638 ἁρπάζειν
1791 3565 1825 3638 ἢ

246 3650 595 3704 πλεονεκτεῖν
621 3647 654 3720 ἢ
698 3647 923 3703 τύπτειν
955 3648 1163 3720 ἕτερον,
1195 3648 1561 3720 ἀναμνησθεὶς
1593 3650 1674 3704 ὅτι
1699 3650 1830 3705 ταύ-

240 3751 344 3798 τας
366 3733 586 3802 μέλλεις
606 3733 726 3787 ἀντὶ
750 3732 1067 3804 συνηγόρων
1101 3732 1238 3804 πρὸς
1269 3732 1361 3786 τὸν
1397 3731 1532 3787 Θεὸν
1563 3734 1827 3805 πέμπειν,

240 3817 339 3871 καὶ
361 3815 452 3892 διᾲ
472 3815 676 3870 τούτοιν
704 3816 804 3885 τὴν
829 3813 1019 3869 θυσίαν
1051 3814 1396 3886 ἀναπέμπειν
1429 3816 1451 3840 ⁹
1490 3815 1708 3885 ἐκείνην
1730 3814 1829 3888 τήν

238 3898 645 3971 πνευματικὴν,
674 3898 749 3971 μὴ
802 3899 1169 3971 καταισχύνῃς
1213 3898 1416 3962 αὐτάς,
1461 3898 1552 3953 καὶ
1572 3899 1829 3971 ἀτταρρη-

239 3983 501 4049 σιάστους
519 3983 734 4054 ἐργάσῃ
759 3985 827 4054 τῇ
849 3981 1095 4054 διακονίᾳ
1121 3982 1220 4053 τῆς
1250 3982 1494 4053 πονηρᾶς
1541 3980 1826 4052 ἐργασίας.

237 4067 497 4139 Κάθαιρε
550 4065 730 4121 τοίνυν
776 4065 949 4130 αὐτάς
1005 4064 1366 4137 ἐλεημοσύνη,
1422 4063 1823 4135 φιλανθρωπίᾳ,

238 4150 554 4224 προστασίᾳ
584 4149 878 4222 δεομένων,
908 4150 1004 4205 καὶ
1022 4149 1196 4213 οὕτως
1220 4148 1391 4213 αὐτάς
1414 4148 1494 4212 είς
1511 4146 1677 4220 εὐχὴν
1700 4147 1820 4217 ἀγε.

235 4235 309 4290 El
332 4234 445 4306 γάρ
480 4233 737 4298 ἀνίπτους
792 4230 964 4293 αὐτὰς
995 4232 1141 4287 τούκ
1187 4232 1506 4304 ἐπιτρέπεις
1556 4232 1637 4295 είς
1660 4229 1827 4302 εὐχήν

237 4316 603 4389 ἐπαίρεσθαι,
633 4314 815 4386 πολλῷ
847 4313 1046 4385 μᾶλλον
1072 4315 1462 4385 ἁμαρτήμασιν
1478 4312 1579 4366 οὐκ
1611 4311 1677 4368 ἂν
1710 4313 1829 4384 εῐης

232 4400 452 4463 δίκαιος
472 4398 646 4463 αὐτάς
679 4398 934 4470 μιαίνειν.
955 4398 1020 4451 El
1044 4396 1103 4451 rb
1144 4396 1361 4451 ἔλαττον
1381 4394 1645 4460 δέδοικας,
1693 4395 1827 4450 πολ-

233 4481 322 4554 λῷ
354 4481 556 4552 μᾶλλον
585 4481 646 4536 τὸ
678 4482 862 4553 μεῖζον
905 4479 1113 4552 φρῖξον.
1164 4480 1239 4534 Τὸ
1290 4478 1392 4550 μέν
1427 4478 1536 4551 γάρ
1582 4478 1826 4546 ἀνίπτοις

232 4566 402 4638 χερσὶ
429 4563 849 4636 προσεύχεσθαι,
875 4563 936 4616 οὐ
958 4562 1209 4616 τοσοῦτον
1235 4563 1452 4618 ἄτοπον·
1473 4561 1535 4616 τὸ
1552 4563 1609 4617 δέ
1627 4565 1828 4636 καταρ-

235 4647 591 4719 ρυπωθείσας
622 4653 647 4692 ε
675 4639 848 4708 ἁύτάς
884 4645 1097 4716 μυρίοις
1118 4645 1480 4718 ἁμαρτήμασι
1501 4645 1822 4716 προσάγειν,

232 4729 403 4785 τοῦτο
431 4729 633 4801 πολλὴν
655 4729 808 4801 φέρει
833 4729 932 4800 τὴν
960 4729 1150 4800 ὀργήν.

300 4814 365 4869 δ’.
383 4812 536 4886 [452]
549 4813 719 4867 Τοῦτο
731 4813 825 4867 καὶ
838 4811 931 4866 ἐπὶ
952 4812 1218 4883 στόματος
1232 4811 1326 4866 καὶ
1340 4809 1584 4883 γλώττης
1593 4810 1824 4880 λογιζώ-

234 4896 408 4969 μεθα,
436 4897 533 4951 καὶ
569 4895 769 4950 “ar-0v
799 4893 932 4950 αὐτὸ
963 4897 1030 4967 τῇ
1055 4894 1290 4967 πονηρίᾳ
1319 4895 1631 4966 τηροῦντες,
1679 4894 1823 4948 οὕτω

301 5163 332 5227 9
370 5161 511 5227 "095
542 5162 606 5224 μὴ
992 5160 1137 5227 ίρίἀκ
1154 5159 1407 5227 ζπετίθετο,
1430 5156 1690 5227 gazam;
1739 5154 1825 5227 ἀν-

306 5224 429 5273 ἱκων
463 5218 825 5286 διακαιομένων.
862 5218 945 5286 8ἷό
963 5224 1066 5283 alii,
1091 5220 1194 5286 ΠΜ,
1217 5222 1259 5270 si
1301 5218 1543 5286 proﬂua
1570 5218 1825 5286 legeretur

225 5279 344 5336 ἀλλ’
366 5287 420 5343 ἦ.
454 5286 595 5334 locus
613 5279 794 5336 m'elins
813 5279 1121 5344 haberet,'et
1160 5279 1380 5332 fortassis
1400 5280 1507 5331 hac
1527 5279 1680 5328 lectio
1696 5289 1824 5340 pm-

225 5346 445 5397 ferenda
470 5352 622 5397 esset.
952 5364 955 5367 -

600 5409 735 5459 οὐδὲν
752 5470 765 5486 ἵ
781 5409 905 5486 ἔχειν
945 5402 1516 5486 κεκηλιξ..ξξοῌςιιιιόεω
1548 5413 1664 5451 mss.
1692 5397 1826 5449 Infra

225 5469 393 5522 Savil.
425 5471 491 5530 μὴ
518 5470 700 5535 κόπρου
719 5470 775 5519 τὸ
795 5467 1096 5533 θυμιατήριον
1119 5467 1382 5528 έμπλήσῃς.

268 5593 282 5595 _
302 5533 329 5563 ⁸
355 5533 416 5581 Εἰ
434 5532 487 5595 δέ
494 5548 564 5588 τις
578 5531 1106 5595 πολυπραγμονέστερον
1127 5524 1634 5595 ἐξετάσαιβρυληθείη,
1649 5523 1794 5577 iidem
1812 5557 1827 5582 ,

222 5593 285 5645 Id
313 5593 448 5656 quod
472 5586 673 5642 ombino
704 5586 946 5643 diversam
968 5586 1266 5642 sehtenliam
1288 5586 1458 5641 efﬁcit.

298 5653 326 5694 ά
352 5654 507 5695 ςενίι-
530 5655 612 5695 καὶ
643 5654 865 5695 ἀπαγάγῃ
883 5658 983 5695 τῆς-

302 5654 507 5703 ἀἘθνίΙ.
530 5655 612 5702 καὶ
643 5654 865 5719 ἀπαγάγῃ
883 5658 984 5712 τῆς.

302 5728 327 5779 9
359 5716 749 5779 ᾼιὶἱ-ἀναφέρειν.
794 5775 808 5779 Α
872 5775 896 5779 Δ

303 5776 321 5815 ί
351 5776 505 5826 Βενί).
526 5775 736 5832 ἀνίπτοις
756 5775 937 5832 αὐταῖς.

297 5840 323 5881 ⁶
347 5836 499 5891 Savil,
533 5837 1010 5903 καταρῤυπανθείσας.

3423 442 3530 500 όῖῗῖ

1947 545 2046 617 τὴν
2067 551 2378 622 προσευχὴν
2390 550 2770 623 προσάγωμεν.
2786 552 2847 606 Εἰ
2863 552 2969 625 γὰρ
2985 556 3217 627 χρυσοῦν
3237 572 3320 620 τις
3336 558 3529 624 σκεῦος

1946 629 2106 700 ἔχων,
2133 635 2233 687 οὐκ
2260 634 2328 687 ἂν
2352 633 2538 688 ,ἕλοιτο
2563 635 2643 698 είς
2678 636 2873 707 ἄτιμον
2905 637 3053 708 αὐτῷ
3076 638 3384 709 χρήσασθαι
3409 640 3527 696 δια-

1946 715 2131 769 κονίαν
2154 716 2242 795 διά
2268 716 2330 771 rb
2355 716 2650 795 πολύτιμον
2696 719 2798 790 τῆς
2830 719 2983 791 ὕλης·
3011 719 3191 790 πολλῷ
3234 721 3432 792 μᾶλλον
3477 727 3528 776 οί

1946 797 2150 877 χρυσοῦ
2186 800 2280 854 καὶ
2320 800 2659 875 μαργαρίτου
2696 801 2997 875 τιμιώτερα
3022 801 3264 874 στόματα
3290 803 3526 875 ἔχοντες,

1945 882 2045 937 οὐκ
2073 882 2141 938 ἄν
2168 884 2360 958 εἴημεν
2390 886 2588 941 δίκαιοι
2621 890 2742 952 ταῖς
2765 887 3142 959 ἀναισχύντοις
3162 887 3302 943 αὐτὰ
3319 894 3528 961 καταρ-

1948 967 2228 1038 ρυπαίνειν
2274 970 2865 1043 αίσχρορῤημοσύναις,
2923 972 3019 1026 καὶ
3064 971 3376 1043 λοιδορίαις,
3429 973 3527 1028 καὶ

1945 1050 2187 1133 ὕϐρεσιν.
2215 1054 2328 1108 Οὐκ
2347 1056 2406 1108 ἐν
2437 1054 2625 1126 χαλκῷ
2652 1058 2950 1127 προσάγεις
2973 1054 3143 1127 βωμῷ
3172 1057 3233 1111 rb
3257 1056 3526 1129 θυμιατή-

1946 1162 2081 1216 ριον,
2104 1145 2223 1200 οὐδὲ
2253 1146 2312 1199 ἐν
2339 1147 2543 1219 χρυσῷ.
2562 1147 2677 1202 ἀλλ’
2719 1148 2776 1201 ἐν
2794 1147 2873 1221 τῷ
2897 1148 3088 1202 τούτου
3110 1148 3442 1219 τιμιωτέρῳ,
3466 1149 3526 1201 ἐν

1942 1227 2056 1299 ναῷ
2084 1229 2457 1301 πνευματικιῖκ
2515 1231 2738 1301 Ἐκείνῳ
2760 1230 2858 1302 μέν
2886 1231 2917 1273 h
2940 1230 3049 1302 γάρ
3098 1230 3303 1301 ἄψυχος
3329 1233 3363 1303 ή
3398 1231 3519 1302 ῦλη·

1943 1311 2003 1364 ἐν
2026 1311 2109 1365 σοὶ
2128 1312 2184 1366 δὲ
2208 1316 2236 1367 ὁ
2260 1313 2393 1378 Θεὸς
2409 1315 2626 1376 ἐνοικεῖ,
2658 1315 2755 1368 καὶ
2778 1314 2938 1385 μέλος
2962 1308 3016 1367 εἴ
3037 1314 3131 1368 τοῦ
3160 1314 3401 1387 Χριστοῦ
3427 1317 3524 1370 καὶ

1945 1393 2122 1466 σῶμα.
2183 1395 2323 1462 Θοῦ,
2374 1398 2572 1466 Κύριε,
2632 1397 2920 1467 φυλακὴν
2965 1395 3045 1463 τῷ
3093 1397 3347 1467 στόματί
3376 1415 3521 1467 μου.

1944 1477 2340 1549 Παρακαλέσας
2368 1479 2458 1534 τὸν
2507 1480 2784 1551 Δεσπότην
2842 1479 3173 1551 ἀκουσθῆναι
3211 1480 3376 1536 αὐτοῦ
3421 1482 3523 1550 τὴν

1939 1561 2106 1633 εὐχὴν
2140 1560 2235 1616 καὶ
2265 1564 2280 1603 ί
2311 1562 2705 1634 εὐπρόσδεκτον
2737 1563 3011 1633 γενέσθαι,
3039 1564 3140 1637 δρα
3170 1552 3327 1618 ποίαν
3350 1581 3522 1636 προσ·-

1941 1642 2065 1713 ἀγει
2095 1643 2315 1716 πρώτην
2347 1645 2585 1718 αίτησιν,
2616 1647 2777 1701 ποίαν
2807 1645 3106 1718 ἱκετηρίαν.
3139 1647 3215 1701 οὐ
3240 1646 3349 1719 γὰρ
3374 1643 3517 1712 εἷπε,

1939 1726 2041 1790 Δός
2069 1744 2160 1798 μοι
2180 1729 2461 1801 χρήματα,
2482 1729 2571 1786 δός
2600 1722 2688 1800 μοι
2712 1729 2879 1800 τιμὰς
2903 1729 3053 1803 παρά
3072 1729 3399 1803 ἀνθρώποις,
3430 1731 3519 1795 δός

1941 1826 2033 1880 μοι
2066 1814 2338 1883 κρατῆσαι
2380 1812 2490 1867 τῶν
2539 1813 2771 1884 ἐχθρῶν,
2837 1813 2927 1875 δός
2963 1830 3053 1883 μοι
3108 1813 3313 1880 παιδία·
3366 1815 3518 1868 οὐδὲν

1938 1891 2167 1961 τούτων,
2213 1893 2349 1948 ἀλλά
2396 1896 2576 1950 πάντα
2613 1896 2773 1964 ἀφεὶς
2813 1895 2905 1949 ἐπὶ
2942 1896 3041 1966 τῆς
3075 1895 3178 1966 γῆς
3238 1896 3514 1968 ἐρρῖφθαι,

1939 1977 2083 2030 οιίτεῖ
2111 1979 2262 2049 παρά
2284 1977 2380 2033 τοῦ
2406 1979 2542 2034 Θεοῦ
2573 1978 2748 2034 ταῦτα
2791 1976 2829 2033 ἃ.
2861 1979 3013 2052 παρά
3051 1979 3145 2033 τοῦ
3176 1978 3312 2033 Θεοῦ
3348 1981 3518 2035 αἰτεῖν

1937 2059 2166 2115 δίκαιον.
2215 2061 2280 2115 Τί
2313 2058 2450 2128 οὖνς
2502 2064 2565 2118 οὐ
2614 2062 2713 2125 δεῖ,
2782 2064 2966 2133 φησὶν,
3022 2061 3257 2134 αἰσθητὰ
3304 2064 3516 2130 αίτεῖν;

1937 2145 2028 2198 Δεῖ
2047 2144 2166 2217 μὲν,
2195 2145 2333 2217 μετά
2366 2145 2565 2219 μέτρου
2599 2146 2656 2201 δὲ
2688 2145 2734 2212 i,
2757 2145 2832 2211 ώς
2852 2148 2881 2201 ὁ
2917 2145 3112 2201 Ἰακὼὸ
3135 2146 3327 2216 λέγων·
3377 2147 3520 2203 Ἐὰν

1936 2226 2020 2294 δῷ
2027 2246 2131 2298 μοι
2150 2231 2363 2297 Κύριος
2380 2230 2562 2298 ἄρτον
2584 2229 2816 2300 φαγεῖν,
2843 2228 2940 2284 καί
2964 2228 3194 2300 ἱμάτιον
3214 2229 3518 2299 περιϐαλέ-

1936 2313 2097 2366 σθαι·
2127 2312 2203 2376 ώς
2234 2313 2264 2365 ὁ
2302 2311 2540 2384 Χριστὸς
2595 2312 2883 2365 ἐκέλευσεν
2932 2311 3184 2382 εὔχεσθαι
3235 2312 3513 2382 λέγοντας·

1942 2395 2055 2449 Τὸν
2078 2395 2260 2464 ἄρτον
2277 2395 2445 2466 ἡμῶν
2471 2396 2578 2449 τὸν
2595 2394 2908 2449 ἐπιούσιον
2929 2395 3036 2462 δὸς
3052 2395 3199 2465 ἡμῖν
3225 2396 3513 2467 σήμερον·

1935 2477 2044 2549 πρὸ
2077 2478 2132 2532 δέ
2160 2479 2377 2535 πάντων
2425 2478 2494 2533 τά
2523 2480 2885 2550 πνευματικά.
2928 2480 2995 2534 Ὃ
3026 2481 3122 2535 καὶ
3157 2480 3322 2546 αὐτὸς
3373 2483 3520 2536 ποιεῖ

1934 2569 2108 2639 λέγων
2126 2586 2140 2602 ·
2184 2570 2323 2634 Θοῦ,
2350 2570 2547 2640 Κύριε,
2583 2569 2869 2640 φυλακὴν
2899 2570 2980 2635 τῷ
3006 2572 3259 2641 στόματι
3281 2589 3421 2641 μου.

2004 2649 2160 2718 Εἶδες
2184 2653 2437 2720 σύνεσιν;
2473 2649 2613 2718 είδες
2650 2653 2966 2724 φιλοσοφίαν
2998 2653 3024 2694 ¹ι
3050 2671 3064 2718 ;
3103 2656 3268 2709 πόθεν
3290 2656 3515 2729 ἄρχεται

1933 2737 2033 2810 τῆς
2055 2739 2351 2805 αίτήσεως;
2388 2736 2522 2792 Ἀπὸ
2566 2735 2659 2790 τοῦ
2716 2737 2974 2808 μεγίστου
3016 2736 3125 2791 τῶν
3158 2737 3515 2810 κατορθωμά-

1932 2839 2064 2886 των,
2100 2822 2195 2876 καὶ
2230 2821 2259 2875 ὃ
2285 2821 2502 2875 πάντων
2543 2819 2717 2875 αἴτιόν
2742 2823 2857 2875 ἐστι
2900 2819 3009 2872 τῶν
3038 2818 3246 2893 κακῶν,
3279 2820 3514 2890 ἀμελού-

1936 2922 2096 2977 μενον
2117 2922 2131 2937 ·
2176 2903 2367 2976 ὥσπερ
2394 2903 2503 2958 τῶν
2536 2903 2779 2972 ἀγαθῶν,
2815 2902 3267 2973 σπουδαζόμενον.
3294 2902 3375 2957 Τὰ
3405 2894 3515 2976 γὰρ

1938 2988 2109 3060 μυρία
2134 2986 2281 3042 κακὰ
2298 2991 2399 3060 τῆς
2419 2986 2668 3056 γλώττης
2687 2989 2720 3057 ή
2749 2985 2968 3039 εὐκολία
2991 2983 3304 3055 ἐργάζεται,
3325 2984 3515 3058 ὥσπερ

1933 3065 2028 3126 οὖν
2065 3072 2134 3126 τά
2165 3071 2344 3141 ἀγαθὰ
2386 3072 2420 3142 ἡ
2456 3070 2746 3140 ἀσφάλεια.
2769 3068 2980 3140 Ὠσπερ
3026 3063 3119 3122 οῦν
3150 3067 3300 3121 οὐδὲν
3325 3067 3515 3138 ὕφελος

1932 3156 2130 3221 οἰκίας,
2167 3156 2228 3210 οὐ
2268 3155 2495 3219 πόλεως,
2530 3155 2591 3208 οὐ
2624 3152 2842 3224 τειχῶν,
2873 3152 2934 3206 οὐ
2976 3151 3179 3214 πυλῶν,
3214 3152 3275 3204 οὐ
3310 3151 3513 3224 θυρῶν,

1933 3238 2003 3293 ἂν
2032 3239 2106 3311 μὴ
2134 3232 2267 3293 ὦσιν
2293 3239 2343 3292 οί
2379 3238 2759 3307 φυλάττοντες,
2804 3235 2898 3288 καὶ
2926 3233 3127 3297 ειδότες
3154 3233 3283 3304 πότε
3309 3234 3407 3305 μὲν
3435 3234 3517 3288 δεῖ

1932 3322 2153 3386 κλείειν,
2171 3323 2303 3376 πότε
2327 3322 2384 3376 δέ
2410 3320 2646 3390 ἀνοίγειν
2664 3336 2678 3352 ·
2702 3319 2875 3383 οὕτως
2895 3317 3015 3371 οὐδέ
3035 3315 3280 3388 γλώττης
3301 3315 3512 3386 ὄφελος,

1933 3406 2059 3461 οὐδέ
2094 3405 2384 3477 στόματος,
2438 3404 2507 3459 ἂν
2539 3403 2615 3475 μὴ
2658 3400 2920 3473 λογισμὸς
3046 3400 3147 3471 τὴν
3183 3399 3390 3454 κλείσιν
3420 3401 3514 3455 καὶ

1933 3489 2034 3562 τὴν
2060 3488 2262 3555 ἄνοιξιν
2297 3486 2439 3561 μετά
2468 3484 2754 3559 ἀκριϐείας
2791 3485 2885 3538 καὶ
2926 3482 3129 3554 πολλῆς
3154 3481 3253 3555 τῆς
3285 3481 3514 3551 ἐπιστή-

1937 3590 2046 3644 μης
2083 3569 2572 3642 ἐπιτετραμμένος,
2623 3568 2719 3623 καὶ
2761 3565 2918 3630 εἰδὼς
2964 3564 3085 3620 τίνα
3125 3564 3224 3636 μὲν
3259 3564 3512 3636 ἐκφέρειν

1932 3654 2034 3720 δεῖ,
2063 3654 2186 3708 τίνα
2211 3653 2269 3708 δέ
2301 3652 2452 3706 ἔνδον
2474 3651 2748 3723 κατέχειν.
2776 3649 2853 3703 Οὐ
2881 3647 3125 3703 τοσοῦτοι
3156 3647 3287 3720 γὰρ,
3322 3648 3510 3720 φησὶν,

1932 3738 2131 3793 ἔπεσον
2152 3735 2263 3792 ἀπὸ
2304 3737 2601 3807 μαχαίρας,
2642 3734 2759 3788 ὅσοι
2781 3731 2890 3787 ἀπὸ
2927 3732 3194 3804 γλώττης.
3219 3731 3328 3785 Καὶ
3350 3731 3512 3787 πάλιν

1932 3823 1962 3876 ό
1997 3821 2233 3894 Χριστός
2253 3838 2268 3852 ·
2313 3820 2397 3875 Οὐ
2433 3819 2507 3874 τὰ
2537 3816 2928 3886 είσερχόμενα
2954 3818 3042 3883 εἰς
3072 3814 3140 3870 τὸ
3168 3816 3362 3883 στόμα
3397 3831 3515 3869 κοι-

1931 3905 2035 3962 νοῖ
2056 3903 2164 3959 τὸν
2194 3902 2530 3972 ἄνθρωπον,
2580 3900 2742 3955 ἀλλὰ
2789 3898 2865 3953 τὰ
2905 3898 3346 3968 ἐκπορευόμενα
3390 3897 3512 3952 ἀπὸ

1933 3989 2041 4045 τοῦ
2067 3990 2390 4057 στόματος.
2419 3985 2529 4040 Καὶ
2554 3984 2716 4039 πάλιν
2732 3984 2938 4054 ἐτερος·
2965 3982 3234 4049 Ποίησον
3254 3979 3336 4046 τῷ
3367 3982 3510 4035 στό-

1926 4073 2073 4144 ματί
2102 4086 2221 4126 σου
2248 4071 2435 4138 θύραν
2457 4067 2558 4121 καὶ
2590 4067 2849 4136 μοχλόν.
2876 4057 3045 4129 οὗτος
3073 4064 3131 4118 δέ
3162 4063 3350 4136 ἐπειδὴ
3383 4064 3512 4133 σφό-

1933 4156 2036 4225 δρα
2063 4153 2321 4208 δύσκολον
2342 4151 2403 4206 δν
2430 4147 2539 4204 οἵδε
2582 4150 2641 4203 τὸ
2674 4149 2927 4220 πρᾶγμα,
2963 4146 3060 4200 καὶ
3090 4145 3254 4216 εὐχὰς
3282 4145 3510 4217 προστί-

1934 4239 2082 4310 θησι,
2109 4238 2204 4292 καὶ
2228 4235 2320 4290 τὸν
2347 4234 2482 4288 Θεὸν
2516 4234 2598 4297 είς
2628 4232 2727 4301 τὴν
2759 4229 3074 4302 συμμαχίαν
3102 4228 3303 4298 ταύτην
3332 4228 3507 4284 καλεῖ.

1931 4322 2149 4380 Μᾶλλον
2172 4321 2230 4375 δέ
2262 4319 2358 4373 καὶ
2398 4318 2605 4381 ἐκεῖνος
2630 4315 2692 4369 τὸ
2723 4312 2857 4368 αὐτό
2883 4313 3042 4366 τοῦτο
3074 4312 3393 4376 αἰνίττεται,
3432 4312 3509 4377 ώς

1932 4407 2060 4462 ὅταν
2085 4403 2249 4476 λέγῃ·
2295 4401 2392 4468 Τίς
2414 4399 2595 4454 δώσει
2623 4397 2722 4453 ἐπί
2752 4396 2873 4450 τῶν
2899 4393 3148 4466 χειλέων
3166 4411 3287 4464 μου
3320 4409 3513 4464 σφρα-

1933 4489 2069 4561 γῖδα
2104 4486 2479 4555 πανοῦργον-ε
2517 4485 2610 4536 Δεῖ
2641 4481 2740 4554 μὲν
2783 4479 2892 4552 γὰρ
2938 4478 3035 4533 καὶ
3066 4478 3135 4533 τὰ
3174 4478 3307 4549 παρ’
3348 4478 3512 4550 ἡμῶν

1933 4571 2210 4644 εἰσφέρειν
2244 4567 2266 4608 ι
2286 4584 2300 4600 ·
2335 4568 2416 4622 διὸ
2447 4567 2512 4638 δὴ
2540 4566 2636 4620 καὶ
2665 4566 2726 4618 ἐν
2752 4561 2902 4627 τάξει
2927 4561 3346 4634 προστάγματος
3380 4561 3512 4615 αὐτὸ

1929 4655 2142 4711 τέθεικε
2176 4653 2369 4722 λέγων·
2401 4652 2668 4718 Ποίησον
2695 4648 2886 4716 θύραν
2915 4645 3016 4699 καί
3043 4647 3299 4715 μοχλόν.
3330 4646 3420 4698 Δεῖ
3454 4645 3510 4700 δέ

1833 4741 1837 4745 ’
1932 4738 2029 4793 καὶ
2048 4737 2145 4805 τὴν
2170 4734 2331 4807 Δπαρά
2365 4731 2461 4786 τοῦ
2495 4731 2632 4785 Θεοῦ
2683 4729 3001 4801 συμμαχίαν
3039 4726 3244 4790 καλεῖν,
3290 4727 3378 4780 ῖνα
3416 4729 3510 4781 καὶ

1931 4823 1967 4892 ἢ
1998 4818 2244 4890 ἡμετέρα
2290 4815 2494 4886 σπουδῆ
2528 4814 2606 4878 εἷς
2645 4811 2799 4885 [455]
2840 4811 3000 4884 ἔργον
3036 4810 3278 4892 γένηται.
3305 4810 3511 4864 Φυλάτ-

1932 4891 2113 4974 τωμεν
2140 4894 2318 4954 τοίνυν
2340 4899 2401 4952 τὸ
2432 4897 2606 4967 στόμα
2632 4894 2916 4966 διηνεκῶς,
2951 4892 3098 4948 κλεῖν
3120 4891 3272 4974 αὐτῷ
3291 4892 3401 4974 τὸν
3426 4893 3503 4945 λο-

1932 4971 2129 5057 γισμὸν
2157 4982 2507 5045 ἐπιτιθέντες,
2540 4979 2640 5050 οὐχ
2688 4978 2775 5032 ἵνα
2810 4974 3075 5046 διηνεκῶς
3186 4973 3507 5043 κεκλεισμέ-

1932 5086 2042 5133 νον,
2065 5067 2181 5122 ἀλλ’
2206 5066 2293 5120 ἵνα
2315 5064 2458 5119 κατὰ
2482 5063 2672 5134 καιρὸν
2707 5059 2989 5131 ἀνοίγηται
3017 5057 3108 5112 τὸν
3140 5057 3504 5128 προσήκοντα.

1935 5153 2093 5205 Ἔστι
2126 5149 2235 5222 γὰρ
2255 5150 2346 5204 ὅτε
2373 5150 2406 5219 ή
2431 5147 2558 5217 σιγὴ
2582 5144 2779 5218 μᾶλλον
2803 5142 3051 5211 ὠφέλησε
3079 5140 3290 5204 λαλιᾶς,
3318 5137 3507 5211 ὥσπερ

1931 5235 2028 5290 καὶ
2053 5233 2214 5288 λαλιά
2256 5232 2455 5304 μᾶλλον
2489 5230 2669 5299 σιγῆς.
2708 5226 2806 5281 Διά
2843 5224 2909 5296 δὴ
2941 5222 3098 5277 τοῦτο
3140 5222 3235 5276 καὶ
3262 5223 3291 5275 ό
3334 5233 3507 5289 σοφω-

1931 5344 2092 5391 τατος
2116 5327 2322 5388 ἐκεῖνος
2344 5322 2492 5392 ἔλεγε
2510 5337 2525 5351 ·
2561 5318 2779 5388 Καιρὸς
2805 5315 2911 5370 τοῦ
2956 5311 3228 5384 σιγῆσαι,
3258 5311 3354 5367 καί
3382 5327 3507 5367 και.

1993 5575 2023 5618 Ιι
2043 5577 2181 5627 Alius
2202 5571 2481 5634 ὸιεὶνημέν.
2505 5567 2615 5634 M0;
2640 5565 2721 5617 alii
2746 5565 2989 5628 καὶσῶμα
3010 5565 3181 5626 τίμιον.
3203 5559 3325 5616 Θοῧ.

1984 5634 2016 5680 ἰ
2050 5638 2191 5688 Alius
2210 5635 2296 5691 τήν
2318 5628 2498 5689 δέησιν.
2523 5628 2620 5679 καί.
2736 5670 2739 5671 ,

2000 5703 2019 5752 ι
2059 5695 2209 5748 Savil.
2232 5694 2301 5743 δεῖ
2328 5694 2430 5755 μὶν,
2454 5693 2609 5755 μέτρῳ
2632 5691 2701 5739 δέ.

1997 5766 2025 5802 ι
2044 5759 2195 5819 ϐαι-Π.
2218 5755 2403 5819 σοφίαν.

2006 5820 2028 5864 ι
2051 5820 2134 5872 Sic
2150 5809 2303 5868 Savlll
2327 5814 2501 5866 Morel.
2520 5817 2687 5864 autem
2714 5809 2942 5876 ἐκφέρειν,
2963 5810 3127 5860 minus
3141 5813 3293 5861 recte.
