4012 6280
242 387 347 443 ,155

242 498 440 554 taceudi
465 534 483 561 ,
510 501 557 548 et
609 502 802 560 ternpus
845 482 1082 550 loquendi
1129 482 1148 550 (
1178 479 1336 534 Eccli.
1363 480 1418 533 5.
1445 479 1477 531 7
1508 477 1550 539 ).
1577 476 1632 528 Si
1680 473 1821 528 enim

245 594 519 659 oporteret
565 596 662 637 ora
715 584 971 649 perpetuo
1017 582 1200 644 patere
1225 611 1243 637 ,
1293 584 1403 623 non
1454 567 1605 622 facta:
1649 572 1829 619 essent

1372 358 1727 420 EXPOSI'I’IO
1763 357 1828 412 IN
1867 320 2186 413 minuunt
2225 353 2384 412 exc.

3400 354 3506 411 ιδι

1933 472 2153 527 tendum
2181 479 2295 534 est,
2326 478 2385 524 ut
2429 469 2569 524 intus
2594 467 2732 524 mala
2757 464 2977 522 consilia
3020 466 3293 536 pariantur
3318 482 3333 520 :
3364 475 3420 521 et
3458 468 3506 522 si

1937 564 2244 633 pariuntur,
2275 576 2336 615 ea
2364 570 2490 615 sunt
2514 560 2655 614 intus
2683 557 2988 614 sull‘ocauda
3010 599 3026 624 ,
3056 564 3214 612 etest
3239 555 3389 612 radis
3416 571 3507 613 eo-

250 652 415 752 portae
445 693 460 730 :
490 676 537 730 si
590 681 770 728 autem
813 674 1070 740 perpetuo
1122 663 1300 717 clausa
1343 673 1483 723 esse,
1534 672 1640 711 non
1679 662 1825 710 esset
1933 670 2049 709 rum
2075 652 2409 709 exsiccanda.

247 747 387 840 opus
412 763 675 823 custodia.
700 759 851 828 Quod
867 757 1013 814 enim
1028 755 1269 809 clausum
1291 757 1396 812 est,
1425 763 1521 803 cur
1560 747 1683 816 quis
1725 759 1823 799 cu-

253 835 537 916 Siodierit?
582 850 689 909 Sed
736 857 1016 920 prorterea
1045 853 1170 900 sunt
1215 849 1383 912 porta:
1407 848 1463 893 et
1490 835 1751 901 custodia,
1775 843 1834 889 ut

253 949 513 1012 faciamus
548 942 754 1013 singula
784 950 1024 1009 tempore
1068 930 1422 990 convenienti.
1472 927 1623 983 Alios
1650 936 1832 979 autem

258 1040 405 1105 dicit,
433 1037 630 1108 Iugum
653 1042 701 1087 et
724 1040 962 1087 stateram
987 1031 1069 1099 [ac
1100 1027 1286 1096 linguae
1303 1032 1402 1076 tute
1421 1020 1439 1092 (
1459 1019 1592 1073 Ibid.
1607 1017 1699 1072 ΞΒ.
1715 1016 1833 1087 29),

263 1131 522 1200 majorem
539 1124 758 1195 exigens
777 1119 1123 1190 diligentiam,
1139 1123 1199 1169 ut
1218 1129 1324 1169 non
1340 1112 1513 1166 solum
1536 1109 1694 1164 verba
1718 1120 1837 1177 qua:

263 1228 476 1289 oportet
505 1215 811 1276 eﬂ'eramus,
837 1209 930 1266 scd
950 1209 1111 1266 etiam
1135 1220 1255 1262 cum
1277 1218 1340 1259 ea
1369 1218 1471 1272 qua
1498 1215 1594 1270 par
1614 1206 1697 1254 est
1713 1211 1841 1251 cau-

267 1286 407 1366 tione
437 1317 493 1363 et
532 1313 781 1360 accurata
808 1298 1235 1357 consideratione
1278 1296 1390 1364 ipsa
1423 1289 1586 1347 veluti
1632 1286 1838 1358 ponde-

266 1414 447 1460 rantcs
472 1400 750 1466 diligenter
773 1390 1156 1461 expendamus.
1188 1386 1243 1442 Si
1286 1383 1428 1439 enim
1476 1382 1576 1435 hoc
1621 1377 1843 1432 iacimus

268 1495 322 1549 in
353 1506 486 1547 auro
512 1498 565 1544 et
593 1484 810 1541 materia
837 1496 956 1552 qure
994 1478 1194 1543 interit,
1221 1477 1323 1530 hoc
1364 1473 1531 1528 multo
1557 1469 1729 1538 magis
1769 1466 1845 1521 fa-

269 1583 516 1641 cisndum
545 1587 627 1634 est
656 1578 709 1632 in
736 1575 933 1637 verbis,
966 1579 1024 1626 ut
1072 1569 1204 1624 nihil
1224 1566 1383 1630 desit,
1411 1578 1510 1618 nec
1552 1560 1836 1617 redundet.

271 1673 531 1742 Quocirca
559 1667 688 1722 dicit
724 1666 883 1720 etiam
913 1660 1175 1732 quispiam
1206 1675 1220 1710 :
1257 1654 1470 1710 Verbum
1494 1670 1557 1708 ne
1584 1650 1848 1721 prohibue-

274 1768 346 1821 ris
387 1765 441 1818 in
478 1771 697 1828 tempore
741 1754 915 1810 salutis
943 1750 1199 1823 (ΗΜΛ.
1225 1747 1357 1815 28).
1410 1742 1598 1799 Vidisti
1640 1750 1869 1809 tempus

279 1852 477 1912 exitus?
518 1844 668 1903 Alius
705 1852 880 1899 autem
913 1841 1096 1896 dicens
1140 1848 1348 1906 tempus
1403 1832 1619 1895 silentii,
1650 1828 1847 1899 inquit:

277 1939 343 1996 Si
367 1951 439 1996 est
468 1940 555 1993 tibi
584 1952 764 1997 sermo,
791 1930 1035 2003 responde
1064 1945 1083 1983 :
1105 1928 1182 1983 sin
1211 1927 1395 1993 minus,
1420 1932 1526 1978 esto
1569 1936 1747 1975 manus
1764 1928 1854 1972 tua

274 2047 432 2100 super
462 2046 517 2083 os
546 2038 684 2082 tuum
714 2023 892 2097 (Ibid.
925 2021 977 2075 5.
1008 2021 1075 2076 14
1094 2018 1134 2090 ).
1177 2017 1242 2072 Et
1269 2029 1471 2078 rursus,
1497 2012 1596 2077 Qui
1633 2008 1856 2065 abundat

282 2128 334 2177 in
362 2136 588 2177 sermone
606 2160 624 2187 ,
663 2117 778 2171 odio
805 2114 1065 2170 habebitur
1103 2109 1284 2184 (Ibid.
1310 2106 1401 2162 20.
1429 2106 1525 2177 8).
1555 2105 1638 2169 Et,
1673 2101 1858 2156 Melior

281 2225 354 2270 est
376 2214 525 2268 homo
543 2211 629 2282 qui
644 2209 770 2264 celat
788 2204 1054 2261 stultitiam
1067 2217 1230 2265 suam,
1250 2214 1402 2271 quam
1421 2197 1568 2250 homo
1583 2194 1669 2264 qui
1693 2191 1859 2247 occul-

284 2281 666 2376 tatsapientiam
685 2314 828 2354 suam
866 2296 887 2367 (
909 2294 1044 2349 Ibid.
1074 2308 1123 2346 υ.
1155 2288 1280 2363 35).
1301 2287 1542 2349 Audivisti
1558 2281 1861 2342 sermonem?

286 2369 539 2451 Moriatur
555 2394 609 2446 in
628 2401 693 2445 te.
723 2386 950 2455 Conﬁde,
977 2399 1076 2439 non
1102 2390 1149 2436 te
1178 2387 1375 2449 rumpet
1404 2376 1586 2448 (Ibid.
1614 2374 1699 2431 l9.
1728 2369 1858 2443 10).

288 2488 359 2544 Et
389 2498 595 2550 rursus,
645 2481 691 2536 Α
724 2479 853 2551 [acie
884 2475 1016 2531 verbi
1042 2471 1286 2545 parturiet
1308 2468 1524 2531 stultus,
1573 2458 1627 2518 ut
1667 2481 1700 2518 a
1735 2463 1865 2533 facie

289 2576 504 2646 infantis
526 2549 945 2643 puerperanid.
962 2579 1010 2619 ν.
1042 2563 1155 2632 11).
1176 2557 1377 2614 Deinde
1404 2556 1562 2611 etiam
1593 2552 1659 2608 de
1684 2549 1862 2605 modo:

290 2643 538 2733 Loquere,
560 2655 944 2720 adolescentule,
965 2653 1006 2708 si
1035 2666 1161 2721 opus
1180 2650 1244 2704 sit
1270 2648 1378 2714 tibi,
1399 2646 1482 2700 vix
1503 2644 1575 2698 bis
1596 2660 1614 2699 :
1642 2643 1686 2697 si
1711 2643 1865 2694 inter-

294 2764 504 2827 rogatus
533 2751 711 2821 fueris,
740 2749 791 2801 in
817 2747 1007 2801 brevem
1050 2757 1298 2798 summum
1324 2739 1498 2811 paucis
1523 2736 1680 2791 multa
1701 2734 1870 2804 redige

298 2843 461 2916 (ibid.
482 2841 573 2897 32.
601 2839 687 2896 10.
721 2836 834 2910 11).
871 2835 1055 2905 Magna
1080 2831 1222 2888 enim
1252 2828 1711 2885 animadversione
1735 2836 1869 2894 opus

301 2914 416 3003 est,
447 2944 505 2989 ιιι
534 2934 730 3002 lingua:
776 2935 1039 3001 potestate
1064 2933 1216 2979 caute
1258 2930 1313 2979 et
1349 2933 1537 2976 secure
1580 2916 1762 2972 utaris.
1808 2914 1874 2969 Et

306 3025 428 3081 ideo
446 3038 625 3079 rursus
642 3020 773 3076 dixit
792 3037 804 3072 :
824 3018 915 3073 Est
938 3015 1273 3088 reprehensio,
1295 3022 1342 3066 et
1361 3027 1459 3064 non
1474 3019 1546 3064 est
1565 3005 1872 3075 tempestiva:

301 3129 352 3172 et
393 3124 464 3169 est
489 3125 651 3168 tacens
677 3111 878 3182 aliquis,
904 3109 990 3177 qui
1027 3105 1273 3160 invenitur
1312 3102 1513 3171 sapiens
1541 3098 1560 3169 (
1591 3096 1729 3152 Ibid.
1785 3094 1871 3151 l9.

298 3208 393 3264 28.
420 3207 508 3262 20.
542 3203 638 3277 5).
680 3203 794 3259 Non
837 3202 1007 3256 solum
1044 3196 1186 3254 enim
1212 3202 1423 3266 oportet
1450 3200 1626 3247 tacere
1650 3196 1701 3245 et
1732 3185 1874 3258 loqui

300 3307 625 3369 opportune,
669 3293 762 3349 sed
807 3292 966 3347 etiam
1006 3303 1126 3344 cum
1168 3298 1357 3355 magna
1402 3280 1589 3353 gratia.
1619 3279 1876 3347 Quocirca

299 3367 516 3446 dicebat
535 3386 730 3443 Paulus
749 3426 763 3451 ,
791 3383 971 3439 Sermo
999 3388 1154 3434 vester
1177 3377 1243 3433 sit
1277 3389 1471 3443 semper
1494 3372 1548 3425 in
1573 3370 1738 3441 gratia
1770 3367 1878 3422 sale

301 3481 561 3547 conditus,
597 3486 652 3530 ut
675 3477 848 3532 sciatis
868 3468 1115 3543 quomodo
1142 3474 1369 3538 oporteat
1396 3478 1481 3518 uos
1504 3462 1558 3514 in
1584 3473 1879 3530 unoquoque

306 3570 615 3641 respondere
643 3565 859 3635 (Coloss.
886 3563 940 3619 4.
958 3560 1036 3631 6).

382 3639 607 3718 Παπὶπιε
636 3667 837 3731 prapter
868 3651 1169 3722 sacri/icium
1194 3645 1419 3717 corporis
1458 3642 1663 3698 Domini
1708 3639 1883 3712 lingua

303 3765 485 3812 sancta
532 3766 637 3808 esse
679 3741 1105 3812 debet.——Cogita
1137 3739 1238 3794 hoc
1261 3751 1380 3792 esse
1408 3735 1702 3790 membrum
1727 3772 1743 3795 ,
1786 3743 1883 3800 per

304 3847 455 3920 quod
478 3860 597 3901 eum
623 3843 734 3898 Deo
759 3836 1130 3907 colloquimur,
1154 3846 1250 3901 per
1275 3827 1417 3900 quod
1435 3824 1619 3881 laudes
1642 3822 1882 3901 celebra-

309 3910 456 3996 situs.
482 3935 593 3995 Hoc
620 3941 704 3988 est
730 3928 1029 3986 membrum
1048 3966 1064 3993 ,
1090 3938 1187 3994 per
1213 3918 1352 3991 quod
1380 3913 1700 3971 horrendum
1727 3910 1885 3966 sacri-

309 4027 494 4085 ﬁcium
514 4022 849 4093 suscipimus.
869 4016 1054 4072 Sciunt
1073 4011 1255 4067 lideles
1280 4005 1422 4080 quod
1441 4006 1651 4061 dicitur.
1674 4003 1742 4058 Et
1765 4000 1885 4056 ideo

307 4125 528 4188 oportet
551 4114 604 4171 id
633 4128 753 4170 esse
780 4111 1006 4167 liberum
1035 4104 1103 4161 ab
1128 4101 1273 4159 omni
1311 4097 1671 4164 accusatione,
1715 4093 1886 4151 male-

308 4185 481 4273 dicto,
507 4204 670 4261 verbo
694 4202 947 4257 obscaeno
966 4237 984 4265 ,
1015 4204 1069 4252 et
1107 4192 1394 4249 calumnia.
1419 4189 1489 4244 Et
1511 4187 1557 4243 si
1584 4199 1684 4241 nos
1710 4185 1889 4257 aliqua

308 4272 512 4356 lascira
537 4305 593 4352 et
617 4292 878 4364 impudica
906 4286 1157 4359 cogitatio
1175 4289 1379 4354 urgeat,
1410 4294 1474 4336 ea
1494 4278 1634 4333 intus
1667 4283 1751 4332 est
1771 4272 1886 4329 sul-

310 4388 566 4454 focanda,
604 4362 705 4440 nec
729 4377 1142 4453 permittendum
1172 4383 1229 4430 ut
1260 4373 1312 4427 in
1338 4370 1500 4427 verba
1525 4374 1681 4423 exeat
1706 4382 1721 4419 :
1748 4371 1806 4421 et
1843 4362 1889 4419 si

310 4486 631 4548 exasperato
642 4475 818 4533 animo
830 4470 1015 4525 feraris
1031 4466 1095 4521 ad
1110 4461 1487 4532 erumpendum
1505 4460 1555 4514 in
1570 4457 1888 4522 simultates,

314 4570 410 4626 illa
438 4576 650 4638 quoque
679 4561 827 4617 radix
870 4566 952 4614 est
997 4551 1331 4618 exsiccanda,
1359 4550 1551 4606 ostium
1592 4555 1676 4603 est
1712 4552 1892 4601 custo-

312 4633 579 4716 diendum
606 4663 662 4710 et
700 4658 944 4708 accurate
968 4642 1357 4703 observandum
1394 4639 1466 4710 (a)
1499 4654 1513 4691 :
1550 4650 1649 4692 nec
1676 4633 1893 4705 permit-

384 4769 458 4831 (a)
497 4773 543 4815 Ill
567 4771 728 4813 Graeco
750 4775 763 4811 Ζ
791 4768 865 4812 κᾶν
1119 4780 1175 4831 τις
1196 4759 1453 4831 induo-ussz
1464 4774 1517 4831 ’σι

311 4818 455 4889 τάξει
475 4838 718 4897 ἀοι-ἐμμένειν
980 4818 1578 4897 ιέξεττιιςλνηκηετγηῑκετευ

311 4868 974 4957 :zilzﬁmpagéfﬁia
1012 4868 1286 4946 Geniiaaus'
1297 4868 1570 4944 .He'rvet'us,
1593 4868 1676 4930 qui
1692 4869 1761 4916 sic
1776 4879 1897 4935 eon-

312 4952 475 5000 vertit
497 4962 511 4998 :
537 4952 592 4998 tt
608 4959 654 4996 st
687 4942 884 5000 pusillus
906 4947 951 4991 et
962 4939 1205 4989 'denussus
1225 4943 1413 4984 ammus
1433 4932 1641 5000 furatum
1659 4927 1786 5000 loqur
1801 4939 1896 4996 non

312 4944 475 5003 {vertit
497 4962 511 4998 :
537 4952 592 4998 tt
608 4944 654 4996 si
686 4944 884 5011 pusillus
906 4947 951 4991 et
962 4944 1205 4989 "denussus
1225 4944 1413 4984 ammus
1433 4944 1566 4992 Itlt'u,
1583 4944 1641 4998 ⁹ιιι
1659 4944 1786 4989 loqu:
1801 4944 1894 4977 non

310 5011 526 5068 audeas,
551 5007 638 5058 sed
659 5004 789 5069 apud
825 5010 869 5053 te
884 5010 1170 5069 murmures,
1194 5009 1253 5046 ea
1274 5004 1456 5069 quoque
1476 4986 1894 5069 [adﬁciam-

310 5011 526 5068 audeas,
551 5007 638 5058 sed
825 5010 869 5053 te
884 5010 1170 5057 murmures,
1194 5004 1456 5106 6W
1480 5004 1631 5039 raatx
1648 5004 1718 5037 est
1735 5004 1894 5037 exsic-

308 5071 501 5125 οινιάίι
530 5074 650 5131 Wa
669 5074 730 5117 ειι
748 5071 904 5129 Porta»
921 5067 968 5113 ει
988 5060 1199 5131 partem
1284 5059 1894 5131 ,..,,_.'_“-_"_‘_.‘.'£’_°E..“‘EE‘.'.’£'

272 5162 279 5165 -
308 5109 1018 5197 Zgu'ﬁipéﬁs'égiﬁag
1038 5109 1137 5197 iniit.
1149 5121 1418 5197 perpetuus
1453 5109 1897 5197 mnmnto‘ruﬂhigter-

309 5168 885 5259 ῖὲξιιῗῶρπιξῖἷςὶ
912 5168 1050 5232 aliain
1090 5168 1187 5237 bié,
1210 5168 1453 5286 magno,
1469 5184 1565 5221 non
1586 5168 1897 5243 pusillanimi-

309 5264 418 5301 us.
442 5264 540 5301 non
554 5251 795 5299 demussas
810 5246 1014 5301 animus,
1032 5241 1161 5301 quod
1176 5252 1263 5301 qui
1327 5249 1392 5301 ιιι,
1414 5249 1457 5284 ει
1476 5237 1898 5301 nominrs‘etymou

442 5264 540 5301 non
554 5241 795 5299 demissas
810 5246 1014 5301 animus,
1032 5241 1161 5303 quod
1161 5241 1392 5349 eq‘uidem,
1414 5241 1457 5284 si
1476 5241 1898 5302 nummisetymon

305 5320 544 5377 spectes.
558 5324 629 5377 ,εει
644 5320 771 5377 ιοεςε
791 5303 1080 5377 summa
1095 5312 1193 5377 ιε.-
1208 5295 1750 5377 -.ιξρεξξοορμεξξεξξξῑεξι
1771 5290 1898 5377 ³⁸⁸2ξέ2

306 5356 769 5434 ﬁdissimos;
801 5356 1011 5434 adimunt
1051 5356 1430 5434 ιιὲίιεριεινξιιιιιιι,Δ
1446 5356 1755 5434 simultatem,
1802 5363 1900 5401 non

777 5414 861 5501 qui
884 5425 1015 5501 loqui
1047 5435 1144 5501 ppu
1170 5414 1360 5501 augeat.
1379 5414 1898 5501 ﬂigd‘rnugnu-

302 5472 989 5554 didicerimus;
1014 5480 1287 5554 sed'qui‘ad
1312 5472 1500 5554 publica
1518 5473 1730 5554 dissidin,
1759 5472 1900 5554 (ξιιῇ-

303 5533 937 5609 ἶῶἷιξῖεξὸὖιῖοἰῖᾆιξίὦ
1075 5533 1289 5609 dis'sidia,
1309 5533 1525 5609 divortia,
1550 5533 1901 5609 rixtetpublica

300 5593 1018 5679 3837;;J43§"9§65i€iﬁ53
1050 5612 1177 5679 {1399.
1196 5593 1298 5679 'E‘E
1320 5593 1735 5679 “@9125”???
1756 5593 1901 5679 ἓξὲξ·

774 5654 1015 5722 olims—inet
1055 5663 1300 5732 exstingui
1316 5695 1330 5718 ,
1357 5674 1424 5732 ne
1446 5662 1716 5732 erumpant.
1757 5654 1899 5703 foras.

301 5717 1058 5789 ῗῶῖῧῖοιῖιῖἐιίἇοῐῖιιὸδιτιιιη
1099 5727 1158 5777 ad
1192 5717 1344 5788 olera
1384 5717 1626 5773 Athanasii
1664 5717 1713 5765 in
1750 5724 1898 5777 voce,

299 5811 557 5867 te“st

2033 764 2087 820 5.
2144 763 2291 819 Hane
2342 762 2525 818 habuit
2573 761 2674 818 Iob
2723 760 3017 816 custodiam
3048 801 3065 827 ,
3107 768 3162 814 et
3216 757 3339 814 ideo
3386 760 3509 812 nui-

1937 856 2045 910 lum
2093 855 2313 911 verbum
2372 854 2748 910 inconcinnum
2812 851 3070 922 protulit,
3118 848 3212 906 sed
3280 849 3512 904 maxima

1938 946 2149 1017 quidem
2179 961 2244 1001 ex
2288 954 2437 1015 parte
2488 944 2694 999 tacuit:
2725 943 2937 1014 quando
2979 949 3154 997 autem
3198 956 3319 996 eum
3370 940 3515 1008 loqui

1936 1053 2058 1093 cum
2088 1051 2252 1092 uxore
2294 1036 2566 1106 oportuit,
2620 1036 2868 1104 loquutus
2906 1042 2990 1088 est
3036 1031 3193 1086 verba
3241 1030 3517 1100 sapientiae

1942 1126 2118 1197 plena.
2158 1126 2291 1181 Tum
2335 1126 2548 1180 demum
2609 1125 2752 1179 enim
2791 1122 2962 1178 solum
3034 1120 3352 1192 loquendum
3399 1128 3517 1188 est,

1944 1218 2156 1290 quando
2182 1232 2299 1288 qua:
2323 1217 2590 1283 dicuntur,
2637 1216 2753 1286 plus
2778 1222 2998 1285 prosunt
3022 1220 3179 1285 quam
3226 1211 3516 1266 silentium.

1944 1309 2200 1376 Quocirca
2250 1308 2491 1363 Christus
2533 1321 2742 1377 quoque
2784 1305 2991 1360 dicebat
3044 1321 3058 1358 :
3114 1302 3275 1357 Omne
3320 1301 3522 1355 verbum

1947 1401 2180 1464 otiosum,
2213 1397 2350 1470 quod
2390 1397 2579 1468 loquuti
2621 1396 2807 1468 fuerint
2837 1396 3081 1461 homines,
3113 1393 3300 1447 dabunt
3348 1408 3441 1464 pro
3466 1408 3524 1445 eo

1947 1492 2193 1545 rationem
2213 1486 2518 1556 (MatthJi.
2543 1486 2655 1559 36).
2709 1487 2775 1541 Et
2801 1486 2994 1540 Paulus
3012 1524 3029 1550 ,
3058 1482 3239 1539 Sermo
3269 1482 3524 1536 obscaenas
3560 1530 3561 1533 η
3648 1500 3656 1506 ·

1948 1597 2014 1636 ex
2060 1596 2146 1634 ore
2176 1586 2334 1633 vestro
2360 1595 2460 1632 non
2498 1577 2705 1646 prodeat
2749 1575 2960 1648 (Ephes.
2990 1574 3050 1629 ι.
3092 1573 3205 1646 29).
3248 1570 3526 1640 Quomodo

1951 1678 2128 1725 autem
2158 1668 2317 1724 fuerit
2360 1677 2468 1723 tuta
2496 1667 2612 1722 hate
2635 1666 2832 1737 janua,
2871 1672 2926 1719 et
2970 1673 3216 1718 accurata
3255 1661 3526 1727 custodia,

1948 1763 2074 1817 audi
2101 1763 2262 1817 alium
2293 1761 2555 1816 dicentem
2587 1777 2601 1814 :
2636 1757 2812 1813 Omnis
2848 1757 3072 1812 narratio
3100 1767 3189 1811 tua
3224 1757 3288 1810 sit
3326 1757 3379 1809 in
3424 1756 3529 1824 lege

1956 1851 2199 1907 Altissimi
2224 1849 2412 1922 (Ec-cli.
2438 1848 2494 1904 9.
2523 1849 2639 1919 25).
2675 1848 2730 1904 Si
2771 1847 2911 1903 enim
2937 1846 3185 1901 didiceris
3229 1846 3360 1901 nihil
3386 1844 3528 1912 loqui

1955 1955 2433 2011 supervacaneum,
2460 1937 2553 1994 sed
2581 1937 2877 1993 divinarum
2915 1935 3307 2006 Scripturarnm
3346 1947 3532 1987 narra-

1958 2028 2103 2085 tione
2127 2039 2356 2085 mentem
2386 2039 2439 2084 et
2467 2043 2530 2083 os
2557 2036 2703 2082 tuum
2732 2032 2989 2096 perpetuo
3013 2020 3255 2089 munias,
3281 2021 3383 2076 erit
3410 2034 3535 2074 cns-

1961 2122 2102 2177 todia
2139 2121 2328 2192 quovis
2371 2120 2651 2175 adamante
2691 2118 2874 2173 tutior.
2915 2116 3019 2171 Per
3070 2128 3132 2171 os
3158 2115 3302 2169 enim
3356 2111 3537 2166 nudtzn

1961 2221 2086 2269 sunt
2129 2214 2230 2269 via:
2273 2211 2539 2275 interitus,
2571 2218 2629 2264 ιιι
2656 2206 2866 2280 quando
2911 2206 3028 2276 quis
3069 2205 3321 2260 obsemna
3371 2202 3534 2255 verba

1962 2304 2214 2375 loquitur,
2260 2301 2471 2374 quando
2518 2300 2695 2355 verbis
2735 2295 3044 2353 scurrilibus
3094 2295 3277 2361 utitur,
3325 2289 3537 2363 quando

1963 2410 2151 2450 vanam
2175 2410 2282 2465 pne
2307 2407 2365 2448 se
2390 2393 2483 2447 fert
2506 2392 2750 2463 gloriam,
2774 2387 2986 2461 quando
3003 2401 3063 2442 se
3083 2382 3359 2456 magnifice
3372 2382 3540 2451 jactat

1965 2495 2020 2543 et
2036 2485 2306 2554 gloriatur,
2328 2493 2387 2538 ut
2413 2481 2710 2537 Pharisaaus
2732 2521 2748 2545 ,
2778 2480 2867 2549 qui
2896 2474 3146 2548 quoniam
3172 2472 3252 2529 oui
3274 2486 3370 2528 suo
3396 2470 3540 2525 iores

1968 2590 2075 2631 non
2102 2574 2302 2630 obdidit
2324 2615 2340 2642 ,
2385 2573 2564 2644 paucis
2606 2571 2781 2626 verbis
2817 2581 3160 2639 quacumque
3181 2562 3539 2627 erantriutns,

1969 2668 2132 2723 cﬂ‘usa
2155 2674 2279 2721 sunt
2306 2682 2319 2719 :
2352 2665 2550 2720 ideirco
2574 2659 3014 2733 quemadmodum
3039 2658 3229 2712 domus
3255 2656 3340 2710 cui
3385 2650 3543 2707 nulla:

1970 2767 2152 2815 essent
2191 2758 2356 2824 fores,
2386 2758 2507 2827 quia
2550 2756 2853 2810 thesaurum
2882 2751 2970 2823 qui
2998 2750 3198 2820 positus
3226 2757 3341 2802 erat
3379 2746 3542 2807 intus,

1971 2865 2289 2907 conservare
2317 2864 2424 2904 non
2462 2848 2665 2917 potuit,
2707 2852 2927 2914 repente
2972 2854 3176 2911 pauper
3222 2836 3396 2893 {actus
3442 2840 3544 2890 est.

1972 2940 2261 2998 Considera
2283 2938 2410 2993 mihi
2442 2952 2652 3007 quoque
2681 2935 2842 2989 alium
2864 2974 2880 2998 ,
2909 2932 3000 3003 qui
3025 2937 3242 3002 propter
3262 2924 3546 2996 magniﬁca

1974 3047 2068 3089 sua
2094 3031 2256 3086 verba
2280 3029 2521 3085 similiter
2541 3027 2713 3097 periit.
2747 3025 2888 3080 Dixit
2921 3023 3064 3078 enim
3084 3061 3102 3088 ,
3127 3018 3335 3089 inquit,
3376 3016 3546 3084 Super

1975 3133 2112 3179 astra
2162 3122 2274 3178 caeli
2302 3136 2486 3191 ponam
2517 3119 2685 3173 sedem
2724 3132 2888 3171 meam
2915 3114 3065 3187 (Isai.
3107 3113 3194 3168 M.
3224 3111 3338 3182 15).
3379 3107 3549 3164 Juda-i

1977 3223 2153 3270 autem
2177 3213 2297 3284 quia
2327 3210 2556 3283 proximi
2577 3209 2731 3264 malis
2756 3208 3022 3272 laetantur,
3043 3217 3186 3260 nunc
3206 3201 3425 3273 quidem
3449 3214 3549 3251 au-

1978 3305 2129 3362 diunt
2158 3321 2172 3356 :
2204 3303 2334 3370 Quia
2359 3300 2562 3365 dixisti,
2591 3298 2765 3370 Euge,
2797 3288 2962 3370 factus
2987 3305 3060 3350 est
3102 3303 3159 3349 ut
3192 3293 3398 3362 reliqum
3424 3307 3548 3362 gen-

1980 3407 2052 3453 tes
2071 3396 2235 3451 Israel
2255 3389 2281 3450 ε’
2303 3408 2444 3450 nunc
2468 3402 2643 3449 autem
2668 3392 2874 3461 probris
2889 3391 3242 3453 incessantur,
3270 3395 3549 3457 propterea

1980 3488 2122 3561 quod
2166 3494 2528 3551 murmurant,
2550 3492 2604 3539 et
2630 3483 2812 3539 dicunt
2832 3525 2846 3548 ,
2881 3482 3058 3535 Omnis
3078 3481 3163 3550 qui
3193 3480 3313 3552 facit
3340 3476 3549 3539 malum,

1982 3581 2165 3635 bonum
2197 3593 2370 3632 coram
2417 3575 2635 3631 Domino
2655 3615 2669 3637 .
2695 3574 2804 3644 ipse
2830 3588 3022 3644 quoque
3053 3573 3107 3624 in
3138 3571 3207 3624 eis
3227 3566 3549 3638 complacuit.

1983 3671 2052 3726 Et
2079 3687 2168 3726 nos
2193 3670 2383 3725 alienos
2428 3668 2595 3723 beatos
2621 3666 2870 3733 ducimus,
2898 3673 2945 3718 et
2967 3662 3339 3733 remdt/icautur
3357 3660 3444 3727 qui
3471 3657 3555 3725 {a-

1984 3762 2121 3816 ciunt
2158 3760 2365 3814 scelera.
2427 3758 2545 3813 Non
2605 3772 2716 3811 ecce
2763 3757 2869 3810 hwc
2921 3755 3110 3823 scripta
3161 3759 3277 3806 sunt
3323 3750 3375 3801 in
3428 3746 3555 3799 libro

1985 3851 2241 3922 (Malach.
2287 3850 2342 3904 2.
2372 3849 2459 3903 1⁸1.
2495 3857 2543 3902 et
2583 3847 2637 3901 5.
2680 3846 2806 3916 ιεςγρ
2853 3844 2955 3899 Alii
2995 3852 3210 3914 propter
3255 3850 3555 3893 murmura-

1986 3945 2220 4009 tionem,
2261 3949 2321 3995 ιιι
2369 3940 2496 3995 dicit
2537 3938 2759 3994 Paulus:
2815 3935 2994 4004 Neque
3042 3945 3407 3986 murmuremus
3431 3931 3557 3981 sicut

1987 4032 2219 4089 nonnulli
2260 4046 2434 4086 eorum
2457 4035 2835 4083 murmurarnnt
2853 4067 2868 4092 ,
2899 4034 2943 4079 et
2966 4025 3216 4094 perierunt
3239 4019 3301 4074 ab
3327 4019 3558 4073 exter-mi.

1988 4134 2163 4180 notore
2193 4122 2280 4195 (1.
2324 4119 2444 4177 Cor.
2489 4119 2576 4175 10.
2604 4119 2729 4188 10).
2770 4118 2837 4172 Ει
2870 4116 3081 4186 quando
3129 4110 3557 4168 murmurarunt‘!

1989 4213 2210 4282 Quando
2233 4207 2761 4267 dieebant:Eduxisti
2786 4221 2877 4260 nos
2910 4213 2965 4258 ut
2989 4204 3237 4258 occideres
3264 4204 3313 4255 in
3342 4201 3555 4265 deserto,

1991 4303 2133 4375 quasi
2155 4317 2257 4356 non
2279 4307 2440 4355 essent
2464 4304 2782 4351 monumenta
2800 4296 2855 4348 in
2879 4292 3107 4364 IEgypto
3123 4291 3314 4365 (Exod.
3335 4290 3422 4345 14.
3448 4289 3556 4359 ll)‘.

1993 4395 2098 4451 Alii
2137 4401 2354 4466 propter
2377 4385 3063 4459 ludum,quemadmodum
3105 4384 3267 4450 dicit,
3320 4380 3557 4437 Comede-

1992 4496 2112 4543 runt
2137 4498 2182 4541 et
2202 4487 2461 4550 biberunt,
2504 4491 2552 4537 et
2590 4488 2909 4536 surrexerunt
2949 4476 3016 4531 ad
3053 4475 3325 4531 ludendum
3370 4473 3555 4542 (Exod.

1995 4580 2085 4637 32.
2118 4577 2193 4648 6).
2241 4576 2342 4630 Alii
2373 4583 2589 4644 propter
2617 4570 2920 4626 maledicta.
2964 4566 3144 4623 Omnis
3169 4567 3300 4621 enim
3334 4564 3422 4634 qui
3446 4561 3569 4618 dicit

1997 4668 2148 4740 fratri
2175 4682 2266 4721 suo
2286 4706 2300 4730 ,
2328 4664 2495 4718 Fatue
2513 4703 2528 4729 ,
2559 4678 2674 4716 reus
2695 4661 2787 4715 erit
2804 4659 3001 4731 judicio
3023 4657 3232 4731 (Matth.
3262 4656 3315 4712 5.
3353 4653 3470 4725 η).
3504 4653 3569 4706 Et

1999 4760 2084 4815 bis
2128 4758 2282 4827 longe
2330 4754 2510 4825 plures
2552 4760 2769 4823 propter
2813 4749 2914 4804 alia
2961 4747 3254 4819 perierunt,
3301 4758 3420 4800 cum
3457 4757 3563 4796 non

1997 4848 2370 4910 oustodiissent
2391 4860 2485 4901 ora
2513 4858 2629 4902 sua.

2070 4947 2274 5004 Silentii
2294 4942 2622 5015 intempestivi
2644 4939 2871 5004 malum;
2892 4936 3086 5010 aﬁlictis
3109 4929 3569 4988 condolendum.—-

1999 5038 2148 5108 Quod
2178 5039 2225 5094 si
2245 5039 2325 5094 vis
2351 5037 2533 5091 videre
2573 5032 2857 5089 nonnulios
2880 5028 3040 5084 etiam
3076 5025 3251 5095 perire
3275 5036 3340 5087 ex
3382 5020 3572 5073 intem-

2002 5131 2208 5202 pestivo
2235 5129 2445 5184 silentio
2467 5169 2482 5194 ,
2512 5139 2612 5195 ego
2640 5125 2735 5179 tibl
2763 5118 3058 5177 ostendam.
3089 5114 3149 5170 Si
3174 5112 3314 5167 enim
3334 5149 3349 5175 ,
3377 5108 3567 5179 inquit,

2005 5201 2191 5292 populo
2216 5235 2316 5273 non
2337 5215 2644 5281 distinxeris,
2665 5213 2755 5267 ille
2778 5209 2979 5276 quidem
3021 5205 3261 5260 morietur
3284 5201 3339 5255 in
3367 5207 3570 5270 peccato

2002 5287 2116 5376 suo,
2132 5308 2426 5378 sanguinem
2444 5315 2611 5358 autem
2630 5304 2739 5372 ejus
2757 5317 2784 5354 e
2809 5314 2962 5352 manu
2980 5306 3067 5349 tua
3085 5292 3334 5364 requiram
3360 5287 3568 5360 (Ezech.

2004 5402 2058 5456 5.
2077 5400 2195 5467 9.0).
2223 5398 2374 5451 Alius
2394 5434 2409 5459 ,
2439 5394 2580 5463 quod
2610 5392 2754 5446 nullo
2784 5388 2964 5442 habito
2991 5383 3298 5440 discrimine
3325 5381 3572 5450 loquatur

2005 5506 2125 5547 cum
2153 5466 2416 5557 aliquibus
2434 5526 2449 5550 ,
2471 5492 2526 5539 et
2551 5497 2668 5552 quze
2695 5481 2792 5536 sibi
2813 5477 3012 5532 credita
3032 5482 3155 5530 sunt
3181 5470 3420 5557 edundit.
3454 5466 3570 5541 No-

2010 5582 2095 5636 lite
2115 5624 2128 5647 ,
2161 5552 2364 5649 inquit,
2388 5577 2510 5630 dare
2534 5557 2708 5629 sancta
2732 5565 2957 5633 canibus,
2984 5583 3074 5622 nec
3112 5552 3341 5637 projicite
3366 5578 3572 5633 marga-

2008 5684 2131 5727 ritas
2156 5681 2339 5726 vestras
2365 5677 2480 5722 ante
2511 5680 2690 5736 porcos
2723 5660 2933 5734 (Matth.
2978 5660 3031 5714 7.
3062 5658 3138 5729 6).
3175 5657 3320 5712 Alius
3361 5662 3574 5725 preptcr

2016 5766 2212 5832 risum,
2236 5771 2287 5817 ct
2328 5760 2449 5818 ideo
2477 5760 2641 5816 dicit:
2681 5757 2767 5813 Va:
2793 5755 2926 5812 vobis
2963 5755 3048 5825 qui
3092 5749 3288 5816 ridetis,
3339 5745 3579 5817 quoniam
