4068 6270
565 375 670 433 455

565 487 750 558 flebitis
778 485 927 558 (Luc.
955 485 1010 540 6.
1031 484 1149 549 25).
1177 481 1364 538 Vidisti
1387 479 1652 551 quomodo
1675 495 1736 534 os
1763 480 1985 549 perdat?
2018 477 2149 533 Vide

565 580 729 634 etiam
777 587 962 633 contra
1011 575 1278 646 quomodo
1306 589 1367 628 os
1391 583 1689 628 conservet.
1730 574 1916 627 Vidisti
1967 572 2154 626 Phari-

569 685 735 724 smnm
786 684 880 738 per
909 669 1080 737 ipsum
1111 665 1462 736 pereuntem?
1505 665 1631 718 Vide
1673 665 2010 734 publicanum
2057 679 2153 733 per

571 761 744 826 ipsum
783 765 1177 812 conservatum.
1230 754 1417 808 Vidisti
1446 755 1733 824 gloriosum
1783 769 1847 808 ac
1890 755 2151 824 magnilo-

572 865 734 918 quum
780 849 1062 904 barbarum
1090 862 1276 918 paruas
1323 846 1581 899 dantem?
1613 844 1745 899 Vide
1783 844 1984 914 justum
2033 859 2152 898 mo-

576 941 761 996 derate
789 940 1094 1010 loquentem
1115 948 1170 992 et
1189 938 1482 999 dicentem,
1518 935 1626 1006 Ego
1646 952 1758 991 sum
1789 945 1922 989 terra
1959 946 2005 989 et
2027 935 2154 989 cinis

573 1032 722 1102 (Gen.
756 1032 841 1088 18.
895 1033 1012 1103 27).
1041 1030 1230 1085 Vidisti
1278 1044 1400 1084 eum
1430 1028 1518 1097 qui
1563 1027 1770 1082 hctatur
1807 1035 1862 1081 et
1905 1026 2151 1090 insultat,

573 1121 888 1193 reprehendi
915 1133 968 1176 et
1007 1120 1212 1191 puniri?
1242 1117 1371 1172 Vide
1399 1133 1522 1171 eum
1562 1117 1653 1186 qui
1695 1117 1997 1180 miseretur,
2040 1128 2155 1168 ser-

571 1217 704 1269 vari.
735 1213 817 1268 Da
837 1214 979 1269 enim
1003 1253 1018 1278 ,
1049 1212 1252 1282 inquit,
1272 1212 1473 1282 signum
1501 1225 1654 1279 super
1679 1209 1843 1262 vultus
1868 1223 2042 1262 eorum
2067 1207 2153 1277 qui

571 1307 743 1378 lugent
769 1315 814 1360 et
844 1322 1062 1359 mterore
1084 1304 1370 1374 afﬁciuntur
1407 1302 1634 1373 (Ezeclt.
1665 1300 1720 1356 9.
1771 1301 1847 1370 4).
1896 1300 2152 1367 Quocirca

574 1400 770 1453 Paulus
795 1413 1007 1468 quoque
1031 1397 1275 1461 dicebat,
1316 1394 1547 1448 Gaudere
1587 1410 1701 1447 cum
1730 1392 2078 1462 gaudentibus,
2109 1399 2155 1444 et

569 1493 692 1560 ﬂere
710 1507 824 1544 cum
837 1489 1069 1560 flentibus
1093 1488 1266 1560 (Rom.
1297 1487 1381 1542 12.
1414 1485 1525 1554 15).
1551 1484 1605 1539 Si
1633 1483 1785 1550 nihil,
1806 1483 1993 1552 inquit,
2013 1482 2153 1535 aliud

573 1591 724 1650 potes
744 1623 759 1648 ,
787 1596 892 1636 non
919 1595 1105 1650 parum
1131 1579 1178 1634 ei
1209 1578 1297 1648 qui
1323 1576 1510 1632 dolore
1539 1574 1785 1639 allicitur,
1819 1571 2084 1636 conleres,
2109 1571 2155 1624 si

570 1688 673 1727 una
702 1687 824 1727 cum
850 1686 916 1726 eo
949 1671 1064 1742 ejus
1095 1671 1263 1725 vicem
1299 1669 1501 1724 doleas.
1524 1666 1714 1720 Vidisti
1748 1680 1870 1719 eum
1899 1663 1988 1733 qui
2014 1663 2154 1717 ride-

573 1765 665 1818 bat
685 1806 700 1828 ,
733 1763 878 1818 ﬂetui
904 1777 1027 1817 esse
1057 1761 1345 1816 traditum?
1379 1759 1513 1814 Vide
1541 1773 1662 1813 eum
1693 1758 1782 1828 qui
1808 1756 1981 1825 luget,
2011 1770 2157 1808 asse-

572 1866 794 1926 quutum
823 1869 942 1910 esse
971 1853 1410 1908 consolationem.
1458 1849 1604 1904 Beati
1630 1851 1772 1905 enim
1817 1849 1905 1918 qui
1951 1848 2151 1918 lugent,

575 1948 778 2016 inquit,
808 1946 1049 2016 quoniam
1085 1945 1186 2015 ipsi
1224 1943 1615 1998 consolationem
1653 1941 1898 2016 accipient
1940 1937 2153 2008 (Matth.

575 2037 627 2092 5.
660 2037 736 2108 5).
765 2036 955 2091 Vidisti
981 2051 1073 2090 eos
1102 2036 1188 2105 qui
1231 2041 1594 2098 murmurant,
1624 2031 1869 2101 punitos?
1898 2029 2030 2084 Vide
2059 2043 2153 2084 eos

574 2128 662 2198 qui
689 2128 886 2198 gratias
911 2137 1106 2198 agunt,
1151 2134 1411 2181 servatos.
1440 2123 1736 2178 Benedictus
1781 2139 1862 2188 es,
1915 2120 2152 2186 Domine,

577 2229 624 2272 et
652 2219 909 2274 laudabile
953 2236 1134 2273 nomen
1173 2228 1316 2272 tuum
1339 2259 1354 2282 ,
1407 2218 1644 2288 quoniam
1678 2217 1852 2286 justus
1879 2232 1934 2270 es
1959 2216 2013 2268 in
2041 2232 2153 2268 om-

573 2310 740 2378 nibus,
771 2326 883 2380 qua
925 2310 1087 2380 fecisti
1133 2310 1276 2363 nobis
1319 2307 1478 2380 (Dan.
1507 2308 1559 2362 5.
1609 2306 1701 2360 26.
1742 2305 1858 2376 27).
1892 2305 1959 2359 Et
1998 2305 2156 2376 paulo

577 2411 726 2472 post,
759 2400 946 2456 Omnia
972 2418 1294 2472 quietumque
1316 2401 1561 2456 induxisti
1589 2400 1730 2454 nobis
1750 2441 1764 2461 ,
1792 2399 1845 2452 in
1873 2415 1989 2452 tero
2014 2398 2155 2466 iudi-

572 2493 651 2546 ιὶο
679 2493 839 2564 feciin
868 2491 1025 2564 (Ibid.
1051 2510 1099 2546 υ.
1129 2493 1244 2561 28).
1277 2491 1352 2546 llli
1383 2491 1665 2554 dicebant,
1698 2489 1877 2543 Omnis
1906 2490 1992 2560 qui
2033 2488 2156 2558 facit

574 2585 786 2650 malum,
827 2584 1011 2637 bonum
1057 2599 1228 2637 coram
1271 2581 1490 2636 Domino
1535 2580 1787 2652 (Malae/1.
1834 2580 1889 2634 2.
1931 2580 2019 2648 17)
2057 2599 2069 2633 :
2101 2579 2154 2634 hi

573 2682 758 2728 contra
778 2715 792 2738 ,
817 2673 1041 2728 Mundus
1069 2674 1244 2728 oculus
1273 2683 1416 2737 tuus,
1438 2681 1492 2726 ut
1519 2689 1617 2726 non
1639 2671 1806 2726 videat
1827 2672 1962 2726 mala
1987 2671 2152 2740 (llab.

578 2767 628 2821 1.
660 2764 771 2838 15).
815 2765 892 2821 llli
923 2767 1104 2822 beatos
1131 2765 1379 2821 dicebant
1414 2765 1648 2830 alienos,
1681 2765 1930 2834 quoniam
1964 2764 2154 2818 resedi-

575 2860 800 2915 llcantur
844 2858 1099 2914 iacientes
1123 2858 1365 2913 scelera:
1393 2858 1479 2912 hic
1515 2873 1610 2914 eos
1649 2857 1842 2927 quibus
1884 2857 2025 2912 Deus
2056 2856 2155 2911 lert

573 2965 750 3019 opem.
777 2949 964 3004 Beatus
984 2989 998 3014 ,
1045 2949 1242 3017 inquit,
1272 2946 1510 3018 pOpulus,
1540 2948 1686 3018 cujus
1727 2947 1975 3001 Dominus
2017 2945 2156 3000 Deus

572 3044 681 3110 eius
711 3041 882 3113 (Psal.
917 3043 1038 3096 145.
1069 3041 1180 3110 l5).
1211 3040 1279 3094 Et
1301 3055 1509 3106 rursus,
1530 3097 1538 3106 ,
1559 3039 1686 3094 Noli
1713 3039 1941 3094 winulari
1970 3040 2020 3093 in
2049 3056 2156 3092 ma-

576 3135 885 3206 lignantibus
905 3151 924 3188 :
949 3150 1104 3205 neque
1120 3134 1360 3188 zclaveris
1385 3135 1622 3204 facientes
1645 3133 1958 3202 iniquitatem
1980 3131 2152 3203 (Psal.

574 3228 662 3282 56.
699 3227 775 3294 1).
809 3227 994 3282 Vidisti
1023 3234 1236 3282 sanctos
1259 3226 1350 3296 qui
1376 3224 1512 3280 alios
1554 3224 1924 3287 adhortantur,
1949 3232 2004 3278 ct
2055 3224 2154 3292 ipsi

578 3328 796 3372 manent
822 3318 1120 3374 immobiles
1149 3319 1200 3373 in
1232 3315 1649 3372 tentationihus?
1677 3317 1813 3371 Audi
1859 3317 2034 3386 itaque
2057 3315 2155 3370 Ja-

575 3409 677 3462 cob
718 3409 982 3463 dicentem
1003 3449 1018 3473 ,
1043 3407 1105 3462 Si
1129 3407 1319 3462 dederit
1341 3407 1464 3460 mihi
1484 3406 1730 3461 Dominus
1759 3414 1941 3477 panem
1961 3407 2029 3459 ad
2048 3423 2156 3461 ves-

574 3499 810 3565 cendum,
837 3508 884 3552 et
912 3508 1092 3553 vestem
1132 3499 1201 3552 ad
1238 3499 1549 3553 induendum
1603 3497 1754 3569 (Gen.
1794 3498 1884 3554 28.
1926 3498 2041 3569 20).
2089 3498 2156 3554 Et

578 3589 864 3653 Abraham,
897 3587 1016 3642 Non
1040 3590 1287 3662 accipiam
1307 3607 1338 3642 a
1363 3599 1411 3645 te
1429 3606 1490 3643 es:
1509 3589 1597 3657 ﬁlo
1620 3605 1775 3658 usque
1793 3589 1862 3642 ad
1885 3591 2156 3660 corrigiam

575 3678 900 3732 calceamenti
921 3676 1070 3749 (Gen.
1106 3680 1192 3734 14.
1220 3679 1334 3746 25).
1365 3680 1530 3734 Porro
1552 3678 1764 3748 quando
1783 3689 2022 3750 stuprum
2039 3688 2156 3734 erat

577 3768 728 3822 uxori
755 3767 1122 3835 inferendum,
1165 3777 1219 3822 et
1257 3768 1393 3824 {ante
1425 3768 1780 3838 premebatur,
1823 3769 1952 3822 nihil
1994 3783 2156 3838 grave

575 3867 666 3913 aut
707 3859 995 3914 absurdum
1031 3860 1283 3930 loquutus
1329 3870 1435 3915 est.
1484 3859 1552 3914 Et
1578 3861 1791 3930 quando
1819 3859 1952 3915 dixit
1980 3860 2153 3927 illius,

578 3947 752 4014 Pater,
777 3966 891 4004 ecce
918 3950 1057 4021 ligna
1077 3961 1124 4004 et
1148 3950 1332 4021 ignem,
1359 3950 1443 4003 ubi
1461 3951 1566 4004 ovis
1593 3949 1744 4020 (Gen.
1790 3950 1881 4005 22.
1915 3949 2005 4024 7)?
2034 3951 2156 4006 vide

575 4056 697 4094 cum
735 4050 930 4110 quanta
961 4040 1365 4096 mansuetudine
1391 4051 1445 4096 et
1469 4041 1728 4110 sapientia
1754 4042 2032 4111 respondet
2059 4081 2074 4108 ,
2102 4049 2159 4097 et

576 4135 741 4188 dicit:
789 4133 1077 4188 Providebit
1118 4134 1341 4203 sibiipsi,
1377 4135 1577 4203 inquit,
1608 4151 1748 4188 ovem
1799 4134 1956 4198 Deus,
2003 4151 2035 4188 o
2081 4136 2158 4202 ﬁli

577 4224 739 4294 (Ibid.
771 4241 820 4278 υ.
858 4224 959 4295 8):
1000 4240 1098 4280 nec
1121 4241 1152 4280 a
1181 4234 1399 4291 natura,
1457 4240 1556 4280 nec
1610 4239 1642 4280 a
1695 4227 2158 4282 commiseratione

577 4329 868 4369 conversus
918 4315 984 4369 ad
1031 4315 1189 4370 verba
1238 4315 1364 4382 lilii,
1414 4331 1533 4386 qua:
1559 4316 1705 4371 solus
1745 4317 1844 4370 soli
1897 4315 2156 4382 faciebat,

577 4405 791 4473 quando
819 4415 1234 4461 consentaneum
1264 4417 1378 4461 crat
1400 4423 1638 4463 amorem
1664 4407 2030 4464 vehementius
2066 4424 2159 4464 ac-

583 4497 738 4550 cendi
762 4497 799 4550 ¹.
828 4497 904 4552 Ne
931 4498 1051 4568 quis
1079 4499 1220 4552 enim
1261 4500 1402 4554 dicat
1426 4515 1548 4555 eum
1577 4501 1712 4555 alios
1737 4501 2022 4556 reveritum
2053 4518 2158 4557 non

585 4587 821 4655 ﬂevisse,
851 4591 919 4643 ab
948 4590 1049 4644 illis
1077 4600 1313 4646 semotus
1357 4601 1410 4647 et
1439 4591 1585 4647 solus
1621 4593 1856 4648 ostendit
1898 4609 2159 4648 summam

582 4677 992 4749 philosotthiam.

657 4767 710 4824 6.
753 4766 942 4823 Vidisti
970 4783 1064 4822 eos
1097 4771 1185 4838 qui
1214 4780 1430 4841 propter
1455 4772 1618 4827 risum
1642 4775 1880 4844 castigati
1917 4774 2162 4831 luerunt?

586 4860 720 4915 Vide
742 4875 834 4916 eos
862 4861 950 4931 qui
976 4876 1070 4930 per
1094 4861 1250 4916 ﬂetus
1280 4872 1333 4918 et
1351 4864 1554 4933 jejuuia
1578 4876 1876 4933 servantur,
1904 4868 2164 4924 Ninivitas

582 4960 761 5006 mente
801 4952 1007 5021 agitans
1043 4949 1193 5020 (Jan.
1234 4954 1312 5022 5).
1345 4953 1532 5008 Vidisti
1561 4969 1653 5010 eos
1672 4956 1760 5025 qui
1802 4966 2019 5026 prepter
2052 4975 2165 5013 ma-

586 5043 776 5100 ledicta
801 5042 930 5096 dant
959 5044 1186 5112 pinnas?
1228 5043 1362 5100 Vide
1402 5059 1498 5100 eos
1525 5046 1612 5115 qui
1651 5055 1866 5114 propter
1908 5049 2165 5106 laudatio-

585 5152 708 5193 nem
737 5135 1038 5213 mercedem
1067 5137 1351 5207 accipiunt.
1374 5137 1474 5203 Qui
1497 5147 1544 5191 te
1565 5139 1828 5205 benedicit,
1849 5139 2166 5198 benedictus:

581 5239 629 5282 et
660 5228 747 5298 qui
775 5237 821 5282 te
846 5238 1151 5291 arsecratur,
1175 5228 1472 5283 maledictus
1510 5227 1699 5298 (Num.
1729 5229 1820 5284 24.
1843 5229 1919 5301 9).
1951 5231 2167 5286 Benedi-

581 5322 678 5374 cile
705 5321 772 5374 iis
809 5320 895 5390 qui
931 5335 1016 5374 vos
1045 5329 1410 5391 persequuntur
1447 5338 1466 5376 :
1521 5329 1658 5375 orate
1685 5338 1776 5389 pro
1825 5323 1887 5377 iis
1915 5324 2007 5391 qui
2029 5324 2164 5379 vobi.

587 5412 848 5477 insultant,
875 5421 930 5465 ut
957 5411 1066 5467 sitis
1103 5411 1292 5467 similes
1338 5410 1511 5466 Patris
1539 5413 1686 5468 vestri
1723 5413 1806 5484 qui
1830 5424 1904 5468 est
1949 5415 2001 5468 in
2029 5416 2173 5470 ca-lts

652 5587 666 5617 ι
702 5585 899 5652 Quidam
923 5591 1029 5635 uss.
1054 5587 1124 5636 sic
1144 5587 1364 5637 habent:
1398 5585 1667 5652 Kideillum
1683 5601 1792 5640 cum
1806 5590 2168 5652 mansuetudine

587 5652 634 5721 ςι
656 5646 892 5721 sapientia
911 5652 1306 5721 respam'tcn‘tem;
1333 5655 1393 5720 et.
1410 5648 1539 5721 illud
1555 5663 1642 5721 per
1662 5659 1759 5721 tres
1783 5651 1886 5701 dies
1908 5665 1966 5721 ac
1987 5660 2165 5721 noctes,

588 5706 637 5754 in
666 5705 837 5775 quibus
877 5705 1003 5775 solus'
1040 5708 1128 5757 soli
1165 5707 1266 5771 ﬁlia
1290 5705 1583 5762 ’ξ
1607 5711 1676 5764 ita
1707 5719 1757 5763 ut
1788 5713 2002 5764 maxime
2022 5705 2168 5765 etiam

587 5779 722 5817 altior
748 5768 945 5816 vitaliter
967 5777 1108 5818 esset.

1334 365 1392 423 S.
1429 367 1702 424 JOANNIS
1734 364 2205 424 CHRYSOSTOMI
2244 363 2559 419 ARClIIEP.
2601 364 3128 420 CONSTANTINOP.
3709 375 3786 431 456

2261 473 2472 544 (Matth.
2499 475 2552 530 5.
2573 477 2662 530 44.
2681 475 2971 545 ‘5).Vides
2996 476 3139 544 quod
3170 491 3336 546 neque
3361 489 3590 546 oporteat
3611 488 3786 539 omnim

2257 577 2380 618 esse
2417 565 2677 630 clausura,
2722 581 2894 635 neque
2936 575 3176 637 apertum
3217 566 3282 620 ad
3329 569 3520 634 omnia,
3559 572 3644 626 sed
3680 578 3786 631 scire

2260 656 2676 724 uniuscujusque
2699 656 2944 726 tempus?
2981 655 3108 710 Haec
3137 665 3311 711 autem
3340 673 3460 712 cum
3504 662 3650 715 sciret
3687 680 3782 733 pro-

2261 747 2438 815 pheta,
2485 746 2641 812 dixit,
2689 746 2856 813 Pone,
2902 746 3138 815 Domine,
3184 750 3462 802 custodiam
3503 753 3576 805 ori
3609 770 3718 818 meo,
3752 768 3788 810 et

2258 837 2444 890 ostium
2467 839 2861 893 circumstantia
2879 840 3026 892 labiis
3048 841 3191 893 meis.
3214 840 3462 905 anenam
3483 853 3642 897 autem
3668 846 3788 902 lmzrit

2258 931 2520 1000 custodia,
2547 935 2648 989 nisi
2678 936 2926 1005 cogitatio
2951 952 3070 1006 quae
3097 948 3247 1007 urget
3273 939 3586 1003 terribiliter,
3626 941 3786 997 [labem

2260 1041 2370 1094 pra:
2397 1027 2642 1082 manibus
2678 1029 2852 1098 ignem
2883 1045 2980 1084 eos
3009 1041 3271 1096 usturum,
3293 1032 3380 1102 qui
3408 1048 3497 1087 ore
3526 1043 3700 1090 temere
3726 1039 3786 1091 usi

2260 1115 2498 1171 fuerint?
2551 1118 2687 1173 Eum
2717 1120 2911 1176 adhibe
2933 1121 3219 1191 janitorem
3249 1134 3304 1178 ct
3346 1124 3608 1179 custodem
3653 1127 3787 1184 inte".

2264 1217 2462 1262 tantem
2489 1209 2664 1264 minas
2685 1212 3048 1277 conscientim,
3078 1222 3134 1267 et
3159 1213 3297 1268 hanc
3322 1224 3521 1283 portam
3550 1232 3784 1287 numquam

2263 1299 2634 1369 intempestive
2679 1303 2900 1372 aperiet,
2928 1303 3021 1358 sed
3069 1306 3405 1374 tempestive,
3433 1315 3483 1361 et
3515 1318 3704 1377 propter
3723 1309 3786 1363 lu-

2261 1404 2432 1452 crum,
2463 1399 2520 1444 et
2545 1390 2682 1445 bona
2733 1392 3029 1447 innumera.
3061 1395 3320 1460 Quocirca
3370 1395 3500 1450 dixit
3538 1398 3782 1466 quispiam:

2262 1481 2477 1551 Semper
2518 1500 2796 1538 memorare
2838 1487 3106 1539 novissima
3145 1495 3254 1551 tua,
3286 1497 3333 1540 et
3360 1489 3413 1540 in
3455 1499 3674 1542 teternum
3710 1507 3785 1543 non

2264 1574 2490 1642 peccabis
2517 1574 2708 1637 (Eccli.
2742 1576 2792 1629 7.
2823 1577 2933 1647 40).
2969 1577 3155 1632 Vidisti
3186 1578 3455 1648 quomodo
3502 1577 3582 1633 hic
3619 1596 3786 1651 quoque

2263 1664 2401 1719 hanc
2451 1665 2662 1735 praefert
2684 1668 3106 1737 cogitationem?
3148 1670 3261 1740 Ego
3310 1687 3436 1725 vero
3487 1672 3638 1742 ipsam
3663 1673 3784 1726 etiam

2262 1755 2360 1810 ieci
2412 1758 2803 1825 terribiliorem,
2838 1776 2943 1815 non
2975 1761 3149 1815 solum
3201 1763 3254 1816 in
3307 1772 3495 1830 morte,
3539 1765 3624 1818 sed
3664 1765 3785 1820 etiam

2261 1854 2384 1915 post
2407 1857 2654 1912 mortem,
2685 1864 2804 1904 cum
2834 1849 2940 1904 dixi
2971 1867 3092 1905 eum
3124 1851 3326 1907 habere
3365 1867 3472 1922 pra:
3499 1854 3725 1909 manibus.
3744 1853 3785 1909 Si

2263 1935 2366 1990 hoc
2387 1937 2454 1990 ita
2485 1939 2574 2002 sit,
2610 1939 2738 1992 nihil
2762 1940 2883 1993 mali
2918 1941 3152 2010 parietur
3182 1943 3234 1996 in
3257 1943 3454 1996 animo.

2337 2026 2499 2082 Otiosi
2535 2031 2675 2083 uerbi
2694 2031 2953 2085 reddenda
2979 2034 3127 2086 ratio.
3151 2064 3224 2075 —
3253 2035 3387 2089 Cum
3417 2051 3482 2091 eo
3519 2036 3662 2090 alium
3689 2053 3788 2106 quo-

2261 2133 2365 2187 que
2406 2118 2454 2174 ei
2483 2135 2713 2189 appone,
2741 2124 2828 2191 qui
2854 2122 3032 2177 dicat:
3063 2124 3251 2180 Omnis
3278 2127 3426 2181 verbi
3456 2127 3600 2181 otiosi
3638 2127 3787 2182 reddes

2263 2211 2521 2265 rationem
2557 2211 2608 2264 in
2633 2212 2721 2266 die
2765 2213 2946 2280 judicii
2994 2213 3204 2285 (Matth.
3236 2217 3324 2270 12.
3359 2217 3466 2287 56).
3493 2219 3658 2289 Cogita
3682 2235 3788 2270 mor-

2264 2307 2372 2354 tem
2392 2317 2603 2371 quoque
2629 2318 2695 2357 ex
2727 2319 2792 2358 eo
2822 2305 3111 2374 ingressam
3151 2322 3295 2362 esse.
3338 2309 3449 2364 Nisi
3489 2311 3617 2364 enim
3643 2311 3788 2363 mulier

2263 2389 2476 2460 loquuta
2499 2402 2641 2446 esset
2666 2408 2788 2446 cum
2811 2404 3060 2464 serpente
3080 2411 3144 2450 eo
3172 2413 3282 2466 quo
3309 2398 3521 2469 loquuta
3548 2407 3622 2455 est
3646 2399 3784 2461 modo,

2263 2482 2363 2536 nisi
2389 2481 2548 2538 verba
2581 2484 2720 2538 illius
2748 2484 3083 2552 admisisset,
3113 2487 3370 2543 damnum
3400 2505 3501 2545 non
3526 2491 3784 2561 accepisset,

2261 2574 2377 2629 viro
2403 2587 2507 2628 non
2538 2573 2791 2642 dedisset,
2827 2575 2916 2630 ille
2967 2593 3069 2631 non
3110 2579 3454 2635 comedisset.
3498 2581 3611 2635 llicc
3650 2589 3785 2634 autem

2261 2663 2401 2729 dico,
2430 2678 2535 2719 non
2567 2665 2618 2720 in
2647 2682 2707 2721 os
2735 2676 2789 2721 et
2813 2667 3044 2738 linguam
3074 2669 3286 2739 culpam
3317 2671 3612 2727 conferens:
3652 2671 3784 2733 absit;

2261 2757 2354 2812 sed
2379 2759 2430 2812 in
2462 2760 2819 2828 importunum
2843 2775 3027 2816 eorum
3059 2778 3236 2828 usum,
3266 2765 3353 2834 qui
3393 2781 3455 2819 ex
3499 2764 3696 2819 rationis
3715 2779 3786 2817 nc-

2259 2850 2510 2921 gligentia
2552 2853 2736 2908 oritur.
2778 2853 2874 2908 Est
2899 2856 3056 2910 etiam
3099 2857 3200 2910 alia
3233 2857 3316 2912 via
3347 2859 3597 2923 interitus,
3623 2874 3721 2927 qua:
3738 2872 3787 2910 cx

2261 2957 2356 2998 ore
2399 2943 2778 3013 proﬁciscitur,
2812 2947 3026 3016 quando
3072 2959 3195 3003 sunt
3251 2951 3422 3021 turpia
3469 2962 3521 3006 et
3566 2946 3787 3005 immunda

2260 3037 2468 3103 oscula,
2501 3039 2713 3108 quando
2745 3039 2863 3094 licta
2889 3055 2951 3096 ac
2981 3040 3337 3098 fraudulenta.
3359 3045 3448 3099 Eis
3475 3059 3664 3115 quoque
3685 3056 3787 3112 pone

2261 3129 2576 3183 custodiam.
2609 3128 2736 3184 Tale
2780 3141 2894 3185 erat
2940 3132 3090 3188 ludas
3130 3135 3397 3200 osculum,
3424 3135 3541 3190 dolo
3581 3135 3784 3204 plenum:

2260 3219 2354 3273 sed
2394 3235 2500 3274 non
2547 3221 2651 3275 tale
2702 3221 2848 3276 Pauli
2876 3225 3136 3290 Osculum,
3167 3241 3278 3295 quo
3313 3227 3469 3296 jussit
3511 3241 3565 3280 se
3607 3224 3784 3279 invicem

2260 3311 2522 3379 osculari,
2545 3311 2761 3366 dicens:
2796 3313 3029 3368 Salutate
3053 3331 3138 3368 vos
3165 3315 3375 3370 inuicem
3404 3316 3452 3370 in
3478 3315 3634 3372 osculo
3653 3322 3786 3367 sancto

2261 3398 2340 3468 (2.
2366 3399 2486 3454 Cor.
2532 3402 2620 3456 15.
2652 3401 2775 3473 12);
2804 3403 3252 3473 quemadmodum
3293 3422 3392 3462 nec
3429 3406 3647 3460 osculum
3677 3401 3786 3472 quod

2260 3490 2505 3546 Jonathm
2534 3493 2733 3561 przebet
2760 3493 2944 3561 David,
2975 3496 3068 3550 sed
3103 3506 3346 3552 sanctum
3382 3509 3434 3554 et
3463 3497 3728 3559 honestum,
3747 3501 3786 3546 el

2260 3583 2464 3642 sincera
2505 3584 2790 3641 dilectione
2837 3586 3051 3657 plenum
3092 3590 3169 3658 (l.
3206 3589 3337 3662 Reg.
3380 3591 3466 3646 20.
3509 3591 3624 3660 ll);
3648 3587 3786 3656 cujus

2261 3672 2406 3727 modi
2451 3675 2610 3728 etiam
2662 3674 2758 3729 luit
2787 3691 2972 3731 eorum
3003 3679 3091 3748 qui
3123 3679 3174 3734 in
3225 3681 3374 3735 Pauli
3403 3682 3586 3736 collum
3623 3677 3787 3733 cecide-

2262 3773 2406 3832 runt,
2451 3774 2504 3820 et
2541 3781 2662 3822 eum
2707 3770 2936 3838 amplexi
2971 3771 3370 3829 osculabantur.
3412 3773 3478 3829 Et
3519 3772 3627 3828 ideo
3662 3771 3786 3825 dicit:

2263 3853 2442 3921 Pone,
2495 3853 2740 3923 Domine,
2772 3860 3050 3914 custodiam
3100 3863 3178 3916 ori
3230 3881 3366 3932 risco,
3400 3875 3446 3919 et
3481 3866 3646 3918 ostium
3686 3859 3786 3931 (Act.

2259 3944 2351 4000 20.
2402 3947 2546 4018 57);
2589 3963 2693 4002 non
2736 3949 2977 4006 absolute
3015 3963 3193 4020 autem
3237 3953 3461 4020 Ostium,
3511 3953 3596 4009 sed
3635 3951 3788 4006 Ostium

2261 4038 2648 4094 circumstantiae
2681 4041 2905 4108 addidit,
2937 4053 2994 4098 ut
3023 4046 3334 4102 universum
3361 4048 3612 4104 contineat
3633 4055 3678 4100 ct
3699 4058 3786 4096 Inu-

2263 4128 2394 4182 niat.
2424 4129 2540 4184 Jam
2582 4146 2711 4186 vero
2737 4143 2820 4187 est
2859 4135 3019 4189 etiam
3063 4135 3204 4192 aliud
3233 4152 3404 4208 genus
3432 4139 3570 4194 exitii
3608 4152 3690 4208 per
3711 4135 3786 4187 lin-

2263 4233 2440 4287 gnam,
2465 4234 2658 4292 nempe
2685 4222 2884 4288 dicere,
2916 4225 3024 4279 Cur
3053 4224 3153 4280 hoc
3181 4227 3249 4280 ita
3303 4230 3428 4283 est?
3468 4227 3530 4282 ad
3567 4225 3675 4298 quid
3714 4223 3787 4275 hoc

2265 4307 2458 4365 factum
2507 4313 2631 4365 est?
2677 4312 2934 4380 Quocirca
2978 4315 3170 4370 Paulus
3194 4333 3291 4373 eos
3332 4335 3564 4390 carpens,
3589 4317 3665 4386 qui
3703 4314 3786 4366 hac

2265 4398 2656 4455 inconsiderate
2709 4402 3038 4473 loquuntur:
3082 4405 3460 4472 Verumtamen,
3485 4426 3532 4468 ,ο
3573 4410 3714 4465 homo.
3749 4412 3787 4453 lu

2263 4489 2374 4558 quis
2403 4505 2456 4544 es
2483 4492 2570 4561 qui
2592 4494 2896 4560 respondeas
2922 4493 3030 4549 Deo
3058 4497 3230 4567 (Rom.
3261 4500 3318 4556 9.
3348 4500 3475 4570 20)?
3502 4499 3786 4564 Nouoporlel

2265 4590 2440 4634 autem
2470 4595 2531 4634 os
2557 4582 2726 4636 solum
2752 4586 3041 4652 custodire,
3068 4589 3158 4642 sed
3192 4602 3421 4644 menth
3439 4593 3586 4645 etiam
3610 4595 3711 4641 ante
3723 4597 3782 4636 as.

2267 4669 2520 4737 Quocirca
2549 4672 2757 4727 diccbat
2781 4675 2940 4729 etiam
2971 4677 3228 4746 quiSpiam
3258 4697 3271 4732 :
3309 4681 3431 4745 Quis
3468 4680 3596 4734 dat-it
3619 4679 3663 4728 in
3682 4669 3784 4740 cogi-

2267 4763 2455 4816 tatione
2480 4781 2589 4818 mea
2619 4766 2845 4836 flagella,
2873 4776 2927 4819 ut
2975 4770 3274 4837 ignorantiis
3322 4773 3439 4824 meis
3483 4787 3575 4823 non
3619 4770 3782 4837 parcam

2271 4850 2456 4922 (Ercli.
2489 4851 2576 4908 25.
2605 4853 2698 4924 2)?
2723 4854 2982 4921 Quocirca
3006 4857 3248 4915 Christus
3277 4876 3480 4930 quoque
3523 4861 3646 4912 intus
3683 4851 3783 4907 tolli!

2271 4944 2414 5012 ipsas
2437 4945 2604 4999 malas
2632 4946 2999 5014 cogitationes.
3025 4949 3206 5004 dicens
3239 4969 3252 5004 :
3305 4951 3404 5018 Qui
3439 4950 3618 5019 aspexit
3646 4941 3783 4996 uindic-
3810 4990 3818 4996 .

2270 5050 2376 5087 rem
2399 5035 2468 5087 ad
2489 5037 2958 5106 concupiscendum,
2968 5041 3080 5109 jam
3109 5043 3379 5094 nime/ratus
3397 5052 3466 5094 est
3490 5056 3590 5093 eam
3617 5033 3780 5105 (Matth.

2271 5126 2325 5180 5.
2355 5127 2470 5197 28).
2509 5127 2666 5181 Vides
2693 5130 2962 5198 quomodo
2991 5146 3098 5184 non
3146 5132 3270 5186 sinit
3297 5147 3388 5188 eas
3439 5129 3690 5202 pullulare,
3712 5132 3781 5174 nec

2273 5218 2480 5272 initium
2507 5235 2720 5275 sumere
2746 5221 3110 5290 cupiditatem,
3141 5239 3241 5280 nec
3279 5225 3449 5279 iram?
3487 5224 3580 5290 Qui
3600 5217 3783 5274 imscil-‘tl

2270 5311 2436 5374 enim,
2475 5312 2662 5380 inquit,
2691 5315 2840 5384 fratri
2864 5331 2977 5380 suo,
3005 5333 3120 5370 reus
3144 5319 3237 5372 erit
3266 5318 3496 5388 gelienmz
3521 5314 3637 5386 ignis
3661 5304 3780 5379 (Ibid-

2271 5415 2320 5454 υ-
2337 5401 2449 5465 22)-
2469 5401 2582 5455 Non
2605 5417 2788 5471 parum
2804 5420 3014 5475 quoque
3029 5409 3274 5463 conducit
3289 5407 3353 5462 ad
3370 5407 3693 5461 securitatem.
3706 5409 3781 5447 ιιοιι

2272 5493 2494 5547 multum
2518 5494 2689 5562 loqui:
2716 5504 2771 5550 et
2791 5495 2909 5550 ideo
2932 5497 3078 5563 dicit,
3099 5497 3164 5552 In
3184 5499 3489 5568 maltiloqaio
3509 5511 3598 5548 non
3620 5484 3782 5555 εΙΪκθία

2272 5592 2528 5654 peccatum
2548 5599 2568 5636 :
2599 5601 2807 5654 parcens
2827 5597 2994 5641 autem
3019 5588 3183 5655 labiis,
3223 5591 3311 5644 erit
3348 5587 3610 5655 intelligens
3643 5577 3781 5646 (Ρΐονο

2280 5675 2366 5730 10.
2398 5673 2509 5745 19).
2541 5675 2596 5729 4.
2642 5675 2760 5730 Νοη
2787 5678 3004 5734 declines
3034 5698 3121 5735 cor
3160 5697 3323 5736 meum
3361 5680 3409 5733 in
3439 5676 3575 5732 verba
3601 5667 3780 5757 malitia.

2272 5768 2342 5823 ad
2367 5765 2682 5822 excusandas
2718 5773 3059 5826 excusationes
3087 5775 3138 5828 in
3173 5773 3401 5845 peccatis.
3443 5768 3595 5833 Alius,
3636 5758 3702 5814 Νι
3719 5754 3778 5804 ἀέ-
