4012 6280
417 378 520 434 ὅδῚ

417 491 622 546 verteris
642 507 730 546 cor
753 505 918 546 meum
943 492 996 545 in
1021 508 1272 547 sermones
1300 494 1458 547 malos
1475 495 1569 564 (7:),
1593 495 1661 547 ad
1684 495 2002 563 cogitandum

415 585 682 639 sceleratas
704 585 1047 654 cogitationes.
1067 583 1173 638 Cur
1201 594 1388 648 autem
1403 600 1528 638 usus
1555 595 1636 640 est
1665 587 1851 641 ordine
1875 601 2002 641 con-

418 674 621 729 trario?
649 681 702 728 et
725 688 845 727 cum
873 674 938 728 de
959 689 1053 729 ore
1081 676 1225 744 prius
1248 683 1389 728 esset
1416 675 1680 743 loquutus,
1712 686 1833 730 tunc
1860 678 2002 730 venit

417 763 480 817 ad
514 763 653 818 eor?
700 762 815 817 Non
845 772 1069 828 temere,
1105 779 1202 818 nec
1227 765 1322 819 abs
1349 781 1405 819 re
1443 765 1542 818 hoc
1569 765 1708 820 facit.
1740 767 2003 834 Quemad-

419 854 636 909 modum
669 858 812 909 enim
841 857 892 908 in
923 856 1145 925 captivis
1167 857 1255 926 qui
1285 858 1466 910 volunt
1489 857 1758 926 aufugero,
1777 859 1864 925 qui
1887 858 2002 926 ejus

416 945 494 999 rei
521 959 704 1000 curam
735 955 948 1014 gerunt,
983 947 1211 1014 primum.
1252 945 1353 1001 hoc
1377 955 1561 1016 agunt,
1594 957 1650 1000 ut
1676 957 1854 1016 portas
1880 963 1998 1002 car-

415 1038 556 1091 ceris
587 1049 980 1107 prmoccupent,
1010 1048 1062 1094 et
1100 1040 1166 1092 ad
1207 1039 1308 1094 hoc
1345 1057 1532 1096 omnes
1573 1043 1801 1095 Studium
1847 1058 2000 1098 suum

415 1127 721 1194 conferunt,
749 1131 871 1182 etsi
907 1130 1006 1183 hoc
1027 1131 1220 1184 factum
1253 1130 1430 1196 fuerit,
1451 1133 1588 1201 quod
1617 1143 1781 1186 restat
1808 1135 2001 1201 poterit

418 1219 572 1272 facile
610 1229 754 1273 recte
791 1219 909 1288 geri
941 1237 954 1273 :
1001 1221 1070 1273 ita
1112 1221 1272 1275 etiam
1321 1220 1406 1275 hic
1443 1236 1653 1290 quoque
1693 1221 1743 1275 id
1781 1221 1905 1276 facit
1947 1222 1998 1276 in

420 1309 521 1365 hoc
551 1309 690 1375 loco,
711 1320 764 1364 et
797 1324 891 1379 per
912 1325 975 1366 ea
1004 1326 1125 1380 qua:
1155 1313 1363 1375 suadet,
1386 1312 1484 1366 hoc
1512 1328 1674 1382 prope
1699 1313 1858 1368 dicit:
1886 1313 2003 1369 Sint

416 1399 609 1452 claus:e
628 1399 828 1469 januze,
849 1411 901 1453 et
935 1402 1086 1454 make
1113 1402 1461 1472 cogitationes
1486 1404 1590 1457 cito
1616 1405 2002 1474 expugnabun-

419 1499 522 1544 tur.
551 1491 809 1558 Quocirca
840 1507 943 1546 non
984 1493 1051 1548 ab
1090 1494 1238 1548 initio
1264 1495 1476 1565 quidem
1508 1499 1786 1567 permittit,
1819 1506 1876 1552 ut
1903 1514 1999 1553 ex-

421 1581 680 1636 trinsecus
726 1583 1091 1650 ingrediantur
1123 1601 1134 1637 :
1166 1593 1220 1638 et
1249 1586 1442 1638 malam
1465 1587 1717 1641 convellit
1744 1587 1996 1655 radicem,

417 1670 600 1726 dicens
631 1689 644 1725 :
675 1671 794 1725 Non
833 1673 1047 1726 declines
1076 1691 1162 1727 cor
1189 1691 1352 1727 meum
1378 1676 1430 1728 in
1461 1677 1606 1729 verba
1631 1677 1855 1730 malitiae.
1879 1677 1996 1732 Non

415 1761 556 1830 quod
590 1762 728 1816 Deus
756 1760 985 1817 declinet
1011 1779 1023 1815 :
1057 1763 1232 1828 absit;
1261 1764 1353 1819 sed
1383 1765 1523 1834 quod
1554 1767 1680 1821 dicit
1706 1769 1773 1821 ita
1806 1768 1998 1823 intelli-

413 1851 647 1922 gendum
691 1861 773 1906 est
797 1871 810 1906 :
842 1852 919 1907 Ne
947 1855 1090 1908 sinas
1117 1855 1404 1924 declinare,
1431 1871 1501 1912 ne
1540 1859 1682 1913 sinas
1710 1857 1899 1914 diverti
1942 1861 1994 1914 in

418 1943 586 1997 malas
613 1944 984 2014 cogitationes.

485 2035 583 2089 Cor
609 2045 657 2089 et
685 2037 879 2090 virtutis
919 2049 965 2091 et
1011 2038 1116 2091 vitii
1138 2043 1288 2109 fons;
1335 2041 1543 2096 liberum
1568 2043 1865 2110 arbitrium;
1905 2061 1998 2100 ca:-

411 2128 602 2180 cusalio
631 2129 681 2181 in
707 2130 922 2196 peccatis
939 2131 1188 2198 pessima;
1214 2134 1460 2203 confessio
1478 2137 1667 2204 peccati
1685 2135 1895 2190 solutio.
1924 2165 1990 2176 —-

416 2217 563 2272 Illinc
591 2219 733 2272 enim
761 2229 842 2274 est
867 2219 981 2275 fons
1007 2221 1212 2277 virtutis
1244 2233 1297 2277 et
1325 2224 1456 2285 vitii,
1484 2239 1514 2277 a
1557 2225 1716 2280 corde
1771 2241 1984 2296 nempe.

412 2309 665 2375 Quasnam
689 2321 811 2365 sunt
830 2321 1004 2367 autem
1031 2315 1186 2367 verba
1229 2315 1620 2384 improbitatis?
1647 2317 1803 2372 Multa
1833 2327 1887 2373 et
1916 2319 1997 2373 di-

415 2415 585 2456 versa.
605 2401 736 2456 Nam
767 2411 820 2458 et
845 2419 962 2474 quae
1007 2404 1225 2460 insidias
1253 2415 1484 2470 struunt,-
1514 2423 1633 2476 quzc
1672 2409 1834 2462 Deum
1886 2411 1995 2464 cri-

415 2491 684 2546 minantur
707 2535 722 2557 ,
749 2509 867 2563 quae
893 2495 1139 2572 virtutem
1169 2507 1507 2563 aversantur,
1539 2514 1658 2568 quin
1687 2499 1867 2554 vitiant
1899 2515 1986 2554 se-

409 2592 641 2647 ctantur,
670 2600 787 2653 quae
838 2584 905 2640 de
935 2587 1110 2656 pravis
1134 2586 1467 2656 dogmatibus
1513 2597 1568 2644 et
1592 2590 1847 2644 scelerata
1888 2592 1994 2645 vita

413 2673 654 2728 lubenter
702 2675 986 2729 audiuntur
1009 2717 1024 2742 ,
1055 2685 1110 2731 et
1149 2689 1338 2732 caetera
1371 2678 1694 2748 huiusmodi,
1727 2690 1852 2734 sunt
1878 2697 1996 2736 ver-

410 2763 475 2816 ba
531 2765 916 2833 improbitatis,
965 2774 1022 2821 et
1060 2782 1125 2820 ex
1182 2783 1370 2838 magna
1409 2769 1747 2838 improbitate
1803 2787 1994 2841 proce-

409 2855 539 2908 dunt
570 2871 582 2906 :
611 2856 1054 2924 quemadmodum
1099 2867 1276 2913 autem
1312 2869 1436 2914 sunt
1475 2862 1702 2930 cogitata
1749 2872 1804 2917 et
1832 2864 1992 2917 verba

415 2948 779 3016 improbitatis,
811 2951 880 3003 ita
907 2960 1027 3004 sunt
1059 2952 1217 3005 etiam
1247 2952 1404 3006 verba
1430 2952 1571 3006 vice.
1605 2953 1671 3006 Et
1693 2953 1811 3008 ideo
1836 2953 1991 3010 Chri-

415 3049 497 3092 sto
533 3041 770 3094 dicebant
792 3041 1058 3111 discipuli,
1103 3041 1260 3097 Verba
1292 3044 1403 3097 vita:
1455 3054 1660 3098 aeterna:
1716 3045 1868 3100 habes
1895 3063 1913 3100 :
1941 3057 1989 3102 et

409 3130 479 3183 ad
501 3147 642 3199 quem
669 3132 846 3185 ibimus
868 3130 887 3200 (
912 3132 1068 3186 Joan.
1102 3133 1153 3186 6.
1186 3133 1291 3204 69)
1317 3135 1339 3186 ?
1369 3133 1624 3188 Dicuntur
1651 3145 1831 3190 autem
1865 3152 1989 3191 vcr-

408 3220 472 3273 ba
496 3221 636 3286 vitm,
680 3238 798 3290 qua:
818 3224 978 3276 vitam
1027 3224 1262 3291 praebent
1291 3223 1575 3277 :dicuutur
1617 3225 1775 3278 etiam
1829 3226 1990 3281 verba

405 3313 610 3375 salutis,
641 3329 758 3382 qua:
786 3313 1008 3368 salutem
1058 3315 1356 3384 acquirunt.
1401 3315 1655 3382 Quocirca
1701 3317 1828 3371 dicit
1868 3319 1990 3387 qui-

405 3403 527 3456 dam
550 3404 779 3471 sapiens,
815 3403 897 3456 Ne
921 3405 1184 3475 prohibeas
1211 3421 1486 3458 sermonem
1515 3407 1566 3458 in
1588 3415 1808 3476 tempore
1841 3408 1984 3462 saltt-

404 3495 467 3546 tis
489 3494 508 3566 (
534 3493 690 3547 Eccti.
725 3497 777 3549 4.
809 3495 935 3566 28).
970 3495 1140 3550 Verba
1174 3496 1522 3564 improbitatis
1565 3513 1625 3551 ea
1656 3498 1814 3552 etiam
1864 3509 1989 3554 sunt

405 3602 526 3655 qua:
551 3586 750 3642 faciunt
777 3587 1014 3642 dicentes
1042 3589 1332 3656 improbos.

475 3679 526 3730 7.
547 3677 1003 3745 Quemadmodum
1025 3679 1163 3732 enim
1186 3687 1269 3734 est
1283 3694 1377 3733 aer
1397 3681 1648 3748 pestilens
1665 3687 1719 3736 et
1734 3681 1820 3750 qui
1844 3695 1988 3735 mor-

405 3769 500 3824 bos
521 3778 780 3838 procreat,
817 3771 885 3823 ita
915 3771 1074 3823 etiam
1101 3769 1280 3823 verba.
1308 3770 1458 3836 Quod
1507 3780 1684 3825 autem
1731 3771 1854 3825 facit
1899 3772 1986 3826 ille

402 3860 636 3928 corpori,
670 3859 722 3914 id
774 3861 871 3914 ista
925 3859 1122 3914 faciunt
1159 3860 1370 3926 animat,
1408 3875 1525 3928 qua:
1579 3861 1691 3929 ipsa
1742 3863 1981 3931 suscipit.

403 3949 529 4003 Orat
557 3966 683 4019 ergo
704 3965 798 4019 per
817 3966 900 4015 ea,
931 3967 1050 4019 quin
1077 3951 1160 4004 hic
1179 3965 1389 4020 quoque
1418 3951 1704 4020 subjunxit,
1735 3953 1932 4008 etdicit
1963 3970 1977 4006 :

402 4039 479 4094 Ne
498 4041 642 4095 sinas
673 4051 728 4094 ut
753 4055 846 4094 cor
871 4057 1045 4094 meum
1074 4042 1233 4096 verba
1288 4040 1586 4109 hujusmodi
1634 4043 1879 4110 sucipiat,
1914 4059 1982 4097 ne

403 4133 675 4201 permittas
702 4142 758 4186 ut
779 4133 901 4186 illuc
929 4133 1226 4186 inclinetur.
1268 4133 1452 4187 Vidisti
1481 4135 1748 4203 quomodo
1796 4146 1979 4191 osten-

401 4223 478 4276 dit
506 4223 729 4277 liberum
761 4224 920 4277 animi
947 4225 1243 4292 arbitrium,
1267 4235 1319 4280 et
1341 4235 1579 4279 naturam
1599 4227 1650 4280 in
1671 4242 1729 4281 se
1757 4243 1861 4283 non
1889 4228 1983 4302 ha-

402 4315 527 4369 bere
551 4316 879 4378 vitium,.sed
907 4332 938 4370 a
967 4318 1208 4371 socordia
1233 4319 1532 4372 inclinatam
1588 4319 1639 4373 id
1671 4322 1981 4389 suscipere?

399 4406 478 4458 Ad
505 4412 824 4460 excusandas.
856 4411 1195 4464 excusationes
1236 4411 1288 4463 in
1324 4411 1559 4479 peccatis.
1588 4411 1712 4466 Huic
1764 4423 1846 4467 est
1894 4415 1976 4469 via

400 4501 661 4569 praecipua
716 4501 976 4566 interitus,
1024 4503 1232 4572 quando
1284 4504 1366 4558 vel
1421 4504 1530 4573 ipsa
1575 4521 1693 4574 qua:
1744 4507 1981 4576 peccavit

397 4592 594 4657 anima,
613 4608 841 4647 excusso
863 4595 1071 4658 timore,
1094 4595 1358 4664 excogitat
1381 4597 1748 4651 excusationes
1769 4608 1819 4651 et
1842 4610 1980 4666 pra:-

398 4691 570 4737 textus
597 4685 851 4751 quosdam
882 4684 946 4737 ad
991 4685 1248 4753 ignaviam
1308 4703 1322 4739 :
1371 4688 1450 4739 vel
1500 4689 1973 4756 quemadmodum,

395 4790 512 4829 eum
544 4778 805 4844 quispiam
849 4776 1167 4831 adnlteravit
1193 4787 1245 4830 et
1270 4778 1454 4832 volens
1484 4780 1617 4833 alius
1665 4780 1780 4848 ejus
1827 4797 1973 4835 com-

394 4870 732 4937 punctimiem
763 4878 1032 4930 excutere,
1079 4869 1206 4923 dicit
1236 4887 1248 4921 :
1282 4869 1542 4939 Numquid
1582 4879 1634 4924 tu
1681 4887 1836 4926 causa
1864 4888 1920 4927 es
1948 4873 1971 4926 ?

391 4975 546 5014 causa
581 4969 665 5015 est
691 4961 970 5029 cupiditas.
1003 4962 1191 5015 Malum
1215 4971 1296 5016 est
1318 4963 1530 5031 quidem
1581 4978 1801 5032 peccare
1829 4986 1842 5019 :
1873 4965 1973 5021 hoc

389 5062 567 5106 autem
610 5051 734 5105 facit
771 5054 1001 5120 gravius,
1051 5069 1244 5122 negare
1298 5062 1574 5122 postquam
1632 5057 1956 5122 peccaveris.

392 5141 518 5196 "me
549 5151 674 5195 sunt
697 5159 844 5196 arma
875 5144 1067 5197 diaboli
1101 5145 1393 5212 potissima.
1424 5144 1533 5199 lloc
1559 5144 1718 5199 etiam
1761 5146 1813 5200 in
1863 5148 1968 5216 pri-

392 5232 490 5285 mis
523 5233 718 5285 nostris
767 5233 1069 5300 parentibus
1095 5235 1289 5288 evenit.
1319 5235 1450 5288 Cum
1504 5237 1644 5289 enim
1700 5246 1972 5305 oporteret

392 5323 559 5375 Adam
588 5335 801 5392 peccata
823 5324 1082 5388 confiteri,
1113 5325 1199 5378 ille
1229 5326 1280 5378 in
1311 5325 1472 5378 Evam
1503 5325 1708 5380 confert
1737 5327 1966 5396 culpam,

387 5424 442 5467 ct
470 5414 559 5468 illa
591 5428 773 5467 rursus
801 5415 851 5467 in
878 5414 1142 5470 diabolum
1177 5414 1344 5487 (Gen.
1377 5419 1410 5471 '5
1437 5414 1476 5487 ).
1521 5417 1652 5470 Cum
1701 5427 1971 5487 oporteret

388 5505 582 5570 dicere,
616 5505 979 5571 Peccavimus,
1010 5507 1337 5576 iniquitatem
1365 5507 1585 5562 fecimus
1611 5526 1625 5562 :
1655 5508 1728 5562 illi
1751 5526 1853 5563 non
1881 5524 1966 5563 so-

387 5597 492 5652 lum
551 5614 658 5652 non
688 5599 1022 5663 confitentur,
1056 5599 1149 5654 sed
1179 5601 1338 5654 etiam
1366 5599 1728 5656 defensionem
1761 5613 1964 5670 parant.

389 5687 518 5743 Cum
552 5688 696 5744 enim
740 5690 901 5744 sciret
919 5689 1158 5746 diabolus
1187 5693 1385 5761 peccati
1411 5691 1802 5748 confessionem
1847 5709 1967 5748 esse

446 5827 520 5886 (ι.)
555 5834 661 5876 Haec
690 5826 1025 5888 interpretatio
1050 5830 1126 5874 est
1143 5825 1281 5888 juxta
1305 5797 1674 5891 Symmachum;

1523 373 1882 435 EXPOSlTlU
1921 377 1985 433 IN

2096 375 2346 438 LAIAIUM
2387 383 2538 442 CXL.
3599 404 3694 458 ιδει

2117 502 2320 568 peccati
2368 503 2683 560 solutionem
2707 547 2720 572 ,
2745 508 3026 575 persuadet
3050 511 3243 568 anima:
3266 555 3280 580 ,
3308 524 3364 570 ut
3391 517 3460 572 sit
3485 522 3698 592 egregie

2115 592 2411 662 impudens.
2453 597 2518 650 At
2553 606 2626 664 tn,
2655 613 2687 652 ο
2715 599 2926 668 dilecte,
2968 605 3178 672 quando
3215 611 3535 675 peccaveris,
3563 613 3648 668 die
3679 631 3692 667 :

2122 682 2374 749 Peccavi;
2408 686 2537 740 nihil
2567 698 2647 742 est
2697 688 2794 744 hac
2819 691 3131 749 defensioue
3170 695 3382 765 justius.
3425 699 3497 753 Ita
3531 702 3695 757 Deum

2113 774 2290 828 reddis
2318 778 2598 846 propitium
2634 797 2646 831 :
2678 781 2746 833 ita
2791 781 2950 836 etiam
2993 783 3143 852 facis,
3190 796 3248 840 ut
3285 789 3484 845 tardius
3529 791 3582 844 in
3631 808 3694 846 ca

2109 885 2294 924 rursus
2321 870 2540 926 incidas.
2568 873 2672 927 Sed
2702 875 2913 944 quando
2945 891 3152 946 qtimrcs
3178 879 3424 936 obtentus
3467 885 3556 952 qui
3587 899 3692 939 non

2113 970 2254 1028 sunt,
2283 972 2338 1016 et
2378 963 2606 1018 animam
2649 967 2794 1020 voles
2836 977 2978 1021 metu
3026 969 3276 1036 liberare,
3334 973 3525 1028 reddes
3567 991 3685 1030 eam

2114 1053 2490 1122 promptiorem
2525 1065 2578 1108 ut
2621 1071 2804 1111 rursus
2832 1057 3032 1114 eisdem
3063 1060 3382 1131 implicetur,
3418 1065 3689 1136 Deumque

2110 1147 2276 1215 magis
2313 1146 2564 1202 irritabis.
2595 1149 2732 1204 Nulli
2768 1152 2908 1205 enim
2942 1155 3205 1221 peccatori
3234 1155 3384 1211 deest
3411 1157 3690 1227 impudens

2108 1245 2415 1305 pra-textus.
2449 1239 2720 1323 Homicida
2751 1243 2957 1310 culpam
2988 1244 3195 1298 confert
3238 1246 3286 1300 iu
3322 1247 3450 1301 iram
3472 1287 3489 1314 ,
3516 1259 3568 1303 et
3609 1250 3690 1302 fur

2110 1327 2162 1380 in
2194 1339 2580 1397 paupertatem,
2613 1339 2669 1387 et
2695 1332 2902 1388 adulter
2924 1335 2975 1387 iu
3005 1335 3368 1404 cupiditatem,
3397 1347 3449 1392 et
3474 1339 3610 1393 alius
3635 1340 3685 1393 in

2107 1420 2458 1489 principatum
2489 1421 2621 1476 :sed
2652 1422 2704 1476 hi
2725 1424 2936 1494 quidem
2957 1435 3081 1480 sunt
3107 1426 3264 1481 alieni
3306 1443 3335 1481 a
3364 1429 3568 1484 ratione
3593 1431 3693 1484 ob-

2106 1517 2302 1577 tentus,
2328 1526 2430 1565 non
2449 1513 2638 1566 rationi
2666 1526 3036 1571 consentaneae
3056 1519 3410 1574 defensiones.
3433 1518 3519 1572 Illa
3544 1520 3685 1574 enim

2107 1617 2209 1657 non
2239 1603 2434 1659 faciunt
2465 1617 2697 1674 peccata,
2727 1607 2821 1663 sed
2848 1609 2942 1678 ipsi
2979 1624 3163 1664 eorum
3185 1611 3273 1680 qui
3302 1620 3525 1681 peccant
3573 1613 3685 1666 ani-

2105 1696 2196 1747 mi.
2227 1695 2298 1748 Ita
2318 1705 2493 1750 autem
2520 1712 2640 1753 esse
2665 1699 2937 1754 ostendam
2959 1715 3023 1754 ex
3058 1701 3121 1755 iis
3147 1717 3264 1772 quae
3294 1712 3414 1756 sunt
3445 1704 3683 1773 proxima

2105 1799 2158 1841 et
2189 1787 2290 1841 illis
2312 1787 2652 1843 cohaerentia.
2681 1789 2903 1855 Quando
2923 1792 3064 1846 enim
3094 1793 3302 1848 videtur
3324 1794 3484 1849 homo
3523 1797 3680 1857 alius,

2102 1881 2191 1949 qui
2222 1889 2276 1936 et
2301 1881 2460 1935 vitam
2491 1883 2597 1949 agit
2627 1882 2678 1936 in
2709 1893 3042 1952 paupertate,
3075 1894 3388 1956 teneturque
3416 1887 3678 1957 cupidita-

2104 1981 2177 2037 te,
2211 1981 2266 2027 et
2295 1974 2595 2028 necessitati
2633 1985 2836 2029 natura:
2867 1985 2949 2030 est
2977 1977 3256 2042 obnoxius,
3286 1995 3459 2048 neque
3504 1989 3680 2034 tamen

2104 2064 2154 2116 in
2187 2063 2270 2117 his
2297 2051 2497 2132 peccat,
2524 2081 2750 2134 quanam
2779 2067 2854 2121 illi
2885 2076 3134 2136 poterunt
3155 2069 3227 2123 uti
3249 2069 3598 2124 defensione?
3619 2071 3683 2124 Et

2103 2155 2220 2210 ideo
2243 2156 2460 2223 pulchre
2483 2159 2559 2211 sic
2575 2157 2707 2212 dixit
2733 2158 2945 2226 quidam
2992 2161 3202 2228 sapiens
3233 2181 3246 2214 :
3270 2160 3396 2228 Quis
3421 2160 3610 2214 dederit
3630 2162 3682 2213 iu

2101 2257 2264 2301 mente
2306 2264 2416 2301 mea
2453 2249 2678 2320 ﬂagella,
2715 2258 2770 2301 ut
2815 2249 3112 2320 ignorantiis
3167 2253 3290 2306 meis
3323 2268 3423 2305 non
3472 2262 3682 2322 parcant

2104 2335 2303 2407 (Eccli.
2346 2337 2435 2393 25.
2468 2338 2585 2409 2)?
2638 2338 2768 2393 Vide
2813 2339 2975 2393 David
3029 2341 3223 2394 nullam
3277 2342 3678 2397 excusationem

2100 2425 2407 2483 efferentem
2435 2429 2648 2498 quando
2691 2431 2947 2500 peccavit,
2979 2431 3074 2486 sed
3121 2431 3384 2486 dicentem
3420 2451 3433 2486 :
3471 2431 3682 2486 Peccavi

2101 2519 2319 2574 Domino
2370 2521 2460 2591 (2.
2495 2521 2620 2593 Reg.
2646 2522 2733 2577 12.
2768 2524 2830 2577 15
2859 2523 2899 2592 ).
2953 2525 3109 2593 Atqui
3168 2525 3428 2594 potuisset
3476 2524 3676 2589 dicere,

2098 2614 2205 2668 Cur
2248 2614 2546 2668 nudabatur
2584 2616 2807 2670 mulier?
2852 2631 2949 2671 cur
3001 2616 3274 2670 lavabatur
3322 2625 3445 2670 ante
3497 2615 3679 2670 oculos

2100 2705 2286 2758 meos?
2317 2705 2420 2760 Sed
2449 2706 2649 2760 sciebat
2684 2707 2778 2760 has
2801 2722 2920 2763 esse
2948 2706 3161 2762 frivolas
3190 2709 3578 2772 excusationes,
3625 2716 3679 2761 et

2097 2813 2216 2866 qua:
2238 2797 2368 2851 nihil
2398 2799 2650 2854 haberent
2676 2799 2896 2853 rationis
2924 2810 3011 2865 ;et
3037 2799 3156 2854 ideo
3184 2800 3320 2854 venit
3348 2801 3414 2854 ad
3437 2808 3676 2868 apertam

2097 2887 2480 2954 defensionem,
2503 2904 2623 2943 eum
2667 2889 2885 2953 diceret,
2918 2889 3149 2944 Peccavi.
3179 2892 3247 2944 At
3275 2891 3402 2946 Saul
3431 2906 3535 2944 non
3581 2891 3673 2955 ita,

2095 2981 2188 3036 sed
2214 2997 2335 3035 cum
2363 2981 2429 3035 de
2449 2981 2781 3050 ventriloqna
2806 2997 2897 3037 seu
2946 2983 3262 3054 Pythonissa
3309 2982 3676 3052 reprehendo.

2096 3081 2264 3137 retur,
2291 3071 2498 3126 dicebat
2532 3089 2544 3124 :
2577 3071 2838 3136 Coarctor,
2865 3083 2910 3126 et
2930 3073 3225 3142 alienigena!
3245 3082 3472 3144 pugnant
3500 3081 3676 3126 contra

2096 3163 2212 3231 me(
2246 3163 2294 3215 l.
2323 3160 2450 3231 Reg.
2478 3161 2568 3216 28.
2601 3163 2667 3217 15
2687 3162 2724 3233 ).
2750 3161 2874 3216 [deo
2898 3172 3072 3217 autem
3099 3179 3263 3233 grave
3300 3164 3448 3218 dedit
3473 3164 3676 3235 suppli-

2093 3254 2257 3310 cium.
2285 3253 2418 3308 Cum
2437 3253 2579 3308 enim
2609 3253 2878 3308 debuisset
2904 3253 3099 3319 dicere,
3126 3255 3364 3322 Peccavi,
3390 3265 3441 3310 et
3469 3273 3555 3312 me
3575 3257 3677 3313 ini-

2092 3362 2196 3417 que
2216 3346 2354 3416 gessi
2385 3361 2398 3396 :
2432 3346 2520 3401 ille
2540 3345 2752 3416 quidem
2777 3345 2876 3400 hoc
2905 3360 3010 3400 non
3037 3345 3186 3411 dixit,
3219 3347 3312 3400 sed
3340 3348 3516 3402 abibat
3537 3364 3564 3401 a
3587 3364 3670 3403 ra-

2099 3439 2242 3491 tione
2279 3437 2481 3491 alienas
2511 3451 2755 3505 quaerens
2801 3437 3189 3490 excusationes.
3221 3434 3345 3490 Cum
3388 3437 3674 3494 hominibus

2092 3529 2410 3597 operantibus
2426 3528 2755 3600 iniquitatem.
2785 3512 2897 3582 Hoc
2941 3527 3211 3596 subjunxit
3239 3528 3526 3583 ostendens
3555 3545 3674 3584 esse

2091 3620 2303 3676 illorum
2331 3621 2580 3686 maxime,
2609 3621 2797 3676 aﬂ'erre
2819 3621 3206 3687 excusationes,
3231 3629 3283 3675 et
3312 3636 3370 3676 se
3399 3623 3673 3690 impuden—

2093 3721 2173 3766 ter
2197 3726 2384 3781 gerere
2411 3731 2421 3764 :
2452 3723 2505 3767 et
2535 3713 2654 3766 ideo
2685 3710 2848 3765 David
2871 3711 2972 3766 hoc
2998 3711 3210 3766 assidue
3256 3712 3422 3765 instar
3460 3713 3670 3767 virtutis

2091 3805 2355 3874 proponit,
2386 3803 2564 3874 fugere
2586 3806 2717 3859 tales
2733 3814 2922 3868 coetus,
2955 3814 3112 3873 atque
3131 3805 3263 3858 adeo
3288 3814 3452 3857 totum
3477 3804 3668 3859 librum

2088 3896 2155 3950 ab
2179 3910 2244 3950 eo
2274 3897 2456 3966 incipit
2480 3914 2492 3949 :
2519 3896 2702 3949 Beatus
2727 3897 2821 3960 vir,
2846 3897 2930 3964 qui
2955 3913 3054 3948 non
3098 3895 3216 3947 abiit
3240 3895 3292 3947 in
3331 3895 3541 3949 consilio
3569 3896 3668 3948 int-

2091 3987 2311 4057 piorum,
2329 3994 2374 4039 et
2401 3988 2452 4038 in
2473 3987 2552 4039 via
2582 3995 2898 4056 peccatorum
2927 4001 3027 4038 non
3065 3985 3217 4049 stetit,
3246 3993 3293 4036 et
3331 3984 3384 4036 in
3429 3984 3669 4038 cathedra

2088 4077 2478 4147 perniciosorum
2503 4093 2601 4129 non
2654 4077 2777 4129 sedit
2809 4076 2826 4145 (
2851 4074 2994 4128 Psal.
3021 4077 3072 4129 1.
3105 4076 3130 4128 1
3160 4074 3198 4145 ).
3231 4075 3514 4144 Propterea
3567 4091 3666 4129 auo

2088 4178 2192 4222 tem
2216 4168 2386 4237 ipsum
2414 4182 2625 4235 semper
2652 4167 2888 4221 invenies
2910 4166 2960 4219 in
2993 4165 3223 4235 peccatis
3253 4165 3456 4234 culpam
3497 4181 3665 4236 agno-

2086 4273 2234 4314 scere
2243 4301 2256 4313 .

2159 4349 2487 4404 Pcccatorttm
2518 4347 2763 4420 confessio
2810 4345 2972 4402 Deum
3000 4349 3216 4402 maxime
3257 4346 3460 4417 piacat;
3498 4347 3666 4402 convi-

2085 4443 2277 4496 viorum
2299 4451 2342 4495 et
2369 4442 2678 4494 theatrorum
2703 4441 2978 4510 pernicies;
3007 4440 3386 4512 reprehensores
3399 4441 3526 4510 justi
3564 4457 3667 4493 non

2084 4532 2367 4588 aversandi.
2400 4563 2472 4572 —
2498 4531 2718 4600 Quando
2759 4546 2886 4601 ergo
2915 4532 3210 4586 numeravit
3259 4531 3508 4600 populum
3531 4574 3544 4595 ,
3578 4531 3663 4584 di-

2083 4625 2235 4679 cebat
2255 4667 2270 4687 ,
2305 4623 2413 4694 Ego
2443 4624 2669 4694 peccavi,
2697 4632 2743 4676 et
2773 4639 2862 4694 ego
2893 4633 3064 4692 pastor
3106 4623 3238 4676 male
3265 4623 3362 4691 feci
3388 4620 3537 4694 (Reg.
3569 4621 3660 4674 2L

2087 4715 2153 4769 Π
2173 4715 2214 4785 ).
2241 4713 2354 4769 Νοιι
2378 4715 2530 4780 dixit,
2562 4714 2698 4780 Quid
2727 4724 2836 4768 tum
2862 4756 2876 4781 ,
2910 4715 2952 4767 si
2967 4715 3286 4790 numeravi?
3310 4715 3402 4768 sed
3427 4715 3662 4782 scipsum

2081 4808 2430 4873 condemnat,
2465 4819 2519 4863 et
2566 4807 2684 4862 ideo
2729 4807 2935 4861 veniam
2981 4807 3298 4876 assequitur.
3348 4802 3484 4859 Nihil
3521 4803 3660 4858 enim

2084 4902 2248 4956 Deum
2277 4913 2426 4970 :rque
2454 4899 2623 4954 reddit
2653 4900 2932 4969 propitium
2957 4941 2972 4964 ,
3002 4915 3064 4953 ac
3093 4909 3428 4969 peccatorum
3456 4897 3661 4951 confes-

2080 4996 2179 5048 sio.
2214 4995 2323 5049 lloc
2349 5004 2524 5049 autem
2557 4993 2644 5047 lict
2665 5035 2679 5056 ,
2723 4993 2766 5046 si
2819 4993 3080 5062 fugiantur
3109 5006 3290 5046 eorum
3335 4996 3503 5042 cmtus
3526 5029 3540 5053 ,
3570 4993 3658 5058 qui

2081 5095 2276 5139 metum
2311 5091 2645 5154 peccatorum
2691 5084 2934 5147 solvunt,
2975 5091 3028 5136 et
3054 5083 3120 5136 ad
3145 5079 3440 5135 socordiam
3472 5079 3658 5147 impel-

2080 5179 2210 5232 lunt.
2249 5179 2311 5231 El
2353 5174 2472 5230 ideo
2514 5173 2707 5229 Paulus
2739 5184 2786 5230 et
2833 5173 3089 5228 Jercmias
3125 5173 3191 5226 de
3215 5186 3280 5226 eo
3309 5170 3469 5224 multa
3501 5171 3658 5224 verba

2085 5267 2312 5330 faciunt,
2345 5276 2398 5320 et
2423 5266 2610 5334 jubent
2641 5266 2847 5333 utrique
2877 5263 3055 5332 fugere
3081 5263 3338 5317 malorum
3368 5269 3422 5315 et
3447 5275 3654 5323 eorum,

2083 5359 2170 5431 qui
2195 5365 2314 5411 Sunt
2341 5357 2472 5410 adeo
2497 5355 2705 5425 ignavi,
2733 5353 3188 5408 consuetudinem.
3218 5351 3384 5405 Porro
3411 5350 3511 5406 Job
3537 5366 3660 5420 quo-

2065 5465 2180 5518 que
2224 5448 2326 5502 hoc
2353 5447 2518 5502 refert
2559 5449 2607 5500 in
2638 5451 2913 5500 numerum
2945 5445 3188 5508 virtutis,
3222 5443 3422 5506 dicens,
3463 5441 3524 5497 Si
3550 5460 3660 5494 am-

2078 5539 2244 5592 bulavi
2271 5554 2384 5591 cum
2420 5537 2704 5590 irrisoribus
2738 5534 2891 5606 (Job.
2923 5536 3012 5590 '51.
3043 5535 3126 5605 ὃ).
3160 5535 3256 5589 Hic
3273 5543 3448 5589 autem
3479 5544 3660 5590 osten-

2076 5631 2179 5692 dit,
2209 5645 2266 5683 se
2299 5645 2415 5684 cum
2448 5628 2513 5684 iis
2540 5644 2605 5682 ne
2634 5627 2836 5683 sedisse
2862 5627 3072 5699 quidem
3094 5669 3112 5694 ,
3152 5627 3335 5681 dicens
3355 5667 3371 5691 ,
3401 5624 3522 5680 Non
3551 5625 3658 5678 sedi

2077 5723 2127 5774 in
2152 5717 2362 5773 consilio
2389 5718 2665 5772 ludentium
2693 5717 2877 5790 (Psal.
2907 5719 2997 5774 25.
3028 5717 3122 5788 6).
3152 5717 3274 5773 Ideo
3306 5718 3496 5772 Paulus
3525 5731 3655 5783 quo-

2077 5830 2180 5885 quc
2205 5830 2310 5868 non
2339 5813 2462 5870 sinit
2485 5813 2621 5868 vesci
2647 5828 2768 5869 cum
2791 5813 3044 5886 improbis
3061 5855 3074 5880 ,
3105 5814 3210 5867 imo
3233 5826 3329 5868 nec
3352 5809 3510 5881 ullam
3532 5821 3653 5860 cum
