  <div class='ocr_page' id='page_1' title='image "/cluster/home/n/w/nwhite01/storage/ocr_20150623/55/mdp.39015028539511/431.png"; bbox 0 0 4012 6280; ppageno 0'>
   <div class='ocr_carea' id='block_1_1' title="bbox 411 401 2876 464">
    <p class='ocr_par' dir='ltr' id='par_1_1' title="bbox 411 401 2876 464">
     <span class='ocr_line' id='line_1_1' title="bbox 411 401 2876 464; baseline -0 -2"><span class='ocrx_word' id='word_1_1' title='bbox 411 408 475 462; x_wconf 77' lang='lat'><strong>59</strong></span> <span class='ocrx_word' id='word_1_2' title='bbox 1079 405 1133 462; x_wconf 93' lang='lat' dir='ltr'><strong>S.</strong></span> <span class='ocrx_word' id='word_1_3' title='bbox 1175 405 1446 462; x_wconf 67' lang='lat' dir='ltr'><strong>JOANNIS</strong></span> <span class='ocrx_word' id='word_1_4' title='bbox 1483 401 1948 461; x_wconf 69' lang='lat' dir='ltr'><strong>CIIRYSOSTOMI</strong></span> <span class='ocrx_word' id='word_1_5' title='bbox 1993 404 2304 462; x_wconf 79' lang='lat' dir='ltr'><strong>ARCHIEP.</strong></span> <span class='ocrx_word' id='word_1_6' title='bbox 2344 405 2876 464; x_wconf 78' lang='lat' dir='ltr'><strong>CONSTANTINOP.</strong></span> 
     </span>
    </p>
   </div>
   <div class='ocr_carea' id='block_1_2' title="bbox 368 521 1933 590">
    <p class='ocr_par' dir='ltr' id='par_1_2' title="bbox 368 521 1933 590">
     <span class='ocr_line' id='line_1_2' title="bbox 368 521 1933 590; baseline -0.006 -10"><span class='ocrx_word' id='word_1_7' title='bbox 368 527 448 580; x_wconf 91' lang='lat' dir='ltr'><strong>eis</strong></span> <span class='ocrx_word' id='word_1_8' title='bbox 487 523 680 579; x_wconf 86' lang='lat' dir='ltr'><strong>habere</strong></span> <span class='ocrx_word' id='word_1_9' title='bbox 718 521 1186 586; x_wconf 74' lang='lat' dir='ltr'><strong>consuetudinem,</strong></span> <span class='ocrx_word' id='word_1_10' title='bbox 1240 522 1453 577; x_wconf 90' lang='lat' dir='ltr'><strong>dicens:</strong></span> <span class='ocrx_word' id='word_1_11' title='bbox 1502 521 1562 577; x_wconf 88' lang='lat' dir='ltr'><strong>Si</strong></span> <span class='ocrx_word' id='word_1_12' title='bbox 1611 522 1718 590; x_wconf 85' lang='lat' dir='ltr'><strong>quis</strong></span> <span class='ocrx_word' id='word_1_13' title='bbox 1769 530 1933 572; x_wconf 82' lang='lat' dir='ltr'><strong>autem</strong></span> 
     </span>
    </p>
   </div>
   <div class='ocr_carea' id='block_1_3' title="bbox 371 612 1935 682">
    <p class='ocr_par' dir='ltr' id='par_1_3' title="bbox 371 612 1935 682">
     <span class='ocr_line' id='line_1_3' title="bbox 371 612 1935 682; baseline -0.006 -12"><span class='ocrx_word' id='word_1_14' title='bbox 371 631 470 670; x_wconf 87' lang='lat' dir='ltr'><strong>non</strong></span> <span class='ocrx_word' id='word_1_15' title='bbox 514 613 678 668; x_wconf 85' lang='lat' dir='ltr'><strong>obedit</strong></span> <span class='ocrx_word' id='word_1_16' title='bbox 720 614 936 667; x_wconf 75' lang='lat' dir='ltr'><strong>sermoni</strong></span> <span class='ocrx_word' id='word_1_17' title='bbox 974 623 1140 667; x_wconf 83' lang='lat' dir='ltr'><strong>nostra</strong></span> <span class='ocrx_word' id='word_1_18' title='bbox 1185 628 1272 682; x_wconf 87' lang='lat' dir='ltr'><strong>per</strong></span> <span class='ocrx_word' id='word_1_19' title='bbox 1298 612 1590 681; x_wconf 74' lang='lat' dir='ltr'><strong>epistolam,</strong></span> <span class='ocrx_word' id='word_1_20' title='bbox 1624 627 1738 666; x_wconf 88' lang='lat' dir='ltr'><strong>eum</strong></span> <span class='ocrx_word' id='word_1_21' title='bbox 1788 619 1935 664; x_wconf 86' lang='lat' dir='ltr'><strong>nota-</strong></span> 
     </span>
    </p>
   </div>
   <div class='ocr_carea' id='block_1_4' title="bbox 368 699 1937 770">
    <p class='ocr_par' dir='ltr' id='par_1_4' title="bbox 368 699 1937 770">
     <span class='ocr_line' id='line_1_4' title="bbox 368 699 1937 770; baseline -0.004 -11"><span class='ocrx_word' id='word_1_22' title='bbox 368 714 416 759; x_wconf 90' lang='lat' dir='ltr'><strong>te</strong></span> <span class='ocrx_word' id='word_1_23' title='bbox 436 745 452 770; x_wconf 92' lang='lat'><strong>,</strong></span> <span class='ocrx_word' id='word_1_24' title='bbox 477 713 523 758; x_wconf 86' lang='lat' dir='ltr'><strong>et</strong></span> <span class='ocrx_word' id='word_1_25' title='bbox 561 719 660 758; x_wconf 86' lang='lat' dir='ltr'><strong>non</strong></span> <span class='ocrx_word' id='word_1_26' title='bbox 706 703 1058 757; x_wconf 81' lang='lat' dir='ltr'><strong>conversemini</strong></span> <span class='ocrx_word' id='word_1_27' title='bbox 1100 719 1213 755; x_wconf 89' lang='lat' dir='ltr'><strong>cum</strong></span> <span class='ocrx_word' id='word_1_28' title='bbox 1238 718 1317 755; x_wconf 84' lang='lat' dir='ltr'><strong>eo.</strong></span> <span class='ocrx_word' id='word_1_29' title='bbox 1352 701 1415 754; x_wconf 86' lang='lat' dir='ltr'><strong>Et</strong></span> <span class='ocrx_word' id='word_1_30' title='bbox 1439 717 1536 755; x_wconf 89' lang='lat' dir='ltr'><strong>non</strong></span> <span class='ocrx_word' id='word_1_31' title='bbox 1566 699 1937 754; x_wconf 81' lang='lat' dir='ltr'><strong>communicabo</strong></span> 
     </span>
    </p>
   </div>
   <div class='ocr_carea' id='block_1_5' title="bbox 370 789 1940 862">
    <p class='ocr_par' dir='ltr' id='par_1_5' title="bbox 370 789 1940 862">
     <span class='ocr_line' id='line_1_5' title="bbox 370 789 1940 862; baseline -0.002 -15"><span class='ocrx_word' id='word_1_32' title='bbox 370 811 482 848; x_wconf 83' lang='lat' dir='ltr'><strong>cum</strong></span> <span class='ocrx_word' id='word_1_33' title='bbox 519 794 684 849; x_wconf 85' lang='lat' dir='ltr'><strong>electis</strong></span> <span class='ocrx_word' id='word_1_34' title='bbox 724 810 896 846; x_wconf 88' lang='lat' dir='ltr'><strong>eorum</strong></span> <span class='ocrx_word' id='word_1_35' title='bbox 937 793 1026 862; x_wconf 73' lang='lat'><strong>(2.</strong></span> <span class='ocrx_word' id='word_1_36' title='bbox 1060 791 1235 846; x_wconf 80' lang='lat' dir='ltr'><strong>Thess.</strong></span> <span class='ocrx_word' id='word_1_37' title='bbox 1284 792 1338 846; x_wconf 79' lang='grc'><strong>5.</strong></span> <span class='ocrx_word' id='word_1_38' title='bbox 1367 792 1492 862; x_wconf 77' lang='grc'><strong>14).</strong></span> <span class='ocrx_word' id='word_1_39' title='bbox 1527 791 1710 857; x_wconf 86' lang='lat' dir='ltr'><strong>Alius,</strong></span> <span class='ocrx_word' id='word_1_40' title='bbox 1761 789 1940 860; x_wconf 85' lang='lat' dir='ltr'><strong>Neque</strong></span> 
     </span>
    </p>
   </div>
   <div class='ocr_carea' id='block_1_6' title="bbox 370 881 1939 952">
    <p class='ocr_par' dir='ltr' id='par_1_6' title="bbox 370 881 1939 952">
     <span class='ocr_line' id='line_1_6' title="bbox 370 881 1939 952; baseline -0.004 -13"><span class='ocrx_word' id='word_1_41' title='bbox 370 902 474 939; x_wconf 90' lang='lat' dir='ltr'><strong>una</strong></span> <span class='ocrx_word' id='word_1_42' title='bbox 503 884 756 938; x_wconf 82' lang='lat' dir='ltr'><strong>comedam</strong></span> <span class='ocrx_word' id='word_1_43' title='bbox 781 884 947 947; x_wconf 86' lang='lat' dir='ltr'><strong>dulcia</strong></span> <span class='ocrx_word' id='word_1_44' title='bbox 974 899 1143 936; x_wconf 89' lang='lat' dir='ltr'><strong>eorum</strong></span> <span class='ocrx_word' id='word_1_45' title='bbox 1173 882 1274 952; x_wconf 92' lang='lat' dir='ltr'><strong>(a).</strong></span> <span class='ocrx_word' id='word_1_46' title='bbox 1307 881 1485 946; x_wconf 84' lang='lat' dir='ltr'><strong>Alius,</strong></span> <span class='ocrx_word' id='word_1_47' title='bbox 1523 881 1639 934; x_wconf 89' lang='lat' dir='ltr'><strong>Non</strong></span> <span class='ocrx_word' id='word_1_48' title='bbox 1667 896 1939 951; x_wconf 80' lang='lat' dir='ltr'><strong>congrega-</strong></span> 
     </span>
    </p>
   </div>
   <div class='ocr_carea' id='block_1_7' title="bbox 370 970 1936 1042">
    <p class='ocr_par' dir='ltr' id='par_1_7' title="bbox 370 970 1936 1042">
     <span class='ocr_line' id='line_1_7' title="bbox 370 970 1936 1042; baseline -0.003 -12"><span class='ocrx_word' id='word_1_49' title='bbox 370 979 460 1030; x_wconf 81' lang='lat' dir='ltr'><strong>bor</strong></span> <span class='ocrx_word' id='word_1_50' title='bbox 484 979 536 1030; x_wconf 91' lang='lat' dir='ltr'><strong>in</strong></span> <span class='ocrx_word' id='word_1_51' title='bbox 557 975 746 1030; x_wconf 79' lang='lat' dir='ltr'><strong>deliciis</strong></span> <span class='ocrx_word' id='word_1_52' title='bbox 775 991 964 1029; x_wconf 89' lang='lat' dir='ltr'><strong>eorum.</strong></span> <span class='ocrx_word' id='word_1_53' title='bbox 1002 973 1098 1028; x_wconf 76' lang='lat' dir='ltr'><strong>llic</strong></span> <span class='ocrx_word' id='word_1_54' title='bbox 1125 973 1253 1027; x_wconf 90' lang='lat' dir='ltr'><strong>dicit</strong></span> <span class='ocrx_word' id='word_1_55' title='bbox 1278 973 1404 1027; x_wconf 90' lang='lat' dir='ltr'><strong>illud</strong></span> <span class='ocrx_word' id='word_1_56' title='bbox 1441 973 1786 1042; x_wconf 88' lang='lat' dir='ltr'><strong>apostolicum</strong></span> <span class='ocrx_word' id='word_1_57' title='bbox 1807 1013 1822 1037; x_wconf 92' lang='lat'><strong>,</strong></span> <span class='ocrx_word' id='word_1_58' title='bbox 1850 970 1936 1026; x_wconf 81' lang='lat' dir='ltr'><strong>fu-</strong></span> 
     </span>
    </p>
   </div>
   <div class='ocr_carea' id='block_1_8' title="bbox 368 1061 1938 1133">
    <p class='ocr_par' dir='ltr' id='par_1_8' title="bbox 368 1061 1938 1133">
     <span class='ocr_line' id='line_1_8' title="bbox 368 1061 1938 1133; baseline -0.002 -13"><span class='ocrx_word' id='word_1_59' title='bbox 368 1065 587 1133; x_wconf 81' lang='lat' dir='ltr'><strong>giendas</strong></span> <span class='ocrx_word' id='word_1_60' title='bbox 606 1079 724 1120; x_wconf 88' lang='lat' dir='ltr'><strong>esse</strong></span> <span class='ocrx_word' id='word_1_61' title='bbox 747 1064 965 1119; x_wconf 75' lang='lat' dir='ltr'><strong>delicias</strong></span> <span class='ocrx_word' id='word_1_62' title='bbox 983 1063 1188 1117; x_wconf 92' lang='lat' dir='ltr'><strong>illorum</strong></span> <span class='ocrx_word' id='word_1_63' title='bbox 1214 1071 1268 1117; x_wconf 91' lang='lat' dir='ltr'><strong>et</strong></span> <span class='ocrx_word' id='word_1_64' title='bbox 1293 1062 1532 1116; x_wconf 86' lang='lat' dir='ltr'><strong>convivia</strong></span> <span class='ocrx_word' id='word_1_65' title='bbox 1553 1103 1567 1127; x_wconf 96' lang='lat'><strong>,</strong></span> <span class='ocrx_word' id='word_1_66' title='bbox 1591 1061 1680 1115; x_wconf 86' lang='lat' dir='ltr'><strong>ubi</strong></span> <span class='ocrx_word' id='word_1_67' title='bbox 1708 1062 1938 1117; x_wconf 81' lang='lat' dir='ltr'><strong>maxime</strong></span> 
     </span>
    </p>
   </div>
   <div class='ocr_carea' id='block_1_9' title="bbox 363 1151 1933 1225">
    <p class='ocr_par' dir='ltr' id='par_1_9' title="bbox 363 1151 1933 1225">
     <span class='ocr_line' id='line_1_9' title="bbox 363 1151 1933 1225; baseline -0.002 -17"><span class='ocrx_word' id='word_1_68' title='bbox 363 1155 560 1210; x_wconf 88' lang='lat' dir='ltr'><strong>crescit</strong></span> <span class='ocrx_word' id='word_1_69' title='bbox 587 1161 857 1225; x_wconf 77' lang='lat' dir='ltr'><strong>peccatum</strong></span> <span class='ocrx_word' id='word_1_70' title='bbox 881 1195 897 1220; x_wconf 92' lang='lat'><strong>,</strong></span> <span class='ocrx_word' id='word_1_71' title='bbox 928 1153 1013 1208; x_wconf 87' lang='lat' dir='ltr'><strong>ubi</strong></span> <span class='ocrx_word' id='word_1_72' title='bbox 1041 1152 1210 1221; x_wconf 81' lang='lat' dir='ltr'><strong>major</strong></span> <span class='ocrx_word' id='word_1_73' title='bbox 1237 1160 1320 1207; x_wconf 85' lang='lat' dir='ltr'><strong>est</strong></span> <span class='ocrx_word' id='word_1_74' title='bbox 1349 1152 1562 1207; x_wconf 87' lang='lat' dir='ltr'><strong>libertas</strong></span> <span class='ocrx_word' id='word_1_75' title='bbox 1605 1161 1661 1206; x_wconf 90' lang='lat' dir='ltr'><strong>et</strong></span> <span class='ocrx_word' id='word_1_76' title='bbox 1703 1151 1933 1207; x_wconf 89' lang='lat' dir='ltr'><strong>licentia.</strong></span> 
     </span>
    </p>
   </div>
   <div class='ocr_carea' id='block_1_10' title="bbox 438 1244 1936 1314">
    <p class='ocr_par' dir='ltr' id='par_1_10' title="bbox 438 1244 1936 1314">
     <span class='ocr_line' id='line_1_10' title="bbox 438 1244 1936 1314; baseline -0.002 -14"><span class='ocrx_word' id='word_1_77' title='bbox 438 1246 490 1301; x_wconf 78' lang='grc' dir='ltr'><strong>Β.</strong></span> <span class='ocrx_word' id='word_1_78' title='bbox 517 1246 630 1300; x_wconf 84' lang='lat' dir='ltr'><strong>Non</strong></span> <span class='ocrx_word' id='word_1_79' title='bbox 649 1254 732 1301; x_wconf 89' lang='lat' dir='ltr'><strong>est</strong></span> <span class='ocrx_word' id='word_1_80' title='bbox 753 1253 928 1300; x_wconf 88' lang='lat' dir='ltr'><strong>autem</strong></span> <span class='ocrx_word' id='word_1_81' title='bbox 950 1246 1051 1300; x_wconf 90' lang='lat' dir='ltr'><strong>hoc</strong></span> <span class='ocrx_word' id='word_1_82' title='bbox 1076 1259 1295 1314; x_wconf 83' lang='lat' dir='ltr'><strong>parvum</strong></span> <span class='ocrx_word' id='word_1_83' title='bbox 1319 1244 1529 1314; x_wconf 88' lang='lat' dir='ltr'><strong>signum</strong></span> <span class='ocrx_word' id='word_1_84' title='bbox 1567 1244 1802 1309; x_wconf 88' lang='lat' dir='ltr'><strong>virtutis,</strong></span> <span class='ocrx_word' id='word_1_85' title='bbox 1831 1259 1936 1298; x_wconf 87' lang='lat' dir='ltr'><strong>non</strong></span> 
     </span>
    </p>
   </div>
   <div class='ocr_carea' id='block_1_11' title="bbox 371 1333 1937 1406">
    <p class='ocr_par' dir='ltr' id='par_1_11' title="bbox 371 1333 1937 1406">
     <span class='ocr_line' id='line_1_11' title="bbox 371 1333 1937 1406; baseline -0.001 -15"><span class='ocrx_word' id='word_1_86' title='bbox 371 1352 528 1406; x_wconf 81' lang='lat' dir='ltr'><strong>parva</strong></span> <span class='ocrx_word' id='word_1_87' title='bbox 572 1338 653 1390; x_wconf 91' lang='lat' dir='ltr'><strong>via</strong></span> <span class='ocrx_word' id='word_1_88' title='bbox 679 1336 1050 1403; x_wconf 78' lang='lat' dir='ltr'><strong>correctionis,</strong></span> <span class='ocrx_word' id='word_1_89' title='bbox 1078 1334 1334 1404; x_wconf 87' lang='lat' dir='ltr'><strong>ejusmodi</strong></span> <span class='ocrx_word' id='word_1_90' title='bbox 1363 1333 1545 1404; x_wconf 83' lang='lat' dir='ltr'><strong>fugere</strong></span> <span class='ocrx_word' id='word_1_91' title='bbox 1583 1334 1818 1388; x_wconf 86' lang='lat' dir='ltr'><strong>convivia</strong></span> <span class='ocrx_word' id='word_1_92' title='bbox 1839 1373 1854 1398; x_wconf 95' lang='lat'><strong>,</strong></span> <span class='ocrx_word' id='word_1_93' title='bbox 1883 1343 1937 1389; x_wconf 91' lang='lat' dir='ltr'><strong>et</strong></span> 
     </span>
    </p>
   </div>
   <div class='ocr_carea' id='block_1_12' title="bbox 372 1425 1936 1497">
    <p class='ocr_par' dir='ltr' id='par_1_12' title="bbox 372 1425 1936 1497">
     <span class='ocr_line' id='line_1_12' title="bbox 372 1425 1936 1497; baseline -0.001 -18"><span class='ocrx_word' id='word_1_94' title='bbox 372 1430 502 1483; x_wconf 88' lang='lat' dir='ltr'><strong>tales</strong></span> <span class='ocrx_word' id='word_1_95' title='bbox 531 1437 730 1493; x_wconf 67' lang='lat' dir='ltr'><strong>cretus,</strong></span> <span class='ocrx_word' id='word_1_96' title='bbox 764 1443 934 1497; x_wconf 88' lang='lat' dir='ltr'><strong>neque</strong></span> <span class='ocrx_word' id='word_1_97' title='bbox 959 1426 1190 1482; x_wconf 82' lang='lat' dir='ltr'><strong>revereri</strong></span> <span class='ocrx_word' id='word_1_98' title='bbox 1220 1426 1502 1481; x_wconf 75' lang='lat' dir='ltr'><strong>amicitiam</strong></span> <span class='ocrx_word' id='word_1_99' title='bbox 1523 1467 1538 1490; x_wconf 94' lang='lat'><strong>,</strong></span> <span class='ocrx_word' id='word_1_100' title='bbox 1569 1440 1740 1495; x_wconf 86' lang='lat' dir='ltr'><strong>neque</strong></span> <span class='ocrx_word' id='word_1_101' title='bbox 1766 1425 1936 1480; x_wconf 79' lang='lat' dir='ltr'><strong>ventri</strong></span> 
     </span>
    </p>
   </div>
   <div class='ocr_carea' id='block_1_13' title="bbox 368 1517 1932 1576">
    <p class='ocr_par' dir='ltr' id='par_1_13' title="bbox 368 1517 1932 1576">
     <span class='ocr_line' id='line_1_13' title="bbox 368 1517 1932 1576; baseline 0 -4"><span class='ocrx_word' id='word_1_102' title='bbox 368 1520 659 1574; x_wconf 90' lang='lat' dir='ltr'><strong>servientes</strong></span> <span class='ocrx_word' id='word_1_103' title='bbox 683 1519 852 1573; x_wconf 89' lang='lat' dir='ltr'><strong>robur</strong></span> <span class='ocrx_word' id='word_1_104' title='bbox 877 1529 929 1576; x_wconf 93' lang='lat' dir='ltr'><strong>et</strong></span> <span class='ocrx_word' id='word_1_105' title='bbox 956 1519 1304 1573; x_wconf 74' lang='lat' dir='ltr'><strong>constantiam</strong></span> <span class='ocrx_word' id='word_1_106' title='bbox 1331 1518 1490 1572; x_wconf 90' lang='lat' dir='ltr'><strong>animi</strong></span> <span class='ocrx_word' id='word_1_107' title='bbox 1517 1517 1826 1572; x_wconf 82' lang='lat' dir='ltr'><strong>dissolvere.</strong></span> <span class='ocrx_word' id='word_1_108' title='bbox 1860 1517 1932 1572; x_wconf 91' lang='lat' dir='ltr'><strong>Ita</strong></span> 
     </span>
    </p>
   </div>
   <div class='ocr_carea' id='block_1_14' title="bbox 373 1607 1936 1676">
    <p class='ocr_par' dir='ltr' id='par_1_14' title="bbox 373 1607 1936 1676">
     <span class='ocr_line' id='line_1_14' title="bbox 373 1607 1936 1676; baseline -0.001 -13"><span class='ocrx_word' id='word_1_109' title='bbox 373 1611 496 1665; x_wconf 90' lang='lat' dir='ltr'><strong>dum</strong></span> <span class='ocrx_word' id='word_1_110' title='bbox 525 1611 674 1665; x_wconf 93' lang='lat' dir='ltr'><strong>multi</strong></span> <span class='ocrx_word' id='word_1_111' title='bbox 697 1619 1066 1665; x_wconf 83' lang='lat' dir='ltr'><strong>revererentur</strong></span> <span class='ocrx_word' id='word_1_112' title='bbox 1089 1610 1410 1676; x_wconf 83' lang='lat' dir='ltr'><strong>amicitiam,</strong></span> <span class='ocrx_word' id='word_1_113' title='bbox 1435 1609 1488 1662; x_wconf 91' lang='lat' dir='ltr'><strong>in</strong></span> <span class='ocrx_word' id='word_1_114' title='bbox 1529 1608 1800 1664; x_wconf 83' lang='lat' dir='ltr'><strong>ebrietatis</strong></span> <span class='ocrx_word' id='word_1_115' title='bbox 1835 1607 1936 1662; x_wconf 82' lang='lat' dir='ltr'><strong>llu-</strong></span> 
     </span>
    </p>
   </div>
   <div class='ocr_carea' id='block_1_15' title="bbox 371 1699 1939 1771">
    <p class='ocr_par' dir='ltr' id='par_1_15' title="bbox 371 1699 1939 1771">
     <span class='ocr_line' id='line_1_15' title="bbox 371 1699 1939 1771; baseline 0 -16"><span class='ocrx_word' id='word_1_116' title='bbox 371 1714 488 1756; x_wconf 85' lang='lat' dir='ltr'><strong>ctus</strong></span> <span class='ocrx_word' id='word_1_117' title='bbox 515 1703 743 1758; x_wconf 91' lang='lat' dir='ltr'><strong>devoluti</strong></span> <span class='ocrx_word' id='word_1_118' title='bbox 785 1711 939 1768; x_wconf 89' lang='lat' dir='ltr'><strong>sunt,</strong></span> <span class='ocrx_word' id='word_1_119' title='bbox 969 1702 1040 1756; x_wconf 91' lang='lat' dir='ltr'><strong>ita</strong></span> <span class='ocrx_word' id='word_1_120' title='bbox 1083 1701 1219 1771; x_wconf 88' lang='lat' dir='ltr'><strong>capti</strong></span> <span class='ocrx_word' id='word_1_121' title='bbox 1247 1710 1372 1756; x_wconf 86' lang='lat' dir='ltr'><strong>sunt</strong></span> <span class='ocrx_word' id='word_1_122' title='bbox 1409 1714 1440 1754; x_wconf 88' lang='lat' dir='ltr'><strong>a</strong></span> <span class='ocrx_word' id='word_1_123' title='bbox 1483 1699 1856 1768; x_wconf 85' lang='lat' dir='ltr'><strong>fornicatione,</strong></span> <span class='ocrx_word' id='word_1_124' title='bbox 1884 1709 1939 1756; x_wconf 88' lang='lat' dir='ltr'><strong>et</strong></span> 
     </span>
    </p>
   </div>
   <div class='ocr_carea' id='block_1_16' title="bbox 371 1789 1938 1862">
    <p class='ocr_par' dir='ltr' id='par_1_16' title="bbox 371 1789 1938 1862">
     <span class='ocr_line' id='line_1_16' title="bbox 371 1789 1938 1862; baseline -0.001 -16"><span class='ocrx_word' id='word_1_125' title='bbox 371 1795 543 1861; x_wconf 83' lang='lat' dir='ltr'><strong>ignem</strong></span> <span class='ocrx_word' id='word_1_126' title='bbox 563 1793 852 1862; x_wconf 81' lang='lat' dir='ltr'><strong>voluptatis</strong></span> <span class='ocrx_word' id='word_1_127' title='bbox 876 1791 1267 1856; x_wconf 89' lang='lat' dir='ltr'><strong>accenderunt,</strong></span> <span class='ocrx_word' id='word_1_128' title='bbox 1291 1790 1416 1845; x_wconf 90' lang='lat' dir='ltr'><strong>dum</strong></span> <span class='ocrx_word' id='word_1_129' title='bbox 1441 1789 1643 1860; x_wconf 88' lang='lat' dir='ltr'><strong>sequuti</strong></span> <span class='ocrx_word' id='word_1_130' title='bbox 1667 1797 1790 1844; x_wconf 84' lang='lat' dir='ltr'><strong>sunt</strong></span> <span class='ocrx_word' id='word_1_131' title='bbox 1811 1805 1938 1844; x_wconf 89' lang='lat' dir='ltr'><strong>eon-</strong></span> 
     </span>
    </p>
   </div>
   <div class='ocr_carea' id='block_1_17' title="bbox 370 1881 1938 1951">
    <p class='ocr_par' dir='ltr' id='par_1_17' title="bbox 370 1881 1938 1951">
     <span class='ocr_line' id='line_1_17' title="bbox 370 1881 1938 1951; baseline 0.001 -15"><span class='ocrx_word' id='word_1_132' title='bbox 370 1885 503 1939; x_wconf 90' lang='lat' dir='ltr'><strong>vivia</strong></span> <span class='ocrx_word' id='word_1_133' title='bbox 524 1895 578 1940; x_wconf 88' lang='lat' dir='ltr'><strong>et</strong></span> <span class='ocrx_word' id='word_1_134' title='bbox 609 1884 812 1938; x_wconf 88' lang='lat' dir='ltr'><strong>theatra</strong></span> <span class='ocrx_word' id='word_1_135' title='bbox 842 1883 1086 1937; x_wconf 87' lang='lat' dir='ltr'><strong>habentia</strong></span> <span class='ocrx_word' id='word_1_136' title='bbox 1107 1883 1329 1938; x_wconf 92' lang='lat' dir='ltr'><strong>multum</strong></span> <span class='ocrx_word' id='word_1_137' title='bbox 1357 1882 1661 1951; x_wconf 86' lang='lat' dir='ltr'><strong>iniquitatis.</strong></span> <span class='ocrx_word' id='word_1_138' title='bbox 1690 1881 1800 1936; x_wconf 82' lang='lat' dir='ltr'><strong>Hoc</strong></span> <span class='ocrx_word' id='word_1_139' title='bbox 1827 1882 1938 1950; x_wconf 88' lang='lat' dir='ltr'><strong>ipse</strong></span> 
     </span>
    </p>
   </div>
   <div class='ocr_carea' id='block_1_18' title="bbox 369 1971 1936 2048">
    <p class='ocr_par' dir='ltr' id='par_1_18' title="bbox 369 1971 1936 2048">
     <span class='ocr_line' id='line_1_18' title="bbox 369 1971 1936 2048; baseline 0.001 -23"><span class='ocrx_word' id='word_1_140' title='bbox 369 1988 578 2044; x_wconf 86' lang='lat' dir='ltr'><strong>quoque</strong></span> <span class='ocrx_word' id='word_1_141' title='bbox 602 1973 831 2028; x_wconf 88' lang='lat' dir='ltr'><strong>ostendit</strong></span> <span class='ocrx_word' id='word_1_142' title='bbox 856 1988 914 2027; x_wconf 89' lang='lat' dir='ltr'><strong>se</strong></span> <span class='ocrx_word' id='word_1_143' title='bbox 937 1971 1122 2027; x_wconf 89' lang='lat' dir='ltr'><strong>fecisse</strong></span> <span class='ocrx_word' id='word_1_144' title='bbox 1139 2013 1155 2037; x_wconf 90' lang='lat'><strong>,</strong></span> <span class='ocrx_word' id='word_1_145' title='bbox 1183 1981 1240 2026; x_wconf 93' lang='lat' dir='ltr'><strong>ut</strong></span> <span class='ocrx_word' id='word_1_146' title='bbox 1265 1987 1332 2027; x_wconf 91' lang='lat' dir='ltr'><strong>ne</strong></span> <span class='ocrx_word' id='word_1_147' title='bbox 1351 1971 1608 2048; x_wconf 83' lang='lat' dir='ltr'><strong>ejusmodi</strong></span> <span class='ocrx_word' id='word_1_148' title='bbox 1634 1985 1829 2026; x_wconf 71' lang='lat' dir='ltr'><strong>mensa:</strong></span> <span class='ocrx_word' id='word_1_149' title='bbox 1847 1986 1936 2026; x_wconf 88' lang='lat' dir='ltr'><strong>es-</strong></span> 
     </span>
    </p>
   </div>
   <div class='ocr_carea' id='block_1_19' title="bbox 370 2061 1934 2134">
    <p class='ocr_par' dir='ltr' id='par_1_19' title="bbox 370 2061 1934 2134">
     <span class='ocr_line' id='line_1_19' title="bbox 370 2061 1934 2134; baseline -0.003 -16"><span class='ocrx_word' id='word_1_150' title='bbox 370 2073 453 2118; x_wconf 84' lang='lat' dir='ltr'><strong>set</strong></span> <span class='ocrx_word' id='word_1_151' title='bbox 497 2065 778 2134; x_wconf 82' lang='lat' dir='ltr'><strong>particeps.</strong></span> <span class='ocrx_word' id='word_1_152' title='bbox 807 2063 862 2119; x_wconf 83' lang='lat'><strong>5.</strong></span> <span class='ocrx_word' id='word_1_153' title='bbox 890 2062 1134 2132; x_wconf 81' lang='lat' dir='ltr'><strong>Corripiet</strong></span> <span class='ocrx_word' id='word_1_154' title='bbox 1171 2078 1250 2115; x_wconf 89' lang='lat' dir='ltr'><strong>me</strong></span> <span class='ocrx_word' id='word_1_155' title='bbox 1283 2064 1454 2134; x_wconf 81' lang='lat' dir='ltr'><strong>justus</strong></span> <span class='ocrx_word' id='word_1_156' title='bbox 1478 2061 1531 2114; x_wconf 90' lang='lat' dir='ltr'><strong>in</strong></span> <span class='ocrx_word' id='word_1_157' title='bbox 1557 2061 1897 2115; x_wconf 75' lang='lat' dir='ltr'><strong>misericordia</strong></span> <span class='ocrx_word' id='word_1_158' title='bbox 1919 2101 1934 2126; x_wconf 94' lang='lat'><strong>,</strong></span> 
     </span>
    </p>
   </div>
   <div class='ocr_carea' id='block_1_20' title="bbox 370 2151 1937 2225">
    <p class='ocr_par' dir='ltr' id='par_1_20' title="bbox 370 2151 1937 2225">
     <span class='ocr_line' id='line_1_20' title="bbox 370 2151 1937 2225; baseline -0.003 -18"><span class='ocrx_word' id='word_1_159' title='bbox 370 2165 414 2207; x_wconf 86' lang='lat' dir='ltr'><strong>et</strong></span> <span class='ocrx_word' id='word_1_160' title='bbox 437 2155 710 2225; x_wconf 75' lang='lat' dir='ltr'><strong>increpabit</strong></span> <span class='ocrx_word' id='word_1_161' title='bbox 735 2169 847 2208; x_wconf 87' lang='lat' dir='ltr'><strong>me:</strong></span> <span class='ocrx_word' id='word_1_162' title='bbox 866 2155 1029 2208; x_wconf 83' lang='lat' dir='ltr'><strong>oleant</strong></span> <span class='ocrx_word' id='word_1_163' title='bbox 1053 2165 1214 2207; x_wconf 80' lang='lat' dir='ltr'><strong>autem</strong></span> <span class='ocrx_word' id='word_1_164' title='bbox 1241 2151 1513 2222; x_wconf 79' lang='lat' dir='ltr'><strong>peccatoris</strong></span> <span class='ocrx_word' id='word_1_165' title='bbox 1537 2168 1638 2204; x_wconf 86' lang='lat' dir='ltr'><strong>non</strong></span> <span class='ocrx_word' id='word_1_166' title='bbox 1664 2151 1937 2221; x_wconf 84' lang='lat' dir='ltr'><strong>impinguet</strong></span> 
     </span>
    </p>
   </div>
   <div class='ocr_carea' id='block_1_21' title="bbox 368 2241 1933 2315">
    <p class='ocr_par' dir='ltr' id='par_1_21' title="bbox 368 2241 1933 2315">
     <span class='ocr_line' id='line_1_21' title="bbox 368 2241 1933 2315; baseline -0.004 -16"><span class='ocrx_word' id='word_1_167' title='bbox 368 2256 518 2315; x_wconf 79' lang='lat' dir='ltr'><strong>caput</strong></span> <span class='ocrx_word' id='word_1_168' title='bbox 537 2262 720 2298; x_wconf 90' lang='lat' dir='ltr'><strong>meum.</strong></span> <span class='ocrx_word' id='word_1_169' title='bbox 747 2245 896 2299; x_wconf 78' lang='lat' dir='ltr'><strong>Alius</strong></span> <span class='ocrx_word' id='word_1_170' title='bbox 914 2285 930 2311; x_wconf 93' lang='lat'><strong>,</strong></span> <span class='ocrx_word' id='word_1_171' title='bbox 956 2243 1254 2297; x_wconf 76' lang='lat' dir='ltr'><strong>Misereatur</strong></span> <span class='ocrx_word' id='word_1_172' title='bbox 1273 2242 1367 2295; x_wconf 90' lang='lat' dir='ltr'><strong>ntei</strong></span> <span class='ocrx_word' id='word_1_173' title='bbox 1381 2243 1553 2312; x_wconf 88' lang='lat' dir='ltr'><strong>justus</strong></span> <span class='ocrx_word' id='word_1_174' title='bbox 1574 2241 1933 2308; x_wconf 79' lang='lat' dir='ltr'><strong>misericordia,</strong></span> 
     </span>
    </p>
   </div>
   <div class='ocr_carea' id='block_1_22' title="bbox 368 2331 1935 2405">
    <p class='ocr_par' dir='ltr' id='par_1_22' title="bbox 368 2331 1935 2405">
     <span class='ocr_line' id='line_1_22' title="bbox 368 2331 1935 2405; baseline -0.004 -15"><span class='ocrx_word' id='word_1_175' title='bbox 368 2345 414 2390; x_wconf 87' lang='lat' dir='ltr'><strong>el</strong></span> <span class='ocrx_word' id='word_1_176' title='bbox 442 2337 660 2405; x_wconf 84' lang='lat' dir='ltr'><strong>increpet</strong></span> <span class='ocrx_word' id='word_1_177' title='bbox 691 2336 730 2389; x_wconf 80' lang='grc' dir='ltr'>ι.</span> <span class='ocrx_word' id='word_1_178' title='bbox 759 2334 871 2389; x_wconf 81' lang='lat' dir='ltr'><strong>Hoc</strong></span> <span class='ocrx_word' id='word_1_179' title='bbox 891 2347 1100 2404; x_wconf 89' lang='lat' dir='ltr'><strong>quoque</strong></span> <span class='ocrx_word' id='word_1_180' title='bbox 1124 2347 1241 2387; x_wconf 87' lang='lat' dir='ltr'><strong>eum</strong></span> <span class='ocrx_word' id='word_1_181' title='bbox 1277 2331 1450 2401; x_wconf 90' lang='lat' dir='ltr'><strong>priore</strong></span> <span class='ocrx_word' id='word_1_182' title='bbox 1477 2345 1580 2386; x_wconf 93' lang='lat' dir='ltr'><strong>non</strong></span> <span class='ocrx_word' id='word_1_183' title='bbox 1609 2339 1690 2385; x_wconf 89' lang='lat' dir='ltr'><strong>est</strong></span> <span class='ocrx_word' id='word_1_184' title='bbox 1717 2345 1935 2400; x_wconf 90' lang='lat' dir='ltr'><strong>parvum</strong></span> 
     </span>
    </p>
   </div>
   <div class='ocr_carea' id='block_1_23' title="bbox 368 2421 1938 2494">
    <p class='ocr_par' dir='ltr' id='par_1_23' title="bbox 368 2421 1938 2494">
     <span class='ocr_line' id='line_1_23' title="bbox 368 2421 1938 2494; baseline -0.003 -14"><span class='ocrx_word' id='word_1_185' title='bbox 368 2441 533 2494; x_wconf 84' lang='lat' dir='ltr'><strong>genus</strong></span> <span class='ocrx_word' id='word_1_186' title='bbox 559 2425 798 2490; x_wconf 85' lang='lat' dir='ltr'><strong>virtutis,</strong></span> <span class='ocrx_word' id='word_1_187' title='bbox 824 2439 926 2480; x_wconf 91' lang='lat' dir='ltr'><strong>non</strong></span> <span class='ocrx_word' id='word_1_188' title='bbox 955 2422 1134 2494; x_wconf 87' lang='lat' dir='ltr'><strong>fugere</strong></span> <span class='ocrx_word' id='word_1_189' title='bbox 1163 2421 1600 2492; x_wconf 87' lang='lat' dir='ltr'><strong>reprehensiones</strong></span> <span class='ocrx_word' id='word_1_190' title='bbox 1622 2429 1677 2476; x_wconf 91' lang='lat' dir='ltr'><strong>et</strong></span> <span class='ocrx_word' id='word_1_191' title='bbox 1701 2422 1938 2490; x_wconf 85' lang='lat' dir='ltr'><strong>increpa-</strong></span> 
     </span>
    </p>
   </div>
   <div class='ocr_carea' id='block_1_24' title="bbox 369 2513 1935 2587">
    <p class='ocr_par' dir='ltr' id='par_1_24' title="bbox 369 2513 1935 2587">
     <span class='ocr_line' id='line_1_24' title="bbox 369 2513 1935 2587; baseline -0.002 -17"><span class='ocrx_word' id='word_1_192' title='bbox 369 2517 542 2572; x_wconf 90' lang='lat' dir='ltr'><strong>tiones</strong></span> <span class='ocrx_word' id='word_1_193' title='bbox 567 2533 685 2587; x_wconf 60' lang='lat' dir='ltr'><strong>quas</strong></span> <span class='ocrx_word' id='word_1_194' title='bbox 715 2517 842 2570; x_wconf 87' lang='lat' dir='ltr'><strong>liunt</strong></span> <span class='ocrx_word' id='word_1_195' title='bbox 862 2530 891 2568; x_wconf 88' lang='lat' dir='ltr'><strong>a</strong></span> <span class='ocrx_word' id='word_1_196' title='bbox 915 2515 1087 2585; x_wconf 84' lang='lat' dir='ltr'><strong>justis.</strong></span> <span class='ocrx_word' id='word_1_197' title='bbox 1118 2513 1266 2582; x_wconf 85' lang='lat' dir='ltr'><strong>Quod</strong></span> <span class='ocrx_word' id='word_1_198' title='bbox 1294 2523 1470 2568; x_wconf 89' lang='lat' dir='ltr'><strong>autem</strong></span> <span class='ocrx_word' id='word_1_199' title='bbox 1501 2514 1658 2581; x_wconf 88' lang='lat' dir='ltr'><strong>dicit,</strong></span> <span class='ocrx_word' id='word_1_200' title='bbox 1685 2523 1767 2569; x_wconf 90' lang='lat' dir='ltr'><strong>est</strong></span> <span class='ocrx_word' id='word_1_201' title='bbox 1793 2513 1935 2582; x_wconf 90' lang='lat' dir='ltr'><strong>ejus-</strong></span> 
     </span>
    </p>
   </div>
   <div class='ocr_carea' id='block_1_25' title="bbox 369 2603 1934 2676">
    <p class='ocr_par' dir='ltr' id='par_1_25' title="bbox 369 2603 1934 2676">
     <span class='ocr_line' id='line_1_25' title="bbox 369 2603 1934 2676; baseline -0.001 -16"><span class='ocrx_word' id='word_1_202' title='bbox 369 2606 510 2660; x_wconf 89' lang='lat' dir='ltr'><strong>modi</strong></span> <span class='ocrx_word' id='word_1_203' title='bbox 538 2624 552 2660; x_wconf 94' lang='lat'><strong>:</strong></span> <span class='ocrx_word' id='word_1_204' title='bbox 585 2607 782 2662; x_wconf 89' lang='lat' dir='ltr'><strong>Eorum</strong></span> <span class='ocrx_word' id='word_1_205' title='bbox 810 2604 1018 2676; x_wconf 88' lang='lat' dir='ltr'><strong>quidem</strong></span> <span class='ocrx_word' id='word_1_206' title='bbox 1040 2645 1053 2669; x_wconf 91' lang='lat'><strong>,</strong></span> <span class='ocrx_word' id='word_1_207' title='bbox 1085 2605 1173 2674; x_wconf 86' lang='lat' dir='ltr'><strong>qui</strong></span> <span class='ocrx_word' id='word_1_208' title='bbox 1216 2603 1281 2658; x_wconf 90' lang='lat' dir='ltr'><strong>ad</strong></span> <span class='ocrx_word' id='word_1_209' title='bbox 1307 2603 1528 2673; x_wconf 76' lang='lat' dir='ltr'><strong>gratiam</strong></span> <span class='ocrx_word' id='word_1_210' title='bbox 1560 2603 1844 2672; x_wconf 90' lang='lat' dir='ltr'><strong>loquuntur</strong></span> <span class='ocrx_word' id='word_1_211' title='bbox 1882 2604 1934 2658; x_wconf 92' lang='lat' dir='ltr'><strong>in</strong></span> 
     </span>
    </p>
   </div>
   <div class='ocr_carea' id='block_1_26' title="bbox 368 2695 1936 2766">
    <p class='ocr_par' dir='ltr' id='par_1_26' title="bbox 368 2695 1936 2766">
     <span class='ocr_line' id='line_1_26' title="bbox 368 2695 1936 2766; baseline -0.001 -15"><span class='ocrx_word' id='word_1_212' title='bbox 368 2697 616 2752; x_wconf 85' lang='lat' dir='ltr'><strong>damnum</strong></span> <span class='ocrx_word' id='word_1_213' title='bbox 638 2737 655 2764; x_wconf 93' lang='lat'><strong>,</strong></span> <span class='ocrx_word' id='word_1_214' title='bbox 683 2705 851 2753; x_wconf 63' lang='lat' dir='ltr'><strong>castus</strong></span> <span class='ocrx_word' id='word_1_215' title='bbox 881 2711 1162 2766; x_wconf 85' lang='lat' dir='ltr'><strong>numquam</strong></span> <span class='ocrx_word' id='word_1_216' title='bbox 1188 2695 1373 2751; x_wconf 80' lang='lat' dir='ltr'><strong>fuerim</strong></span> <span class='ocrx_word' id='word_1_217' title='bbox 1396 2695 1659 2766; x_wconf 89' lang='lat' dir='ltr'><strong>particeps</strong></span> <span class='ocrx_word' id='word_1_218' title='bbox 1683 2712 1698 2749; x_wconf 89' lang='lat'><strong>:</strong></span> <span class='ocrx_word' id='word_1_219' title='bbox 1727 2709 1819 2750; x_wconf 88' lang='lat' dir='ltr'><strong>eos</strong></span> <span class='ocrx_word' id='word_1_220' title='bbox 1845 2709 1936 2750; x_wconf 90' lang='lat' dir='ltr'><strong>au-</strong></span> 
     </span>
    </p>
   </div>
   <div class='ocr_carea' id='block_1_27' title="bbox 367 2785 1933 2858">
    <p class='ocr_par' dir='ltr' id='par_1_27' title="bbox 367 2785 1933 2858">
     <span class='ocr_line' id='line_1_27' title="bbox 367 2785 1933 2858; baseline -0.001 -16"><span class='ocrx_word' id='word_1_221' title='bbox 367 2797 472 2843; x_wconf 89' lang='lat' dir='ltr'><strong>tem</strong></span> <span class='ocrx_word' id='word_1_222' title='bbox 516 2788 766 2858; x_wconf 88' lang='lat' dir='ltr'><strong>elegerim</strong></span> <span class='ocrx_word' id='word_1_223' title='bbox 805 2787 892 2858; x_wconf 92' lang='lat' dir='ltr'><strong>qui</strong></span> <span class='ocrx_word' id='word_1_224' title='bbox 935 2795 1058 2842; x_wconf 87' lang='lat' dir='ltr'><strong>sunt</strong></span> <span class='ocrx_word' id='word_1_225' title='bbox 1087 2785 1462 2853; x_wconf 83' lang='lat' dir='ltr'><strong>vehementes,</strong></span> <span class='ocrx_word' id='word_1_226' title='bbox 1505 2785 1595 2856; x_wconf 86' lang='lat' dir='ltr'><strong>qui</strong></span> <span class='ocrx_word' id='word_1_227' title='bbox 1636 2786 1933 2855; x_wconf 78' lang='lat' dir='ltr'><strong>corrigunt,</strong></span> 
     </span>
    </p>
   </div>
   <div class='ocr_carea' id='block_1_28' title="bbox 368 2875 1939 2950">
    <p class='ocr_par' dir='ltr' id='par_1_28' title="bbox 368 2875 1939 2950">
     <span class='ocr_line' id='line_1_28' title="bbox 368 2875 1939 2950; baseline -0.002 -18"><span class='ocrx_word' id='word_1_228' title='bbox 368 2879 454 2950; x_wconf 88' lang='lat' dir='ltr'><strong>qui</strong></span> <span class='ocrx_word' id='word_1_229' title='bbox 485 2887 750 2950; x_wconf 87' lang='lat' dir='ltr'><strong>peccatum</strong></span> <span class='ocrx_word' id='word_1_230' title='bbox 798 2878 1072 2948; x_wconf 85' lang='lat' dir='ltr'><strong>aperiunt,</strong></span> <span class='ocrx_word' id='word_1_231' title='bbox 1122 2877 1210 2946; x_wconf 90' lang='lat' dir='ltr'><strong>qui</strong></span> <span class='ocrx_word' id='word_1_232' title='bbox 1239 2876 1652 2947; x_wconf 89' lang='lat' dir='ltr'><strong>reprehendunt.</strong></span> <span class='ocrx_word' id='word_1_233' title='bbox 1699 2875 1811 2930; x_wconf 89' lang='lat' dir='ltr'><strong>Hoc</strong></span> <span class='ocrx_word' id='word_1_234' title='bbox 1855 2883 1939 2930; x_wconf 86' lang='lat' dir='ltr'><strong>est</strong></span> 
     </span>
    </p>
   </div>
   <div class='ocr_carea' id='block_1_29' title="bbox 367 2967 1934 3033">
    <p class='ocr_par' dir='ltr' id='par_1_29' title="bbox 367 2967 1934 3033">
     <span class='ocr_line' id='line_1_29' title="bbox 367 2967 1934 3033; baseline -0.002 -8"><span class='ocrx_word' id='word_1_235' title='bbox 367 2973 506 3026; x_wconf 82' lang='lat' dir='ltr'><strong>enim</strong></span> <span class='ocrx_word' id='word_1_236' title='bbox 555 2970 785 3026; x_wconf 90' lang='lat' dir='ltr'><strong>maxime</strong></span> <span class='ocrx_word' id='word_1_237' title='bbox 832 2969 1208 3024; x_wconf 66' lang='lat' dir='ltr'><strong>misericordiae</strong></span> <span class='ocrx_word' id='word_1_238' title='bbox 1254 2977 1308 3023; x_wconf 91' lang='lat' dir='ltr'><strong>et</strong></span> <span class='ocrx_word' id='word_1_239' title='bbox 1353 2968 1686 3033; x_wconf 71' lang='lat' dir='ltr'><strong>clementim,</strong></span> <span class='ocrx_word' id='word_1_240' title='bbox 1733 2967 1934 3022; x_wconf 87' lang='lat' dir='ltr'><strong>mederi</strong></span> 
     </span>
    </p>
   </div>
   <div class='ocr_carea' id='block_1_30' title="bbox 369 3057 1938 3128">
    <p class='ocr_par' dir='ltr' id='par_1_30' title="bbox 369 3057 1938 3128">
     <span class='ocr_line' id='line_1_30' title="bbox 369 3057 1938 3128; baseline -0.002 -15"><span class='ocrx_word' id='word_1_241' title='bbox 369 3060 690 3116; x_wconf 88' lang='lat' dir='ltr'><strong>vulneribus.</strong></span> <span class='ocrx_word' id='word_1_242' title='bbox 723 3058 902 3114; x_wconf 83' lang='lat' dir='ltr'><strong>Oleum</strong></span> <span class='ocrx_word' id='word_1_243' title='bbox 924 3068 1090 3112; x_wconf 87' lang='lat' dir='ltr'><strong>autem</strong></span> <span class='ocrx_word' id='word_1_244' title='bbox 1120 3058 1391 3128; x_wconf 82' lang='lat' dir='ltr'><strong>peccatoris</strong></span> <span class='ocrx_word' id='word_1_245' title='bbox 1415 3074 1514 3111; x_wconf 89' lang='lat' dir='ltr'><strong>non</strong></span> <span class='ocrx_word' id='word_1_246' title='bbox 1551 3057 1826 3128; x_wconf 86' lang='lat' dir='ltr'><strong>impinguet</strong></span> <span class='ocrx_word' id='word_1_247' title='bbox 1848 3073 1938 3110; x_wconf 86' lang='lat' dir='ltr'><strong>ca-</strong></span> 
     </span>
    </p>
   </div>
   <div class='ocr_carea' id='block_1_31' title="bbox 369 3148 1938 3221">
    <p class='ocr_par' dir='ltr' id='par_1_31' title="bbox 369 3148 1938 3221">
     <span class='ocr_line' id='line_1_31' title="bbox 369 3148 1938 3221; baseline -0.002 -17"><span class='ocrx_word' id='word_1_248' title='bbox 369 3160 457 3221; x_wconf 77' lang='lat' dir='ltr'><strong>put</strong></span> <span class='ocrx_word' id='word_1_249' title='bbox 494 3167 679 3205; x_wconf 85' lang='lat' dir='ltr'><strong>meum.</strong></span> <span class='ocrx_word' id='word_1_250' title='bbox 709 3149 894 3205; x_wconf 83' lang='lat' dir='ltr'><strong>Vidisti</strong></span> <span class='ocrx_word' id='word_1_251' title='bbox 938 3150 1166 3204; x_wconf 78' lang='lat' dir='ltr'><strong>animam</strong></span> <span class='ocrx_word' id='word_1_252' title='bbox 1208 3148 1403 3203; x_wconf 84' lang='lat' dir='ltr'><strong>virtute</strong></span> <span class='ocrx_word' id='word_1_253' title='bbox 1444 3148 1752 3202; x_wconf 87' lang='lat' dir='ltr'><strong>instruetam</strong></span> <span class='ocrx_word' id='word_1_254' title='bbox 1774 3188 1788 3212; x_wconf 91' lang='lat'><strong>,</strong></span> <span class='ocrx_word' id='word_1_255' title='bbox 1817 3161 1938 3216; x_wconf 71' lang='lat' dir='ltr'><strong>qua:</strong></span> 
     </span>
    </p>
   </div>
   <div class='ocr_carea' id='block_1_32' title="bbox 368 3236 1940 3309">
    <p class='ocr_par' dir='ltr' id='par_1_32' title="bbox 368 3236 1940 3309">
     <span class='ocr_line' id='line_1_32' title="bbox 368 3236 1940 3309; baseline -0.001 -16"><span class='ocrx_word' id='word_1_256' title='bbox 368 3242 469 3296; x_wconf 87' lang='lat' dir='ltr'><strong>tcrt</strong></span> <span class='ocrx_word' id='word_1_257' title='bbox 517 3241 758 3296; x_wconf 84' lang='lat' dir='ltr'><strong>lubenter</strong></span> <span class='ocrx_word' id='word_1_258' title='bbox 804 3241 1064 3309; x_wconf 87' lang='lat' dir='ltr'><strong>justorum</strong></span> <span class='ocrx_word' id='word_1_259' title='bbox 1115 3237 1589 3309; x_wconf 84' lang='lat' dir='ltr'><strong>reprehensiones,</strong></span> <span class='ocrx_word' id='word_1_260' title='bbox 1635 3236 1703 3290; x_wconf 90' lang='lat' dir='ltr'><strong>ab</strong></span> <span class='ocrx_word' id='word_1_261' title='bbox 1748 3237 1940 3306; x_wconf 80' lang='lat' dir='ltr'><strong>iniquis</strong></span> 
     </span>
    </p>
   </div>
   <div class='ocr_carea' id='block_1_33' title="bbox 369 3326 1937 3401">
    <p class='ocr_par' dir='ltr' id='par_1_33' title="bbox 369 3326 1937 3401">
     <span class='ocr_line' id='line_1_33' title="bbox 369 3326 1937 3401; baseline -0.003 -15"><span class='ocrx_word' id='word_1_262' title='bbox 369 3339 577 3399; x_wconf 83' lang='lat' dir='ltr'><strong>autem,</strong></span> <span class='ocrx_word' id='word_1_263' title='bbox 604 3333 684 3386; x_wconf 89' lang='lat' dir='ltr'><strong>vel</strong></span> <span class='ocrx_word' id='word_1_264' title='bbox 714 3331 778 3386; x_wconf 91' lang='lat' dir='ltr'><strong>ad</strong></span> <span class='ocrx_word' id='word_1_265' title='bbox 806 3331 1022 3401; x_wconf 76' lang='lat' dir='ltr'><strong>gratiam</strong></span> <span class='ocrx_word' id='word_1_266' title='bbox 1051 3329 1216 3384; x_wconf 89' lang='lat' dir='ltr'><strong>factas</strong></span> <span class='ocrx_word' id='word_1_267' title='bbox 1240 3327 1446 3398; x_wconf 83' lang='lat' dir='ltr'><strong>rejicit?</strong></span> <span class='ocrx_word' id='word_1_268' title='bbox 1471 3326 1680 3393; x_wconf 80' lang='lat' dir='ltr'><strong>Quare?</strong></span> <span class='ocrx_word' id='word_1_269' title='bbox 1711 3326 1841 3394; x_wconf 86' lang='lat' dir='ltr'><strong>Quia</strong></span> <span class='ocrx_word' id='word_1_270' title='bbox 1865 3327 1937 3381; x_wconf 92' lang='lat' dir='ltr'><strong>illi</strong></span> 
     </span>
    </p>
   </div>
   <div class='ocr_carea' id='block_1_34' title="bbox 370 3415 1938 3490">
    <p class='ocr_par' dir='ltr' id='par_1_34' title="bbox 370 3415 1938 3490">
     <span class='ocr_line' id='line_1_34' title="bbox 370 3415 1938 3490; baseline -0.004 -14"><span class='ocrx_word' id='word_1_271' title='bbox 370 3422 455 3477; x_wconf 87' lang='lat' dir='ltr'><strong>vel</strong></span> <span class='ocrx_word' id='word_1_272' title='bbox 505 3423 816 3476; x_wconf 87' lang='lat' dir='ltr'><strong>miserentes</strong></span> <span class='ocrx_word' id='word_1_273' title='bbox 862 3435 1003 3490; x_wconf 61' lang='lat' dir='ltr'><strong>saepe</strong></span> <span class='ocrx_word' id='word_1_274' title='bbox 1049 3419 1263 3474; x_wconf 80' lang='lat' dir='ltr'><strong>exitium</strong></span> <span class='ocrx_word' id='word_1_275' title='bbox 1309 3417 1632 3472; x_wconf 87' lang='lat' dir='ltr'><strong>attulerunt:</strong></span> <span class='ocrx_word' id='word_1_276' title='bbox 1663 3415 1715 3470; x_wconf 87' lang='lat' dir='ltr'><strong>hi</strong></span> <span class='ocrx_word' id='word_1_277' title='bbox 1763 3425 1938 3470; x_wconf 89' lang='lat' dir='ltr'><strong>autem</strong></span> 
     </span>
    </p>
   </div>
   <div class='ocr_carea' id='block_1_35' title="bbox 369 3512 1936 3581">
    <p class='ocr_par' dir='ltr' id='par_1_35' title="bbox 369 3512 1936 3581">
     <span class='ocr_line' id='line_1_35' title="bbox 369 3512 1936 3581; baseline -0.003 -15"><span class='ocrx_word' id='word_1_278' title='bbox 369 3513 563 3568; x_wconf 84' lang='lat' dir='ltr'><strong>acriter</strong></span> <span class='ocrx_word' id='word_1_279' title='bbox 589 3513 903 3566; x_wconf 87' lang='lat' dir='ltr'><strong>insectantes</strong></span> <span class='ocrx_word' id='word_1_280' title='bbox 924 3522 977 3566; x_wconf 91' lang='lat' dir='ltr'><strong>et</strong></span> <span class='ocrx_word' id='word_1_281' title='bbox 998 3512 1324 3581; x_wconf 82' lang='lat' dir='ltr'><strong>increpantes</strong></span> <span class='ocrx_word' id='word_1_282' title='bbox 1349 3517 1723 3574; x_wconf 84' lang='lat' dir='ltr'><strong>correxerunt;</strong></span> <span class='ocrx_word' id='word_1_283' title='bbox 1742 3517 1794 3563; x_wconf 89' lang='lat' dir='ltr'><strong>et</strong></span> <span class='ocrx_word' id='word_1_284' title='bbox 1819 3523 1936 3562; x_wconf 91' lang='lat' dir='ltr'><strong>cum</strong></span> 
     </span>
    </p>
   </div>
   <div class='ocr_carea' id='block_1_36' title="bbox 371 3597 1936 3670">
    <p class='ocr_par' dir='ltr' id='par_1_36' title="bbox 371 3597 1936 3670">
     <span class='ocr_line' id='line_1_36' title="bbox 371 3597 1936 3670; baseline -0.005 -13"><span class='ocrx_word' id='word_1_285' title='bbox 371 3603 559 3657; x_wconf 86' lang='lat' dir='ltr'><strong>horum</strong></span> <span class='ocrx_word' id='word_1_286' title='bbox 625 3601 1034 3670; x_wconf 90' lang='lat' dir='ltr'><strong>reprehensione</strong></span> <span class='ocrx_word' id='word_1_287' title='bbox 1087 3601 1364 3668; x_wconf 89' lang='lat' dir='ltr'><strong>conjuncta</strong></span> <span class='ocrx_word' id='word_1_288' title='bbox 1414 3609 1494 3652; x_wconf 88' lang='lat' dir='ltr'><strong>est</strong></span> <span class='ocrx_word' id='word_1_289' title='bbox 1545 3597 1936 3664; x_wconf 83' lang='lat' dir='ltr'><strong>misericordia,</strong></span> 
     </span>
    </p>
   </div>
   <div class='ocr_carea' id='block_1_37' title="bbox 369 3681 1936 3750">
    <p class='ocr_par' dir='ltr' id='par_1_37' title="bbox 369 3681 1936 3750">
     <span class='ocr_line' id='line_1_37' title="bbox 369 3681 1936 3750; baseline -0.004 -10"><span class='ocrx_word' id='word_1_290' title='bbox 369 3702 486 3740; x_wconf 90' lang='lat' dir='ltr'><strong>cum</strong></span> <span class='ocrx_word' id='word_1_291' title='bbox 533 3686 738 3738; x_wconf 85' lang='lat' dir='ltr'><strong>illorum</strong></span> <span class='ocrx_word' id='word_1_292' title='bbox 769 3683 1125 3739; x_wconf 86' lang='lat' dir='ltr'><strong>misericordia</strong></span> <span class='ocrx_word' id='word_1_293' title='bbox 1167 3698 1329 3737; x_wconf 88' lang='lat' dir='ltr'><strong>mors.</strong></span> <span class='ocrx_word' id='word_1_294' title='bbox 1361 3683 1424 3736; x_wconf 90' lang='lat' dir='ltr'><strong>Et</strong></span> <span class='ocrx_word' id='word_1_295' title='bbox 1454 3681 1571 3737; x_wconf 86' lang='lat' dir='ltr'><strong>ideo</strong></span> <span class='ocrx_word' id='word_1_296' title='bbox 1613 3681 1745 3736; x_wconf 83' lang='lat' dir='ltr'><strong>dixit</strong></span> <span class='ocrx_word' id='word_1_297' title='bbox 1791 3681 1936 3750; x_wconf 85' lang='lat' dir='ltr'><strong>quis-</strong></span> 
     </span>
    </p>
   </div>
   <div class='ocr_carea' id='block_1_38' title="bbox 371 3773 1939 3848">
    <p class='ocr_par' dir='ltr' id='par_1_38' title="bbox 371 3773 1939 3848">
     <span class='ocr_line' id='line_1_38' title="bbox 371 3773 1939 3848; baseline -0.003 -19"><span class='ocrx_word' id='word_1_298' title='bbox 371 3780 547 3848; x_wconf 86' lang='lat' dir='ltr'><strong>piam:</strong></span> <span class='ocrx_word' id='word_1_299' title='bbox 589 3777 847 3830; x_wconf 79' lang='lat' dir='ltr'><strong>Fideliortt</strong></span> <span class='ocrx_word' id='word_1_300' title='bbox 875 3777 1148 3830; x_wconf 88' lang='lat' dir='ltr'><strong>amicorum</strong></span> <span class='ocrx_word' id='word_1_301' title='bbox 1186 3776 1427 3841; x_wconf 84' lang='lat' dir='ltr'><strong>vulnera,</strong></span> <span class='ocrx_word' id='word_1_302' title='bbox 1467 3789 1618 3842; x_wconf 84' lang='lat' dir='ltr'><strong>quam</strong></span> <span class='ocrx_word' id='word_1_303' title='bbox 1659 3773 1939 3826; x_wconf 86' lang='lat' dir='ltr'><strong>voluntaria</strong></span> 
     </span>
    </p>
   </div>
   <div class='ocr_carea' id='block_1_39' title="bbox 371 3864 1938 3938">
    <p class='ocr_par' dir='ltr' id='par_1_39' title="bbox 371 3864 1938 3938">
     <span class='ocr_line' id='line_1_39' title="bbox 371 3864 1938 3938; baseline -0.004 -14"><span class='ocrx_word' id='word_1_304' title='bbox 371 3871 540 3925; x_wconf 86' lang='lat' dir='ltr'><strong>oscula</strong></span> <span class='ocrx_word' id='word_1_305' title='bbox 588 3871 904 3923; x_wconf 82' lang='lat' dir='ltr'><strong>inimicorum</strong></span> <span class='ocrx_word' id='word_1_306' title='bbox 950 3866 1136 3938; x_wconf 82' lang='lat' dir='ltr'><strong>(Prov.</strong></span> <span class='ocrx_word' id='word_1_307' title='bbox 1180 3866 1268 3920; x_wconf 75' lang='grc'><strong>27.</strong></span> <span class='ocrx_word' id='word_1_308' title='bbox 1302 3866 1386 3935; x_wconf 83' lang='grc'><strong>6).</strong></span> <span class='ocrx_word' id='word_1_309' title='bbox 1433 3864 1718 3919; x_wconf 84' lang='lat' dir='ltr'><strong>Considera</strong></span> <span class='ocrx_word' id='word_1_310' title='bbox 1764 3873 1938 3918; x_wconf 86' lang='lat' dir='ltr'><strong>autem</strong></span> 
     </span>
    </p>
   </div>
   <div class='ocr_carea' id='block_1_40' title="bbox 371 3953 1938 4029">
    <p class='ocr_par' dir='ltr' id='par_1_40' title="bbox 371 3953 1938 4029">
     <span class='ocr_line' id='line_1_40' title="bbox 371 3953 1938 4029; baseline -0.006 -15"><span class='ocrx_word' id='word_1_311' title='bbox 371 3960 637 4029; x_wconf 81' lang='lat' dir='ltr'><strong>quomodo</strong></span> <span class='ocrx_word' id='word_1_312' title='bbox 667 3961 749 4013; x_wconf 89' lang='lat' dir='ltr'><strong>hic</strong></span> <span class='ocrx_word' id='word_1_313' title='bbox 773 3959 1032 4029; x_wconf 85' lang='lat' dir='ltr'><strong>significat</strong></span> <span class='ocrx_word' id='word_1_314' title='bbox 1059 3955 1188 4012; x_wconf 87' lang='lat' dir='ltr'><strong>illud</strong></span> <span class='ocrx_word' id='word_1_315' title='bbox 1213 3955 1557 4025; x_wconf 90' lang='lat' dir='ltr'><strong>apostolicum</strong></span> <span class='ocrx_word' id='word_1_316' title='bbox 1585 3972 1596 4006; x_wconf 93' lang='lat'>:</span> <span class='ocrx_word' id='word_1_317' title='bbox 1630 3953 1901 4023; x_wconf 82' lang='lat' dir='ltr'><strong>Redargue</strong></span> <span class='ocrx_word' id='word_1_318' title='bbox 1920 3993 1938 4021; x_wconf 90' lang='lat'><strong>,</strong></span> 
     </span>
    </p>
   </div>
   <div class='ocr_carea' id='block_1_41' title="bbox 371 4043 1940 4120">
    <p class='ocr_par' dir='ltr' id='par_1_41' title="bbox 371 4043 1940 4120">
     <span class='ocr_line' id='line_1_41' title="bbox 371 4043 1940 4120; baseline -0.005 -16"><span class='ocrx_word' id='word_1_319' title='bbox 371 4051 611 4120; x_wconf 88' lang='lat' dir='ltr'><strong>increpa,</strong></span> <span class='ocrx_word' id='word_1_320' title='bbox 659 4050 919 4104; x_wconf 73' lang='lat' dir='ltr'><strong>exhortare</strong></span> <span class='ocrx_word' id='word_1_321' title='bbox 957 4048 1044 4118; x_wconf 75' lang='lat'><strong>(2.</strong></span> <span class='ocrx_word' id='word_1_322' title='bbox 1080 4047 1208 4102; x_wconf 89' lang='lat' dir='ltr'><strong>Tim.</strong></span> <span class='ocrx_word' id='word_1_323' title='bbox 1251 4047 1303 4100; x_wconf 79' lang='grc'><strong>4.</strong></span> <span class='ocrx_word' id='word_1_324' title='bbox 1347 4045 1438 4115; x_wconf 73' lang='grc'><strong>2).</strong></span> <span class='ocrx_word' id='word_1_325' title='bbox 1483 4045 1625 4100; x_wconf 88' lang='lat' dir='ltr'><strong>Talis</strong></span> <span class='ocrx_word' id='word_1_326' title='bbox 1673 4054 1756 4098; x_wconf 89' lang='lat' dir='ltr'><strong>est</strong></span> <span class='ocrx_word' id='word_1_327' title='bbox 1798 4043 1940 4098; x_wconf 89' lang='lat' dir='ltr'><strong>enim</strong></span> 
     </span>
    </p>
   </div>
   <div class='ocr_carea' id='block_1_42' title="bbox 372 4133 1940 4209">
    <p class='ocr_par' dir='ltr' id='par_1_42' title="bbox 372 4133 1940 4209">
     <span class='ocr_line' id='line_1_42' title="bbox 372 4133 1940 4209; baseline -0.007 -13"><span class='ocrx_word' id='word_1_328' title='bbox 372 4149 670 4196; x_wconf 85' lang='lat' dir='ltr'><strong>sanctorum</strong></span> <span class='ocrx_word' id='word_1_329' title='bbox 692 4138 1052 4209; x_wconf 87' lang='lat' dir='ltr'><strong>reprehensio.</strong></span> <span class='ocrx_word' id='word_1_330' title='bbox 1083 4137 1154 4191; x_wconf 86' lang='lat' dir='ltr'><strong>lta</strong></span> <span class='ocrx_word' id='word_1_331' title='bbox 1175 4137 1332 4192; x_wconf 90' lang='lat' dir='ltr'><strong>etiam</strong></span> <span class='ocrx_word' id='word_1_332' title='bbox 1357 4134 1553 4188; x_wconf 89' lang='lat' dir='ltr'><strong>faciunt</strong></span> <span class='ocrx_word' id='word_1_333' title='bbox 1573 4133 1762 4188; x_wconf 90' lang='lat' dir='ltr'><strong>medici</strong></span> <span class='ocrx_word' id='word_1_334' title='bbox 1790 4151 1802 4185; x_wconf 94' lang='lat'>:</span> <span class='ocrx_word' id='word_1_335' title='bbox 1836 4149 1940 4186; x_wconf 90' lang='lat' dir='ltr'><strong>non</strong></span> 
     </span>
    </p>
   </div>
   <div class='ocr_carea' id='block_1_43' title="bbox 375 4223 1942 4297">
    <p class='ocr_par' dir='ltr' id='par_1_43' title="bbox 375 4223 1942 4297">
     <span class='ocr_line' id='line_1_43' title="bbox 375 4223 1942 4297; baseline -0.006 -11"><span class='ocrx_word' id='word_1_336' title='bbox 375 4233 543 4286; x_wconf 87' lang='lat' dir='ltr'><strong>solum</strong></span> <span class='ocrx_word' id='word_1_337' title='bbox 584 4240 794 4294; x_wconf 85' lang='lat' dir='ltr'><strong>secant,</strong></span> <span class='ocrx_word' id='word_1_338' title='bbox 829 4229 921 4284; x_wconf 88' lang='lat' dir='ltr'><strong>sed</strong></span> <span class='ocrx_word' id='word_1_339' title='bbox 951 4229 1108 4284; x_wconf 91' lang='lat' dir='ltr'><strong>etiam</strong></span> <span class='ocrx_word' id='word_1_340' title='bbox 1138 4227 1372 4297; x_wconf 81' lang='lat' dir='ltr'><strong>alligant.</strong></span> <span class='ocrx_word' id='word_1_341' title='bbox 1413 4224 1670 4291; x_wconf 90' lang='lat' dir='ltr'><strong>Quocirca</strong></span> <span class='ocrx_word' id='word_1_342' title='bbox 1700 4223 1942 4278; x_wconf 89' lang='lat' dir='ltr'><strong>Christus</strong></span> 
     </span>
    </p>
   </div>
   <div class='ocr_carea' id='block_1_44' title="bbox 373 4315 1940 4394">
    <p class='ocr_par' dir='ltr' id='par_1_44' title="bbox 373 4315 1940 4394">
     <span class='ocr_line' id='line_1_44' title="bbox 373 4315 1940 4394; baseline -0.006 -16"><span class='ocrx_word' id='word_1_343' title='bbox 373 4339 581 4394; x_wconf 84' lang='lat' dir='ltr'><strong>quoque</strong></span> <span class='ocrx_word' id='word_1_344' title='bbox 599 4323 831 4377; x_wconf 78' lang='lat' dir='ltr'><strong>efficiens</strong></span> <span class='ocrx_word' id='word_1_345' title='bbox 852 4332 906 4376; x_wconf 90' lang='lat' dir='ltr'><strong>ut</strong></span> <span class='ocrx_word' id='word_1_346' title='bbox 924 4329 1068 4390; x_wconf 86' lang='lat' dir='ltr'><strong>grata</strong></span> <span class='ocrx_word' id='word_1_347' title='bbox 1092 4329 1231 4376; x_wconf 85' lang='lat' dir='ltr'><strong>esset</strong></span> <span class='ocrx_word' id='word_1_348' title='bbox 1250 4327 1303 4374; x_wconf 89' lang='lat' dir='ltr'><strong>et</strong></span> <span class='ocrx_word' id='word_1_349' title='bbox 1321 4325 1535 4386; x_wconf 87' lang='lat' dir='ltr'><strong>accepta</strong></span> <span class='ocrx_word' id='word_1_350' title='bbox 1562 4315 1906 4386; x_wconf 87' lang='lat' dir='ltr'><strong>reprehensio</strong></span> <span class='ocrx_word' id='word_1_351' title='bbox 1924 4355 1940 4381; x_wconf 93' lang='lat'><strong>,</strong></span> 
     </span>
    </p>
   </div>
   <div class='ocr_carea' id='block_1_45' title="bbox 377 4407 1938 4483">
    <p class='ocr_par' dir='ltr' id='par_1_45' title="bbox 377 4407 1938 4483">
     <span class='ocr_line' id='line_1_45' title="bbox 377 4407 1938 4483; baseline -0.007 -14"><span class='ocrx_word' id='word_1_352' title='bbox 377 4431 480 4470; x_wconf 92' lang='lat' dir='ltr'><strong>non</strong></span> <span class='ocrx_word' id='word_1_353' title='bbox 501 4415 626 4468; x_wconf 88' lang='lat' dir='ltr'><strong>sinit</strong></span> <span class='ocrx_word' id='word_1_354' title='bbox 653 4413 1115 4483; x_wconf 86' lang='lat' dir='ltr'><strong>reprehensionem</strong></span> <span class='ocrx_word' id='word_1_355' title='bbox 1136 4411 1204 4466; x_wconf 84' lang='lat' dir='ltr'><strong>ab</strong></span> <span class='ocrx_word' id='word_1_356' title='bbox 1227 4411 1376 4465; x_wconf 89' lang='lat' dir='ltr'><strong>initio</strong></span> <span class='ocrx_word' id='word_1_357' title='bbox 1405 4408 1693 4479; x_wconf 88' lang='lat' dir='ltr'><strong>publicari,</strong></span> <span class='ocrx_word' id='word_1_358' title='bbox 1723 4407 1938 4462; x_wconf 90' lang='lat' dir='ltr'><strong>dicens:</strong></span> 
     </span>
    </p>
   </div>
   <div class='ocr_carea' id='block_1_46' title="bbox 389 4496 1943 4571">
    <p class='ocr_par' dir='ltr' id='par_1_46' title="bbox 389 4496 1943 4571">
     <span class='ocr_line' id='line_1_46' title="bbox 389 4496 1943 4571; baseline -0.004 -13"><span class='ocrx_word' id='word_1_359' title='bbox 389 4504 558 4569; x_wconf 81' lang='lat' dir='ltr'><strong>Vade,</strong></span> <span class='ocrx_word' id='word_1_360' title='bbox 600 4514 647 4558; x_wconf 84' lang='lat' dir='ltr'><strong>et</strong></span> <span class='ocrx_word' id='word_1_361' title='bbox 688 4502 989 4571; x_wconf 84' lang='lat' dir='ltr'><strong>reprehende</strong></span> <span class='ocrx_word' id='word_1_362' title='bbox 1030 4503 1199 4570; x_wconf 87' lang='lat' dir='ltr'><strong>ipsunt</strong></span> <span class='ocrx_word' id='word_1_363' title='bbox 1241 4502 1369 4554; x_wconf 89' lang='lat' dir='ltr'><strong>inter</strong></span> <span class='ocrx_word' id='word_1_364' title='bbox 1413 4508 1459 4553; x_wconf 89' lang='lat' dir='ltr'><strong>te</strong></span> <span class='ocrx_word' id='word_1_365' title='bbox 1485 4508 1532 4553; x_wconf 93' lang='lat' dir='ltr'><strong>et</strong></span> <span class='ocrx_word' id='word_1_366' title='bbox 1573 4498 1739 4567; x_wconf 87' lang='lat' dir='ltr'><strong>ipsum</strong></span> <span class='ocrx_word' id='word_1_367' title='bbox 1781 4496 1943 4552; x_wconf 88' lang='lat' dir='ltr'><strong>solunt</strong></span> 
     </span>
    </p>
   </div>
   <div class='ocr_carea' id='block_1_47' title="bbox 380 4588 1942 4666">
    <p class='ocr_par' dir='ltr' id='par_1_47' title="bbox 380 4588 1942 4666">
     <span class='ocr_line' id='line_1_47' title="bbox 380 4588 1942 4666; baseline -0.004 -17"><span class='ocrx_word' id='word_1_368' title='bbox 380 4596 601 4666; x_wconf 80' lang='lat' dir='ltr'><strong>(Matth.</strong></span> <span class='ocrx_word' id='word_1_369' title='bbox 635 4594 720 4648; x_wconf 81' lang='lat' dir='ltr'><strong>l8.</strong></span> <span class='ocrx_word' id='word_1_370' title='bbox 750 4593 872 4663; x_wconf 84' lang='lat' dir='ltr'><strong>l5).</strong></span> <span class='ocrx_word' id='word_1_371' title='bbox 897 4591 971 4646; x_wconf 91' lang='lat' dir='ltr'><strong>lta</strong></span> <span class='ocrx_word' id='word_1_372' title='bbox 999 4593 1156 4647; x_wconf 89' lang='lat' dir='ltr'><strong>etiam</strong></span> <span class='ocrx_word' id='word_1_373' title='bbox 1187 4590 1410 4646; x_wconf 88' lang='lat' dir='ltr'><strong>faciebat</strong></span> <span class='ocrx_word' id='word_1_374' title='bbox 1439 4589 1630 4644; x_wconf 83' lang='lat' dir='ltr'><strong>Paulus</strong></span> <span class='ocrx_word' id='word_1_375' title='bbox 1657 4588 1942 4642; x_wconf 89' lang='lat' dir='ltr'><strong>ostendens</strong></span> 
     </span>
    </p>
   </div>
   <div class='ocr_carea' id='block_1_48' title="bbox 376 4679 1945 4758">
    <p class='ocr_par' dir='ltr' id='par_1_48' title="bbox 376 4679 1945 4758">
     <span class='ocr_line' id='line_1_48' title="bbox 376 4679 1945 4758; baseline -0.007 -15"><span class='ocrx_word' id='word_1_376' title='bbox 376 4687 837 4758; x_wconf 83' lang='lat' dir='ltr'><strong>reprehensionem</strong></span> <span class='ocrx_word' id='word_1_377' title='bbox 867 4699 985 4737; x_wconf 91' lang='lat' dir='ltr'><strong>cum</strong></span> <span class='ocrx_word' id='word_1_378' title='bbox 1025 4681 1383 4736; x_wconf 89' lang='lat' dir='ltr'><strong>misericordia</strong></span> <span class='ocrx_word' id='word_1_379' title='bbox 1406 4721 1421 4748; x_wconf 92' lang='lat'><strong>,</strong></span> <span class='ocrx_word' id='word_1_380' title='bbox 1451 4695 1589 4735; x_wconf 91' lang='lat' dir='ltr'><strong>nunc</strong></span> <span class='ocrx_word' id='word_1_381' title='bbox 1613 4679 1825 4750; x_wconf 89' lang='lat' dir='ltr'><strong>quidem</strong></span> <span class='ocrx_word' id='word_1_382' title='bbox 1866 4679 1945 4733; x_wconf 86' lang='lat' dir='ltr'><strong>di-</strong></span> 
     </span>
    </p>
   </div>
   <div class='ocr_carea' id='block_1_49' title="bbox 373 4770 1942 4842">
    <p class='ocr_par' dir='ltr' id='par_1_49' title="bbox 373 4770 1942 4842">
     <span class='ocr_line' id='line_1_49' title="bbox 373 4770 1942 4842; baseline -0.008 -7"><span class='ocrx_word' id='word_1_383' title='bbox 373 4793 504 4836; x_wconf 79' lang='lat' dir='ltr'><strong>cens</strong></span> <span class='ocrx_word' id='word_1_384' title='bbox 529 4795 542 4832; x_wconf 89' lang='lat'><strong>:</strong></span> <span class='ocrx_word' id='word_1_385' title='bbox 572 4775 616 4830; x_wconf 89' lang='lat'><strong><em>0</em></strong></span> <span class='ocrx_word' id='word_1_386' title='bbox 639 4773 873 4828; x_wconf 80' lang='lat' dir='ltr'><strong>insensati</strong></span> <span class='ocrx_word' id='word_1_387' title='bbox 901 4771 1094 4828; x_wconf 75' lang='lat' dir='ltr'><strong>Galam:</strong></span> <span class='ocrx_word' id='word_1_388' title='bbox 1122 4773 1144 4842; x_wconf 88' lang='lat'><strong>(</strong></span> <span class='ocrx_word' id='word_1_389' title='bbox 1162 4770 1328 4825; x_wconf 86' lang='lat' dir='ltr'><strong>Galat.</strong></span> <span class='ocrx_word' id='word_1_390' title='bbox 1354 4772 1406 4825; x_wconf 82' lang='grc'><strong>5.</strong></span> <span class='ocrx_word' id='word_1_391' title='bbox 1434 4771 1496 4840; x_wconf 82' lang='grc'><strong>1)</strong></span> <span class='ocrx_word' id='word_1_392' title='bbox 1519 4786 1534 4835; x_wconf 86' lang='grc'><strong>;</strong></span> <span class='ocrx_word' id='word_1_393' title='bbox 1565 4785 1704 4823; x_wconf 91' lang='lat' dir='ltr'><strong>nunc</strong></span> <span class='ocrx_word' id='word_1_394' title='bbox 1727 4779 1900 4825; x_wconf 88' lang='lat' dir='ltr'><strong>autem</strong></span> <span class='ocrx_word' id='word_1_395' title='bbox 1928 4786 1942 4823; x_wconf 87' lang='lat'><strong>:</strong></span> 
     </span>
    </p>
   </div>
   <div class='ocr_carea' id='block_1_50' title="bbox 379 4861 1947 4937">
    <p class='ocr_par' dir='ltr' id='par_1_50' title="bbox 379 4861 1947 4937">
     <span class='ocr_line' id='line_1_50' title="bbox 379 4861 1947 4937; baseline -0.005 -14"><span class='ocrx_word' id='word_1_396' title='bbox 379 4869 553 4924; x_wconf 82' lang='lat' dir='ltr'><strong>Filioli</strong></span> <span class='ocrx_word' id='word_1_397' title='bbox 581 4867 695 4931; x_wconf 81' lang='lat' dir='ltr'><strong>mei,</strong></span> <span class='ocrx_word' id='word_1_398' title='bbox 722 4881 845 4937; x_wconf 83' lang='lat' dir='ltr'><strong>quos</strong></span> <span class='ocrx_word' id='word_1_399' title='bbox 869 4864 1047 4919; x_wconf 87' lang='lat' dir='ltr'><strong>iterum</strong></span> <span class='ocrx_word' id='word_1_400' title='bbox 1074 4863 1295 4934; x_wconf 88' lang='lat' dir='ltr'><strong>parturio</strong></span> <span class='ocrx_word' id='word_1_401' title='bbox 1335 4861 1533 4933; x_wconf 84' lang='lat' dir='ltr'><strong>(Galat.</strong></span> <span class='ocrx_word' id='word_1_402' title='bbox 1557 4863 1613 4916; x_wconf 69' lang='grc' dir='ltr'>ι.</span> <span class='ocrx_word' id='word_1_403' title='bbox 1636 4862 1701 4917; x_wconf 79' lang='grc'><strong>19</strong></span> <span class='ocrx_word' id='word_1_404' title='bbox 1721 4863 1758 4931; x_wconf 90' lang='grc'><strong>).</strong></span> <span class='ocrx_word' id='word_1_405' title='bbox 1781 4862 1947 4932; x_wconf 91' lang='lat' dir='ltr'><strong>Opor-</strong></span> 
     </span>
    </p>
   </div>
   <div class='ocr_carea' id='block_1_51' title="bbox 381 4951 1949 5026">
    <p class='ocr_par' dir='ltr' id='par_1_51' title="bbox 381 4951 1949 5026">
     <span class='ocr_line' id='line_1_51' title="bbox 381 4951 1949 5026; baseline -0.008 -9"><span class='ocrx_word' id='word_1_406' title='bbox 381 4971 453 5017; x_wconf 88' lang='lat' dir='ltr'><strong>tet</strong></span> <span class='ocrx_word' id='word_1_407' title='bbox 481 4961 620 5016; x_wconf 90' lang='lat' dir='ltr'><strong>enim</strong></span> <span class='ocrx_word' id='word_1_408' title='bbox 647 4973 766 5014; x_wconf 90' lang='lat' dir='ltr'><strong>eum</strong></span> <span class='ocrx_word' id='word_1_409' title='bbox 786 4998 802 5025; x_wconf 92' lang='lat'><strong>,</strong></span> <span class='ocrx_word' id='word_1_410' title='bbox 825 4955 912 5026; x_wconf 85' lang='lat' dir='ltr'><strong>qui</strong></span> <span class='ocrx_word' id='word_1_411' title='bbox 940 4951 1313 5024; x_wconf 88' lang='lat' dir='ltr'><strong>reprehendit,</strong></span> <span class='ocrx_word' id='word_1_412' title='bbox 1343 4951 1506 5004; x_wconf 89' lang='lat' dir='ltr'><strong>multa</strong></span> <span class='ocrx_word' id='word_1_413' title='bbox 1533 4953 1830 5021; x_wconf 81' lang='lat' dir='ltr'><strong>excogitare</strong></span> <span class='ocrx_word' id='word_1_414' title='bbox 1849 4993 1862 5018; x_wconf 89' lang='lat'><strong>,</strong></span> <span class='ocrx_word' id='word_1_415' title='bbox 1891 4960 1949 5004; x_wconf 89' lang='lat' dir='ltr'><strong>ut</strong></span> 
     </span>
    </p>
   </div>
   <div class='ocr_carea' id='block_1_52' title="bbox 377 5039 1947 5120">
    <p class='ocr_par' dir='ltr' id='par_1_52' title="bbox 377 5039 1947 5120">
     <span class='ocr_line' id='line_1_52' title="bbox 377 5039 1947 5120; baseline -0.009 -14"><span class='ocrx_word' id='word_1_416' title='bbox 377 5059 591 5120; x_wconf 81' lang='lat' dir='ltr'><strong>accepta</strong></span> <span class='ocrx_word' id='word_1_417' title='bbox 619 5049 685 5104; x_wconf 88' lang='lat' dir='ltr'><strong>sit</strong></span> <span class='ocrx_word' id='word_1_418' title='bbox 724 5057 776 5102; x_wconf 88' lang='lat' dir='ltr'><strong>et</strong></span> <span class='ocrx_word' id='word_1_419' title='bbox 802 5055 945 5117; x_wconf 88' lang='lat' dir='ltr'><strong>grata</strong></span> <span class='ocrx_word' id='word_1_420' title='bbox 985 5043 1101 5114; x_wconf 87' lang='lat' dir='ltr'><strong>ejus</strong></span> <span class='ocrx_word' id='word_1_421' title='bbox 1151 5039 1532 5110; x_wconf 83' lang='lat' dir='ltr'><strong>reprehensio:</strong></span> <span class='ocrx_word' id='word_1_422' title='bbox 1563 5048 1616 5094; x_wconf 90' lang='lat' dir='ltr'><strong>et</strong></span> <span class='ocrx_word' id='word_1_423' title='bbox 1645 5055 1830 5108; x_wconf 82' lang='lat' dir='ltr'><strong>magna</strong></span> <span class='ocrx_word' id='word_1_424' title='bbox 1860 5055 1947 5092; x_wconf 88' lang='lat' dir='ltr'><strong>sa-</strong></span> 
     </span>
    </p>
   </div>
   <div class='ocr_carea' id='block_1_53' title="bbox 379 5130 1946 5213">
    <p class='ocr_par' dir='ltr' id='par_1_53' title="bbox 379 5130 1946 5213">
     <span class='ocr_line' id='line_1_53' title="bbox 379 5130 1946 5213; baseline -0.01 -15"><span class='ocrx_word' id='word_1_425' title='bbox 379 5145 572 5213; x_wconf 87' lang='lat' dir='ltr'><strong>pientia</strong></span> <span class='ocrx_word' id='word_1_426' title='bbox 619 5155 753 5211; x_wconf 90' lang='lat' dir='ltr'><strong>opus</strong></span> <span class='ocrx_word' id='word_1_427' title='bbox 783 5146 866 5195; x_wconf 91' lang='lat' dir='ltr'><strong>est</strong></span> <span class='ocrx_word' id='word_1_428' title='bbox 902 5137 948 5192; x_wconf 87' lang='lat' dir='ltr'><strong>ei</strong></span> <span class='ocrx_word' id='word_1_429' title='bbox 968 5177 984 5201; x_wconf 88' lang='lat'><strong>,</strong></span> <span class='ocrx_word' id='word_1_430' title='bbox 1015 5135 1102 5207; x_wconf 91' lang='lat' dir='ltr'><strong>qui</strong></span> <span class='ocrx_word' id='word_1_431' title='bbox 1131 5131 1429 5189; x_wconf 90' lang='lat' dir='ltr'><strong>adhibuerit</strong></span> <span class='ocrx_word' id='word_1_432' title='bbox 1457 5132 1558 5185; x_wconf 88' lang='lat' dir='ltr'><strong>tale</strong></span> <span class='ocrx_word' id='word_1_433' title='bbox 1588 5130 1946 5185; x_wconf 85' lang='lat' dir='ltr'><strong>medicamen-</strong></span> 
     </span>
    </p>
   </div>
   <div class='ocr_carea' id='block_1_54' title="bbox 379 5217 1946 5300">
    <p class='ocr_par' dir='ltr' id='par_1_54' title="bbox 379 5217 1946 5300">
     <span class='ocr_line' id='line_1_54' title="bbox 379 5217 1946 5300; baseline -0.009 -14"><span class='ocrx_word' id='word_1_434' title='bbox 379 5243 486 5287; x_wconf 88' lang='lat' dir='ltr'><strong>tum</strong></span> <span class='ocrx_word' id='word_1_435' title='bbox 511 5249 525 5286; x_wconf 90' lang='lat'><strong>:</strong></span> <span class='ocrx_word' id='word_1_436' title='bbox 552 5245 614 5287; x_wconf 87' lang='lat' dir='ltr'><strong>ac</strong></span> <span class='ocrx_word' id='word_1_437' title='bbox 643 5229 843 5300; x_wconf 82' lang='lat' dir='ltr'><strong>majore</strong></span> <span class='ocrx_word' id='word_1_438' title='bbox 868 5225 1080 5297; x_wconf 89' lang='lat' dir='ltr'><strong>quidem</strong></span> <span class='ocrx_word' id='word_1_439' title='bbox 1117 5221 1373 5294; x_wconf 89' lang='lat' dir='ltr'><strong>sapientia</strong></span> <span class='ocrx_word' id='word_1_440' title='bbox 1399 5234 1530 5290; x_wconf 88' lang='lat' dir='ltr'><strong>opus</strong></span> <span class='ocrx_word' id='word_1_441' title='bbox 1559 5228 1640 5274; x_wconf 89' lang='lat' dir='ltr'><strong>est</strong></span> <span class='ocrx_word' id='word_1_442' title='bbox 1667 5218 1714 5273; x_wconf 92' lang='lat' dir='ltr'><strong>ei</strong></span> <span class='ocrx_word' id='word_1_443' title='bbox 1743 5217 1830 5288; x_wconf 91' lang='lat' dir='ltr'><strong>qui</strong></span> <span class='ocrx_word' id='word_1_444' title='bbox 1861 5233 1946 5273; x_wconf 89' lang='lat' dir='ltr'><strong>re-</strong></span> 
     </span>
    </p>
   </div>
   <div class='ocr_carea' id='block_1_55' title="bbox 443 5411 1951 5483">
    <p class='ocr_par' dir='ltr' id='par_1_55' title="bbox 443 5411 1951 5483">
     <span class='ocr_line' id='line_1_55' title="bbox 443 5411 1951 5483; baseline -0.009 -9"><span class='ocrx_word' id='word_1_445' title='bbox 443 5427 458 5456; x_wconf 86' lang='grc'>¹</span> <span class='ocrx_word' id='word_1_446' title='bbox 495 5432 606 5473; x_wconf 69' lang='lat' dir='ltr'><strong>tunc</strong></span> <span class='ocrx_word' id='word_1_447' title='bbox 629 5423 774 5472; x_wconf 89' lang='lat' dir='ltr'><strong>lectio</strong></span> <span class='ocrx_word' id='word_1_448' title='bbox 809 5429 885 5471; x_wconf 80' lang='lat' dir='ltr'><strong>est</strong></span> <span class='ocrx_word' id='word_1_449' title='bbox 909 5420 1050 5483; x_wconf 78' lang='lat' dir='ltr'><strong>juxta</strong></span> <span class='ocrx_word' id='word_1_450' title='bbox 1074 5414 1524 5483; x_wconf 74' lang='lat' dir='ltr'><strong>interpretationem</strong></span> <span class='ocrx_word' id='word_1_451' title='bbox 1563 5411 1783 5483; x_wconf 63' lang='lat' dir='ltr'><strong>Aquilae,</strong></span> <span class='ocrx_word' id='word_1_452' title='bbox 1815 5413 1951 5483; x_wconf 76' lang='lat' dir='ltr'><strong>cujus</strong></span> 
     </span>
    </p>
   </div>
   <div class='ocr_carea' id='block_1_56' title="bbox 377 5473 1950 5536">
    <p class='ocr_par' dir='ltr' id='par_1_56' title="bbox 377 5473 1950 5536">
     <span class='ocr_line' id='line_1_56' title="bbox 377 5473 1950 5536; baseline -0.008 -4"><span class='ocrx_word' id='word_1_453' title='bbox 377 5492 565 5534; x_wconf 87' lang='lat' dir='ltr'><strong>textum</strong></span> <span class='ocrx_word' id='word_1_454' title='bbox 597 5493 807 5533; x_wconf 61' lang='lat' dir='ltr'><strong>Grecam</strong></span> <span class='ocrx_word' id='word_1_455' title='bbox 844 5473 927 5532; x_wconf 75' lang='lat' dir='ltr'><strong>m5</strong></span> <span class='ocrx_word' id='word_1_456' title='bbox 954 5482 1169 5530; x_wconf 83' lang='lat' dir='ltr'><strong>vitiatum</strong></span> <span class='ocrx_word' id='word_1_457' title='bbox 1190 5473 1341 5525; x_wconf 83' lang='lat' dir='ltr'><strong>fuisse</strong></span> <span class='ocrx_word' id='word_1_458' title='bbox 1366 5473 1688 5536; x_wconf 86' lang='lat' dir='ltr'><strong>suspicamur;</strong></span> <span class='ocrx_word' id='word_1_459' title='bbox 1713 5473 1950 5536; x_wconf 85' lang='lat' dir='ltr'><strong>siquidem</strong></span> 
     </span>
    </p>
   </div>
   <div class='ocr_carea' id='block_1_57' title="bbox 381 5535 1952 5605">
    <p class='ocr_par' dir='ltr' id='par_1_57' title="bbox 381 5535 1952 5605">
     <span class='ocr_line' id='line_1_57' title="bbox 381 5535 1952 5605; baseline -0.01 -9"><span class='ocrx_word' id='word_1_460' title='bbox 381 5559 468 5602; x_wconf 38' lang='lat' dir='ltr'><strong>tiro</strong></span> <span class='ocrx_word' id='word_1_461' title='bbox 491 5559 631 5604; x_wconf 84' lang='lat' dir='ltr'><strong>voce,</strong></span> <span class='ocrx_word' id='word_1_462' title='bbox 653 5556 854 5605; x_wconf 59' lang='grc' dir='ltr'><strong>ωτεάτυ,</strong></span> <span class='ocrx_word' id='word_1_463' title='bbox 879 5555 990 5605; x_wconf 73' lang='lat' dir='ltr'><strong>quae</strong></span> <span class='ocrx_word' id='word_1_464' title='bbox 1025 5553 1154 5605; x_wconf 86' lang='lat' dir='ltr'><strong>nunc</strong></span> <span class='ocrx_word' id='word_1_465' title='bbox 1182 5547 1357 5605; x_wconf 50' lang='lat' dir='ltr'><strong>graece</strong></span> <span class='ocrx_word' id='word_1_466' title='bbox 1394 5535 1590 5605; x_wconf 59' lang='lat' dir='ltr'><strong>legitur,</strong></span> <span class='ocrx_word' id='word_1_467' title='bbox 1616 5543 1667 5605; x_wconf 62' lang='lat' dir='ltr'><strong>et</strong></span> <span class='ocrx_word' id='word_1_468' title='bbox 1689 5535 1952 5605; x_wconf 77' lang='lat' dir='ltr'><strong>respondet</strong></span> 
     </span>
    </p>
   </div>
   <div class='ocr_carea' id='block_1_58' title="bbox 381 5597 1953 5666">
    <p class='ocr_par' dir='ltr' id='par_1_58' title="bbox 381 5597 1953 5666">
     <span class='ocr_line' id='line_1_58' title="bbox 381 5597 1953 5666; baseline -0.005 -13"><span class='ocrx_word' id='word_1_469' title='bbox 381 5597 484 5656; x_wconf 77' lang='lat' dir='ltr'><strong>voci</strong></span> <span class='ocrx_word' id='word_1_470' title='bbox 508 5597 700 5664; x_wconf 69' lang='lat' dir='ltr'><strong>latinae,</strong></span> <span class='ocrx_word' id='word_1_471' title='bbox 719 5597 952 5666; x_wconf 58' lang='lat' dir='ltr'><strong>incrept&#39;t,</strong></span> <span class='ocrx_word' id='word_1_472' title='bbox 979 5602 1160 5666; x_wconf 67' lang='lat' dir='ltr'><strong>legitur</strong></span> <span class='ocrx_word' id='word_1_473' title='bbox 1180 5603 1228 5648; x_wconf 89' lang='lat' dir='ltr'><strong>in</strong></span> <span class='ocrx_word' id='word_1_474' title='bbox 1248 5599 1388 5666; x_wconf 75' lang='lat' dir='ltr'><strong>Regia</strong></span> <span class='ocrx_word' id='word_1_475' title='bbox 1403 5597 1604 5666; x_wconf 71' lang='lat' dir='ltr'><strong>quadam</strong></span> <span class='ocrx_word' id='word_1_476' title='bbox 1627 5601 1822 5666; x_wconf 71' lang='lat' dir='ltr'><strong>Catena,</strong></span> <span class='ocrx_word' id='word_1_477' title='bbox 1847 5620 1953 5645; x_wconf 69' lang='grc' dir='ltr'>κατι-</span> 
     </span>
    </p>
   </div>
   <div class='ocr_carea' id='block_1_59' title="bbox 383 5657 1952 5729">
    <p class='ocr_par' dir='ltr' id='par_1_59' title="bbox 383 5657 1952 5729">
     <span class='ocr_line' id='line_1_59' title="bbox 383 5657 1952 5729; baseline -0.009 -11"><span class='ocrx_word' id='word_1_478' title='bbox 383 5680 554 5724; x_wconf 69' lang='grc' dir='ltr'><strong>λαάτυ,</strong></span> <span class='ocrx_word' id='word_1_479' title='bbox 577 5657 713 5729; x_wconf 77' lang='lat' dir='ltr'><strong>quasi</strong></span> <span class='ocrx_word' id='word_1_480' title='bbox 735 5657 883 5718; x_wconf 76' lang='lat' dir='ltr'><strong>dieas&#39;.</strong></span> <span class='ocrx_word' id='word_1_481' title='bbox 903 5657 1076 5712; x_wconf 65' lang='lat' dir='ltr'><strong>mallc&#39;o</strong></span> <span class='ocrx_word' id='word_1_482' title='bbox 1098 5657 1378 5729; x_wconf 67' lang='lat' dir='ltr'><strong>metiatditt,</strong></span> <span class='ocrx_word' id='word_1_483' title='bbox 1401 5657 1500 5718; x_wconf 76' lang='lat' dir='ltr'><strong>vel,</strong></span> <span class='ocrx_word' id='word_1_484' title='bbox 1525 5657 1750 5708; x_wconf 75' lang='lat' dir='ltr'><strong>extendat</strong></span> <span class='ocrx_word' id='word_1_485' title='bbox 1793 5668 1808 5704; x_wconf 94' lang='lat'><em>:</em></span> <span class='ocrx_word' id='word_1_486' title='bbox 1842 5668 1952 5718; x_wconf 76' lang='lat' dir='ltr'><strong>qua:</strong></span> 
     </span>
    </p>
   </div>
   <div class='ocr_carea' id='block_1_60' title="bbox 381 5721 1291 5807">
    <p class='ocr_par' dir='ltr' id='par_1_60' title="bbox 381 5721 1291 5807">
     <span class='ocr_line' id='line_1_60' title="bbox 381 5721 1291 5807; baseline -0.008 -11"><span class='ocrx_word' id='word_1_487' title='bbox 381 5759 496 5798; x_wconf 80' lang='lat' dir='ltr'><strong>vera</strong></span> <span class='ocrx_word' id='word_1_488' title='bbox 522 5721 904 5807; x_wconf 82' lang='lat' dir='ltr'><strong>signiﬁcatio</strong></span> <span class='ocrx_word' id='word_1_489' title='bbox 927 5744 1058 5791; x_wconf 81' lang='lat' dir='ltr'><strong>vocis</strong></span> <span class='ocrx_word' id='word_1_490' title='bbox 1090 5721 1291 5796; x_wconf 53' lang='lat'><strong>9.11257“.</strong></span> 
     </span>
    </p>
   </div>
   <div class='ocr_carea' id='block_1_61' title="bbox 445 5830 1645 5898">
    <p class='ocr_par' dir='ltr' id='par_1_61' title="bbox 445 5830 1645 5898">
     <span class='ocr_line' id='line_1_61' title="bbox 445 5830 1645 5898; baseline -0.006 -13"><span class='ocrx_word' id='word_1_491' title='bbox 445 5837 517 5898; x_wconf 81' lang='grc' dir='ltr'><strong>(α)</strong></span> <span class='ocrx_word' id='word_1_492' title='bbox 551 5843 660 5886; x_wconf 64' lang='lat' dir='ltr'><strong>Haec</strong></span> <span class='ocrx_word' id='word_1_493' title='bbox 681 5832 1020 5893; x_wconf 75' lang='lat' dir='ltr'><strong>interpretatio</strong></span> <span class='ocrx_word' id='word_1_494' title='bbox 1043 5837 1117 5880; x_wconf 84' lang='lat' dir='ltr'><strong>est</strong></span> <span class='ocrx_word' id='word_1_495' title='bbox 1145 5831 1280 5892; x_wconf 76' lang='lat' dir='ltr'><strong>juxta</strong></span> <span class='ocrx_word' id='word_1_496' title='bbox 1303 5830 1645 5892; x_wconf 78' lang='lat' dir='ltr'><strong>Symmachum.</strong></span> 
     </span>
    </p>
   </div>
   <div class='ocr_carea' id='block_1_62' title="bbox 3517 411 3621 466">
    <p class='ocr_par' dir='ltr' id='par_1_62' title="bbox 3517 411 3621 466">
     <span class='ocr_line' id='line_1_62' title="bbox 3517 411 3621 466; baseline -0.038 1"><span class='ocrx_word' id='word_1_497' title='bbox 3517 411 3621 466; x_wconf 73' lang='grc'><strong>440</strong></span> 
     </span>
    </p>
   </div>
   <div class='ocr_carea' id='block_1_63' title="bbox 2044 519 3620 593">
    <p class='ocr_par' dir='ltr' id='par_1_63' title="bbox 2044 519 3620 593">
     <span class='ocr_line' id='line_1_63' title="bbox 2044 519 3620 593; baseline 0.003 -20"><span class='ocrx_word' id='word_1_498' title='bbox 2044 519 2358 588; x_wconf 87' lang='lat' dir='ltr'><strong>prehendit,</strong></span> <span class='ocrx_word' id='word_1_499' title='bbox 2405 538 2562 592; x_wconf 90' lang='lat' dir='ltr'><strong>quam</strong></span> <span class='ocrx_word' id='word_1_500' title='bbox 2594 523 2641 578; x_wconf 91' lang='lat' dir='ltr'><strong>ei</strong></span> <span class='ocrx_word' id='word_1_501' title='bbox 2687 524 2775 593; x_wconf 92' lang='lat' dir='ltr'><strong>qui</strong></span> <span class='ocrx_word' id='word_1_502' title='bbox 2815 537 3006 593; x_wconf 91' lang='lat' dir='ltr'><strong>corpus</strong></span> <span class='ocrx_word' id='word_1_503' title='bbox 3050 523 3260 578; x_wconf 89' lang='lat' dir='ltr'><strong>scindit.</strong></span> <span class='ocrx_word' id='word_1_504' title='bbox 3305 524 3620 592; x_wconf 79' lang='lat' dir='ltr'><strong>Quomodo?</strong></span> 
     </span>
    </p>
   </div>
   <div class='ocr_carea' id='block_1_64' title="bbox 2043 613 3619 685">
    <p class='ocr_par' dir='ltr' id='par_1_64' title="bbox 2043 613 3619 685">
     <span class='ocr_line' id='line_1_64' title="bbox 2043 613 3619 685; baseline 0.003 -20"><span class='ocrx_word' id='word_1_505' title='bbox 2043 613 2300 679; x_wconf 89' lang='lat' dir='ltr'><strong>Quoniam</strong></span> <span class='ocrx_word' id='word_1_506' title='bbox 2328 613 2433 668; x_wconf 92' lang='lat' dir='ltr'><strong>illic</strong></span> <span class='ocrx_word' id='word_1_507' title='bbox 2463 615 2673 684; x_wconf 87' lang='lat' dir='ltr'><strong>quidem</strong></span> <span class='ocrx_word' id='word_1_508' title='bbox 2695 615 2832 669; x_wconf 81' lang='lat' dir='ltr'><strong>aliud</strong></span> <span class='ocrx_word' id='word_1_509' title='bbox 2863 625 2943 669; x_wconf 90' lang='lat' dir='ltr'><strong>est</strong></span> <span class='ocrx_word' id='word_1_510' title='bbox 2967 615 3106 685; x_wconf 91' lang='lat' dir='ltr'><strong>quod</strong></span> <span class='ocrx_word' id='word_1_511' title='bbox 3136 615 3366 682; x_wconf 89' lang='lat' dir='ltr'><strong>scindit,</strong></span> <span class='ocrx_word' id='word_1_512' title='bbox 3395 625 3448 670; x_wconf 82' lang='lat' dir='ltr'><strong>ct</strong></span> <span class='ocrx_word' id='word_1_513' title='bbox 3475 616 3619 670; x_wconf 90' lang='lat' dir='ltr'><strong>aliud</strong></span> 
     </span>
    </p>
   </div>
   <div class='ocr_carea' id='block_1_65' title="bbox 2042 702 3618 775">
    <p class='ocr_par' dir='ltr' id='par_1_65' title="bbox 2042 702 3618 775">
     <span class='ocr_line' id='line_1_65' title="bbox 2042 702 3618 775; baseline 0.005 -22"><span class='ocrx_word' id='word_1_514' title='bbox 2042 703 2180 770; x_wconf 87' lang='lat' dir='ltr'><strong>quod</strong></span> <span class='ocrx_word' id='word_1_515' title='bbox 2201 702 2436 758; x_wconf 89' lang='lat' dir='ltr'><strong>dolorem</strong></span> <span class='ocrx_word' id='word_1_516' title='bbox 2459 705 2709 774; x_wconf 86' lang='lat' dir='ltr'><strong>suscipit;</strong></span> <span class='ocrx_word' id='word_1_517' title='bbox 2733 705 2817 759; x_wconf 86' lang='lat' dir='ltr'><strong>hic</strong></span> <span class='ocrx_word' id='word_1_518' title='bbox 2839 715 3012 760; x_wconf 88' lang='lat' dir='ltr'><strong>autem</strong></span> <span class='ocrx_word' id='word_1_519' title='bbox 3031 706 3213 760; x_wconf 83' lang='lat' dir='ltr'><strong>eadem</strong></span> <span class='ocrx_word' id='word_1_520' title='bbox 3237 715 3317 760; x_wconf 87' lang='lat' dir='ltr'><strong>est</strong></span> <span class='ocrx_word' id='word_1_521' title='bbox 3340 722 3457 775; x_wconf 78' lang='lat' dir='ltr'><strong>quae</strong></span> <span class='ocrx_word' id='word_1_522' title='bbox 3479 709 3618 761; x_wconf 85' lang='lat' dir='ltr'><strong>scin-</strong></span> 
     </span>
    </p>
   </div>
   <div class='ocr_carea' id='block_1_66' title="bbox 2043 792 3618 865">
    <p class='ocr_par' dir='ltr' id='par_1_66' title="bbox 2043 792 3618 865">
     <span class='ocr_line' id='line_1_66' title="bbox 2043 792 3618 865; baseline 0.003 -19"><span class='ocrx_word' id='word_1_523' title='bbox 2043 792 2183 846; x_wconf 90' lang='lat' dir='ltr'><strong>ditur</strong></span> <span class='ocrx_word' id='word_1_524' title='bbox 2202 835 2216 859; x_wconf 93' lang='lat'><strong>,</strong></span> <span class='ocrx_word' id='word_1_525' title='bbox 2244 803 2298 848; x_wconf 90' lang='lat' dir='ltr'><strong>et</strong></span> <span class='ocrx_word' id='word_1_526' title='bbox 2321 810 2439 864; x_wconf 77' lang='lat' dir='ltr'><strong>qua:</strong></span> <span class='ocrx_word' id='word_1_527' title='bbox 2465 795 2652 850; x_wconf 91' lang='lat' dir='ltr'><strong>dolore</strong></span> <span class='ocrx_word' id='word_1_528' title='bbox 2671 795 2915 850; x_wconf 81' lang='lat' dir='ltr'><strong>afficitur.</strong></span> <span class='ocrx_word' id='word_1_529' title='bbox 2947 795 3125 849; x_wconf 85' lang='lat' dir='ltr'><strong>Oleum</strong></span> <span class='ocrx_word' id='word_1_530' title='bbox 3153 806 3316 849; x_wconf 87' lang='lat' dir='ltr'><strong>autem</strong></span> <span class='ocrx_word' id='word_1_531' title='bbox 3344 798 3618 865; x_wconf 66' lang='lat' dir='ltr'><strong>peccatoris</strong></span> 
     </span>
    </p>
   </div>
   <div class='ocr_carea' id='block_1_67' title="bbox 2042 885 3617 956">
    <p class='ocr_par' dir='ltr' id='par_1_67' title="bbox 2042 885 3617 956">
     <span class='ocr_line' id='line_1_67' title="bbox 2042 885 3617 956; baseline 0.001 -20"><span class='ocrx_word' id='word_1_532' title='bbox 2042 899 2143 937; x_wconf 87' lang='lat' dir='ltr'><strong>non</strong></span> <span class='ocrx_word' id='word_1_533' title='bbox 2183 885 2458 956; x_wconf 85' lang='lat' dir='ltr'><strong>impinguet</strong></span> <span class='ocrx_word' id='word_1_534' title='bbox 2500 896 2653 955; x_wconf 87' lang='lat' dir='ltr'><strong>caput</strong></span> <span class='ocrx_word' id='word_1_535' title='bbox 2681 903 2865 940; x_wconf 84' lang='lat' dir='ltr'><strong>meum.</strong></span> <span class='ocrx_word' id='word_1_536' title='bbox 2896 885 3030 954; x_wconf 89' lang='lat' dir='ltr'><strong>Quid</strong></span> <span class='ocrx_word' id='word_1_537' title='bbox 3074 885 3175 940; x_wconf 90' lang='lat' dir='ltr'><strong>hoc</strong></span> <span class='ocrx_word' id='word_1_538' title='bbox 3203 886 3321 940; x_wconf 86' lang='lat' dir='ltr'><strong>est?</strong></span> <span class='ocrx_word' id='word_1_539' title='bbox 3371 886 3463 940; x_wconf 87' lang='lat' dir='ltr'><strong>Ille</strong></span> <span class='ocrx_word' id='word_1_540' title='bbox 3486 927 3504 951; x_wconf 90' lang='lat'><strong>,</strong></span> <span class='ocrx_word' id='word_1_541' title='bbox 3535 887 3617 940; x_wconf 80' lang='lat' dir='ltr'><strong>in-</strong></span> 
     </span>
    </p>
   </div>
   <div class='ocr_carea' id='block_1_68' title="bbox 2042 973 3619 1045">
    <p class='ocr_par' dir='ltr' id='par_1_68' title="bbox 2042 973 3619 1045">
     <span class='ocr_line' id='line_1_68' title="bbox 2042 973 3619 1045; baseline 0.003 -20"><span class='ocrx_word' id='word_1_542' title='bbox 2042 973 2190 1041; x_wconf 90' lang='lat' dir='ltr'><strong>quit,</strong></span> <span class='ocrx_word' id='word_1_543' title='bbox 2222 989 2326 1028; x_wconf 92' lang='lat' dir='ltr'><strong>non</strong></span> <span class='ocrx_word' id='word_1_544' title='bbox 2366 977 2553 1045; x_wconf 68' lang='lat' dir='ltr'><strong>quaerit</strong></span> <span class='ocrx_word' id='word_1_545' title='bbox 2590 977 2868 1030; x_wconf 87' lang='lat' dir='ltr'><strong>utilitatem</strong></span> <span class='ocrx_word' id='word_1_546' title='bbox 2911 976 3165 1030; x_wconf 82' lang='lat' dir='ltr'><strong>auditoris</strong></span> <span class='ocrx_word' id='word_1_547' title='bbox 3185 1017 3200 1041; x_wconf 87' lang='lat'><strong>,</strong></span> <span class='ocrx_word' id='word_1_548' title='bbox 3232 976 3323 1030; x_wconf 91' lang='lat' dir='ltr'><strong>sed</strong></span> <span class='ocrx_word' id='word_1_549' title='bbox 3353 992 3534 1040; x_wconf 89' lang='lat' dir='ltr'><strong>suam,</strong></span> <span class='ocrx_word' id='word_1_550' title='bbox 3565 987 3619 1030; x_wconf 90' lang='lat' dir='ltr'><strong>ut</strong></span> 
     </span>
    </p>
   </div>
   <div class='ocr_carea' id='block_1_69' title="bbox 2042 1060 3621 1131">
    <p class='ocr_par' dir='ltr' id='par_1_69' title="bbox 2042 1060 3621 1131">
     <span class='ocr_line' id='line_1_69' title="bbox 2042 1060 3621 1131; baseline 0.003 -17"><span class='ocrx_word' id='word_1_551' title='bbox 2042 1060 2284 1116; x_wconf 84' lang='lat' dir='ltr'><strong>videatur</strong></span> <span class='ocrx_word' id='word_1_552' title='bbox 2303 1064 2482 1118; x_wconf 87' lang='lat' dir='ltr'><strong>suavis</strong></span> <span class='ocrx_word' id='word_1_553' title='bbox 2500 1104 2516 1130; x_wconf 95' lang='lat'><strong>,</strong></span> <span class='ocrx_word' id='word_1_554' title='bbox 2535 1063 2828 1131; x_wconf 90' lang='lat' dir='ltr'><strong>jucundus,</strong></span> <span class='ocrx_word' id='word_1_555' title='bbox 2853 1073 2904 1117; x_wconf 91' lang='lat' dir='ltr'><strong>et</strong></span> <span class='ocrx_word' id='word_1_556' title='bbox 2924 1064 3124 1117; x_wconf 88' lang='lat' dir='ltr'><strong>amicus</strong></span> <span class='ocrx_word' id='word_1_557' title='bbox 3150 1082 3161 1118; x_wconf 91' lang='lat'>:</span> <span class='ocrx_word' id='word_1_558' title='bbox 3187 1064 3272 1118; x_wconf 90' lang='lat' dir='ltr'><strong>hic</strong></span> <span class='ocrx_word' id='word_1_559' title='bbox 3297 1075 3470 1117; x_wconf 88' lang='lat' dir='ltr'><strong>autem</strong></span> <span class='ocrx_word' id='word_1_560' title='bbox 3493 1076 3621 1118; x_wconf 90' lang='lat' dir='ltr'><strong>ante</strong></span> 
     </span>
    </p>
   </div>
   <div class='ocr_carea' id='block_1_70' title="bbox 2041 1153 3618 1222">
    <p class='ocr_par' dir='ltr' id='par_1_70' title="bbox 2041 1153 3618 1222">
     <span class='ocr_line' id='line_1_70' title="bbox 2041 1153 3618 1222; baseline 0.001 -16"><span class='ocrx_word' id='word_1_561' title='bbox 2041 1165 2190 1206; x_wconf 89' lang='lat' dir='ltr'><strong>suam</strong></span> <span class='ocrx_word' id='word_1_562' title='bbox 2215 1153 2434 1222; x_wconf 86' lang='lat' dir='ltr'><strong>gratiam</strong></span> <span class='ocrx_word' id='word_1_563' title='bbox 2459 1153 2760 1208; x_wconf 89' lang='lat' dir='ltr'><strong>considerat</strong></span> <span class='ocrx_word' id='word_1_564' title='bbox 2785 1154 2926 1208; x_wconf 91' lang='lat' dir='ltr'><strong>illius</strong></span> <span class='ocrx_word' id='word_1_565' title='bbox 2950 1154 3246 1209; x_wconf 89' lang='lat' dir='ltr'><strong>utilitatem.</strong></span> <span class='ocrx_word' id='word_1_566' title='bbox 3278 1154 3426 1210; x_wconf 88' lang='lat' dir='ltr'><strong>Unde</strong></span> <span class='ocrx_word' id='word_1_567' title='bbox 3456 1157 3618 1209; x_wconf 86' lang='lat' dir='ltr'><strong>etiam</strong></span> 
     </span>
    </p>
   </div>
   <div class='ocr_carea' id='block_1_71' title="bbox 2042 1241 3617 1300">
    <p class='ocr_par' dir='ltr' id='par_1_71' title="bbox 2042 1241 3617 1300">
     <span class='ocr_line' id='line_1_71' title="bbox 2042 1241 3617 1300; baseline 0.003 -4"><span class='ocrx_word' id='word_1_568' title='bbox 2042 1241 2143 1298; x_wconf 80' lang='lat' dir='ltr'><strong>hac</strong></span> <span class='ocrx_word' id='word_1_569' title='bbox 2169 1244 2375 1298; x_wconf 90' lang='lat' dir='ltr'><strong>ratione</strong></span> <span class='ocrx_word' id='word_1_570' title='bbox 2401 1244 2542 1298; x_wconf 88' lang='lat' dir='ltr'><strong>inter</strong></span> <span class='ocrx_word' id='word_1_571' title='bbox 2569 1259 2628 1299; x_wconf 92' lang='lat' dir='ltr'><strong>se</strong></span> <span class='ocrx_word' id='word_1_572' title='bbox 2669 1245 2895 1298; x_wconf 78' lang='lat' dir='ltr'><strong>maxime</strong></span> <span class='ocrx_word' id='word_1_573' title='bbox 2931 1243 3201 1298; x_wconf 74' lang='lat' dir='ltr'><strong>differunt.</strong></span> <span class='ocrx_word' id='word_1_574' title='bbox 3228 1244 3284 1299; x_wconf 94' lang='lat' dir='ltr'><strong>Si</strong></span> <span class='ocrx_word' id='word_1_575' title='bbox 3311 1255 3487 1298; x_wconf 83' lang='lat' dir='ltr'><strong>autem</strong></span> <span class='ocrx_word' id='word_1_576' title='bbox 3532 1247 3617 1300; x_wconf 88' lang='lat' dir='ltr'><strong>vel</strong></span> 
     </span>
    </p>
   </div>
   <div class='ocr_carea' id='block_1_72' title="bbox 2040 1334 3614 1405">
    <p class='ocr_par' dir='ltr' id='par_1_72' title="bbox 2040 1334 3614 1405">
     <span class='ocr_line' id='line_1_72' title="bbox 2040 1334 3614 1405; baseline 0 -17"><span class='ocrx_word' id='word_1_577' title='bbox 2040 1336 2358 1390; x_wconf 88' lang='lat' dir='ltr'><strong>miserantes</strong></span> <span class='ocrx_word' id='word_1_578' title='bbox 2395 1334 2671 1389; x_wconf 84' lang='lat' dir='ltr'><strong>aversandi</strong></span> <span class='ocrx_word' id='word_1_579' title='bbox 2705 1334 2967 1405; x_wconf 90' lang='lat' dir='ltr'><strong>improbi;</strong></span> <span class='ocrx_word' id='word_1_580' title='bbox 3000 1335 3224 1404; x_wconf 85' lang='lat' dir='ltr'><strong>quando</strong></span> <span class='ocrx_word' id='word_1_581' title='bbox 3251 1343 3373 1390; x_wconf 88' lang='lat' dir='ltr'><strong>sunt</strong></span> <span class='ocrx_word' id='word_1_582' title='bbox 3421 1336 3614 1389; x_wconf 88' lang='lat' dir='ltr'><strong>admit-</strong></span> 
     </span>
    </p>
   </div>
   <div class='ocr_carea' id='block_1_73' title="bbox 2042 1425 3615 1496">
    <p class='ocr_par' dir='ltr' id='par_1_73' title="bbox 2042 1425 3615 1496">
     <span class='ocr_line' id='line_1_73' title="bbox 2042 1425 3615 1496; baseline -0.001 -15"><span class='ocrx_word' id='word_1_583' title='bbox 2042 1427 2225 1482; x_wconf 86' lang='lat' dir='ltr'><strong>tendi?</strong></span> <span class='ocrx_word' id='word_1_584' title='bbox 2244 1426 2556 1496; x_wconf 86' lang='lat' dir='ltr'><strong>Numquam.</strong></span> <span class='ocrx_word' id='word_1_585' title='bbox 2585 1425 2937 1493; x_wconf 86' lang='lat' dir='ltr'><strong>Quamobrem</strong></span> <span class='ocrx_word' id='word_1_586' title='bbox 2967 1426 3172 1481; x_wconf 88' lang='lat' dir='ltr'><strong>etiamsi</strong></span> <span class='ocrx_word' id='word_1_587' title='bbox 3199 1427 3432 1496; x_wconf 70' lang='lat' dir='ltr'><strong>praebeat</strong></span> <span class='ocrx_word' id='word_1_588' title='bbox 3457 1443 3615 1496; x_wconf 86' lang='lat' dir='ltr'><strong>pecu-</strong></span> 
     </span>
    </p>
   </div>
   <div class='ocr_carea' id='block_1_74' title="bbox 2041 1517 3772 1593">
    <p class='ocr_par' dir='ltr' id='par_1_74' title="bbox 2041 1517 3772 1593">
     <span class='ocr_line' id='line_1_74' title="bbox 2041 1517 3772 1593; baseline 0.001 -23"><span class='ocrx_word' id='word_1_589' title='bbox 2041 1517 2184 1581; x_wconf 86' lang='lat' dir='ltr'><strong>nias,</strong></span> <span class='ocrx_word' id='word_1_590' title='bbox 2224 1517 2429 1572; x_wconf 87' lang='lat' dir='ltr'><strong>etiamsi</strong></span> <span class='ocrx_word' id='word_1_591' title='bbox 2459 1517 2678 1571; x_wconf 88' lang='lat' dir='ltr'><strong>delicias</strong></span> <span class='ocrx_word' id='word_1_592' title='bbox 2700 1517 2968 1586; x_wconf 90' lang='lat' dir='ltr'><strong>promittat</strong></span> <span class='ocrx_word' id='word_1_593' title='bbox 2995 1526 3048 1570; x_wconf 87' lang='lat' dir='ltr'><strong>et</strong></span> <span class='ocrx_word' id='word_1_594' title='bbox 3087 1517 3350 1584; x_wconf 86' lang='lat' dir='ltr'><strong>honores,</strong></span> <span class='ocrx_word' id='word_1_595' title='bbox 3378 1531 3499 1571; x_wconf 89' lang='lat' dir='ltr'><strong>cum</strong></span> <span class='ocrx_word' id='word_1_596' title='bbox 3532 1533 3615 1571; x_wconf 91' lang='lat' dir='ltr'><strong>re-</strong></span> <span class='ocrx_word' id='word_1_597' title='bbox 3709 1588 3715 1593; x_wconf 86' lang='lat'>_</span> <span class='ocrx_word' id='word_1_598' title='bbox 3766 1517 3772 1522; x_wconf 81' lang='grc'>’</span> 
     </span>
    </p>
   </div>
   <div class='ocr_carea' id='block_1_75' title="bbox 2039 1608 3614 1679">
    <p class='ocr_par' dir='ltr' id='par_1_75' title="bbox 2039 1608 3614 1679">
     <span class='ocr_line' id='line_1_75' title="bbox 2039 1608 3614 1679; baseline 0.001 -17"><span class='ocrx_word' id='word_1_599' title='bbox 2039 1608 2176 1678; x_wconf 88' lang='lat' dir='ltr'><strong>pelle</strong></span> <span class='ocrx_word' id='word_1_600' title='bbox 2203 1618 2256 1663; x_wconf 92' lang='lat' dir='ltr'><strong>et</strong></span> <span class='ocrx_word' id='word_1_601' title='bbox 2295 1609 2451 1678; x_wconf 86' lang='lat' dir='ltr'><strong>fuge;</strong></span> <span class='ocrx_word' id='word_1_602' title='bbox 2474 1608 2672 1679; x_wconf 90' lang='lat' dir='ltr'><strong>justum</strong></span> <span class='ocrx_word' id='word_1_603' title='bbox 2713 1618 2887 1663; x_wconf 88' lang='lat' dir='ltr'><strong>autem</strong></span> <span class='ocrx_word' id='word_1_604' title='bbox 2917 1609 3123 1663; x_wconf 89' lang='lat' dir='ltr'><strong>etiamsi</strong></span> <span class='ocrx_word' id='word_1_605' title='bbox 3157 1617 3206 1663; x_wconf 91' lang='lat' dir='ltr'><strong>te</strong></span> <span class='ocrx_word' id='word_1_606' title='bbox 3234 1610 3410 1664; x_wconf 87' lang='lat' dir='ltr'><strong>verbis</strong></span> <span class='ocrx_word' id='word_1_607' title='bbox 3441 1609 3614 1663; x_wconf 81' lang='lat' dir='ltr'><strong>luditi-</strong></span> 
     </span>
    </p>
   </div>
   <div class='ocr_carea' id='block_1_76' title="bbox 2039 1701 3615 1773">
    <p class='ocr_par' dir='ltr' id='par_1_76' title="bbox 2039 1701 3615 1773">
     <span class='ocr_line' id='line_1_76' title="bbox 2039 1701 3615 1773; baseline 0.001 -18"><span class='ocrx_word' id='word_1_608' title='bbox 2039 1709 2188 1756; x_wconf 89' lang='lat' dir='ltr'><strong>cetur</strong></span> <span class='ocrx_word' id='word_1_609' title='bbox 2207 1744 2222 1769; x_wconf 92' lang='lat'><strong>,</strong></span> <span class='ocrx_word' id='word_1_610' title='bbox 2245 1701 2449 1756; x_wconf 89' lang='lat' dir='ltr'><strong>etiamsi</strong></span> <span class='ocrx_word' id='word_1_611' title='bbox 2480 1711 2530 1757; x_wconf 89' lang='lat' dir='ltr'><strong>te</strong></span> <span class='ocrx_word' id='word_1_612' title='bbox 2553 1703 2790 1772; x_wconf 88' lang='lat' dir='ltr'><strong>increpet</strong></span> <span class='ocrx_word' id='word_1_613' title='bbox 2817 1712 2868 1757; x_wconf 89' lang='lat' dir='ltr'><strong>et</strong></span> <span class='ocrx_word' id='word_1_614' title='bbox 2895 1703 3210 1767; x_wconf 83' lang='lat' dir='ltr'><strong>insectetur,</strong></span> <span class='ocrx_word' id='word_1_615' title='bbox 3235 1718 3457 1773; x_wconf 86' lang='lat' dir='ltr'><strong>sequere</strong></span> <span class='ocrx_word' id='word_1_616' title='bbox 3481 1721 3494 1756; x_wconf 89' lang='lat'><strong>:</strong></span> <span class='ocrx_word' id='word_1_617' title='bbox 3527 1705 3615 1757; x_wconf 90' lang='lat' dir='ltr'><strong>ille</strong></span> 
     </span>
    </p>
   </div>
   <div class='ocr_carea' id='block_1_77' title="bbox 2040 1791 3616 1862">
    <p class='ocr_par' dir='ltr' id='par_1_77' title="bbox 2040 1791 3616 1862">
     <span class='ocr_line' id='line_1_77' title="bbox 2040 1791 3616 1862; baseline 0.001 -17"><span class='ocrx_word' id='word_1_618' title='bbox 2040 1792 2181 1845; x_wconf 88' lang='lat' dir='ltr'><strong>enim</strong></span> <span class='ocrx_word' id='word_1_619' title='bbox 2227 1799 2307 1846; x_wconf 87' lang='lat' dir='ltr'><strong>est</strong></span> <span class='ocrx_word' id='word_1_620' title='bbox 2366 1791 2456 1860; x_wconf 87' lang='lat' dir='ltr'><strong>qui</strong></span> <span class='ocrx_word' id='word_1_621' title='bbox 2509 1799 2561 1846; x_wconf 85' lang='lat' dir='ltr'><strong>te</strong></span> <span class='ocrx_word' id='word_1_622' title='bbox 2619 1791 2806 1862; x_wconf 86' lang='lat' dir='ltr'><strong>diligit.</strong></span> <span class='ocrx_word' id='word_1_623' title='bbox 2861 1791 3110 1859; x_wconf 85' lang='lat' dir='ltr'><strong>Quoniam</strong></span> <span class='ocrx_word' id='word_1_624' title='bbox 3159 1793 3324 1845; x_wconf 83' lang='lat' dir='ltr'><strong>adhuc</strong></span> <span class='ocrx_word' id='word_1_625' title='bbox 3369 1803 3414 1845; x_wconf 88' lang='lat' dir='ltr'><strong>et</strong></span> <span class='ocrx_word' id='word_1_626' title='bbox 3457 1795 3616 1847; x_wconf 87' lang='lat' dir='ltr'><strong>oratio</strong></span> 
     </span>
    </p>
   </div>
   <div class='ocr_carea' id='block_1_78' title="bbox 2040 1881 3616 1950">
    <p class='ocr_par' dir='ltr' id='par_1_78' title="bbox 2040 1881 3616 1950">
     <span class='ocr_line' id='line_1_78' title="bbox 2040 1881 3616 1950; baseline 0 -16"><span class='ocrx_word' id='word_1_627' title='bbox 2040 1897 2149 1934; x_wconf 88' lang='lat' dir='ltr'><strong>mea</strong></span> <span class='ocrx_word' id='word_1_628' title='bbox 2201 1883 2254 1935; x_wconf 86' lang='lat' dir='ltr'><strong>in</strong></span> <span class='ocrx_word' id='word_1_629' title='bbox 2307 1882 2624 1950; x_wconf 79' lang='lat' dir='ltr'><strong>beneplacitis</strong></span> <span class='ocrx_word' id='word_1_630' title='bbox 2678 1898 2866 1936; x_wconf 88' lang='lat' dir='ltr'><strong>eorum.</strong></span> <span class='ocrx_word' id='word_1_631' title='bbox 2919 1881 3063 1936; x_wconf 80' lang='lat' dir='ltr'><strong>Alius</strong></span> <span class='ocrx_word' id='word_1_632' title='bbox 3099 1923 3113 1945; x_wconf 89' lang='lat'><strong>,</strong></span> <span class='ocrx_word' id='word_1_633' title='bbox 3165 1881 3342 1934; x_wconf 82' lang='lat' dir='ltr'><strong>Adhuc</strong></span> <span class='ocrx_word' id='word_1_634' title='bbox 3383 1882 3515 1935; x_wconf 83' lang='lat' dir='ltr'><strong>enim</strong></span> <span class='ocrx_word' id='word_1_635' title='bbox 3570 1894 3616 1934; x_wconf 75' lang='lat' dir='ltr'><strong>et</strong></span> 
     </span>
    </p>
   </div>
   <div class='ocr_carea' id='block_1_79' title="bbox 2039 1972 3616 2045">
    <p class='ocr_par' dir='ltr' id='par_1_79' title="bbox 2039 1972 3616 2045">
     <span class='ocr_line' id='line_1_79' title="bbox 2039 1972 3616 2045; baseline -0.001 -18"><span class='ocrx_word' id='word_1_636' title='bbox 2039 1976 2201 2028; x_wconf 87' lang='lat' dir='ltr'><strong>oratio</strong></span> <span class='ocrx_word' id='word_1_637' title='bbox 2237 1991 2347 2028; x_wconf 90' lang='lat' dir='ltr'><strong>mea</strong></span> <span class='ocrx_word' id='word_1_638' title='bbox 2392 1976 2524 2028; x_wconf 88' lang='lat' dir='ltr'><strong>intra</strong></span> <span class='ocrx_word' id='word_1_639' title='bbox 2565 1975 2683 2028; x_wconf 73' lang='lat' dir='ltr'><strong>uitia</strong></span> <span class='ocrx_word' id='word_1_640' title='bbox 2720 1975 2944 2043; x_wconf 84' lang='lat' dir='ltr'><strong>ipsorum</strong></span> <span class='ocrx_word' id='word_1_641' title='bbox 2991 1973 3054 2045; x_wconf 87' lang='lat' dir='ltr'><strong>(a</strong></span> <span class='ocrx_word' id='word_1_642' title='bbox 3076 1985 3116 2041; x_wconf 81' lang='lat'><strong>).</strong></span> <span class='ocrx_word' id='word_1_643' title='bbox 3146 1972 3293 2027; x_wconf 75' lang='lat' dir='ltr'><strong>Alius</strong></span> <span class='ocrx_word' id='word_1_644' title='bbox 3317 2014 3335 2038; x_wconf 91' lang='lat'><strong>,</strong></span> <span class='ocrx_word' id='word_1_645' title='bbox 3367 1972 3616 2038; x_wconf 76' lang='lat' dir='ltr'><strong>Quoniam</strong></span> 
     </span>
    </p>
   </div>
   <div class='ocr_carea' id='block_1_80' title="bbox 2039 2063 3378 2135">
    <p class='ocr_par' dir='ltr' id='par_1_80' title="bbox 2039 2063 3378 2135">
     <span class='ocr_line' id='line_1_80' title="bbox 2039 2063 3378 2135; baseline -0.001 -16"><span class='ocrx_word' id='word_1_646' title='bbox 2039 2066 2203 2119; x_wconf 82' lang='lat' dir='ltr'><strong>adhuc</strong></span> <span class='ocrx_word' id='word_1_647' title='bbox 2236 2075 2281 2118; x_wconf 89' lang='lat' dir='ltr'><strong>et</strong></span> <span class='ocrx_word' id='word_1_648' title='bbox 2311 2065 2470 2118; x_wconf 88' lang='lat' dir='ltr'><strong>oratio</strong></span> <span class='ocrx_word' id='word_1_649' title='bbox 2498 2081 2608 2117; x_wconf 84' lang='lat' dir='ltr'><strong>utea</strong></span> <span class='ocrx_word' id='word_1_650' title='bbox 2635 2065 2688 2118; x_wconf 86' lang='lat' dir='ltr'><strong>in</strong></span> <span class='ocrx_word' id='word_1_651' title='bbox 2716 2063 3110 2135; x_wconf 86' lang='lat' dir='ltr'><strong>improbitatibus</strong></span> <span class='ocrx_word' id='word_1_652' title='bbox 3135 2064 3378 2132; x_wconf 85' lang='lat' dir='ltr'><strong>ipsorum.</strong></span> 
     </span>
    </p>
   </div>
   <div class='ocr_carea' id='block_1_81' title="bbox 2113 2155 3610 2225">
    <p class='ocr_par' dir='ltr' id='par_1_81' title="bbox 2113 2155 3610 2225">
     <span class='ocr_line' id='line_1_81' title="bbox 2113 2155 3610 2225; baseline -0.003 -15"><span class='ocrx_word' id='word_1_653' title='bbox 2113 2156 2343 2210; x_wconf 78' lang='lat' dir='ltr'><strong>Orationi</strong></span> <span class='ocrx_word' id='word_1_654' title='bbox 2371 2157 2463 2211; x_wconf 89' lang='lat' dir='ltr'><strong>soli</strong></span> <span class='ocrx_word' id='word_1_655' title='bbox 2491 2173 2591 2210; x_wconf 90' lang='lat' dir='ltr'><strong>non</strong></span> <span class='ocrx_word' id='word_1_656' title='bbox 2616 2155 2988 2224; x_wconf 83' lang='lat' dir='ltr'><strong>conﬁdendum,</strong></span> <span class='ocrx_word' id='word_1_657' title='bbox 3017 2155 3104 2208; x_wconf 71' lang='lat' dir='ltr'><strong>sed</strong></span> <span class='ocrx_word' id='word_1_658' title='bbox 3129 2165 3174 2207; x_wconf 90' lang='lat' dir='ltr'><strong>et</strong></span> <span class='ocrx_word' id='word_1_659' title='bbox 3203 2155 3610 2225; x_wconf 75' lang='lat' dir='ltr'><strong>operandam—-</strong></span> 
     </span>
    </p>
   </div>
   <div class='ocr_carea' id='block_1_82' title="bbox 2039 2246 3614 2317">
    <p class='ocr_par' dir='ltr' id='par_1_82' title="bbox 2039 2246 3614 2317">
     <span class='ocr_line' id='line_1_82' title="bbox 2039 2246 3614 2317; baseline 0 -15"><span class='ocrx_word' id='word_1_660' title='bbox 2039 2248 2168 2302; x_wconf 71' lang='lat' dir='ltr'><strong>{huc</strong></span> <span class='ocrx_word' id='word_1_661' title='bbox 2195 2246 2406 2317; x_wconf 90' lang='lat' dir='ltr'><strong>quidem</strong></span> <span class='ocrx_word' id='word_1_662' title='bbox 2433 2248 2600 2316; x_wconf 88' lang='lat' dir='ltr'><strong>petiit.</strong></span> <span class='ocrx_word' id='word_1_663' title='bbox 2620 2248 2706 2302; x_wconf 90' lang='lat' dir='ltr'><strong>illa</strong></span> <span class='ocrx_word' id='word_1_664' title='bbox 2737 2261 2866 2301; x_wconf 88' lang='lat' dir='ltr'><strong>vero</strong></span> <span class='ocrx_word' id='word_1_665' title='bbox 2891 2246 3092 2316; x_wconf 68' lang='lat' dir='ltr'><strong>praebet</strong></span> <span class='ocrx_word' id='word_1_666' title='bbox 3115 2261 3143 2299; x_wconf 87' lang='lat' dir='ltr'><strong>a</strong></span> <span class='ocrx_word' id='word_1_667' title='bbox 3165 2247 3339 2315; x_wconf 84' lang='lat' dir='ltr'><strong>seipse</strong></span> <span class='ocrx_word' id='word_1_668' title='bbox 3369 2264 3383 2300; x_wconf 92' lang='lat'><strong>:</strong></span> <span class='ocrx_word' id='word_1_669' title='bbox 3413 2256 3466 2302; x_wconf 91' lang='lat' dir='ltr'><strong>et</strong></span> <span class='ocrx_word' id='word_1_670' title='bbox 3490 2247 3614 2302; x_wconf 87' lang='lat' dir='ltr'><strong>hinc</strong></span> 
     </span>
    </p>
   </div>
   <div class='ocr_carea' id='block_1_83' title="bbox 2039 2337 3612 2409">
    <p class='ocr_par' dir='ltr' id='par_1_83' title="bbox 2039 2337 3612 2409">
     <span class='ocr_line' id='line_1_83' title="bbox 2039 2337 3612 2409; baseline -0.001 -15"><span class='ocrx_word' id='word_1_671' title='bbox 2039 2340 2270 2394; x_wconf 91' lang='lat' dir='ltr'><strong>ostendit</strong></span> <span class='ocrx_word' id='word_1_672' title='bbox 2310 2354 2414 2394; x_wconf 92' lang='lat' dir='ltr'><strong>non</strong></span> <span class='ocrx_word' id='word_1_673' title='bbox 2444 2349 2690 2409; x_wconf 89' lang='lat' dir='ltr'><strong>oportere</strong></span> <span class='ocrx_word' id='word_1_674' title='bbox 2719 2353 2812 2394; x_wconf 90' lang='lat' dir='ltr'><strong>eos</strong></span> <span class='ocrx_word' id='word_1_675' title='bbox 2841 2339 3010 2394; x_wconf 92' lang='lat' dir='ltr'><strong>solum</strong></span> <span class='ocrx_word' id='word_1_676' title='bbox 3041 2337 3307 2394; x_wconf 86' lang='lat' dir='ltr'><strong>conlidere</strong></span> <span class='ocrx_word' id='word_1_677' title='bbox 3349 2339 3612 2404; x_wconf 86' lang='lat' dir='ltr'><strong>orationi,</strong></span> 
     </span>
    </p>
   </div>
   <div class='ocr_carea' id='block_1_84' title="bbox 2039 2427 3612 2498">
    <p class='ocr_par' dir='ltr' id='par_1_84' title="bbox 2039 2427 3612 2498">
     <span class='ocr_line' id='line_1_84' title="bbox 2039 2427 3612 2498; baseline -0.002 -13"><span class='ocrx_word' id='word_1_678' title='bbox 2039 2431 2234 2485; x_wconf 90' lang='lat' dir='ltr'><strong>inertes</strong></span> <span class='ocrx_word' id='word_1_679' title='bbox 2269 2443 2458 2498; x_wconf 87' lang='lat' dir='ltr'><strong>nempe</strong></span> <span class='ocrx_word' id='word_1_680' title='bbox 2482 2438 2537 2484; x_wconf 91' lang='lat' dir='ltr'><strong>et</strong></span> <span class='ocrx_word' id='word_1_681' title='bbox 2564 2429 2909 2494; x_wconf 90' lang='lat' dir='ltr'><strong>dormientes,</strong></span> <span class='ocrx_word' id='word_1_682' title='bbox 2937 2427 3029 2483; x_wconf 87' lang='lat' dir='ltr'><strong>sed</strong></span> <span class='ocrx_word' id='word_1_683' title='bbox 3058 2436 3305 2497; x_wconf 91' lang='lat' dir='ltr'><strong>oportere</strong></span> <span class='ocrx_word' id='word_1_684' title='bbox 3330 2428 3486 2482; x_wconf 89' lang='lat' dir='ltr'><strong>etiam</strong></span> <span class='ocrx_word' id='word_1_685' title='bbox 3519 2443 3612 2482; x_wconf 89' lang='lat' dir='ltr'><strong>sua</strong></span> 
     </span>
    </p>
   </div>
   <div class='ocr_carea' id='block_1_85' title="bbox 2037 2518 3609 2588">
    <p class='ocr_par' dir='ltr' id='par_1_85' title="bbox 2037 2518 3609 2588">
     <span class='ocr_line' id='line_1_85' title="bbox 2037 2518 3609 2588; baseline -0.001 -13"><span class='ocrx_word' id='word_1_686' title='bbox 2037 2519 2298 2575; x_wconf 88' lang='lat' dir='ltr'><strong>conferre.</strong></span> <span class='ocrx_word' id='word_1_687' title='bbox 2325 2519 2461 2588; x_wconf 92' lang='lat' dir='ltr'><strong>Quid</strong></span> <span class='ocrx_word' id='word_1_688' title='bbox 2509 2519 2596 2574; x_wconf 91' lang='lat' dir='ltr'><strong>hic</strong></span> <span class='ocrx_word' id='word_1_689' title='bbox 2623 2528 2797 2574; x_wconf 87' lang='lat' dir='ltr'><strong>autem</strong></span> <span class='ocrx_word' id='word_1_690' title='bbox 2826 2534 2891 2574; x_wconf 89' lang='lat' dir='ltr'><strong>ex</strong></span> <span class='ocrx_word' id='word_1_691' title='bbox 2930 2534 2988 2574; x_wconf 91' lang='lat' dir='ltr'><strong>se</strong></span> <span class='ocrx_word' id='word_1_692' title='bbox 3035 2518 3276 2588; x_wconf 71' lang='lat' dir='ltr'><strong>prtebet?</strong></span> <span class='ocrx_word' id='word_1_693' title='bbox 3304 2518 3417 2573; x_wconf 81' lang='lat' dir='ltr'><strong>Non</strong></span> <span class='ocrx_word' id='word_1_694' title='bbox 3448 2535 3609 2588; x_wconf 84' lang='lat' dir='ltr'><strong>oves,</strong></span> 
     </span>
    </p>
   </div>
   <div class='ocr_carea' id='block_1_86' title="bbox 2037 2609 3615 2682">
    <p class='ocr_par' dir='ltr' id='par_1_86' title="bbox 2037 2609 3615 2682">
     <span class='ocr_line' id='line_1_86' title="bbox 2037 2609 3615 2682; baseline -0.002 -15"><span class='ocrx_word' id='word_1_695' title='bbox 2037 2610 2200 2667; x_wconf 86' lang='lat' dir='ltr'><strong>boves</strong></span> <span class='ocrx_word' id='word_1_696' title='bbox 2222 2652 2238 2675; x_wconf 92' lang='lat'><strong>,</strong></span> <span class='ocrx_word' id='word_1_697' title='bbox 2269 2619 2321 2666; x_wconf 90' lang='lat' dir='ltr'><strong>et</strong></span> <span class='ocrx_word' id='word_1_698' title='bbox 2365 2612 2615 2682; x_wconf 88' lang='lat' dir='ltr'><strong>pecunias</strong></span> <span class='ocrx_word' id='word_1_699' title='bbox 2635 2653 2649 2678; x_wconf 91' lang='lat'><strong>,</strong></span> <span class='ocrx_word' id='word_1_700' title='bbox 2678 2610 2769 2665; x_wconf 86' lang='lat' dir='ltr'><strong>sed</strong></span> <span class='ocrx_word' id='word_1_701' title='bbox 2819 2625 3024 2664; x_wconf 89' lang='lat' dir='ltr'><strong>morum</strong></span> <span class='ocrx_word' id='word_1_702' title='bbox 3074 2609 3492 2664; x_wconf 84' lang='lat' dir='ltr'><strong>moderationem</strong></span> <span class='ocrx_word' id='word_1_703' title='bbox 3519 2653 3533 2677; x_wconf 94' lang='lat'><strong>,</strong></span> <span class='ocrx_word' id='word_1_704' title='bbox 3561 2619 3615 2664; x_wconf 90' lang='lat' dir='ltr'><strong>et</strong></span> 
     </span>
    </p>
   </div>
   <div class='ocr_carea' id='block_1_87' title="bbox 2038 2699 3612 2772">
    <p class='ocr_par' dir='ltr' id='par_1_87' title="bbox 2038 2699 3612 2772">
     <span class='ocr_line' id='line_1_87' title="bbox 2038 2699 3612 2772; baseline -0.001 -17"><span class='ocrx_word' id='word_1_705' title='bbox 2038 2702 2176 2772; x_wconf 91' lang='lat' dir='ltr'><strong>quod</strong></span> <span class='ocrx_word' id='word_1_706' title='bbox 2211 2701 2508 2756; x_wconf 88' lang='lat' dir='ltr'><strong>mirandum</strong></span> <span class='ocrx_word' id='word_1_707' title='bbox 2538 2701 2588 2755; x_wconf 93' lang='lat' dir='ltr'><strong>in</strong></span> <span class='ocrx_word' id='word_1_708' title='bbox 2626 2701 2839 2755; x_wconf 91' lang='lat' dir='ltr'><strong>modum</strong></span> <span class='ocrx_word' id='word_1_709' title='bbox 2876 2715 3058 2755; x_wconf 87' lang='lat' dir='ltr'><strong>eorunt</strong></span> <span class='ocrx_word' id='word_1_710' title='bbox 3103 2699 3267 2769; x_wconf 83' lang='lat' dir='ltr'><strong>fugiat</strong></span> <span class='ocrx_word' id='word_1_711' title='bbox 3304 2701 3612 2769; x_wconf 85' lang='lat' dir='ltr'><strong>improbita-</strong></span> 
     </span>
    </p>
   </div>
   <div class='ocr_carea' id='block_1_88' title="bbox 2041 2790 3613 2862">
    <p class='ocr_par' dir='ltr' id='par_1_88' title="bbox 2041 2790 3613 2862">
     <span class='ocr_line' id='line_1_88' title="bbox 2041 2790 3613 2862; baseline -0.003 -13"><span class='ocrx_word' id='word_1_712' title='bbox 2041 2803 2170 2849; x_wconf 89' lang='lat' dir='ltr'><strong>tem.</strong></span> <span class='ocrx_word' id='word_1_713' title='bbox 2199 2791 2312 2848; x_wconf 87' lang='lat' dir='ltr'><strong>Non</strong></span> <span class='ocrx_word' id='word_1_714' title='bbox 2352 2793 2542 2858; x_wconf 89' lang='lat' dir='ltr'><strong>solum,</strong></span> <span class='ocrx_word' id='word_1_715' title='bbox 2573 2792 2772 2861; x_wconf 90' lang='lat' dir='ltr'><strong>inquit,</strong></span> <span class='ocrx_word' id='word_1_716' title='bbox 2802 2791 3008 2846; x_wconf 91' lang='lat' dir='ltr'><strong>illorum</strong></span> <span class='ocrx_word' id='word_1_717' title='bbox 3045 2791 3392 2860; x_wconf 84' lang='lat' dir='ltr'><strong>pemiciosam</strong></span> <span class='ocrx_word' id='word_1_718' title='bbox 3423 2790 3613 2862; x_wconf 82' lang='lat' dir='ltr'><strong>fugiant</strong></span> 
     </span>
    </p>
   </div>
   <div class='ocr_carea' id='block_1_89' title="bbox 2037 2883 3612 2957">
    <p class='ocr_par' dir='ltr' id='par_1_89' title="bbox 2037 2883 3612 2957">
     <span class='ocr_line' id='line_1_89' title="bbox 2037 2883 3612 2957; baseline -0.001 -18"><span class='ocrx_word' id='word_1_719' title='bbox 2037 2886 2297 2957; x_wconf 83' lang='lat' dir='ltr'><strong>gratiam,</strong></span> <span class='ocrx_word' id='word_1_720' title='bbox 2348 2899 2446 2940; x_wconf 91' lang='lat' dir='ltr'><strong>nec</strong></span> <span class='ocrx_word' id='word_1_721' title='bbox 2497 2885 2686 2954; x_wconf 86' lang='lat' dir='ltr'><strong>eligam</strong></span> <span class='ocrx_word' id='word_1_722' title='bbox 2733 2883 2926 2938; x_wconf 90' lang='lat' dir='ltr'><strong>horum</strong></span> <span class='ocrx_word' id='word_1_723' title='bbox 2975 2883 3472 2952; x_wconf 89' lang='lat' dir='ltr'><strong>reprehensionem,</strong></span> <span class='ocrx_word' id='word_1_724' title='bbox 3520 2883 3612 2938; x_wconf 83' lang='lat' dir='ltr'><strong>sed</strong></span> 
     </span>
    </p>
   </div>
   <div class='ocr_carea' id='block_1_90' title="bbox 2037 2973 3614 3045">
    <p class='ocr_par' dir='ltr' id='par_1_90' title="bbox 2037 2973 3614 3045">
     <span class='ocr_line' id='line_1_90' title="bbox 2037 2973 3614 3045; baseline -0.001 -13"><span class='ocrx_word' id='word_1_725' title='bbox 2037 2978 2195 3032; x_wconf 89' lang='lat' dir='ltr'><strong>etiam</strong></span> <span class='ocrx_word' id='word_1_726' title='bbox 2224 2976 2373 3030; x_wconf 90' lang='lat' dir='ltr'><strong>stabo</strong></span> <span class='ocrx_word' id='word_1_727' title='bbox 2393 2975 2645 3031; x_wconf 88' lang='lat' dir='ltr'><strong>adversus</strong></span> <span class='ocrx_word' id='word_1_728' title='bbox 2667 2989 2848 3030; x_wconf 91' lang='lat' dir='ltr'><strong>eorum</strong></span> <span class='ocrx_word' id='word_1_729' title='bbox 2875 2973 3218 3045; x_wconf 86' lang='lat' dir='ltr'><strong>cupiditates:</strong></span> <span class='ocrx_word' id='word_1_730' title='bbox 3237 2983 3438 3028; x_wconf 88' lang='lat' dir='ltr'><strong>tantum</strong></span> <span class='ocrx_word' id='word_1_731' title='bbox 3464 2975 3614 3030; x_wconf 88' lang='lat' dir='ltr'><strong>abest</strong></span> 
     </span>
    </p>
   </div>
   <div class='ocr_carea' id='block_1_91' title="bbox 2037 3064 3613 3138">
    <p class='ocr_par' dir='ltr' id='par_1_91' title="bbox 2037 3064 3613 3138">
     <span class='ocr_line' id='line_1_91' title="bbox 2037 3064 3613 3138; baseline -0.003 -15"><span class='ocrx_word' id='word_1_732' title='bbox 2037 3077 2097 3123; x_wconf 90' lang='lat' dir='ltr'><strong>ut</strong></span> <span class='ocrx_word' id='word_1_733' title='bbox 2123 3068 2312 3138; x_wconf 88' lang='lat' dir='ltr'><strong>eligam</strong></span> <span class='ocrx_word' id='word_1_734' title='bbox 2340 3082 2521 3122; x_wconf 92' lang='lat' dir='ltr'><strong>eorum</strong></span> <span class='ocrx_word' id='word_1_735' title='bbox 2554 3064 2993 3132; x_wconf 89' lang='lat' dir='ltr'><strong>misericordiam,</strong></span> <span class='ocrx_word' id='word_1_736' title='bbox 3023 3073 3078 3118; x_wconf 93' lang='lat' dir='ltr'><strong>ut</strong></span> <span class='ocrx_word' id='word_1_737' title='bbox 3104 3079 3288 3134; x_wconf 89' lang='lat' dir='ltr'><strong>precer</strong></span> <span class='ocrx_word' id='word_1_738' title='bbox 3314 3077 3498 3118; x_wconf 88' lang='lat' dir='ltr'><strong>contra</strong></span> <span class='ocrx_word' id='word_1_739' title='bbox 3523 3080 3613 3119; x_wconf 84' lang='lat' dir='ltr'><strong>eo-</strong></span> 
     </span>
    </p>
   </div>
   <div class='ocr_carea' id='block_1_92' title="bbox 2040 3153 3612 3228">
    <p class='ocr_par' dir='ltr' id='par_1_92' title="bbox 2040 3153 3612 3228">
     <span class='ocr_line' id='line_1_92' title="bbox 2040 3153 3612 3228; baseline -0.005 -14"><span class='ocrx_word' id='word_1_740' title='bbox 2040 3175 2156 3214; x_wconf 90' lang='lat' dir='ltr'><strong>rum</strong></span> <span class='ocrx_word' id='word_1_741' title='bbox 2183 3158 2514 3228; x_wconf 90' lang='lat' dir='ltr'><strong>cupiditates.</strong></span> <span class='ocrx_word' id='word_1_742' title='bbox 2543 3156 2654 3211; x_wconf 87' lang='lat' dir='ltr'><strong>Hoc</strong></span> <span class='ocrx_word' id='word_1_743' title='bbox 2680 3157 2819 3212; x_wconf 91' lang='lat' dir='ltr'><strong>enim</strong></span> <span class='ocrx_word' id='word_1_744' title='bbox 2845 3155 2943 3209; x_wconf 89' lang='lat' dir='ltr'><strong>sibi</strong></span> <span class='ocrx_word' id='word_1_745' title='bbox 2969 3155 3079 3209; x_wconf 90' lang='lat' dir='ltr'><strong>vult</strong></span> <span class='ocrx_word' id='word_1_746' title='bbox 3106 3154 3254 3221; x_wconf 89' lang='lat' dir='ltr'><strong>illttd,</strong></span> <span class='ocrx_word' id='word_1_747' title='bbox 3287 3153 3352 3206; x_wconf 86' lang='lat' dir='ltr'><strong>In</strong></span> <span class='ocrx_word' id='word_1_748' title='bbox 3381 3155 3612 3225; x_wconf 82' lang='lat' dir='ltr'><strong>benepla-</strong></span> 
     </span>
    </p>
   </div>
   <div class='ocr_carea' id='block_1_93' title="bbox 2039 3245 3612 3316">
    <p class='ocr_par' dir='ltr' id='par_1_93' title="bbox 2039 3245 3612 3316">
     <span class='ocr_line' id='line_1_93' title="bbox 2039 3245 3612 3316; baseline -0.003 -14"><span class='ocrx_word' id='word_1_749' title='bbox 2039 3249 2148 3303; x_wconf 89' lang='lat' dir='ltr'><strong>citis</strong></span> <span class='ocrx_word' id='word_1_750' title='bbox 2193 3264 2381 3303; x_wconf 89' lang='lat' dir='ltr'><strong>eorum.</strong></span> <span class='ocrx_word' id='word_1_751' title='bbox 2412 3247 2464 3302; x_wconf 85' lang='lat'><strong>6.</strong></span> <span class='ocrx_word' id='word_1_752' title='bbox 2502 3247 2736 3314; x_wconf 80' lang='lat' dir='ltr'><strong>Absorpti</strong></span> <span class='ocrx_word' id='word_1_753' title='bbox 2762 3255 2878 3300; x_wconf 89' lang='lat' dir='ltr'><strong>sunt</strong></span> <span class='ocrx_word' id='word_1_754' title='bbox 2908 3246 3060 3316; x_wconf 75' lang='lat' dir='ltr'><strong>juxta</strong></span> <span class='ocrx_word' id='word_1_755' title='bbox 3090 3255 3277 3315; x_wconf 85' lang='lat' dir='ltr'><strong>petram</strong></span> <span class='ocrx_word' id='word_1_756' title='bbox 3305 3245 3504 3314; x_wconf 81' lang='lat' dir='ltr'><strong>judices</strong></span> <span class='ocrx_word' id='word_1_757' title='bbox 3527 3261 3612 3298; x_wconf 86' lang='lat' dir='ltr'><strong>co-</strong></span> 
     </span>
    </p>
   </div>
   <div class='ocr_carea' id='block_1_94' title="bbox 2040 3334 3614 3405">
    <p class='ocr_par' dir='ltr' id='par_1_94' title="bbox 2040 3334 3614 3405">
     <span class='ocr_line' id='line_1_94' title="bbox 2040 3334 3614 3405; baseline -0.002 -12"><span class='ocrx_word' id='word_1_758' title='bbox 2040 3356 2172 3394; x_wconf 85' lang='lat' dir='ltr'><strong>rum.</strong></span> <span class='ocrx_word' id='word_1_759' title='bbox 2216 3339 2398 3404; x_wconf 83' lang='lat' dir='ltr'><strong>Alius,</strong></span> <span class='ocrx_word' id='word_1_760' title='bbox 2437 3337 2723 3392; x_wconf 82' lang='lat' dir='ltr'><strong>Avellentur</strong></span> <span class='ocrx_word' id='word_1_761' title='bbox 2759 3337 2812 3390; x_wconf 91' lang='lat' dir='ltr'><strong>in</strong></span> <span class='ocrx_word' id='word_1_762' title='bbox 2852 3352 3004 3389; x_wconf 87' lang='lat' dir='ltr'><strong>manu</strong></span> <span class='ocrx_word' id='word_1_763' title='bbox 3042 3345 3212 3405; x_wconf 70' lang='lat' dir='ltr'><strong>petras.</strong></span> <span class='ocrx_word' id='word_1_764' title='bbox 3241 3334 3479 3390; x_wconf 84' lang='lat' dir='ltr'><strong>Ostendit</strong></span> <span class='ocrx_word' id='word_1_765' title='bbox 3531 3335 3614 3390; x_wconf 86' lang='lat' dir='ltr'><strong>hic</strong></span> 
     </span>
    </p>
   </div>
   <div class='ocr_carea' id='block_1_95' title="bbox 2041 3425 3614 3500">
    <p class='ocr_par' dir='ltr' id='par_1_95' title="bbox 2041 3425 3614 3500">
     <span class='ocr_line' id='line_1_95' title="bbox 2041 3425 3614 3500; baseline -0.002 -16"><span class='ocrx_word' id='word_1_766' title='bbox 2041 3446 2198 3500; x_wconf 88' lang='lat' dir='ltr'><strong>quam</strong></span> <span class='ocrx_word' id='word_1_767' title='bbox 2225 3431 2292 3484; x_wconf 90' lang='lat' dir='ltr'><strong>sit</strong></span> <span class='ocrx_word' id='word_1_768' title='bbox 2313 3439 2582 3499; x_wconf 89' lang='lat' dir='ltr'><strong>peccatum</strong></span> <span class='ocrx_word' id='word_1_769' title='bbox 2605 3435 2903 3498; x_wconf 86' lang='lat' dir='ltr'><strong>expugnatu</strong></span> <span class='ocrx_word' id='word_1_770' title='bbox 2931 3425 3101 3490; x_wconf 88' lang='lat' dir='ltr'><strong>facile,</strong></span> <span class='ocrx_word' id='word_1_771' title='bbox 3126 3437 3178 3482; x_wconf 90' lang='lat' dir='ltr'><strong>et</strong></span> <span class='ocrx_word' id='word_1_772' title='bbox 3197 3442 3353 3497; x_wconf 86' lang='lat' dir='ltr'><strong>quam</strong></span> <span class='ocrx_word' id='word_1_773' title='bbox 3379 3441 3614 3496; x_wconf 62' lang='lat' dir='ltr'><strong>praeceps</strong></span> 
     </span>
    </p>
   </div>
   <div class='ocr_carea' id='block_1_96' title="bbox 2039 3518 3613 3590">
    <p class='ocr_par' dir='ltr' id='par_1_96' title="bbox 2039 3518 3613 3590">
     <span class='ocr_line' id='line_1_96' title="bbox 2039 3518 3613 3590; baseline -0.002 -16"><span class='ocrx_word' id='word_1_774' title='bbox 2039 3521 2246 3576; x_wconf 88' lang='lat' dir='ltr'><strong>vitium.</strong></span> <span class='ocrx_word' id='word_1_775' title='bbox 2279 3521 2379 3590; x_wconf 89' lang='lat' dir='ltr'><strong>Ipsi</strong></span> <span class='ocrx_word' id='word_1_776' title='bbox 2405 3561 2419 3585; x_wconf 92' lang='lat'><strong>,</strong></span> <span class='ocrx_word' id='word_1_777' title='bbox 2461 3520 2662 3590; x_wconf 90' lang='lat' dir='ltr'><strong>inquit,</strong></span> <span class='ocrx_word' id='word_1_778' title='bbox 2698 3519 2995 3589; x_wconf 88' lang='lat' dir='ltr'><strong>principes,</strong></span> <span class='ocrx_word' id='word_1_779' title='bbox 3027 3518 3117 3588; x_wconf 91' lang='lat' dir='ltr'><strong>qui</strong></span> <span class='ocrx_word' id='word_1_780' title='bbox 3161 3519 3337 3571; x_wconf 89' lang='lat' dir='ltr'><strong>omnia</strong></span> <span class='ocrx_word' id='word_1_781' title='bbox 3368 3518 3613 3573; x_wconf 81' lang='lat' dir='ltr'><strong>devasta-</strong></span> 
     </span>
    </p>
   </div>
   <div class='ocr_carea' id='block_1_97' title="bbox 2042 3609 3614 3683">
    <p class='ocr_par' dir='ltr' id='par_1_97' title="bbox 2042 3609 3614 3683">
     <span class='ocr_line' id='line_1_97' title="bbox 2042 3609 3614 3683; baseline -0.003 -15"><span class='ocrx_word' id='word_1_782' title='bbox 2042 3614 2164 3668; x_wconf 89' lang='lat' dir='ltr'><strong>bant</strong></span> <span class='ocrx_word' id='word_1_783' title='bbox 2192 3652 2206 3678; x_wconf 94' lang='lat'><strong>,</strong></span> <span class='ocrx_word' id='word_1_784' title='bbox 2235 3613 2527 3683; x_wconf 89' lang='lat' dir='ltr'><strong>perierunt.</strong></span> <span class='ocrx_word' id='word_1_785' title='bbox 2573 3610 2686 3665; x_wconf 83' lang='lat' dir='ltr'><strong>Non</strong></span> <span class='ocrx_word' id='word_1_786' title='bbox 2717 3610 2848 3665; x_wconf 91' lang='lat' dir='ltr'><strong>dixit</strong></span> <span class='ocrx_word' id='word_1_787' title='bbox 2893 3619 3070 3665; x_wconf 90' lang='lat' dir='ltr'><strong>autem</strong></span> <span class='ocrx_word' id='word_1_788' title='bbox 3094 3651 3109 3675; x_wconf 94' lang='lat'><strong>,</strong></span> <span class='ocrx_word' id='word_1_789' title='bbox 3137 3609 3413 3666; x_wconf 81' lang='lat' dir='ltr'><strong>Perierunt</strong></span> <span class='ocrx_word' id='word_1_790' title='bbox 3439 3651 3455 3673; x_wconf 91' lang='lat'><strong>,</strong></span> <span class='ocrx_word' id='word_1_791' title='bbox 3487 3610 3614 3676; x_wconf 90' lang='lat' dir='ltr'><strong>sed,</strong></span> 
     </span>
    </p>
   </div>
   <div class='ocr_carea' id='block_1_98' title="bbox 2041 3701 3612 3775">
    <p class='ocr_par' dir='ltr' id='par_1_98' title="bbox 2041 3701 3612 3775">
     <span class='ocr_line' id='line_1_98' title="bbox 2041 3701 3612 3775; baseline -0.004 -16"><span class='ocrx_word' id='word_1_792' title='bbox 2041 3703 2277 3775; x_wconf 84' lang='lat' dir='ltr'><strong>Absorpti</strong></span> <span class='ocrx_word' id='word_1_793' title='bbox 2303 3713 2440 3769; x_wconf 90' lang='lat' dir='ltr'><strong>sunt,</strong></span> <span class='ocrx_word' id='word_1_794' title='bbox 2485 3702 2788 3772; x_wconf 86' lang='lat' dir='ltr'><strong>significans</strong></span> <span class='ocrx_word' id='word_1_795' title='bbox 2815 3716 2908 3756; x_wconf 91' lang='lat' dir='ltr'><strong>eos</strong></span> <span class='ocrx_word' id='word_1_796' title='bbox 2937 3701 3005 3755; x_wconf 88' lang='lat' dir='ltr'><strong>ita</strong></span> <span class='ocrx_word' id='word_1_797' title='bbox 3039 3702 3278 3770; x_wconf 87' lang='lat' dir='ltr'><strong>periisse,</strong></span> <span class='ocrx_word' id='word_1_798' title='bbox 3313 3709 3370 3754; x_wconf 93' lang='lat' dir='ltr'><strong>ut</strong></span> <span class='ocrx_word' id='word_1_799' title='bbox 3413 3702 3612 3754; x_wconf 90' lang='lat' dir='ltr'><strong>nullum</strong></span> 
     </span>
    </p>
   </div>
   <div class='ocr_carea' id='block_1_99' title="bbox 2041 3789 3616 3864">
    <p class='ocr_par' dir='ltr' id='par_1_99' title="bbox 2041 3789 3616 3864">
     <span class='ocr_line' id='line_1_99' title="bbox 2041 3789 3616 3864; baseline -0.004 -14"><span class='ocrx_word' id='word_1_800' title='bbox 2041 3795 2110 3850; x_wconf 88' lang='lat' dir='ltr'><strong>sit</strong></span> <span class='ocrx_word' id='word_1_801' title='bbox 2150 3795 2409 3864; x_wconf 87' lang='lat' dir='ltr'><strong>reliquum</strong></span> <span class='ocrx_word' id='word_1_802' title='bbox 2438 3807 2622 3848; x_wconf 90' lang='lat' dir='ltr'><strong>eorum</strong></span> <span class='ocrx_word' id='word_1_803' title='bbox 2667 3791 2981 3860; x_wconf 88' lang='lat' dir='ltr'><strong>vestigium,</strong></span> <span class='ocrx_word' id='word_1_804' title='bbox 3005 3789 3144 3860; x_wconf 90' lang='lat' dir='ltr'><strong>quod</strong></span> <span class='ocrx_word' id='word_1_805' title='bbox 3177 3789 3336 3844; x_wconf 86' lang='lat' dir='ltr'><strong>etiam</strong></span> <span class='ocrx_word' id='word_1_806' title='bbox 3376 3789 3506 3844; x_wconf 83' lang='lat' dir='ltr'><strong>dicit</strong></span> <span class='ocrx_word' id='word_1_807' title='bbox 3550 3790 3616 3844; x_wconf 87' lang='lat' dir='ltr'><strong>de</strong></span> 
     </span>
    </p>
   </div>
   <div class='ocr_carea' id='block_1_100' title="bbox 2039 3878 3616 3956">
    <p class='ocr_par' dir='ltr' id='par_1_100' title="bbox 2039 3878 3616 3956">
     <span class='ocr_line' id='line_1_100' title="bbox 2039 3878 3616 3956; baseline -0.006 -15"><span class='ocrx_word' id='word_1_808' title='bbox 2039 3885 2204 3956; x_wconf 84' lang='lat' dir='ltr'><strong>impio</strong></span> <span class='ocrx_word' id='word_1_809' title='bbox 2230 3904 2242 3939; x_wconf 94' lang='lat'>:</span> <span class='ocrx_word' id='word_1_810' title='bbox 2266 3884 2498 3938; x_wconf 85' lang='lat' dir='ltr'><strong>Transivi</strong></span> <span class='ocrx_word' id='word_1_811' title='bbox 2519 3925 2533 3950; x_wconf 93' lang='lat'><strong>,</strong></span> <span class='ocrx_word' id='word_1_812' title='bbox 2561 3892 2607 3937; x_wconf 90' lang='lat' dir='ltr'><strong>et</strong></span> <span class='ocrx_word' id='word_1_813' title='bbox 2645 3899 2758 3936; x_wconf 89' lang='lat' dir='ltr'><strong>ecce</strong></span> <span class='ocrx_word' id='word_1_814' title='bbox 2791 3898 2890 3935; x_wconf 87' lang='lat' dir='ltr'><strong>non</strong></span> <span class='ocrx_word' id='word_1_815' title='bbox 2919 3888 3020 3933; x_wconf 85' lang='lat' dir='ltr'><strong>erat</strong></span> <span class='ocrx_word' id='word_1_816' title='bbox 3052 3896 3072 3934; x_wconf 90' lang='lat'><strong><em>:</em></strong></span> <span class='ocrx_word' id='word_1_817' title='bbox 3096 3878 3301 3950; x_wconf 62' lang='lat' dir='ltr'><strong>quaesivi</strong></span> <span class='ocrx_word' id='word_1_818' title='bbox 3341 3880 3506 3949; x_wconf 84' lang='lat' dir='ltr'><strong>ipsum</strong></span> <span class='ocrx_word' id='word_1_819' title='bbox 3525 3920 3540 3944; x_wconf 92' lang='lat'><strong>,</strong></span> <span class='ocrx_word' id='word_1_820' title='bbox 3570 3889 3616 3932; x_wconf 84' lang='lat' dir='ltr'><strong>et</strong></span> 
     </span>
    </p>
   </div>
   <div class='ocr_carea' id='block_1_101' title="bbox 2042 3970 3616 4044">
    <p class='ocr_par' dir='ltr' id='par_1_101' title="bbox 2042 3970 3616 4044">
     <span class='ocr_line' id='line_1_101' title="bbox 2042 3970 3616 4044; baseline -0.004 -11"><span class='ocrx_word' id='word_1_821' title='bbox 2042 3993 2143 4033; x_wconf 84' lang='lat' dir='ltr'><strong>non</strong></span> <span class='ocrx_word' id='word_1_822' title='bbox 2183 3988 2253 4033; x_wconf 84' lang='lat' dir='ltr'><strong>est</strong></span> <span class='ocrx_word' id='word_1_823' title='bbox 2294 3978 2520 4030; x_wconf 82' lang='lat' dir='ltr'><strong>inventus</strong></span> <span class='ocrx_word' id='word_1_824' title='bbox 2565 3978 2705 4029; x_wconf 88' lang='lat' dir='ltr'><strong>locus</strong></span> <span class='ocrx_word' id='word_1_825' title='bbox 2748 3975 2854 4044; x_wconf 82' lang='lat' dir='ltr'><strong>ejus</strong></span> <span class='ocrx_word' id='word_1_826' title='bbox 2898 3973 3174 4042; x_wconf 80' lang='lat' dir='ltr'><strong>(Psal.&#39;56.</strong></span> <span class='ocrx_word' id='word_1_827' title='bbox 3202 3970 3313 4043; x_wconf 71' lang='grc'><strong>56).</strong></span> <span class='ocrx_word' id='word_1_828' title='bbox 3353 3973 3487 4039; x_wconf 87' lang='lat' dir='ltr'><strong>Quid</strong></span> <span class='ocrx_word' id='word_1_829' title='bbox 3536 3981 3616 4027; x_wconf 88' lang='lat' dir='ltr'><strong>est</strong></span> 
     </span>
    </p>
   </div>
   <div class='ocr_carea' id='block_1_102' title="bbox 2043 4062 3614 4135">
    <p class='ocr_par' dir='ltr' id='par_1_102' title="bbox 2043 4062 3614 4135">
     <span class='ocr_line' id='line_1_102' title="bbox 2043 4062 3614 4135; baseline -0.004 -13"><span class='ocrx_word' id='word_1_830' title='bbox 2043 4067 2245 4122; x_wconf 78' lang='lat' dir='ltr'><strong>Juxta?</strong></span> <span class='ocrx_word' id='word_1_831' title='bbox 2289 4065 2482 4135; x_wconf 86' lang='lat' dir='ltr'><strong>Prope.</strong></span> <span class='ocrx_word' id='word_1_832' title='bbox 2527 4064 2677 4132; x_wconf 88' lang='lat' dir='ltr'><strong>Quod</strong></span> <span class='ocrx_word' id='word_1_833' title='bbox 2733 4073 2907 4117; x_wconf 89' lang='lat' dir='ltr'><strong>autem</strong></span> <span class='ocrx_word' id='word_1_834' title='bbox 2955 4062 3119 4128; x_wconf 91' lang='lat' dir='ltr'><strong>dicit,</strong></span> <span class='ocrx_word' id='word_1_835' title='bbox 3167 4071 3248 4116; x_wconf 88' lang='lat' dir='ltr'><strong>est</strong></span> <span class='ocrx_word' id='word_1_836' title='bbox 3306 4062 3614 4130; x_wconf 88' lang='lat' dir='ltr'><strong>ejusmodi:</strong></span> 
     </span>
    </p>
   </div>
   <div class='ocr_carea' id='block_1_103' title="bbox 2045 4152 3614 4227">
    <p class='ocr_par' dir='ltr' id='par_1_103' title="bbox 2045 4152 3614 4227">
     <span class='ocr_line' id='line_1_103' title="bbox 2045 4152 3614 4227; baseline -0.006 -14"><span class='ocrx_word' id='word_1_837' title='bbox 2045 4158 2497 4227; x_wconf 88' lang='lat' dir='ltr'><strong>Quemadmodum</strong></span> <span class='ocrx_word' id='word_1_838' title='bbox 2539 4164 2685 4226; x_wconf 87' lang='lat' dir='ltr'><strong>petra</strong></span> <span class='ocrx_word' id='word_1_839' title='bbox 2713 4155 2885 4224; x_wconf 82' lang='lat' dir='ltr'><strong>aliqua</strong></span> <span class='ocrx_word' id='word_1_840' title='bbox 2907 4194 2920 4218; x_wconf 94' lang='lat'><strong>,</strong></span> <span class='ocrx_word' id='word_1_841' title='bbox 2950 4169 3066 4222; x_wconf 63' lang='lat' dir='ltr'><strong>quae</strong></span> <span class='ocrx_word' id='word_1_842' title='bbox 3111 4153 3161 4206; x_wconf 93' lang='lat' dir='ltr'><strong>in</strong></span> <span class='ocrx_word' id='word_1_843' title='bbox 3203 4167 3347 4206; x_wconf 90' lang='lat' dir='ltr'><strong>mare</strong></span> <span class='ocrx_word' id='word_1_844' title='bbox 3383 4152 3614 4221; x_wconf 84' lang='lat' dir='ltr'><strong>projecta</strong></span> 
     </span>
    </p>
   </div>
   <div class='ocr_carea' id='block_1_104' title="bbox 2044 4241 3616 4318">
    <p class='ocr_par' dir='ltr' id='par_1_104' title="bbox 2044 4241 3616 4318">
     <span class='ocr_line' id='line_1_104' title="bbox 2044 4241 3616 4318; baseline -0.006 -12"><span class='ocrx_word' id='word_1_845' title='bbox 2044 4253 2135 4318; x_wconf 89' lang='lat' dir='ltr'><strong>sit,</strong></span> <span class='ocrx_word' id='word_1_846' title='bbox 2165 4264 2270 4304; x_wconf 87' lang='lat' dir='ltr'><strong>non</strong></span> <span class='ocrx_word' id='word_1_847' title='bbox 2299 4255 2555 4318; x_wconf 89' lang='lat' dir='ltr'><strong>apparet:</strong></span> <span class='ocrx_word' id='word_1_848' title='bbox 2579 4247 2648 4300; x_wconf 90' lang='lat' dir='ltr'><strong>ita</strong></span> <span class='ocrx_word' id='word_1_849' title='bbox 2679 4244 3122 4300; x_wconf 66' lang='lat' dir='ltr'><strong>etiam-demersae</strong></span> <span class='ocrx_word' id='word_1_850' title='bbox 3149 4244 3356 4297; x_wconf 90' lang='lat' dir='ltr'><strong>illorum</strong></span> <span class='ocrx_word' id='word_1_851' title='bbox 3397 4241 3616 4298; x_wconf 77' lang='lat' dir='ltr'><strong>fclicita-</strong></span> 
     </span>
    </p>
   </div>
   <div class='ocr_carea' id='block_1_105' title="bbox 2042 4335 3616 4407">
    <p class='ocr_par' dir='ltr' id='par_1_105' title="bbox 2042 4335 3616 4407">
     <span class='ocr_line' id='line_1_105' title="bbox 2042 4335 3616 4407; baseline -0.006 -10"><span class='ocrx_word' id='word_1_852' title='bbox 2042 4352 2125 4397; x_wconf 84' lang='lat' dir='ltr'><strong>tes</strong></span> <span class='ocrx_word' id='word_1_853' title='bbox 2153 4341 2403 4407; x_wconf 88' lang='lat' dir='ltr'><strong>deinceps</strong></span> <span class='ocrx_word' id='word_1_854' title='bbox 2433 4353 2535 4392; x_wconf 91' lang='lat' dir='ltr'><strong>non</strong></span> <span class='ocrx_word' id='word_1_855' title='bbox 2563 4336 2791 4406; x_wconf 89' lang='lat' dir='ltr'><strong>amplius</strong></span> <span class='ocrx_word' id='word_1_856' title='bbox 2819 4345 3095 4405; x_wconf 87' lang='lat' dir='ltr'><strong>apparent,</strong></span> <span class='ocrx_word' id='word_1_857' title='bbox 3121 4349 3238 4389; x_wconf 91' lang='lat' dir='ltr'><strong>cum</strong></span> <span class='ocrx_word' id='word_1_858' title='bbox 3271 4335 3504 4389; x_wconf 82' lang='lat' dir='ltr'><strong>funditus</strong></span> <span class='ocrx_word' id='word_1_859' title='bbox 3535 4337 3616 4389; x_wconf 86' lang='lat' dir='ltr'><strong>in-</strong></span> 
     </span>
    </p>
   </div>
   <div class='ocr_carea' id='block_1_106' title="bbox 2048 4425 3619 4496">
    <p class='ocr_par' dir='ltr' id='par_1_106' title="bbox 2048 4425 3619 4496">
     <span class='ocr_line' id='line_1_106' title="bbox 2048 4425 3619 4496; baseline -0.004 -9"><span class='ocrx_word' id='word_1_860' title='bbox 2048 4431 2302 4487; x_wconf 86' lang='lat' dir='ltr'><strong>terierint.</strong></span> <span class='ocrx_word' id='word_1_861' title='bbox 2333 4428 2430 4484; x_wconf 84' lang='lat' dir='ltr'><strong>Vel</strong></span> <span class='ocrx_word' id='word_1_862' title='bbox 2469 4429 2570 4482; x_wconf 91' lang='lat' dir='ltr'><strong>hoc</strong></span> <span class='ocrx_word' id='word_1_863' title='bbox 2607 4441 2733 4496; x_wconf 87' lang='lat' dir='ltr'><strong>ergo</strong></span> <span class='ocrx_word' id='word_1_864' title='bbox 2768 4425 2935 4492; x_wconf 90' lang='lat' dir='ltr'><strong>dicit,</strong></span> <span class='ocrx_word' id='word_1_865' title='bbox 2961 4425 3191 4480; x_wconf 89' lang='lat' dir='ltr'><strong>deletum</strong></span> <span class='ocrx_word' id='word_1_866' title='bbox 3219 4440 3339 4480; x_wconf 91' lang='lat' dir='ltr'><strong>esse</strong></span> <span class='ocrx_word' id='word_1_867' title='bbox 3386 4425 3619 4480; x_wconf 77' lang='lat' dir='ltr'><strong>funditus</strong></span> 
     </span>
    </p>
   </div>
   <div class='ocr_carea' id='block_1_107' title="bbox 2046 4516 3618 4590">
    <p class='ocr_par' dir='ltr' id='par_1_107' title="bbox 2046 4516 3618 4590">
     <span class='ocr_line' id='line_1_107' title="bbox 2046 4516 3618 4590; baseline -0.007 -9"><span class='ocrx_word' id='word_1_868' title='bbox 2046 4539 2231 4581; x_wconf 91' lang='lat' dir='ltr'><strong>eorum</strong></span> <span class='ocrx_word' id='word_1_869' title='bbox 2255 4535 2446 4577; x_wconf 88' lang='lat' dir='ltr'><strong>nomen</strong></span> <span class='ocrx_word' id='word_1_870' title='bbox 2467 4527 2521 4575; x_wconf 91' lang='lat' dir='ltr'><strong>et</strong></span> <span class='ocrx_word' id='word_1_871' title='bbox 2542 4520 2783 4590; x_wconf 87' lang='lat' dir='ltr'><strong>gloriam,</strong></span> <span class='ocrx_word' id='word_1_872' title='bbox 2801 4518 2885 4572; x_wconf 90' lang='lat' dir='ltr'><strong>vel</strong></span> <span class='ocrx_word' id='word_1_873' title='bbox 2907 4516 2959 4572; x_wconf 90' lang='lat' dir='ltr'><strong>id</strong></span> <span class='ocrx_word' id='word_1_874' title='bbox 2985 4517 3246 4587; x_wconf 87' lang='lat' dir='ltr'><strong>significat</strong></span> <span class='ocrx_word' id='word_1_875' title='bbox 3265 4531 3383 4572; x_wconf 90' lang='lat' dir='ltr'><strong>esse</strong></span> <span class='ocrx_word' id='word_1_876' title='bbox 3409 4527 3618 4586; x_wconf 88' lang='lat' dir='ltr'><strong>potens,</strong></span> 
     </span>
    </p>
   </div>
   <div class='ocr_carea' id='block_1_108' title="bbox 2048 4611 3622 4680">
    <p class='ocr_par' dir='ltr' id='par_1_108' title="bbox 2048 4611 3622 4680">
     <span class='ocr_line' id='line_1_108' title="bbox 2048 4611 3622 4680; baseline -0.006 -7"><span class='ocrx_word' id='word_1_877' title='bbox 2048 4619 2321 4674; x_wconf 89' lang='lat' dir='ltr'><strong>robustum</strong></span> <span class='ocrx_word' id='word_1_878' title='bbox 2346 4625 2399 4672; x_wconf 91' lang='lat' dir='ltr'><strong>et</strong></span> <span class='ocrx_word' id='word_1_879' title='bbox 2425 4613 2676 4669; x_wconf 88' lang='lat' dir='ltr'><strong>validum.</strong></span> <span class='ocrx_word' id='word_1_880' title='bbox 2701 4611 2832 4668; x_wconf 82' lang='lat' dir='ltr'><strong>illud</strong></span> <span class='ocrx_word' id='word_1_881' title='bbox 2857 4612 2998 4667; x_wconf 88' lang='lat' dir='ltr'><strong>enim</strong></span> <span class='ocrx_word' id='word_1_882' title='bbox 3028 4611 3306 4680; x_wconf 84' lang='lat' dir='ltr'><strong>signiﬁcat,</strong></span> <span class='ocrx_word' id='word_1_883' title='bbox 3335 4611 3622 4664; x_wconf 82' lang='lat' dir='ltr'><strong>Avellentur</strong></span> 
     </span>
    </p>
   </div>
   <div class='ocr_carea' id='block_1_109' title="bbox 2047 4703 3623 4778">
    <p class='ocr_par' dir='ltr' id='par_1_109' title="bbox 2047 4703 3623 4778">
     <span class='ocr_line' id='line_1_109' title="bbox 2047 4703 3623 4778; baseline -0.006 -15"><span class='ocrx_word' id='word_1_884' title='bbox 2047 4711 2100 4763; x_wconf 87' lang='lat' dir='ltr'><strong>in</strong></span> <span class='ocrx_word' id='word_1_885' title='bbox 2132 4726 2282 4763; x_wconf 89' lang='lat' dir='ltr'><strong>manu</strong></span> <span class='ocrx_word' id='word_1_886' title='bbox 2309 4717 2479 4778; x_wconf 69' lang='lat' dir='ltr'><strong>petra.</strong></span> <span class='ocrx_word' id='word_1_887' title='bbox 2519 4705 2736 4758; x_wconf 83' lang='lat' dir='ltr'><strong>Audient</strong></span> <span class='ocrx_word' id='word_1_888' title='bbox 2760 4704 2904 4758; x_wconf 79' lang='lat' dir='ltr'><strong>verba</strong></span> <span class='ocrx_word' id='word_1_889' title='bbox 2929 4718 3058 4765; x_wconf 87' lang='lat' dir='ltr'><strong>mea,</strong></span> <span class='ocrx_word' id='word_1_890' title='bbox 3089 4703 3324 4771; x_wconf 83' lang='lat' dir='ltr'><strong>quoniam</strong></span> <span class='ocrx_word' id='word_1_891' title='bbox 3349 4703 3525 4756; x_wconf 81' lang='lat' dir='ltr'><strong>suavia</strong></span> <span class='ocrx_word' id='word_1_892' title='bbox 3546 4706 3623 4772; x_wconf 79' lang='lat' dir='ltr'><strong>fa-</strong></span> 
     </span>
    </p>
   </div>
   <div class='ocr_carea' id='block_1_110' title="bbox 2051 4793 3620 4862">
    <p class='ocr_par' dir='ltr' id='par_1_110' title="bbox 2051 4793 3620 4862">
     <span class='ocr_line' id='line_1_110' title="bbox 2051 4793 3620 4862; baseline -0.005 -8"><span class='ocrx_word' id='word_1_893' title='bbox 2051 4811 2130 4854; x_wconf 89' lang='lat' dir='ltr'><strong>cta</strong></span> <span class='ocrx_word' id='word_1_894' title='bbox 2173 4810 2311 4853; x_wconf 86' lang='lat' dir='ltr'><strong>sunt.</strong></span> <span class='ocrx_word' id='word_1_895' title='bbox 2345 4797 2511 4861; x_wconf 81' lang='lat' dir='ltr'><strong>Alius,</strong></span> <span class='ocrx_word' id='word_1_896' title='bbox 2539 4795 2789 4862; x_wconf 83' lang='lat' dir='ltr'><strong>Quoniam</strong></span> <span class='ocrx_word' id='word_1_897' title='bbox 2819 4793 3009 4846; x_wconf 88' lang='lat' dir='ltr'><strong>munita</strong></span> <span class='ocrx_word' id='word_1_898' title='bbox 3033 4801 3150 4845; x_wconf 83' lang='lat' dir='ltr'><strong>sunt</strong></span> <span class='ocrx_word' id='word_1_899' title='bbox 3177 4793 3430 4846; x_wconf 82' lang='lat' dir='ltr'><strong>satellitio.</strong></span> <span class='ocrx_word' id='word_1_900' title='bbox 3451 4793 3620 4857; x_wconf 83' lang='lat' dir='ltr'><strong>Alius,</strong></span> 
     </span>
    </p>
   </div>
   <div class='ocr_carea' id='block_1_111' title="bbox 2051 4879 3624 4957">
    <p class='ocr_par' dir='ltr' id='par_1_111' title="bbox 2051 4879 3624 4957">
     <span class='ocr_line' id='line_1_111' title="bbox 2051 4879 3624 4957; baseline -0.006 -14"><span class='ocrx_word' id='word_1_901' title='bbox 2051 4890 2301 4957; x_wconf 81' lang='lat' dir='ltr'><strong>Quoniam</strong></span> <span class='ocrx_word' id='word_1_902' title='bbox 2325 4887 2548 4957; x_wconf 88' lang='lat' dir='ltr'><strong>speciosa</strong></span> <span class='ocrx_word' id='word_1_903' title='bbox 2577 4889 2712 4955; x_wconf 84' lang='lat' dir='ltr'><strong>facta</strong></span> <span class='ocrx_word' id='word_1_904' title='bbox 2752 4892 2869 4936; x_wconf 87' lang='lat' dir='ltr'><strong>sunt</strong></span> <span class='ocrx_word' id='word_1_905' title='bbox 2907 4882 3002 4951; x_wconf 83' lang='lat' dir='ltr'><strong>(b).</strong></span> <span class='ocrx_word' id='word_1_906' title='bbox 3045 4880 3154 4935; x_wconf 84' lang='lat' dir='ltr'><strong>Hoc</strong></span> <span class='ocrx_word' id='word_1_907' title='bbox 3179 4888 3294 4945; x_wconf 80' lang='lat' dir='ltr'><strong>est,</strong></span> <span class='ocrx_word' id='word_1_908' title='bbox 3319 4879 3503 4934; x_wconf 90' lang='lat' dir='ltr'><strong>Scient</strong></span> <span class='ocrx_word' id='word_1_909' title='bbox 3532 4895 3624 4949; x_wconf 89' lang='lat' dir='ltr'><strong>per</strong></span> 
     </span>
    </p>
   </div>
   <div class='ocr_carea' id='block_1_112' title="bbox 2051 4971 3625 5049">
    <p class='ocr_par' dir='ltr' id='par_1_112' title="bbox 2051 4971 3625 5049">
     <span class='ocr_line' id='line_1_112' title="bbox 2051 4971 3625 5049; baseline -0.007 -13"><span class='ocrx_word' id='word_1_910' title='bbox 2051 4984 2225 5036; x_wconf 81' lang='lat' dir='ltr'><strong>rerum</strong></span> <span class='ocrx_word' id='word_1_911' title='bbox 2253 4978 2628 5049; x_wconf 84' lang='lat' dir='ltr'><strong>experientiam</strong></span> <span class='ocrx_word' id='word_1_912' title='bbox 2668 4972 3052 5030; x_wconf 76' lang='lat' dir='ltr'><strong>exhortationis</strong></span> <span class='ocrx_word' id='word_1_913' title='bbox 3089 4981 3142 5025; x_wconf 89' lang='lat' dir='ltr'><strong>et</strong></span> <span class='ocrx_word' id='word_1_914' title='bbox 3171 4971 3380 5025; x_wconf 86' lang='lat' dir='ltr'><strong>consilii</strong></span> <span class='ocrx_word' id='word_1_915' title='bbox 3411 4973 3515 5026; x_wconf 89' lang='lat' dir='ltr'><strong>mei</strong></span> <span class='ocrx_word' id='word_1_916' title='bbox 3540 4972 3625 5040; x_wconf 88' lang='lat' dir='ltr'><strong>ju-</strong></span> 
     </span>
    </p>
   </div>
   <div class='ocr_carea' id='block_1_113' title="bbox 2052 5061 3626 5139">
    <p class='ocr_par' dir='ltr' id='par_1_113' title="bbox 2052 5061 3626 5139">
     <span class='ocr_line' id='line_1_113' title="bbox 2052 5061 3626 5139; baseline -0.006 -12"><span class='ocrx_word' id='word_1_917' title='bbox 2052 5071 2392 5127; x_wconf 88' lang='lat' dir='ltr'><strong>cunditatem.</strong></span> <span class='ocrx_word' id='word_1_918' title='bbox 2417 5069 2485 5123; x_wconf 89' lang='lat' dir='ltr'><strong>Et</strong></span> <span class='ocrx_word' id='word_1_919' title='bbox 2502 5065 2798 5139; x_wconf 87' lang='lat' dir='ltr'><strong>quomodo?</strong></span> <span class='ocrx_word' id='word_1_920' title='bbox 2822 5065 3182 5134; x_wconf 79' lang='lat' dir='ltr'><strong>Reprehensio</strong></span> <span class='ocrx_word' id='word_1_921' title='bbox 3198 5064 3458 5131; x_wconf 89' lang='lat' dir='ltr'><strong>justorum</strong></span> <span class='ocrx_word' id='word_1_922' title='bbox 3486 5061 3626 5117; x_wconf 90' lang='lat' dir='ltr'><strong>hunc</strong></span> 
     </span>
    </p>
   </div>
   <div class='ocr_carea' id='block_1_114' title="bbox 2047 5153 3626 5235">
    <p class='ocr_par' dir='ltr' id='par_1_114' title="bbox 2047 5153 3626 5235">
     <span class='ocr_line' id='line_1_114' title="bbox 2047 5153 3626 5235; baseline -0.006 -18"><span class='ocrx_word' id='word_1_923' title='bbox 2047 5162 2297 5235; x_wconf 81' lang='lat' dir='ltr'><strong>producit</strong></span> <span class='ocrx_word' id='word_1_924' title='bbox 2326 5161 2572 5226; x_wconf 89' lang='lat' dir='ltr'><strong>fructum,</strong></span> <span class='ocrx_word' id='word_1_925' title='bbox 2605 5166 2864 5214; x_wconf 90' lang='lat' dir='ltr'><strong>eteorum</strong></span> <span class='ocrx_word' id='word_1_926' title='bbox 2889 5155 3163 5224; x_wconf 82' lang='lat' dir='ltr'><strong>disciplina</strong></span> <span class='ocrx_word' id='word_1_927' title='bbox 3195 5169 3436 5224; x_wconf 87' lang='lat' dir='ltr'><strong>magnam</strong></span> <span class='ocrx_word' id='word_1_928' title='bbox 3476 5153 3626 5210; x_wconf 80' lang='lat' dir='ltr'><strong>aﬂ‘ert</strong></span> 
     </span>
    </p>
   </div>
   <div class='ocr_carea' id='block_1_115' title="bbox 2051 5257 2396 5322">
    <p class='ocr_par' dir='ltr' id='par_1_115' title="bbox 2051 5257 2396 5322">
     <span class='ocr_line' id='line_1_115' title="bbox 2051 5257 2396 5322; baseline -0.009 -14"><span class='ocrx_word' id='word_1_929' title='bbox 2051 5257 2396 5322; x_wconf 81' lang='lat' dir='ltr'><strong>voluptatem.</strong></span> 
     </span>
    </p>
   </div>
   <div class='ocr_carea' id='block_1_116' title="bbox 2125 5334 3625 5405">
    <p class='ocr_par' dir='ltr' id='par_1_116' title="bbox 2125 5334 3625 5405">
     <span class='ocr_line' id='line_1_116' title="bbox 2125 5334 3625 5405; baseline -0.009 -6"><span class='ocrx_word' id='word_1_930' title='bbox 2125 5347 2178 5400; x_wconf 85' lang='lat'><strong>9.</strong></span> <span class='ocrx_word' id='word_1_931' title='bbox 2202 5344 2344 5398; x_wconf 88' lang='lat' dir='ltr'><strong>Talis</strong></span> <span class='ocrx_word' id='word_1_932' title='bbox 2370 5351 2451 5397; x_wconf 91' lang='lat' dir='ltr'><strong>est</strong></span> <span class='ocrx_word' id='word_1_933' title='bbox 2473 5341 2612 5396; x_wconf 92' lang='lat' dir='ltr'><strong>enim</strong></span> <span class='ocrx_word' id='word_1_934' title='bbox 2637 5341 2804 5394; x_wconf 89' lang='lat' dir='ltr'><strong>virtus</strong></span> <span class='ocrx_word' id='word_1_935' title='bbox 2830 5355 2844 5391; x_wconf 76' lang='grc' dir='ltr'><strong>ε</strong></span> <span class='ocrx_word' id='word_1_936' title='bbox 2873 5337 3028 5391; x_wconf 85' lang='lat' dir='ltr'><strong>habet</strong></span> <span class='ocrx_word' id='word_1_937' title='bbox 3055 5335 3267 5405; x_wconf 86' lang='lat' dir='ltr'><strong>quidem</strong></span> <span class='ocrx_word' id='word_1_938' title='bbox 3294 5334 3473 5389; x_wconf 82' lang='lat' dir='ltr'><strong>brevis</strong></span> <span class='ocrx_word' id='word_1_939' title='bbox 3497 5343 3625 5388; x_wconf 88' lang='lat' dir='ltr'><strong>lem-</strong></span> 
     </span>
    </p>
   </div>
   <div class='ocr_carea' id='block_1_117' title="bbox 2055 5424 3626 5509">
    <p class='ocr_par' dir='ltr' id='par_1_117' title="bbox 2055 5424 3626 5509">
     <span class='ocr_line' id='line_1_117' title="bbox 2055 5424 3626 5509; baseline -0.011 -15"><span class='ocrx_word' id='word_1_940' title='bbox 2055 5437 2202 5509; x_wconf 89' lang='lat' dir='ltr'><strong>poris</strong></span> <span class='ocrx_word' id='word_1_941' title='bbox 2246 5436 2476 5490; x_wconf 89' lang='lat' dir='ltr'><strong>laborem</strong></span> <span class='ocrx_word' id='word_1_942' title='bbox 2502 5473 2515 5498; x_wconf 92' lang='lat'><strong>,</strong></span> <span class='ocrx_word' id='word_1_943' title='bbox 2542 5438 2849 5502; x_wconf 74' lang='lat' dir='ltr'><strong>perpetuam</strong></span> <span class='ocrx_word' id='word_1_944' title='bbox 2893 5438 3067 5482; x_wconf 89' lang='lat' dir='ltr'><strong>autem</strong></span> <span class='ocrx_word' id='word_1_945' title='bbox 3105 5426 3363 5479; x_wconf 69' lang='lat' dir='ltr'><strong>lanitium.</strong></span> <span class='ocrx_word' id='word_1_946' title='bbox 3407 5426 3460 5479; x_wconf 93' lang='lat'><strong>7.</strong></span> <span class='ocrx_word' id='word_1_947' title='bbox 3486 5424 3626 5479; x_wconf 82' lang='lat' dir='ltr'><strong>Sicut</strong></span> 
     </span>
    </p>
   </div>
   <div class='ocr_carea' id='block_1_118' title="bbox 2059 5515 3626 5591">
    <p class='ocr_par' dir='ltr' id='par_1_118' title="bbox 2059 5515 3626 5591">
     <span class='ocr_line' id='line_1_118' title="bbox 2059 5515 3626 5591; baseline -0.01 -9"><span class='ocrx_word' id='word_1_948' title='bbox 2059 5526 2334 5582; x_wconf 83' lang='lat' dir='ltr'><strong>crassitudo</strong></span> <span class='ocrx_word' id='word_1_949' title='bbox 2358 5533 2500 5577; x_wconf 71' lang='lat' dir='ltr'><strong>terrm</strong></span> <span class='ocrx_word' id='word_1_950' title='bbox 2523 5532 2701 5591; x_wconf 83' lang='lat' dir='ltr'><strong>erupta</strong></span> <span class='ocrx_word' id='word_1_951' title='bbox 2726 5528 2797 5574; x_wconf 87' lang='lat' dir='ltr'><strong>est</strong></span> <span class='ocrx_word' id='word_1_952' title='bbox 2825 5534 2972 5589; x_wconf 88' lang='lat' dir='ltr'><strong>super</strong></span> <span class='ocrx_word' id='word_1_953' title='bbox 2991 5527 3175 5570; x_wconf 81' lang='lat' dir='ltr'><strong>terram</strong></span> <span class='ocrx_word' id='word_1_954' title='bbox 3203 5529 3220 5569; x_wconf 91' lang='lat'><strong><em>:</em></strong></span> <span class='ocrx_word' id='word_1_955' title='bbox 3247 5515 3495 5585; x_wconf 84' lang='lat' dir='ltr'><strong>dissipata</strong></span> <span class='ocrx_word' id='word_1_956' title='bbox 3518 5524 3626 5568; x_wconf 82' lang='lat' dir='ltr'><strong>sunt</strong></span> 
     </span>
    </p>
   </div>
   <div class='ocr_carea' id='block_1_119' title="bbox 2121 5625 3625 5709">
    <p class='ocr_par' dir='ltr' id='par_1_119' title="bbox 2121 5625 3625 5709">
     <span class='ocr_line' id='line_1_119' title="bbox 2121 5625 3625 5709; baseline -0.008 -23"><span class='ocrx_word' id='word_1_957' title='bbox 2121 5639 2198 5709; x_wconf 82' lang='lat' dir='ltr'><strong>(a)_</strong></span> <span class='ocrx_word' id='word_1_958' title='bbox 2225 5644 2334 5685; x_wconf 72' lang='lat' dir='ltr'><strong>Haec</strong></span> <span class='ocrx_word' id='word_1_959' title='bbox 2357 5634 2692 5698; x_wconf 87' lang='lat' dir='ltr'><strong>interpretatio</strong></span> <span class='ocrx_word' id='word_1_960' title='bbox 2711 5640 2785 5683; x_wconf 87' lang='lat' dir='ltr'><strong>est</strong></span> <span class='ocrx_word' id='word_1_961' title='bbox 2803 5632 2943 5694; x_wconf 83' lang='lat' dir='ltr'><strong>juxta</strong></span> <span class='ocrx_word' id='word_1_962' title='bbox 2959 5627 3305 5693; x_wconf 81' lang='lat' dir='ltr'><strong>Symmachum,</strong></span> <span class='ocrx_word' id='word_1_963' title='bbox 3324 5625 3477 5677; x_wconf 86' lang='lat' dir='ltr'><strong>altera</strong></span> <span class='ocrx_word' id='word_1_964' title='bbox 3494 5629 3625 5690; x_wconf 76' lang='lat' dir='ltr'><strong>juxta</strong></span> 
     </span>
    </p>
   </div>
   <div class='ocr_carea' id='block_1_120' title="bbox 2059 5700 3628 5823">
    <p class='ocr_par' dir='ltr' id='par_1_120' title="bbox 2059 5700 3628 5823">
     <span class='ocr_line' id='line_1_120' title="bbox 2059 5700 3628 5823; baseline -0.01 -12"><span class='ocrx_word' id='word_1_965' title='bbox 2059 5700 2340 5823; x_wconf 36' lang='lat' dir='ltr'><strong>“ﬁliasque</strong></span> <span class='ocrx_word' id='word_1_966' title='bbox 2375 5758 2556 5823; x_wconf 87' lang='lat' dir='ltr'><strong>variant</strong></span> <span class='ocrx_word' id='word_1_967' title='bbox 2583 5755 3013 5819; x_wconf 79' lang='lat' dir='ltr'><strong>interpretationes</strong></span> <span class='ocrx_word' id='word_1_968' title='bbox 3051 5752 3101 5802; x_wconf 78' lang='lat' dir='ltr'><strong>in</strong></span> <span class='ocrx_word' id='word_1_969' title='bbox 3123 5751 3214 5800; x_wconf 86' lang='lat' dir='ltr'><strong>hoc</strong></span> <span class='ocrx_word' id='word_1_970' title='bbox 3237 5749 3362 5811; x_wconf 83' lang='lat' dir='ltr'><strong>loco,</strong></span> <span class='ocrx_word' id='word_1_971' title='bbox 3380 5756 3435 5802; x_wconf 85' lang='lat' dir='ltr'><strong>ut</strong></span> <span class='ocrx_word' id='word_1_972' title='bbox 3470 5750 3628 5799; x_wconf 83' lang='lat' dir='ltr'><strong>videas</strong></span> 
     </span>
    </p>
   </div>
   <div class='ocr_carea' id='block_1_121' title="bbox 2059 5819 2573 5883">
    <p class='ocr_par' dir='ltr' id='par_1_121' title="bbox 2059 5819 2573 5883">
     <span class='ocr_line' id='line_1_121' title="bbox 2059 5819 2573 5883; baseline -0.008 -11"><span class='ocrx_word' id='word_1_973' title='bbox 2059 5822 2113 5872; x_wconf 86' lang='lat' dir='ltr'><strong>in</strong></span> <span class='ocrx_word' id='word_1_974' title='bbox 2136 5819 2360 5883; x_wconf 69' lang='lat' dir='ltr'><strong>HeXaplis</strong></span> <span class='ocrx_word' id='word_1_975' title='bbox 2383 5822 2573 5869; x_wconf 78' lang='lat' dir='ltr'><strong>nostris.</strong></span> 
     </span>
    </p>
   </div>
  </div>
