4012 6280
360 305 453 359 ιιι

356 416 517 487 παρὰ
565 414 672 471 τὸν
722 413 897 483 ᾅδην.
920 415 1179 492 Ἕτερος,
1208 420 1431 488 Ὥσπερ
1483 419 1755 488 γεωργὸς,
1790 419 1938 472 ὅταν

352 501 562 571 βήσσῃ
586 516 693 568 την
722 497 870 570 γῆν·
892 500 1081 567 οὕτως
1106 502 1477 571 ὲσκορπίσθη
1506 501 1579 555 τὰ
1599 501 1751 557 ὀστᾶ
1769 500 1940 569 ἡμῶν

355 587 445 650 είς
490 585 686 651 στόμα
730 581 902 649 ᾅδου.
948 583 1174 649 Ἀλλος,
1228 584 1463 654 Ὁμοίως
1498 586 1550 637 εί
1596 584 1939 639 ἀποκλιῖντι

356 667 457 722 καί
501 662 866 737 διασχίζοντι
915 665 1032 735 τὴν
1080 667 1217 737 γῆν,
1263 668 1637 735 ἐσκορπίσθη
1679 669 1753 722 td
1787 667 1941 723 ὀστᾶ

358 750 530 819 ἡμῶν
574 752 662 816 εἰς
697 749 805 803 τὸν
837 749 1006 817 ᾅδην.
1034 751 1245 815 Ἀλλος,
1288 752 1380 817 Ὦς
1422 750 1796 820 καλλιερτῶν
1832 752 1937 807 καὶ

358 833 646 888 σκάπτων
669 832 738 885 ἐν
766 831 841 902 τῇ
873 833 970 903 γῇ,
1003 833 1431 902 διεσκορπίσθη
1473 834 1545 887 τὰ
1581 834 1731 888 ὀστᾶ
1768 834 1941 902 ἡμῶν

359 917 522 984 παρὰ
566 916 672 969 τόν
707 915 881 983 ᾅδην.
926 916 1111 970 Είπὼν
1141 918 1222 971 ὅτι
1262 917 1461 988 πολλὴν
1510 917 1623 987 ἔχει
1668 918 1830 971 αὐτοῦ
1869 918 1938 972 τά

361 1001 585 1070 ῥήματα
619 1000 716 1071 τὴν
756 1000 969 1071 ἡδονὴν,
998 1000 1146 1068 λέγει
1192 999 1413 1064 καὶτὰς
1456 999 1688 1064 παλαιάς
1731 1018 1938 1069 συμφο-

365 1084 484 1154 ράς.
517 1083 642 1136 Ὀτι
670 1083 846 1136 καίτοι
879 1099 943 1151 γε
975 1081 1042 1135 τὰ
1068 1082 1273 1153 ἔσχατα
1306 1083 1598 1154 ἐπάθομεν,
1625 1084 1717 1136 καὶ
1744 1082 1936 1155 ὥσπερ

360 1165 435 1235 γῆ
464 1166 841 1236 διαῤῥαγεῖσα,
863 1164 955 1218 καὶ
983 1165 1381 1236 ἀροτριωμένη,
1410 1167 1443 1236 ἦ
1470 1166 1934 1237 διασκαπτομένη,

360 1249 503 1303 οὕτω
531 1248 729 1313 πάντες
756 1249 1148 1319 διεσπάρημεν,
1175 1249 1270 1301 καὶ
1299 1249 1649 1318 ἀπωλόμεθα,
1678 1250 1772 1303 καὶ
1801 1250 1937 1321 πρὸς

360 1332 531 1396 αὑτὰς
565 1332 659 1386 τοῦ
704 1331 934 1386 Θανάτου
976 1332 1076 1394 τὰς
1112 1331 1285 1395 πύλας
1335 1332 1595 1403 ἤλθομεν·
1633 1332 1746 1386 ἀλλ’
1789 1333 1939 1403 ὅμως

362 1415 457 1469 καὶ
497 1414 639 1467 οὕτω
670 1413 999 1483 διακείμενοι
1047 1412 1244 1481 μᾶλλον
1276 1412 1343 1466 ἆν
1388 1412 1645 1483 ἑλοίμεθα
1679 1415 1776 1485 τὴν
1831 1415 1939 1468 ἀπὸ

360 1496 470 1551 τῶν
501 1497 722 1551 δικαίων
745 1497 1023 1550 παίδευσιν
1056 1496 1149 1549 καὶ
1174 1496 1478 1566 διόρθωσιν,
1510 1496 1542 1567 ἢ
1576 1498 1667 1550 τὸν
1695 1498 1802 1551 ἀπὸ
1827 1498 1938 1551 τῶν

360 1580 697 1653 ἁμαρτωλῶν
741 1579 909 1633 ἔλεον.
958 1578 1062 1632 Καὶ
1104 1580 1230 1650 γὰρ,
1274 1579 1414 1651 ὅπερ
1455 1579 1523 1632 ἂν
1569 1580 1794 1648 γένοιτο,
1840 1581 1940 1651 τῆς

360 1662 499 1734 πρὸς
537 1663 595 1716 σέ
632 1661 843 1726 ἐλπίδος
878 1660 1292 1733 ἐκκρεμάμεθα,
1325 1654 1420 1715 καῖ
1452 1661 1552 1716 οὐκ
1584 1661 1649 1715 ἄν
1684 1679 1814 1715 ποτε
1846 1664 1940 1715 ἐκ-

362 1744 621 1815 πέσοιμεν
653 1743 746 1797 τοῦ
780 1744 917 1815 πρὸς
948 1745 1008 1796 σὲ
1038 1745 1194 1815 ὁρᾷν.

432 1830 521 1882 Διὸ
540 1830 634 1882 καὶ
651 1829 896 1897 ἐπήγαγε
912 1827 1235 1896 λέγων,”οτι
1254 1827 1404 1894 πρὸς
1419 1827 1513 1890 σὲ,
1528 1828 1722 1896 Κύριε,
1740 1830 1937 1896 Κύριε,

362 1914 416 1966 οι
441 1911 737 1980 ὀφθαλμοί
753 1926 893 1980 μου.
922 1910 1047 1962 Ἐπὶ
1069 1908 1167 1963 σοὶ
1204 1909 1457 1978 ἤλπισα,
1484 1911 1568 1979 μὴ
1602 1911 1942 1979 ἁντανέλῃς

361 1994 479 2060 τὴν
499 1993 711 2063 ψυχήν
726 2009 863 2062 μου.
880 1992 999 2045 Κᾶν
1023 1992 1210 2063 μυρία,
1228 1993 1409 2062 φησὶν,
1428 1993 1628 2067 ἐπέλθῃ
1654 1995 1820 2049 δεινά.
1837 1995 1941 2048 κᾶν

363 2077 611 2146 πόλεμοι,
642 2074 744 2129 κᾶν
777 2074 975 2146 μάχαι,
1014 2077 1119 2129 κᾶν
1153 2075 1389 2139 θάνατοι,
1422 2074 1527 2129 κᾶν
1576 2076 1743 2130 πύλαι
1787 2076 1936 2148 ᾅδου,

361 2160 463 2212 οὐκ
508 2158 850 2229 ἀφιστάμεθα
890 2158 992 2227 τῆς
1034 2159 1185 2229 ἱερᾶς
1234 2159 1516 2232 ἀγκύρας,
1562 2160 1679 2213 ἀλλ’
1704 2159 1940 2230 ἐχόμεθα

362 2246 461 2312 τῆς
502 2241 713 2304 ἐλπίδος
760 2242 860 2311 τῆς
894 2241 987 2293 ἐπὶ
1015 2242 1115 2313 τὴν
1150 2241 1249 2311 σὴν
1286 2242 1624 2313 συμμαχίαν,
1671 2243 1766 2296 καὶ
1796 2241 1942 2296 ὅπλα

361 2326 457 2380 καὶ
502 2323 839 2397 παρατάξεις
885 2323 1143 2391 ἀφέντες,
1192 2324 1442 2379 ἐντεῦθεν
1477 2325 1578 2396 τὴν
1624 2323 1942 2394 ἀπαλλαγὴν

362 2409 771 2480 προσδοκῶμεν,
795 2407 902 2460 ἀπὸ
924 2406 1025 2477 τῆς
1051 2408 1150 2479 σῆς
1179 2407 1373 2479 ῥοπῆς.
1404 2408 1535 2462 Ἐπὶ
1558 2406 1658 2461 σοι
1683 2407 1937 2475 ἤλπισα,

354 2490 443 2561 μὴ
472 2490 811 2558 ἀντανέλῃς
840 2491 956 2559 τὴν
991 2490 1205 2559 ψυχήν
1230 2509 1368 2560 μου.
1406 2490 1616 2555 Ἄλλος,
1648 2489 1742 2558 Μὴ
1778 2491 1942 2544 ἐκκε-

360 2573 588 2642 νώσῃς.
623 2572 899 2636 Τουτέστι,
951 2572 1025 2643 μὴ
1053 2572 1334 2645 ἄπρακτόν
1373 2591 1441 2644 με
1479 2574 1624 2644 ἀφῇς
1665 2571 1938 2629 ἀπελθεῖν.

361 2657 645 2720 Φύλαξόν
667 2672 743 2725 με
782 2655 901 2710 ἀπὸ
940 2655 1190 2726 παγίδος
1216 2652 1293 2726 ἧς
1318 2656 1789 2724 συνεστήσαντό
1813 2673 1935 2725 μοι,

361 2739 460 2794 καὶ
505 2740 623 2794 ἀπὸ
652 2739 1015 2792 σκανδάλων
1054 2738 1172 2793 τῶν
1210 2739 1612 2808 ἐργαζομένων
1646 2739 1767 2805 τὴν
1803 2740 1940 2793 dro-

358 2823 522 2893 μίαν.
549 2825 661 2893 Ούχ
692 2820 875 2886 ἁπλῶς
900 2821 1132 2875 ἐνταῦθα
1160 2822 1449 2886 ἐπιϐουλὰς
1479 2822 1643 2890 λέγει.
1678 2822 1812 2876 ἀλλὰ
1841 2822 1940 2886 td;

362 2908 680 2979 λαθραίους.
716 2906 815 2971 td;
860 2906 1286 2978 κεκρυμμένας,
1338 2907 1503 2979 αἴπερ
1537 2907 1644 2959 είσὶ
1682 2907 1775 2961 καὶ
1812 2907 1939 2960 δυσ-

361 2990 623 3054 φύλακτοι
657 2990 750 3042 καὶ
776 2989 1139 3058 δυσφώρατοι,
1167 2990 1246 3042 διὸ
1288 2989 1520 3060 μάλιστα
1554 2992 1646 3043 καὶ
1671 2991 1770 3060 τῆς
1801 2989 1941 3043 ἄνω-

362 3075 452 3129 θεν
502 3071 654 3144 [μᾶ]
687 3070 893 3125 δέονται
944 3072 1133 3142 ῥοπῆς.
1182 3071 1279 3125 Διὰ
1324 3072 1387 3144 δὴ
1436 3072 1596 3125 τοῦτο
1646 3074 1727 3136 εἰς
1775 3072 1940 3141 εὐχὴν

361 3157 676 3212 κατακλείει
700 3155 791 3209 τὸν
815 3155 994 3223 λόγον,
1020 3153 1271 3208 ἐντεῦθεν
1298 3155 1818 3227 προοιμιασάμενος,
1848 3154 1941 3209 καὶ

362 3239 597 3294 ἐνταῦθα
623 3238 917 3291 τελευτῶνθ
962 3240 1195 3302 δεικνὺς,
1239 3240 1322 3292 ὄτι
1365 3238 1433 3291 td
1476 3238 1575 3309 μὲν
1614 3237 1746 3309 παρ’
1775 3237 1940 3291 αὐτοῦ

361 3321 536 3375 ταῦτά
565 3324 734 3383 ἐστιν,
773 3323 807 3391 η
853 3321 1008 3386 ἐλπὶς
1041 3323 1074 3392 ή
1123 3325 1203 3386 είς
1236 3322 1327 3376 τὸν
1371 3322 1523 3386 Θεὸν,
1554 3322 1615 3375 τὸ
1654 3321 1940 3395 διαπαντὸς

363 3405 504 3477 πρὸς
537 3405 627 3457 τὸν
655 3404 788 3457 Θεὸν
828 3403 1060 3474 βλέπειν,
1090 3405 1150 3458 τὸ
1194 3405 1416 3474 φεύγειν
1446 3404 1623 3458 αὐτῶν
1661 3406 1784 3468 τοὺς
1815 3404 1938 3457 συλ-

363 3489 577 3557 λόγους,
605 3487 667 3540 τὸ
702 3490 877 3557 μισεῖν
901 3487 1079 3540 αὐτῶν
1103 3487 1202 3552 τὰς
1239 3489 1481 3560 πονηράς
1507 3487 1835 3559 ἐπιθυμίας·
1865 3488 1936 3541 td

362 3571 421 3625 δὲ
470 3568 623 3641 παρὰ
650 3569 745 3622 τοῦ
778 3567 933 3632 Θεοῦ,
966 3571 999 3640 ἡ
1033 3569 1279 3640 βοήθεια,
1312 3572 1344 3641 ή
1382 3572 1687 3642 συμμαχία,
1729 3571 1791 3624 τὸ
1831 3571 1940 3625 τῶν

363 3654 793 3726 δυσφορωτάτων
833 3652 995 3707 αὑτὸν
1027 3649 1297 3725 ἀνώτερον
1336 3657 1528 3709 ποιεῖν.
1571 3655 1726 3709 Οὕτω
1757 3655 1866 3727 γὰρ
1904 3658 1947 3727 ήι

363 3736 535 3809 ἀρετὴ
565 3737 869 3805 ὑφαίνεται,
901 3736 996 3790 καὶ
1023 3738 1121 3807 τῆς
1157 3737 1426 3809 ἡμετέρας
1458 3737 1692 3809 σπουδῆς
1722 3741 1939 3808 εἰσαγο-

264 3882 269 3885 ,
366 3821 555 3893 μένης,
586 3820 681 3873 καὶ
720 3821 819 3891 τῆς
852 3819 944 3874 τοῦ
982 3820 1116 3873 Θεοῦ
1166 3820 1417 3892 βοηθείας
1467 3821 1856 3893 συμμαχούσης
1886 3834 1935 3875 ι.

360 3904 694 3961 Πεσοῦνται
723 3903 793 3957 ἐν
821 3904 1250 3974 ἀμφιϐλήστρῳ
1276 3902 1463 3957 αὐτοῦ
1490 3907 1543 3958 οἱ
1569 3904 1903 3973 ἁμαρτωλοί
1920 3921 1934 3936 ο

362 3989 697 4056 καταμόνας
722 3986 858 4057 ἐιμι
911 3987 1045 4056 ἐγὼ,
1090 3987 1202 4052 ἕως
1239 3982 1312 4042 οὗ
1358 3985 1650 4055 παρέλθω.
1693 3988 1847 4051 Τίνος
1879 3991 1937 4041 ἐν

361 4071 761 4143 ἀμφιϐλήστρῳ
811 4071 1101 4127 πεσοῦνται
1127 4062 1363 4137 ;Ἀύτοῦ
1412 4070 1507 4124 τοῦ
1560 4069 1715 4126 Θεοῦ.
1767 4072 1938 4127 Τουτ-

363 4156 534 4215 έστιν,
575 4154 894 4220 ἁλώσονται,
928 4154 1373 4227 χειρωθήσονται.
1420 4155 1501 4208 Τὰ
1547 4154 1646 4226 μὲν
1683 4153 1793 4228 γὰρ
1829 4156 1937 4210 τῶν

360 4238 601 4301 δικαίων,
640 4240 800 4311 μέχρι
839 4240 1176 4311 διορθώσεως
1219 4238 1434 4293 καὶτοῦ
1463 4239 1725 4311 διεγεῖραι
1757 4241 1937 4295 αὐτῶν

358 4320 459 4392 τὴν
501 4322 848 4392 φιλοσοφίαν·
887 4324 957 4378 td
987 4324 1044 4377 δὲ
1076 4323 1184 4377 τῶν
1218 4322 1583 4394 ἁμαρτωλῶν,
1616 4323 1710 4377 ﬁte
1741 4324 1937 4378 ἀνίατα

360 4403 680 4466 νοσούντων,
723 4405 885 4476 μέχρι
913 4405 1188 4470 κολάσεως
1225 4406 1319 4459 καὶ
1352 4406 1640 4478 τιμωρίας.
1671 4409 1937 4476 Καταμά-

360 4503 474 4552 νας
497 4487 612 4555 aly}
641 4487 775 4555 ἐγὼ,
806 4487 917 4553 ἕως
944 4484 1016 4543 οὗ
1062 4487 1351 4558 παρέλθω.
1379 4490 1624 4560 Ἕτερος,
1649 4489 1796 4558 Ἅμα
1823 4488 1937 4560 ἐγώ

360 4571 496 4637 ειμι,
525 4569 638 4635 ἕως
664 4565 736 4625 οὗ
768 4568 1059 4639 παρέλθω.
1087 4570 1297 4633 Ἄλλος,
1328 4570 1453 4623 Ἐπὶ
1483 4570 1551 4624 τὸ
1576 4572 1742 4625 αὑτό.
1768 4571 1936 4625 Τουτ-

361 4653 498 4717 έστι,
519 4652 877 4723 συνημμένος,
898 4654 1417 4724 συγκεκροτημένος,
1436 4654 1497 4706 ού
1514 4654 1930 4726 διεσπαρμένοςο

359 4734 394 4807 ἢ
431 4734 574 4791 κατὰ
608 4735 736 4798 τοὺς
789 4734 1206 4805 Ἐϐδομήκοντα,
1239 4735 1656 4807 ἀπηλλαγμένος
1687 4738 1797 4793 τῶν
1835 4756 1934 4793 πο-

360 4825 563 4897 νηρῶν,
606 4822 928 4894 καθαρεύων
959 4823 1060 4892 τῆς
1092 4824 1314 4878 ἐκείνων
1349 4826 1652 4891 συνουσίας,
1685 4828 1780 4880 καὶ
1826 4828 1933 4882 ῶσ-

292 4902 301 4917 ’
357 4911 478 4965 ανεὶ
524 4909 687 4981 μόνος
714 4907 907 4962 οἰκῶν·
942 4908 1080 4979 ὅπερ
1120 4908 1214 4960 καὶ
1248 4908 1502 4979 μέγιστόν
1545 4910 1691 4964 ἐστιν
1734 4912 1933 4981 ἀρετῆς

357 4989 516 5058 εἶδος.
553 4993 666 5047 Καὶ
701 4992 762 5046 οὐ
803 4992 931 5062 μίαν
966 4991 1025 5045 δέ
1051 4991 1145 5044 καὶ
1174 4990 1266 5044 δύο
1294 4990 1388 5043 καὶ
1415 4993 1564 5062 τρεῖς
1594 5009 1757 5062 φησιν
1798 4994 1933 5064 ἡμέ-

357 5096 456 5149 ρας
483 5077 643 5131 τοῦτο
669 5077 861 5142 ποιεῖν,
892 5074 1027 5135 ἀλλά
1064 5075 1242 5129 πάντα
1268 5074 1360 5128 τὸν
1393 5072 1524 5143 βίον.
1557 5073 1727 5128 Τοῦτο
1758 5076 1932 5145 ἀσφά-

354 5161 492 5225 λεια,
540 5172 697 5213 τουτο
728 5163 924 5230 τεῖχος,
954 5158 1114 5212 τοῦτο
1151 5156 1354 5229 ἀρετῆς
1395 5155 1653 5221 ἐπίδοσις,
1700 5157 1761 5213 τὸ
1793 5160 1927 5228 φεύ-

353 5261 470 5312 γειν
507 5245 635 5308 τοὺς
675 5244 939 5315 πονηροὺς
962 5283 977 5307 ,
1020 5244 1114 5296 καὶ
1150 5241 1286 5313 πρὸς
1322 5240 1514 5294 ἐαυτὸν
1550 5256 1924 5314 συγκεκροτη-

356 5327 515 5397 μένον
558 5325 654 5380 καὶ
691 5327 1026 5398 συνηγμένον
1076 5322 1213 5381 εἶναι
1262 5324 1475 5379 ᾶπαντα
1518 5324 1610 5377 τὸν
1654 5324 1787 5396 βίον,
1836 5328 1931 5381 καὶ

353 5409 665 5481 καταμόνας
688 5412 856 5464 οίκεῖν
880 5411 991 5464 τῶν
1014 5409 1452 5481 διαφθειρόντων.
1483 5409 1557 5466 Οὐ
1588 5407 1699 5480 γᾴρ
1722 5410 1930 5482 ἐρημία

420 5542 567 5616 {Alii
609 5543 1202 5616 ςνμμμχίαςβοῃθούεης,
1241 5545 1372 5608 quod
1413 5545 1630 5616 ἰρίρσυιη
1655 5545 1928 5616 θεε.1ζιιι1ο

446 5609 467 5651 ι
491 5602 683 5670 Morel.‘
700 5602 849 5670 αλ)τοῦ
883 5602 934 5670 ἐν
959 5602 1320 5670 ἀμιωῆστρῷ,
1346 5607 1435 5656 sed
1474 5602 1523 5656 I'n
1548 5606 1657 5657 aliis
1679 5607 1826 5657 αὐτοῦ
1849 5615 1929 5659 εει

377 5662 498 5737 μίγα.
518 5669 636 5737 amo
666 5662 929 5737 toﬁ-8:27;.
966 5662 1127 5737 Pholo
1150 5662 1285 5729 υθέ(
1304 5662 1437 5734 prior
1480 5670 1824 5735 interprelalio
1849 5676 1928 5722 est

357 5723 569 5789 Aquilae,
595 5729 836 5787 posterior
855 5726 1149 5788 Symmachi.

1062 303 1120 361 S.
1158 302 1442 363 JOANNIS
1477 301 1962 362 CHRYSOS'I'OMI
2001 306 2324 364 ARCHIEP.
2362 307 2914 370 CONSTANTINOP.

3511 316 3620 371 “‘2

2037 424 2183 474 ποιε⁹
2215 421 2278 476 τὸ
2309 422 2468 494 μόνον
2511 419 2673 486 εἶναι,
2717 424 2856 479 ἀλλά
2893 423 3088 496 γνώμη
3126 423 3437 494 φιλόσοφος.
3470 425 3630 482 οὕτω

2039 506 2133 559 καὶ
2165 505 2349 569 πόλεις
2385 506 2555 576 μέσας
2582 506 2879 573 οἰκοῦντες,
2909 509 3005 562 καὶ
3034 506 3320 579 θορύϐους,
3365 512 3464 562 καὶ
3496 509 3630 578 ἀγο-

2042 588 2161 660 ρὰς,
2209 588 2444 644 δύναιντ’
2472 590 2541 644 ἂν
2588 586 2726 645 εἶναι
2780 592 3098 663 καταμόνας
3143 590 3452 662 ἄνθρωποι.
3496 592 3631 646 ὅταν

2037 672 2163 737 τοίας
2214 671 2644 744 διεφθαρμένους
2698 675 2945 744 φεύγωσι
2987 673 3311 742 συλλόγους,
3365 674 3462 728 καὶ
3511 676 3629 737 τοῖς

2035 754 2146 809 τῶν
2180 755 2426 808 δικαίων
2485 756 2784 827 συνεδρίοις
2843 758 3069 820 ἑαυτοὺς
3122 754 3423 810 ἐκδιδῶσιν.
3474 754 3633 827 Αὕτη

2037 837 2285 909 ἀσφαλὴς
2310 839 2443 903 ὁδός.
2483 839 2542 892 '0
2577 840 2674 910 μὲν
2719 834 2813 893 οὖν
2844 838 3034 912 ἀρκῶν
3075 838 3173 892 καὶ
3216 838 3457 919 ἐτέρους.
3479 837 3632 909 διορ-

2039 921 2231 984 θῶσαι,
2265 922 2542 992 μιγνύσθίο
2580 925 2695 986 τοῖς
2743 921 2994 992 μέλλουσι
3028 920 3278 992 δέχεσθαι
3324 922 3425 991 τὴν
3460 920 3632 993 θεραο

2039 1009 2219 1074 πείαν,
2257 1010 2351 1063 καὶ
2400 1010 2623 1062 ποιείτω
2669 1008 2945 1079 βελτίους*
2986 1010 3015 1062 ὁ
3057 1008 3114 1061 δέ
3145 1007 3480 1079 ἀτονώτερος
3524 1006 3630 1073 ὢν,

2038 1094 2285 1161 φευγέτω
2325 1094 2451 1157 τοὺς
2494 1094 2782 1165 πονηροὺς,
2814 1093 2953 1146 ὥστε
2991 1090 3067 1162 μὴ
3105 1090 3204 1162 τὴν
3234 1091 3365 1160 παρ’
3399 1091 3632 1145 ἐκείνων

2036 1176 2288 1241 δέξασθαι
2337 1177 2536 1247 λύμην.
2588 1177 2697 1229 Καὶ
2743 1175 2886 1230 οὕτω
2923 1175 3018 1229 καὶ
3073 1173 3166 1226 τὸν
3212 1173 3456 1243 παρόντα
3491 1172 3632 1242 βιώ-

2040 1277 2189 1313 σεται
2224 1259 2337 1328 βίον
2382 1259 2520 1330 μετά
2552 1259 2870 1326 ἀσφαλείας,
2900 1259 2995 1311 καὶ
3023 1255 3135 1310 τῶν
3170 1256 3475 1327 μελλόντων
3509 1258 3630 1310 ἐπι-

2034 1342 2280 1408 τεύξεται
2327 1342 2577 1409 ἀγαθῶν*
2621 1335 2696 1395 ὧν
2738 1343 2947 1409 γένοιτο
2996 1341 3207 1402 πάντας
3239 1340 3385 1411 ἡμᾶς
3436 1341 3632 1392 ἐπιτυ-

2036 1427 2172 1495 χεῖν,
2216 1427 2399 1494 χάριτι
2429 1425 2525 1478 καὶ
2565 1422 2946 1495 φιλανθρωπίᾳ
2969 1422 3064 1476 τοῦ
3094 1422 3298 1494 Κυρίου
3327 1426 3359 1494 ή
3369 1422 3485 1494 μῶν
3518 1422 3629 1493 ’1η-

2039 1508 2133 1561 σοῦ
2160 1507 2422 1579 Χριστοῦ,
2533 1510 2565 1577 ἡ
2612 1507 2741 1573 δόξα
2771 1508 2867 1560 καὶ
2894 1505 2956 1559 τὸ
2985 1505 3206 1576 κράτος,
3244 1504 3338 1558 νῦν
3372 1506 3469 1560 καὶ
3494 1507 3586 1561 ἀεὶ
3605 1546 3623 1570 ,

2037 1592 2132 1644 καὶ
2164 1593 2244 1655 εἰς
2284 1592 2411 1656 τοὺς
2440 1591 2642 1655 αἰῶνας
2680 1591 2789 1644 τῶν
2822 1588 3051 1644 αἰώνων.
3090 1590 3284 1661 Ἀμήν.

2412 1674 2521 1726 ΕΙΣ
2560 1674 2697 1727 ΤΟΝ
2738 1674 2897 1726 PMA’
2932 1672 3254 1725 ΨΑΛΜΟΝ.

2039 1756 2213 1826 Φωνῇ
2235 1774 2355 1828 μου
2383 1756 2534 1825 πρὸς
2555 1757 2774 1824 Κύριον
2794 1755 3106 1828 ἐξέπραξαν
3130 1753 3301 1825 φωνῇ
3324 1773 3447 1825 μου
3474 1756 3632 1826 πρὸς

2542 1828 2764 1895 Κύριον
2799 1825 3056 1894 ἐδεήθην
3076 1825 3125 1879 1³.

2107 1910 2175 1963 α’.
2196 1910 2357 1982 Ὁρᾷς
2383 1908 2499 1973 πῶς
2534 1909 2811 1979 πανταχοῦ
2839 1909 2999 1962 τοῦτο
3026 1910 3188 1966 ποιεῖ.
3231 1909 3325 1962 καὶ
3352 1908 3464 1962 ’ἀπὸ
3490 1908 3631 1963 ταύ-

2037 2009 2137 2062 της
2168 1991 2582 2063 προοιμιάζεται
2602 1991 2702 2060 τῆς
2733 1991 2928 2063 ἀρχῆς,
2958 1991 3054 2044 καὶ
3088 1991 3339 2063 δεύτερον
3391 1992 3630 2047 ἐνταῦθα

2038 2073 2214 2141 Φωνῇ
2258 2074 2353 2128 καὶ
2392 2072 2565 2141 Φωνῇ
2597 2073 2776 2142 λέγει;
2810 2075 2963 2126 Ποιεί
2993 2072 3050 2127 δὲ
3081 2073 3242 2127 τοῦτο
3274 2074 3374 2145 οὐχ
3411 2075 3629 2142 ἁπλῶς,

2038 2156 2152 2210 ἀλλ’
2182 2156 2320 2209 ὥστε
2349 2156 2557 2221 διδάξαι
2582 2157 2733 2227 ἡμᾶς
2768 2156 2862 2210 δύο
2893 2154 3069 2211 ταῦτα
3096 2156 3186 2210 διὰ
3217 2156 3313 2209 τοῦ
3340 2157 3630 2212 διπλασιαο

2040 2239 2203 2307 σμού,
2233 2241 2292 2292 τό
2318 2256 2379 2293 τε
2421 2238 2636 2293 εὔτονον
2668 2240 2769 2309 τῆς
2809 2238 3138 2311 προθυμίας,
3171 2240 3232 2293 τό
3266 2256 3325 2293 τε
3368 2256 3630 2295 συντετα-

2042 2322 2202 2390 μένον
2243 2322 2341 2392 τῆς
2376 2321 2637 2386 διανοίας·
2674 2324 2767 2376 καὶ
2805 2322 2940 2393 πρὸς
2990 2323 3201 2386 τούτοις
3242 2321 3323 2376 ἔτι
3364 2322 3427 2375 τὸ
3457 2322 3630 2376 αὐτοῦ

2039 2400 2176 2457 εἶναι
2200 2404 2299 2474 τὴν
2323 2407 2525 2475 φωνήν.
2548 2405 2623 2458 Ού
2653 2405 2762 2475 γάρ
2789 2408 2989 2467 πάντες
3016 2416 3038 2445 ο
3062 2403 3187 2458 οὔτε
3218 2408 3367 2477 φωνῇ
3401 2407 3626 2476 βοῶσιν.

2039 2485 2162 2540 οὔτε
2210 2488 2348 2558 πρὸς
2390 2488 2481 2541 τὸν
2513 2487 2666 2552 Θεὸν,
2695 2486 2819 2541 οὔτε
2847 2490 2913 2559 τῇ
2945 2487 3142 2559 οἰκείᾳ.
3171 2489 3263 2541 Δεῖ
3296 2488 3354 2542 δὲ
3400 2489 3628 2543 ἅπαντα

2039 2568 2212 2623 ταῦτα
2261 2569 2552 2623 συνελθεῖν.
2592 2571 2650 2624 '0
2693 2567 2845 2642 [443]
2895 2571 3016 2623 κατ’
3063 2569 3273 2642 ἐχθρῶν
3311 2569 3473 2640 βοῶν,
3524 2572 3625 2625 οὐκ

2040 2651 2325 2723 ἀνθρώπου
2371 2653 2556 2723 φωνὴν
2599 2654 2869 2723 προΐεται,
2902 2654 3039 2708 ἀλλά
3071 2653 3262 2725 θηρίου
3293 2655 3386 2708 καὶ
3421 2655 3622 2724 ὄφεως.

2050 2735 2109 2788 '0
2140 2733 2419 2805 ῥαθυμῶν,
2454 2736 2547 2789 καὶ
2583 2736 2658 2807 μὴ
2699 2736 2912 2790 ἀκούων
2946 2730 3022 2790 ὧν
3054 2736 3223 2805 λέγει,
3252 2738 3312 2790 οὑ
3350 2737 3490 2808 πρὸς
3528 2737 3627 2792 τὸν

2039 2818 2171 2872 Θεὸν
2211 2820 2344 2892 βοᾷ,
2392 2821 2530 2876 ἀλλά
2575 2822 2762 2886 ἁπλῶς
2806 2823 2899 2876 καὶ
2938 2821 3061 2890 εικῆ
3096 2820 3410 2890 φθέγγεται.
3447 2822 3507 2876 '0
3544 2823 3625 2893 μὴ

2036 2901 2317 2975 διεγείρων
2367 2905 2466 2976 τὴν
2502 2904 2760 2965 διάνοιαν,
2807 2904 2911 2977 κᾷν
2961 2902 3173 2975 μεγάλα
3220 2904 3421 2977 κράζῃ,
3458 2904 3625 2958 πάλιν

2037 2979 2192 3049 οὗτος
2228 2987 2289 3040 οὐ
2326 2986 2441 3058 βοᾷ.
2486 2988 2642 3059 Φωνὴ
2686 2987 2828 3060 γὰρ,
2862 2979 2892 3040 δ
2925 2987 3184 3051 πολλάκις
3220 2987 3390 3057 ἔφθην
3424 2985 3624 3054 εἰπὼν,

2038 3070 2096 3122 οὐ
2126 3069 2217 3123 τὸν
2253 3071 2402 3125 τόνον
2431 3071 2581 3142 δηλοῖ
2611 3072 2704 3125 toﬁ
2746 3070 3079 3141 πνεύματος,
3109 3069 3248 3124 ἀλλά
3282 3070 3382 3142 τὴν
3427 3088 3625 3125 συντε-

2037 3154 2276 3225 ταμένην
2315 3153 2574 3209 διάνοιαν.
2615 3153 2753 3207 Ἀλλ’
2778 3153 2878 3224 οὐχ
2903 3148 3057 3219 οὗτος
3091 3154 3260 3218 οὕτως
3280 3170 3294 3184 ’
3321 3153 3458 3207 ἀλλά
3490 3155 3623 3226 τρία

2037 3236 2208 3290 ταῦτα
2238 3237 2481 3304 συνάγει,
2512 3237 2607 3291 καὶ
2638 3236 2930 3301 δείκνυσιν,
2948 3237 3031 3290 ὅτι
3062 3254 3122 3290 τε
3153 3239 3304 3307 φωνῇ
3351 3237 3473 3308 βοᾷ,
3525 3239 3621 3293 καὶ

2038 3320 2173 3392 πρὸς
2191 3320 2283 3374 τὸν
2305 3320 2457 3386 Θεὸν,
2490 3320 2585 3374 καὶ
2611 3322 2679 3391 τῇ
2700 3319 2725 3359 ἀ
2754 3318 2949 3374 ἑαυτοῦ
2981 3322 3150 3392 φωνῇ.
3182 3319 3280 3373 Διὰ
3310 3320 3471 3374 τοῦτο
3498 3320 3621 3375 δεύ-

2036 3403 2196 3474 τερόν
2251 3421 2413 3474 φησι,
2466 3401 2640 3472 Φωνῇ
2676 3420 2797 3473 μου
2844 3403 2941 3456 καὶ
2991 3401 3166 3471 Φωνῇ
3210 3420 3351 3472 μου.
3397 3402 3619 3474 Ἐκχεῶ

2037 3484 2294 3539 ἐνώπιον
2320 3486 2507 3541 αὐτοῦ
2540 3486 2653 3554 τὴν
2678 3485 2896 3554 δέησίν
2922 3502 3063 3553 μου,
3103 3484 3219 3553 τὴν
3260 3487 3475 3555 θλίψιν
3497 3505 3618 3555 μου

2036 3566 2290 3623 ἐνώπιον
2323 3569 2511 3624 αὐτοῦ
2543 3567 2878 3638 ἀπαγγελῶ.
2909 3562 3058 3631 Εἶδες
3093 3567 3269 3637 ψυχὴν
3296 3570 3404 3622 τῶν
3435 3568 3621 3638 βιωτιο

2038 3652 2148 3705 κῶν
2176 3653 2633 3725 άπηλλαγμένην;
2669 3653 2803 3707 Οὐδὲ
2832 3653 2940 3724 γὰρ
2972 3652 3106 3724 πρὸς
3136 3651 3454 3724 ἀνθρώπους
3486 3670 3619 3707 κατ⁴

2038 3736 2258 3804 έφυγεν,
2283 3736 2403 3789 ούδέ
2432 3737 2531 3800 td;
2563 3737 2715 3809 παρὰ
2757 3737 2963 3789 τούτων
3003 3735 3230 3806 ἐξῄτησε
3276 3738 3615 3808 συμμαχίας,

2036 3818 2169 3872 άλλά
2192 3818 2327 3891 πρὸς
2350 3821 2449 3890 τὴν
2490 3819 2788 3891 ἀχείρωτον
2825 3819 3097 3888 βοήθειαν,
3140 3820 3236 3873 καὶ
3277 3819 3376 3890 τὴν
3410 3820 3616 3875 ἄνωθεν

2041 3903 2231 3974 ῥοπήν.
2275 3898 2408 3957 Εἶτα
2441 3903 2504 3958 τὸ
2535 3904 2923 3975 συντεταμένον
2966 3903 3065 3974 τῆς
3107 3902 3368 3969 διανοίας,
3397 3905 3489 3958 καὶ
3517 3905 3617 3975 τὴν

2038 3984 2364 4056 θερμότητα,
2408 3986 2477 4058 ῆν
2526 3981 2671 4057 εἶχεν
2701 3998 2724 4027 ο
2756 3986 3209 4058 ἐναποκειμένην,
3244 3988 3334 4041 διὰ
3381 3988 3482 4059 τῆς
3526 3988 3613 4042 λέ-

2038 4067 2172 4132 ξεως
2217 4068 2420 4140 ταύτης
2468 4071 2710 4141 ἐμφῆναι
2764 4069 3120 4141 βουλόμενος,
3162 4068 3396 4139 Ἐκχεῶ,
3446 4071 3611 4143 φησὶ,

2040 4152 2179 4222 μετὰ
2215 4152 2419 4223 πολλῆς
2443 4153 2543 4225 τῆς
2569 4153 2871 4225 δαψιλείας.

2120 4236 2397 4291 Ἐντεῦθεν
2442 4238 2804 4310 μανθάνομεν,
2848 4238 2932 4291 ὅτι
2958 4237 3019 4291 οὐ
3056 4237 3252 4309 μικρὸν
3281 4239 3376 4293 καὶ
3404 4239 3461 4293 αἱ
3500 4240 3613 4293 θλί-

2034 4317 2158 4388 ψεις
2190 4319 2272 4383 είς
2320 4320 2637 4390 φιλοσοφίαν
2682 4321 3111 4392 συμϐάλλονται·
3159 4320 3317 4376 τοῦτο
3360 4322 3471 4395 γὰρ
3514 4324 3615 4395 τῆς

2036 4400 2268 4471 θλίψεως
2297 4405 2327 4457 ό
2364 4402 2603 4473 καρπόςο
2657 4404 2847 4474 μηδεὶς
2897 4403 3078 4457 τοίνυν
3129 4404 3376 4473 φευγέτω
3421 4408 3612 4479 αὑτήν.

2036 4484 2141 4539 Δύο
2169 4486 2278 4559 γὰρ
2301 4486 2475 4541 ταῦτα
2503 4487 2615 4556 ἔχει
2646 4486 2715 4540 td
2748 4487 2914 4558 κέρδη
2933 4503 2947 4517 ·
2986 4485 3044 4541 ἐν
3080 4486 3200 4557 μὲν,
3231 4488 3312 4542 ὃτι
3341 4506 3402 4543 τε
3447 4507 3615 4545 σπου-

2035 4568 2344 4642 δαιοτέρους
2371 4571 2662 4643 ἐργάζεται
2692 4572 2786 4625 καὶ
2825 4574 3363 4645 προσεκτικωτέρους
3385 4593 3399 4607 ο
3429 4575 3615 4650 ἕτερον

2034 4653 2113 4718 δὲ,
2144 4653 2239 4708 καὶ
2279 4656 2455 4709 ὅτιού
2497 4655 2694 4726 μικρὸν
2737 4657 2869 4727 ἡμῖν
2914 4656 3187 4725 δικαίωμα
3232 4659 3310 4721 είς
3342 4658 3403 4711 τὸ
3448 4660 3613 4713 ἀκου-

2038 4737 2231 4808 σθῆναι
2270 4738 2499 4808 γίνεται.
2529 4739 2628 4794 Διά
2672 4756 2756 4793 τοι
2797 4739 2954 4792 τοῦτο
2990 4740 3082 4793 καὶ
3129 4741 3290 4805 αὐτὸς
3322 4742 3425 4796 οὐκ
3465 4739 3611 4807 εἷπε,

2035 4819 2146 4891 Τὴν
2193 4821 2538 4892 δικαιοσύνην
2576 4840 2699 4893 μου,
2741 4822 2882 4884 οὐδὲ,
2915 4824 2995 4878 Td
3029 4824 3434 4895 κατορθώματά
3483 4843 3609 4897 μου,

2034 4904 2189 4970 ἀλλὰ,
2242 4905 2363 4973 Τὴν
2397 4905 2608 4975 θλίψιν
2633 4923 2775 4976 μου,
2820 4906 2898 4971 ὡς
2931 4908 2993 4960 οὐ
3035 4910 3238 4979 μικρᾶς
3268 4910 3363 4962 καὶ
3406 4909 3614 4983 ταύτης

2031 4985 2199 5059 οὔσης
2237 4988 2384 5058 αὐτῷ
2419 4990 2768 5061 συνηγορίας.
2812 4990 2912 5043 Διὰ
2957 4991 3115 5044 τοῦτο
3156 4992 3252 5045 καὶ
3293 4992 3322 5044 ὁ
3360 4993 3612 5061 Ἡσαΐας,

2032 5071 2453 5139 Παρακαλεῖτε,
2488 5072 2663 5141 φησι,
2688 5075 2794 5127 τὸν
2833 5073 2988 5127 λαόν
3018 5091 3159 5142 μου,
3192 5074 3394 5142 ἱερεῖς·
3420 5077 3613 5144 λαλή-

2032 5169 2180 5208 σατε
2212 5155 2299 5219 είς
2340 5152 2456 5222 τὴν
2488 5154 2741 5223 καρδίαν
2784 5155 3193 5227 Ἰερουσαλὴμ,
3233 5157 3324 5213 ὅτι
3363 5159 3613 5226 ἐδέξατο

2030 5235 2101 5289 ἐκ
2131 5236 2328 5305 χειρὸς
2361 5239 2583 5307 Κυρίου
2615 5238 2801 5295 διπλᾶ
2842 5240 2920 5294 td
2961 5241 3352 5311 ἁμαρτήματα
3391 5245 3607 5313 αὐτῆς.

2032 5318 2142 5372 Καὶ
2183 5320 2213 5372 ὁ
2249 5319 2492 5384 Παῦλοςο
2539 5320 2844 5390 Παράδοτε
2904 5324 3013 5378 τόν
3056 5326 3331 5382 τοιοῦτον
3372 5328 3453 5395 τῷ
3499 5333 3609 5384 Σα·

2093 5422 2122 5462 δ
2148 5426 2299 5500 ξδνίι.
2315 5428 2435 5500 πρὸς
2449 5429 2531 5477 τὸν
2552 5430 2673 5499 Θεὸν
2695 5432 2903 5500 ἐδεήθην.
2933 5433 3042 5500 ρυο
3080 5448 3201 5500 mss.
3237 5436 3311 5487 sic
3329 5435 3570 5500 incipiunt
3591 5452 3605 5488 :

2042 5487 2371 5564 ᾎκούειςῗπῶς
2389 5489 2631 5564 πανταχοῦ
2651 5487 2800 5564 τοῦτο’
2812 5487 3076 5557 προτίθησι’
3102 5498 3152 5546 iu
3171 5496 3330 5561 iisque
3346 5487 3605 5564 δάίιιέωὶέ

2032 5562 2122 5612 pro
2141 5563 2277 5598 more
2322 5553 2635 5602 invertunlur
2654 5560 2708 5602 et
2728 5553 3004 5606 molimur.
3248 5553 3263 5561 ’

2094 5614 2117 5685 ξ
2139 5610 2393 5685 ξίιιξίινίιζ
2415 5612 2585 5685 ἐξω-σι.
2613 5617 2694 5683 καὶ
2711 5618 2802 5681 γὰρ
2821 5619 2990 5677 πάντες
3012 5620 3120 5670 οὔτε
3139 5627 3267 5685 φωνῇ

2382 5649 2393 5659 .
2416 5636 2585 5662 morm.
2614 5636 2694 5663 και
2711 5636 2802 5671 γαρ
2821 5636 2990 5671 παντες
3012 5636 3120 5670 οντε
3139 5636 3285 5671 φωνῇ.

2088 5668 2116 5715 d
2138 5671 2288 5735 δανὶι.
2316 5673 2396 5723 καὶ
2413 5678 2469 5735 ἡ
2495 5674 2659 5724 αὐτοῦ.

2094 5735 2118 5766 ⁸
2145 5734 2278 5785 Unus
2299 5736 2375 5784 καὶ
2406 5734 2487 5795 τὴν
2510 5737 2657 5799 ἰνδον,
2680 5740 2738 5798 ἢν
2761 5740 2898 5805 εἶχεν,
