4012 6280
385 266 480 320 Ml
1438 249 1792 310 EXPDSITIO
1829 247 1898 302 lN
1933 243 2250 303 PSALMUM
2287 246 2465 303 cum.

382 395 499 434 ossa
549 384 720 430 nostra
769 392 920 430 secus-
957 377 1224 445 infernum.
1283 371 1466 432 Alius,
1515 361 1946 434 Quemadmodum

385 467 606 534 agricola
631 468 833 536 quando
856 467 1036 520 scindit
1059 475 1242 518 terram
1269 479 1286 516 :
1321 463 1391 514 ita
1419 459 1660 528 dissipata
1685 463 1801 509 sunt
1835 468 1947 505 ossa

384 569 551 614 nostra
574 559 627 612 in
638 575 724 613 ore
733 558 920 629 inferni
932 555 1022 628 (a).
1038 554 1205 619 Alius,
1218 549 1436 606 Perinde
1447 549 1559 602 acis
1569 549 1656 618 qui
1679 544 1947 614 confringit

382 670 442 707 ac
471 653 682 706 dissecat
707 661 907 715 terram,
930 650 1170 717 dissipata
1192 652 1303 699 sunt
1327 657 1439 696 ossa
1464 648 1631 693 nostra
1654 639 1705 690 in
1728 638 1942 706 inferno.

386 745 550 806 Alius,
579 742 644 797 Ut
669 741 756 811 qui
793 741 1002 809 pulchre
1033 737 1152 792 colit
1178 743 1223 789 et
1263 731 1388 799 fodit
1431 731 1482 782 in
1520 737 1669 792 terra,
1703 726 1946 792 dissipata

382 844 496 889 sunt
542 849 657 888 ossa
702 842 870 886 nostra
934 831 1089 899 juxta
1142 827 1426 897 infernum.
1487 821 1772 888 Postquam
1814 816 1945 870 dixit

382 924 540 978 verba
584 938 676 976 sua
720 922 915 976 habere
950 918 1228 988 plurimum
1258 912 1540 981 voluptatis
1571 951 1584 976 ,
1613 909 1738 964 dicit
1787 908 1942 962 etiam

382 1023 591 1069 veteres
617 1011 964 1067 calamitates.
988 1007 1237 1075 Quamvis
1259 1045 1275 1070 ,
1306 1003 1502 1073 inquit,
1530 1011 1765 1056 extrema
1807 998 1944 1068 passi

380 1118 582 1169 sumus,
609 1112 661 1156 et
709 1109 973 1168 tamquam
1017 1096 1273 1166 proscissa
1294 1133 1308 1158 ,
1339 1101 1484 1147 arata
1527 1098 1580 1144 ct
1614 1089 1748 1144 fossa
1781 1097 1942 1150 terra,

378 1191 604 1262 dispersi
629 1202 810 1244 sumus
837 1201 1023 1241 omnes
1047 1194 1102 1241 et
1127 1185 1396 1254 periimus,
1421 1189 1473 1237 et
1500 1180 1564 1234 ad
1591 1181 1732 1249 ipsas
1761 1177 1944 1231 mortis

379 1292 559 1353 portas
583 1281 889 1336 devenimus
920 1297 932 1332 :
969 1278 1039 1332 ita
1067 1288 1238 1331 tamen
1267 1273 1439 1330 aﬁ‘ecti
1469 1273 1745 1327 mallemus
1766 1284 1944 1338 repre-

383 1375 692 1430 hensionem
735 1381 790 1428 et
828 1371 1208 1426 correctionem
1233 1359 1516 1438 justorum,
1541 1379 1696 1434 quam
1735 1362 1944 1417 miseri-

379 1465 612 1520 cordiam
636 1472 993 1534 peccatorum.
1018 1459 1244 1525 Etenim,
1263 1457 1627 1528 quodcumque
1652 1453 1900 1510 acciderit
1923 1494 1938 1518 ,

377 1574 408 1610 a
437 1566 522 1610 tua
547 1571 640 1626 spe
669 1555 956 1625 pendemus
980 1595 994 1620 ,
1025 1567 1196 1620 neque
1224 1551 1506 1621 quidquam
1534 1549 1683 1603 nobis
1709 1546 1938 1612 eveniet,

375 1647 518 1718 quod
548 1648 710 1716 possit
733 1645 982 1699 cohibere
1009 1645 1286 1712 quominus
1311 1641 1374 1695 ad
1405 1649 1454 1695 te
1481 1639 1844 1708 reSpiciamus.

450 1737 612 1792 Sacra
635 1752 821 1790 ancora
846 1751 956 1804 spes
981 1735 1032 1786 in
1060 1733 1243 1786 Deum.
1263 1760 1335 1771 ——
1360 1731 1510 1786 Unde
1535 1730 1692 1785 etiam
1721 1728 1942 1798 subjun-

378 1829 454 1882 xit
471 1827 673 1890 dicens,
696 1825 748 1880 8.
780 1825 912 1891 Quia
936 1825 1002 1876 ad
1026 1832 1072 1878 te
1090 1866 1105 1890 ,
1135 1821 1345 1875 Domine
1365 1864 1378 1885 ,
1402 1820 1634 1885 Domine,
1666 1819 1800 1873 oculi
1824 1819 1937 1882 mei.

379 1919 445 1972 In
470 1929 516 1972 te
539 1918 752 1988 speravi,
780 1934 881 1971 non
905 1916 1105 1986 auferas
1129 1917 1349 1968 animam
1379 1930 1556 1966 meam.
1585 1912 1719 1978 Etsi,
1752 1911 1936 1980 inquit,

378 2009 788 2064 innumerabiles
818 2008 1018 2062 irruant
1039 2007 1381 2066 calamitates,
1412 2004 1532 2058 licet
1559 2002 1714 2066 bella,
1739 2001 1937 2071 praelia,

375 2110 573 2154 mortes
597 2139 611 2162 ,
640 2108 694 2154 et
718 2108 880 2168 portu:
911 2096 1085 2162 inferi,
1117 2111 1147 2149 a
1176 2109 1324 2164 sacra
1371 2108 1562 2148 ancora
1607 2108 1709 2147 non
1739 2089 1942 2146 recedi-

375 2206 512 2258 mus,
545 2190 641 2246 sed
671 2190 872 2244 ﬁrmam
903 2188 977 2242 tui
1007 2187 1182 2241 auxilii
1212 2202 1359 2256 spem
1390 2195 1647 2246 tenemus,
1676 2181 1940 2252 armisque

371 2290 428 2337 et
456 2282 569 2336 acie
604 2281 854 2344 dimissis,
884 2293 1156 2348 speramus
1181 2277 1291 2332 fore
1318 2286 1375 2331 ut
1405 2275 1545 2342 hinc,
1576 2291 1764 2345 nempe
1791 2291 1820 2329 a
1850 2285 1940 2328 tuo

372 2372 589 2437 auxilio,
621 2371 925 2426 liberemur.
958 2369 1024 2423 ln
1052 2380 1098 2423 te
1121 2370 1336 2438 speravi,
1364 2384 1463 2422 non
1489 2370 1691 2438 auferas
1718 2367 1939 2420 animam

371 2479 552 2516 meum.
584 2462 764 2526 Alius,
793 2460 874 2514 Ne
899 2475 1100 2514 evacues
1139 2458 1234 2530 (b).
1269 2458 1377 2513 lloc
1415 2467 1530 2520 est,
1576 2471 1644 2511 ne
1681 2457 1824 2510 sinas
1853 2469 1939 2510 me

370 2554 618 2608 abire,re
661 2550 870 2606 infecta.
895 2549 946 2604 9.
981 2549 1184 2604 Custodi
1209 2564 1287 2602 me
1314 2564 1346 2601 a
1383 2549 1558 2616 laqueo
1583 2563 1725 2616 quem
1749 2554 1951 2601 statue-'

372 2652 490 2696 runt
506 2642 647 2709 mihi,
665 2651 712 2694 et
728 2658 758 2694 a
773 2639 1022 2695 scandulis
1041 2638 1352 2709 operantium
1373 2637 1696 2707 iniquitatem.
1717 2635 1830 2690 Non
1851 2633 1938 2690 hic

370 2736 498 2789 dicit
523 2743 722 2788 tantum
758 2732 972 2786 insidias
993 2772 1008 2798 ,
1037 2731 1132 2786 sed
1155 2744 1271 2800 qua:
1297 2729 1432 2783 clam
1462 2729 1610 2791 ﬁunt,
1635 2735 1686 2782 et
1715 2727 1936 2782 occulta:

372 2835 515 2890 sunt,
545 2840 663 2894 qua:
692 2832 816 2879 sunt
842 2823 1123 2878 observato
1153 2830 1206 2876 et
1232 2820 1443 2891 cognitu
1469 2818 1710 2873 difﬁciles
1732 2857 1747 2883 ,
1775 2827 1828 2872 et
1869 2817 1935 2872 ad

377 2930 506 2984 quas
519 2915 778 2970 cavendas
795 2928 1023 2982 superno
1044 2912 1268 2966 maxime
1287 2911 1479 2965 auxilio
1499 2925 1630 2980 opus
1650 2909 1938 2964 est.Preca-

378 3006 519 3060 tione
536 3014 706 3061 autem
737 3003 856 3059 ideo
875 3003 1132 3058 conclusit
1155 3003 1468 3068 orationem,
1489 3015 1518 3054 a
1539 3015 1642 3071 qua
1661 2999 1932 3056 exordium

369 3107 664 3168 sumpserat
707 3097 761 3152 in
788 3112 850 3151 ea
877 3095 1124 3150 desinens
1151 3111 1167 3150 :
1195 3095 1306 3149 haec
1325 3093 1538 3163 quidem
1562 3107 1591 3145 a
1621 3107 1678 3147 se
1706 3091 1935 3146 conferri

367 3187 671 3252 ostendens,
698 3202 845 3256 spem
867 3187 918 3240 in
951 3186 1145 3249 Deum,
1185 3195 1438 3254 perpetuo
1477 3183 1542 3236 ad
1568 3182 1730 3237 Deum
1763 3182 1932 3250 respi-

368 3294 492 3333 cere
511 3317 528 3343 ,
557 3276 814 3330 malorum
851 3284 1020 3330 coetus
1063 3273 1271 3342 fugere,
1299 3272 1421 3326 odio
1447 3271 1644 3326 habere.
1669 3270 1933 3340 improbas

361 3382 550 3420 eorum
576 3365 883 3434 cupiditates
917 3382 929 3417 :
957 3379 986 3417 a
1013 3363 1120 3417 Deo
1157 3370 1332 3416 autem
1359 3375 1514 3430 opem
1552 3370 1605 3416 et
1641 3361 1891 3416 auxilium
1914 3402 1930 3428 ,

361 3468 417 3512 et
444 3458 513 3512 iis
538 3471 657 3526 qua:
688 3463 811 3511 sunt
838 3455 1062 3510 toleratu
1086 3453 1414 3518 difﬁcillima,
1443 3451 1667 3508 reddere
1691 3455 1933 3523 superio-

364 3565 498 3604 rem.
526 3547 599 3602 Ita
627 3547 768 3602 enim
793 3548 959 3601 virtus
984 3545 1299 3611 contexitur,
1327 3543 1452 3600 dum
1478 3551 1532 3598 et
1557 3553 1794 3599 nostrum
1819 3553 1932 3598 stu-

361 3643 506 3697 dium
541 3639 845 3706 adhibetur,
868 3648 923 3694 et
951 3639 1087 3692 Deus
1114 3637 1265 3691 nobis
1294 3636 1597 3705 opitulatur.
1627 3635 1712 3690 10.
1742 3634 1932 3690 Cadent

361 3735 414 3785 in
437 3731 678 3785 retiaculo
716 3732 822 3800 ejus
855 3738 1152 3798 peccatores.
1186 3727 1522 3797 Singulariter
1549 3743 1659 3780 sum
1696 3743 1807 3797 ego,
1842 3726 1932 3780 do-

363 3839 451 3876 nec
480 3833 748 3876 transeam.
791 3819 846 3875 ln
894 3819 1167 3888 cujusnam
1212 3817 1401 3872 cadent
1430 3817 1784 3872 retiaculum?
1814 3819 1928 3872 Dei.

366 3915 476 3969 lloc
503 3923 604 3979 est,
636 3913 932 3979 vincentur,
960 3913 1251 3981 capientur.
1280 3910 1546 3965 Justorum
1573 3912 1712 3966 enim
1739 3919 1842 3978 est,
1874 3919 1932 3965 ut

361 4007 720 4077 corrigantur,
748 4014 802 4060 et
843 4005 1099 4059 excitetur
1133 4019 1316 4059 eorum
1347 4002 1676 4073 philosOphia
1705 4019 1718 4055 :
1742 4015 1930 4072 pecca-

363 4110 531 4154 torum
559 4107 732 4153 autem
753 4138 766 4162 ,
795 4113 1020 4168 quorum
1059 4097 1126 4151 sit
1156 4097 1370 4151 morbus
1400 4095 1798 4150 immedicabilis
1823 4135 1837 4161 ,
1871 4103 1929 4149 ut

362 4205 525 4260 usque
555 4189 619 4244 ad
649 4204 856 4258 penam
885 4196 940 4243 et
981 4188 1297 4258 supplicium
1343 4187 1697 4242 detineantur.
1732 4186 1926 4258 Singu-

360 4282 531 4336 lariter
553 4298 662 4334 sum
691 4297 801 4350 ego,
824 4280 980 4334 donec
1009 4291 1274 4333 transeam.
1301 4279 1465 4344 Alius,
1489 4278 1659 4334 Simul
1677 4295 1767 4348 ego
1791 4295 1924 4344 sum,

360 4372 516 4426 donec
533 4381 802 4424 transeam.
822 4371 986 4433 Alius,
1011 4368 1076 4422 In
1093 4370 1326 4436 idipsum.
1352 4368 1460 4423 lloc
1479 4377 1584 4439 est,
1599 4377 1923 4437 compactus,

361 4462 689 4529 conjunctus,
711 4477 814 4514 non
845 4459 1113 4529 dispersus
1142 4479 1154 4513 :
1183 4461 1264 4513 vel
1293 4459 1578 4514 secundum
1607 4459 1924 4528 Septuagin-

358 4566 430 4621 ta,
450 4556 700 4610 liberatus
717 4570 745 4608 a
768 4553 938 4619 malis,
961 4569 1121 4623 purus
1146 4552 1212 4608 ab
1234 4554 1438 4607 illorum
1465 4553 1857 4622 congressione,
1872 4558 1926 4607 et

360 4654 626 4715 tamquam
661 4644 803 4701 solus
826 4643 1068 4697 habitans
1098 4661 1110 4696 :
1141 4642 1279 4713 quod
1301 4643 1510 4712 qnidem
1527 4652 1610 4698 est
1637 4641 1924 4696 maximum

358 4749 525 4804 genus
551 4735 778 4789 virtutis.
823 4734 939 4788 Non
972 4747 1077 4786 uno
1104 4742 1279 4787 autem
1325 4741 1414 4786 aut
1461 4733 1665 4787 duobus
1694 4733 1924 4788 tribusve

359 4826 547 4883 diebus
573 4827 676 4883 hoc
700 4827 858 4892 facit,
892 4826 985 4882 sed
1016 4840 1110 4897 per
1141 4835 1300 4880 totam
1332 4827 1515 4879 vitam.
1548 4826 1657 4881 Hoc
1701 4835 1782 4881 est
1808 4842 1924 4881 mu-

361 4931 469 4981 rus,
499 4918 597 4972 hoc
624 4916 1069 4987 prepugnaculum
1090 4957 1104 4982 ,
1133 4913 1234 4970 hoc
1262 4917 1466 4970 virtutis
1497 4917 1878 4972 incrementum
1903 4959 1919 4984 ,

358 5009 526 5063 malos
571 5007 784 5078 fugere,
812 5016 866 5063 et
907 5009 1182 5062 collectum
1213 5007 1350 5077 apud
1393 5023 1451 5062 se
1486 5009 1775 5064 consistere
1813 5018 1922 5066 toto

359 5101 478 5154 vita:
518 5109 771 5169 tempore,
821 5108 875 5154 et
899 5101 964 5154 ab
992 5100 1056 5154 iis
1098 5100 1186 5170 qui
1225 5109 1599 5169 corrumpunt,
1626 5101 1920 5171 sejunctum

358 5188 615 5244 habitare.
647 5189 887 5244 Solitudo
936 5190 1076 5244 enim
1125 5205 1229 5244 non
1278 5190 1403 5243 facit
1441 5205 1560 5246 esse
1607 5192 1800 5258 solum,
1828 5192 1922 5247 sed

357 5295 507 5336 mens
549 5296 667 5351 qua:
708 5289 920 5335 tenetur
958 5296 1139 5336 amore
1184 5290 1238 5336 et
1281 5279 1456 5335 studio
1499 5280 1769 5349 sapientia:
1801 5299 1815 5336 :
1849 5282 1919 5337 ita

356 5370 512 5424 etiam
552 5371 641 5440 qui
671 5370 908 5426 habitant
936 5372 987 5426 in
1017 5371 1203 5428 mediis
1232 5370 1447 5426 urbibus
1466 5413 1480 5438 ,
1511 5371 1638 5426 foris
1660 5410 1676 5438 ,
1706 5380 1758 5425 et
1785 5380 1923 5427 stre-

403 5521 1044 5603 (“2-li‘e‘il‘fFH0855J'9F‘.“
1067 5526 1314 5603 euntem.
1355 5529 1566 5603 secunda
1595 5530 1738 5603 una
1771 5529 1913 5592 Sym-

345 5586 584 5662 maqhui'm,
607 5586 759 5662 tertia
781 5586 1093 5662 adquintam
1108 5586 1388 5662 Editionem
1415 5586 1653 5662 pertinet.

406 5644 474 5709 (tv)
507 5647 623 5697 Haec
647 5644 992 5711 interpretatio
1026 5657 1100 5702 est
1128 5651 1270 5714 juxta
1299 5644 1543 5718 Aquilam.

2053 360 2269 430 pitibus,
2295 372 2542 433 poterunt
2556 377 2674 418 esse
2695 361 2988 432 singulares
3009 361 3266 426 homines,
3287 361 3410 421 dum
3431 376 3617 417 corru-

2053 463 2170 524 ptos
2198 464 2367 510 coctus
2411 454 2640 525 fugiant,
2669 465 2724 510 et
2768 470 2827 509 se
2849 455 3111 524 justorum
3149 452 3386 509 conciliis
3427 453 3618 523 adjun-

2051 555 2194 615 gant.
2224 546 2347 601 llzec
2397 556 2480 602 est
2533 548 2616 602 via
2663 562 2866 602 secura.
2922 547 3020 614 Qui
3066 561 3192 617 ergo
3246 555 3326 600 est
3380 545 3444 600 ad
3486 546 3620 603 alios

2051 636 2390 707 corrigendos
2419 637 2638 693 idoneus
2663 679 2680 704 ,
2710 654 2830 692 cum
2870 639 2934 692 iis
2965 647 3203 692 versetur
3229 637 3318 706 qui
3361 646 3483 691 sunt
3526 651 3616 691 su-

2050 728 2281 798 scepturi
2324 729 2657 794 medicinam,
2689 738 2742 784 et
2767 743 2861 784 eos
2887 728 3073 783 reddat
3102 727 3350 782 meliores
3376 743 3389 781 :
3421 726 3510 796 qui
3537 739 3618 782 est

2050 831 2226 876 autem
2270 821 2616 890 imbecillior,
2663 821 2825 892 fugiat
2862 821 3150 892 improbos,
3176 828 3232 874 ut
3273 819 3340 874 ab
3384 819 3488 873 illis
3523 818 3618 872 du-

2051 929 2231 968 mnum
2271 930 2376 969 non
2400 917 2638 984 accipiat.
2667 913 2738 968 Ita
2768 924 2821 970 et
2849 924 3160 985 praiscnlem
3182 913 3342 967 vitam
3371 921 3482 967 tuto
3503 923 3621 981 aget

2048 1013 2102 1058 et
2145 1020 2332 1060 secure
2357 1047 2372 1072 ,
2401 1015 2456 1060 et
2497 1005 2634 1060 bona
2665 1005 2836 1060 futura
2863 992 3216 1074 consequetur
3259 1023 3270 1056 :
3311 1019 3430 1073 quae
3467 1001 3621 1057 detur

2049 1096 2201 1150 nobis
2227 1095 2471 1150 omnibus
2500 1096 2750 1166 consequi
2777 1095 2981 1166 ,_gratia
3011 1106 3064 1150 et
3096 1095 3372 1149 clementia
3411 1094 3620 1148 Domini

2049 1187 2216 1241 nostri
2243 1185 2368 1241 Jesu
2411 1185 2625 1250 Christi,
2657 1185 2741 1240 cui
2767 1185 2932 1255 gloria
2954 1197 3005 1241 et
3037 1185 3313 1254 imperium
3339 1226 3353 1251 ,
3383 1197 3525 1240 nunc
3569 1192 3623 1237 et

2047 1293 2279 1348 semper,
2307 1287 2360 1333 ct
2382 1277 2436 1332 in
2462 1278 2652 1333 saacula
2673 1277 3007 1332 saeculorum.
3032 1276 3221 1331 Amen.

2521 1387 2585 1444 IN
2623 1387 2942 1444 PSALMUM
2978 1387 3155 1445 CXLI.

2049 1502 2097 1554 l.
2152 1499 2282 1554 Voce
2325 1515 2432 1553 mea
2474 1499 2541 1552 ad
2581 1499 2851 1553 Dominum
2905 1498 3116 1553 clamavi
3140 1538 3157 1564 ,
3223 1513 3339 1551 voce
3388 1513 3506 1550 mea.
3550 1498 3616 1548 ad

2431 1591 2700 1645 Dominum
2749 1591 3041 1660 deprecatus
3093 1606 3222 1644 sum.

2117 1729 2167 1782 1.
2209 1727 2368 1782 Vides
2392 1725 2654 1796 quomodo
2678 1727 2870 1795 ubique
2919 1725 3019 1780 hoc
3052 1724 3196 1790 facit,
3237 1733 3292 1780 et
3321 1724 3444 1778 hinc
3467 1723 3612 1778 ducit

2045 1819 2341 1886 exordium,
2384 1828 2438 1874 et
2487 1820 2566 1874 bis
2607 1819 2691 1873 hic
2728 1818 2857 1873 dicit
2904 1816 3031 1872 Voce
3057 1827 3110 1871 et
3144 1817 3313 1871 Voce?
3362 1817 3474 1871 Hoc
3519 1831 3614 1870 au-

2048 1921 2152 1966 tem
2195 1925 2299 1964 non
2347 1911 2441 1965 abs
2487 1926 2545 1965 re
2598 1909 2741 1974 facit,
2789 1909 2881 1964 sed
2929 1917 2986 1962 ut
3023 1924 3116 1978 per
3159 1907 3300 1962 illam
3341 1909 3614 1977 repetitio-

2045 2018 2163 2058 nem
2207 2002 2320 2056 hmc
2359 2001 2464 2056 duo
2513 2016 2608 2056 nos
2651 2001 2856 2065 doceat,
2907 2009 2961 2056 ct
3002 2015 3262 2054 summam
3308 2000 3468 2054 animi
3509 1999 3618 2054 ala-

2044 2095 2304 2159 critatem,
2329 2105 2381 2149 et
2407 2103 2658 2149 attentam
2689 2104 2917 2148 mentem
2951 2111 2963 2146 :
2990 2101 3242 2168 praeterea
3268 2104 3444 2148 autem
3465 2108 3614 2148 suam

2043 2201 2161 2240 esse
2210 2201 2414 2239 vocem.
2456 2184 2568 2239 Non
2614 2185 2754 2238 enim
2797 2198 2982 2238 omnes
3033 2198 3163 2239 voce
3213 2183 3464 2250 clamant,
3519 2200 3616 2240 nec

2042 2275 2107 2329 ad
2163 2275 2364 2338 Deum,
2419 2290 2517 2329 nec
2553 2289 2685 2329 voce
2726 2275 2956 2344 propria.
3005 2273 3231 2344 Oportet
3279 2284 3454 2328 autem
3504 2277 3616 2330 haec

2041 2367 2216 2421 omnia
2264 2381 2601 2420 concurrere.
2650 2364 2750 2432 Qui
2793 2365 2985 2420 clamat
3037 2364 3288 2419 adversus
3333 2364 3610 2428 inimicos,

2041 2472 2146 2511 non
2183 2457 2290 2511 edit
2333 2471 2514 2512 vocem
2545 2455 2794 2520 hominis,
2841 2454 2932 2510 sed
2978 2455 3102 2509 ferte
3126 2463 3180 2510 et
3205 2455 3485 2524 serpentis.
3509 2454 3610 2521 Qui

2039 2556 2122 2604 est
2172 2548 2461 2618 negligens,
2498 2555 2553 2604 et
2591 2562 2697 2602 non
2739 2546 2884 2601 audit
2928 2562 3045 2617 quas
3091 2546 3237 2612 dicit,
3287 2562 3392 2601 non
3422 2546 3614 2601 clamat

2040 2639 2107 2694 ad
2153 2641 2336 2703 Deum,
2369 2637 2463 2694 sed
2496 2637 2845 2708 nequidquam
2880 2653 2942 2692 ac
2991 2648 3188 2692 temere
3219 2637 3470 2708 loquitur.
3510 2637 3610 2704 Qui

2039 2741 2273 2787 mentem
2335 2749 2440 2788 non
2485 2735 2713 2800 excitat,
2771 2734 2869 2788 etsi
2907 2733 3059 2788 valde
3109 2732 3465 2799 vociferetur,
3524 2731 3610 2786 hic

2039 2841 2222 2880 rursus
2271 2840 2375 2879 non
2421 2826 2632 2881 clamat.
2680 2826 2790 2880 Vox
2837 2825 2997 2891 enim,
3046 2835 3102 2879 ut
3139 2825 3246 2894 jam
3289 2840 3430 2894 saepe
3474 2825 3604 2892 dixi,

2036 2931 2142 2971 non
2180 2915 2438 2984 signiﬁcit
2470 2917 2685 2986 spiritus
2713 2925 2913 2983 tonum,
2947 2915 3040 2970 sed
3067 2925 3292 2970 mentem
3321 2915 3603 2969 intonsam.

2037 3011 2104 3062 At
2143 3007 2229 3062 hic
2263 3024 2367 3062 non
2410 3009 2520 3073 sic;
2561 3009 2654 3064 sed
2694 3007 2808 3064 hare
2838 3008 2933 3061 tria
2978 3007 3132 3061 simul
3165 3003 3376 3074 colligit,
3422 3015 3603 3061 osten-

2037 3099 2113 3153 dit
2147 3114 2204 3154 se
2241 3110 2293 3154 et
2327 3113 2459 3154 voce
2503 3099 2753 3162 clamare,
2786 3107 2839 3153 et
2881 3097 2947 3152 ad
2993 3099 3178 3163 Deum,
3231 3105 3284 3151 et
3322 3111 3453 3152 voce
3478 3111 3604 3166 pro-

2038 3190 2147 3257 pria
2175 3230 2188 3252 ,
2237 3199 2290 3244 et
2329 3188 2449 3244 ideo
2497 3188 2578 3243 bis
2625 3189 2770 3255 dicit,
2834 3187 2965 3242 Voce
3014 3204 3122 3242 mea
3177 3197 3230 3243 et
3287 3174 3431 3241 Voce.
3469 3203 3599 3240 mea.

2023 3279 2087 3336 2.
2120 3277 2341 3345 Eﬁundo
2370 3279 2420 3332 in
2449 3288 2710 3349 conspectu
2737 3284 2844 3349 ejus
2882 3279 3157 3332 orationem
3208 3293 3388 3342 meam,
3428 3287 3472 3332 et
3514 3278 3605 3330 tri-

2037 3371 2336 3424 bulationem
2373 3387 2534 3424 meam
2581 3381 2694 3426 ante
2720 3373 2883 3440 ipsum
2922 3371 3242 3425 annuntiabo.
3275 3370 3460 3424 Vidisti
3489 3369 3602 3424 ani-

2036 3477 2179 3514 mum
2220 3461 2441 3516 liberum
2487 3461 2553 3515 ab
2591 3462 2834 3517 omnibus
2881 3477 2998 3532 quae
3018 3461 3083 3516 ad
3115 3461 3248 3516 hanc
3289 3462 3447 3515 vitam
3479 3475 3599 3530 per-

2038 3553 2246 3607 tinent?
2309 3553 2490 3623 Neque
2527 3556 2666 3610 enim
2704 3553 2936 3626 confugit
2965 3555 3029 3609 ad
3059 3554 3334 3623 homines,
3388 3569 3487 3608 nec
3531 3553 3599 3607 ab

2035 3643 2112 3697 eis
2159 3642 2309 3710 petiit
2333 3644 2607 3707 auxilium,
2651 3645 2744 3700 sed
2792 3659 3073 3714 supernam
3121 3659 3297 3714 opem,
3348 3659 3465 3713 quae
3504 3659 3599 3698 ex-

2036 3735 2261 3804 pugnari
2313 3751 2417 3790 non
2465 3744 2670 3806 potest,
2719 3736 2940 3806 rogavit.
2988 3735 3186 3791 Deinde
3233 3735 3495 3789 intensum
3545 3741 3599 3788 et

2035 3825 2398 3883 vehementem
2429 3827 2587 3881 animi
2619 3825 2898 3893 fervorem,
2929 3841 3082 3896 quem
3114 3825 3254 3880 intus
3281 3816 3601 3875 habuitabs-

2035 3916 2304 3971 conditum
2335 3957 2350 3982 ,
2381 3916 2664 3972 ostendens
2691 3932 2782 3986 per
2829 3917 2964 3972 hanc
2990 3931 3171 3971 vocem
3191 3955 3206 3982 ,
3239 3913 3480 3982 E/I'undo,
3509 3914 3593 3968 in-

2032 4009 2164 4078 quit,
2191 4007 2400 4062 abunde
2423 4023 2484 4062 ac
2509 4008 2741 4077 copiose.

2103 4097 2396 4168 Αθῖίειίοηὶε
2439 4097 2699 4150 commoda
2740 4097 2859 4150 duo.
2889 4126 2958 4136 —
2985 4095 3117 4151 llinc
3156 4096 3314 4151 etiam
3346 4094 3595 4151 discimus

2030 4189 2344 4245 afﬁictiones
2373 4205 2476 4244 non
2507 4205 2689 4259 parum
2715 4190 2957 4244 conferre
2978 4188 3043 4242 ad
3069 4188 3467 4260 phil050phiam.
3500 4188 3594 4243 Hic

2029 4290 2112 4337 est
2151 4281 2296 4336 enim
2325 4279 2526 4335 fructus
2553 4279 2850 4334 afﬂictionis
2879 4297 2892 4334 :
2924 4293 3082 4334 nemo
3120 4293 3246 4350 ergo
3297 4279 3462 4348 ipsam
3510 4280 3592 4332 fu-

2028 4373 2155 4442 giat.
2204 4371 2319 4425 Duo
2362 4371 2503 4425 enim
2535 4369 2692 4425 habet
2712 4370 2824 4424 hzec
2847 4369 3122 4424 commoda
3150 4387 3162 4422 :
3193 4385 3352 4424 unum
3382 4370 3591 4439 quidem

2027 4463 2166 4534 quod
2197 4462 2382 4517 reddat
2410 4461 2752 4517 studiosiores
2779 4469 2830 4516 et
2852 4461 3159 4517 attentiores
3189 4478 3202 4514 :
3232 4461 3457 4516 alterum
3499 4479 3593 4517 au-

2029 4561 2158 4620 tem,
2189 4553 2420 4623 quod‘t3a
2451 4567 2658 4622 quoque
2683 4552 2824 4620 justa
2851 4561 2932 4606 est
2959 4567 3146 4618 causa,
3197 4561 3254 4608 ut
3295 4534 3587 4608 audiam'ur.

2027 4644 2093 4698 Et
2119 4645 2238 4699 ideo
2268 4659 2372 4698 non
2413 4642 2564 4706 dixit,
2613 4641 2872 4698 Justitiam
2901 4657 3095 4708 meam,
3140 4658 3258 4712 nec,
3281 4642 3418 4704 .Mea
3449 4653 3593 4700 recte

2029 4737 2186 4803 facta,
2235 4736 2349 4802 sed,
2404 4735 2572 4790 Meam
2618 4735 2950 4806 aﬂlictionem,
2999 4750 3190 4805 nempe
3231 4735 3369 4805 quod
3391 4751 3453 4790 ea
3486 4751 3590 4790 non

2028 4841 2247 4897 parvum
2273 4825 2456 4880 afferat
2481 4826 2557 4880 illi
2587 4824 3225 4896 patrocinium.Quocirca
3253 4825 3380 4879 dicit
3406 4825 3588 4890 Isaias,

2025 4920 2376 4974 Adhortamini
2400 4920 2496 4990 (a),
2543 4919 2703 4988 inquit
2745 4917 2904 4984 Deus,
2955 4917 3198 4988 populum
3230 4933 3414 4984 meum,
3435 4933 3591 4971 sacer-

2025 5011 2196 5076 dotes;
2240 5010 2501 5081 loquimini
2553 5009 2621 5063 ad
2660 5025 2746 5063 cor
2766 5007 3078 5073 Jerusalem,
3118 5006 3351 5077 quoniam
3379 5008 3592 5077 suscepit

2025 5103 2087 5156 de
2111 5119 2264 5157 manu
2284 5102 2488 5157 Domini
2521 5101 2742 5170 duplicia
2777 5109 2979 5171 peccata
3005 5115 3096 5152 sua
3143 5097 3292 5169 (Isai.
3321 5097 3411 5153 40.
3435 5099 3486 5153 ‘l.
3510 5099 3586 5169 Ξ).

2025 5193 2088 5247 Ει
2133 5193 2366 5247 Paulus:
2397 5190 2602 5245 Tradite
2638 5190 2767 5242 hunc
2813 5189 3061 5244 hominem
3089 5197 3298 5254 satana»,
3353 5188 3421 5242 ad
3464 5189 3590 5242 inte-

2016 5283 2177 5351 ritum
2216 5281 2401 5345 carnis,
2433 5289 2486 5334 ut
2511 5279 2714 5350 spiritus
2751 5279 2817 5333 sit
2845 5278 3012 5332 salvus
3061 5277 3140 5348 (1.
3172 5275 3291 5332 Cor.
3321 5279 3375 5334 5.
3401 5279 3481 5349 5).
3525 5279 3592 5335 Et

2084 5455 2157 5518 (a)
2191 5463 2240 5505 In
2254 5463 2431 5515 Graeco,
2453 5467 2704 5518 ηραῃλιῖτι.
2730 5462 2857 5518 Hanc
2875 5467 3061 5518 focam
3091 5462 3298 5506 amcam
3331 5461 3590 5510 Gentianus

2023 5515 2261 5567 Hervetus
2295 5519 2460 5577 vertit,
2504 5515 2840 5566 adhortamini.
2875 5516 3172 5567 Vertendum
3208 5532 3345 5577 sane,
3383 5523 3590 5570 consola-

2022 5577 2433 5641 mini,secundum
2451 5576 2710 5626 lectionem
2729 5579 3023 5636 Hebraicam,
3061 5584 3212 5635 τοτα
3254 5576 3435 5630 Verum
3449 5584 3588 5645 chry-

2027 5657 2262 5702 sostomus
2284 5651 2361 5699 hic
2374 5648 2651 5699 adhortandi
2667 5647 3064 5711 signiﬁcationem
3077 5653 3357 5714 respexisse
3378 5653 3588 5704 videtur.
