4012 6280
407 312 513 368 445

409 427 474 481 ad
500 424 803 480 Corinthios
828 422 1090 489 scribens,
1113 423 1353 478 .dicebat
1401 441 1414 475 :
1455 421 1736 494 Propterea
1767 422 1910 475 multi
1938 421 1991 475 in

409 519 545 572 vobis
577 516 769 585 inﬁrmi
794 523 912 569 sunt
945 525 990 569 et
1039 514 1294 582 imbecilli,
1345 524 1390 567 et
1437 514 1692 568 dormiunt
1726 513 1891 567 multi.
1936 512 1997 568 Si

404 613 540 661 enim
569 625 660 661 nos
689 605 827 676 ipsos
871 606 1281 677 diiudicaremus,
1332 621 1433 660 non
1448 605 1816 677 judicaremur.
1844 604 1997 659 ludi-

409 703 510 754 cati
564 706 733 752 autem
764 716 794 751 a
822 697 1042 752 Domino
1072 699 1395 766 castigamur,
1438 714 1500 752 ne
1524 713 1638 751 cum
1661 698 1848 751 mundo
1872 709 1996 750 con-

407 795 702 846 demnemur
727 792 802 862 (l.
835 791 954 847 Cor.
987 793 1072 846 11.
1105 791 1212 847 50-
1234 791 1345 863 52).
1377 791 1545 846 Porro
1584 791 1736 845 diviti
1787 789 1996 845 dicebat

407 885 676 940 Abraham
704 903 716 939 :
750 883 998 954 Recepisti
1027 885 1155 938 bona
1192 895 1278 936 tua
1320 886 1370 937 in
1411 885 1508 937 vita
1539 894 1646 951 tua,
1680 894 1728 938 et
1765 882 1994 938 Lazarus

408 975 545 1030 mala
572 992 667 1029 sua
693 992 712 1029 :
738 985 783 1030 et
819 991 952 1029 nunc
1000 977 1081 1028 hic
1109 975 1307 1043 quidem
1349 974 1740 1028 consolationem
1787 975 1990 1045 accipit,

408 1078 462 1120 tu
492 1084 606 1122 vero
639 1069 878 1122 cruciaris
929 1066 1075 1136 (Luc.
1109 1067 1192 1121 16.
1227 1066 1336 1137 25).
1379 1065 1492 1120 Jam
1520 1082 1644 1121 vero
1668 1065 1831 1120 David
1859 1080 1993 1135 quo-

407 1176 532 1231 que,
565 1176 687 1215 cum
734 1161 782 1214 ei
813 1159 1154 1214 malediceret
1175 1158 1373 1222 Scmei,
1423 1157 1632 1212 diccbat
1660 1176 1673 1211 :
1706 1156 1833 1212 Sine
1878 1172 1992 1210 eum

410 1253 534 1306 mihi
574 1251 901 1316 maledicere,
941 1251 1179 1321 quoniam
1224 1249 1362 1304 Deus
1401 1249 1446 1303 ei
1497 1249 1790 1315 mandavit,
1819 1256 1875 1301 ut
1914 1247 1992 1300 vi-

407 1345 544 1400 deret
587 1362 749 1400 meam
791 1343 1120 1398 humilitatem
1167 1343 1242 1411 (2.
1275 1341 1402 1414 Reg.
1456 1341 1542 1398 16.
1578 1344 1664 1398 11.
1698 1343 1809 1414 12).
1847 1343 1911 1397 Et
1937 1343 1989 1396 in

405 1439 694 1507 Scripturis
738 1437 932 1506 ubique
986 1437 1323 1501 invenimus,
1371 1449 1467 1490 eos
1520 1434 1607 1505 qui
1675 1434 1988 1489 afflictiones

406 1529 584 1583 ferunt
627 1538 780 1597 grato
815 1536 870 1581 et
915 1527 1134 1598 patienti
1183 1528 1399 1594 animo,
1445 1541 1547 1580 non
1609 1526 1780 1581 solum
1827 1526 1990 1579 multa

409 1628 621 1687 peccata
652 1618 880 1685 diluere,
909 1618 1005 1673 sed
1051 1618 1208 1672 etiam
1250 1633 1356 1671 non
1388 1631 1602 1687 parvam
1653 1615 1791 1685 apud
1822 1616 1990 1670 Deum

405 1709 674 1775 fiduciam,
707 1719 760 1764 et
786 1707 1034 1778 loquendi
1056 1708 1351 1762 libertatem
1379 1707 1640 1762 obtinere.
1684 1706 1738 1760 4.
1767 1705 1834 1758 In
1859 1705 1990 1773 deﬁ-

403 1801 580 1853 ciendo
608 1815 670 1854 ex
695 1816 773 1853 me
803 1804 1037 1868 spiritum
1067 1814 1250 1863 meum,
1292 1807 1339 1850 et
1377 1805 1430 1849 tu
1470 1797 1743 1867 cognovisti
1789 1796 1991 1850 semitas

405 1909 562 1946 meas.
612 1891 836 1960 Quando
862 1892 952 1962 qui
980 1900 1105 1946 sunt
1155 1891 1208 1944 in
1250 1891 1438 1961 primis
1483 1890 1656 1959 pusilli
1703 1898 1756 1944 et
1797 1891 1988 1959 abjecti

405 1985 592 2050 animi,
634 1983 938 2048 concidunt,
970 1991 1025 2036 et
1051 1983 1202 2036 multi
1241 1984 1398 2036 etiam
1421 1983 1559 2036 mala
1579 1982 1737 2036 verba
1763 1982 1989 2050 loquun-

405 2086 490 2130 tur
533 2094 548 2131 :
595 2077 640 2130 is
692 2085 816 2130 tunc
871 2075 1100 2129 maxime
1136 2073 1553 2144 philosophatur,
1603 2082 1660 2128 ut
1700 2072 1786 2144 qui
1829 2072 1987 2127 studii

406 2166 710 2236 magistram
739 2164 928 2220 habent
951 2164 1315 2220 afflictionem.

472 2259 768 2329 Aﬁlictionis
794 2255 1019 2325 e/fectus.
1051 2287 1122 2298 —
1149 2257 1370 2326 Quando
1409 2272 1536 2329 ergo
1571 2257 1767 2314 videris
1801 2273 1990 2328 quem-

403 2349 542 2420 piam
586 2365 651 2404 ex
679 2348 966 2403 afflictione
995 2348 1390 2418 desperantem,
1418 2361 1507 2403 ant
1532 2349 1750 2404 verbum
1773 2349 1986 2418 aliquod

401 2441 655 2496 acerbum
685 2441 1090 2510 proloquentcm
1133 2457 1147 2492 :
1196 2456 1262 2495 ne
1292 2439 1347 2493 in
1378 2454 1535 2494 causa
1565 2455 1688 2495 esse
1713 2440 1986 2494 existimes

400 2533 764 2598 afﬂictionem,
807 2531 899 2586 sed
933 2531 1183 2602 pusillum
1214 2530 1330 2601 ejus
1350 2530 1440 2601 qui
1467 2530 1699 2600 loquitur
1726 2529 1983 2583 animum.

402 2623 720 2679 Afﬂictionis
745 2623 888 2679 enim
915 2631 1100 2677 natura
1133 2621 1275 2677 solet
1313 2620 1528 2677 efﬁcere
1569 2621 1878 2689 contraria,’
1900 2629 1986 2676 at-

403 2717 733 2783 tentionem,
779 2715 942 2770 animi
981 2713 1376 2779 contritionem,
1421 2715 1677 2768 intentam
1724 2723 1982 2781 mentem,

400 2809 612 2880 pietatis
681 2809 1088 2864 incrementum.
1153 2807 1416 2876 Quocirca
1481 2806 1691 2862 dicebat
1738 2805 1982 2862 Paulus:

400 2903 612 2973 Aﬁlictio
655 2903 949 2972 patientiam
999 2911 1269 2972 Operatur,
1323 2899 1565 2971 patientia
1637 2899 1984 2969 probationem

401 2999 576 3069 (Rom.
619 2998 672 3053 5.
704 2995 783 3070 ὅ).
837 2997 894 3053 Si
943 3007 1119 3050 autetn
1146 2993 1316 3049 Judaei
1347 2991 1528 3048 afﬂicti
1557 2991 1980 3060 murmurabant,

400 3106 506 3144 non
551 3088 878 3155 afflictionis,
929 3088 1022 3144 sed
1067 3086 1278 3141 illorum
1322 3085 1569 3140 amentia:
1616 3093 1770 3140 erant
1822 3085 1981 3140 verba

400 3181 835 3236 murmurationis
884 3199 898 3235 :
929 3177 1353 3251 quandoquidem
1385 3177 1549 3232 sancti
1579 3192 1699 3231 cum
1737 3175 1982 3248 afﬂigun-

401 3285 508 3338 tur,
561 3272 792 3328 evadunt
831 3271 1115 3338 clariores,
1163 3279 1216 3326 et
1263 3270 1535 3340 sapientia:
1585 3268 1762 3324 studio
1811 3269 1980 3340 magis

401 3365 586 3420 dediti.
633 3365 890 3432 Quocirca
921 3364 1034 3435 ipse
1071 3377 1282 3433 quoque
1315 3360 1524 3416 dicebat
1553 3379 1568 3416 :
1594 3361 1792 3415 Bonum
1834 3362 1979 3430 mihi,

403 3457 636 3524 Domine,
675 3457 810 3528 quod
838 3457 1118 3511 humiliain
1143 3473 1240 3524 me,
1289 3467 1342 3510 ut
1367 3456 1560 3510 discam
1592 3457 1982 3527 justiﬁcationes

402 3560 514 3603 tuas
543 3547 710 3620 (Psal.
742 3548 864 3603 118.
897 3546 1007 3618 71).
1046 3545 1117 3602 Ει
1147 3548 1338 3602 Paulus
1367 3566 1380 3602 :
1413 3547 1479 3601 Et
1504 3557 1710 3618 propter
1734 3549 1982 3619 ingentem

401 3641 800 3712 magnitudinem
827 3639 1206 3707 revelationum,
1247 3657 1310 3693 ne
1336 3641 1484 3694 nimis
1519 3641 1804 3706 extollerer,
1835 3640 1982 3695 datus

400 3743 473 3787 est
516 3733 639 3785 milii
689 3731 923 3786 stimulus
963 3731 1130 3785 carnis
1164 3731 1370 3801 angelus
1407 3744 1619 3798 saturae,
1664 3733 1750 3803 qui
1784 3748 1863 3786 me
1897 3749 1980 3786 co-

400 3824 637 3894 lapltiset.
696 3821 804 3877 Pro
835 3838 892 3876 eo
932 3831 1005 3877 ter
1033 3821 1307 3875 Dominum
1345 3824 1538 3893 rogavi,
1587 3833 1632 3877 et
1660 3824 1787 3877 dixit
1812 3825 1934 3878 milii
1963 3840 1982 3878 :

403 3919 602 3990 Sufﬁcit
631 3917 720 3972 tibi
759 3917 921 3985 gratia
945 3933 1056 3970 mea
1088 3931 1106 3970 :
1135 3916 1290 3970 virtus
1317 3917 1448 3970 enim
1474 3933 1582 3970 mea
1609 3918 1661 3970 in
1691 3917 1982 3986 inﬁrmitate

404 4011 682 4080 perﬁcitur.
716 4006 783 4061 Et
821 4007 934 4061 ideo
960 4009 1082 4061 milii
1113 4007 1286 4076 placeo
1315 4007 1366 4059 in
1395 4007 1763 4076 afﬂictionibus,
1804 4009 1857 4062 in
1895 4009 1978 4062 in-

400 4100 737 4171 ﬁrmitatibus,
786 4100 841 4153 in
891 4098 1370 4171 persequutionilms.
1419 4097 1636 4162 Quando
1662 4101 1792 4154 enim
1836 4099 1981 4168 inﬁr-

398 4210 528 4258 mor,
567 4203 682 4246 tunc
712 4201 888 4261 potens
915 4208 1026 4247 sum
1067 4190 1144 4262 ('2.
1181 4188 1299 4245 Cor.
1335 4190 1420 4244 12.
1451 4191 1630 4260 7-10).
1674 4189 1833 4244 Vides
1857 4205 1979 4245 eum

399 4285 566 4355 magis
588 4283 810 4340 excitari
841 4285 892 4338 in
919 4282 1224 4349 afflictione,
1279 4291 1332 4337 et
1358 4281 1424 4336 ad
1465 4282 1628 4336 Deum
1668 4282 1977 4350 confugere,

401 4378 530 4432 etei
558 4377 723 4432 multo
762 4375 1130 4431 vehementius
1174 4375 1449 4430 adhaerere
1479 4375 1530 4428 in
1560 4375 1676 4444 ipso
1717 4374 1980 4443 profundo

401 4469 663 4523 malorum
714 4469 856 4537 (hoc
884 4468 1026 4522 enim
1057 4467 1157 4522 sibi
1191 4468 1304 4521 vult
1331 4467 1478 4532 illud,
1503 4466 1573 4520 In
1601 4467 1880 4535 deﬁciendo
1919 4483 1981 4522 ex

402 4551 482 4614 uie
521 4561 754 4630 spiritum
793 4577 956 4614 meum
979 4559 1020 4630 ),
1067 4572 1121 4615 et
1162 4570 1283 4614 tunc
1308 4560 1694 4630 diligentiorem
1717 4569 1770 4615 et
1795 4560 1981 4614 melio-

399 4670 512 4708 rem
545 4651 730 4721 edici?
777 4649 912 4705 Illud
956 4661 1157 4717 autem,
1219 4651 1287 4705 Et
1341 4663 1396 4704 tu
1449 4652 1723 4722 cognovisti
1779 4653 1980 4707 semitas

399 4761 555 4810 meas,
592 4744 730 4798 alius
774 4744 1034 4814 interpres
1075 4744 1155 4814 (a)
1189 4744 1336 4809 dixit,
1376 4744 1452 4798 Tu
1488 4747 1619 4798 enim
1661 4747 1775 4800 scis.
1809 4744 1877 4800 In
1902 4746 1980 4801 uia

398 4840 494 4892 hac
518 4879 534 4903 ,
593 4852 694 4909 qua
752 4835 1087 4902 ambulabant,
1135 4837 1505 4890 absconderant
1560 4841 1792 4907 laqueum
1834 4839 1976 4892 mihi.

396 4932 452 4987 5.
499 4927 895 4986 Considerabam
932 4929 999 4981 ad
1037 4929 1291 4982 dexteram
1313 4968 1329 4995 ,
1389 4937 1434 4982 et
1483 4929 1708 4982 videbam
1749 4946 1768 4984 :
1807 4941 1981 4985 etnon

397 5031 504 5076 erat
541 5021 630 5092 qui
657 5029 971 5092 cognosceret
1011 5036 1106 5072 me.
1138 5019 1233 5073 Hic
1279 5019 1512 5074 ostendit
1539 5021 1804 5091 ingentem
1835 5024 1980 5076 cala-

401 5116 662 5176 mitatem,
691 5123 746 5168 et
779 5113 918 5167 mala
964 5110 1302 5181 amplificata,
1359 5111 1697 5181 hostiumque
1742 5112 1976 5178 insidias,

397 5206 666 5277 quomodo
715 5208 860 5275 prius
892 5211 1254 5270 accesserunt,
1294 5203 1535 5256 volentes
1578 5217 1698 5257 cum
1749 5214 1981 5271 proster-

399 5316 568 5366 nere;
601 5297 819 5369 etquod
851 5307 935 5352 est
961 5296 1200 5351 omnium
1233 5295 1626 5365 gravissimum,
1679 5311 1783 5349 non
1825 5295 1982 5377 modo

399 5392 528 5447 nulli
575 5399 729 5446 erant
771 5390 902 5444 socii
945 5396 1038 5442 aut
1077 5387 1370 5458 adjutores,
1413 5385 1507 5440 sed
1534 5401 1600 5441 ne
1621 5402 1740 5440 eum
1768 5386 1980 5458 quidem

397 5484 758 5555 agnoscebant
776 5484 816 5536 ⁸.

469 5575 526 5632 2.
567 5575 885 5631 Calamitosis
910 5574 1059 5646 pauci
1087 5573 1289 5628 adsunt.
1345 5601 1416 5612 --
1462 5571 1575 5626 Hoc
1619 5579 1702 5626 est
1753 5571 1981 5627 maxima

466 5714 481 5742 ¹
519 5717 664 5769 Unus,
693 5711 776 5760 sed
800 5721 891 5758 non
915 5714 1034 5765 erat,
1060 5707 1227 5770 inquit,
1255 5708 1336 5770 qui
1360 5721 1432 5757 me
1456 5717 1748 5770 agnosceret.

466 5775 538 5835 (a)
575 5779 821 5833 Interprcs
843 5773 919 5822 hic
936 5779 1234 5820 memoratus
1258 5779 1332 5820 est
1356 5771 1677 5833 symutachus.

1115 308 1173 366 S.
1215 308 1490 366 JOANNIS
1525 307 1999 365 CHRYSOSTOMI
2040 309 2352 368 ARCHIEP.
2392 309 2927 372 CONSTANTINOP.

3583 326 3698 380 ιιι-ι

2103 423 2357 491 solitudo,
2406 439 2612 480 summa
2656 424 2933 483 derelictio
2985 446 2998 483 :
3049 437 3134 485 est
3178 431 3322 486 enim
3374 447 3704 503 paucorum,

2104 514 2292 572 adesse
2335 517 2389 572 in
2434 517 2845 587 calamitatibus,
2891 529 2948 576 et
2988 537 3145 591 opem
3176 523 3334 589 ferre,
3363 535 3418 579 et
3455 530 3709 583 tristium

2101 606 2316 675 quando
2343 608 2674 665 calamitates
2717 611 2987 666 minantur
3021 614 3274 684 pericula.
3319 615 3422 671 Sed
3456 617 3557 672 hoc
3586 633 3697 673 neu

2103 697 2264 752 modo
2294 713 2413 754 eum
2442 715 2548 755 non
2581 702 2738 767 laesit,
2787 703 2882 758 sed
2912 705 3074 759 etiam
3117 705 3266 761 valde
3307 706 3463 776 juvit,
3517 708 3592 762 ita
3639 724 3701 762 ιιι

2101 803 2221 843 eum
2270 789 2379 845 Deo
2423 791 2742 848 familiarem
2787 791 2994 849 fecerit.
3030 796 3094 849 Et
3133 806 3186 850 tu
3232 812 3381 867 ergo,
3411 813 3446 851 ο
3476 798 3700 866 dilecte,

2101 881 2313 951 quando
2351 882 2548 938 videris
2575 885 2710 939 mala
2737 901 3000 953 crescere,
3035 902 3101 942 ne
3141 889 3411 958 concidas,
3444 906 3544 946 nec
3570 893 3699 946 ani-

2098 987 2244 1026 mum
2288 973 2526 1043 ahjicias,
2575 976 2670 1030 sed
2713 977 2789 1032 sis
2833 979 3052 1048 gnavior
3089 989 3144 1034 et
3173 981 3494 1050 vigilantior.
3547 983 3702 1038 Deus

2101 1065 2245 1119 enim
2278 1065 2398 1120 ideo
2427 1069 2686 1136 permittit
2717 1085 2778 1122 ea
2807 1070 2958 1135 oriri,
2990 1083 3045 1125 ut
3070 1082 3214 1126 tuam
3245 1076 3480 1128 excutiat
3505 1089 3692 1130 socor-

2102 1153 2266 1219 diam,
2301 1166 2357 1210 ut
2385 1167 2435 1212 te
2460 1159 2839 1214 dormitantem
2869 1161 3086 1216 excitet.
3129 1162 3279 1218 Tunc
3306 1166 3447 1219 enim
3477 1169 3697 1221 exscin-

2101 1244 2297 1300 duntur
2340 1250 2516 1302 omnia
2560 1266 2976 1319 supervacanea,
3028 1262 3154 1309 tunc
3209 1258 3386 1311 omnia
3441 1273 3563 1328 qua:
3619 1261 3696 1313 ad

2104 1334 2240 1390 Itane
2282 1349 2516 1394 nostram
2566 1342 2726 1396 vitam
2776 1345 3043 1413 pertinent
3083 1347 3384 1415 exspirant,
3443 1359 3573 1404 tunc
3638 1352 3695 1404 in

2103 1428 2344 1484 oratione
2389 1431 2563 1486 evadit
2599 1434 2716 1502 quis
2751 1434 3079 1504 diligentior,
3123 1446 3249 1492 tunc
3288 1437 3356 1492 ad
3382 1439 3692 1512 eleemosy-

2096 1533 2219 1572 nam
2267 1529 2322 1574 et
2371 1521 2438 1575 ad
2487 1525 2688 1578 ventris
2743 1525 3142 1596 despiciendam
3192 1532 3252 1583 fit
3291 1531 3555 1598 alacrior,
3634 1547 3695 1589 et

2096 1615 2509 1685 unumquodque
2533 1619 2695 1672 animi
2724 1620 2905 1673 vitium
2937 1622 3088 1676 facile
3116 1633 3416 1690 superatur,
3446 1625 3690 1696 fugatum

2095 1705 2164 1760 ab
2209 1706 2517 1764 afflictione.
2565 1711 2746 1781 Neque
2787 1713 2928 1767 enim
2958 1714 3026 1768 ab
3057 1714 3208 1769 initio
3237 1726 3294 1769 ut
3323 1731 3419 1770 nos
3448 1719 3688 1786 puniret,

2097 1796 2386 1866 implicavit
2423 1815 2522 1854 nos
2558 1801 2828 1857 laboribus
2877 1811 2932 1858 et
2987 1805 3419 1874 tegritudinibus,
3467 1810 3688 1864 etiamsi

2095 1888 2167 1942 ita
2219 1892 2588 1959 pronuntiarit,
2651 1902 2707 1948 ut
2753 1895 2996 1964 supplicii
3047 1896 3164 1950 loco
3207 1896 3448 1966 haberet,
3476 1901 3574 1954 sed
3626 1912 3690 1955 ut

2095 1995 2194 2035 nos
2217 1983 2522 2053 castigaret,
2551 1995 2606 2040 et
2634 1987 2883 2042 meliores
2915 1987 3182 2044 redderet.
3226 1988 3281 2045 Si
3303 1991 3444 2044 enim
3475 2007 3598 2046 cum
3633 2005 3693 2048 et

2092 2073 2246 2127 dolor
2273 2075 2564 2144 immineat,
2593 2087 2648 2133 et
2688 2080 2792 2133 vita
2821 2080 2889 2134 sit
2913 2080 3198 2146 laboriosa,
3231 2082 3366 2137 adeo
3397 2083 3688 2142 invalescit

2092 2163 2321 2250 vitium:
2353 2166 2396 2220 si
2440 2167 2573 2221 nihil
2621 2178 2762 2224 esset
2805 2168 3018 2236 horum,
3047 2187 3153 2241 quo
3181 2172 3393 2227 tandem
3417 2189 3522 2229 non
3555 2192 3692 2246 pro-

2090 2255 2378 2310 cessisset?
2408 2255 2476 2310 Et
2499 2259 2624 2328 quid
2669 2260 2900 2327 miraris,
2943 2261 2988 2316 si
3038 2262 3107 2316 ita
3136 2272 3220 2316 est
3245 2263 3300 2318 in
3329 2265 3531 2332 animo,
3560 2281 3691 2322 cum

2090 2344 2254 2400 etiam
2279 2347 2330 2400 in
2357 2351 2670 2419 corporibus
2695 2352 2764 2404 sit
2791 2350 2986 2406 bonum
3026 2351 3266 2421 aillictio,
3291 2365 3345 2410 et
3371 2370 3530 2427 supra
3561 2373 3688 2412 mo-

2090 2434 2216 2490 dum
2247 2436 2451 2492 deliciis
2493 2440 2738 2510 perfundi
2767 2457 2982 2497 carnem
3012 2443 3083 2497 sit
3111 2445 3264 2499 valde
3293 2448 3558 2502 noxium?
3613 2451 3688 2505 Et

2090 2527 2287 2598 alioqui
2325 2529 2451 2584 dum
2495 2532 2728 2603 undique
2762 2545 3030 2604 ponuntur
3060 2535 3286 2603 insidiae,
3333 2539 3386 2592 id
3430 2541 3688 2596 homines

2087 2620 2263 2675 reddit
2301 2631 2486 2679 cautos
2523 2632 2578 2679 et
2619 2626 3035 2696 circumspectos
3067 2632 3163 2683 :‘et
3199 2631 3243 2684 si
3269 2631 3686 2704 attenderimus,

2088 2711 2222 2766 nihil
2275 2711 2455 2769 damni
2516 2717 2824 2786 accipimus.
2894 2718 2964 2773 Et
3017 2719 3137 2776 ideo
3192 2721 3322 2778 dicit
3369 2726 3685 2796 quispiam,

2086 2800 2315 2874 Agnosce
2363 2805 2498 2876 quod
2552 2809 2738 2863 transis
2781 2809 2835 2863 in
2876 2811 3040 2865 medio
3089 2811 3402 2884 laqueorum,
3435 2829 3482 2871 et
3520 2834 3686 2886 supra

2087 2895 2344 2950 civitatum
2385 2899 2568 2968 pinnas
2615 2900 2843 2956 ambulas
2912 2900 3097 2972 (Eccli.
3129 2906 3184 2959 9.
3230 2906 3317 2960 15.
3347 2908 3400 2960 in
3428 2906 3633 2978 Graeco)
3663 2953 3680 2979 ,

2086 2996 2142 3040 et
2187 2987 2307 3054 hic,
2378 2988 2444 3042 In
2510 2991 2611 3057 uia,
2665 3007 2765 3060 qua
2801 2993 3144 3062 ambulabant,
3193 2995 3561 3052 absconderant
3600 3001 3685 3054 la-

2085 3094 2268 3148 queum
2311 3080 2454 3132 mihi.
2506 3081 2657 3148 Quod
2688 3082 2733 3136 si
2767 3083 2885 3153 quis
2908 3083 3022 3139 hmc
3047 3085 3206 3140 etiam
3235 3090 3524 3157 sumpserit
3548 3107 3682 3144 ana-

2083 3172 2292 3242 gogicc,
2345 3171 2550 3227 videbit
2589 3173 2691 3229 hoc
2739 3175 2913 3244 ipsum
2952 3177 3229 3232 facientem
3269 3181 3565 3249 diabolum,
3618 3192 3679 3237 et

2085 3279 2191 3319 non
2226 3266 2430 3334 procul,
2477 3264 2571 3320 sed
2611 3281 2776 3337 prope
2817 3268 3172 3323 occultantem
3217 3270 3456 3326 insidias.

2155 3352 2385 3422 Laqueos
2422 3356 2574 3409 etiam
2616 3357 2670 3410 in
2706 3357 2901 3412 uirtutis
2948 3361 3183 3413 exercitio
3229 3361 3385 3414 tendit
3414 3362 3673 3419 diabolus.

2081 3447 2437 3515 —Quocirca
2486 3465 2677 3520 magna
2725 3451 2879 3506 nobis
2928 3452 3201 3522 vigilantia
3247 3469 3382 3524 opus
3416 3467 3520 3510 est.
3569 3458 3678 3514 Oc-

2083 3539 2246 3593 cultat
2291 3540 2435 3594 enim
2480 3540 2746 3611 laqueum,
2795 3557 2987 3612 nempe
3024 3542 3078 3597 in
3106 3543 3448 3617 eleemosyna
3481 3563 3672 3603 vanam

2081 3631 2332 3701 gloriam,
2376 3633 2429 3686 in
2475 3631 2680 3702 jejunio
2720 3635 3100 3704 arrogantiam,
3145 3652 3250 3691 non
3295 3638 3348 3691 in
3392 3639 3536 3705 aliis,
3575 3643 3676 3695 sed

2083 3722 2138 3777 in
2170 3723 2298 3794 ipsis
2340 3724 2462 3792 viis,
2503 3725 2557 3779 in
2605 3727 2796 3795 quibus
2842 3728 3201 3796 ambulamus,
3230 3729 3373 3800 quod
3399 3739 3486 3785 est
3513 3732 3677 3802 longe

2082 3817 2476 3888 gravissimum.
2526 3817 2688 3874 Periit
2740 3824 2864 3892 fuga
2912 3838 2944 3874 a
2988 3837 3088 3875 me.
3146 3821 3277 3877 Vide
3302 3838 3488 3880 rursus
3513 3824 3676 3880 aliam

2082 3909 2342 3964 malorum
2395 3912 2777 3966 accessionem.
2832 3911 3076 3967 Ostendit
3131 3916 3274 3969 enim
3335 3931 3442 3970 non
3495 3919 3677 3973 solum

2082 4014 2201 4056 esse
2248 4001 2300 4055 in
2348 4001 2447 4056 viis
2501 4003 2740 4072 laqueos,
2798 3991 2898 4058 nec
2950 4004 3118 4058 ullum
3171 4005 3332 4060 fuisse
3371 4007 3462 4076 qui
3510 4022 3677 4078 opem

2081 4092 2247 4149 ferret
2293 4107 2349 4149 et
2403 4107 2756 4166 agnosceret;
2813 4098 2905 4153 sed
2940 4114 3038 4153 nec
3066 4099 3210 4169 quod
3239 4101 3499 4172 reliquum
3545 4105 3674 4173 qui-

2081 4183 2202 4239 dem
2233 4194 2315 4240 est
2354 4185 2420 4241 ad
2444 4187 2769 4254 evasionem,
2819 4197 2878 4243 ut
2915 4188 3038 4260 fuga
3075 4191 3234 4245 saluti
3262 4207 3371 4246 sua:
3399 4197 3676 4264 consulat,

2082 4276 2136 4332 id
2179 4277 2280 4333 sibi
2312 4293 2431 4333 esse
2457 4290 2758 4350 proruptum
2786 4290 2840 4336 et
2867 4283 3194 4353 expeditum.
3246 4285 3319 4339 Ita
3367 4287 3421 4340 in
3475 4289 3678 4345 mediis

2081 4370 2237 4424 malis
2288 4371 2612 4440 interceptus
2665 4373 2854 4440 fuerat,
2886 4390 2985 4429 nec
3011 4375 3169 4446 effugi
3203 4387 3412 4447 poterat
3448 4380 3673 4434 calami-

2085 4469 2196 4516 tas:
2233 4471 2288 4516 et
2319 4469 2491 4516 tamen
2518 4477 2586 4517 ne
2612 4463 2688 4517 sic
2724 4464 2940 4533 quidem
2985 4466 3322 4536 desperabat.
3363 4467 3431 4522 Et
3463 4488 3563 4524 non
3596 4485 3676 4527 est

2081 4554 2167 4623 qui
2210 4553 2430 4624 requirat
2471 4553 2692 4607 animam
2741 4571 2902 4608 nteant
2923 4574 2950 4610 .·
2990 4558 3091 4612 hoc
3125 4569 3227 4624 est,
3255 4559 3353 4627 Qui
3391 4561 3670 4631 defendat,

2082 4645 2170 4716 qui
2213 4659 2367 4714 opem
2421 4644 2574 4700 ferat.
2611 4645 2748 4712 Quid
2789 4647 2875 4702 hic
2922 4648 3090 4720 ergo?
3139 4649 3405 4720 Numquid
3446 4668 3569 4708 cum
3616 4656 3671 4709 in

2085 4748 2228 4792 tanta
2272 4746 2578 4793 versaretur
2625 4738 2820 4808 inopia,
2854 4748 2909 4794 et
2937 4748 3081 4794 tanta
3111 4751 3444 4811 premeretur
3483 4760 3669 4799 rerum

2083 4831 2411 4898 difficultate,
2463 4831 2763 4902 desperavit
2819 4831 3084 4888 salutem?
3129 4833 3513 4905 Nequaquam;
3574 4838 3668 4892 sed

2083 4927 2146 4980 ad
2184 4927 2346 4982 Deum
2385 4927 2562 4980 statim
2591 4925 2846 4996 confugit,
2877 4933 2933 4980 et
2965 4926 3094 4980 dicit
3124 4943 3137 4978 :
3173 4927 3228 4981 6.
3251 4925 3482 4981 Clamaui
3511 4930 3582 4982 ad
3603 4942 3666 4993 te,

2084 5015 2318 5080 Domine,
2366 5017 2492 5080 dixi,
2539 5015 2620 5069 Tu
2656 5032 2707 5069 es
2743 5032 2854 5086 spes
2881 5031 3014 5083 mea,
3062 5017 3225 5085 portio
3271 5033 3381 5069 mea
3435 5019 3490 5071 in
3538 5029 3669 5073 terra

2085 5112 2371 5163 viventium.
2421 5107 2605 5162 Vidisti
2665 5109 2965 5162 cautionem
3012 5107 3174 5162 animi
3218 5116 3274 5163 et
3316 5109 3666 5179 vigilantiam.

2086 5203 2219 5256 Mala
2248 5217 2368 5256 eum
2409 5202 2628 5256 minime
2679 5201 2995 5269 obruerunt,
3043 5200 3136 5255 sed
3187 5201 3355 5270 magis
3385 5213 3669 5257 erexerunt

2086 5304 2140 5349 et
2191 5296 2490 5350 extulerunt
2537 5312 2550 5348 :
2603 5303 2658 5349 et
2697 5310 2815 5348 cum
2857 5295 2908 5348 in
2956 5309 3163 5349 summa
3209 5303 3356 5349 esset
3402 5294 3578 5364 inopia
3621 5303 3671 5351 et

2086 5404 2262 5442 rerum
2286 5389 2520 5443 omnium
2551 5386 2879 5455 difficultate,
2908 5388 3120 5457 agnovit
3147 5403 3363 5442 manum
3394 5388 3663 5453 invictam,

2087 5487 2141 5534 et
2179 5479 2318 5533 vires
2353 5479 2775 5547 omnipotentes,
2806 5488 2860 5531 et
2889 5479 2942 5532 in
2972 5477 3131 5532 rebus
3156 5477 3426 5548 impeditis
3458 5478 3664 5533 facilem

2085 5572 2342 5627 evadendi
2377 5572 2655 5627 rationem.
2688 5570 2831 5637 Dixi,
2865 5569 2943 5624 Tu
2969 5587 3020 5624 es
3045 5589 3156 5640 spes
3187 5587 3318 5625 mea.
3369 5571 3663 5640 Reprohata

2087 5671 2228 5728 sunt,
2263 5665 2449 5733 inquit,
2497 5663 2724 5717 hun‘iana
2772 5663 2972 5726 omnia,
3025 5672 3079 5716 et
3114 5673 3400 5730 templ-stas
3428 5661 3564 5717 adeo
3591 5671 3662 5715 est

2091 5759 2236 5814 omni
2267 5758 2460 5813 auxilio
2486 5759 2748 5827 superior,
2773 5765 2826 5812 ut
2859 5755 3002 5811 nulla
3033 5765 3146 5810 arte
3169 5756 3331 5826 possit
3359 5756 3512 5810 vitari
3535 5768 3654 5808 nau-
