4068 6270
323 289 424 344 443

319 397 466 466 ται-ᾇ
504 399 590 464 είς
635 398 886 468 ὄλεθρον
935 398 1046 467 τῆς
1088 400 1317 468 σαρκός
1337 440 1353 466 ,
1403 402 1505 456 ἵνα
1550 403 1617 456 τὸ
1664 403 1900 472 πνεῦμα

317 483 508 551 σωθῇ.
535 483 644 535 Kal
671 482 974 552 Κορινθίοις
1003 484 1352 546 ἐπιστέλλων,
1383 485 1538 554 ἔλεγε
1558 505 1570 516 ο
1597 489 1702 542 Διά
1727 489 1903 542 τοῦτο

322 570 390 622 ἐν
416 566 559 634 ὑμῖν
586 558 812 619 ’πολλοὶ
849 566 1144 632 ἀσθενεῖς,
1187 567 1283 620 καί
1312 565 1624 636 ἄρρωστοι,
1657 569 1754 622 καὶ
1785 587 1905 623 κοι-

321 652 544 721 μῶνται
581 652 796 704 ἱκανοί.
834 653 905 704 El
942 652 1052 720 γάρ
1082 651 1336 718 ἑαυτοὺς
1366 651 1756 723 διεκρίνομεν,
1791 656 1903 707 οὐκ

321 735 399 789 ἂν
435 734 802 802 ἐκρινόμεθα.
841 735 1188 803 Κρινόμενοι
1231 733 1299 787 δὲ
1343 733 1463 788 ὑπὸ
1497 737 1718 803 Κυρίου
1765 750 1900 789 παι-

320 817 634 886 δευόμεθα,
674 817 774 869 ἵνα
811 816 896 885 μὴ
923 817 1048 872 σὺν
1083 813 1162 882 τῷ
1194 819 1402 886 κόσμῳ
1438 818 1902 888 κατακριθῶμεν.

325 902 434 955 Kal
479 899 556 971 τῷ
604 901 843 970 πλουσίῳ
883 903 911 953 6
945 900 1196 972 Ἀϐραὰμ
1241 900 1425 969 ἐλεγεο
1477 901 1792 969 Ἁπέλαϐες
1833 903 1906 958 τὰ

321 983 516 1054 ἁπτιθά
545 999 662 1038 σου
702 985 772 1037 ὲν
800 983 875 1052 τῇ
903 983 1016 1053 ζ’ωῇ⁹
1051 998 1188 1048 σου,
1218 984 1318 1037 καὶ
1345 983 1607 1052 Λάζαρος
1637 987 1711 1040 τὰ
1749 987 1908 1040 κακὰ

321 1066 532 1122 αὐτοῦ·
566 1068 663 1120 καί
698 1066 816 1121 νῦν
841 1067 960 1136 μὲν
1007 1064 1185 1132 οὗτος
1230 1069 1811 1134 παρακαλεῖται,,σὺ
1839 1067 1908 1121 δὲ

324 1148 644 1205 ὀδυνᾶσαι.
671 1149 780 1203 Kal
799 1149 828 1200 6
852 1149 1013 1201 Δαυῒδ
1041 1149 1098 1203 δέ
1127 1151 1288 1220 ἡνίκα
1314 1150 1478 1204 αὐτὸν
1506 1151 1853 1221 κατηράσατο
1880 1165 1904 1192 ιι

324 1236 354 1287 ὁ
386 1233 600 1299 Σεμεεὶ,
628 1232 812 1299 ἐλεγεν
831 1251 843 1263 ο
866 1234 1040 1300 Ἄφες
1072 1231 1259 1285 αὐτὸν
1289 1231 1665 1299 καταρᾶσθαι
1689 1250 1786 1302 με,
1815 1233 1908 1286 ὅτι

325 1319 542 1383 Κύριος
570 1314 729 1380 αὐτῷ
758 1316 1119 1380 ἐνετείλατο,
1147 1314 1306 1382 ὅπως
1329 1315 1409 1372 ἂν
1433 1315 1530 1384 ιδῃ
1563 1315 1680 1384 τὴν
1708 1318 1909 1370 ταπεί-

319 1400 520 1454 νωσιν
541 1417 680 1467 μου.
709 1399 819 1452 Kal
852 1397 1127 1468 πανταχοῦ
1173 1398 1280 1451 τῶν
1318 1399 1356 1451 Γ
1363 1398 1547 1469 ραφῶν
1578 1400 1906 1470 εὑρήσομεν,

322 1483 412 1536 ὅτι
452 1485 501 1535 οἰ
533 1483 633 1544 τὰς
675 1481 883 1550 θλίψεις
931 1479 1266 1550 εὐχαρίστως
1318 1482 1603 1552 φέροντες,
1649 1483 1709 1535 οὐ
1750 1483 1908 1551 μόνον

322 1565 501 1620 πολλὰ
529 1564 637 1618 τῶν
669 1564 1081 1634 ἁμαρτημάτων
1128 1562 1466 1628 διαλύονται,
1509 1562 1647 1617 ἀλλά
1703 1565 1800 1617 καὶ
1841 1565 1903 1618 οὐ

324 1647 537 1719 μικρὰν
571 1646 820 1700 ἐντεῦθεν
866 1646 1103 1700 κτῶνται
1141 1645 1276 1716 πρὸς
1317 1645 1408 1701 τὸν
1440 1645 1573 1700 Θεὸν
1621 1648 1718 1718 τὴν
1769 1650 1912 1721 παῤ-

324 1731 548 1802 ρησίαν.
567 1731 662 1783 Ἐν
688 1729 768 1795 τῷ
795 1729 1101 1783 ἐκλείπειν
1131 1728 1200 1793 ἐξ
1233 1727 1378 1799 ἐμοῦ
1409 1727 1476 1782 τὸ
1502 1729 1738 1799 πνεῦμά
1765 1749 1906 1799 μου,

295 1814 433 1870 mal
476 1813 557 1867 σὺ
594 1814 780 1883 ἔγνως
825 1815 932 1878 τὰς
974 1813 1211 1880 τρίϐους
1242 1830 1382 1882 μου.
1430 1813 1557 1866 Ὅτε
1593 1813 1826 1883 μάλιστα
1859 1816 1908 1868 of.

329 1897 660 1968 μικρόψυχοι
703 1895 812 1948 τῶν
853 1895 1154 1967 ἀνθρώπων
1201 1895 1588 1962 ἀναπίπτουσι,
1634 1897 1819 1950 πολλοὶ
1853 1897 1910 1951 65

324 1980 428 2032 καὶ
461 1979 718 2048 δύσφημα
747 1979 776 2018 ιδ
816 1979 1038 2048 ῥήματα
1083 1978 1429 2047 φθέγγονται,
1460 1979 1581 2030 τότε
1613 1974 1763 2042 οὗτος
1808 1981 1910 2050 μά-

322 2063 488 2116 λιστα
533 2062 841 2132 φιλοσοφεῖ,
881 2061 1198 2116 διδάσκαλον
1227 2061 1367 2133 ἔχων
1409 2062 1507 2133 τῆς
1547 2063 1784 2134 σπουδῆς
1811 2063 1910 2135 τὴν

324 2144 532 2214 θλίψιν.

405 2229 575 2280 Ὅταν
616 2219 711 2279 οὖν
739 2225 856 2295 ἴδῃς
895 2223 1018 2277 τινὰ
1044 2223 1490 2292 ἀπογινώσκοντα
1517 2225 1626 2280 ἀπὸ
1657 2225 1907 2297 θλίψεως,

327 2309 367 2381 ἢ
405 2309 602 2380 πικρόν
630 2325 683 2361 τι
713 2309 864 2379 ῥῆμα
893 2307 1285 2378 φθεγγόμενον,
1319 2309 1394 2379 μὴ
1422 2309 1520 2380 τὴν
1553 2310 1730 2380 θλίψιν
1757 2311 1910 2384 [444]

326 2394 509 2448 αἰτίαν
556 2390 713 2462 ἡγοῦ,
747 2390 884 2444 ἀλλά
913 2391 1011 2462 τὴν
1065 2391 1433 2463 μικροψυχίαν
1463 2391 1559 2445 τοῦ
1594 2393 1769 2448 ταῦτα
1811 2395 1912 2448 λα-

325 2476 546 2538 λοῦντος
573 2486 621 2528 ο.
656 2474 771 2544 Τῆς
802 2473 911 2544 γὰρ
937 2473 1170 2543 θλίψεως
1197 2475 1230 2545 ἡ
1260 2474 1421 2542 φύσις
1447 2475 1518 2528 τά
1555 2477 1774 2530 ἐναντία
1813 2495 1913 2530 κα-⁹

325 2557 687 2621 τασκευάζειν
734 2556 923 2622 εἴωθε,
961 2557 1252 2629 προσοχὴν,
1301 2557 1590 2629 συντριϐὴν
1636 2559 1908 2624 διανοίας,

328 2641 730 2712 συντεταμένην
763 2639 1012 2712 γνώμην,
1045 2640 1329 2704 εὐλαϐείας
1370 2641 1641 2698 ἐπίτασιν.
1683 2644 1775 2696 Διὸ
1819 2645 1913 2698 καὶ

327 2727 359 2780 6
387 2725 599 2788 Παῦλος
633 2724 846 2793 ἔλεγεν⁸
889 2725 954 2778 Ἠ
999 2725 1206 2792 θλίψις
1253 2725 1574 2794 ὑπομονὴν
1622 2727 1913 2797 κατεργά-

330 2809 503 2874 ζεται,
536 2811 576 2878 ἠ
605 2807 674 2861 δὲ
707 2807 987 2877 ὑπομονὴ
1025 2807 1300 2876 δοκιμήν.
1331 2805 1394 2861 El
1427 2809 1485 2861 65
1517 2809 1759 2864 Ἰουδαῖοι
1798 2810 1914 2866 θλι-

332 2891 550 2962 ϐὁμενοι
577 2891 893 2960 ἐγόγγυζον,
933 2890 993 2943 οὐ
1023 2889 1125 2960 τῆς
1161 2889 1411 2959 θλίψεως,
1454 2890 1590 2946 ἀλλὰ
1619 2892 1719 2962 τῆς
1766 2893 1913 2946 ἐκεί-

336 2991 445 3028 νων
481 2973 660 3036 ἀνοίας
695 2969 765 3044 ἦν
806 2972 875 3026 τά
902 2971 997 3025 τοῦ
1041 2972 1355 3042 γογγυσμοῦ
1400 2973 1650 3045 ῥήματα·
1693 2976 1816 3028 ἐπεὶ
1861 2976 1914 3028 οἱ

336 3056 484 3126 ἅγιοι
532 3055 863 3126 θλιϐόμενοι,
918 3054 1287 3126 λαμπρότεροι
1341 3057 1438 3109 καὶ
1489 3055 1914 3129 φιλοσοφώτεροι

331 3139 589 3209 ἐγίνοντο.
617 3140 709 3193 Διὸ
750 3139 846 3193 καὶ
871 3138 1057 3208 ἔλεγεν
1098 3139 1261 3203 αὐτὸς
1289 3133 1469 3204 οὗτος·
1516 3141 1754 3210 Ἀγαθόν
1785 3161 1912 3212 μοι,

331 3224 534 3293 Κύριε,
578 3223 668 3278 ὅτι
715 3221 1124 3289 ἐταπείνωσάς
1165 3239 1262 3292 με,
1307 3222 1469 3290 ὅπως
1519 3223 1596 3278 ἂν
1632 3224 1802 3294 μάθω
1842 3229 1916 3282 τὰ

329 3306 693 3377 δικαιώματά
732 3321 867 3360 σου.
905 3306 1015 3359 Kal
1035 3307 1064 3358 6
1095 3303 1333 3367 Παῦλος’
1363 3305 1471 3359 Καὶ
1503 3305 1580 3375 τῇ
1608 3308 1914 3378 ὑπερϐολῇ

331 3392 453 3446 τῶν
489 3391 958 3464 ἀποκαλύψεων,
995 3389 1094 3442 ἵνα
1131 3389 1218 3458 μὴ
1265 3389 1686 3460 ὑπεραίρωμαι,
1737 3392 1914 3464 ἐδόθη

329 3492 429 3547 μοι
471 3476 718 3543 σκόλοψ·
765 3472 841 3540 τῇ
887 3461 1071 3540 σὰρκί
1119 3471 1374 3541 ἄγγελος
1428 3472 1647 3539 Σατᾶν,
1695 3475 1796 3529 ἵνα
1839 3461 1913 3546 με

332 3555 649 3626 κολαφίζῃ.
686 3553 854 3624 ’Υπὲρ
881 3556 1098 3608 τούτου
1128 3554 1256 3622 τρίς
1281 3553 1390 3608 τὸν
1414 3556 1635 3624 Κύριον
1659 3559 1914 3628 παρεκά-

330 3644 518 3703 λεσα,
571 3638 668 3692 καί
703 3637 907 3707 εῖρηκέ
931 3653 1060 3708 μοι’
1100 3635 1288 3704 Ἀρκεῖ
1323 3651 1426 3690 σοι
1467 3637 1639 3707 χάρις
1671 3658 1812 3710 μου.
1856 3642 1918 3698 Ἡ

332 3722 447 3792 γὰρ
496 3723 752 3791 δύναμις
792 3737 912 3790 μου
963 3719 1034 3774 ἐν
1076 3719 1360 3787 ἀσθενείᾳ
1409 3721 1736 3776 τελειοῦται
1756 3743 1770 3755 ·
1821 3723 1914 3778 διὸ

330 3805 562 3860 εὐδοκῶ
592 3805 663 3859 ἐν
695 3806 1002 3873 θλίψεσιν,
1031 3803 1098 3856 ἐν
1131 3802 1490 3870 ἀσθενείαις,
1525 3805 1596 3858 ἐν
1618 3804 1912 3876 διωγμοῖς.

336 3891 470 3944 Ὅτε
511 3890 624 3959 γὰρ
664 3887 930 3954 ἀσθενῶ,
971 3887 1104 3940 τότε
1149 3885 1409 3952 δυνατός
1440 3889 1576 3956 εἰμι.
1613 3887 1778 3961 Ὁρᾷς
1802 3894 1915 3946 καὶ

333 3971 522 4026 τοῦτον
564 3973 622 4025 ἐν
664 3973 734 4042 τῇ
759 3969 933 4039 θλίψει
973 3968 1170 4040 μᾶλλον
1198 3968 1614 4040 διεγειρόμενον,
1655 3974 1746 4026 καὶ
1781 3975 1916 4046 πρὸς

332 4055 429 4110 τὸν
473 4055 604 4108 Θεὸν
649 4053 1063 4122 καταφεύγοντα
1081 4093 1094 4116 ,
1141 4052 1233 4106 καὶ
1269 4052 1528 4117 μειζόνως
1560 4055 1916 4127 ἀντεχόμενον

333 4137 498 4192 αὐτοῦ
543 4137 683 4208 μετά
726 4135 926 4205 πολλῆς
968 4134 1069 4204 τῆς
1101 4133 1490 4206 σφοδρότητος,
1539 4136 1633 4189 καὶ
1677 4139 1737 4190 ἐν
1769 4139 1916 4212 αὐτῷ

333 4221 416 4293 τῷ
453 4221 689 4293 πυθμένι
726 4221 836 4276 τῶν
877 4221 1061 4276 κακῶν
1101 4219 1278 4291 (τοῦτο
1323 4218 1432 4290 γάρ
1483 4220 1654 4283 ἐστιν,
1699 4221 1794 4275 Ἑν
1836 4222 1917 4288 τῷ

332 4307 641 4360 ἐκλείπειν
665 4305 735 4370 ἐξ
763 4305 908 4373 ἐμοῦ
939 4305 1003 4358 τὸ
1039 4301 1279 4372 πνεῦμά
1316 4301 1485 4372 μου),
1529 4303 1626 4356 καὶ
1653 4303 1773 4357 τότε
1812 4308 1916 4376 μά-

334 4391 495 4443 λιστα
542 4389 958 4459 σπουδαιότερον
1009 4386 1326 4457 γινόμενον;
1377 4385 1450 4438 Τὸ
1492 4385 1568 4450 δὲ,
1603 4387 1688 4441 Σὺ
1728 4389 1916 4460 ἔγνως

334 4473 446 4538 τὰς
476 4473 714 4541 τρίϐους
743 4489 887 4540 μου,
925 4471 1112 4541 ἐτερος
1141 4468 1482 4540 ἑρμηνευτὴς
1511 4465 1653 4535 εἷπε,
1684 4471 1768 4525 Σὺ
1804 4474 1918 4542 τὰρ

335 4551 528 4620 οἶδας.
582 4555 678 4608 Ἐν
719 4553 837 4619 ὀδῷ
873 4553 1082 4621 ταύτῃ,
1127 4546 1168 4622 ᾖ
1205 4551 1598 4621 ἐπορευόμην,
1639 4553 1918 4624 ἔκρυψαν

336 4638 560 4708 παγίδα
582 4656 704 4708 μοι.
732 4637 1071 4692 Κατενόουν
1094 4637 1180 4700 είς
1212 4633 1285 4687 τὰ
1323 4633 1512 4699 δεξιὰ,
1552 4635 1652 4689 καί
1675 4637 1918 4692 ἐπέϐλε-

337 4736 489 4775 πον·
518 4722 618 4776 καὶ
645 4723 758 4775 οὐκ
789 4717 869 4792 ἦν
893 4721 926 4774 ό
954 4716 1360 4787 ἐπιγινώσκων
1382 4733 1479 4786 με.
1526 4719 1788 4774 Ἐνταῦθα
1817 4723 1917 4795 τὴν

337 4804 589 4859 ἐπίτασιν
615 4804 716 4873 τῆς
745 4803 1031 4873 συμφορᾶς
1071 4801 1166 4853 καὶ
1208 4799 1277 4854 τά
1317 4798 1464 4852 δεινά
1505 4799 1777 4870 αὐξόμενα
1807 4803 1916 4858 δεί-

337 4903 517 4951 κνυσι,
549 4887 645 4940 καὶ
676 4885 784 4940 τῶν
823 4883 1097 4954 πολεμίων
1127 4883 1226 4946 τὰς
1255 4882 1570 4946 ἐπιϐουλὰς,
1609 4883 1726 4948 πῶς
1757 4905 1918 4959 προσ.

336 4969 507 5043 ⁴ᾔεσαν
556 4971 648 5024 καὶ
683 4969 964 5040 ἐγγυτέρω
1010 4966 1268 5036 ἐγίνοντο,
1316 4965 1627 5036 βουλόμενοι
1681 4969 1917 5024 ὐποσκε-

337 5053 485 5106 λίσαι
503 5070 518 5084 ο
549 5053 644 5107 καὶ
672 5054 732 5106 τὸ
755 5053 818 5122 δὴ
849 5049 1244 5123 χαλεπώτερον,
1268 5049 1432 5102 ὅτιού
1466 5049 1625 5119 μόνον
1652 5052 1752 5106 οὐκ
1777 5050 1918 5124 ἦσαν

337 5137 489 5206 αὐτῷ
519 5155 662 5202 τινες
715 5135 960 5208 βοηθοὶῆ
1007 5132 1306 5206 σύμμαχοι,
1349 5133 1463 5186 ἀλλ’
1490 5135 1611 5188 οὐδὲ
1656 5137 1924 5209 ἐπεγίνω-

339 5237 470 5274 σκον
492 5218 541 5274 ά.

412 5301 477 5371 βυ.
496 5302 668 5356 Τοῦτο
695 5303 729 5373 ἡ
770 5300 1015 5364 ἐπίτασις
1037 5296 1139 5369 τῆς
1170 5296 1428 5370 ἐρημίας.
1458 5301 1490 5370 ἡ
1524 5299 1796 5377 ὑπερϐολὴ
1820 5307 1918 5378 τῆς

402 5415 546 5477 §Alii
571 5419 828 5477 κατηρᾶτο·
871 5426 983 5475 qua
1017 5418 1183 5477 agilem
1231 5409 1307 5460 hic
1345 5412 1630 5477 refer-qum;
1671 5418 1822 5469 verba
1853 5433 1915 5471 ex

339 5475 385 5529 ll
407 5476 532 5539 Reg.
558 5490 658 5536 xw,
681 5471 777 5524 iion
810 5471 981 5539 pafum
1015 5471 1253 5522 (ἥσει-’ποι
1273 5487 1302 5522 a
1325 5479 1465 5525 textu
1488 5474 1690 5527 Biblico.

403 5537 433 5578 δ
456 5537 552 5587 Alii
576 5540 802 5587 ὃνσγεοῆ.

404 5543 433 5578 b
456 5543 552 5587 Alii
576 5543 802 5608 δυσχερῆ.

404 5603 427 5630 ⁸⁸
456 5599 590 5648 Unus
613 5614 876 5653 ποιουντος.

403 5661 432 5723 ἐ
460 5665 596 5723 unus
618 5662 721 5710 ἀλλ’
745 5657 950 5723 οὐδὲ-ἦν,
975 5659 1129 5722 φησὶν,
1149 5658 1173 5704 6
1193 5656 1514 5720 ἐπιγινώσκων
1535 5676 1607 5723 με.
1635 5659 1744 5712 Mox
1767 5663 1917 5715 Savil.

342 5721 484 5774 τοῦτο
505 5721 716 5778 ἐπίτασις
737 5721 947 5785 ἐρημίας.

1428 289 1795 352 EXPOSITIO
1829 292 1898 350 IN
1934 291 2265 352 PSALMUM
2301 290 2480 350 CXLI:

2008 405 2439 477 ἀλλοτριώσεωςο
2477 403 2671 472 ὀλίγων
2737 405 2846 476 γάρ
2901 406 3017 458 ἐστι
3061 403 3122 455 τὸ
3169 401 3228 456 ἐν
3277 412 3584 476 συμφοραῖς

2006 491 2259 560 παρεῖναι
2291 489 2384 541 καὶ
2413 487 2650 558 βοηθεῖν,
2677 487 2772 540 xal
2807 486 3045 557 μάλιστα
3072 488 3198 539 ὅταν
3223 489 3278 538 αἱ
3305 495 3582 560 συμφοραὶ

2005 571 2279 634 κινδύνους
2326 569 2640 624 ἀπειλῶσιν.
2683 569 2845 622 Ἀλλά
2888 568 3048 621 τοῦτο
3094 567 3156 620 οὐ
3209 570 3368 638 μόνον
3421 573 3582 626 αὐτὸν

2005 656 2104 708 οὐκ
2129 655 2379 722 ἔϐλαψεν,
2419 653 2553 706 ἀλλά
2592 653 2685 706 καὶ
2717 653 2977 723 μειζόνως
3018 651 3290 722 ώφέλησε,
3323 653 3461 722 πρὸς
3490 658 3584 707 τὴν

2005 737 2136 790 Θεὸν
2170 736 2330 789 αὐτὸν
2353 735 2656 790 οἰκειῶσαν.
2684 735 2793 788 Καὶ
2821 735 2885 786 σὺ
2914 733 3111 797 τοίνυν,
3142 735 3418 804 ἀγαπητὴ
3455 737 3583 789 ὅταν

2009 819 2124 893 ἴδῃς
2155 819 2426 889 αὐξόμενα
2473 818 2540 871 τὰ
2588 817 2757 881 δεινά,
2795 817 2868 888 μὴ
2914 816 3223 888 ἀναπέσῃς,
3268 817 3410 871 ἀλλὰ
3446 822 3583 888 νῆφε

2011 903 2288 973 μειζόνως.
2335 902 2433 954 Διά
2469 901 2576 971 γὰρ
2618 900 2776 954 τοῦτο
2818 900 3043 970 ἀφίησιν
3087 903 3116 953 6
3151 900 3283 964 Θεὸς
3333 903 3584 973 αἴρεσθαι

2007 985 2168 1049 αὐτὰ,
2197 986 2283 1038 ἵνα
2320 1001 2412 1036 σου
2445 984 2542 1054 τὴν
2595 983 2864 1054 ῥαθυμίαν
2898 983 3213 1055 ἀποτινάξῃ,
3256 984 3342 1036 ἵνα
3380 1001 3440 1036 σε
3480 985 3584 1053 ἀφ-

2009 1068 2207 1140 υπνίσῃ
2228 1067 2578 1122 καθεύδοντα.
2609 1067 2744 1120 Τότε
2765 1066 2873 1138 γάρ
2892 1078 2915 1106 θ
2938 1067 3114 1121 πάντα
3142 1068 3209 1119 τὰ
3224 1067 3452 1138 περιττά
3482 1085 3583 1120 πε-

2009 1151 2346 1225 ρικόπτεται,
2377 1150 2500 1203 τότε
2534 1149 2712 1202 πάντα
2746 1151 3046 1220 ἐκφυσᾶται
3077 1149 3144 1203 τὰ
3175 1150 3430 1219 βιωτικὰ,
3461 1152 3584 1204 τότε

2007 1235 2067 1286 ἐν
2100 1236 2371 1303 προσευχῇ
2404 1232 2816 1303 σπουδαιότερος
2845 1232 3070 1300 γίνεται,
3113 1233 3252 1303 πρὸς
3284 1232 3584 1303 ἐλεημοσύ-

2007 1335 2105 1388 νην
2163 1316 2602 1388 προθυμότερος,
2654 1317 2789 1387 πρὸς
2833 1317 3130 1390 ὑπεροψίαν
3169 1317 3438 1386 γαστρὸς,
3488 1317 3584 1370 καὶ

2007 1399 2235 1452 ἕκαστον
2290 1397 2460 1462 πάθος
2522 1397 2990 1466 εὐκαταγώνιστον
3042 1398 3285 1467 γίνεται,
3331 1399 3436 1451 ὐπὸ
3486 1399 3584 1468 τῆς

2010 1481 2238 1551 θλίψεως
2282 1481 2734 1552 φυγαδευόμενον.
2775 1481 2926 1534 Ἐπεὶ
2968 1482 3068 1534 καὶ
3095 1480 3247 1550 παρά
3279 1483 3377 1553 τὴν
3407 1482 3583 1556 ἀρχὴν

2009 1566 2129 1636 οὐχὶ
2189 1565 2412 1620 κολάσαι
2477 1564 2819 1635 βουλόμενος,
2869 1564 3063 1627 λύπαις
3123 1567 3268 1636 ἡμᾶς
3329 1567 3583 1636 συνέδησε

2009 1651 2102 1701 xal
2140 1648 2349 1714 πόνοις,
2387 1647 2434 1700 εἰ
2469 1649 2561 1701 καὶ
2588 1649 2644 1700 ἐν
2674 1647 2826 1712 τάξει
2861 1647 3130 1710 κολάσεως
3170 1648 3267 1719 τὴν
3309 1649 3583 1717 ἀπόφασιν

2008 1729 2246 1784 τέθεικεν
2289 1729 2333 1795 ε,
2367 1729 2500 1783 ἀλλά
2543 1729 2873 1799 σωφρονίσαι
2918 1731 3011 1782 καὶ
3058 1729 3296 1800 βελτίους
3343 1731 3581 1802 ἐργάσα-
3679 1788 3685 1797 _

2011 1811 2152 1866 σθαι.
2190 1814 2254 1866 El
2299 1811 2408 1884 γάρ
2449 1812 2543 1866 καὶ
2577 1811 2752 1881 λύπης
2793 1803 3169 1882 ἐπικειμένης,
3201 1813 3294 1864 καὶ
3321 1814 3416 1866 τοῦ
3467 1813 3583 1883 βίου

2009 1896 2304 1967 ἐπιμόχθου
2353 1896 2536 1959 ὄντος,
2585 1896 2823 1964 τοσαύτη
2862 1897 3052 1963 κρατεῖ
3094 1895 3288 1947 κακία·
3324 1897 3373 1948 εί
3421 1897 3586 1966 μηδὲν

2008 1979 2210 2032 τούτων
2235 1974 2323 2050 ἦν,
2351 1977 2454 2030 ποῦ
2481 1978 2580 2031 οὐκ
2605 1975 2752 2048 [445]
2775 1976 2840 2030 ἂν
2864 1977 3021 2046 ἐξέϐη
3052 1979 3120 2030 τά
3153 1978 3252 2047 τῆς
3286 1978 3583 2048 πονηρίαςς

2010 2061 2122 2116 Kal
2154 2061 2208 2114 τί
2254 2061 2551 2131 θαυμάζεις
2575 2101 2590 2125 ,
2633 2061 2682 2112 εἰ
2716 2060 2809 2112 ἐπὶ
2842 2059 2942 2128 τῆς
2980 2059 3180 2130 ψυχῆς,
3225 2059 3360 2113 ὅπου
3394 2077 3458 2127 γε
3492 2061 3585 2113 καὶ

2010 2147 2068 2198 ἐν
2113 2147 2225 2208 τοῖς
2259 2143 2504 2213 σώμασιν
2550 2143 2750 2211 ἀγαθὸν
2784 2143 2818 2212 ή
2857 2141 3064 2212 θλίψιςς
3115 2143 3222 2195 Kal
3264 2142 3373 2212 γὰρ
3405 2143 3466 2196 τὸ
3507 2145 3586 2205 είς

2010 2229 2186 2299 ἄκραν
2216 2226 2508 2280 εὐπάθειαν
2553 2224 2846 2294 ἐξάγεσθαι
2895 2224 2994 2285 τὴν
3042 2225 3220 2295 σάρκα
3255 2225 3582 2289 ἐπιϐλαϐές·

2010 2310 2184 2374 άλλως
2229 2327 2289 2362 τε
2320 2310 2411 2362 καὶ
2440 2309 2501 2362 τὸ
2528 2307 2856 2377 πολλαχόθεν
2895 2307 3186 2371 ἐπιϐουλὰς
3217 2307 3585 2377 συνίστασθαι,

2011 2395 2202 2465 νήφειν
2234 2395 2407 2446 ποιεῖ·
2448 2390 2554 2446 κᾶν
2587 2391 2964 2461 προσέχωμεν,
3013 2389 3165 2444 οὐδὲν
3217 2390 3584 2462 βλαπτόμεθα.

2011 2481 2102 2534 Διὸ
2129 2481 2221 2534 καί
2249 2479 2331 2544 τίς
2355 2495 2548 2549 φησιν’
2580 2478 2888 2546 Ἐπίγνωθι
2913 2477 3002 2531 ὅτι
3033 2478 3102 2530 ἐν
3126 2478 3295 2547 μέσῳ
3323 2478 3590 2548 πατίδων

2011 2563 2353 2628 διαϐαίνεις,
2388 2561 2489 2615 καὶ
2512 2559 2612 2614 ἐπὶ
2639 2559 2952 2624 ἐπάλξεων
2971 2562 3202 2614 πόλεων
3217 2560 3557 2630 περιπατεῖς
3569 2577 3582 2592 ·

2011 2647 2106 2699 καὶ
2141 2638 2293 2708 οὗτος
2313 2686 2330 2712 ,
2375 2645 2470 2697 Ἐν
2509 2642 2646 2710 ὀδῷ,
2682 2638 2722 2714 ᾖ
2752 2645 3143 2713 ἐπορευόμην,
3173 2645 3446 2713 ἔκρυψαν
3477 2661 3590 2700 πα-

2009 2729 2148 2800 τίδα
2169 2746 2292 2798 μοι.
2335 2728 2398 2780 El
2439 2727 2496 2780 δέ
2525 2744 2608 2790 τις
2641 2728 2736 2780 καὶ
2787 2725 2929 2780 κατά
2959 2725 3251 2797 ἀναγωγὴν
3282 2725 3456 2780 ταῦτα
3491 2729 3585 2780 ἐκ-
3626 2752 3629 2756 ι

2011 2811 2186 2874 λάϐοι,
2213 2811 2402 2880 ὄψεται
2433 2810 2524 2863 τὸν
2552 2809 2794 2864 διάϐολον
2817 2809 2946 2863 αὐτὸ
2976 2808 3256 2874 ποιοῦντα,
3281 2810 3340 2862 οὐ
3371 2809 3588 2880 πόρῥω-

2013 2896 2125 2962 θεν,
2147 2894 2284 2950 ἀλλά
2313 2893 2538 2964 πλησίον
2566 2892 2878 2964 κρύπτοντα
2900 2893 3000 2956 τὰς
3027 2892 3337 2955 ἐπιϐουλάς.

2083 2979 2174 3032 Διὸ
2201 2979 2294 3032 καὶ
2323 2976 2526 3047 πολλῆς
2553 2978 2682 3046 ἡμῖν
2709 2975 2790 3029 δεῖ
2814 2975 2915 3047 τῆς
2941 2976 3175 3046 νήψεως.
3207 2974 3454 3046 Κρύπτει
3481 2974 3588 3047 γὰρ

2013 3062 2233 3132 παγίδα,
2273 3063 2330 3114 ἐν
2368 3059 2708 3132 ἐλεημοσύνη
2749 3060 2846 3132 τὴν
2889 3057 3213 3123 κενοδοξίαν,
3257 3060 3315 3111 ἐν
3363 3058 3590 3130 νηστείᾳ

2011 3147 2111 3218 τὴν
2135 3144 2471 3210 ἀλαζονείαν,
2495 3145 2596 3197 οὐκ
2621 3145 2678 3196 ἐν
2707 3143 2934 3213 ἐτέροις,
2964 3142 3100 3196 ἀλλά
3121 3144 3178 3195 ἐν
3211 3141 3399 3206 αὐταῖς
3424 3144 3449 3182 ε
3469 3145 3589 3207 ταῖς

2011 3233 2179 3298 ὁδοῖς,
2221 3228 2310 3296 αἷς
2359 3229 2666 3302 βαδίζομεν,
2709 3231 2845 3300 ὅπερ
2891 3230 3006 3283 ἐστὶ
3043 3229 3138 3283 καὶ
3185 3228 3586 3300 χαλεπώτερον.

2023 3316 2310 3371 Ἆπώλετο
2339 3316 2501 3386 φυγὴ
2524 3313 2625 3369 ἀπ’
2644 3313 2809 3384 ἐμοῦ.
2841 3313 2982 3384 Ὅρα
3007 3311 3170 3366 πάλιν
3207 3313 3398 3384 ἐτέραν
3429 3329 3590 3382 προσ-

2013 3400 2189 3472 θήκην
2213 3399 2322 3453 τῶν
2349 3398 2556 3452 δεινῶν.
2583 3398 2832 3450 Δείκνυσι
2859 3395 2968 3469 γὰρ
2997 3397 3058 3449 οὐ
3092 3397 3249 3466 μόνον
3277 3396 3360 3448 ὅτι
3387 3397 3445 3449 ἐν
3466 3399 3587 3460 ταῖς

2012 3488 2150 3552 ὁδοῖς
2187 3489 2241 3542 al
2288 3486 2544 3554 παγίδες,
2591 3483 2698 3537 οὐδ’
2720 3485 2803 3538 ὅτι
2834 3483 3008 3547 οὐδεὶς
3038 3477 3108 3555 ἦν
3135 3485 3164 3537 6
3195 3482 3426 3554 βοηθῶν,
3467 3483 3589 3538 οὐδὲ

2013 3574 2043 3626 6
2078 3571 2488 3641 ἐπιγινώσκων
2518 3568 2632 3624 ἀλλ’
2667 3569 2749 3622 ὅτι
2777 3569 2899 3624 οὐδὲ
2937 3569 3000 3621 τὸ
3026 3567 3344 3638 λειπόμενον
3389 3568 3536 3639 αὐτῷ
3556 3569 3587 3608 Ιι

2013 3657 2151 3726 πρὸς
2176 3651 2514 3724 ἀπαλλαγὴν,
2558 3653 2620 3705 τὸ
2645 3655 2790 3724 φυγῇ
2819 3651 2918 3723 τὴν
2942 3652 3212 3723 σωτηρίαν
3239 3650 3586 3722 πορίσασθαι,

2017 3737 2198 3810 ῥᾴδιον
2230 3739 2324 3791 καὶ
2365 3735 2587 3789 εὐκολον
2625 3730 2714 3806 ἦν.
2743 3734 2930 3799 Οῦτως
2971 3737 3030 3788 ἐν
3062 3735 3246 3806 μέσοις
3284 3735 3588 3803 ἀπείληπτο

2011 3831 2125 3892 τοῖς
2157 3830 2368 3892 κακοῖς,
2400 3826 2495 3880 καὶ
2531 3825 2590 3879 ἐν
2627 3825 2855 3896 ἀφύκτῳ
2891 3826 3143 3896 συμφορᾷ
3170 3819 3260 3894 ἦν,
3295 3822 3408 3876 ἀλλ’
3436 3825 3586 3892 ὅμως

2015 3917 2110 3972 καὶ
2140 3916 2312 3981 οὕτως
2338 3917 2438 3970 οὐκ
2481 3916 2846 3984 ἀπεγίνωσκε.
2879 3914 2987 3970 Καὶ
3018 3917 3129 3968 οὐκ
3157 3914 3328 3966 ἐστιν
3353 3915 3388 3966 ό
3421 3911 3587 3980 ἐκζη-

2013 4004 2134 4059 τῶν
2163 4003 2278 4073 τὴν
2313 4001 2526 4073 ψυχήν
2564 4020 2707 4073 μου,
2735 4002 3034 4066 τουτέστιν,
3060 4002 3089 4053 6
3118 3999 3360 4072 ἀμύνων,
3390 4001 3418 4052 ὁ
3458 3999 3586 4074 βοη-

2016 4093 2146 4147 θῶν.
2181 4091 2248 4144 Τί
2292 4086 2386 4145 οὖν
2435 4091 2626 4156 αὐτός;
2671 4085 2781 4160 ἆρα
2820 4090 2837 4129 ί
2880 4091 2938 4142 ἐν
2979 4087 3216 4158 τοσαύτῃ
3259 4088 3460 4159 ἀπορίᾳ
3492 4089 3587 4140 καὶ

2015 4179 2296 4252 ἀμηχανίᾳ
2321 4177 2398 4230 ὢν
2423 4177 2646 4245 ἀπέγνω
2671 4175 2770 4248 τὴν
2797 4173 3102 4245 σωτηρίαν;
3132 4173 3395 4246 Οὐδαμῶς
3411 4192 3424 4205 ·
3450 4175 3588 4229 ἀλλά

2015 4267 2152 4340 πρὸς
2183 4267 2276 4320 τὸν
2306 4264 2438 4318 Θεὸν
2467 4263 2799 4332 καταφεύγει
2834 4261 3054 4328 εὐθέως,
3093 4261 3188 4314 καὶ
3215 4260 3389 4329 λέγει’
3435 4263 3588 4316 Ἐκέο

2015 4355 2209 4426 κραξα
2249 4353 2399 4422 πρὸς
2429 4351 2526 4418 σὲ,
2568 4352 2766 4419 Κύριε,
2811 4345 2970 4415 εἶπα,
3008 4347 3094 4402 Σὺ
3136 4343 3194 4402 εἷ
3228 4347 3403 4415 ἐλπίς
3441 4366 3586 4418 μου,

2009 4443 2182 4516 μερίς
2218 4437 2376 4512 μουί
2417 4439 2486 4494 ἐν
2532 4436 2609 4508 γῆ
2646 4435 2894 4498 ζώντων.
2942 4435 3106 4506 Ὁρᾷς
3163 4434 3323 4507 νῆψιν
3371 4436 3587 4507 ψυχῆς;

2016 4533 2131 4587 Οὐκ
2161 4529 2455 4583 ἐϐάπτισεν
2502 4525 2665 4579 αὐτὸν
2695 4523 2764 4578 τὰ
2806 4522 2976 4588 δεινὰ,
3011 4521 3149 4576 ἀλλά
3193 4522 3392 4594 μᾶλλον
3424 4523 3587 4577 ἐπτέ-

2016 4635 2184 4690 ρωσε,
2209 4615 2302 4670 καὶ
2324 4616 2382 4668 ἐν
2407 4613 2632 4682 ἀπόροις
2656 4610 2752 4678 ὢν,
2779 4611 2920 4680 ἐγνω
2944 4611 3043 4682 τὴν
3068 4610 3276 4682 ἄμαχον
3305 4613 3462 4682 χεῖρα
3493 4612 3587 4667 καὶ

2014 4703 2114 4776 τὴν
2153 4701 2404 4774 παναλκῆ
2439 4700 2690 4771 δύναμιν,
2738 4699 2833 4752 καὶ
2873 4698 2972 4771 τὴν
3002 4699 3060 4752 ἐν
3092 4698 3394 4770 ἀμηχάνοις
3431 4697 3587 4751 εὐκο-

2015 4791 2156 4845 λίαν.
2186 4791 2362 4856 Εἷπα,
2392 4788 2474 4844 σὺ
2497 4783 2558 4843 εἷ
2579 4788 2756 4854 ἐλπίς
2774 4805 2916 4858 μου.
2958 4785 3040 4840 Τὰ
3067 4785 3404 4859 ἀνθρώπινα,
3429 4785 3584 4854 φησὶ,

2017 4880 2195 4934 πάντα
2219 4878 2560 4949 ἐλήλεγκται,
2602 4875 2696 4930 καὶ
2720 4876 2750 4928 6
2781 4873 2988 4946 χειμὼν
3024 4874 3225 4946 μείζων
3271 4873 3588 4942 συμμαχίας

2015 4967 2189 5032 οὕτως
2223 4966 2462 5036 ἀπάσης,
2487 4963 2563 5028 ὡς
2589 4962 2815 5034 οὐδεμιᾷ
2843 4963 3008 5034 τέχνῃ
3034 4955 3145 5014 οἷόν
3173 4977 3233 5013 τε
3263 4955 3399 5013 εἶναι
3431 4976 3588 5030 περι-

2015 5055 2268 5126 γενέσθαι
2298 5053 2392 5108 τοῦ
2434 5051 2710 5120 ναυαγίου.
2747 5049 2885 5102 Ἀλλ’
2911 5051 3060 5119 ὅμως
3088 5049 3139 5101 εί
3170 5049 3265 5101 καὶ
3298 5046 3448 5116 παρὰ
3487 5048 3587 5098 ἀν-

2017 5145 2256 5217 θρώποις
2290 5139 2466 5196 ταῦτα
2501 5139 2877 5206 ἀπέγνωσται,
2923 5135 3018 5189 καὶ
3049 5135 3248 5198 πάντες
3277 5133 3586 5203 ἀπηγορεύ-

2021 5249 2214 5303 σαμεν,
2255 5229 2392 5284 ἀλλὰ
2423 5227 2506 5280 σοὶ
2547 5226 2728 5281 πάντα
2768 5223 2955 5294 ῥᾴδιαι
2986 5221 3108 5275 ὅθεν
3140 5221 3236 5274 καὶ
3277 5221 3586 5286 ἐλπίζοντες

2084 5369 2109 5399 ο
2133 5357 2282 5406 Savil.
2306 5369 2402 5404 om.
2422 5357 2529 5406 γάρ.

2086 5369 2658 5481 ῖῖἰῖὲῖηῖἓέξέξϊίαγεν.
2719 5472 2781 5481 η,
2942 5471 2997 5481 κ,
3087 5471 3185 5481 __
3297 5471 3306 5481 .

2083 5482 2110 5520 ε
2136 5479 2308 5528 Morel.
2330 5477 2410 5523 καὶ
2442 5476 2491 5522 ἐν
2513 5471 2688 5536 ἑτέροις
2705 5472 2846 5532 ἄλλα,
2878 5471 2959 5520 καὶ
2977 5472 3026 5521 ἐν
3046 5471 3226 5534 αὐταῖς,
3243 5471 3406 5522 minus
3428 5476 3584 5522 recte.

2020 5541 2120 5605 N03
2137 5539 2287 5605 ξείνη.
2313 5537 2580 5605 qquimur.

2081 5602 2112 5642 h
2137 5601 2270 5651 Unus
2289 5599 2452 5647 αὐτοῦ.

2087 5665 2104 5704 ί
2129 5664 2210 5712 Sic
2233 5660 2412 5716 Savll.;
2434 5659 2528 5720 ἆρα
2545 5657 2748 5720 ἀεεδιιιι
2771 5654 2939 5707 More].

2091 5725 2107 5779 ἱ
2135 5720 2424 5786 δειίι.μιρίς
2449 5719 2609 5783 μουεῖ.
