4012 6280
469 273 567 330 ιιε

462 388 562 441 οὐκ
613 384 1034 457 ἀποναρκῶμεν.
1084 386 1265 454 Μερίς
1289 403 1408 454 μου
1438 380 1499 438 ετ
1532 384 1603 437 ἐν
1646 382 1724 453 τῇ
1777 381 2026 444 ζώντων.

463 469 772 533 Τουτέστιν,
806 469 836 520 ό
865 468 1064 537 κλῆρός
1112 485 1239 537 μου,
1265 468 1294 519 ὁ
1323 466 1592 538 θησαυρός
1627 483 1760 536 ιμου,
1802 468 1830 519 ό
1871 464 2035 518 πλοῦ-

461 554 554 616 τός
576 564 601 592 ι
636 568 760 622 μου,
786 550 857 603 τά
886 550 1060 604 πάντα
1099 550 1257 613 αὐτὸς
1285 544 1352 605 εἶ.
1393 550 1494 602 Ἔν
1535 546 1613 616 τῇ
1649 546 1893 607 ζώντων.
1926 546 2033 616 Γῆν

465 636 681 701 ζώντων
713 633 947 688 ἐνταῦθα
971 632 1067 704 τὴν
1094 632 1298 686 οἰκείαν
1330 631 1560 701 πατρίδα
1586 631 1757 685 καλεῖ.
1782 627 1902 684 Οἶδε
1927 630 2033 702 γὰρ

466 719 724 781 πολλάκις
762 719 860 787 τὴν
897 715 1265 786 αἰχμαλωσίαν
1293 714 1391 784 τὴν
1434 716 1515 777 εἰς
1568 712 1862 767 Βαϐυλῶνα
1902 712 2034 783 ᾅδην

468 804 564 856 κα)⁸
607 801 833 854 θάνατον
881 799 1084 852 καλεῖν.
1131 794 1263 850 Εἶτα
1310 796 1496 867 ἐπειδὴ
1539 798 1597 849 ἐν
1643 796 1742 865 μὲν
1781 795 2036 866 ἀλλοτρίᾳ

467 883 564 951 ὢν,
607 883 858 953 οὐδεμίαν
890 880 1143 951 λατρείαν
1178 880 1419 933 ἐπετέλει
1466 879 1563 951 τὴν
1607 879 1886 940 εἰωθυῖαν,
1921 880 2037 931 ἐκεῖ

466 966 524 1019 δὲ
568 968 636 1021 τά
682 968 779 1036 τῆς
811 964 1093 1033 ἀγιαστίας
1126 962 1337 1016 ἅπαντα
1375 961 1706 1034 ἐπληροῦτο,
1749 960 1840 1014 διὰ
1879 960 2035 1013 τοῦτό

467 1068 630 1121 φησι,
664 1049 845 1116 Μερίς
870 1064 988 1116 μου
1020 1043 1079 1100 εἷ
1102 1045 1173 1098 ἐν
1202 1044 1277 1114 τῇ
1312 1043 1554 1105 ζώντων.
1601 1044 1710 1097 Ἀεί
1756 1061 1856 1114 μου
1897 1060 2033 1114 προ-

466 1133 650 1204 έστης,
702 1133 853 1202 φησὶ,
901 1130 994 1183 καὶ
1041 1127 1302 1199 ᾠκειώσω
1340 1144 1409 1198 με
1442 1128 1500 1180 ἐν
1532 1130 1602 1199 γῇ
1649 1126 1888 1191 ζώντων,
1939 1126 2034 1179 καὶ

468 1216 636 1288 πολλή
673 1233 762 1286 μοι
790 1215 923 1287 πρὸς
957 1214 1014 1266 σὲ
1043 1212 1234 1280 γέγονε
1268 1211 1542 1263 κοινωνία.

535 1342 807 1409 Ηρόσχες
847 1336 998 1405 πρὸς
1034 1336 1147 1403 τὴν
1191 1333 1406 1400 δέησίν
1431 1349 1571 1401 μου,
1602 1331 1691 1384 ὅτι
1720 1329 2032 1384 ἐταπεινώ-

462 1427 580 1491 θην
607 1422 860 1491 σφόδρα.
892 1421 1053 1491 Ὁρᾷς
1083 1420 1198 1480 πῶς
1226 1414 1371 1488 [446]
1401 1417 1537 1486 ὅπερ
1574 1413 1831 1485 ἀνωτέρω
1857 1413 2031 1481 έλεγε,

462 1508 619 1561 τοῦτο
662 1505 756 1560 ml
801 1502 1034 1556 ἐνταῦθα
1075 1502 1195 1555 ἀντὶ
1230 1498 1556 1571 συνηγορίας
1600 1496 1801 1568 τίθησι.
1844 1496 1905 1548 τὸ
1942 1513 2032 1549 τα-

463 1588 789 1659 πεινωθῆναι
819 1587 981 1654 λέγω,
1012 1584 1074 1638 τὸ
1101 1583 1254 1653 δίκην
1285 1582 1464 1635 δοῦναι
1494 1580 1599 1634 τῶν
1628 1578 2035 1650 ἡμαρτημένων

462 1673 583 1742 μεθ’
619 1670 946 1742 ὑπερϐολῆς.
979 1667 1054 1720 Τὸ
1096 1665 1173 1727 δὲ,
1209 1665 1467 1734 Σφόδρα,
1509 1664 1570 1716 οὐ
1602 1666 1701 1733 τῆς
1740 1662 1848 1715 τῶν
1882 1678 2035 1730 γενο-

463 1757 641 1827 μένων
673 1751 1007 1824 κατηγορίας
1041 1749 1208 1810 ἐστίν,
1256 1748 1392 1801 ἀλλά
1440 1746 1539 1816 τῆς
1574 1746 1754 1816 λύπης
1801 1746 1894 1799 ml
1938 1744 2036 1813 τῆς

463 1838 744 1901 ἀσθενείας
800 1835 894 1888 τοῦ
939 1834 1255 1903 πάσχοντος.
1302 1831 1397 1882 Ἂν
1453 1831 1550 1901 μέν
1597 1830 1703 1900 γάρ
1748 1827 1884 1899 πρὸς
1933 1827 2031 1897 τὴν

463 1923 620 1987 ἀξίαν
661 1919 769 1972 τῶν
805 1915 1216 1989 ἁμαρτημάτων
1248 1913 1394 1985 ἴδῃς,
1440 1913 1500 1966 οὐ
1538 1912 1742 1984 σφοδρά
1772 1914 1805 1983 ή
1850 1911 2038 1964 ταπεί-

463 2019 656 2067 νωσιςο
686 2000 752 2054 ἂν
778 1999 835 2053 δέ
872 1998 1008 2070 πρὸς
1044 1997 1141 2067 τὴν
1173 1995 1454 2050 ἀσθένειαν
1481 1994 1576 2047 τοῦ
1610 1995 1883 2067 φέροντος,
1917 2011 2038 2063 σφο-

461 2086 567 2157 δρά
594 2085 713 2156 μεθ’
740 2079 1060 2154 ὑπερϐολῆς.
1089 2077 1336 2148 Οὐδαμοῦ
1363 2078 1470 2148 γάρ
1494 2078 1523 2130 ό
1544 2077 1675 2141 Θεὸς
1702 2076 1858 2142 ἀξίαν
1882 2077 2039 2129 ἀπαι-

462 2171 547 2223 τεῖ
575 2168 684 2221 τῶν
731 2161 1216 2235 πλημμελημάτων
1246 2161 1535 2232 τιμωρίαν.
1580 2159 1644 2211 Εἰ
1690 2158 1747 2211 δὲ
1788 2161 1898 2221 τοῖς
1930 2158 2037 2211 πά-

466 2268 684 2322 σχουσιν
724 2250 995 2320 ἀφόρητος
1043 2241 1182 2299 εἶναι
1215 2245 1385 2309 δοκεῖ,
1422 2244 1482 2296 οὐ
1526 2244 1677 2313 παρά
1727 2242 1826 2311 τὴν
1876 2240 2035 2310 φύσιν

461 2335 569 2388 τῶν
613 2332 935 2403 γινομένων,
962 2329 1099 2384 ἀλλά
1134 2329 1285 2398 παρά
1317 2327 1415 2399 τὴν
1462 2325 1745 2379 ἀσθένειαν
1775 2324 1883 2377 τῶν
1912 2325 2037 2377 ὐπο-

467 2417 755 2487 μενόντων.
789 2413 994 2468 Ῥῦσαι
1032 2428 1109 2482 με
1137 2412 1206 2464 ἐκ
1239 2409 1357 2463 τῶν
1403 2407 1891 2462 καταδιωκόντων
1938 2423 2032 2475 με,

464 2499 555 2553 ὅτι
596 2494 1077 2568 ἐκραταιώθησαν
1104 2493 1256 2560 ὑπὲρ
1283 2492 1406 2562 ἐμέ.
1443 2491 1573 2544 Ἰδοὺ
1606 2491 1702 2543 ml
1726 2489 1859 2560 άλλη
1890 2489 2037 2543 αἰτία

466 2582 650 2644 πάλιν,
676 2582 709 2652 ἡ
736 2579 918 2642 ἄδικος
947 2575 1206 2647 ἐπιϐουλὴ
1241 2574 1350 2629 τῶν
1384 2570 1817 2646 ἐπηρεαζόντων,
1852 2573 1946 2626 ml
1977 2570 2039 2624 τὸ

462 2661 604 2721 εἶναι
643 2662 802 2718 αὐτὸν
840 2663 900 2715 ἐν
940 2659 1191 2731 ἀσθενείᾳ
1245 2658 1441 2728 πολλῇ·
1481 2657 1760 2727 Ἐξὰγαγε
1812 2656 1881 2709 ἐκ
1923 2673 2037 2724 φυ-

462 2746 658 2815 λακῆς
685 2745 800 2814 τὴν
820 2741 1033 2814 ψυχήν
1059 2757 1203 2811 μου,
1230 2741 1336 2796 τοῦ
1368 2740 1927 2810 ἐξομολογήσασθαι
1958 2736 2040 2803 τῷ

463 2830 711 2900 ὀνόματί
738 2844 877 2883 σου.
906 2826 979 2879 Τδ
1007 2824 1501 2896 ἐξομολογήσασθαι
1528 2822 1758 2879 ἐνταῦθα
1795 2822 1915 2876 ἀντὶ
1942 2820 2037 2874 τοῦ

463 2912 849 2987 εὐχαριστῆσαί
882 2912 1046 2963 ἐστιν.
1080 2910 1145 2961 ὐ
1172 2909 1229 2961 δὲ
1258 2907 1426 2975 λέγει,
1455 2905 1612 2959 τοῦτό
1640 2908 1803 2959 ἐστιν·
1850 2903 2041 2957 Ἀπάλ-

463 2998 621 3065 λαξόν
655 3014 721 3069 με
747 2995 858 3049 τῶν
886 2992 1093 3046 δεινῶν.
1135 2990 1385 3061 Φυλακὴν
1423 2989 1532 3062 γάρ
1557 2990 1657 3060 τὴν
1688 2988 1797 3043 τῶν
1835 3004 2041 3060 συμφο-

468 3083 576 3154 ρῶν
605 3077 910 3152 ὑπερϐολὴν
932 3077 960 3117 b
995 3075 1307 3130 αἰνίττεται.

536 3214 605 3277 γ’.
638 3208 818 3260 Ὥστε
842 3200 1278 3274 εὐχαριστῆσαι
1308 3198 1387 3264 τῷ
1413 3199 1658 3268 ὀνόματί
1683 3212 1817 3252 σου.
1844 3199 1917 3252 Οὐ
1951 3215 2040 3269 μι-

468 3293 598 3364 κρὸν
617 3291 711 3345 ml
727 3288 904 3353 τοῦτο,
927 3287 988 3340 τὸ
1007 3288 1064 3339 ἐν
1094 3285 1366 3357 εὐημερίᾳ
1393 3281 1714 3352 γενομένους
1741 3281 1815 3352 μὴ
1843 3283 1923 3346 είς
1949 3281 2042 3353 λή-

467 3378 567 3447 θην
589 3375 846 3446 ἐμπεσεῖν
873 3372 972 3442 τῆς
994 3371 1331 3442 εὐεργεσίας.
1361 3365 1551 3420 Πολλοὶ
1582 3365 1690 3437 γάρ
1712 3364 1819 3418 τῶν
1841 3364 1936 3418 ἀνθ
1946 3365 2043 3436 ρώο

469 3476 588 3513 πων
611 3459 669 3511 ἐν
699 3455 908 3524 θλίψεσι
942 3453 1038 3525 μέν
1068 3454 1174 3505 εἰσι
1216 3450 1639 3519 σπουδαιότεροι,
1679 3451 1737 3501 ἐν
1775 3448 1956 3501 ἀνέσει
1983 3449 2040 3504 δὲ

470 3540 856 3614 ῥᾳθυμότερον
885 3538 1060 3609 ἕτεροι
1095 3535 1254 3588 πάλιν
1277 3536 1332 3587 ἐν
1359 3533 1538 3587 ἀνέσει
1579 3531 1806 3603 ῥᾴθυμοι
1825 3571 1841 3597 ,
1868 3533 1962 3585 καὶ
1984 3534 2042 3586 ἐν

470 3626 713 3696 θλίψεσιν
753 3620 1215 3691 ἀπογινώσκοντες
1258 3616 1503 3681 ἑαυτῶν,
1527 3614 1849 3688 ὐπτιώτεροι
1893 3615 2042 3685 γινό-

473 3724 647 3783 μενοι.
691 3705 828 3759 Ἀλλ’
873 3698 1027 3766 οὗτος
1064 3704 1123 3755 ἐν
1155 3701 1391 3772 ἑκατέρα
1421 3702 1487 3783 τῇ
1522 3698 1629 3753 τῶν
1654 3697 1881 3783 ⁴καιρῶν
1925 3700 2040 3783 an-

470 3780 613 3863 ιρορᾷ
651 3789 800 3860 μένει
835 3786 931 3859 τὴν
955 3786 1123 3857 αὐτὴν
1151 3784 1435 3838 εὐλάϐειαν
1462 3780 1756 3853 διατηρῶν·
1785 3781 1906 3835 οὐτε
1936 3782 2042 3854 γάρ

471 3878 507 3947 ὴ
556 3874 733 3944 θλίψις
778 3872 939 3925 αὐτὸν
977 3871 1268 3924 ἀναπεσεῖν
1326 3865 1599 3936 ἐποίησεν,
1657 3863 1793 3917 ἀλλά
1845 3865 2044 3935 μᾶλλον

475 3946 749 4030 συνήγαγε
791 3956 927 4028 πρὸς
958 3954 1055 4025 τὴν
1100 3951 1281 4023 δέησιν
1327 3950 1421 4003 ml
1464 3948 1562 4016 τὴν
1604 3947 1803 4019 εὐχήν·
1835 3946 1958 4001 οὔτε
2005 3951 2039 4021 ἡ

472 4046 656 4108 ἄνεσις
673 4041 860 4094 ὕπτιον
880 4035 1302 4096 κατεσκεύασεν,
1320 4033 1454 4087 ἀλλά
1474 4032 1565 4086 καὶ
1591 4031 1711 4084 τότε
1738 4031 1873 4103 πρὸς
1892 4032 2048 4104 εὐχα-

477 4125 686 4201 ριστίαν
711 4120 1207 4197 παρασκευάζεται.
1227 4115 1355 4185 Ἐμὲ
1376 4114 1779 4185 ὑπομενοῦσιε
1807 4113 2042 4179 δίκαιοι,

471 4195 585 4277 ἕως
615 4204 688 4265 οὗ
743 4195 1092 4269 ἀκταποδῷς
1131 4219 1253 4272 μοι.
1284 4200 1528 4270 Ἕτερος,
1556 4195 2046 4266 Στεφανὼσονται

474 4293 715 4355 δίκαιοι,
743 4290 888 4344 ὅταν
917 4285 1316 4356 εὐεργετήσῃς
1342 4300 1437 4352 με.
1473 4282 1538 4335 Τί
1564 4284 1678 4335 ἐστι
1713 4280 1901 4344 τοῦτο;
1937 4279 2046 4333 Καὶ

470 4374 599 4438 τοὺς
633 4373 895 4435 δικαίους,
941 4370 1094 4440 φησὶ,
1123 4368 1279 4421 τοῦτο
1309 4364 1598 4436 ὠφελήσει.
1639 4364 1750 4417 Καὶ
1795 4362 1906 4433 γὰρ
1952 4362 2047 4415 ml

475 4459 674 4511 ἐκεῖνοι
712 4451 1202 4525 εὐφρανθήσονται,
1234 4449 1592 4521 χαρήσονται,
1640 4447 2045 4519 σκιρτήσουσιν,

480 4539 679 4601 ἰδόντες
706 4553 807 4607 μου
833 4536 931 4606 τὴν
956 4533 1271 4603 ἀπαλλαγὴν
1290 4531 1395 4584 τῶν
1426 4530 1633 4583 δεινῶν.
1657 4529 1915 4583 Τοιαῦται
1939 4528 2048 4598 γὰρ

476 4623 536 4677 αἰ
568 4619 675 4673 τῶν
706 4618 874 4687 ἁγίων
900 4616 1100 4687 ψυχαί*
1133 4616 1226 4669 ml
1259 4617 1374 4677 τοῖς
1410 4614 1677 4684 πάσχουσι
1713 4611 1900 4677 κακῶς
1933 4629 2050 4666 συνο

479 4703 738 4776 αλγοῦσι,
789 4703 882 4756 ml
912 4699 1321 4771 εὐθηνουμένοις
1365 4700 1426 4752 οὐ
1468 4698 1871 4769 βασκαίνουσιν.
1915 4697 2050 4751 ἀλλά

473 4793 573 4848 ml
613 4788 892 4863 χαίρουσι,
939 4785 1034 4839 ml
1076 4782 1548 4853 συνευφραίνονται
1600 4784 1694 4835 ml
1732 4782 2050 4852 συνήδονται

475 4879 590 4940 τοῖς
615 4870 1107 4946 εὐεργετουμένοις.
1131 4870 1194 4921 Ὃ
1222 4868 1314 4920 ml
1340 4864 1549 4927 Παῦλος
1575 4864 1827 4918 ἐκέλευσε
1853 4864 2047 4933 λέγων,

477 4960 715 5030 Χαίρειν
730 4956 880 5027 μετὰ
907 4954 1255 5026 χαιρόντων,
1278 4950 1376 5004 καὶ
1403 4948 1633 5030 κλαίειν
1652 4947 1804 5017 μετὰ
1824 4947 2053 5030 κλαιόν.

476 5029 616 5100 των.
649 5039 727 5097 Οὐ
768 5039 940 5112 μικρά
968 5037 1026 5092 δὲ
1057 5036 1195 5106 αὐτη
1223 5033 1410 5105 ἀρετή.
1453 5029 1643 5084 Πολλοὶ
1661 5030 1782 5112 γὰρ
1822 5029 1918 5112 καὶ
1947 5047 2053 5083 κει.

483 5128 666 5199 μένοις
712 5111 1031 5196 ἐφήδονται,
1080 5119 1176 5173 ml
1220 5113 1630 5199 ἀνισταμένο-ιςΔ
1648 5111 2051 5199 βασκαίνουσιν,

477 5194 540 5277 εξ
576 5194 857 5281 ὠμότητος
896 5205 995 5261 καὶ
1037 5199 1430 5271 ἀπανθρωπίας
1471 5196 1673 5267 πολλῆς
1707 5194 2054 5281 ἐκάτεραγᾴτᾲ

478 5276 642 5368 πάθη-
678 5276 972 5355 τίκτοντες.
1023 5287 1163 5342 Ἀλλ’
1205 5287 1306 5356 οὐχ
1350 5285 1401 5337 οἰ
1437 5281 1636 5336 δίκαιοι
1681 5278 1887 5345 οὕτως,
1938 5276 2052 5333 ἀλλ’

540 5466 568 5523 Ρ
591 5461 742 5514 εινὶι.
765 5462 1023 5520 τουτέστιν,
1034 5459 1291 5523 ὁλόκληρος
1310 5455 1541 5523 θησαυρός
1562 5471 1671 5517 μου,
1693 5454 1774 5502 πλ.

523 5521 572 5599 ,ι
799 5515 1022 5599 φυλακὴν
1045 5522 1136 5587 γάρ
1174 5515 1289 5585 φησι
1326 5521 1411 5577 τὴν
1445 5515 1542 5567 τῶν
1565 5515 1836 5580 συμφορῶν
1866 5515 2056 5578 περιϐο-

480 5584 586 5644 >ἠν,
610 5586 785 5634 eodem
804 5584 972 5633 ἐοῦσα.
1112 5584 1123 5587 ⁷
1206 5640 1218 5651 ε
1496 5642 1515 5652 η.
1568 5640 1585 5655 Ἰ
1654 5640 1663 5647 _
2006 5634 2016 5645 .

491 5705 506 5710 Α
551 5649 573 5676 ε
598 5647 708 5710 υυο
729 5657 841 5693 mss.
874 5644 1182 5710 ὑπομένουση
1206 5656 1256 5692 ιη
1286 5641 1771 5710 ριἐεβιιιι,δρνι1.υι
1800 5637 1973 5710 μοτθι.
2004 5650 2053 5686 m

484 5705 664 5759 futuro.
679 5705 905 5767 Sequens
925 5699 1093 5755 mitem
1113 5699 1456 5766 mlerpfelatio
1476 5709 1556 5754 est
1575 5699 1868 5765 Symmachi.

1210 272 1269 330 8.
1307 270 1593 330 JOANNIS
1628 269 2120 330 CHRYSOSTOMI
2159 270 2480 334 ARCI'HEP.
2522 277 3065 364 CONSIANTINOI’.

3604 284 3710 343 διο

2135 387 2399 460 ἑκατέρας
2428 390 2631 464 ταύτης
2648 386 2758 464 ’τῆς
2789 395 2984 459 κακίας
3003 393 3431 466 ἀπηλλαγμένα,
3450 398 3545 451 ml
3565 399 3717 473 ἐλεή-

2135 490 2294 544 μονες
2339 477 2488 541 ὄντες
2537 480 2631 532 ml
2672 481 3066 551 φιλάνθρωποι,
3107 480 3206 546 τὰς
3254 483 3457 554 ἀρετὰς
3503 484 3717 551 ταύτας

2133 562 2390 617 κτῶνται.
2417 566 2626 638 Ὠσπερ
2659 563 2752 621 οὖν
2784 570 2980 622 ἐκεῖνοι
3009 569 3070 634 ἐξ
3106 570 3390 643 ὠμότητος
3421 573 3715 646 ἀμφότερα

2133 651 2453 722 πάσχουσιν,
2482 654 2653 720 οὕτως
2688 652 2830 712 οὗτοι
2878 659 2988 712 ἀπὸ
3017 661 3444 732 φιλανθρωπίας,
3487 663 3566 734 τῷ
3595 681 3660 717 τε
3684 664 3718 704 ἀ

2135 742 2475 819 συμπάσχειν
2502 744 2746 812 ἁλγοῦσι,
2778 745 2930 819 [447]
2965 746 3043 817 τῷ
3075 764 3132 800 τε
3170 748 3484 822 συγχαίρειν
3512 747 3572 805 εὖ
3607 751 3716 804 πά-

2137 842 2341 898 σχουσι.

2202 950 2303 1003 Διά
2340 952 2392 1005 τί
2423 952 2481 1006 δὲ
2511 952 2680 1022 εἶπεν,
2720 956 3087 1024 Ἀνταποδῷς
3117 975 3250 1027 μου
3284 958 3343 1012 '0
3378 960 3478 1031 μὲν
3524 960 3717 1030 ἕτερός

2134 1055 2316 1107 φησιν,
2337 1039 2512 1094 Ὅταν
2538 1042 2938 1113 εὐεργετήσῃς
2959 1062 3056 1114 με.
3076 1047 3139 1099 Ol
3168 1045 3225 1099 δὲ
3251 1046 3419 1111 ἄλλοι,
3437 1048 3719 1102 Ἄνταπο-

2132 1125 2250 1191 δῷς
2279 1126 2376 1180 καὶ
2405 1129 2630 1198 ἀμείψῃ
2660 1146 2757 1199 με.
2802 1132 2994 1184 Καίτοι
3023 1149 3086 1200 γε
3107 1133 3364 1204 ἀνωτέρω
3402 1133 3583 1204 θλίψιν
3617 1134 3725 1187 ml

2131 1213 2461 1267 ταπείνωσιν
2507 1211 2681 1297 εἶπεν,
2723 1218 2783 1270 οὐ
2818 1217 3241 1290 κατορθώματα,
3271 1221 3365 1274 ml
3397 1221 3720 1292 παρρησίαν

2133 1297 2230 1369 τὴν
2269 1301 2377 1353 ἀπὸ
2413 1301 2523 1356 τῶν
2550 1301 2746 1373 ἔργων.
2788 1305 2932 1358 Ἀντὶ
2959 1306 3101 1370 τίνος
3132 1307 3189 1359 δὲ
3229 1308 3323 1360 καὶ
3355 1308 3719 1362 ἀνταπόδοσιν

2134 1387 2304 1450 αἰτεῖ;
2350 1388 2494 1442 Ἀντὶ
2522 1388 2631 1443 τῶν
2659 1390 2879 1461 ήμερῶν
2918 1392 3018 1463 τῆς
3057 1395 3457 1459 ταπεινώσεως.
3483 1397 3557 1449 Οὐ
3602 1396 3720 1467 γὰρ

2140 1474 2333 1546 μικρὸν
2383 1476 2475 1527 καὶ
2511 1476 2667 1530 τοῦτο
2720 1478 3078 1549 κατόρθωμα,
3131 1480 3191 1533 τὸ
3238 1480 3416 1550 θλίψιν
3466 1482 3719 1552 ἐνεγκεῖν

2137 1563 2251 1632 μετ’
2296 1563 2663 1634 εὐχαριστίας.
2714 1565 2806 1618 Διὸ
2855 1565 2951 1620 ml
3000 1568 3356 1622 ἀνταπόδοσιν
3408 1568 3563 1622 καλεί
3613 1569 3719 1641 τὴν

2137 1649 2273 1720 μετὰ
2305 1651 2478 1705 ταῦτα
2512 1651 2766 1723 ἀμοιϐήν.
2803 1654 2894 1724 Μὴ
2938 1655 3116 1707 τοίνυν
3168 1655 3301 1726 μηδὲ
3334 1657 3496 1726 ἡμεῖς
3536 1655 3718 1709 ἀλύω-

2139 1753 2237 1807 μεν
2279 1737 2337 1788 ἐν
2382 1739 2501 1799 ταῖς
2545 1736 2806 1809 θλίψεσιν,
2851 1739 2967 1793 ἀλλ’
3005 1739 3292 1811 εὐχώμεθα
3328 1741 3403 1812 μὴ
3441 1743 3713 1795 εἰσελθεῖν

2135 1824 2216 1885 είς
2266 1823 2600 1893 πειρασμόν·
2649 1825 2868 1879 ἐπιόντα
2911 1826 2968 1880 δὲ
3012 1827 3313 1898 δεχώμεθα.
3366 1828 3448 1881 Τά
3495 1845 3555 1881 τε
3603 1828 3718 1898 γὰρ

2136 1910 2264 1963 ὄντα
2293 1912 2665 1982 ἁμαρτήματα
2697 1913 3091 1984 ἀποτιθέμεθα,
3135 1915 3228 1968 ml
3258 1916 3311 1969 εῖ
3348 1932 3473 1969 τινα
3509 1915 3720 1969 δικαιο-

2137 1998 2302 2069 σύνην
2339 1998 2552 2069 ἔχομεν,
2598 2000 2856 2072 κάκείνην
2907 2001 3290 2075 λαμπροτέραν
3341 2001 3715 2074 ἐργαζόμεθα.

2136 2088 2245 2142 Καὶ
2276 2087 2432 2141 τοῦτο
2471 2088 2741 2143 δείκνυσιν
2780 2090 2809 2142 ὁ
2850 2089 2991 2155 Ἰὼϐ,
3031 2091 3150 2145 τότε
3188 2090 3447 2162 μειζόνως
3479 2092 3717 2162 διαλάμ-

2133 2174 2260 2244 ψας.
2293 2176 2461 2229 Τοῦτο
2494 2177 2589 2229 ml
2635 2177 2693 2230 ἐν
2743 2177 2988 2248 σώμασιν
3034 2178 3271 2247 ἀγαθόν’
3318 2178 3476 2232 τοῦτο
3507 2179 3609 2232 οὐκ
3656 2182 3719 2232 ἐν

2135 2260 2440 2333 ἀνθρώποις
2476 2263 2655 2333 μόνον,
2686 2264 2821 2318 ἀλλά
2854 2265 2950 2318 καὶ
2988 2267 3045 2318 ἐν
3080 2264 3325 2332 ἀλόγοις·
3362 2265 3462 2319 οὐκ
3496 2267 3554 2318 ἐν
3593 2265 3723 2319 ἀλό-

2136 2364 2251 2416 γοις
2271 2348 2451 2419 μόνον,
2473 2349 2607 2405 ἀλλά
2635 2353 2727 2405 καὶ
2753 2353 2810 2405 ἐν
2842 2354 3044 2422 φυτοῖς.
3071 2352 3169 2406 Διά
3196 2351 3260 2422 δὴ
3276 2353 3435 2405 τοῦτο
3463 2351 3583 2406 οὐδὲ
3597 2355 3719 2416 ταῖς

2137 2435 2402 2507 ἀμπέλοις
2436 2438 2806 2509 συγχωροῦσιν
2855 2441 2904 2492 οἰ
2948 2439 3175 2509 γηπόνοι
3214 2439 3353 2510 ὑπὲρ
3404 2438 3467 2492 τὸ
3516 2440 3718 2510 μέτρον

2136 2525 2313 2596 κομᾷν
2346 2534 2392 2589 θ,
2426 2524 2544 2577 οὐδέ
2589 2526 2798 2597 ἐτέροις
2827 2524 3092 2596 δένδροις,
3136 2524 3272 2579 ἀλλά
3319 2524 3586 2578 κωλύουσι
3618 2524 3720 2595 τὴν

2136 2613 2218 2675 είς
2272 2611 2335 2665 τὸ
2379 2611 2566 2682 πρόσω
2625 2612 2818 2682 φορὰν,
2871 2614 2939 2684 τῇ
2993 2612 3235 2685 δρεπάνῃ
3283 2612 3501 2666 ἃπασαν
3545 2614 3719 2682 αὐτῆς

2136 2700 2237 2771 τὴν
2321 2698 2551 2770 δύναμιν
2622 2701 2704 2763 εἰς
2787 2700 2886 2770 τὴν
2971 2700 3126 2771 ῥίζαν
3217 2700 3715 2772 περιστρέφοντες,

2136 2786 2275 2840 ὥστε
2309 2787 2385 2858 μὴ
2412 2789 2469 2840 ἐν
2498 2789 2609 2851 τοῖς
2644 2787 2859 2857 φύλλοις
2890 2786 3254 2841 ἁναλωθεῖσαν
3285 2787 3453 2859 αὐτὴν
3472 2787 3719 2859 ἐξίτηλον

2139 2876 2379 2944 ἐνεγκεῖν
2404 2874 2494 2929 τὸν
2527 2875 2760 2947 καρπόν.
2794 2876 2971 2946 Ὅπερ
2999 2877 3095 2930 καὶ
3115 2876 3202 2928 ἐπ’
3237 2877 3540 2948 ἀνθρώπων
3570 2893 3715 2946 συμ-

2139 2963 2331 3015 ϐαίνει.
2367 2962 2481 3030 Τῆς
2499 2963 2607 3033 γὰρ
2634 2962 2868 3032 σπουδῆς
2896 2964 2978 3025 εἰς
2997 2963 3067 3023 τὰ
3094 2963 3324 3034 περιττὰ
3353 2961 3717 3031 ἀναλισκομέ-

2139 3067 2256 3120 νης,
2292 3048 2596 3119 ἀτονωτέρα
2625 3050 2831 3117 γίνεται
2853 3052 2887 3121 ἠ
2908 3050 3054 3122 ψυχὴ
3080 3051 3213 3122 πρὸς
3237 3051 3299 3103 τὸ
3317 3052 3416 3121 τῆς
3431 3049 3716 3113 εὐσεϐείας

2138 3139 2348 3212 καρπὸν
2378 3136 2586 3208 ὧριμον
2613 3138 2855 3207 ἐνεγκεῖν
2897 3139 2991 3192 ml
3027 3139 3359 3209 ἀκμάζοντα.
3406 3136 3579 3191 Τοῦτο
3621 3137 3717 3189 καὶ

2138 3228 2234 3280 ἐπὶ
2286 3226 2496 3280 ὑδάτων
2541 3225 2639 3279 ἴδοι
2686 3243 2772 3290 τις
2807 3227 2895 3281 ἄν.
2956 3227 3029 3280 Τὸ
3065 3227 3163 3297 μὲν
3204 3226 3312 3297 γάρ
3354 3225 3585 3296 ἑστηκὸς
3622 3225 3714 3278 καὶ

2138 3317 2456 3388 ἀπόρευτον,
2491 3314 2749 3386 βλαϐερόν
2776 3332 2788 3345 ·
2808 3315 2869 3368 τὸ
2895 3316 2952 3369 δὲ
2975 3316 3288 3387 κινούμενον
3308 3316 3401 3369 ml
3430 3312 3714 3379 ἐξαντλοῦ-

2144 3423 2300 3479 μενον
2334 3406 2428 3459 ml
2457 3403 2958 3475 μετοχετευόμενον,
2987 3405 3047 3458 οὐ
3075 3405 3233 3475 μόνον
3272 3403 3508 3472 ὑγιεινὸν
3530 3444 3545 3467 ,
3580 3402 3717 3455 ἀλλά

2141 3493 2237 3547 καὶ
2268 3491 2395 3547 ἰδεῖν
2423 3491 2514 3544 ml
2537 3490 2777 3561 ἅψασθαι
2803 3493 2894 3544 ml
2909 3494 3051 3544 πιεῖν
3065 3491 3212 3562 ἥδιόν
3240 3492 3377 3544 ἐστι.
3403 3489 3669 3552 Πολλάκις
3689 3486 3709 3526 ί

2139 3581 2197 3636 δὲ
2229 3583 2323 3635 καὶ
2347 3580 2444 3651 τὴν
2479 3579 2639 3649 φύσιν
2661 3579 2909 3650 ἐνίκησεν
2938 3582 2971 3650 ὴ
2996 3578 3190 3650 θλίψις.
3220 3579 3295 3632 Τὸ
3328 3579 3437 3649 γάρ
3463 3593 3712 3647 κατωφε-

2145 3669 2236 3742 ρές
2272 3668 2430 3722 τοῦτο
2444 3667 2538 3721 ml
2577 3669 2736 3738 ῥυτὸν
2766 3665 3081 3736 θλιϐόμενον
3110 3666 3246 3738 πρὸς
3279 3667 3378 3736 τὴν
3403 3664 3516 3719 ἀνω
3542 3666 3712 3734 φορὰν

2142 3754 2564 3823 ἐξακοντίζεται.
2607 3756 2671 3807 Ὂ
2708 3753 2773 3827 δὴ
2803 3753 2897 3807 ml
2943 3754 3028 3807 ἐπ’
3070 3751 3371 3826 ἀνθρώπων
3400 3752 3709 3823 συμϐαίνει.

2143 3845 2206 3898 Οἱ
2238 3843 2347 3915 γὰρ
2392 3841 2626 3905 εὐκόλως
2664 3839 2763 3905 τὰς
2806 3840 3011 3910 θλίψεις
3060 3841 3333 3911 φέροντες,
3391 3837 3711 3909 ὑψηλότεροι

2143 3932 2515 3997 καθίστανται,
2551 3930 2655 3985 κᾶν
2689 3929 2895 4008 σφόδρα
2920 3923 3022 3984 ὦσι
3066 3928 3408 4001 χαμαίζηλοι,
3459 3929 3555 3981 καὶ
3590 3926 3715 3996 σφό-

2142 4022 2245 4094 δρα
2281 4023 2479 4094 γήϊνοι,
2511 4021 2604 4075 καὶ
2633 4021 2899 4086 ταπεινοὶ,
2937 4019 3151 4090 μεγάλα
3196 4017 3445 4072 ἐντεῦθεν
3497 4016 3713 4087 κερδαί-

2144 4126 2313 4164 νουσι.
2351 4108 2513 4162 Ταῦτ’
2541 4106 2634 4162 οῦν
2664 4106 2885 4172 εἰδότες,
2915 4108 3168 4180 φέρωμεν
3201 4109 3317 4178 μετ’
3366 4105 3712 4177 εὐχαριστίας

2143 4197 2215 4252 τὰ
2246 4197 2562 4269 ἐπαγόμενα
2597 4196 2766 4263 δεινὰ,
2808 4196 2895 4251 ἵνα
2937 4196 3164 4250 κάκεῖνα
3202 4193 3545 4265 εὐκολώτερα
3587 4194 3714 4265 ἡμῖν

2146 4286 2389 4357 γένηται,
2444 4284 2538 4339 ml
2589 4283 2699 4338 τῶν
2749 4283 3048 4356 μελλόντων
3088 4281 3432 4352 ἐπιτύχωμεν
3474 4279 3711 4349 ἀγαθῶν

2145 4369 2220 4428 ῶν
2247 4373 2457 4442 γένοιτο
2489 4375 2697 4436 πάντας
2733 4373 2881 4442 ἡμᾶς
2912 4370 3224 4440 ἀξιωθῆναι,
3263 4369 3446 4441 χάριστι
3472 4369 3568 4421 καὶ
3596 4365 3713 4434 φιλ-

2147 4459 2434 4532 ανθρωπίᾳ
2472 4459 2567 4513 τοῦ
2622 4459 2827 4530 Κυρίου
2867 4458 3026 4529 ἡμῶν
3080 4456 3253 4528 Ἰησοῦ
3287 4454 3562 4527 Χριστοῦ,
3607 4448 3715 4524 ᾧή

2148 4549 2274 4616 δόξα
2321 4552 2415 4604 ml
2446 4550 2507 4603 τὸ
2548 4548 2749 4621 κράτος
2790 4550 2870 4611 εἰς
2909 4549 3035 4612 τούς
3086 4547 3287 4612 αἰῶνας
3331 4545 3441 4600 τῶν
3484 4544 3714 4600 αἰώνων.

2162 4642 2220 4694 Ἀ
2226 4643 2354 4713 μήν.

2520 4745 2632 4800 ΕΙΣ
2664 4743 2802 4798 TUN
2833 4741 2989 4798 PMB'
3022 4740 3348 4797 ‘I'AAMON.

2294 4872 2492 4941 Κύριε,
2524 4869 2894 4925 εἰσάκουσον
2919 4866 3030 4938 τῆς
3057 4864 3404 4936 προσευχῆς
3442 4882 3582 4931 μου.

2222 5009 2292 5057 α’.
2320 5005 2476 5057 Ἔστι
2507 4999 2605 5071 μὲν
2628 4996 2904 5070 προσευχὴ
2938 4998 3033 5051 καὶ
3056 4997 3089 5067 ἡ
3114 4994 3201 5049 διά
3231 4994 3492 5067 ῥημάτων
3520 4993 3719 5064 δέησις,

2151 5093 2266 5147 ἐστι
2295 5091 2351 5146 δὲ
2397 5092 2489 5144 καὶ
2534 5091 2569 5161 ὴ
2624 5087 2923 5158 ἐπαγγελία
2950 5087 2996 5143 ⁸.
3021 5087 3121 5140 Διά
3155 5086 3314 5140 τοῦτο
3336 5085 3428 5139 καί
3449 5102 3535 5148 τις
3566 5084 3723 5155 σοφὸς

2212 5260 2241 5302 δ
2272 5260 2418 5312 Savil.
2438 5260 2495 5309 τό
2513 5276 2565 5308 τε
2591 5258 2681 5309 bis.

2219 5328 2243 5354 θ
2262 5322 2361 5392 Alii
2386 5322 2618 5392 ⁶ἀμπέλοις
2630 5319 2987 5392 ..ἐπιτρέπουσιν
3007 5321 3052 5367 οἰ
3073 5317 3269 5380 γηπὸνοι
3307 5317 3465 5376 ἀδεῶς
3483 5324 3660 5384 κομᾷν,
3678 5318 3724 5368 ω

2153 5385 2283 5450 quod
2308 5383 2481 5433 eodem
2507 5383 2700 5431 recidit.
2773 5383 2776 5384 ⁷
3599 5383 3603 5384 ί

2219 5446 2241 5516 ς
2268 5447 2423 5516 μίξεσι
2447 5444 2647 5516 ιστηχρς
2687 5444 2769 5491 καὶ
2790 5439 2962 5516 ἀργοῦν
2984 5441 3231 5516 φθείρεταε-
3255 5439 3726 5516 τὸνδὲὶριπιζόμςίσξ.

2155 5512 2235 5560 καὶ
2260 5508 2506 5570 ἀγόμενον,
2530 5505 2612 5570 καὶ
2632 5503 3016 5570 πεῄριξερόμενον,
3048 5503 3356 5570 ὐγιειχότερόν
3374 5503 3492 5570 ’ἐστι
3515 5503 3597 5570 καὶ
3619 5503 3724 5552 ἰδεῖν

2154 5573 2235 5622 καὶ
2255 5563 2582 5632 ἅψασθαι,καὶ
2599 5563 2719 5614 πιεῖν
2740 5563 2888 5626 ἦδὶον’
2912 5563 3153 5621 πολλάκις,
3170 5564 3250 5613 Sic
3274 5563 3459 5615 Savilio
3479 5568 3726 5614 referente

2155 5637 2205 5687 in
2221 5638 2406 5743 έθῧῗιῗιέ
2425 5691 2525 5742 itm
2544 5691 2594 5741 ει
2612 5690 2852 5755 προσευχή
2874 5689 2953 5738 καὶ
2972 5691 3002 5747 ἠ
3030 5685 3298 5750 ἐπαγγελία.
