4012 6280
190 355 293 412 4-ίὸ

182 469 445 538 fragium;
477 472 534 521 et
559 475 734 520 tamen
771 462 976 518 etiamsi
1005 461 1120 515 hzrc
1150 459 1325 515 omnia
1352 459 1636 527 desperata
1667 459 1774 512 sint

182 557 319 629 apud
365 556 634 622 homines,
683 568 973 623 omnesque
1017 551 1211 606 defessi
1254 557 1308 604 et
1335 549 1492 604 malis
1530 550 1772 604 exhausti

180 650 367 714 simus,
402 647 493 701 tibi
525 655 700 700 tamen
728 644 906 698 omnia
939 650 1064 695 sunt
1089 639 1257 694 facilia
1286 655 1301 693 :
1333 636 1476 696 unde
1514 641 1674 695 etiam
1719 639 1771 693 in

179 752 232 796 te
261 746 542 809 sperantes
568 737 786 790 minime
813 732 1220 803 languescimus.
1251 728 1430 784 Portio
1475 746 1588 784 mea
1630 746 1681 782 es
1719 729 1774 783 in

177 841 314 884 nit-ra
340 829 626 882 uisentium.
676 825 788 879 lloc
811 835 910 888 est,
955 823 1085 877 Sors
1123 835 1264 887 mea,
1296 822 1573 876 thesaurus
1602 834 1770 886 meus,

179 919 382 976 divitia:
408 932 564 982 meae,
597 915 773 969 omnia
807 914 919 982 ipse
955 928 1036 970 es.
1062 910 1125 967 In
1159 923 1292 966 terra
1316 911 1602 966 viventium.
1647 910 1775 966 Ter-

180 1024 295 1065 ram
324 1007 617 1062 viventium
645 1006 731 1059 hie
759 1015 916 1060 vocat
944 1005 1166 1075 patriam
1195 1017 1366 1058 suam.
1403 999 1773 1070 Captivitatem

183 1101 327 1155 enim
381 1096 754 1168 Babylonicam
794 1097 992 1151 inferos
1036 1104 1089 1150 et
1140 1101 1368 1148 mortem
1415 1107 1558 1161 saepe
1599 1099 1772 1145 vocat.

186 1192 392 1252 Deinde
417 1191 542 1266 quia
580 1208 701 1248 cum
726 1193 777 1245 in
806 1191 976 1244 aliena
1007 1195 1148 1243 esset
1172 1185 1413 1257 regione,
1459 1185 1646 1240 solitus
1671 1200 1776 1238 non

185 1289 543 1359 peragebatur
570 1287 765 1350 cultus,
798 1285 904 1338 illic
929 1292 1106 1336 autem
1133 1279 1310 1334 omnia
1340 1293 1488 1331 sacra
1517 1286 1570 1331 et
1590 1291 1777 1332 omnes

187 1381 550 1449 implebantur
587 1375 906 1431 ceremoniae
937 1391 948 1426 :
978 1381 1258 1441 pr0pterea
1285 1370 1433 1431 dicit,
1467 1369 1642 1422 Portio
1670 1385 1779 1421 mea

186 1491 238 1529 es
266 1475 320 1527 in
347 1483 482 1527 terra
511 1470 796 1525 uiuentium.
827 1467 1051 1535 Semper
1090 1464 1194 1519 mei
1221 1478 1402 1518 curam
1433 1461 1664 1531 gessisti,
1699 1461 1780 1514 in-

187 1565 326 1633 quit,
377 1571 432 1617 et
456 1577 539 1616 me
568 1560 660 1615 tibi
688 1558 1002 1613 familiarem
1026 1555 1192 1610 fecisti
1218 1553 1273 1608 in
1305 1563 1442 1607 terra
1465 1553 1776 1617 viventium,

188 1666 243 1712 et
271 1669 464 1725 magna
491 1652 619 1708 mihi
647 1662 817 1704 tecum
850 1647 1150 1703 intercessit
1176 1645 1498 1716 conjunctio.

262 1746 488 1802 Peccata
530 1759 804 1814 numquam
834 1742 984 1811 digne
1009 1739 1145 1794 Deus
1175 1740 1355 1810 punit;
1381 1736 1627 1805 confessio
1657 1751 1780 1806 gra-

190 1841 380 1892 tittrum
403 1837 552 1890 actio.
579 1863 654 1874 —
677 1835 732 1887 7.
763 1831 978 1887 Intende
1021 1831 1089 1883 ad
1129 1829 1529 1900 deprecationem
1580 1842 1742 1880 meam
1763 1867 1779 1893 ,

190 1930 315 1996 quia
364 1927 658 1980 humiliatus
705 1939 817 1977 sum
859 1922 1030 1976 nimis.
1054 1919 1214 1975 Vides
1239 1917 1507 1990 quomodo
1533 1915 1673 1986 quod
1703 1931 1784 1970 su-

191 2020 380 2094 perius
403 2018 558 2082 dixit,
607 2017 708 2071 hoc
731 2016 890 2071 etiam
913 2013 1063 2083 ponit
1090 2012 1178 2067 hic
1207 2026 1308 2081 pro
1334 2010 1414 2066 sui
1445 2008 1780 2074 defensione,

194 2111 341 2182 quod
368 2109 680 2164 humiliatus
699 2107 788 2173 sit,
815 2105 1051 2175 inquam,
1082 2102 1224 2173 quod
1253 2109 1588 2171 peccatorum
1625 2111 1784 2167 supra

195 2203 417 2260 modum
469 2214 656 2271 poenas
697 2197 920 2253 dederit.
951 2195 1062 2250 Hoc
1092 2205 1293 2258 autem,
1335 2190 1526 2256 Nimis,
1557 2205 1662 2244 non
1704 2198 1787 2243 est

195 2312 381 2354 eorum
419 2310 539 2363 quat
579 2293 710 2345 facta
759 2298 883 2344 sunt
917 2285 1380 2357 reprehensionis,
1407 2282 1499 2338 sed
1541 2281 1658 2350 ejus
1697 2280 1785 2350 qui

197 2388 398 2458 patitur
422 2383 623 2438 doloris
658 2390 711 2437 et
740 2378 1082 2434 infirmitatis.
1113 2376 1169 2431 Si
1200 2376 1364 2437 enim,
1395 2372 1521 2443 quid
1573 2380 1785 2441 peccata

209 2484 540 2534 mereantur.
571 2469 893 2542 respexeris,
925 2483 1032 2522 non
1051 2477 1131 2522 est
1152 2465 1314 2520 nimia
1344 2463 1642 2520 bumiliatio
1666 2479 1679 2516 :
1707 2461 1788 2516 sin

197 2579 378 2622 autem
439 2564 558 2635 ejus
605 2563 696 2633 qui
744 2560 848 2616 fert
893 2557 1350 2621 imbecillitatem,
1410 2548 1572 2608 nimia
1611 2561 1693 2606 est
1736 2559 1792 2606 et

201 2675 362 2730 supra
416 2656 655 2712 modum.
697 2655 837 2709 Deus
880 2653 1025 2708 enim
1070 2663 1357 2718 numquam
1389 2659 1574 2716 pceuas
1627 2643 1792 2699 sumit

199 2759 432 2823 quantas
462 2755 736 2803 merentur
785 2753 1022 2815 peccata.
1054 2741 1205 2808 Quod
1237 2740 1281 2794 si
1311 2740 1375 2794 iis
1402 2738 1491 2808 qui
1523 2738 1792 2807 patiuntur

199 2843 416 2898 videtur
463 2855 586 2896 esse
637 2835 1029 2899 intolerabilis,
1086 2832 1140 2886 id
1186 2845 1292 2885 non
1330 2843 1396 2883 ex
1449 2843 1633 2883 eorum
1671 2840 1792 2896 qua:

204 2938 346 2990 fiunt
374 2941 561 2987 natura
584 2927 955 3000 proficiscitur,
983 2923 1077 2979 sed
1107 2939 1175 2978 ex
1208 2919 1568 2976 imbecillitate
1604 2931 1790 2972 eorum

208 3026 304 3096 qui
333 3025 424 3078 illa
451 3023 726 3076 sustinent.
759 3018 940 3073 Libera
966 3032 1044 3070 me
1070 3032 1102 3069 a
1131 3010 1532 3085 persequentibus
1558 3026 1654 3076 me,
1675 3009 1794 3080 quia

209 3113 496 3184 confortan‘
505 3121 614 3168 sunt
639 3128 788 3180 super
806 3126 904 3164 me.
927 3108 1064 3163 Ecce
1078 3120 1266 3161 rursus
1289 3105 1388 3159 alia
1405 3117 1584 3166 causa,
1604 3114 1797 3170 nempe

209 3211 430 3278 injustas
459 3220 665 3272 eorum,
683 3203 770 3274 qui
799 3203 944 3259 illum
972 3203 1244 3256 incessunt
1275 3238 1289 3263 ,
1321 3195 1546 3260 insidiae,
1575 3202 1630 3249 et
1653 3191 1796 3264 quod

208 3302 323 3370 ipse
354 3298 426 3354 sit
454 3296 608 3351 valde
632 3293 949 3349 imbecillus.
976 3294 1028 3346 8.
1053 3289 1198 3344 Educ
1232 3288 1296 3342 de
1326 3286 1552 3341 custodia
1575 3285 1798 3338 animam

208 3407 373 3444 meam
415 3433 432 3455 ,
470 3387 538 3440 ad
575 3386 912 3454 conﬁtendum
963 3382 1153 3436 nomini
1204 3390 1307 3433 tuo.
1357 3377 1609 3433 Confiteri
1644 3417 1660 3444 ,
1711 3375 1800 3430 hic

218 3483 437 3553 ponitur
477 3495 578 3551 pro
621 3494 687 3533 eo
723 3476 866 3547 quod
898 3484 980 3531 est
1021 3473 1218 3546 gratias
1258 3486 1435 3541 agere.
1459 3469 1573 3525 Hoc
1600 3476 1682 3524 est
1706 3483 1802 3522 au-

217 3583 319 3628 tem
351 3615 366 3639 ,
394 3570 537 3641 quod
565 3569 729 3624 dicit:
762 3567 953 3623 Libera
981 3581 1068 3620 me
1091 3579 1122 3618 a
1143 3563 1315 3618 malis.
1363 3561 1470 3616 Per
1508 3559 1800 3615 custodiam

207 3664 380 3730 enim,
414 3677 508 3716 seu
551 3673 820 3715 carcerem
853 3700 868 3724 ,
899 3656 1162 3726 significat
1187 3667 1420 3707 sutumas
1449 3651 1799 3706 calamitates.

283 3757 342 3810 5.
383 3753 464 3808 Ad
487 3753 827 3822 conﬁtendum
850 3750 1038 3805 nomini
1061 3759 1168 3802 tuo.
1205 3747 1318 3801 Hoc
1344 3759 1557 3816 quoque
1582 3751 1666 3798 est
1692 3757 1798 3796 non

209 3861 439 3917 parvum
468 3887 484 3911 ,
514 3853 572 3900 ut
591 3845 682 3914 qui
702 3843 862 3898 rebus
886 3849 1103 3896 utuntur
1130 3837 1379 3894 secundis
1408 3877 1423 3900 ,
1455 3843 1799 3904 acceptorum

209 3935 598 3994 beneficiorum
622 3935 840 3989 minime
866 3933 1263 3988 obliviscantur.
1291 3928 1436 3982 Multi
1463 3927 1605 3982 enim
1629 3927 1804 3980 homi-

209 4043 317 4084 nes
355 4027 412 4081 in
458 4025 831 4081 afﬂictionibus
877 4023 1090 4094 quidem
1138 4029 1263 4076 sunt
1301 4019 1669 4089 diligentiores
1704 4035 1719 4084 ;
1752 4021 1803 4072 in

213 4124 385 4180 rebus
408 4129 584 4176 autem
617 4118 888 4190 prosperis
913 4159 927 4184 ,
955 4116 1066 4172 otio
1092 4113 1430 4169 socordiores
1462 4130 1476 4166 :
1507 4111 1594 4165 alii
1623 4126 1805 4166 rursus

212 4217 270 4272 in
301 4214 484 4284 quiete
505 4222 556 4267 et
582 4211 739 4266 rebus
759 4208 1006 4265 secundis
1033 4215 1153 4263 sunt
1181 4204 1528 4275 negligentes,
1556 4211 1610 4257 et
1641 4202 1694 4255 in
1723 4217 1809 4258 re-

214 4309 323 4363 bus
349 4305 588 4360 adversis
615 4303 684 4359 de
712 4317 770 4358 se
793 4301 1097 4370 desperant,
1129 4306 1184 4352 et
1205 4297 1340 4352 ﬂunt
1363 4295 1679 4366 supiniores.
1701 4291 1808 4348 Sed

216 4399 312 4454 hic
351 4399 404 4451 in
451 4404 672 4464 utraque
716 4393 905 4448 horum
948 4399 1244 4460 temporum
1286 4385 1584 4442 differentia
1630 4393 1811 4438 manet

219 4504 443 4559 semper
488 4486 731 4543 eamdem
774 4484 1075 4540 cautionem
1118 4480 1417 4543 adhibens;
1450 4493 1623 4547 neque
1668 4476 1809 4530 enim

220 4582 467 4645 afﬂictio,
497 4589 556 4636 ut
581 4580 624 4633 is
647 4578 826 4632 animo
853 4574 1192 4638 concideret,
1220 4571 1400 4628 effecit
1426 4614 1442 4638 ,
1469 4569 1564 4626 sed
1591 4569 1656 4624 ad
1683 4584 1809 4624 ora-

225 4677 430 4731 tionem
478 4674 654 4744 potius
696 4680 751 4726 et
795 4669 1231 4738 supplicationem
1273 4680 1395 4720 eum
1414 4663 1672 4718 adducit:
1717 4668 1816 4716 nec

227 4784 408 4824 rerum
438 4778 808 4836 prosperarum
831 4773 1114 4815 successus
1147 4766 1202 4812 et
1227 4757 1391 4812 otium
1417 4770 1540 4810 eum
1567 4753 1814 4822 supinum

228 4859 484 4924 reddidit,
514 4856 608 4911 sed
633 4865 758 4910 tunc
777 4853 936 4910 etiam
961 4860 1174 4920 paratus
1202 4859 1283 4904 cst
1307 4848 1374 4902 ad
1402 4847 1690 4917 gratiarum
1721 4859 1814 4898 ac-

232 4955 458 5007 tionem.
491 4949 575 5004 Me
602 4945 958 5017 exspectabant
977 4945 1109 5016 justi
1133 4983 1148 5008 ,
1196 4937 1354 4995 donec
1390 4939 1638 4993 retribuas
1672 4935 1818 4989 milii.

233 5044 405 5106 Alius,
433 5039 758 5095 Coronabunt
777 5038 907 5106 justi
930 5077 943 5101 ,
972 5033 1176 5104 quando
1199 5049 1276 5085 me
1304 5030 1544 5098 beneﬁcio
1567 5026 1817 5094 effeceris.

234 5135 372 5203 Quid
401 5133 503 5188 hoc
539 5131 671 5187 est?
715 5129 824 5184 lloc
862 5141 1072 5198 quoque
1094 5124 1252 5196 justis
1285 5120 1542 5192 proderit.
1577 5118 1653 5173 Illi
1681 5117 1822 5173 enim

232 5225 562 5297 gaudebunt,
593 5222 770 5278 laetitia
802 5220 1102 5274 afficientur
1129 5257 1144 5284 ,
1176 5213 1516 5271 exsultabunt
1547 5252 1562 5276 ,
1589 5225 1710 5265 cum
1739 5223 1826 5264 me

243 5319 468 5374 viderint
497 5317 777 5371 liberatum
807 5329 837 5368 a
864 5313 1035 5366 malis.
1069 5309 1228 5365 Tales
1268 5307 1411 5363 enim
1457 5314 1579 5360 sunt
1610 5309 1826 5358 sancto-

243 5426 357 5462 rum
386 5409 619 5462 animat:
651 5420 838 5460 eorum
866 5419 985 5458 cum
1013 5401 1206 5472 quibus
1243 5400 1382 5453 male
1417 5397 1591 5466 agitur
1617 5436 1632 5459 ,
1660 5394 1826 5449 mise-

244 5508 448 5562 rentur;
473 5512 574 5552 nec
595 5496 659 5550 iis
679 5494 918 5549 invident
933 5493 1126 5562 quibus
1149 5506 1236 5545 res
1255 5486 1502 5543 secundae
1529 5485 1826 5549 evenerint,

248 5591 342 5645 sed
366 5590 602 5662 gaudent
625 5597 678 5644 et
705 5588 948 5642 laetantur
975 5627 990 5650 ,
1042 5594 1096 5638 et
1143 5581 1208 5636 iis
1245 5581 1334 5651 qui
1367 5577 1624 5634 beneficio
1654 5573 1830 5630 affecti

249 5693 370 5736 sunt
394 5680 749 5752 gratulantur.
777 5676 928 5744 Quod
950 5676 1109 5730 etiam
1136 5673 1295 5743 jussit
1323 5670 1542 5735 Paulus,
1572 5665 1830 5732 Gaudere,

254 5772 518 5847 inquiens,
536 5787 652 5826 cum
673 5768 1020 5842 gaudentibus,
1051 5775 1097 5822 et
1121 5766 1242 5836 ﬂere
1267 5779 1379 5818 cum
1407 5757 1830 5832 ﬂentibus(Rom.

1301 343 1660 403 EXPOSl'l‘IO
1701 342 1768 401 IN,
1795 343 2113 401 PSALMUM
2148 343 2352 406 CXLII.

3339 362 3447 419 H6

1886 459 1972 514 η.
2005 461 2113 528 i5).
2141 460 2254 516 Non
2281 470 2363 516 est
2390 469 2566 515 autem
2592 460 2708 516 inec
2738 475 2894 532 parva
2922 462 3110 517 virtus.
3143 461 3290 517 Multi
3316 430 3477 518 enim.

1874 551 2177 619 jacentibus
2200 551 2487 606 lictabundi
2509 553 2782 618 insultant,
2810 561 2865 608 et
2891 568 2949 608 se
2975 553 3297 624 erigentibus
3325 555 3463 609 invi-

1879 643 2040 709 dent,
2069 658 2136 698 ex
2161 643 2476 698 crudelitate
2500 653 2553 699 ct
2578 659 2783 699 summa
2809 645 3191 700 inhumanitate
3214 654 3464 713 utrasque

1883 733 1978 789 has
2009 734 2432 804 perturbationes
2457 736 2620 790 animi
2653 736 2939 805 parientes.
2968 738 3036 790 At
3062 751 3166 791 non
3194 735 3270 790 sic
3294 735 3461 804 justi,

1880 824 1975 880 sed
2006 825 2072 879 ab
2099 827 2200 880 hoc
2225 836 2450 896 utroque
2475 827 2603 880 vitio
2631 826 2860 891 liberati,
2884 841 3004 880 cum
3031 825 3138 880 sint
3160 827 3466 880 miscricor-

1881 916 1979 972 des
2007 926 2061 972 et
2096 917 2390 972 clementes
2419 960 2435 985 ,
2463 917 2561 972 has
2596 918 2820 973 virtutes
2860 919 3152 987 possident.
3199 917 3465 985 Quemad—

1882 1008 2097 1063 modum
2129 1024 2257 1078 ergo
2283 1009 2385 1064 illis
2411 1025 2475 1064 ex
2501 1009 2817 1063 crudelitate
2841 1017 3062 1079 utraque
3089 1011 3360 1074 eveniunt,
3393 1009 3461 1064 ita

1884 1097 1966 1153 his
1989 1107 2203 1167 propter
2224 1099 2610 1154 humanitatem
2632 1109 2685 1154 et
2710 1099 3043 1154 clementiam
3071 1142 3085 1164 ,
3117 1099 3257 1170 quod
3283 1108 3462 1155 eteo-

1885 1203 2001 1242 rum
2050 1189 2138 1257 qui
2189 1188 2370 1243 dolent
2397 1189 2874 1244 commisereautur
2898 1229 2913 1255 ,
2946 1189 3080 1244 etiis
3111 1206 3232 1245 cum
3275 1190 3464 1261 quibus

1881 1280 2018 1335 bene
2039 1282 2210 1350 agitur
2233 1282 2582 1336 collactentur.

1956 1371 2249 1441 Aﬁiictionis
2275 1371 2544 1426 tolerantia
2576 1375 3034 1430 meritoria.—Cur
3063 1385 3240 1431 autem
3273 1376 3408 1433 dixit
3437 1421 3452 1441 ,

1885 1459 2064 1515 Donec
2109 1462 2358 1517 retribuas
2399 1463 2520 1517 mihi
2549 1465 2576 1517 Ρ
2603 1465 2755 1520 Alius
2800 1467 3010 1536 quidem
3043 1468 3171 1522 dicit
3200 1511 3216 1535 ,
3250 1469 3467 1534 Quando

1885 1553 2010 1605 nti/ti
2024 1552 2321 1622 bencfeccris
2338 1555 2438 1626 (a).
2461 1555 2562 1610 Alii
2588 1573 2734 1623 vero,
2762 1559 2977 1623 Quando
2992 1561 3230 1614 retribues
3251 1570 3294 1614 et
3310 1579 3470 1614 remu-

1885 1643 2135 1697 neraberis
2163 1661 2258 1699 me.
2303 1647 2462 1716 Atqui
2487 1648 2732 1716 superius
2759 1649 2892 1703 dixit
2919 1649 3260 1706 afﬂictionem
3288 1661 3343 1706 et
3371 1652 3469 1706 hu-

1886 1735 2236 1818 miliationem
2269 1777 2286 1802 ,
2318 1753 2423 1792 non
2475 1740 2730 1808 praeclara
2772 1740 3003 1796 facinora
3027 1783 3043 1809 ,
3080 1758 3181 1798 nec
3217 1759 3283 1798 ex
3323 1754 3468 1799 recte

1887 1825 2038 1882 factis
2079 1828 2344 1882 fiduciam.
2392 1828 2557 1898 Cujus
2597 1841 2773 1885 autem
2817 1832 2895 1886 rei
2939 1833 3237 1888 mercedem
3291 1835 3472 1904 petit?

1888 1916 1993 1972 Pro
2018 1917 2208 1973 diebus
2237 1919 2637 1976 humiliationis.
2666 1920 2782 1974 Non
2809 1929 2892 1976 est
2919 1922 3061 1976 enim
3085 1924 3335 1993 pusillum
3367 1925 3467 1980 hoc

1889 2017 2034 2064 recte
2063 2009 2278 2078 factum,
2303 2010 2444 2066 ferre
2469 2011 2808 2066 afﬂictionem
2839 2027 2958 2066 eum
2985 2015 3273 2084 gratiarum
3300 2017 3468 2069 actio-

1890 2114 1977 2164 ne,
2003 2108 2056 2152 et
2077 2099 2195 2154 ideo
2224 2108 2378 2154 vocat
2399 2101 2822 2168 retributionem,
2848 2118 2964 2156 eam
2985 2144 3001 2169 ,
3033 2119 3150 2172 quae
3173 2103 3260 2158 illa
3289 2105 3471 2173 sequi-

1892 2195 1995 2255 tur,
2015 2189 2334 2244 mercedem.
2357 2189 2434 2244 Nc
2456 2205 2555 2245 nos
2576 2206 2702 2261 ergo
2719 2207 2974 2259 angamur
2999 2193 3050 2245 in
3076 2193 3470 2262 afflictionibus,

1891 2281 1984 2336 sed
2014 2297 2230 2336 oremus
2261 2298 2327 2338 ne
2368 2283 2624 2338 intremus
2649 2285 2700 2338 in
2725 2286 3074 2340 tentationem
3102 2303 3116 2339 :
3149 2303 3268 2356 qum
3293 2297 3474 2344 autem

1891 2374 2170 2430 evenerint
2197 2376 2542 2445 excipiamus.
2578 2377 2651 2431 lta
2679 2378 2820 2432 enim
2852 2389 2903 2433 ct
2929 2388 3140 2448 peccata
3171 2388 3349 2435 nostra
3380 2381 3474 2438 de-

1897 2467 2180 2536 ponimus:
2211 2476 2266 2522 et
2297 2469 2341 2522 si
2366 2484 2468 2537 qua
2499 2480 2582 2524 eSt
2613 2470 2663 2523 in
2694 2470 2852 2525 nobis
2867 2471 3097 2540 jnstitia,
3136 2488 3254 2526 eam
3283 2473 3477 2529 clario-

1893 2571 2008 2611 rem
2037 2557 2327 2627 reddimus.
2360 2557 2414 2612 ld
2441 2569 2617 2614 autem
2643 2559 2743 2615 Job
2758 2561 3012 2627 osmndit,
3041 2563 3130 2630 qui
3160 2572 3284 2618 tunc
3307 2564 3478 2634 magis

1893 2649 2104 2705 claruit.
2137 2650 2249 2706 Hoc
2275 2649 2472 2705 bonum
2505 2661 2585 2707 est
2609 2652 2769 2707 etiam
2793 2653 2844 2706 in
2869 2653 3214 2722 corporibus:
3240 2655 3339 2709 hoc
3369 2671 3474 2710 non

1896 2740 2071 2796 solum
2094 2742 2248 2796 estin
2274 2743 2612 2809 hominibus,
2646 2743 2740 2798 sed
2774 2743 2934 2799 etiam
2965 2743 3016 2797 in
3046 2743 3216 2798 brutis
3244 2763 3256 2799 :
3291 2761 3395 2800 non
3421 2747 3476 2801 in

1899 2835 2069 2889 brutis
2099 2836 2270 2890 solum
2298 2877 2314 2901 ,
2344 2835 2438 2892 sed
2469 2837 2628 2891 etiam
2654 2837 2705 2890 in
2741 2836 2953 2906 plantis.
2983 2836 3052 2891 Et
3076 2836 3196 2892 ideo
3223 2853 3291 2892 ne
3315 2838 3366 2892 in
3396 2838 3480 2892 vi-

1900 2925 2039 2981 tibus
2075 2926 2289 2996 quidem
2323 2929 2634 2996 permittunt
2663 2927 2908 2998 agricolae
2934 2941 3115 2982 comas
3136 2927 3294 2981 nimis
3325 2928 3481 2983 luxu-

1899 3017 2058 3085 riare,
2090 3033 2190 3073 nec
2215 3019 2266 3072 in
2289 3019 2408 3073 aliis
2437 3017 2845 3082 arboribus,sed
2876 3033 2943 3073 nc
2972 3018 3190 3074 nimium
3218 3027 3479 3086 crescant,

1901 3108 2035 3164 falce
2071 3109 2386 3179 prohibent,
2414 3124 2602 3165 omnes
2626 3125 2809 3164 earum
2847 3111 2987 3165 vires
3026 3110 3076 3164 in
3107 3110 3315 3165 radices
3350 3125 3480 3165 eon-

1899 3211 2194 3270 vertentes,
2225 3216 2294 3257 ne
2319 3217 2397 3256 ea:
2437 3202 2490 3256 in
2523 3201 2665 3256 foliis
2695 3211 3023 3272 consumptae.
3065 3201 3269 3257 fructus
3295 3203 3484 3257 inanes

1900 3304 1956 3349 et
1993 3294 2208 3350 inutiles
2231 3294 2546 3364 producant.
2579 3293 2729 3362 Quod
2760 3295 2974 3364 quidem
3003 3295 3182 3349 evenit
3225 3294 3386 3349 etiam
3431 3295 3484 3348 in

1903 3387 2228 3442 hominibus.
2268 3384 2456 3442 Studio
2496 3386 2638 3440 enim
2679 3385 2730 3439 in
2775 3401 2835 3440 ea
2880 3399 3000 3455 quae
3044 3394 3170 3439 sunt
3218 3384 3485 3454 superﬂua

1903 3486 2252 3547 consumpto,
2276 3476 2593 3531 imbecillior
2630 3476 2689 3530 fit
2713 3477 2922 3530 animus
2951 3476 3016 3530 ad
3049 3476 3322 3531 ferendum
3347 3477 3486 3532 fruc-

1904 3575 2017 3623 tum
2050 3569 2258 3639 pietatis
2287 3577 2549 3622 maturum
2579 3577 2631 3623 et
2661 3567 2971 3638 perfectum.
2999 3567 3111 3622 Hoc
3135 3570 3297 3622 etiam
3319 3566 3488 3623 videri

1906 3671 2079 3733 potest
2107 3661 2160 3715 in
2186 3661 2360 3730 aquis.
2390 3660 2520 3726 Qua:
2540 3660 2682 3714 enim
2705 3659 2950 3713 consistit
2978 3666 3032 3712 et
3052 3674 3159 3712 non
3188 3665 3329 3712 meat
3359 3699 3373 3722 ,
3405 3666 3488 3713 est

1906 3751 2100 3807 noxia:
2129 3751 2222 3806 sed
2254 3767 2371 3821 qua:
2399 3759 2642 3805 movetur
2662 3791 2676 3815 ,
2700 3749 3028 3815 exhauritur,
3065 3758 3118 3803 et
3139 3764 3233 3818 per
3261 3749 3414 3802 tubos
3435 3756 3493 3803 et

1907 3859 2058 3915 aqua:
2086 3843 2278 3899 ductus
2307 3841 2683 3896 transmittitur
2707 3883 2721 3907 ,
2752 3857 2857 3895 non
2887 3841 3059 3894 solum
3091 3849 3172 3894 est
3216 3837 3446 3893 salubris
3470 3879 3486 3903 ,

1908 3939 2004 3994 sed
2032 3946 2087 3992 et
2115 3937 2232 3991 visu
2260 3977 2276 4003 ,
2311 3947 2366 3990 et
2392 3944 2532 3990 tactu
2567 3977 2582 4000 ,
2615 3943 2669 3988 et
2696 3942 2821 4002 potu
2850 3941 2933 3987 est
2969 3930 3314 4001 jucundior‘.
3334 3930 3492 4000 Saepe

1909 4032 2070 4088 etiam
2111 4029 2239 4084 vicit
2265 4036 2504 4082 naturam
2545 4026 2782 4080 afﬂictio.
2826 4023 2979 4092 Quod
3021 4023 3162 4076 enim
3208 4020 3488 4075 ﬂaccidum

1910 4132 2015 4191 est,
2039 4131 2093 4177 et
2121 4121 2371 4176 deorsum
2401 4120 2589 4184 fertur,
2619 4118 2664 4172 si
2695 4127 2984 4187 prematur,
3007 4128 3220 4168 sursum
3249 4112 3490 4181 erigitur.

1912 4197 2065 4285 Quod
2089 4213 2248 4268 etiam
2278 4209 2471 4266 accidit
2497 4209 2548 4263 in
2581 4207 2902 4262 hominibus.
2935 4205 3034 4273 Qui
3065 4204 3206 4258 enim
3239 4203 3392 4258 facile
3421 4203 3499 4258 fe-

1915 4315 2039 4362 runt
2068 4305 2385 4361 afﬂictiones
2412 4344 2425 4367 ,
2455 4302 2751 4357 redduntur
2772 4299 3095 4354 excelsiores
3114 4339 3128 4363 ,
3155 4297 3362 4352 etiamsi
3394 4298 3502 4351 sint

1915 4398 2069 4454 valde
2094 4396 2285 4467 abjecti
2317 4437 2332 4461 ,
2381 4393 2579 4450 terreni
2609 4433 2625 4460 ,
2666 4401 2719 4446 et
2746 4389 2974 4444 humiles
2999 4408 3014 4444 :
3043 4395 3099 4444 et
3121 4404 3186 4443 ex
3217 4388 3281 4443 iis
3310 4403 3499 4458 magna

1917 4490 2199 4546 commoda
2244 4487 2536 4558 accipiunt.
2589 4484 2712 4538 llaac
2749 4497 2877 4553 ergo
2917 4497 3037 4537 cum
3075 4481 3302 4535 sciamus
3335 4523 3350 4548 ,
3381 4495 3502 4534 cum

1917 4582 2207 4652 gratiarum
2233 4579 2444 4635 actione
2468 4576 2699 4632 feramus
2730 4575 2865 4628 mala
2896 4616 2910 4640 ,
2946 4589 3064 4643 quae
3094 4573 3146 4626 in
3175 4588 3274 4628 nos
3305 4573 3501 4627 immit-

1921 4682 2106 4726 tuntur
2133 4711 2148 4734 ,
2189 4678 2247 4724 ut
2267 4677 2320 4726 et
2352 4668 2444 4723 illa
2470 4665 2625 4722 nobis
2653 4664 2778 4719 ﬁant
2807 4663 3066 4729 faciliora,
3090 4672 3144 4718 et
3169 4664 3305 4718 bona
3331 4660 3506 4716 futura

1923 4777 2315 4833 consequamur
2345 4777 2358 4812 :
2387 4775 2505 4831 quae
2552 4758 2708 4812 detur
2750 4757 2902 4811 nobis
2928 4756 3174 4810 omnibus
3201 4753 3454 4825 consequi
3489 4795 3506 4820 ,

1924 4855 2092 4928 gratia
2141 4863 2196 4909 et
2243 4851 2527 4908 clementia
2569 4849 2778 4905 Domini
2808 4847 2975 4903 nostri
3005 4846 3130 4902 Jcsu
3151 4846 3348 4901 Christi
3374 4886 3389 4909 ,
3422 4843 3509 4898 cui

1925 4949 2091 5019 gloria
2120 4957 2175 5002 et
2194 4945 2476 5016 imperium
2494 4985 2507 5008 ,
2541 4955 2681 4996 nunc
2697 4951 2749 4995 et
2765 4954 2999 5010 semper,
3014 4947 3067 4994 et
3105 4937 3158 4992 in
3186 4936 3378 4991 saecula
3403 4949 3510 4987 sa:-

1927 5042 2190 5095 culorum.
2226 5039 2419 5092 Amen.
2535 5043 2546 5050 ‘

2388 5149 2452 5205 lN
2492 5146 2710 5204 PSALM
2723 5144 2817 5201 UM
2855 5140 3056 5198 CXLII.

2215 5247 2268 5300 1.
2289 5243 2523 5308 Domine,
2549 5239 2733 5294 exaudi
2757 5237 3033 5292 orationem
3057 5249 3236 5288 meam.

2005 5341 2054 5396 1.
2098 5338 2196 5394 Est
2235 5336 2448 5406 quidem
2491 5343 2760 5403 προσευχὴ,
2801 5339 2856 5385 et
2902 5327 3137 5403 precatio
3175 5339 3294 5395 quae
3323 5323 3382 5380 fit
3425 5339 3515 5394 per

1999 5453 2014 5482 ι
2043 5446 2159 5506 Alii,
2184 5459 2309 5507 quos
2341 5440 2391 5491 in
2418 5446 2563 5507 textu
2594 5442 2798 5507 secutus
2823 5438 2902 5482 est
2930 5431 3121 5507 Sari},
3139 5427 3320 5507 habent
3346 5428 3508 5507 igua;

1936 5489 2622 5564 enim-.conjsis'tit—etﬂotiosa
2661 5503 2749 5564 est,
2792 5489 3153 5564 corrumpitur;
3193 5502 3310 5558 quae
3347 5493 3508 5564 autem

1942 5551 2318 5633 transportatur,
2343 5551 2598 5633 movetur,
2635 5551 3000 5620 circumfertur,
3019 5551 3264 5604 δωυὸνὶον
3287 5558 3358 5604 est
3383 5551 3508 5610 visu,

1943 5640 1988 5686 et
2008 5622 2153 5687 tactu,
2187 5636 2230 5679 et
2250 5633 2363 5690 potu
2391 5622 2672 5690 jucundior.
2746 5681 2756 5690 ο

2007 5678 2790 5754 ζῖιῘἩεὲόηεπξ-ἰηῑετριπεῑλιὶο
2837 5686 2914 5732 est
2965 5681 3106 5744 juxta
3147 5678 3511 5742 Symmachum,

1947 5746 2102 5808 altera
2122 5754 2262 5815 juxta
2285 5746 2530 5812 Aquilam.
