4012 6280
531 320 634 376 447

527 432 688 487 verba
708 473 724 497 ,
756 439 814 486 et
844 439 926 484 est
955 429 1116 484 etiam
1145 428 1461 498 promissum
1489 439 1584 480 seu
1613 431 1810 479 votum.
1846 422 2107 491 Quocirca

531 523 720 578 suadet
758 521 918 578 etiam
958 520 1170 591 quidam
1202 520 1413 590 sapiens
1435 560 1450 584 ,
1481 519 1664 573 dicens
1685 559 1700 582 ,
1747 516 1830 570 Ne
1855 515 2109 571 iteraveris

530 614 734 667 verbmn
767 613 821 666 in
851 613 1075 667 oratione
1101 621 1185 665 tua
1209 608 1395 682 (Eccli.
1425 610 1477 664 7.
1503 609 1608 680 l5).
1637 608 1755 664 Non
1779 618 1952 662 autem
1982 606 2108 661 hor—

532 715 672 760 tatur
698 715 751 759 et
778 703 962 758 suadet
990 711 1049 757 ut
1071 718 1175 757 non
1202 701 1388 757 eadem
1416 700 1496 756 bis
1518 701 1774 764 dicamus,
1799 715 1920 755 cum
1945 698 2108 753 Deum

534 811 781 866 rogamus
805 806 860 850 et
887 809 1198 864 precamur;
1226 794 1362 847 absit
1386 810 1398 844 :
1423 793 1672 862 jubemur
1696 792 1836 846 enim
1863 804 2108 859 perseve-

534 901 652 940 rare
695 888 745 938 in
789 886 1149 948 orationibus;
1193 884 1286 938 sed
1317 900 1382 938 ne
1410 883 1718 938 differamus
1754 882 1965 952 quando
2002 883 2111 935 Deo

535 976 732 1046 aliquid
773 973 1030 1030 fuerimus
1061 974 1279 1045 polliciti
1306 1015 1320 1037 ,
1349 982 1404 1028 et
1429 973 1479 1027 id
1508 973 1712 1027 solvere
1745 986 2110 1041 properemus.

535 1067 601 1121 Et
631 1067 748 1121 ideo
775 1066 902 1120 dicit
924 1065 1048 1120 alibi
1080 1083 1092 1117 :
1124 1064 1207 1118 Ne
1231 1063 1440 1130 ili/feras
1465 1063 1670 1118 reddere
1703 1072 1867 1115 votum
1901 1060 2107 1133 (Eccle.

540 1160 592 1216 5.
619 1159 696 1230 5).
728 1159 978 1213 Futurum
1008 1157 1148 1211 enim
1171 1165 1254 1210 est
1282 1157 1561 1210 incertum.
1595 1155 1686 1210 Vel
1708 1154 1848 1208 enim
1875 1153 2109 1220 morbus,

536 1249 618 1303 vel
647 1265 765 1320 quae
793 1256 987 1320 praeter
1014 1247 1322 1318 opinionem
1353 1245 1599 1299 accidunt
1635 1246 1842 1314 negotia
1866 1285 1882 1310 ,
1929 1245 2111 1313 prohi-

539 1340 768 1396 buerint.
797 1339 946 1406 Quod
975 1340 1016 1393 si
1043 1338 1184 1392 enim
1209 1352 1353 1391 mors
1373 1336 1659 1390 adveniens
1681 1344 1730 1389 te
1752 1334 2110 1404 interrupcrit,

535 1449 638 1486 non
684 1432 893 1487 dabitur
941 1431 1032 1486 tibi
1078 1431 1249 1484 venia.
1291 1427 1595 1483 Orationem
1639 1437 1817 1482 autem
1861 1427 1948 1480 hic
1989 1425 2117 1480 dicit

535 1522 893 1591 precationem
921 1529 976 1574 et
997 1519 1466 1589 supplicationem;
1490 1525 1544 1572 et
1570 1516 1690 1572 ideo
1717 1515 1986 1585 subjunxit
2012 1518 2114 1570 hoc

533 1615 702 1682 ipsum
728 1613 1032 1683 signiﬁcans
1048 1654 1063 1676 ,
1087 1609 1302 1664 Auribus
1323 1609 1522 1680 percipe
1545 1606 1928 1662 obsecrationem
1954 1621 2115 1659 meam

531 1707 585 1758 in
622 1706 824 1758 veritate
858 1713 964 1756 tua.
999 1703 1178 1766 Alius,
1208 1700 1274 1754 In
1303 1700 1404 1769 ﬁde
1429 1709 1536 1752 tua.
1567 1699 1746 1762 Alius,
1779 1696 1843 1751 In
1881 1697 2116 1766 ﬁrmitate

532 1810 620 1854 tua
653 1797 748 1870 (a).
794 1797 907 1852 lloc
931 1803 1016 1850 est
1039 1836 1056 1862 ,
1083 1795 1272 1849 Annue
1312 1793 1550 1862 petitioni
1573 1805 1590 1856 ',
1622 1800 1676 1846 et
1704 1791 1785 1845 [ac
1813 1798 1869 1844 ut
1896 1804 1958 1844 ea
1982 1788 2113 1844 ell'e-

533 1899 678 1945 ctum
702 1893 1084 1956 consequatur,
1113 1894 1200 1938 tua
1228 1883 1448 1938 veritate
1474 1883 1793 1936 conﬁrmans
1817 1898 1829 1932 :
1855 1888 2001 1935 utere
2028 1887 2115 1934 tua

539 1979 777 2053 potentia
818 1978 885 2032 ad
923 1992 985 2032 ea
1031 1975 1295 2046 implenda
1320 2015 1335 2041 ,
1367 1990 1486 2045 qua:
1528 1982 1669 2044 peto.
1708 1973 1814 2028 Sed
1844 1971 2115 2026 videamus

537 2071 836 2142 cujusmodi
861 2070 928 2124 sit
952 2069 1254 2139 postulatio.
1283 2065 1438 2137 Apud
1464 2065 1725 2131 homines,
1759 2062 1968 2134 quando
1997 2063 2115 2132 quis

535 2168 691 2222 oll‘ert
718 2163 1152 2235 supplicationem
1173 2202 1188 2227 ,
1222 2160 1323 2214 hoc
1359 2159 1816 2227 eonsiderant,qui
1851 2171 1968 2211 eam
1996 2170 2118 2210 sus—

533 2258 738 2327 cipiunt
766 2257 804 2319 ¹,
835 2262 890 2310 et
917 2255 960 2307 si
984 2253 1124 2322 justa
1154 2253 1223 2307 sit
1249 2267 1310 2306 ac
1335 2252 1588 2322 legitima,
1616 2248 1851 2302 auditur.

604 2347 918 2404 Conscientia
952 2345 1116 2416 judex
1156 2345 1400 2408 interior;
1437 2342 1686 2396 auxilium
1714 2340 1812 2394 Dei
1850 2341 1903 2394 in
1937 2340 2113 2412 quibus

532 2441 678 2495 rebus
705 2437 1046 2507 quaerendum.
1075 2465 1147 2477 -
1170 2434 1275 2490 Sed
1314 2433 1453 2503 apud
1491 2432 1734 2486 homines
1776 2431 1987 2502 quidem
2015 2446 2114 2501 pro

537 2530 829 2585 honoribus
852 2569 867 2594 ,
895 2525 1235 2596 dignitatibus
1259 2564 1276 2591 ,
1306 2535 1361 2580 et
1399 2524 1638 2595 pecuniis
1665 2522 1722 2576 lit
1759 2522 2072 2592 supplicatio
2093 2561 2114 2590 ,

534 2635 678 2689 srepe
706 2619 864 2674 etiam
893 2626 946 2672 ut
971 2615 1313 2687 prohibeatur
1339 2615 1529 2684 injuria
1564 2632 1578 2670 :
1605 2614 1691 2668 alii
1717 2623 1893 2667 autem
1923 2627 1985 2668 ea
2018 2628 2114 2682 pe-

537 2719 654 2766 tunt
681 2724 800 2780 quae
824 2716 948 2764 sunt
976 2707 1196 2774 majora,
1231 2721 1385 2774 quam
1416 2714 1472 2760 ut
1499 2704 1614 2759 fieri
1645 2704 1847 2774 possint
1872 2719 1900 2758 a
1921 2703 2116 2773 judici-

535 2802 635 2856 bus
665 2817 678 2852 :
705 2814 803 2854 nos
826 2807 1004 2854 autem
1031 2797 1393 2867 supplicamus
1419 2810 1514 2865 pro
1546 2803 1884 2864 peccatorum
1910 2795 2115 2850 condo-

535 2895 752 2949 natione
775 2933 789 2956 ,
818 2899 872 2947 et
900 2900 1023 2945 tunc
1045 2889 1286 2944 venimus
1305 2889 1371 2942 ad
1398 2887 1833 2958 supplicationem
1859 2928 1873 2954 ,
1902 2886 2115 2957 quando

537 2985 775 3040 internus
817 2981 980 3052 judex
1026 2997 1130 3034 non
1174 2978 1478 3044 remiSerit,
1527 2979 1853 3035 conscientia
1899 2979 2114 3047 inquam

536 3087 719 3132 nostra
743 3117 759 3142 ,
787 3089 905 3145 qua:
935 3087 1032 3126 nos
1059 3078 1211 3141 urget
1233 3084 1296 3124 ac
1324 3077 1500 3126 vexat.
1545 3068 1726 3138 Neque
1749 3069 1890 3123 enim
1917 3070 1971 3123 in
1999 3069 2115 3139 ejus

535 3176 800 3240 potestate
827 3167 985 3222 situm
1019 3172 1101 3219 est
1137 3162 1428 3216 remittere.
1464 3161 1531 3214 Et
1572 3158 2017 3230 quemadmodum
2048 3161 2114 3215 ad

536 3262 914 3331 Imperatorem
936 3270 1092 3311 nemo
1113 3269 1208 3324 pro
1229 3261 1377 3306 veste
1398 3247 1620 3306 discissa
1643 3291 1658 3315 ,
1689 3266 1788 3305 nec
1813 3265 1906 3320 pro
1929 3249 2115 3306 decem

537 3353 710 3407 obolis
747 3348 942 3420 ereptis
981 3345 1141 3402 audet
1180 3342 1475 3399 accedere:
1505 3342 1577 3396 ita
1615 3342 1773 3396 etiam
1814 3350 1869 3395 tu
1895 3382 1911 3408 ,
1958 3349 2117 3411 atque

538 3444 673 3499 adeo
702 3443 857 3511 longe
894 3440 1118 3510 amplius
1143 3479 1156 3501 ,
1185 3451 1314 3492 cave
1353 3449 1420 3490 ne
1459 3434 1526 3489 ad
1568 3435 1732 3489 Deum
1762 3435 1982 3491 accedas
2019 3451 2116 3504 pro

538 3536 699 3593 rebus
729 3533 916 3588 vilibus
944 3540 998 3586 et
1025 3528 1175 3584 nihili
1212 3547 1226 3582 :
1257 3536 1314 3582 ut
1338 3526 1483 3581 verbi
1510 3527 1698 3596 gratia,
1725 3526 1770 3582 si
1799 3527 1916 3596 quis
1947 3527 2000 3582 in
2026 3541 2116 3596 pe-

539 3624 696 3682 cunia
727 3622 822 3676 tibi
848 3620 1032 3676 fecerit
1056 3617 1320 3687 injuriam,
1343 3625 1433 3670 aut
1455 3617 1497 3669 si
1519 3616 1635 3686 quis
1655 3615 1892 3670 all‘ecerit
1916 3625 1967 3671 te
1989 3632 2118 3671 con-

539 3715 756 3772 tumelia
783 3731 796 3766 :
821 3712 914 3768 sed
935 3713 987 3766 in
1010 3711 1076 3766 iis
1105 3710 1156 3764 in
1179 3710 1369 3779 quibus
1389 3709 1629 3763 diabolus
1652 3716 1702 3762 te
1723 3708 1911 3778 injuria
1932 3709 2114 3778 allicit,

539 3817 651 3862 tum
676 3819 907 3874 superno
934 3801 1163 3856 maxime
1187 3799 1382 3853 auxilio
1411 3813 1544 3866 Opus
1572 3806 1672 3852 est.
1723 3799 1791 3852 At
1817 3813 1920 3852 non
1950 3799 2114 3854 habes

537 3899 625 3967 qui
657 3899 729 3952 tui
752 3911 936 3952 curam
961 3901 1139 3964 gerat,
1171 3901 1226 3947 et
1257 3901 1397 3944 tuam
1427 3888 1863 3958 supplicationem
1890 3889 2115 3945 offerat?

536 3991 668 4045 Cum
695 3990 810 4043 Rex
837 3985 1110 4059 procedit,
1139 3998 1262 4039 eum
1289 3981 1556 4052 alloquere
1577 4023 1591 4045 ,
1622 3989 1676 4036 et
1702 3993 1881 4050 qurere
1908 3989 2116 4052 tempus

537 4092 912 4155 opportunum.
945 4077 1168 4148 Quando
1197 4091 1324 4146 ergo
1360 4074 1597 4144 procedit
1625 4073 1770 4129 Rex?
1815 4074 2038 4144 Semper
2063 4086 2116 4131 et

543 4180 815 4243 perpetuo.
859 4167 1080 4236 Quando
1125 4174 1209 4222 est
1254 4175 1432 4220 autem
1475 4174 1682 4233 tempus
1723 4166 2116 4234 opportunum?

539 4263 760 4331 Quando
789 4270 845 4316 tu
875 4261 1132 4324 volueris,
1164 4256 1375 4328 quando
1397 4298 1412 4323 ,
1444 4263 1501 4309 ut
1524 4255 1716 4324 dignus
1745 4255 1818 4308 sis
1841 4295 1856 4322 ,
1891 4256 2117 4325 teipsum

542 4351 940 4424 praeparaveris.
969 4349 1295 4404 Jubebantur
1314 4345 1525 4417 quidem
1551 4343 1720 4399 Judaei
1749 4345 1800 4398 in
1826 4345 1964 4400 valle
1989 4345 2118 4400 sub-

541 4446 750 4508 sistere,
777 4459 899 4499 cum
923 4443 1034 4497 Deo
1054 4448 1393 4510 apparerent,
1421 4447 1475 4493 et
1497 4438 1646 4492 albas
1671 4446 1846 4492 vestes
1871 4437 2114 4504 induere,

543 4547 736 4594 etcum
760 4550 922 4590 uxore
947 4548 1060 4588 rem
1087 4547 1191 4586 non
1212 4531 1409 4586 habere
1431 4530 1625 4600 (Exod.
1654 4530 1736 4585 l9.
1766 4530 1850 4583 12.
1877 4530 1961 4584 14.
1987 4526 2074 4600 15)
2100 4545 2115 4584 :

547 4638 602 4684 tu
629 4638 804 4682 autem
833 4627 1062 4678 animam
1092 4622 1318 4678 emunda
1345 4635 1443 4691 pro
1472 4621 1705 4675 vestibus
1724 4660 1739 4686 ,
1767 4628 1822 4675 et
1849 4635 1967 4675 cum
2001 4635 2119 4674 mo-

546 4720 821 4777 deratione
846 4758 860 4780 ,
891 4714 1294 4771 mansuetudine
1317 4754 1332 4778 ,
1362 4721 1416 4768 et
1443 4726 1648 4766 summa
1677 4712 1852 4779 quiete
1879 4711 2073 4766 accede
2101 4752 2118 4778 ,

543 4821 601 4868 et
636 4809 702 4866 ad
725 4809 922 4878 Regem
949 4804 1285 4876 proficiscere
1307 4844 1324 4872 ,
1353 4802 1398 4857 si
1427 4803 1505 4856 vis
1530 4817 1656 4857 vere
1681 4801 1820 4871 quod
1851 4800 1986 4870 petis
2017 4800 2120 4855 im-

547 4913 778 4976 petrare.
807 4899 919 4954 Non
949 4903 1068 4967 eget
1092 4893 1270 4948 multis
1293 4893 1586 4961 sumptibus
1613 4893 1964 4962 peregrinatio
1991 4909 2004 4945 :
2033 4907 2122 4946 ac-

545 4997 665 5064 cipe
683 4992 933 5055 virtutem
953 4984 1223 5040 viaticum.
1247 4983 1312 5038 Et
1329 4981 1538 5037 ubinam
1556 4983 1663 5051 agit
1683 4979 1768 5034 hic
1789 4981 1933 5034 Rex?
1950 4980 2124 5050 Prope

546 5102 641 5145 eos
664 5085 752 5156 qui
781 5080 944 5139 corde
969 5087 1093 5134 sunt
1118 5075 1367 5132 contrito.
1397 5073 1489 5127 llla
1517 5073 1596 5126 via
1624 5071 1923 5140 ingredere.
1953 5071 2122 5142 Prope

545 5188 618 5234 est
659 5176 907 5235 Dominus
954 5168 1181 5224 omnibus
1217 5167 1302 5238 qui
1345 5166 1511 5235 ipsum
1553 5163 1786 5216 invocant
1823 5162 1877 5214 in
1921 5163 2124 5217 veritate

547 5270 566 5336 (
594 5267 735 5325 Psal.
768 5265 891 5321 Mi.
922 5263 988 5319 18
1010 5263 1053 5333 ).
1081 5259 1191 5315 Illic
1217 5271 1338 5314 eum
1365 5255 1601 5310 invenies
1627 5295 1642 5320 ,
1681 5253 1788 5308 illic
1811 5252 2119 5323 alloqueris.

551 5360 650 5418 Est
681 5352 844 5431 prope
871 5369 965 5412 eos
987 5395 1003 5422 ,
1030 5351 1120 5424 qui
1150 5363 1339 5422 panem
1373 5345 1624 5418 frangunt
1650 5343 2002 5400 esurientibus
2025 5386 2041 5412 ,
2068 5352 2126 5401 et

609 5511 628 5542 ⁸
663 5517 785 5559 Tres
801 5516 926 5566 Mss,
949 5501 1270 5566 considerant,
1397 5499 1599 5566 oﬂ'erunt
1621 5507 1648 5566 :7
1661 5495 1709 5566 _id
1729 5493 1861 5560 quod
1877 5495 2123 5565 dives-sum

545 5558 746 5622 omnino
775 5558 973 5619 sensdm
1012 5565 1177 5623 edicit,
1212 5558 1524 5612 sed'alter'am
1559 5558 1842 5617 lectionem,
1865 5558 1950 5620 qui
1971 5569 2124 5607 suscr-

550 5632 700 5699 νίιςης»
725 5635 948 5699 asserem
972 5639 1031 5677 ea
1052 5628 1469 5699 (ιιμειῖξθίιιξυριιιῐ-

550 5682 566 5728 ῗ
612 5682 700 5753 (ω’
718 5693 846 5740 Prior
876 5682 1215 5751 interpretatio
1239 5682 1315 5735 est
1334 5686 1471 5748 juxta
1514 5682 1859 5747 Symmachum,
1885 5684 2120 5742 posterior

543 5749 684 5811 juxta
706 5751 936 5816 Aquilam.

1241 313 1300 370 S.
1337 308 1613 369 JOANNIS
1650 306 2120 366 CHRYSOSTOMI
2159 305 2474 366 ARCHIEP.
2514 307 3048 367 CONSTANTINOP.

3797 217 3817 264 Ι

3703 311 3798 368 ΗΒ

2217 413 2438 494 erogauit
2471 423 2886 495 eleemosynam.
2931 423 2988 479 Si
3031 423 3131 479 bac
3177 424 3254 477 via
3287 423 3520 489 veneris,
3563 425 3800 482 invenies

2215 532 2335 570 cum
2367 526 2626 585 paratum,
2659 525 2980 571 annuentem
3014 525 3117 570 tua:
3148 516 3408 584 petitioni.
3438 514 3511 570 Te
3539 520 3684 570 enim
3713 519 3802 570 ad-

2216 608 2312 660 huc
2341 609 2571 677 loquente
2609 609 2775 661 dicam
2799 649 2814 675 ,
2854 607 2990 662 Ecce
3025 609 3208 661 adsum
3241 606 3411 679 (Isai.
3443 607 3532 663 58.
3565 608 3682 676 9):
3709 626 3804 664 nec

2215 715 2348 769 opus
2375 701 2481 754 erit
2517 700 2872 756 intercessore
2897 741 2911 767 ,
2953 699 3046 754 sed
3093 717 3187 770 per
3213 709 3265 756 te
3299 701 3469 770 ipsum
3496 701 3642 771 quod
3671 703 3805 771 petis

2215 792 2538 860 assequeris.
2577 789 2785 845 Exaudi
2827 808 2906 845 me
2934 792 2985 845 in
3028 801 3114 844 tua
3132 792 3353 861 justitia.
3385 792 3523 858 Quid
3567 792 3704 847 facis
3730 834 3746 858 ,
3775 809 3805 849 ο

2218 883 2415 937 homo?
2457 881 2594 936 Infra
2635 882 2875 937 dicturus
2899 898 2959 938 es
2982 923 2998 949 ,
3031 881 3112 937 Ne
3136 884 3289 937 intres
3317 883 3369 937 in
3402 884 3663 953 judicium
3693 901 3805 938 cum

2214 990 2355 1028 servo
2383 983 2488 1040 tuo,
2517 975 2634 1046 quia
2655 991 2754 1028 non
2775 973 3140 1044 justi/icabitur
3160 975 3214 1028 in
3237 967 3505 1046 conspectu
3533 986 3620 1029 tuo
3643 979 3807 1031 omnis

2216 1063 2452 1134 vivens(v.
2484 1064 2539 1133 2)
2573 1083 2585 1117 :
2613 1075 2666 1118 et
2692 1063 2778 1119 hic
2803 1080 2960 1134 rogas
2981 1074 3037 1120 ut
3057 1066 3194 1119 sicut
3215 1065 3418 1135 justum
3439 1074 3521 1122 est
3544 1067 3807 1122 exaudia-

2216 1154 2328 1208 ris?
2354 1154 2488 1220 Quid
2514 1163 2599 1210 est
2626 1170 2756 1224 ergo
2779 1157 2918 1225 quod
2949 1157 3179 1210 dicitur?

2287 1243 2497 1300 Justitia
2526 1245 2620 1299 Dei
2644 1245 2939 1313 clementia;
2965 1247 3142 1301 diluvii
3171 1249 3366 1318 punitio
3391 1265 3540 1319 quam
3565 1249 3711 1304 levis.
3739 1280 3808 1291 --

2215 1333 2477 1404 Justitiam
2506 1335 2593 1389 hic
2613 1336 2741 1391 dicit
2765 1337 3124 1408 clementiam,
3156 1349 3209 1393 et
3227 1339 3282 1394 in
3307 1340 3489 1395 multis
3508 1340 3808 1410 Scriptura:

2217 1425 2348 1480 locis
2376 1426 2540 1481 videri
2572 1436 2747 1496 potest
2774 1428 2942 1498 accipi
2964 1430 3224 1497 justitiam
3256 1445 3351 1499 pro
3376 1431 3690 1498 clementia,
3727 1433 3809 1487 id—

2218 1531 2320 1585 que
2355 1516 2476 1586 jure
2506 1517 2742 1586 prol'ecto
2777 1537 2792 1573 :
2824 1519 2964 1589 apud
3012 1521 3254 1577 homines
3280 1522 3422 1576 enim
3453 1522 3659 1592 justitia
3693 1525 3805 1593 pri—

2217 1615 2370 1660 vatur
2399 1607 2762 1664 misericordia
2788 1627 2801 1663 :
2827 1609 2967 1680 apud
3002 1607 3165 1665 Deum
3191 1621 3370 1666 autem
3399 1627 3503 1666 non
3533 1613 3685 1677 item,
3709 1615 3808 1669 sed

2215 1698 2436 1768 justitize
2460 1714 2668 1769 quoque
2691 1701 2924 1754 admixta
2947 1710 3030 1757 est
3058 1702 3439 1769 misericordia,
3464 1715 3516 1758 et
3545 1713 3693 1758 tanta
3710 1748 3722 1767 ,
3746 1717 3807 1759 ut

2220 1791 2330 1860 ipsa
2355 1791 2511 1845 etiam
2532 1791 2734 1861 justitia
2762 1802 2977 1847 vocetur
2997 1793 3295 1848 clementia.
3325 1793 3619 1850 Considera
3649 1797 3810 1865 igitur

2218 1893 2413 1952 quanta
2456 1887 2507 1938 in
2535 1884 2732 1939 diluvio
2769 1884 2931 1939 fuerit
2953 1885 3318 1942 misericordia
3343 1927 3358 1952 ,
3390 1897 3590 1958 quanta
3623 1903 3808 1941 rursus

2213 1974 2436 2045 justitia.
2460 1975 2569 2028 Etsi
2587 1977 2727 2030 enim
2753 1991 2937 2045 poenas
2957 1976 3219 2032 dederunt
3239 1977 3327 2047 qui
3346 1986 3467 2032 tunc
3489 1979 3806 2048 peccabant,

2219 2080 2325 2118 non
2359 2076 2533 2120 tamen
2562 2065 2822 2120 dederunt
2851 2083 2981 2136 quas
3010 2076 3332 2122 meruerant.
3380 2068 3455 2124 Ne
3493 2069 3624 2123 mihi
3664 2073 3806 2125 enim

2219 2157 2414 2211 molem
2442 2173 2696 2226 aquarum
2727 2161 3048 2228 respexeris,
3079 2175 3250 2229 neque
3275 2160 3482 2215 dierum
3512 2162 3809 2217 tnttltituili-

2217 2264 2339 2304 nem
2363 2288 2379 2314 ,
2411 2248 2602 2318 quibus
2630 2247 2728 2303 fuit
2768 2249 2947 2303 diluvii
2997 2249 3327 2321 naufragium
3353 2291 3368 2315 ,
3402 2266 3577 2320 neque
3621 2253 3806 2306 orbem

2217 2349 2374 2394 terra:
2414 2339 2503 2408 qui
2542 2347 2668 2393 tunc
2704 2348 2820 2394 erat
2857 2339 3102 2409 abyssus.
3152 2340 3288 2409 Quid
3329 2339 3432 2395 hoc
3465 2343 3610 2395 enim
3644 2345 3810 2396 refert

2217 2445 2400 2485 eorum
2427 2431 2515 2500 qui
2544 2431 2853 2500 perierunt?
2881 2431 3005 2484 Haec
3028 2432 3169 2486 enim
3199 2441 3419 2501 possunt
3443 2431 3660 2501 quidem
3689 2449 3807 2503 gra-

2216 2539 2336 2578 vem
2382 2524 2628 2578 timorem
2668 2523 2907 2579 incutere
2937 2541 2952 2578 :
2985 2525 3048 2579 iis
3077 2533 3255 2578 autem
3295 2525 3384 2594 qui
3412 2525 3611 2580 mortui
3642 2535 3764 2580 Sunl
3787 2568 3804 2591 ,

2219 2617 2422 2670 nullum
2449 2617 2765 2686 supplicium
2793 2615 3040 2672 an‘erunt.
3072 2616 3350 2685 Quomodo
3377 2617 3516 2672 enim
3549 2618 3805 2688 puniren-

2219 2716 2306 2762 tur
2347 2708 2436 2777 qui
2475 2723 2592 2778 quae
2618 2708 2752 2761 liunt
2777 2723 2882 2762 non
2915 2707 3189 2762 sentiunt?
3215 2723 3441 2778 quorum
3468 2708 3630 2762 etiam
3659 2708 3804 2762 brevi

2221 2798 2477 2868 temporis
2501 2807 2773 2853 momento
2800 2797 2896 2852 luit
2923 2798 3188 2865 interitus,
3218 2797 3541 2868 brevemque
3568 2808 3625 2854 et
3653 2799 3806 2853 levis-

2219 2889 2408 2944 simam
2441 2898 2665 2944 mortem
2696 2889 2838 2958 passi
2867 2897 2992 2944 sunt
3012 2929 3026 2952 ,
3055 2897 3112 2944 et
3147 2889 3269 2958 igne
3298 2899 3352 2944 et
3375 2905 3507 2944 ense
3534 2899 3591 2945 et
3617 2889 3808 2960 laqueo

2219 2988 2274 3035 et
2311 2979 2589 3034 tormentis
2628 2978 2920 3035 faciliorem
2949 3021 2966 3046 ,
3003 2988 3056 3034 et
3096 2980 3250 3052 longe
3279 2980 3453 3034 minus
3481 2981 3804 3035 molestam?

2217 3069 2394 3138 Quare
2420 3069 2652 3138 speciem
2690 3071 2866 3139 potius
2909 3069 3189 3140 supplicii,
3221 3085 3378 3140 quam
3419 3071 3803 3141 experientiam

2221 3162 2484 3217 habebant
2521 3177 2638 3232 qua:
2675 3161 2888 3218 ﬁebant.
2921 3162 3024 3228 Qui
3053 3161 3234 3232 itaque
3269 3170 3378 3216 toto
3408 3161 3530 3216 vita:
3565 3172 3803 3232 tempore

2219 3252 2286 3308 ad
2313 3261 2608 3309 extremam
2645 3268 2811 3324 usque
2849 3259 3180 3309 senectutem
3221 3253 3341 3308 talia
3382 3253 3802 3320 commiserant,

2220 3342 2538 3398 brevissimo
2577 3344 2831 3415 temporis
2869 3355 3140 3399 momento
3179 3358 3364 3414 pinnas
3409 3345 3675 3399 dederunt
3701 3387 3717 3411 ,
3758 3346 3803 3401 si

2219 3435 2431 3506 quidem
2462 3443 2663 3490 naturae
2689 3434 2923 3490 debitum
2950 3434 3243 3500 vocandum
3273 3436 3344 3490 sit
3373 3436 3714 3505 supplicium.

2287 3528 2342 3582 2.
2412 3527 2638 3592 Vidisti,
2679 3535 2872 3595 quanta
2905 3527 2974 3582 sit
3011 3527 3332 3582 clementia?
3375 3525 3467 3581 Vis
3493 3527 3658 3581 etiam
3685 3543 3802 3582 eam

2219 3620 2431 3676 aliunde
2457 3620 2675 3675 videre?
2699 3635 2806 3674 non
2831 3620 2973 3675 enim
3000 3621 3178 3675 statim
3209 3619 3406 3684 intulit,
3437 3619 3532 3674 sed
3559 3629 3615 3674 et
3637 3619 3800 3674 semel

2219 3720 2274 3767 et
2312 3711 2394 3766 bis
2432 3719 2487 3767 et
2520 3725 2663 3780 saepe
2701 3726 2819 3766 eam
2856 3711 3120 3781 praedixit.
3167 3709 3270 3765 Per
3312 3724 3490 3764 aream
3532 3711 3678 3764 enim
3711 3725 3797 3765 eos

2219 3804 2519 3874 alloquutus
2542 3812 2624 3858 est
2648 3820 2662 3857 :
2684 3803 2761 3858 illi
2791 3817 2918 3858 vero
2943 3818 3012 3857 ne
3037 3802 3115 3858 sie
3139 3801 3353 3871 quidem
3375 3811 3678 3870 cessarunt,
3703 3802 3797 3858 etsi

2219 3909 2326 3949 non
2355 3909 2488 3964 opus
2516 3903 2631 3949 erat
2693 3903 2751 3948 ut
2774 3894 2879 3948 ulla
2901 3893 3230 3948 denuntiatio
3258 3894 3410 3947 lieret
3443 3894 3794 3962 improbitati.

2220 3986 2325 4042 Sed
2351 3989 2522 4057 heque
2544 4000 2637 4042 eos
2658 3997 2846 4040 natura
2866 3984 3066 4051 docuit,
3090 3984 3181 4040 sed
3208 3992 3474 4054 tamquam
3503 3985 3672 4055 porci,
3699 3988 3797 4038 imo

2219 4095 2347 4135 vero
2371 4079 2640 4149 quibusvis
2666 4079 2839 4148 porcis
2887 4077 3250 4140 obsceniores,
3272 4091 3394 4132 cum
3419 4087 3474 4132 et
3496 4092 3558 4132 se
3583 4078 3722 4131 inter
3743 4093 3798 4132 se

2220 4178 2645 4239 corrumperent,
2668 4177 2723 4225 et
2746 4177 2950 4224 natura:
2971 4169 3115 4238 leges
3135 4168 3367 4223 funditus
3389 4167 3768 4225 convellissent
3782 4211 3797 4234 ,

2221 4277 2323 4317 nec
2368 4262 2461 4316 ulli
2491 4260 2764 4329 suasioni,
2799 4261 2960 4316 ullive
2986 4261 3208 4315 consilio
3237 4261 3576 4329 paruissent,
3611 4275 3713 4316 nec
3739 4276 3802 4316 ex

2216 4353 2344 4424 justi
2370 4353 2640 4409 vicinitate
2666 4351 2809 4408 aliud
2833 4351 3094 4407 commodi
3125 4353 3420 4422 cepissent,
3449 4352 3600 4407 brevi
3632 4353 3801 4406 solum

2223 4445 2478 4513 temporis
2520 4452 2792 4499 momento
2830 4457 3015 4513 pinnas
3057 4442 3357 4508 dederunt,
3404 4443 3484 4497 vel
3524 4444 3702 4512 potius
3740 4443 3803 4497 ab

2224 4535 2438 4589 interitu
2467 4533 2637 4603 erepti
2662 4574 2678 4601 ,
2708 4544 2762 4588 et
2789 4549 2819 4588 a
2846 4548 3000 4604 paena
3028 4533 3234 4588 liberati
3261 4543 3403 4588 sunt.
3435 4534 3511 4586 Ea
3543 4535 3690 4588 enim
3733 4533 3803 4586 ia-

2222 4639 2344 4680 cere
2367 4625 2532 4680 multo
2552 4633 2633 4678 est
2653 4625 2882 4694 gravius,
2904 4640 3061 4695 quam
3082 4624 3231 4678 brevi
3257 4625 3512 4693 temporis
3533 4634 3805 4680 momento

2225 4715 2487 4785 intercipi.
2519 4713 2751 4770 Hoccine
2771 4723 2857 4770 est
2880 4729 3028 4786 ergo,
3051 4715 3137 4770 dic
3161 4713 3315 4780 mihi,
3337 4714 3660 4783 supplicium
3677 4756 3694 4781 ,
3718 4730 3808 4769 eos

2223 4808 2312 4878 qui
2342 4807 2484 4863 vitiis
2510 4818 2662 4863 erant
2688 4808 2960 4877 corrupti,
2987 4815 3042 4862 et
3065 4807 3322 4862 scelerate
3343 4823 3406 4862 ac
3433 4807 3642 4862 nefarie
3675 4809 3807 4862 inter

2224 4915 2284 4954 se
2311 4899 2787 4969 conjungebantur,
2816 4906 2870 4952 et
2896 4899 3030 4951 alter
3057 4897 3282 4952 alterum
3311 4896 3579 4952 dedecore
3608 4887 3809 4953 allicie-

2224 4988 2350 5043 bant
2369 4998 2421 5044 et
2444 4987 2827 5053 alliciebantur,
2851 4985 2918 5040 ab
2943 4986 3199 5056 ejusmodi
3227 4985 3387 5041 exitio
3413 4987 3688 5043 liberare?
3718 4989 3813 5042 Ita-

2225 5095 2316 5145 ne,
2339 5078 2600 5134 medicutn
2627 5077 2838 5148 quidem
2864 5078 2953 5146 qui
2977 5077 3214 5132 membra
3239 5077 3445 5146 putrida
3475 5088 3688 5133 resecat
3710 5093 3812 5131 non

2225 5170 2462 5225 dicemus
2503 5168 2688 5238 punire
2722 5180 2952 5236 corpus,
2989 5165 3085 5222 sed
3119 5176 3386 5236 tamquam
3429 5166 3725 5238 benignum
3763 5178 3816 5221 et

2224 5259 2513 5313 humanum
2537 5254 2890 5309 admittemus
2915 5272 2926 5306 :
2952 5253 3046 5308 Dei
3066 5262 3245 5307 autem
3268 5251 3594 5320 sapientiam
3625 5263 3682 5307 et
3711 5253 3820 5306 cle-

2223 5350 2476 5406 mentiam
2505 5362 2612 5402 non
2641 5347 2811 5401 multo
2840 5346 3009 5416 magis
3037 5343 3444 5408 admirabimur,
3473 5344 3565 5413 qui
3596 5357 3727 5398 suos
3756 5357 3816 5395 ea

2225 5445 2432 5500 ratione
2477 5439 2789 5512 castigat‘?
2841 5439 2982 5494 Eum
3027 5437 3241 5508 quidem
3293 5446 3556 5508 perpetuo
3603 5444 3817 5505 Oportet

2224 5535 2500 5598 admirari.
2531 5543 2586 5590 et
2613 5533 2781 5604 gloria
2827 5532 3200 5588 allicerezsed
3247 5531 3349 5586 hoc
3389 5531 3616 5586 nomine
3663 5543 3815 5582 num-

2224 5642 2382 5698 quam
2404 5625 2729 5681 desistamus
2751 5624 2868 5692 ejus
2888 5633 3105 5692 Stupere
3129 5621 3548 5692 providentiam,
3568 5635 3670 5676 nec
3693 5632 3814 5675 eum

2289 5742 2302 5773 ι
2341 5738 2426 5790 Hae
2451 5751 2614 5799 voces,
2638 5735 2718 5800 qui
2740 5748 2850 5789 suos
2873 5748 2931 5787 sa
2953 5733 3133 5787 ratione
3152 5735 3370 5797 castigat,
3396 5734 3578 5786 desunt
3596 5737 3642 5785 in
3668 5728 3810 5782 Savil.
