4068 6270
235 498 520 567 παραινεῖ,
545 495 719 565 λέγων
735 512 748 525 ·
766 499 825 552 Μ
832 495 864 566 ὴ
894 495 1270 567 δευτερώσῃς
1283 499 1470 569 λόγον
1487 501 1558 553 ἐν
1572 514 1826 567 προσευ-

243 577 338 647 χῇ
361 594 499 632 σου.
540 579 653 649 Οὐχ
688 579 776 634 τνα
794 579 871 650 μὴ
894 579 1145 652 δεύτερον
1172 581 1242 634 τὰ
1265 582 1404 635 αὑτά
1430 582 1694 654 λέγωμεν,
1723 598 1828 634 πα-

245 660 618 733 ρακαλοῦντες
670 661 762 715 τὸν
808 662 941 715 Θεὸν
1000 664 1094 716 καὶ
1140 663 1405 735 δεόμενοι,
1433 665 1589 718 τοῦτο
1623 681 1825 736 παραι-

238 745 332 796 νεῖ
355 744 448 796 καί
473 742 828 814 συμϐουλεύει
862 756 912 809 ι,
950 744 1132 814 ἄπαγε
1155 763 1169 776 ·
1210 748 1305 800 καὶ
1337 747 1446 818 γὰρ
1493 747 1826 818 κελευόμεοα

247 823 405 898 [448]
436 829 865 897 προσκαρτερεῖν
900 831 1021 893 ταῖς
1062 832 1389 901 προσευχαῖς
1409 847 1423 862 ο
1476 831 1592 884 ἀλλ’
1621 831 1709 884 ἵνα
1751 830 1826 902 μὴ

241 907 678 978 ἁναϐαλλώμεθα
709 909 836 963 ὅταν
860 927 911 963 τι
941 910 1305 982 ὑποσχώμεθα
1333 912 1412 983 τῷ
1435 913 1575 984 Θεῷ,
1609 912 1826 966 ἀλλ’ἵνα

242 991 618 1062 ἐπειγώμεθα.
656 993 748 1046 Διὸ
776 995 871 1048 καὶ
909 995 1141 1066 ἀλλαχοῦ
1176 1014 1309 1067 φησι
1344 1012 1358 1026 ⁶
1389 997 1489 1066 Μὴ
1534 998 1825 1066 χρονίσῃς

242 1072 582 1131 ἀποδοῦναι
614 1074 729 1143 τὴν
748 1076 1117 1147 προσευχήν.
1142 1080 1252 1132 Καὶ
1280 1079 1386 1150 γὰρ
1404 1077 1596 1149 ἄδηλον
1616 1080 1674 1132 τό
1699 1078 1825 1148 μέλ-

242 1153 360 1212 λον.
410 1159 480 1211 Ἦ
521 1157 632 1229 γὰρ
672 1160 824 1222 νόσος
848 1199 864 1225 ,
908 1161 939 1229 ἢ
986 1162 1325 1232 πραγμάτων
1364 1162 1615 1233 ἀδόκητοι
1670 1163 1825 1231 ἀσχο-

244 1239 361 1294 λίαι
378 1241 408 1281 1»
429 1240 805 1307 συμπεσοῦσαι
825 1242 1122 1298 ἐκώλυσαν.
1142 1245 1204 1298 Ei
1225 1244 1291 1317 δὲ,
1307 1245 1400 1298 καὶ
1419 1244 1645 1308 θάνατος
1666 1244 1822 1296 ἐπελ-

244 1323 357 1378 θὼν
380 1324 672 1395 διακόψειε,
696 1326 1022 1399 συγγνώμην
1049 1329 1146 1382 οὑκ
1162 1328 1324 1399 ἔχεις.
1359 1328 1622 1383 Ἐνταῦθα
1640 1330 1821 1400 μέντοι

242 1408 557 1480 προσευχὴν
588 1408 688 1479 τὴν
712 1409 894 1479 δέησιν
926 1410 1072 1477 λέγει
1121 1412 1216 1465 καὶ
1240 1416 1340 1483 τὴν
1386 1414 1684 1482 ἱκετηρίαν.
1731 1412 1822 1464 Διὸ

240 1489 524 1560 ἐπήγαγεν
556 1491 689 1544 αὐτὸ
712 1491 868 1544 τοῦτο
890 1492 1084 1562 δηλῶν,
1128 1492 1440 1547 Ἐνώτισαι
1474 1494 1588 1561 τὴν
1607 1493 1822 1561 δέησίν

234 1589 362 1642 μου
397 1572 467 1626 ἐν
500 1572 841 1643 τῇἀληθείᾳ
883 1591 1022 1630 σου.
1077 1576 1328 1645 Ἕτερος,
1357 1580 1461 1631 Ἐν
1502 1577 1577 1645 τῇ
1618 1579 1819 1632 πίστει

237 1671 380 1709 σου.
404 1655 612 1721 Ἀλλος,
631 1660 733 1714 Ἑν
752 1656 826 1726 τῇ
836 1658 1177 1727 ,ϐεϐαιότητι
1188 1677 1324 1714 σου.
1344 1660 1653 1724 Τουτέστιν,
1672 1660 1820 1713 Ἐπί-

238 1754 433 1790 νευσον
455 1740 521 1809 τῇ
551 1740 782 1809 αἰτήσει,
832 1740 923 1793 καὶ
939 1741 1018 1804 εἰς
1046 1741 1207 1811 ἔργον
1240 1740 1407 1813 αὑτὴν
1435 1740 1693 1809 ἐξάγαγε,
1722 1742 1812 1812 βε-

238 1819 413 1874 ϐαιῶν
440 1824 505 1891 τῇ
534 1820 757 1894 ἀληθείᾳ
794 1839 890 1876 σου
914 1840 929 1855 ·
975 1823 1175 1895 χρῆσαι
1208 1827 1277 1896 τῇ
1308 1825 1531 1896 δυνάμει
1581 1825 1716 1895 πρὸς
1757 1826 1819 1879 τὸ

243 1902 530 1974 πληρῶσαι
560 1914 583 1942 ο
619 1902 761 1976 άπερ
786 1905 943 1960 αἰτῶ.
974 1907 1112 1959 Ἀλλ’
1137 1906 1335 1979 ἴδωμεν
1359 1907 1446 1961 οἶα
1480 1910 1627 1962 ἐστὶν
1649 1911 1681 1979 ὴ
1702 1909 1818 1981 δέηο

242 1999 349 2046 σις.
412 1985 529 2038 Ἐπ’
578 1985 903 2057 ἀνθρώπων,
953 1989 1080 2044 ὅταν
1121 2007 1204 2055 τις
1235 1991 1420 2062 δέησιν
1468 1993 1815 2064 προσαγάγῃ,

237 2066 399 2120 τοῦτο
428 2068 721 2122 σκοποῦσιν
761 2071 812 2124 οἰ
850 2071 1127 2143 δεχόμενοι
1149 2072 1209 2138 τι,
1240 2060 1344 2127 κᾶν
1389 2074 1449 2128 τὸ
1485 2060 1688 2130 δίκαιον
1721 2060 1819 2132 καί

239 2147 465 2220 ἔννομον
497 2151 618 2223 ἔχῃ,
651 2152 929 2208 ἀκούεται.

311 2233 475 2286 Ἀλλά
495 2234 644 2305 παρά
678 2235 779 2305 μὲν
807 2235 1111 2308 ἀνθρώποις
1143 2238 1284 2309 ὑπὲρ
1311 2237 1635 2311 ἀξιωμάτων
1664 2241 1813 2310 γίνε-

234 2331 328 2369 ται
368 2317 461 2368 καὶ
488 2318 785 2388 χρημάτων
813 2320 848 2391 ή
873 2319 1077 2389 δέησις,
1116 2320 1373 2385 πολλάκις
1417 2323 1475 2375 δὲ
1525 2325 1619 2378 καὶ
1674 2325 1814 2397 ὑπὲρ

240 2397 562 2468 κωλύματος
590 2400 804 2465 ἀδικίας
834 2419 848 2432 ·
885 2401 1016 2456 ἐνιοι
1056 2402 1115 2456 δέ
1153 2403 1247 2458 καί
1292 2404 1363 2458 τὰ
1418 2406 1815 2477 ὑπερϐαίνοντα

234 2481 365 2563 τοῦς
387 2481 703 2546 δικάζοντας
721 2482 958 2550 ἀξιοῦσιν
990 2502 1004 2515 ο
1043 2485 1157 2539 ἀλλ’
1195 2488 1355 2557 ἡμεῖς
1386 2489 1526 2561 ὑπὲρ
1559 2491 1812 2563 ἁμαρτη-

238 2562 429 2632 μάτων
450 2563 680 2635 δεόμεθα
703 2567 1119 2638 συγχωρήσεως,
1147 2571 1241 2622 καὶ
1268 2571 1389 2623 τότε
1421 2562 1693 2642 ἐρχόμεθα
1721 2562 1814 2628 ἐπὶ

234 2644 443 2714 δέησιν,
472 2647 599 2700 ὅταν
621 2648 650 2700 6
667 2648 924 2720 δικαστὴς
950 2651 1080 2721 ἡμῖν
1107 2650 1184 2722 μὴ
1208 2652 1321 2723 ἀφῇ
1359 2654 1387 2704 ὁ
1409 2652 1576 2719 ἔνδον,
1607 2655 1668 2707 τὸ
1698 2672 1816 2708 συνο

234 2726 376 2790 ειδός
403 2739 426 2766 ε
455 2728 595 2797 λέγω
631 2730 691 2782 τὸ
739 2733 872 2801 ήμῖν
897 2730 1290 2804 ἐγκαθήμενον.
1332 2734 1469 2787 Οὐδὲ
1514 2736 1623 2808 γάρ
1659 2736 1811 2802 ἐξου-

238 2811 362 2862 σίαν
392 2810 614 2882 ἔχειτοῦ
648 2813 885 2882 ἀφιέναι.
925 2817 1035 2869 Καὶ
1074 2816 1327 2887 καθάπερ
1375 2817 1586 2887 βασιλεῖ
1635 2819 1810 2885 οὐδεὶς

236 2891 384 2963 ὑπὲρ
411 2895 622 2962 ἱματίου
651 2896 1061 2967 διαῤῥαγέντος,
1087 2898 1209 2953 οὐδέ
1247 2900 1386 2971 ὑπὲρ
1429 2900 1560 2955 δέκα
1609 2902 1811 2956 ὀϐολῶν

238 2974 638 3041 ἀφαιρεθέντων
652 2977 821 3049 τολμᾷ
840 2979 1153 3049 προσελθεῖν
1174 2997 1187 3010 ’
1216 2979 1359 3035 οὕτω
1379 2985 1472 3037 καὶ
1505 2985 1589 3046 σὺ,
1611 2985 1811 3055 μᾶλλον

234 3054 295 3110 δὲ
314 3055 409 3109 καὶ
430 3057 604 3129 πολλῷ
637 3060 793 3115 πλέον
823 3061 1233 3134 εὐλαϐούμενος,
1264 3064 1336 3135 μὴ
1361 3054 1662 3138 προσέλθῃς
1690 3067 1813 3139 Θεῷ

236 3138 380 3210 ὑπὲρ
394 3141 624 3194 εὐτελῶν
637 3145 975 3215 πραγμάτων
993 3146 1084 3198 καὶ
1103 3147 1419 3218 μηδαμινῶν
1451 3147 1493 3214 ί,
1514 3144 1625 3203 οἷον
1643 3151 1697 3205 ετ
1725 3151 1810 3214 τίς

235 3238 298 3276 σε
314 3223 372 3276 ἐν
390 3225 664 3295 χρήμασιν
684 3227 1008 3299 ήδίκησεν,ῆ
1032 3230 1123 3283 καὶ
1142 3229 1361 3301 ὕϐρισεν
1380 3248 1393 3261 ο
1411 3231 1527 3285 ἀλλ’
1540 3234 1598 3286 ἐν
1613 3231 1694 3297 οἷς
1711 3251 1769 3287 σε
1782 3237 1810 3290 6

231 3303 471 3369 διάϐολος
494 3307 685 3371 ἀδικεῖ,
717 3308 847 3363 ἔνθα
876 3309 1110 3380 μάλιστα
1146 3312 1246 3383 τῆς
1288 3313 1493 3366 ἀνωθεν
1528 3317 1687 3386 χρεία
1716 3319 1808 3386 ῥο-

235 3388 362 3459 πῆς.
409 3389 545 3443 Ἀλλ’
572 3391 673 3444 οὑκ
702 3391 847 3461 ἔχεις
875 3393 965 3447 τὸν
992 3395 1386 3465 προϊστάμενον
1409 3397 1502 3450 καὶ¹
1521 3399 1809 3467 εἰσάγοντά

239 3487 334 3524 σου
352 3470 447 3542 τὴν
464 3472 667 3544 δέησιν;
688 3475 974 3545 Προϊόντος
995 3485 1020 3525 Β
1037 3476 1129 3530 τοῦ
1153 3476 1415 3547 βασιλέως
1432 3478 1699 3551 φώνησον,
1713 3483 1809 3535 καὶ

234 3560 426 3626 καιρὸν
462 3556 765 3628 ἐπιτήδειον
804 3559 1057 3631 ζήτησον.
1088 3560 1224 3613 Πότε
1251 3556 1344 3613 οὖν
1366 3562 1611 3633 πρόεισιν
1640 3565 1669 3616 6
1715 3564 1810 3634 βα-

234 3636 452 3704 σιλεύς;
494 3639 606 3692 Ἀεὶ
644 3640 738 3693 καὶ
770 3640 1080 3706 διαπαντός.
1130 3643 1268 3695 Πότε
1293 3643 1349 3696 δὲ
1381 3645 1474 3698 καί
1504 3646 1808 3717 ἐπιτήδειος

231 3721 261 3771 6
284 3722 676 3790 καιρόςςὍταν
706 3723 770 3776 σὺ
804 3723 996 3795 θέλῃς,
1033 3724 1161 3777 ὅταν
1206 3723 1354 3789 ἄξιον
1397 3728 1591 3780 σαυτὸν
1633 3746 1808 3799 παρα-

233 3804 526 3875 σκευάσῃς.
575 3805 811 3859 Ἰουδαῖοι
848 3806 945 3871 μὲν
971 3802 1063 3860 οὖν
1092 3807 1403 3861 ἐκελεύοντο
1424 3809 1563 3880 ὑπὲρ
1587 3811 1684 3882 τὴν
1702 3813 1807 3865 ὑπ-

229 3882 434 3955 ώρειαν
479 3887 717 3954 ἐστάναι,
768 3888 844 3958 τῷ
879 3888 997 3960 Θεῷ
1030 3890 1363 3959 φαινόμενοι,
1398 3892 1491 3944 καὶ
1519 3893 1588 3945 τά
1616 3895 1806 3965 ἱμάτια

229 3967 375 4038 ἔχειν
406 3965 590 4036 λευκὰ,
631 3971 724 4024 καὶ
757 3971 833 4043 μὴ
865 3971 1142 4043 προσιέναι
1186 3972 1438 4039 γυναικί*
1479 3975 1541 4027 σὺ
1583 3975 1641 4028 δέ
1687 3977 1807 4030 ἀντὶ

227 4050 343 4103 τῶν
364 4051 590 4119 ἱματίων
618 4052 716 4124 τὴν
741 4054 917 4125 ψυχὴν
952 4054 1288 4124 ἀπόσμηξον,
1312 4055 1403 4107 καὶ
1427 4055 1562 4125 μετά
1592 4074 1804 4126 σωφρο-

234 4130 405 4201 σύνης
430 4134 523 4187 καί
560 4135 858 4197 ἐπιεικείας
878 4135 1160 4206 πρόσελθε,
1193 4136 1286 4189 καὶ
1320 4138 1456 4205 μετά
1488 4138 1685 4209 πολλῆς
1706 4141 1807 4210 τῆς

232 4214 453 4285 σχολῆς,
488 4217 583 4270 καὶ⁹
615 4217 963 4288 ἀποδήμησον
1003 4219 1138 4289 πρὸς
1170 4219 1258 4272 τὸν
1301 4219 1544 4289 βασιλέα,
1591 4224 1639 4274 εἰ
1679 4222 1807 4293 βού-

229 4296 314 4350 λει
332 4297 556 4361 δεόντως
585 4297 797 4355 ἀνύσαι.
831 4300 903 4352 Οὑ
934 4299 1101 4353 δεῖται
1129 4300 1497 4372 ἀναλωμάτων
1533 4303 1743 4358 πολλῶν
1768 4307 1802 4377 ἡ

230 4379 509 4451 ἀποδημία
543 4401 556 4413 -
583 4380 713 4436 λάϐε
738 4381 922 4451 ἐφόδια
943 4384 1041 4453 τὴν
1078 4383 1297 4455 ἀρετήν.
1326 4385 1439 4438 Καὶ
1462 4385 1562 4439 ποῦ
1596 4379 1750 4451 οὗτος
1777 4391 1807 4441 6

234 4463 488 4535 βασιλεὺς
510 4463 772 4536 διατρίϐει
798 4482 813 4530 ;
851 4465 1050 4533 Ἐγγὺς
1080 4466 1190 4518 τῶν
1228 4468 1703 4539 συντετριμμένων
1735 4473 1802 4543 τῇ

231 4546 449 4619 καρδίᾳ.
524 4546 770 4617 Ἑκείνην
817 4547 1009 4600 ἐπελθε
1050 4549 1148 4618 τὴν
1187 4549 1326 4604 ὁδόν.
1357 4551 1594 4621 Ἔγτὺς,
1648 4554 1800 4623 φησί,

231 4631 448 4697 Κύριος
479 4630 630 4685 πᾶσι
649 4632 772 4698 τοῖς
799 4631 1290 4701 ἐπικαλουμένοις
1320 4634 1509 4687 αὐτὸν
1546 4634 1615 4687 ἐν
1656 4636 1805 4704 ἀλη-

231 4712 381 4781 θείᾳ.
426 4712 576 4768 Ἐκεῖ
615 4713 776 4767 αὑτὸν
818 4713 1089 4785 εὑρήσεις,
1138 4713 1256 4766 ἐκεῖ
1294 4715 1575 4787 συντεύξῃ.
1605 4717 1803 4785 Ἐγγύς

230 4795 347 4848 ἐστι
366 4794 472 4849 τῶν
500 4795 932 4867 διαθρυπτόντων
960 4796 1184 4849 πεινῶσι
1211 4797 1302 4850 τὸν
1332 4799 1495 4869 ἄρτον
1516 4800 1609 4851 καὶ
1649 4799 1805 4869 ἐλεη-

232 4876 468 4948 μοσύνην
494 4878 893 4951 ἐργαζομένων.
925 4877 1073 4951 [M9]
1104 4878 1233 4932 Ἐἀν
1266 4878 1470 4950 ταύτην
1497 4879 1677 4951 ἔλθῃς,
1713 4882 1803 4934 εὑ-

228 4959 414 5032 ρήσεις
435 4960 596 5015 αὐτὸν
618 4962 853 5033 ἕτοιμον,
871 4961 1189 5016 ἐπινεύοντά
1214 4978 1306 5014 σου
1326 4965 1392 5034 τῇ
1416 4963 1645 5032 αἰτήσει.
1673 4964 1802 5017 Ἔτι

227 5040 337 5113 γὰρ
351 5042 689 5111 λαλοῦντός
704 5060 821 5099 σου
837 5041 968 5113 ἐρῶο
1000 5042 1143 5099 Ἰδοὺ
1161 5043 1416 5116 πάρειμι·
1446 5044 1541 5099 καὶ
1555 5045 1615 5098 οὑ
1633 5044 1799 5121 δεήσῃ

289 5194 314 5262 _'
343 5195 491 5262 ξενῇ.
516 5198 750 5262 παραινεῖ,
774 5197 946 5262 ἄπαγε,
978 5197 1060 5262 καὶ
1078 5198 1412 5261 συμϐουλεύει.

287 5254 320 5296 ι’
343 5256 425 5323 Si}:
449 5254 600 5323 Sgyill
630 5254 811 5323 recte:
848 5254 1020 5323 Mojfel.
1071 5262 1101 5318 ἢ
1131 5254 1425 5323 πραγμάτων
1453 5259 1717 5323 ἀδόκητον,

222 5317 464 5384 ἀσχολίαι.
493 5318 772 5384 ῗᾷοκβιινὶιη
794 5320 1008 5384 διακόψει
1029 5317 1102 5384 σε.
1129 5317 1300 5384 Μρι-ὀί.
1329 5321 1588 5384 διακόψειε.

341 5379 484 5447 ᾼΙὶιιξ
502 5379 703 5447 ¹διινιπὶμει
724 5382 791 5437 εἰς
806 5381 862 5428 τὸ
884 5379 1149 5444 πληρῶσαι.
1172 5380 1296 5432 Ibid.
1323 5379 1599 5433 Savillm.’
1619 5384 1798 5447 ίδωμεν

224 5442 305 5490 καὶ
329 5440 447 5496 οῐαὴ
460 5440 638 5497 δέησις.
985 5440 994 5444 ’
1715 5440 1725 5447 ’
1792 5457 1801 5467 ·

285 5499 315 5542 ⁸
334 5500 468 5565 Tres
616 5505 661 5565 οὶ
683 5500 1012 5565 προύχοντες-

288 5568 313 5595 ⁶
337 5561 489 5629 Savjl.
531 5560 740 5629 6&th
791 5560 954 5629 Ἦμεζς
986 5564 1039 5612 δέ
1224 5566 1575 5629 ἁμαρτημάτων
1599 5566 1799 5629 δεόμεθα

223 5624 590 5698 σογχιρρήσεως.
614 5622 832 5698 15:16:11
860 5622 1131 5698 676;}00131;
1155 5622 1353 5690 ἦμῐνζμὴ
1374 5622 1490 5691 ἀφῇ,
1510 5630 1538 5677 6
1572 5622 1720 5690 ἔνδον,
1741 5628 1799 5678 τὸ

222 5685 495 5740 συνειδὸς...
520 5691 619 5733 etc.
643 5686 859 5741 inversa,
878 5688 965 5732 sed
989 5686 1164 5735 eodem

286 5742 311 5811 ς
340 5745 471 5811 !dem
487 5746 605 5806 ὑπὲρ
621 5746 718 5811 τῷν
737 5745 939 5808 οἰκτρῶν
952 5746 1131 5796 τούτων
1160 5749 1241 5797 καὶ
1258 5749 1423 5811 ψιλῶν.

280 5809 308 5850 ⁸
332 5808 482 5861 Savil.
509 5805 790 5869 περιιόντος.

1306 382 1664 441 EXPOSI'I‘IO
1696 384 1765 440 IN
1805 341 2129 441 PSALMUM
2163 383 2367 439 cxm.

3398 376 3503 437 ιιι

1932 498 2175 568 μεσίτου,
2226 497 2361 550 ἀλλά
2407 497 2496 550 διὰ
2535 494 2760 553 σεαυτοῦ
2816 494 2915 567 τὴν
2968 492 3149 565 δέησιν
3199 492 3502 559 ἐπιδώσεις.

1929 578 2304 633 Ἐπὰκουσόν
2329 597 2449 650 μου
2471 579 2541 634 ἐν·
2564 578 2639 650 τῇ
2669 577 3027 645 δικαιοσύνῃ
3056 591 3190 631 σου.
3210 574 3278 628 Τί
3308 579 3503 644 ποιεῖς,

1928 660 2215 731 άνθρωπε;
2241 661 2453 734 Προϊὼν
2478 662 2690 734 μέλλεις
2737 662 2902 733 ἐρεῖν,
2939 661 3037 728 Μὴ
3081 659 3363 726 εἰσέλθῃς
3417 662 3507 725 εὶς

1927 746 2131 814 κρίσιν
2150 746 2298 813 μετὰ
2327 744 2436 799 τοῦ
2462 745 2687 800 δούλου
2725 761 2859 809 σου,
2880 743 2971 798 ὅτι
3011 745 3083 797 οὐ
3117 740 3506 809 δικαιωθήσε-

1898 841 1903 845 ‘
1927 844 2021 882 ται
2045 827 2300 881 ἐνώπιόν
2321 842 2438 882 σου
2470 826 2588 893 πᾶς
2616 825 2756 888 ζῶνθ
2781 827 2875 879 καὶ
2896 825 3132 880 ἐνταῦθα
3161 825 3332 889 ἀξιοῖς
3363 823 3506 878 κατά

1928 906 1988 965 τὸ
2020 909 2224 962 δίκαιον
2242 911 2578 979 ,ἀκουσθῆναι
2610 928 2626 975 ;
2657 908 2723 962 Τί
2746 905 2839 961 οὖν
2869 910 2984 962 ἐστι
3011 912 3070 962 τὸ
3097 908 3390 978 λεγόμενον
3414 924 3430 973 ;

1940 1060 1945 1061 ί
1998 991 2350 1064 Δικαιοσύνην
2378 991 2609 1045 ἐνταῦθα
2634 991 2729 1062 τὴν
2760 991 3170 1062 φιλανθρωπίαν
3201 991 3368 1058 λέγει,
3406 990 3503 1042 καὶ

1927 1074 2193 1146 πολλαχοῦ
2219 1076 2317 1145 τῆς
2357 1074 2580 1145 Γραφῆς
2612 1074 2710 1127 ῐδοι
2736 1091 2820 1137 τις
2851 1073 2919 1127 ἂν
2941 1074 3032 1126 ἐπὶ
3048 1071 3141 1126 τοῦ
3170 1072 3502 1143 σημαινομέ-

1926 1175 2015 1211 νου
2041 1159 2227 1212 τούτου
2258 1158 2355 1229 τὴν
2384 1157 2726 1227 δικαιοσύνην
2749 1156 3183 1228 λαμϐανομένην,
3215 1157 3308 1209 καὶ
3356 1155 3499 1227 μάλα

1922 1239 2177 1305 εἰκότως·
2227 1240 2379 1312 παρά
2410 1241 2506 1311 μέν
2552 1238 2661 1310 γὰρ
2690 1242 2801 1302 τοῖς
2855 1236 3160 1308 ἀνθρώποις
3187 1238 3250 1291 τὸ
3294 1239 3499 1292 δίκαιον

1924 1323 2292 1394 ἀπεστέρηται
2320 1322 2414 1375 τοῦ
2447 1321 2650 1385 ἐλέους,
2675 1320 2824 1392 παρά
2851 1320 2906 1373 δὲ
2933 1319 3009 1390 τῷ
3039 1320 3157 1389 Θεῷ
3175 1321 3281 1391 οὑχ,
3302 1321 3496 1383 οὑτως,

1923 1407 2058 1459 ἀλλά
2088 1406 2460 1476 ἀναμέμικται
2484 1403 2560 1475 τῷ
2579 1404 2768 1474 δικαίῳ
2795 1404 2889 1456 καί
2917 1402 3082 1466 ἔλεος,
3100 1400 3193 1456 καῖ
3221 1404 3495 1471 τοσοῦτον,

1921 1488 1997 1549 ώς
2029 1488 2122 1541 καὶ
2153 1489 2324 1559 αὐτὴν
2367 1488 2466 1558 τὴν
2499 1486 2841 1557 δικαιοσύνην
2889 1485 3291 1557 φιλανθρωπίαν
3319 1486 3498 1539 καλεῖ-

1923 1571 2066 1625 σθαι.
2097 1572 2295 1625 Σκόπει
2327 1571 2456 1641 γοῦν
2488 1571 2580 1624 ἐπὶ
2604 1570 2697 1624 τοῦ
2733 1568 3136 1640 κατακλυσμοῦ,
3182 1569 3349 1631 πόσος
3397 1570 3495 1639 μὲν

1920 1649 1987 1725 ἦν
2017 1654 2045 1707 6
2066 1654 2232 1718 ἕλεος,
2258 1655 2420 1708 πόσον
2444 1654 2500 1706 δέ
2525 1653 2586 1707 τὸ
2607 1653 2829 1705 δίκαιον.
2852 1653 2913 1704 Εἰ
2941 1652 3047 1722 γὰρ
3077 1651 3169 1703 καὶ
3196 1650 3494 1720 ἐκολάσθη-

1923 1752 2021 1788 σαν
2046 1737 2447 1806 ἁμαρτάνοντες
2490 1738 2538 1789 οί
2576 1736 2718 1798 τότε,
2749 1733 2882 1787 ἀλλά
2908 1734 2969 1786 οὑ
2997 1734 3095 1803 τὴν
3124 1732 3279 1797 ἀξίαν
3306 1734 3496 1786 ἔδοσαν

1919 1818 2216 1890 δίκην.ιΜὴ
2246 1820 2353 1890 γάρ
2381 1836 2470 1889 μοι
2498 1817 2588 1870 τὸν
2620 1816 2782 1885 δγκον
2811 1816 2927 1886 ἴδῃς
2954 1816 3062 1867 τῶν
3090 1815 3318 1892 ὑδάτων,
3358 1814 3493 1884 μηδέ

1919 1900 1981 1954 τὸ
2013 1900 2214 1972 πλῆθος
2250 1901 2357 1953 τῶν
2390 1900 2630 1972 ἡμερῶν.
2660 1892 2735 1951 ὧν
2783 1899 2845 1950 τὸ
2870 1897 3125 1965 ναυάγιον
3153 1899 3326 1949 ἐκεῖνο
3359 1913 3495 1967 παρ-

1921 1983 2154 2035 ετείνετο
2178 2022 2192 2045 ,
2232 1981 2365 2053 μηδέ
2394 1983 2492 2054 τὴν
2529 1981 2851 2051 οἰκουμένην
2890 1978 3122 2033 ἄϐυσσον
3168 1977 3491 2049 γινομένην.

1918 2064 1984 2117 Τί
2011 2064 2118 2135 γὰρ
2152 2064 2310 2118 τοῦτο
2364 2065 2499 2136 πρὸς
2553 2064 2680 2128 τοὺς
2737 2061 3121 2127 ἀπολωλότας;
3153 2061 3339 2116 Ταῦτα
3381 2062 3492 2131 γὰρ

1918 2148 2079 2216 φόϐον
2115 2148 2212 2217 μὲν
2239 2148 2441 2201 δύναιτ’
2471 2146 2537 2201 ἂν
2556 2144 2586 2183 δ
2629 2146 2773 2216 ἐχειν
2791 2146 3114 2216 ὑπέρογκον,
3147 2144 3413 2216 τιμωρίαν
3434 2144 3492 2198 δέ

1916 2232 2029 2293 τοῖς
2077 2229 2518 2299 τετελευτηκόσιν
2571 2229 2829 2299 οὐδεμίαν
2879 2230 3095 2297 ἐπάγει.
3132 2230 3195 2282 Οί
3250 2229 3359 2299 γὰρ
3391 2229 3491 2281 οὐκ

1917 2312 2295 2382 αἰσθανόμενοι
2314 2311 2422 2364 τῶν
2449 2311 2747 2381 γινομένων
2775 2310 2894 2373 πῶς
2919 2310 3266 2374 ἐκολάζοντος
3296 2305 3371 2364 ὧν
3394 2309 3489 2363 καὶ

1917 2394 1975 2446 ἐν
2003 2393 2229 2465 βραχείᾳ
2249 2393 2441 2466 καιρώ
2471 2396 2609 2464 ῥοπῇ
2632 2393 2700 2446 τὰ
2715 2392 2814 2463 τῆς
2840 2392 3111 2456 ἀπωλείας
3145 2393 3371 2460 ἐγίνετο,
3396 2394 3491 2447 καὶ

1915 2476 2004 2529 τὸν
2034 2476 2295 2547 σύντομον
2314 2477 2409 2529 καὶ
2445 2477 2778 2546 κουφότατον
2806 2476 3103 2547 ὑπέμειναν
3125 2476 3373 2539 θάνατον,
3394 2476 3490 2530 καὶ

1919 2559 2086 2630 πυρὸς
2113 2561 2205 2613 καὶ
2245 2559 2430 2628 ξίφους
2477 2561 2574 2614 καὶ
2601 2561 2834 2631 ἀγχόνης
2858 2560 2951 2614 καί
2974 2560 3220 2630 βασάνων
3257 2558 3491 2612 εὑκολώυ

1912 2643 2071 2712 τερόν
2102 2658 2161 2695 τε
2188 2642 2281 2695 καὶ
2315 2641 2678 2712 ἀλυπότερον;
2718 2643 2879 2697 ’Ὥστε
2920 2642 3040 2711 ὄψιν
3080 2643 3281 2714 μᾶλλον
3312 2659 3488 2712 τιμω-

1919 2723 2059 2798 ρίας.
2094 2724 2127 2795 ἢ
2161 2728 2353 2796 πεῖραν
2385 2720 2499 2797 εἶχε
2528 2726 2596 2779 τά
2617 2726 2896 2796 γινόμενα.
2924 2726 3079 2796 Παρά
3115 2727 3290 2780 πάντα
3310 2726 3490 2780 τοίνυν

1913 2807 2004 2860 τδν
2031 2807 2218 2878 χρόνον
2251 2807 2410 2879 μέχρι
2449 2809 2637 2880 γήρως
2661 2810 2889 2880 ἐσχάτου
2926 2807 3149 2862 τοιαῦτα
3177 2810 3489 2880 παρανομή-

1915 2905 2126 2953 σαντες,
2157 2892 2213 2944 ἐν
2234 2890 2462 2962 βραχείᾳ
2480 2889 2672 2962 καιροῦ
2703 2893 2842 2960 ῥοπῇ
2862 2888 2960 2962 τὴν
2981 2891 3249 2961 τιμωρίαν
3276 2890 3487 2957 ἔδοσαν,

1913 2971 1968 3026 εἴ
1988 2990 2050 3041 γε
2075 2975 2344 3046 τιμωρίαν
2372 2974 2452 3027 δεῖ
2482 2975 2664 3027 καλεῖν
2697 2975 2757 3027 τὸ
2783 2974 2879 3044 τῆς
2922 2974 3133 3042 φύσεως
3163 2975 3341 3046 χρέος.

1989 3054 2052 3125 β’.
2074 3053 2224 3119 Εῐδες
2245 3055 2383 3124 πόση
2405 3058 2436 3128 ή
2458 3055 2834 3127 φιλανθρωπία
2853 3073 2868 3123 ;
2900 3056 3201 3110 Βούλεικαί
3224 3056 3487 3128 ἑτέρωθεν

1913 3139 2084 3211 αὑτὴν
2119 3138 2277 3202 ίδείν;
2307 3139 2419 3191 Οὑκ
2443 3137 2645 3201 εὐθέως
2666 3138 2835 3208 αὑτὴν
2865 3140 3159 3209 ἐπήγαγεν,
3193 3138 3326 3192 ἀλλά
3355 3155 3489 3210 προ-

1912 3223 2031 3272 εῖπε
2056 3221 2149 3273 καί
2172 3219 2319 3285 ἅπαξ
2349 3220 2441 3273 καὶ
2469 3220 2547 3283 δὶς
2572 3221 2665 3272 καὶ
2694 3221 2972 3283 πολλάκις.
3008 3223 3118 3275 Καὶ
3146 3221 3250 3292 γὰρ
3277 3221 3366 3275 διὰ
3388 3224 3488 3293 τῆς

1910 3302 2178 3374 λάρνακος
2199 3303 2379 3365 αὐτοῖς
2400 3302 2669 3371 διελέγετο
2690 3317 2703 3330 ⁶
2738 3303 2787 3355 οἱ
2808 3303 2863 3356 δὲ
2886 3304 3004 3377 οὑδέ
3028 3304 3198 3367 οὕτως
3214 3304 3484 3365 ἐνέδοσαν,

1913 3385 2087 3438 καίτοι
2119 3384 2239 3437 οὑδέ
2281 3385 2655 3456 παραγγελίας
2699 3385 2863 3451 ἐδεῖτο
2890 3389 2922 3458 ή
2954 3388 3266 3457 παρανομία
3292 3428 3308 3442 .
3345 3388 3487 3441 Ἀλλ’

1911 3466 2033 3520 οὐδὲ
2068 3469 2100 3538 ἡ
2131 3466 2289 3535 φύσις
2321 3470 2336 3507 ί
2372 3467 2569 3531 αὑτοὺς
2613 3468 2951 3533 ἐπαίδευσεν,
2983 3471 3032 3523 οἱ
3062 3470 3118 3522 δέ
3168 3471 3243 3534 ὡς
3290 3474 3485 3540 χοῖροι,

1915 3551 2112 3621 μᾶλλον
2137 3551 2192 3604 δὲ
2222 3552 2314 3604 καὶ
2342 3552 2539 3622 χοίρων
2562 3552 2938 3625 χαλεπώτερον
2966 3555 3218 3608 ἁπάντων
3246 3556 3303 3609 ἐν
3331 3556 3487 3627 ἀλλή-

1910 3632 2023 3695 λοις
2060 3631 2431 3705 φθειρόμενοι,
2487 3635 2735 3699 καὶτοὺς
2765 3638 2861 3707 τῆς
2912 3638 3125 3706 φύσεως
3174 3639 3371 3709 νόμους
3420 3642 3486 3693 ἐκ

1913 3712 2129 3790 βάθρων
2160 3718 2338 3771 αὑτῶν
2374 3720 2804 3783 ἀνασπάσαντες,
2836 3722 2927 3773 καὶ
2959 3723 3197 3793 μηδεμιᾷ
3225 3722 3486 3792 παραινέ-

1912 3818 2015 3863 σει,
2059 3800 2190 3871 μηδὲ
2221 3801 2493 3873 συμϐουλῇ
2522 3803 2781 3866 ἐνδόντες,
2818 3803 2952 3873 μηδέ
2982 3805 3081 3876 τὴν
3121 3804 3228 3856 ἀπὸ
3260 3805 3357 3874 τῆς
3393 3804 3485 3857 τοῦ

1909 3886 2117 3939 δικαίου
2138 3887 2485 3953 γειτνιάσεως
2518 3886 2784 3954 ὠφέλειαν
2807 3889 3251 3958 καρπωσάμενοι,
3275 3891 3331 3939 ἐν
3356 3887 3485 3958 βρα-

1910 3969 2034 4040 χείᾳ
2064 3968 2254 4039 καιροῦ
2288 3971 2425 4042 ῥοπῇ
2466 3968 2625 4038 μόνον
2656 3970 2754 4039 τὴν
2786 3968 2939 4037 δίκην
2964 3969 3170 4031 ἔδοσαν,
3209 3969 3405 4040 μᾶλλον
3426 3969 3485 4022 δὲ

1911 4052 2114 4122 φθορᾶς
2147 4050 2557 4123 ἀπηλλάγησαν,
2588 4053 2680 4104 καὶ
2706 4051 2858 4119 δίκης
2879 4050 3345 4122 ἠλευθερώθησαν.
3374 4050 3483 4103 Τοῦ

1910 4133 2018 4205 γὰρ
2044 4132 2482 4202 κατακλυσθῆναι
2517 4132 2695 4203 πολλῷ
2749 4132 3125 4203 χαλεπώτερον
3154 4133 3215 4185 τδ
3259 4132 3484 4188 τοιαῦτα

1909 4219 2101 4270 ποιεῖν.
2130 4215 2300 4270 Τοῦτο
2322 4212 2435 4273 οὖν.
2486 4215 2608 4268 εἰπέ
2638 4233 2747 4285 μοι,
2782 4216 3019 4286 τιμωρία
3045 4215 3106 4268 τὸ
3144 4216 3310 4285 κακίᾳ
3341 4216 3486 4286 φθει-

1914 4301 2189 4372 ρομένους.
2220 4302 2314 4352 καὶ
2344 4299 2593 4370 ἀλλήλοις
2622 4298 2955 4370 φυρομένους
3005 4299 3353 4370 παρανόμως,
3389 4300 3486 4353 καὶ

1908 4382 2365 4453 καταισχύνοντας
2390 4425 2404 4447 ,
2453 4381 2547 4435 καὶ
2595 4383 3121 4454 καταισχυνομένους
3174 4383 3484 4451 ἀπαλλάξαι

1908 4468 2007 4539 τῆς
2030 4468 2296 4539 τοσαύτης
2314 4467 2531 4537 λύμης;
2566 4463 2699 4520 Εἶτα
2732 4465 2914 4540 ἰατρὸν
2967 4468 3065 4539 μὲν
3097 4468 3165 4522 τὰ
3208 4471 3484 4541 σεσηπότα

1909 4551 2239 4623 ἐκτέμνοντα
2263 4552 2324 4604 οὑ
2375 4551 2619 4621 φήσομεν
2656 4551 3015 4622 τιμωρεῖσθαι
3042 4552 3102 4605 τὸ
3153 4553 3333 4623 σῶμα,
3367 4554 3487 4609 ἀλλ’

1908 4635 1983 4698 ὡς
2013 4633 2387 4705 φιλάνθρωπον
2419 4632 2567 4705 [650]
2603 4634 2972 4705 ἀποδεξόμεθα
2991 4653 3005 4667 ο
3037 4635 3127 4688 τὸν
3174 4636 3231 4689 δὲ
3258 4636 3389 4691 Θεὸν
3419 4640 3487 4695 οὐ
3554 4682 3561 4685 .

1908 4716 2088 4786 πολλῷ
2112 4716 2309 4787 μᾶλλον
2332 4715 2789 4788 ἐκπλαγησόμεθα
2817 4719 2910 4771 καὶ
2937 4719 3034 4789 τῆς
3060 4721 3250 4789 σοφίας
3273 4723 3366 4775 καὶ
3381 4724 3483 4793 τῆς

1908 4798 2334 4869 φιλανθρωπίας,
2368 4796 2511 4851 οὕτω
2539 4800 2663 4863 τοὺς
2694 4799 2886 4853 ἐαυτοῦ
2935 4800 3232 4866 κολάζοντα
3271 4805 3325 4869 '1;
3357 4806 3488 4858 Δια-

1906 4881 2106 4945 παντὸς
2162 4882 2258 4952 μὲν
2306 4876 2397 4934 οὖν
2435 4882 2529 4935 καί
2558 4881 2855 4952 θαυμάζειν
2889 4883 3051 4938 αὑτὸν
3094 4884 3188 4938 καὶ
3238 4885 3487 4949 δοξάζειν

1905 4965 2009 5035 χρή
2025 4975 2045 4996 "
2072 4964 2274 5035 ταύτης
2293 4963 2348 5016 δέ
2378 4963 2561 5019 ’ἐνεκεν
2579 4965 2676 5036 τῆς
2707 4966 3016 5030 ὑποθέσεως
3048 4967 3313 5037 μηδέποτε
3344 4968 3485 5021 ἀπο-

1906 5046 2120 5117 στῶμεν
2160 5046 2324 5099 αὑτοῦ
2352 5046 2448 5117 τὴν
2486 5047 2811 5118 κηδεμονίαν
2860 5048 3302 5117 ἐκπληττόμενοι,
3357 5049 3484 5107 οὑδέ

1907 5128 2241 5200 παυσώμεθα
2263 5129 2423 5184 αὐτὸν
2455 5131 2548 5183 καί
2570 5130 2658 5183 διὰ
2684 5129 2856 5185 ταῦτα
2893 5130 3275 5200 ἀνυμνοῦντες,
3306 5130 3386 5182 ὅτι
3417 5148 3483 5188 τε

1902 5211 2075 5284 τομὴν
2102 5211 2269 5264 ἐδωκε
2300 5210 2583 5283 σύντομον,
2605 5213 2697 5264 καὶ
2724 5212 2822 5282 τὴν
2847 5211 3015 5282 νομὴν
3037 5211 3280 5285 ἀπέκοψε
3315 5213 3364 5275 ι,
3383 5215 3484 5269 καὶ

1964 5378 2346 5452 Ιιιειιχίιλφόϐον
2363 5379 2447 5440 μὲν
2469 5377 2677 5426 δύναται.
2708 5377 2860 5426 Paulo
2894 5382 3004 5439 post
3025 5378 3187 5440 ἐπάγει
3219 5380 3481 5430 desidem-

1903 5443 1988 5541 tu:
2004 5441 2472 5562 ιὲεῗῗιῒὶιίέαρανομία.
2498 5497 2622 5562 Οὔτε
2644 5499 2696 5547 δέ
2712 5501 2742 5556 ἡ
2771 5497 2952 5562 φύσις,
2966 5499 3116 5548 Paulo
3140 5506 3253 5562 post
3274 5516 3402 5551 unus
3425 5503 3480 5551 δέ

1903 5566 1968 5612 ὡς
1984 5564 2157 5626 χοίρων
2177 5559 2499 5626 χαλεπώτεροι
2521 5559 2739 5615 ὑπήντων
2762 5559 2996 5617 ἀλλήλοις·
3034 5559 3152 5623 qua!
3167 5561 3325 5613 lectio
3336 5572 3480 5614 cem

1899 5621 2348 5683 nod'iniprobanda.
2430 5621 2435 5622 “
2581 5676 2606 5689 η
3052 5621 3066 5623 ί

1967 5684 1986 5737 i
2017 5682 2288 5739 Hanc,on
2311 5680 2422 5737 τοὺς
2441 5681 2610 5728 ἑαυτου
2621 5680 3089 5738 multm-adesum
3106 5683 3156 5731 in
3177 5682 3328 5734 Savil.
3348 5684 3479 5738 ιδιά,

1900 5746 2011 5797 ιοτο
2034 5742 2283 5797 διαπαντὸς
2305 5742 2387 5797 μὲν
2402 5741 2502 5802 οὖν,
2522 5740 2653 5792 alius
2675 5741 2825 5793 habet
2852 5745 2992 5793 παντὶ
3012 5745 3096 5807 μὲν
3116 5746 3186 5807 τῷ
3202 5745 3349 5810 λόγῳ.

1969 5806 1996 5845 ι
2023 5804 2175 5855 Savil.
2197 5804 2407 5867 ἐνέκοψι.
