4068 6270
311 443 410 497 M9

306 566 578 608 cessemus
605 565 665 604 ea
693 549 758 604 de
787 563 945 603 causa
974 546 1191 601 laudare
1216 590 1230 614 ,
1261 547 1401 617 quod
1445 548 1657 602 brevem
1688 549 1884 602 sectio-

308 658 428 696 nem
462 641 795 701 adhibuerit,
824 653 1044 705 serpens
1073 638 1264 691 malum
1293 636 1566 691 rescitlerit
1590 677 1605 700 ,
1635 646 1689 689 et
1712 636 1881 691 medi-

307 733 482 787 cinam
509 746 627 799 qua:
653 728 851 783 nullum
879 727 1116 781 dolorem
1154 726 1365 781 afferret
1394 725 1701 779 admoverit.
1731 723 1808 779 Ne
1834 732 1888 779 te

309 839 442 894 ergo
470 822 573 877 hoe
599 820 899 885 conturbet,
928 820 1068 890 quod
1096 833 1282 874 omnes
1309 828 1525 887 repente
1549 827 1603 872 et
1625 834 1727 871 uno
1748 827 1885 872 tem-

307 931 439 986 pore
459 913 629 967 obruti
652 913 775 966 sint.
800 911 936 978 Quid
957 913 1099 965 enim
1122 908 1285 964 refert
1304 925 1369 962 an
1392 909 1487 975 sic,
1506 924 1570 962 an
1596 908 1884 977 paulatim?

308 1003 433 1072 quid
464 1017 585 1057 eum
612 1001 700 1070 qui
731 1000 958 1055 excessit
979 1000 1127 1068 juvat
1155 999 1293 1069 quod
1324 1013 1419 1067 per
1441 1012 1500 1052 se
1526 1006 1577 1052 et
1603 998 1763 1061 solus,
1795 1008 1884 1051 aut

309 1094 457 1148 laedit
496 1092 634 1162 quod
666 1107 787 1146 cum
826 1090 1072 1145 onmihus
1112 1086 1439 1143 excesserit?
1490 1086 1692 1140 Exaudi
1729 1104 1807 1140 me
1836 1087 1888 1140 in

311 1198 400 1240 tua
417 1184 637 1255 justitia,
663 1181 763 1237 hoc
781 1191 881 1246 est,
912 1181 963 1233 in
987 1179 1308 1247 benignitate
1333 1187 1385 1232 et
1413 1176 1709 1231 clementia.
1738 1175 1886 1243 Quod

310 1278 454 1330 enim
485 1274 535 1329 id
562 1272 841 1342 significet,
866 1270 1134 1340 suhjttnxit
1157 1286 1170 1322 :
1197 1268 1260 1322 Et
1281 1284 1380 1322 non
1400 1268 1553 1321 intres
1572 1268 1623 1320 in
1637 1267 1886 1336 judicium

308 1383 426 1420 cum
450 1380 590 1419 serra
616 1375 724 1418 tuo.
751 1363 862 1417 lloc
880 1362 1040 1416 etiam
1067 1360 1193 1430 petit
1214 1359 1314 1413 Job
1335 1359 1421 1429 qui
1447 1366 1561 1413 erat
1593 1355 1680 1411 Vir
1695 1359 1887 1427 justus,

310 1467 361 1509 et
405 1471 558 1510 verax
578 1497 592 1520 ,
638 1464 685 1507 et
724 1453 974 1506 abstinens
1002 1451 1063 1503 ab
1092 1452 1228 1504 omni
1254 1467 1309 1504 re
1347 1449 1483 1503 mala
1523 1448 1681 1519 (Job.
1712 1450 1763 1502 1.
1792 1449 1816 1502 1
1848 1450 1890 1518 ),

309 1550 500 1605 dicens
528 1566 542 1602 :
579 1546 783 1601 Utinam
812 1554 935 1598 esset
964 1545 1047 1614 qui
1077 1543 1374 1596 discerneret
1411 1550 1454 1594 et
1497 1549 1724 1611 argueret
1762 1540 1890 1592 inter

309 1652 580 1709 utrumque
605 1638 622 1709 (
646 1636 864 1703 ιωάκθ.
895 1634 1029 1706 55);
1070 1650 1189 1689 cum
1222 1634 1358 1688 Deus
1396 1640 1571 1686 autem
1600 1632 1840 1701 apparuit
1869 1646 1887 1686 :

310 1730 528 1785 Manum
563 1744 818 1799 apponam
855 1726 930 1780 ori
971 1741 1079 1778 meo
1106 1723 1283 1796 (Ibid.
1316 1722 1403 1777 59.
1431 1721 1572 1792 54):
1604 1722 1726 1775 licet
1751 1722 1890 1775 Deus

310 1803 632 1891 provocaret
655 1827 706 1872 et
729 1815 928 1892 diceret
957 1831 970 1866 ε
1004 1813 1147 1880 Non,
1174 1812 1262 1867 sed
1299 1813 1501 1881 acringe
1527 1819 1779 1880 tamquam
1816 1811 1891 1885 vir

314 1910 513 1964 luntbos
542 1917 650 1962 tuos
682 1906 839 1978 (Ibid.
861 1905 948 1997 19.
971 1905 1054 1974 2).
1079 1904 1188 1958 lloc
1210 1903 1368 1957 etiam
1389 1900 1585 1956 Iudaeis
1605 1900 1890 1969 exprobrat

311 1999 499 2054 dicens
514 2016 527 2050 :
544 1996 692 2062 Quod
711 1991 999 2049 invenerunt
1015 2003 1177 2063 patres
1190 1992 1335 2047 vestri
1346 1991 1397 2044 in
1414 2007 1491 2044 me
1505 1991 1755 2055 delictum,
1771 1991 1889 2061 quia

311 2089 567 2160 principes
605 2087 751 2141 vestri
795 2087 847 2139 in
888 2101 965 2138 me
1001 2101 1054 2139 se
1094 2084 1262 2153 inique
1288 2091 1542 2153 gesserunt
1571 2080 1888 2150 (Jer.2.5)-?

389 2178 726 2250 Confessionis
750 2185 1070 2246 peccatorum
1093 2175 1305 2244 fructus.
1324 2201 1393 2213 -—
1410 2171 1522 2226 Hoc
1543 2180 1721 2225 autem
1741 2170 1886 2239 facit,

312 2285 422 2325 non
451 2268 632 2323 volens
655 2267 950 2336 graviorem
980 2266 1029 2318 in
1059 2277 1152 2319 eos
1172 2262 1394 2318 reddere
1422 2261 1761 2328 sententiam,
1790 2261 1885 2316 sed

322 2362 507 2414 volens
533 2374 598 2414 eo
627 2358 890 2413 adducere
912 2399 928 2423 ,
959 2365 1014 2409 ut
1042 2371 1133 2411 sua
1162 2361 1373 2425 peccata
1399 2353 1693 2418 sentirent,
1721 2368 1888 2422 eaque

313 2453 730 2515 conliterentur,
757 2456 812 2504 et
839 2455 961 2502 tunc
987 2447 1064 2500 eis
1089 2445 1240 2499 daret
1265 2444 1469 2498 veniam
1487 2483 1503 2508 ,
1536 2452 1594 2497 ut
1620 2445 1697 2497 sic
1722 2442 1888 2497 bene-

315 2541 422 2596 ﬁcii
451 2548 667 2595 nossent
687 2536 1119 2608 magnitudinem.
1151 2536 1213 2590 Et
1232 2534 1350 2589 ideo
1372 2534 1499 2588 dicit
1523 2552 1537 2589 :
1566 2533 1656 2587 Dic
1676 2542 1730 2588 tu
1752 2535 1890 2602 prior

314 2632 602 2701 iniquitates
627 2639 738 2683 tuas
757 2670 774 2695 ,
803 2642 908 2682 non
939 2637 996 2681 ut
1022 2624 1422 2688 condemneris,
1450 2623 1544 2679 sed
1566 2666 1580 2688 ,
1612 2623 1677 2679 Ut
1691 2624 1888 2694 justiﬁ-

317 2725 446 2778 ceris
476 2723 495 2793 (
520 2720 647 2776 Isai.
675 2721 760 2776 45.
792 2720 862 2774 26
886 2720 926 2785 ).
963 2720 1034 2774 Ea
1064 2719 1132 2773 de
1158 2732 1314 2773 causa
1343 2732 1441 2772 nec
1469 2719 1581 2786 ipse
1607 2732 1697 2772 cas
1722 2717 1886 2781 dicit,

317 2816 412 2870 sed
444 2815 588 2868 illutn
614 2813 681 2868 ad
716 2827 807 2867 eas
834 2811 1084 2867 dicendas
1121 2817 1412 2879 comparat.
1459 2808 1512 2863 Si
1558 2810 1697 2864 cnim
1728 2810 1892 2864 vellet

320 2908 507 2977 punire
531 2947 547 2972 ,
588 2906 703 2975 ipse
730 2919 851 2959 eum
887 2909 1191 2958 accusasset
1216 2918 1230 2954 :
1261 2915 1398 2954 nunc
1426 2909 1604 2953 autem
1636 2899 1885 2970 quoniam

322 2998 437 3051 vult
465 2995 698 3050 misereri
725 3036 739 3060 ,
772 2993 909 3049 cedit
939 2992 987 3048 ei
1017 2992 1103 3063 qui
1131 2992 1401 3061 peccavit,
1430 2998 1485 3046 ut
1528 2991 1639 3059 ipse
1673 2990 1806 3060 grati
1836 2998 1891 3044 et

326 3088 578 3145 memoris
597 3088 754 3143 animi
778 3101 1029 3142 coronam
1051 3085 1292 3154 accipiat,
1316 3093 1370 3139 et
1390 3098 1482 3153 per
1501 3082 1887 3139 confessionem

322 3179 735 3236 misericordiam
756 3176 1001 3233 attrahat.
1029 3176 1163 3244 Quid
1191 3184 1365 3246 potest
1390 3190 1508 3231 cum
1536 3175 1634 3231 hac
1658 3174 1887 3231 conferri

262 3306 267 3307 κ
323 3269 644 3325 clementia?
672 3267 832 3323 Nihil.
862 3268 974 3332 Dic,
998 3265 1184 3335 inquit,
1207 3274 1260 3319 et
1279 3265 1406 3319 nihil
1429 3279 1608 3335 quaero
1627 3264 1885 3333 amplius;

325 3361 600 3424 conﬁtere,
624 3369 677 3415 et
696 3358 825 3413 mihi
845 3358 1039 3423 sufﬁcit
1057 3373 1072 3421 ;
1089 3356 1193 3420 die,
1217 3364 1267 3410 et
1290 3369 1505 3424 prorsus
1520 3353 1776 3408 abstineo.
1809 3350 1891 3406 Ne

320 3450 475 3505 intres
499 3450 551 3503 in
565 3449 819 3520 judicium
844 3463 958 3501 cum
982 3461 1120 3501 servo
1142 3454 1247 3499 tuo.
1277 3445 1421 3499 Multi
1447 3453 1570 3498 sunt
1593 3444 1680 3513 qui
1709 3445 1760 3498 in
1788 3444 1890 3500 hoc

324 3556 384 3598 se
410 3550 552 3596 recte
575 3549 790 3611 gerunt,
814 3555 878 3595 ex
906 3553 973 3594 eo
997 3536 1137 3609 quod
1167 3536 1235 3592 sit
1258 3536 1396 3591 Deus
1415 3534 1758 3605 judicaturtts.
1787 3536 1888 3602 Qui

321 3634 461 3689 enim
487 3632 575 3703 pio
598 3640 720 3687 sunt
745 3639 799 3687 et
824 3639 970 3701 grato
1005 3630 1183 3683 animo
1203 3669 1218 3693 ,
1251 3628 1353 3682 hoc
1380 3637 1504 3681 ante
1532 3635 1727 3681 norunt
1754 3646 1768 3680 :
1799 3628 1886 3696 qui

320 3738 496 3786 secus,
524 3738 588 3778 ex
613 3738 678 3776 eo
707 3720 847 3791 quod
875 3719 1142 3790 prophetae
1167 3719 1349 3773 dicunt
1372 3716 1601 3782 assidue,
1628 3716 1887 3770 Judicium

323 3814 539 3867 Domino
560 3812 628 3865 ad
647 3811 887 3881 populum
905 3827 1069 3875 suum,
1092 3817 1268 3862 etcum
1290 3805 1459 3862 Israel
1476 3807 1679 3861 disseret
1701 3805 1885 3879 (Mica.

321 3904 375 3960 6.
400 3902 475 3976 2)
507 3923 519 3958 :
548 3912 602 3958 et
642 3918 822 3957 rursus
847 3943 863 3968 ,
891 3901 1071 3955 Audite
1094 3940 1109 3967 ,
1140 3899 1292 3952 valles
1316 3907 1362 3951 et
1390 3897 1719 3967 fundamenta
1746 3905 1890 3953 terra:

321 3995 373 4065 (I
382 3995 509 4065 bid.)
535 4014 547 4048 :
571 4002 645 4060 et,
669 3994 817 4059 Audi,
844 3994 1042 4059 calum,
1060 4001 1106 4044 et
1129 3988 1329 4044 auribus
1353 3989 1565 4059 percipe,
1589 3999 1720 4042 terra
1737 3988 1887 4060 (Isai.

320 4087 374 4140 1.
403 4087 424 4141 1
451 4085 490 4155 ).
523 4084 601 4139 Ex
628 4099 694 4139 eo
718 4098 843 4153 ergo
863 4083 1002 4153 quod
1032 4082 1144 4149 ipse
1170 4078 1385 4135 assidue
1407 4077 1612 4132 dicatur
1631 4076 1886 4146 judicare,

294 4178 481 4253 etiam
507 4178 592 4247 qui
622 4175 776 4245 paulo
802 4175 973 4229 minus
1000 4187 1187 4229 sensus
1213 4170 1477 4226 habebant
1500 4184 1559 4225 se
1584 4170 1634 4224 in
1658 4184 1721 4224 eo
1746 4178 1889 4226 recte

319 4267 590 4339 gerebant.
626 4265 831 4320 Etenim
858 4264 1102 4319 dicebant
1128 4261 1362 4317 nonnulli
1391 4259 1559 4315 Judtei
1590 4279 1604 4314 :
1633 4259 1801 4326 Quare
1816 4263 1891 4329 je«

311 4358 676 4431 juuavimus,et
696 4372 796 4409 non
822 4355 1056 4424 aspexisti
1082 4352 1229 4423 (Isai.
1255 4352 1341 4407 58.
1365 4350 1461 4422 5)?
1486 4358 1561 4416 et,
1583 4349 1890 4420 Quicumque

319 4449 443 4519 facit
470 4447 685 4512 malum,
717 4447 897 4499 bonum
922 4461 1089 4498 coram
1118 4444 1330 4497 Domino
1354 4442 1374 4514 (
1398 4441 1621 4497 Malaclt.
1647 4442 1701 4496 2.
1738 4444 1801 4499 17
1823 4444 1842 4513 )
1864 4458 1878 4508 ;

319 4549 376 4595 et
396 4579 414 4604 ,
449 4537 796 4607 Ediﬁcantur
821 4537 904 4606 qui
931 4536 1119 4606 faciunt
1145 4534 1333 4588 scelera
1356 4575 1371 4601 ,
1402 4543 1447 4588 et
1472 4533 1639 4589 beatos
1664 4534 1890 4587 ducimus

323 4630 514 4683 alienos
539 4627 714 4699 (Ibid.
746 4626 799 4681 5.
829 4627 893 4682 15
919 4625 972 4698 );
1004 4635 1056 4681 et
1080 4667 1095 4692 ,
1128 4624 1247 4679 Non
1291 4634 1362 4679 est
1401 4633 1537 4679 recta
1573 4625 1653 4679 via
1686 4624 1890 4680 Domini

324 4721 344 4791 (
371 4720 554 4775 Ezech.
582 4719 669 4775 55.
704 4721 768 4774 t7
787 4719 826 4787 ).
859 4706 1023 4772 Porro
1049 4717 1233 4771 beatus
1258 4730 1466 4785 quoque
1489 4715 1590 4770 Job
1612 4724 1887 4786 postquam

319 4811 375 4865 in
409 4810 548 4864 illam
595 4809 935 4864 tentationem
972 4805 1156 4861 incidit
1178 4845 1194 4871 ,
1221 4819 1325 4859 non
1366 4820 1429 4859 eo
1458 4805 1635 4859 animo
1660 4846 1675 4872 ,
1707 4820 1804 4861 nec
1826 4819 1887 4860 ea

319 4901 456 4956 dixit
499 4915 616 4970 qum
643 4898 810 4954 Judaei
844 4916 857 4952 :
896 4896 1069 4959 absit;
1114 4895 1247 4949 dixit
1285 4902 1456 4948 tamen
1486 4912 1499 4947 :
1533 4893 1735 4948 Utinam
1766 4905 1904 4971 esset_

317 4993 634 5053 intercessor,
657 4998 704 5044 et
723 4990 805 5060 qui
832 4987 1125 5042 discerneret
1145 4995 1192 5039 et
1213 4995 1440 5053 argueret
1461 4984 1588 5037 inter
1605 4993 1884 5055 utrumque.

316 5083 522 5137 Avertat
546 5098 578 5134 a
598 5098 674 5135 me
696 5081 903 5149 virgam,
926 5088 973 5132 et
1002 5081 1149 5132 timor
1167 5079 1273 5146 ejus
1295 5092 1357 5130 ne
1378 5093 1457 5131 me
1475 5076 1726 5129 conturbet
1746 5076 1882 5147 (Job.

286 5206 289 5209 λ
317 5171 373 5228 9.
405 5173 491 5227 55.
519 5171 632 5241 54).
667 5170 733 5224 Et
759 5169 878 5223 ideo
904 5168 1031 5222 dicit
1053 5169 1100 5222 ei
1122 5208 1136 5231 ,
1167 5166 1192 5220 1
1202 5165 1495 5235 nterrogabo
1519 5182 1608 5237 ego
1633 5177 1698 5232 te,
1729 5176 1781 5219 tu
1807 5182 1889 5222 ve-

318 5280 379 5316 ro
404 5260 528 5314 mihi
555 5259 798 5329 responde
827 5257 963 5331 (Job.
992 5256 1080 5312 42.
1111 5257 1187 5328 4).
1220 5255 1414 5311 Deinde
1438 5257 1681 5325 quoniam
1709 5256 1890 5310 obstu-

317 5350 560 5423 pefactus
589 5348 793 5414 fuerat,
824 5358 874 5403 et
904 5347 1144 5412 dixerat,
1182 5344 1285 5401 Cur
1320 5360 1409 5415 ego
1449 5345 1616 5397 adhuc
1647 5344 1882 5413 judicar,

320 5443 446 5495 dum
474 5439 715 5510 corrigor,
743 5449 789 5493 et
817 5455 973 5508 arguo
1000 5436 1273 5490 Dominum
1301 5435 1440 5500 (Job.
1465 5434 1556 5490 40.
1578 5435 1635 5507 4)
1652 5434 1676 5487 7
1695 5443 1746 5489 et
1769 5450 1889 5490 rur-

317 5545 434 5594 sus,
458 5529 725 5583 Auditionc
748 5530 946 5598 quidem
965 5528 1100 5581 auris
1121 5537 1168 5580 te
1184 5527 1326 5596 prius
1345 5526 1545 5591 audivi,
1573 5541 1709 5579 nunc
1725 5534 1890 5578 autem

318 5621 469 5675 etiam
501 5618 631 5672 oculi
658 5619 751 5671 mei
777 5626 824 5670 te
852 5616 1079 5670 viderunt
1112 5615 1265 5685 (Job.
1301 5616 1392 5669 £2.
1423 5615 1477 5669 5.
1508 5611 1582 5683 6)
1615 5630 1628 5668 :
1657 5614 1889 5683 quocirca

318 5711 567 5780 meipsum
590 5708 845 5777 vilipendi,
867 5715 913 5759 et
939 5707 1232 5776 liquefactus
1256 5720 1404 5767 sum;
1425 5704 1701 5759 existimavi
1725 5712 1891 5757 autem

320 5816 565 5872 metme
603 5808 786 5854 terram
818 5806 865 5851 et
903 5796 1118 5850 cinerem
1142 5807 1164 5850 :
1183 5810 1371 5862 ponam
1406 5810 1608 5848 manum
1646 5808 1798 5862 super
1832 5808 1887 5847 os

1366 434 1721 491 EXPOSITIO
1760 434 1819 488 IN
1862 431 2182 493 PSALMUM
2222 438 2423 495 CXL".

3454 447 3561 502 150

1992 564 2154 603 mettm
2179 550 2298 620 (Job
2343 552 2430 607 59.
2454 553 2545 622 51)
2575 571 2588 608 :
2615 552 2744 607 dixit
2769 554 2840 614 ei,
2874 553 3199 622 Nequaquam
3220 556 3260 618 ί,
3290 558 3376 610 sed
3405 568 3563 613 arem-

1991 656 2052 709 ge
2091 650 2345 710 tamquam
2378 644 2449 696 rir
2489 644 2678 698 [ambos
2703 654 2813 698 tuos
2850 646 2869 715 (
2899 644 2997 698 Job
3046 644 3132 699 58.
3165 646 3220 700 5.
3248 656 3293 699 et
3320 647 3409 701 40.
3436 648 3471 701 2
3505 650 3559 718 ),

1992 731 2370 798 propemodum
2415 748 2527 801 ejus
2572 735 2730 789 verba
2773 735 2823 787 in
2872 737 3178 790 memoriam
3225 736 3467 806 retligens
3507 748 3562 794 et

1991 817 2206 884 dicens,
2235 821 2490 888 Quoniam
2519 838 2722 876 meeum
2753 824 2960 879 voluisti
2982 825 3180 894 judicio
3205 828 3524 884 contendere
3542 871 3559 896 ,

1992 924 2115 964 ecce
2159 910 2344 965 adsum
2393 912 2800 982 disceptatur-us.
2854 913 3039 969 Vidisti
3091 916 3178 969 Dei
3223 916 3563 972 clementiam

1994 999 2307 1056 ineffabilem
2329 1042 2344 1068 ,
2372 1003 2544 1057 vidisti
2573 1004 2863 1059 bonitatem
2896 1007 3190 1060 infinitam?
3219 1008 3282 1062 Et
3310 1010 3430 1064 ideo
3454 1019 3560 1064 tres

1991 1106 2198 1160 quoque
2221 1093 2364 1160 pueri
2395 1093 2654 1157 dicebant,
2675 1093 3015 1162 Peccavimus,
3046 1097 3212 1167 inique
3237 1102 3445 1169 egimus,
3470 1116 3562 1154 nos

1992 1179 2176 1250 injuste
2202 1182 2441 1252 gessimus
2467 1181 2486 1249 (
2514 1182 2643 1235 Dan.
2672 1184 2724 1237 5.
2754 1184 2823 1238 29
2846 1183 2887 1254 ).
2932 1186 3188 1251 Quoniam
3231 1189 3370 1241 enim
3412 1187 3558 1243 multi

1994 1267 2233 1324 homines
2261 1286 2452 1326 sensus
2490 1271 2644 1340 plane
2672 1283 2915 1342 expertes
2951 1284 3161 1343 peccata
3190 1292 3282 1329 sua
3313 1277 3363 1330 in
3395 1276 3559 1333 Deum

1993 1359 2308 1426 conferunt,
2355 1359 2456 1414 hoc
2497 1372 2807 1429 procurante
2843 1370 2899 1417 et
2939 1365 3270 1420 machinante
3306 1366 3555 1433 diabolo,

1994 1447 2130 1503 hanc
2154 1451 2586 1523 consuetudinem
2612 1451 2752 1505 Deus
2773 1453 3006 1508 evellens
3028 1454 3294 1519 radicitus,
3318 1458 3561 1527 frequen-

1995 1546 2074 1595 ter
2103 1540 2230 1594 dicit
2257 1555 2315 1595 se
2343 1557 2463 1596 eum
2491 1543 2568 1596 eis
2592 1542 2791 1611 judicio
2814 1545 3153 1600 co:.tendere.

2067 1632 2120 1687 5.
2152 1631 2279 1686 Tale
2314 1633 2436 1702 quid
2465 1634 2621 1693 etiam
2655 1636 2890 1704 peccavit
2927 1637 2970 1690 is
3003 1638 3089 1706 qui
3120 1639 3321 1708 primus
3349 1650 3558 1696 creatus

1994 1730 2076 1777 est
2100 1723 2289 1789 Adam,
2319 1732 2374 1777 et
2413 1723 2530 1778 ideo
2569 1723 2814 1779 dicebat:
2849 1725 3053 1789 Mulier,
3081 1744 3228 1796 quam
3255 1730 3434 1784 dedisti
3457 1748 3559 1785 nte-

1995 1829 2127 1879 cum,
2156 1829 2216 1866 ea
2243 1814 2364 1865 mihi
2387 1813 2542 1878 dedit,
2569 1823 2614 1866 et
2639 1815 2828 1866 comedi
2854 1814 3001 1885 (Gen.
3031 1816 3200 1888 5.12).
3229 1817 3395 1872 Judaei
3422 1835 3557 1888 quo-

1995 1918 2096 1973 que
2116 1903 2279 1957 multa
2304 1902 2560 1968 ejusmodi
2585 1904 2888 1972 peceabaut.
2922 1905 3052 1972 Quia
3082 1921 3180 1959 non
3209 1909 3562 1974 iustiﬁcabitur

1994 1995 2047 2047 in
2072 2003 2333 2065 conspectu
2361 2003 2444 2047 tuo
2471 1995 2632 2047 omnis
2660 1995 2842 2047 vivens.
2886 1994 3019 2064 Quid
3062 1995 3129 2050 de
3172 2012 3258 2052 me
3297 1999 3448 2062 dico,
3492 2000 3559 2054 de

1996 2088 2097 2141 hoc
2124 2094 2175 2140 et
2202 2084 2269 2140 de
2300 2085 2424 2138 illo?
2453 2084 2639 2155 inquit.
2682 2084 2795 2139 Non
2840 2097 2922 2141 est
2960 2086 3121 2141 homo
3154 2102 3313 2156 super
3338 2099 3554 2154 terram,

1994 2175 2080 2246 qui
2100 2214 2118 2242 ,
2149 2175 2191 2229 si
2220 2174 2286 2229 de
2309 2174 2587 2243 iisjudicio
2606 2175 2888 2230 contendat
2918 2191 3034 2244 qua:
3063 2176 3135 2230 illi
3163 2192 3192 2230 a
3220 2185 3271 2231 te
3298 2189 3556 2247 praecepta

1995 2274 2135 2333 sunt,
2163 2266 2327 2336 possit
2348 2265 2626 2334 justiﬁcari
2655 2284 2669 2320 :
2698 2266 2768 2320 ita
2795 2276 2875 2321 est
2903 2266 3040 2335 apttd
3068 2276 3118 2322 te
3144 2268 3447 2335 plenissima
3475 2271 3554 2323 vi-

1995 2357 2181 2411 ctoria.
2215 2357 2265 2411 5.
2298 2355 2428 2421 Quia
2453 2366 2735 2424 persecutus
2771 2367 2841 2409 est
2878 2357 3107 2409 inimicus
3131 2358 3352 2411 animam
3376 2374 3556 2412 meam.

1996 2446 2174 2502 Potest
2198 2445 2407 2515 quidem
2439 2444 2542 2500 hoc
2571 2445 2787 2515 intelligi
2812 2454 2866 2500 et
2889 2446 2953 2499 de
2978 2445 3159 2513 Saule,
3187 2447 3274 2516 qui
3300 2456 3561 2503 erattunc

1996 2537 2259 2604 inimicus,
2281 2548 2333 2592 ct
2355 2551 2476 2592 eum
2497 2536 2926 2605 persequebatur.
2955 2535 3136 2591 Potest
3157 2538 3317 2591 etiam
3343 2537 3444 2592 dici
3469 2555 3562 2607 per

1995 2641 2263 2697 anagogeu
2311 2625 2556 2681 inimicus
2601 2625 2841 2681 diabolus
2874 2644 2887 2681 :
2920 2625 3009 2681 ille
3052 2631 3193 2682 enim
3240 2626 3344 2682 non
3387 2638 3562 2684 cessat

1995 2733 2087 2773 eos
2115 2719 2204 2788 qui
2232 2717 2321 2772 Dci
2345 2725 2466 2771 sunt
2492 2717 2752 2787 persequi.
2778 2717 3052 2788 Quomodo
3073 2734 3197 2788 ergo
3217 2719 3559 2774 liberabimur

1995 2808 2062 2864 ab
2107 2808 2221 2877 ejus
2269 2807 2706 2877 persequutione?
2748 2807 2802 2862 Si
2847 2807 3021 2862 locum
3071 2808 3462 2877 invenerimus,
3507 2811 3559 2864 iu

1995 2915 2151 2971 quem
2178 2915 2280 2954 non
2312 2902 2475 2969 possit
2503 2898 2725 2971 ingredi.
2759 2899 2827 2954 Et
2860 2900 3099 2969 quisnam
3132 2908 3215 2954 est
3250 2900 3335 2955 ltic
3371 2901 3556 2956 locus?

1995 2992 2122 3060 Quis
2142 2993 2274 3047 alius
2290 2993 2387 3046 nisi
2409 2993 2630 3047 czelum?
2650 2993 2922 3061 Quomodo
2950 3001 3124 3047 autem
3155 3009 3294 3048 nunc
3316 3003 3485 3064 potest
3502 2996 3555 3050 in

1994 3082 2179 3136 cadum
2192 3083 2403 3137 ascendi
2415 3083 2437 3134 ?
2451 3084 2585 3137 Audi
2602 3083 2814 3137 Paulum
2828 3081 3088 3138 dicentem
3101 3093 3155 3138 et
3169 3084 3554 3150 ostendetttem,

1998 3189 2093 3229 nos
2111 3175 2268 3253 etiam
2289 3190 2447 3230 carne
2468 3175 2759 3244 implicatos
2778 3189 2931 3244 posse
2952 3175 3056 3230 illic
3068 3176 3266 3230 versari
3288 3194 3298 3229 :
3321 3176 3559 3244 Qawsur-

1993 3280 2103 3318 sum
2131 3275 2245 3317 sunt
2282 3268 2508 3335 cogitate,
2536 3263 2620 3317 ubi
2639 3262 2862 3319 Christus
2887 3274 2953 3318 est
2982 3266 3035 3318 in
3054 3265 3255 3320 dextera
3275 3266 3366 3320 Dei
3383 3268 3560 3329 sedens

1995 3353 2128 3424 (Col.
2155 3355 2205 3409 5.
2242 3353 2316 3424 1).
2344 3354 2408 3408 Ει
2431 3368 2611 3409 rursus
2638 3371 2654 3409 :
2687 3353 2871 3408 Nostra
2895 3364 3058 3409 autem
3081 3359 3385 3412 conversatio
3411 3368 3483 3411 est
3508 3360 3560 3413 in

1995 3445 2149 3500 ccelis.
2179 3444 2473 3500 Humiliavit
2501 3446 2552 3499 in
2576 3455 2707 3499 terra
2730 3446 2879 3499 vitam
2899 3463 3057 3500 meam
3084 3445 3336 3519 (Philipp.
3366 3450 3417 3504 5.
3437 3448 3554 3522 ‘20).

1992 3600 2003 3611 _
2068 3535 2342 3590 Humilitas
2366 3536 2644 3607 multiplex.
2671 3565 2742 3577 —-
2761 3536 2921 3590 Multa
2948 3538 3208 3605 significat
3237 3555 3429 3594 nomen
3458 3540 3557 3594 hu-

1996 3627 2250 3682 militatis.
2301 3628 2396 3682 Est
2433 3628 2572 3682 enim
2600 3639 2652 3683 et
2677 3628 2882 3683 virtutis
2919 3627 3209 3696 humilitas,
3249 3637 3306 3683 ut
3344 3630 3556 3700 quando

1996 3723 2122 3777 dicit
2148 3740 2161 3774 :
2194 3722 2293 3776 Cor
2329 3724 2592 3775 contritum
2616 3730 2661 3775 et
2685 3721 3002 3775 Itumiliatum
3036 3719 3170 3774 Deus
3201 3737 3300 3774 non
3323 3722 3559 3792 despiciet

1997 3811 2166 3881 (Psal.
2200 3813 2288 3867 50.
2313 3812 2424 3882 19).
2454 3812 2544 3867 Est
2560 3821 2612 3867 et
2631 3810 2898 3866 humilitas
2927 3826 3041 3880 qua:
3067 3811 3301 3880 procedit
3327 3826 3393 3865 ex
3419 3812 3557 3866 cala-

1995 3901 2301 3958 mitatibus:
2332 3911 2412 3955 est
2438 3911 2491 3954 et
2519 3916 2637 3969 qua:
2674 3900 3025 3969 proﬁciscitur
3064 3916 3126 3953 ex
3172 3900 3418 3968 peccatis.
3464 3900 3558 3956 llic

1996 4001 2171 4046 autem
2214 4006 2330 4046 eam
2366 3991 2644 4061 signiﬁcat,
2682 4005 2800 4060 qua:
2840 3990 3008 4043 oritur
3044 4005 3110 4042 ex
3152 3990 3555 4045 calamitatibus.

1997 4084 2252 4152 Quocirca
2276 4081 2542 4151 subjungit
2565 4080 2667 4135 hoc
2687 4081 2970 4135 ostendens
2994 4097 3007 4132 :
3035 4079 3329 4133 Humiliavit
3352 4082 3403 4135 in
3427 4091 3558 4134 terra

1996 4179 2144 4233 vitam
2172 4194 2351 4230 meam.
2395 4176 2489 4230 Est
2535 4173 2692 4229 etiam
2735 4173 3018 4236 humilitas,
3062 4187 3178 4242 qua:
3221 4172 3456 4241 procedit
3491 4188 3557 4226 ex

1996 4267 2260 4337 superbia,
2285 4275 2341 4320 ut
2368 4264 2577 4336 quando
2597 4264 2761 4319 dicit:
2792 4264 2887 4331 Qui
2915 4280 2967 4317 se
2985 4264 3191 4327 exaltat,
3218 4260 3559 4317 humiliobitur

1998 4360 2144 4431 (Luc.
2179 4359 2264 4415 18.
2294 4357 2403 4429 14).
2437 4358 2533 4413 Est
2556 4357 2713 4412 etiam
2743 4356 2842 4410 alia
2870 4355 3165 4421 humilitas,
3192 4370 3309 4424 qua:
3344 4357 3554 4424 proﬁci-

1997 4453 2161 4507 scitur
2195 4450 2262 4504 ab
2305 4449 2584 4504 insatiabili
2614 4447 2920 4517 cupiditate.
2967 4445 3102 4514 Quid
3131 4455 3211 4500 est
3240 4445 3378 4500 enim
3408 4445 3556 4516 abje-

1997 4542 2130 4597 ctius
2155 4549 2205 4597 et
2232 4540 2479 4594 humilius
2500 4539 2582 4605 iis,
2606 4539 2693 4608 qui
2715 4538 2919 4607 seipsos
2947 4534 3210 4591 infodiunt
3235 4535 3287 4589 in
3313 4535 3522 4590 divitias
3538 4577 3554 4603 ,

1996 4634 2287 4702 potentiam
2314 4641 2366 4686 et
2389 4631 2641 4701 gloriam?
2670 4630 2707 4684 li
2735 4630 2874 4684 enim
2901 4635 3025 4682 sunt
3044 4627 3244 4683 duabus
3270 4627 3559 4682 rationibus

1998 4723 2258 4789 humiles,
2295 4731 2350 4777 et
2394 4722 2531 4791 quod
2579 4721 2719 4775 humi
2768 4729 2980 4790 serpant
3019 4728 3074 4774 et
3115 4718 3254 4790 quod
3279 4735 3339 4775 ea
3370 4734 3558 4789 magna

1997 4815 2330 4876 existiment,
2375 4811 2814 4881 quemadmodum
2865 4811 3010 4880 pueri
3072 4811 3200 4880 pilas
3228 4851 3242 4873 ,
3291 4811 3456 4877 talos,
3505 4819 3561 4865 et

1999 4904 2295 4977 hujusmodi
2335 4903 2534 4957 ludiCra
2572 4902 2744 4973 magni
2783 4902 2992 4956 faciunt.
3031 4901 3100 4954 At
3124 4899 3224 4955 hoc
3248 4916 3350 4953 non
3380 4910 3459 4955 est
3484 4901 3560 4954 si-

1998 5012 2158 5070 gnum
2204 4995 2343 5067 quod
2386 5009 2446 5049 ea
2489 5009 2674 5063 magna
2718 4993 2858 5056 sint,
2904 4991 2998 5048 sed
3049 4991 3187 5059 quod
3234 4990 3321 5060 qui
3361 5005 3421 5044 ea
3467 4989 3562 5044 ad.

1998 5091 2292 5153 mirantur,
2341 5094 2570 5140 mentem
2623 5083 2849 5137 habeant
2900 5081 3252 5150 imperfectam
3289 5088 3340 5133 et
3382 5080 3557 5132 humi-

1999 5180 2124 5235 lem.
2172 5177 2276 5233 Sed
2324 5175 2425 5231 hoc
2476 5174 2688 5246 quidem
2732 5183 2814 5227 est
2852 5173 3022 5225 aetatis
3064 5180 3119 5225 et
3162 5178 3361 5223 natura:
3411 5168 3558 5224 defc-

1997 5281 2134 5335 ctus,
2176 5268 2302 5325 illttd
2332 5249 2457 5321 vero
2498 5274 2579 5319 est
2612 5266 2761 5333 culpa
2800 5261 3105 5316 voluntatis.
3132 5259 3262 5314 Cum
3311 5260 3449 5312 enim
3492 5261 3561 5313 sit

1997 5361 2099 5426 vir,
2127 5375 2189 5415 ac
2217 5369 2435 5412 matura:
2463 5354 2654 5417 :etatis,
2682 5367 2911 5417 mensas,
2933 5352 3132 5415 luxum,
3158 5360 3206 5405 et
3236 5350 3447 5405 delicias
3477 5365 3563 5403 res

2000 5458 2148 5520 putat
2175 5462 2293 5502 esse
2322 5459 2538 5513 magnas
2562 5462 2575 5497 :
2604 5458 2710 5511 quo
2738 5443 2862 5510 quid
2887 5457 3004 5497 esse
3027 5450 3203 5510 potest
3227 5440 3482 5509 abjectius
3510 5447 3563 5494 et

2001 5534 2289 5595 humilius?
2340 5533 2500 5602 Atqui
2550 5532 2702 5586 multi
2749 5545 2842 5586 eos
2884 5544 3005 5585 esse
3050 5530 3225 5600 magni
3272 5539 3327 5584 et
3369 5529 3562 5584 excelsi

2067 5724 2083 5755 ί
2112 5720 2264 5773 Illud.
2291 5719 2607 5782 Nequaquam
2637 5711 2760 5776 (Μή)
2783 5746 2797 5771 ,
2839 5720 2939 5760 non
2977 5704 3165 5770 legitur
3194 5706 3243 5755 in
3294 5702 3424 5754 libro
3459 5700 3571 5763 Job.

2006 5795 2101 5834 nec
2122 5783 2331 5833 habetur
2362 5777 2414 5828 iit
2437 5778 2660 5828 Hebrao.
