4012 6280
540 376 633 432 ωςι

538 489 702 543 animi
751 487 976 542 dicunt:
1009 485 1104 542 sed
1152 485 1205 540 hi
1257 495 1380 540 sunt
1423 486 1528 540 illis
1572 486 1728 556 longe
1780 486 2112 540 humiliores.

539 583 742 636 Rursus
766 595 893 649 ergo
918 579 1188 634 discamus
1215 593 1334 648 qua:
1363 578 1431 632 sit
1455 594 1578 631 vera
1609 579 1832 632 altitudo
1856 621 1871 646 ,
1901 587 1955 632 et
1987 578 2112 648 quid

521 673 793 730 vilitatem
815 681 870 729 et
888 667 1237 727 humilitatem
1258 672 1469 726 efficiat.
1498 670 1637 726 Nihil
1659 671 1799 725 enim
1822 686 1972 740 :rquc
1995 669 2122 726 facit

538 767 833 830 excelsum,
860 774 1020 836 atque
1057 780 1119 820 ea
1166 765 1459 833 despicere.
1506 763 1656 818 Nunc
1693 778 1820 833 ergo
1863 763 2119 832 propheta

538 859 672 912 dicit
699 857 1048 911 humilitatem
1080 871 1198 924 quze
1218 855 1388 908 oritur
1407 870 1470 908 ex
1498 855 1888 908 calamitatibus
1913 873 1926 908 :
1951 853 2122 909 Collo-

536 949 668 1001 cavit
689 965 766 1002 me
781 949 831 1000 in
847 947 1066 1000 obscuris
1087 947 1213 999 sicut
1235 956 1455 1000 mortuos
1476 946 1666 999 smculi.
1699 945 1772 998 Du
1781 945 1969 1013 plicem
1992 945 2122 999 dicit

537 1042 928 1105 calamitatem,
955 1049 1008 1093 et
1032 1039 1171 1110 quod
1198 1039 1250 1093 in
1278 1038 1554 1100 obscuris,
1585 1047 1638 1092 et
1672 1037 1812 1106 quod
1850 1046 2118 1106 tamquam

540 1141 782 1186 mortuos
827 1131 1006 1186 smculi
1042 1147 1053 1182 :
1087 1144 1184 1200 per
1227 1137 1448 1198 utraque
1491 1128 1792 1198 significans
1835 1142 1951 1182 eam
2001 1143 2121 1196 quas

542 1233 669 1276 tunc
706 1231 820 1276 erat
857 1223 1236 1291 captivitatem.
1277 1219 1539 1287 Quoniam
1565 1219 1706 1272 enim
1738 1217 1896 1272 etiam
1924 1218 2013 1288 qui
2040 1225 2121 1272 est

540 1316 594 1369 in
641 1317 893 1380 obscuro,
939 1321 1114 1382 potest
1153 1311 1351 1382 aliquid
1399 1325 1580 1380 agere,
1612 1324 1835 1364 accensa
1881 1309 2118 1376 lucerna,

542 1408 725 1462 volens
763 1407 1046 1461 ostendere
1077 1405 1337 1475 insignem
1367 1403 1628 1457 malorum
1663 1401 2078 1472 magnitudinem
2101 1441 2118 1468 ,

541 1500 721 1554 addito
760 1512 1088 1553 mortuorum
1134 1497 1349 1552 nomine
1396 1497 1544 1551 auxit
1589 1495 1919 1565 tragmdiam.
1965 1493 2125 1549 Tales

541 1599 665 1644 sunt
689 1591 776 1660 qui
806 1590 856 1644 in
885 1590 1116 1661 peccatis
1144 1591 1346 1643 vivunt.
1396 1589 1469 1642 Ita
1509 1588 1650 1643 enim
1695 1596 1820 1644 sunt
1855 1595 2123 1656 tamquam

543 1684 735 1738 mortui
765 1684 816 1737 in
845 1683 1082 1737 tenebris
1113 1702 1125 1736 :
1156 1683 1279 1737 licet
1305 1696 1431 1751 ergo
1454 1680 1725 1748 lampades
1749 1677 2125 1734 circumferant

473 1775 479 1782 ”
543 1774 956 1828 innumerabiles
975 1813 990 1839 ,
1019 1773 1141 1826 licet
1165 1772 1229 1825 ad
1257 1772 1425 1826 solem
1452 1770 1757 1840 respiciant,
1787 1769 1911 1823 licet
1937 1783 2001 1822 ex
2029 1783 2124 1823 ve-

544 1865 715 1919 stibus
752 1873 806 1919 et
843 1865 949 1918 alio
978 1863 1102 1917 vitae
1144 1864 1287 1917 cultu
1329 1862 1534 1916 alacres
1579 1869 1633 1916 et
1675 1861 1780 1915 laeti
1826 1861 2122 1926 videantur,

547 1955 715 2010 nihilo
753 1955 1002 2019 meliori,
1035 1955 1141 2008 imo
1167 1969 1296 2008 vero
1337 1951 1588 2007 deteriori
1626 1961 1749 2006 sunt
1791 1951 2119 2017 conditione,

546 2061 702 2116 quam
729 2047 817 2116 qui
845 2056 968 2100 sunt
993 2047 1208 2106 mortui.
1232 2053 1285 2099 et
1309 2054 1468 2114 agunt
1496 2045 1546 2098 in
1575 2043 1805 2098 tenebris
1831 2061 1843 2095 :
1867 2052 2128 2112 quatenus

548 2141 632 2192 illa
661 2138 874 2207 quidem
907 2153 991 2192 res
1017 2147 1098 2192 est
1127 2139 1382 2191 naturalis
1401 2177 1414 2201 ,
1449 2135 1718 2191 hzcc'vero
1746 2143 1828 2189 est
1854 2134 2008 2204 culpa
2029 2149 2128 2188 vo-

548 2229 784 2282 luntatis.
826 2228 1084 2282 Tenebras
1110 2243 1320 2298 quoque
1343 2235 1468 2282 sunt
1495 2242 1573 2282 ea:
1604 2243 1722 2296 quae
1747 2226 1936 2280 futurm
1966 2235 2124 2290 sunt,

545 2319 613 2373 de
636 2319 825 2390 quibus
855 2319 1001 2382 dicit,
1033 2318 1218 2374 Tollite
1245 2337 1376 2384 eum,
1404 2328 1451 2374 et
1478 2320 1655 2373 mittite
1679 2321 1732 2373 in
1757 2318 1981 2373 tenebras
2002 2329 2130 2374 exte-

547 2414 702 2467 riores
731 2411 954 2484 (Matth.
977 2411 1068 2466 22.
1099 2411 1221 2481 15).
1253 2411 1387 2467 Sunt
1410 2410 1570 2466 etiam
1597 2411 1710 2466 vitii
1737 2411 1992 2466 tenebras.
2027 2410 2128 2466 Se-

547 2505 738 2571 dentcs,
762 2505 946 2575 inquit,
977 2505 1028 2558 in
1053 2504 1282 2572 tenebris,
1307 2515 1352 2558 et
1381 2505 1555 2558 umbra
1582 2505 1754 2559 mortis
1779 2503 1985 2574 (Luc.l.
2012 2502 2126 2576 79).

551 2596 617 2650 Et
663 2595 880 2662 Paulus,
913 2595 1034 2650 Non
1072 2613 1244 2651 sumus
1283 2596 1380 2666 ﬁlii
1420 2596 1732 2650 tenebrarum
1761 2595 1835 2667 (1.
1863 2595 2038 2651 Thess.
2072 2597 2127 2652 5.

547 2686 622 2756 5).
645 2684 963 2756 lterumque,
989 2683 1314 2739 Evanuerunt
1340 2686 1392 2738 in
1411 2685 1792 2756 cogitationibus
1812 2687 1938 2754 suis,
1968 2695 2016 2741 et
2041 2686 2131 2741 ob-

544 2787 800 2832 scuratum
833 2786 904 2831 est
927 2777 1170 2847 insipiens
1190 2793 1277 2830 car
1299 2793 1470 2831 eorum
1492 2777 1666 2848 (Rom.
1692 2778 1742 2832 1.
1771 2777 1888 2849 21).

617 2868 948 2924 Peccatorum
978 2869 1230 2933 tenebrae;
1257 2885 1501 2940 pauperes
1540 2885 1632 2922 cur
1655 2885 1754 2923 non
1804 2869 2079 2924 audiantur
2096 2887 2131 2924 α

544 2959 834 3014 mundanis.
862 2989 934 2999 —
962 2959 1026 3013 Et
1044 2959 1163 3014 ideo
1183 2959 1624 3029 quemadmodum
1644 2961 1734 3030 qui
1761 2968 2038 3014 versantur
2073 2961 2126 3015 in

545 3053 799 3118 tenebris,
832 3052 1075 3108 nesciunt
1095 3066 1270 3105 rerum
1298 3061 1536 3106 naturam
1565 3052 1670 3105 :ita
1696 3051 1853 3106 etiam
1881 3051 1974 3122 qui
2003 3060 2128 3106 sunt

543 3143 597 3197 in
638 3145 886 3214 peccatis,
917 3153 1043 3199 sunt
1066 3143 1340 3210 obcaecati,
1395 3151 1449 3198 et
1475 3157 1534 3197 ea
1561 3157 1679 3212 quin
1721 3151 1976 3214 apparent
2022 3161 2126 3199 non

543 3233 870 3300 discernunt,
902 3234 995 3290 sed
1024 3234 1090 3288 ad
1114 3233 1327 3287 umbras
1345 3243 1608 3302 tamquam
1637 3233 1705 3288 ad
1726 3249 1812 3288 res
1837 3249 1991 3291 veras
2006 3249 2127 3288 cur-

543 3334 685 3392 runt,
717 3326 925 3381 divitias
951 3335 1005 3381 et
1032 3325 1266 3390 delicias,
1301 3335 1353 3380 et
1389 3324 1674 3393 potentiam
1728 3335 2125 3396 persequentes,

545 3431 644 3470 nec
668 3418 885 3481 amicos,
918 3431 1016 3471 nec
1039 3415 1279 3470 inimicos
1304 3424 1566 3470 noverunt
1596 3431 1611 3470 :
1645 3416 1874 3471 inimicis
1911 3417 2123 3486 quidem

545 3515 810 3574 tamquam
841 3507 1023 3561 amicis
1053 3506 1296 3571 fidentes,
1317 3521 1438 3561 cum
1469 3507 1651 3561 amicis
1684 3522 1813 3562 vero
1860 3515 2126 3579 tamquam

543 3611 664 3650 cum
692 3596 927 3650 hostibus
953 3595 1316 3666 conﬂigentes.
1352 3597 1463 3652 Non
1489 3597 1638 3651 vides
1660 3613 1918 3668 pauperes
1950 3600 2126 3668 quoti-

543 3687 630 3741 die
665 3687 976 3752 clamantes,
1008 3696 1060 3741 et
1085 3687 1362 3756 eiulantes,
1404 3701 1432 3740 a
1465 3688 1678 3742 nemine
1705 3697 1881 3743 tamen
1911 3687 2127 3742 audiri?

541 3778 717 3846 Quare
742 3793 844 3832 non
876 3777 1131 3831 audiunt?
1155 3777 1414 3844 Quoniam
1436 3779 1716 3833 collocavit
1763 3792 1857 3834 eos
1885 3778 2128 3834 diabolus

544 3872 596 3925 in
641 3871 901 3934 obscuris,
945 3871 1080 3924 sicut
1109 3881 1345 3924 mortuos
1372 3871 1578 3926 szcculi.‘
1626 3870 1778 3939 Quod
1816 3871 1959 3925 enim
2000 3881 2128 3926 sunt

539 3965 656 4018 aliis
676 3965 906 4018 tenebra:
926 3973 979 4018 et
1006 3964 1190 4017 tnortis
1212 3963 1465 4030 conditio,
1499 3963 1600 4018 hoc
1616 3973 1698 4018 est
1723 3964 1801 4020 eis
1826 3963 2128 4017 inhumani-

543 4066 644 4109 tas.
677 4055 773 4110 Est
792 4070 974 4109 eorum
996 4056 1082 4126 qui
1109 4053 1299 4109 sedent
1326 4055 1375 4108 in
1409 4054 1644 4110 tenebris
1665 4069 1770 4107 non
1795 4053 1977 4108 videre
2009 4070 2124 4108 ma-

544 4147 591 4203 la
619 4165 737 4218 qua:
761 4149 881 4202 illos
907 4148 1184 4202 invadunt.
1220 4147 1331 4202 l-loc
1355 4147 1515 4202 etiam
1547 4147 1626 4201 eis
1650 4145 1862 4210 accidit,
1892 4145 1980 4215 qui
2014 4159 2120 4200 non

543 4242 720 4297 vident
749 4257 838 4295 cas
859 4241 1144 4310 quarjuxta
1176 4241 1318 4310 ipsos
1347 4239 1462 4293 sita:
1503 4247 1627 4292 sunt
1676 4237 2027 4302 calamitates,
2073 4245 2127 4292 et

543 4336 594 4387 in
635 4336 916 4404 voragines
959 4333 1232 4402 fossasque
1294 4342 1346 4387 et
1395 4331 1686 4402 pra'cipitia
1752 4331 2122 4388 deturbautur.

540 4427 634 4480 Est
665 4442 849 4480 eorum
867 4427 954 4494 qui
979 4426 1165 4480 sedent
1186 4425 1236 4477 in
1267 4423 1499 4478 tenebris
1523 4423 1692 4492 turpia
1721 4436 1910 4477 secure
1930 4423 2126 4477 audere

538 4515 843 4570 admittere.
893 4515 1003 4568 lloc
1051 4515 1209 4568 etiam
1262 4512 1462 4567 faciunt
1493 4513 1583 4582 qtti
1637 4511 1880 4581 nequiter
1917 4512 2121 4576 vivunt,

539 4618 807 4676 tamquam
830 4607 916 4677 qui
935 4607 1119 4664 sedent
1138 4607 1188 4659 in
1209 4605 1460 4670 tenebris,
1485 4614 1538 4658 et
1567 4603 1784 4673 perinde
1813 4617 1874 4657 ac
1895 4602 1938 4656 si
1961 4617 2120 4657 nemo

543 4701 704 4755 homo
735 4699 821 4764 sit,
848 4698 956 4767 qui,
980 4713 1096 4768 qua:
1119 4696 1268 4758 liunt,
1302 4697 1570 4765 respiciat,
1603 4697 1779 4750 omnia
1811 4705 1915 4749 tam
1940 4710 2125 4750 secure

537 4798 866 4862 perpetrant,
900 4790 952 4843 in
976 4788 1165 4845 mediis
1195 4787 1414 4843 urbibus
1438 4789 1584 4842 velut
1611 4789 1664 4842 in
1690 4788 1976 4844 solitudine
2000 4803 2121 4844 sce-

537 4885 646 4941 lera
676 4883 1089 4940 committentes.

608 4978 663 5034 4.
685 4975 852 5029 Animi
878 4973 970 5028 sibi
1009 4971 1140 5026 male
1163 4971 1347 5026 conscii
1375 4969 1632 5034 conditio;
1660 4969 1999 5039 improborum
2023 4971 2121 5022 mi-

536 5086 650 5125 sera
675 5068 932 5130 conditio;
961 5063 1230 5134 descriptio
1275 5061 1446 5127 avari;
1475 5060 1838 5127 prtz'teritvrttm
1884 5060 2123 5112 meritoria

531 5177 690 5230 artam
730 5158 886 5212 utilis.
912 5186 982 5196 ——
1005 5155 1102 5222 Qui
1133 5153 1322 5208 sedent
1347 5153 1398 5206 iu
1427 5151 1684 5216 tenebris,
1717 5159 1840 5205 sunt
1864 5151 1915 5204 in
1934 5165 2122 5221 perpe-

535 5263 628 5307 tuo
649 5262 792 5306 metu
820 5267 833 5302 :
861 5250 933 5305 ita
963 5248 1014 5302 hi
1043 5248 1225 5302 etiam.
1248 5245 1436 5301 Nullus
1460 5244 1601 5298 enim
1626 5253 1805 5312 raptor
1850 5252 1904 5298 et
1929 5259 2120 5298 avarus

533 5355 616 5401 est
642 5359 672 5398 a
690 5352 832 5397 metu
853 5343 1078 5406 alienus,
1108 5350 1594 5411 quantumcumque
1615 5353 1675 5392 se
1695 5337 1986 5392 insolenter
2005 5339 2120 5408 jac-

531 5438 672 5497 titct,
696 5444 753 5489 et
775 5435 1106 5489 extrinsecus
1158 5431 1386 5485 laetantis
1432 5431 1663 5500 speciem
1708 5444 1819 5499 pra:
1858 5444 1915 5483 se
1961 5429 2116 5483 ferat.

531 5527 678 5580 Talis
697 5535 781 5579 est
802 5525 942 5578 enim
962 5533 1148 5578 natura
1173 5521 1335 5575 animi
1365 5520 1460 5574 sibi
1485 5521 1622 5574 male
1641 5519 1856 5574 conscii.
1887 5518 1952 5572 Et
1969 5529 2121 5573 erant

533 5615 589 5672 hi
613 5615 827 5685 quidem
856 5627 1012 5669 antea
1035 5614 1182 5668 omni
1209 5611 1357 5669 venia
1393 5613 1602 5682 privati,
1630 5613 1724 5668 sed
1757 5627 1896 5666 nunc
1927 5614 2114 5682 magis,

534 5705 678 5770 quod
700 5721 820 5758 cum
844 5707 922 5759 sol
949 5705 1164 5774 iustitia:
1189 5705 1446 5764 illuxerit,
1475 5704 1648 5759 adhuc
1670 5704 1856 5758 sedent
1887 5705 1938 5758 iu
1970 5711 2106 5758 teuc-

533 5793 662 5849 bris.
688 5793 756 5845 Et
780 5793 1044 5863 quomodo
1071 5807 1190 5847 cum
1219 5794 1392 5845 illuxtt
1416 5791 1490 5848 sol
1507 5837 1520 5855 ,
1544 5794 1739 5849 sedent
1771 5795 1820 5845 in
1845 5793 2116 5848 tenebris?

1260 371 1318 429 s.
1359 372 1634 429 JOANNIS
1670 370 2146 428 CllRYSOS'l‘OMI
2190 373 2500 430 ARCMIEP.
2535 373 3063 436 CONSTANTINOP.
3675 396 3759 451 κίε

2229 487 2450 558 Propter
2469 490 2740 544 oculorum
2767 491 3204 548 imbecillitatem.
3225 494 3353 550 Cum
3371 497 3507 553 enim
3527 515 3582 556 se
3599 507 3759 570 antris,

2221 581 2416 636 cloacis
2453 591 2508 637 et
2543 585 2880 654 voraginibus
2929 587 3037 639 vitii
3084 586 3388 656 infoderint,
3415 589 3482 646 ob
3523 595 3762 653 oculorum

2224 673 2632 728 imbecillitatem
2669 690 2772 730 non
2801 689 3025 746 possunt
3049 678 3227 733 radios
3255 680 3462 736 intueri.
3494 684 3543 738 4.
3573 684 3634 738 Et
3683 704 3762 742 an-

2221 766 2387 817 a-iutus
2414 775 2485 818 est
2506 781 2656 834 super
2674 783 2754 820 me
2774 767 2980 836 spiritus
3005 785 3145 822 meus
3171 784 3192 823 :
3241 771 3294 823 in
3322 787 3398 825 me
3440 775 3674 828 turbatum
3709 789 3768 832 est

2223 871 2310 908 cor
2329 873 2512 910 meum.
2544 858 2712 924 Alius,
2743 857 2809 910 Et
2833 859 3266 928 circumagebatur
3291 861 3342 914 in
3371 879 3449 916 me
3468 864 3629 917 anima
3659 883 3766 921 mea.

2224 945 2466 999 Ostendit
2502 961 2688 1001 rursus
2711 963 2973 1002 smmnam
2997 949 3345 1004 afllietionem
3375 967 3466 1021 per
3489 955 3639 1008 animi
3671 972 3767 1024 pcr-

2228 1035 2599 1093 turbationem.
2639 1038 2776 1107 Quid
2825 1049 2908 1094 est
2950 1049 3150 1105 autem,
3182 1041 3246 1094 In
3273 1043 3484 1097 me?Ne
3519 1045 3629 1099 aliis
3669 1049 3767 1115 qui-

2225 1127 2346 1182 dem
2392 1136 2631 1196 poteram
2688 1130 2988 1196 enuntiare,
3040 1141 3094 1186 et
3133 1132 3549 1188 consolationem
3600 1135 3661 1188 ab
3703 1137 3769 1190 eis

2223 1219 2484 1288 accipere.
2513 1219 2666 1275 Tales
2696 1230 2820 1276 sunt
2872 1221 3033 1276 animi
3080 1223 3439 1293 improborum
3474 1242 3766 1295 :numquatn

2225 1326 2331 1366 non
2369 1310 2777 1380 conturbantur,
2807 1328 2914 1368 non
2942 1315 3114 1368 solum
3163 1314 3290 1368 dum
3336 1324 3456 1369 sunt
3503 1318 3772 1386 prmsentia;

2225 1403 2320 1458 sed
2341 1404 2499 1458 etiam
2520 1404 2644 1459 dum
2675 1416 3051 1474 exspectantur
3079 1407 3237 1461 mala.
3268 1407 3558 1479 Numquam
3603 1418 3677 1464 est
3709 1412 3776 1466 eis

2227 1496 2333 1550 ulla
2364 1497 2737 1564 tranquillitas,
2767 1498 2908 1552 nulla
2936 1499 3097 1554 animi
3145 1501 3428 1567 securitas,
3472 1501 3559 1556 sed
3596 1512 3775 1571 pertur.

2225 1586 2425 1641 bantur
2444 1589 2610 1657 magis
2636 1603 2793 1658 quam
2881 1589 3048 1644 ullum
3095 1591 3313 1660 pelagus
3345 1610 3359 1646 :
3389 1605 3492 1645 non
3534 1609 3647 1656 nos,
3686 1609 3772 1648 non

2227 1677 2340 1733 dies
2360 1678 2438 1734 eis
2463 1681 2726 1746 concedit,
2745 1689 2804 1735 ut
2826 1681 3042 1737 sedetur
3064 1691 3372 1752 tempestas,
3423 1683 3514 1738 sed
3576 1684 3776 1755 undique

2227 1779 2486 1824 vexantur
2515 1789 2527 1824 :
2559 1772 2659 1826 etsi
2683 1772 2862 1827 nullus
2883 1773 2954 1827 sit
2979 1774 3069 1844 qui
3096 1775 3174 1828 eis
3202 1775 3502 1829 molestiam
3528 1775 3770 1839 exhibeat,

2229 1863 2424 1918 bellum
2453 1863 2760 1918 intestinum
2785 1879 2848 1919 ac
2875 1864 3227 1920 domesticum
3272 1864 3551 1929 habentes,
3606 1879 3693 1920 nec
3727 1865 3778 1919 iis

2229 1969 2347 2023 quas
2372 1953 2479 2020 jam
2509 1963 2832 2024 acceperunt
2885 1954 3151 2019 fruuntur,
3178 1971 3370 2010 eorum
3418 1972 3534 2027 quae
3577 1955 3774 2010 nondum

2228 2045 2558 2101 advenerunt
2594 2045 2951 2102 sollicitudine
2971 2046 3208 2112 lacerati,
3241 2047 3446 2110 laniati,
3477 2047 3542 2100 de
3572 2047 3779 2101 omnium

2231 2136 2455 2210 negtiis
2478 2137 2710 2204 solliciti,
2755 2137 2894 2192 bona
2941 2138 3178 2192 omnium
3229 2139 3447 2194 curiose
3495 2145 3778 2198 scrutantes,

2230 2227 2408 2284 animo
2434 2228 2695 2298 agitantes
2715 2229 2981 2300 quomodo
3008 2231 3130 2284 huic
3156 2229 3373 2299 quidem
3399 2229 3774 2298 persuadebunt,

2232 2319 2378 2372 illum
2408 2333 2536 2374 vero
2559 2319 2854 2384 terrebunt,
2885 2320 3044 2376 alium
3090 2320 3304 2376 blandis
3353 2321 3529 2376 verbis
3563 2320 3778 2382 alliciunt,

2231 2408 2392 2463 alium
2418 2424 2546 2464 vero
2574 2419 2784 2480 cogent,
2815 2412 2975 2465 alium
2997 2419 3172 2467 autem
3201 2412 3580 2471 observabunt.
3604 2411 3776 2463 calum-

2234 2501 2370 2566 nias,
2396 2502 2718 2571 emptiones,
2743 2503 3097 2570 venditiones,
3128 2511 3468 2568 testamenta,
3517 2501 3778 2571 ﬁdejussio-

2233 2608 2350 2660 nes,
2384 2608 2594 2659 usuras,
2623 2603 2819 2661 sortes,
2868 2603 2922 2650 et
2961 2595 3148 2649 horum
3195 2595 3461 2649 malorum
3505 2593 3780 2663 quisquilias

2233 2695 2288 2742 et
2316 2687 2472 2743 fzcces
2509 2687 2650 2758 apud
2700 2703 2760 2744 se
2805 2696 3077 2742 versantes
3111 2704 3124 2738 :
3154 2696 3207 2740 et
3254 2685 3477 2758 quando
3515 2686 3589 2742 eis
3633 2682 3780 2739 omnia

2233 2773 2475 2844 afﬂuunt,
2534 2787 2660 2833 tunc
2707 2777 2935 2832 maxime
2975 2775 3380 2846 perturbantur.
3428 2775 3556 2830 Vide
3590 2774 3777 2829 divitem

2233 2868 2380 2925 illum
2409 2869 2496 2939 qui
2519 2877 2647 2924 tunc
2693 2869 2921 2922 maxime
2967 2867 3231 2933 turbatur,
3277 2865 3494 2937 quando
3537 2865 3646 2935 ejus
3679 2877 3781 2933 aget

2233 2959 2330 3015 fuit
2359 2959 2734 3024 fertilissimus,
2760 2959 3093 3028 dubitatque,
3122 2968 3176 3014 et
3201 2968 3290 3014 est
3316 2959 3479 3014 animi
3517 2957 3783 3028 perplexas.

2232 3059 2288 3106 et
2337 3051 2465 3107 dicit
2496 3067 2509 3106 :
2542 3051 2677 3122 Quid
2699 3050 2928 3122 faciam?
2957 3049 3171 3104 Diruam
3195 3051 3383 3106 horrea
3412 3067 3542 3118 mea,
3581 3060 3625 3104 et
3649 3047 3784 3115 (ediﬁ-

2232 3143 2355 3197 cabo
2377 3144 2570 3214 majora
2591 3143 2610 3212 (
2627 3141 2750 3196 Luc.
2776 3142 2864 3197 12.
2897 3141 3025 3214 18).
3058 3142 3287 3212 Pauperi
3331 3153 3507 3198 autem
3539 3139 3659 3197 nihil
3701 3139 3785 3194 tale

2237 3233 2456 3291 accidit.
2487 3235 2542 3288 5.
2569 3231 2770 3288 Memor
2820 3234 2898 3307 fui
2926 3232 3121 3287 dierum
3154 3234 3485 3303 antiquorum
3517 3253 3535 3288 :
3559 3232 3787 3286 meditatus

2231 3339 2341 3376 sum
2355 3323 2406 3375 in
2417 3323 2643 3377 omnibus
2659 3324 2891 3394 operibus
2905 3325 3019 3377 tuis.
3042 3323 3155 3377 Non
3168 3332 3251 3378 est
3271 3324 3389 3378 [nec
3405 3339 3567 3395 parva
3579 3320 3787 3377 consola-

2231 3417 2325 3484 tio,
2350 3417 2524 3485 priora
2562 3431 2719 3472 nosse
2745 3425 2798 3471 et
2828 3416 3128 3486 praesentia.
3157 3413 3427 3483 Quoniam
3457 3415 3615 3479 enim,
3643 3422 3693 3467 ut
3712 3424 3782 3465 se-

2234 3509 2337 3564 mel
2363 3508 2558 3574 dicam,
2593 3507 2778 3563 iisdem
2809 3508 3011 3578 legibus
3040 3508 3176 3562 Deus
3201 3515 3257 3562 et
3287 3524 3350 3564 ea
3374 3525 3493 3580 qua:
3515 3522 3645 3562 nunc
3667 3512 3784 3562 sunt.

2232 3607 2286 3652 et
2327 3615 2445 3669 qua:
2485 3601 2630 3669 prius
2679 3599 2893 3653 fuerunt
2941 3598 3302 3666 administrat,
3354 3601 3582 3654 maxima
3626 3607 3699 3652 est
3735 3593 3786 3648 ad

2232 3691 2513 3760 prccsentia
2556 3691 2848 3746 consolatio
2875 3691 3130 3744 memoria
3162 3692 3581 3759 przrteritorum.
3613 3689 3671 3743 Et
3693 3686 3786 3740 ideo

2233 3784 2284 3836 in
2312 3783 2416 3837 alio
2445 3797 2654 3852 quoque
2695 3782 2904 3838 Psalmo
2931 3781 3100 3836 dicit:
3141 3781 3286 3834 Nam
3329 3784 3382 3836 in
3418 3783 3600 3837 uacula
3618 3776 3785 3847 repellet

2233 3872 2499 3936 Dominus,
2531 3882 2618 3926 aut
2658 3874 2710 3926 in
2757 3873 2908 3941 ﬁnem
2948 3872 3350 3926 misericordiam
3389 3889 3532 3927 suout
3582 3867 3786 3925 rescindit

2238 3959 2407 4031 (Psal.
2439 3959 2526 4014 76'.
2553 3959 2604 4014 8.
2643 3959 2724 4030 9)?
2750 3960 2815 4013 Et
2835 3960 2968 4013 alius
2988 4000 3003 4024 ,
3034 3960 3292 4028 Respicite
3319 3960 3390 4014 ad
3419 3961 3647 4030 antiquas
3669 3970 3786 4026 gene-

2232 4051 2471 4113 rationes.
2501 4061 2548 4104 et
2574 4051 2733 4105 videte
2756 4051 2864 4118 quis
2893 4052 3163 4120 speraverit
3189 4051 3242 4103 in
3274 4051 3548 4105 Dominum
3566 4092 3580 4117 ,
3608 4060 3648 4104 et
3671 4049 3790 4101 dere-

2232 4142 2378 4196 lictus
2403 4143 2465 4195 sit
2485 4141 2666 4211 (Eccli.
2689 4143 2744 4198 ‘2.
2768 4143 2882 4209 ll)?
2911 4141 2977 4195 Et
2996 4141 3208 4205 Paulus,
3237 4141 3370 4197 Herc
3395 4153 3560 4195 autem
3578 4135 3788 4193 omniain

2230 4234 2395 4306 ﬁgura
2421 4233 2708 4290 eveniebant
2737 4234 2841 4289 illis
2883 4250 2901 4287 :
2939 4234 3129 4304 scripta
3150 4244 3273 4287 sunt
3302 4243 3474 4287 autent
3499 4233 3565 4286 ad
3590 4225 3790 4284 admonio

2230 4328 2411 4380 tionem
2456 4336 2698 4392 nostram,
2735 4325 2802 4377 ad
2845 4341 2966 4394 quos
3013 4325 3140 4392 ﬁnes
3168 4325 3481 4378 stvculorum
3523 4324 3787 4375 devenerunt

2231 4421 2308 4492 (1.
2340 4420 2458 4474 Cor.
2487 4419 2572 4474 10.
2604 4418 2713 4487 11).
2749 4416 2862 4471 Non
2901 4418 3072 4471 aliena
3099 4425 3278 4470 autem
3312 4417 3511 4480 solum,
3540 4412 3627 4469 sed
3653 4410 3786 4465 etiam

2231 4521 2413 4566 nostra
2445 4526 2587 4582 smpe
2628 4511 2679 4564 in
2718 4510 3027 4565 memoriam
3069 4520 3408 4574 revocantes,
3444 4505 3784 4561 lucrifacimus.

2231 4604 2344 4660 Hoc
2389 4613 2566 4658 autem
2610 4601 2842 4657 ostendit
2869 4599 3153 4670 Apostolus
3191 4600 3382 4654 dicens
3417 4616 3430 4652 :
3470 4590 3789 4653 Recordumiui

2227 4699 2452 4772 priorum
2473 4698 2690 4764 dierum,
2713 4698 2763 4750 in
2790 4697 2970 4769 quibus
3007 4696 3281 4750 illuminati
3305 4712 3547 4768 ningnum
3575 4700 3786 4745 certamen

2227 4789 2529 4844 sustinuistis
2555 4791 2840 4859 passionum
2870 4786 3054 4856 (Hebr.
3086 4787 3172 4841 10.
3203 4786 3315 4858 32).
3359 4788 3422 4842 Et
3449 4804 3478 4844 a
3505 4779 3782 4840 contrario:

2230 4881 2508 4947 Quemnam
2534 4882 2755 4951 fructum
2786 4890 2901 4934 tunc
2929 4880 3172 4933 habuistis
3199 4881 3250 4932 in
3281 4881 3366 4943 iis,
3401 4862 3452 4932 in
3481 4878 3649 4948 quibus
3675 4883 3786 4926 nunc

2229 4971 2519 5024 erubescitis
2559 4969 2736 5041 (Rom.
2775 4969 2828 5024 6.
2857 4969 2976 5040 2|)?
3010 4969 3077 5022 Et
3108 4969 3242 5023 alius
3271 4969 3510 5038 sapiens,
3539 4962 3784 5019 Recordare

2228 5064 2496 5117 novissima
2540 5073 2648 5124 tua,
2683 5072 2729 5114 et
2765 5063 2815 5114 in
2854 5071 3096 5115 aeternum
3138 5077 3236 5113 non
3283 5060 3515 5130 peccabis
3553 5053 3721 5127 (Eccli.
3739 5050 3783 5102 7.

2226 5155 2338 5223 40).
2381 5154 2492 5208 Hoc
2520 5153 2662 5207 enim
2694 5153 2791 5206 etsi
2840 5163 2922 5206 est
2961 5151 3194 5205 futurum
3224 5190 3240 5215 ,
3275 5165 3304 5202 a
3338 5149 3605 5220 praeterito
3633 5152 3782 5197 tamen

2226 5247 2371 5301 ducit
2399 5245 2628 5310 initium,
2658 5259 2849 5312 nempe
2877 5257 3019 5302 mors
3049 5242 3371 5296 communis.
3404 5240 3514 5294 lloc
3547 5238 3691 5292 etiam
3718 5232 3777 5283 fa-

2226 5339 2301 5393 cit
2323 5338 2519 5396 Paulus
2546 5352 2610 5390 ex
2646 5335 2927 5403 praeteritis
2954 5343 3006 5387 et
3035 5333 3220 5387 futuris
3245 5372 3259 5396 ,
3291 5341 3344 5384 et
3375 5329 3586 5399 quando
3612 5335 3777 5380 conso-

2227 5428 2349 5496 lari,
2389 5439 2444 5482 et
2467 5425 2678 5496 quando
2705 5425 2973 5493 corrigere
3003 5432 3212 5493 oportet
3246 5440 3258 5475 :
3293 5421 3434 5475 Nolo
3459 5464 3473 5486 ,
3507 5419 3681 5488 inquit,
3709 5426 3778 5464 vos

2224 5521 2480 5590 ignorare.
2518 5523 2717 5588 fratres.
2763 5517 2897 5584 quod
2935 5527 3104 5586 patres
3145 5515 3302 5569 nostri
3342 5531 3514 5568 omnes
3550 5511 3636 5564 sub
3676 5504 3776 5555 ωιὺά

2224 5614 2449 5682 fuerunt,
2493 5618 2540 5662 et
2578 5626 2748 5664 omnes
2779 5623 2915 5660 mare
2957 5608 3284 5670 transierunt,
3315 5615 3361 5658 et
3392 5619 3558 5658 omnes
3586 5597 3779 5651 eauule-u

2224 5716 2387 5756 escam
2415 5700 2691 5766 spiritalem
2721 5698 3038 5752 comederunt
3079 5714 3097 5750 :
3138 5697 3224 5750 sed
3255 5713 3356 5747 non
3385 5697 3434 5745 in
3466 5689 3674 5760 pluribus
3708 5695 3782 5730 αό-

2226 5809 2339 5846 rum
2365 5791 2664 5863 complacuit
2690 5789 2795 5842 Deo
2821 5791 2895 5858 (l.
2933 5788 3046 5842 Cor.
3076 5790 3156 5844 10.
3189 5792 3235 5843 1.
3273 5788 3324 5840 5.
3351 5788 3401 5840 4.
3427 5785 3498 5854 ii).
3522 5766 3779 5846 Μίιιυειηάθ
