4012 6280
396 289 502 347 455

395 403 548 458 verba
572 414 686 454 nica
711 397 867 471 (lsai.
895 396 986 454 ϐᾶ.
1013 395 1114 467 2)?
1145 395 1532 465 Perseqnamur
1555 409 1683 464 ergo
1713 393 1848 452 hanc
1877 394 1982 449 vir-

395 503 585 558 tatem,
623 501 680 547 ut
717 490 836 561 ejus
877 488 1064 545 faciem
1102 487 1460 550 attrahatnus;
1503 501 1571 542 ne
1597 486 1655 540 in
1682 486 1794 540 vitii
1825 486 1980 541 hara-

395 589 576 643 tbrum
611 583 929 648 incidamus,
955 581 1137 636 densis
1160 577 1541 648 occupantibus
1568 577 1820 632 tenebris.
1857 577 1986 632 Pos-

393 687 526 735 sunt
549 677 711 734 etiam
740 676 831 746 qui
857 673 1168 730 ceciderunt
1195 672 1387 726 iterum
1416 669 1729 727 ascendere.
1762 667 1985 738 Oportet

391 787 526 842 ergo
550 785 649 825 eos
670 769 760 840 qui
785 767 1002 834 cadunt,
1030 781 1133 820 non
1165 777 1380 819 manere
1404 762 1548 816 humi
1579 764 1833 830 iacentes.

469 863 679 919 Pecoati
703 871 884 916 natura
907 860 1072 914 lacus.
1117 856 1277 912 Deum
1298 871 1493 926 semper
1521 854 1701 908 intueri
1727 853 1980 918 debentes,

396 966 445 1012 et
479 956 543 1010 ab
567 971 630 1009 eo
663 949 1175 1027 pendere—Lacus
1199 957 1400 1012 autem,
1435 945 1486 1001 in
1516 959 1623 1015 quo
1660 953 1788 1004 sunt
1829 959 1984 1004 saevae

395 1049 604 1115 bestias,
632 1055 686 1101 et
709 1045 799 1116 qui
824 1053 908 1099 est
935 1042 1123 1113 plenus
1151 1037 1406 1102 tenebris,
1433 1045 1516 1093 est
1543 1046 1728 1092 natura
1759 1036 1983 1106 peccati.

393 1139 790 1210 Scripturarum
815 1149 944 1206 ergo
969 1132 1223 1188 rudentes
1246 1129 1612 1195 demittamne,
1653 1134 1708 1181 et
1735 1125 1985 1182 volunta-

394 1239 504 1286 tem
529 1229 811 1299 alligemus
834 1241 852 1283 :
878 1235 934 1282 et
963 1224 1008 1278 si
1036 1221 1414 1286 eeciderimus,
1445 1218 1700 1274 velociter
1727 1231 1981 1286 resurge-

394 1336 536 1378 mus.
563 1317 843 1388 Quomodo
863 1324 1042 1372 autem
1067 1313 1380 1384 incipiemus
1401 1311 1503 1365 iter
1523 1307 1729 1379 ingredi
1744 1307 1768 1362 ‘1
1785 1307 1840 1364 Si
1862 1321 1985 1364 cum

393 1412 769 1477 ceciderimus,
799 1423 910 1466 non
934 1416 1363 1473 contemnamus,
1387 1420 1486 1460 nec
1501 1403 1868 1473 desperemus,
1891 1400 1985 1460 sed

396 1505 515 1560 haec
543 1501 851 1574 prophetica
897 1498 1136 1554 carmina
1173 1496 1328 1552 nobis
1367 1509 1620 1552 canamus
1661 1511 1677 1548 :
1721 1491 1987 1563 Numquid

395 1595 583 1651 cadens
609 1611 713 1650 non
747 1592 963 1664 resurgit
992 1589 1128 1661 (Jer.
1177 1589 1234 1646 8.
1274 1588 1372 1657 ιη
1409 1588 1472 1642 Ει
1509 1599 1716 1650 rursus,
1747 1583 1917 1642 Hodie
1944 1585 1988 1638 si

393 1705 564 1746 uocent
591 1689 704 1755 eius
731 1683 1017 1748 audieritis,
1049 1700 1112 1737 ne
1133 1680 1388 1742 obduretis
1415 1685 1572 1734 corda
1596 1687 1759 1735 vestra
1778 1677 1908 1732 sicut
1933 1676 2000 1732 in.

395 1781 773 1838 mcerbationc
809 1777 982 1852 (Psal.
1025 1775 1117 1832 94.
1162 1773 1216 1828 8.
1262 1772 1352 1842 9);
1379 1780 1435 1826 et
1463 1770 1547 1825 his
1582 1767 1988 1839 cogitationibus

395 1875 606 1931 vinctos
631 1886 732 1928 nos
775 1868 1126 1924 attrabamus.
1167 1864 1222 1920 8.
1273 1862 1516 1917 Auditum
1557 1863 1640 1932 {ac
1683 1860 1806 1917 mihi
1842 1873 1998 1929 marte

397 1962 800 2021 misericordiam
827 1968 991 2026 (ms,
1017 1956 1256 2028 quoniam
1279 1955 1333 2009 in
1362 1963 1410 2008 te
1435 1953 1654 2025 speravi.
1681 1951 1854 2016 Alius,
1883 1949 1990 2006 Au-

401 2057 562 2112 ditant
591 2055 675 2126 {ac
701 2051 825 2106 mihi
848 2066 912 2106 es
937 2047 1187 2106 matutino
1210 2044 1609 2102 misericordiam
1632 2052 1770 2098 tuan:
1801 2040 1902 2116 (α),
1934 2039 1988 2096 id

395 2158 501 2216 est,
527 2147 796 2204 celeriter.

426 2294 428 2297 ,
469 2241 530 2298 6.
571 2237 762 2294 Vidisti
785 2233 1040 2290 afﬂictam
1069 2238 1124 2286 et
1167 2228 1530 2301 perturbatam
1569 2225 1842 2282 animam?
1865 2224 1995 2292 Vult.

397 2332 542 2390 enim
582 2327 754 2396 audiri
789 2334 916 2381 ante
967 2321 1374 2393 experientiam,
1418 2327 1478 2373 ut
1519 2333 1617 2388 spe
1660 2318 1892 2387 erigatur
1935 2324 1998 2373 et.

400 2422 820 2494 exspectatione.
863 2417 977 2472 Hoc
1007 2421 1094 2471 est
1128 2421 1309 2469 autem
1345 2412 1489 2482 quod
1525 2411 1656 2466 dicit
1701 2428 1716 2466 :
1761 2409 1866 2464 Fac
1903 2423 1996 2465 me

399 2529 643 2586 surgere,
669 2521 730 2568 ut
757 2511 1028 2581 pollicitus
1063 2523 1144 2575 es,
1183 2506 1383 2576 justam
1429 2503 1623 2561 deinde
1669 2501 1990 2573 impetrandi

400 2622 620 2664 causam
645 2603 846 2674 adjicit.
892 2601 1028 2666 Quia
1066 2601 1122 2654 in
1166 2607 1212 2653 te
1249 2597 1467 2669 speravi.
1500 2595 1645 2652 Dens
1685 2595 1830 2650 enim
1859 2593 1990 2649 nihil

402 2709 513 2756 tam
542 2697 786 2768 requirit,
817 2709 974 2766 quam
1013 2702 1073 2748 ut
1099 2706 1221 2748 eum
1250 2704 1463 2761 semper
1493 2688 1813 2751 intueamur,
1841 2697 1896 2742 et
1923 2686 1992 2742 ab

402 2808 471 2850 eo
495 2801 754 2864 perpetuo
779 2786 1128 2858 pendeamus.
1160 2782 1352 2839 Notam
1382 2785 1467 2853 {ac
1493 2781 1619 2836 mihi
1645 2781 1778 2837 viam
1813 2780 1867 2834 in
1891 2795 1993 2848 qua

403 2883 659 2939 australem
685 2897 704 2936 :
728 2881 847 2950 quia
870 2877 939 2932 ad
959 2886 1006 2931 te
1025 2875 1182 2931 levavi
1204 2874 1429 2928 animam
1452 2888 1637 2928 meam.
1660 2870 1797 2939 Quid
1818 2869 1952 2926 dicis
1966 2868 1998 2927 τ.

404 2990 526 3031 cum
553 2981 608 3028 et
635 2981 824 3026 natura
852 2966 1049 3024 habeat
1081 2965 1254 3033 legem
1290 2964 1360 3020 ab
1388 2962 1539 3017 initio
1564 2976 1598 3015 a
1630 2960 1742 3016 Deo
1770 2960 1992 3030 imposi-

407 3077 539 3133 tam,
566 3073 620 3120 et
659 3061 906 3117 Hosaica:
934 3059 1078 3126 leges
1115 3071 1232 3112 eam
1263 3064 1543 3119 renovent,
1578 3051 1709 3123 quid
1754 3051 1846 3108 tibi
1889 3051 2003 3117 vis,

407 3169 594 3212 rursus
619 3154 803 3210 dicens
833 3169 846 3204 :
881 3148 1070 3204 Notam
1100 3151 1182 3221 {ac
1209 3146 1352 3212 mihi,
1383 3144 1618 3208 Domine,
1661 3144 1794 3198 viam
1817 3143 1869 3202 in
1895 3158 2000 3212 qua

406 3243 699 3303 ambulent?
740 3239 834 3301 Vel
876 3239 981 3294 hoc
1009 3252 1138 3308 ergo
1165 3236 1270 3291 dici
1298 3243 1474 3305 potest
1505 3253 1520 3290 :
1561 3233 1822 3301 Quoniam
1862 3247 1994 3288 enn-

407 3335 632 3392 scientia
661 3348 779 3388 mea
808 3331 998 3390 obruta
1027 3337 1108 3384 est
1129 3342 1158 3381 a
1186 3326 1334 3388 vitio,
1362 3340 1492 3393 rogo
1516 3333 1570 3378 ut
1599 3338 1660 3379 ea
1689 3333 1990 3377 renovetur.

412 3426 616 3483 Vclhic
645 3425 784 3478 viam
814 3422 942 3478 dicit
979 3421 1142 3484 multa
1187 3433 1369 3482 eorum
1413 3431 1532 3486 qua:
1579 3415 1890 3485 ignorantur
1927 3413 2000 3478 ab

411 3516 734 3578 hominibus,
774 3510 1219 3582 quemadmodum
1264 3508 1460 3563 Paulus
1492 3522 1703 3578 quoque
1741 3505 1994 3574 ostendit,

410 3610 597 3665 dicens
645 3624 660 3660 :
709 3603 844 3669 Quid
894 3602 1028 3671 enim
1076 3616 1276 3654 oremus
1315 3599 1442 3652 sicut
1490 3606 1701 3666 oportet,
1751 3596 2000 3660 nescimus

412 3699 592 3766 (Rom.
624 3697 677 3753 8.
704 3694 822 3765 26).
851 3693 907 3748 Si
932 3702 1108 3748 autem
1140 3691 1334 3748 Paulus
1363 3690 1464 3746 hoc
1489 3690 1697 3760 ignorat
1730 3699 1852 3760 post
1882 3697 1999 3744 tan-

413 3802 523 3849 tam
545 3789 904 3860 cognitionem
925 3829 940 3852 ,
971 3784 1096 3854 quid
1127 3783 1340 3838 miraris
1365 3783 1412 3837 si
1437 3782 1524 3837 hic
1548 3796 1757 3852 quoque
1787 3781 1888 3835 hoc
1913 3780 2000 3835 di-

411 3883 535 3940 cat?
564 3880 696 3937 Vide
735 3888 916 3934 autem
957 3892 1078 3932 eum
1109 3875 1238 3929 nihil
1267 3875 1462 3930 sensile
1490 3872 1578 3929 hic
1615 3887 1872 3942 quazrere,
1902 3870 2000 3932 sed

411 3977 692 4046 viamqua:
723 3970 790 4026 ad
825 3970 990 4024 Deum
1021 3967 1252 4037 deducit,
1283 3974 1337 4021 et
1365 3967 1536 4035 ipsum
1564 3981 1627 4018 ex
1651 3973 1710 4018 se"
1741 3963 1999 4034 principia

412 4066 661 4128 conferre
702 4063 818 4135 (b)?
855 4061 971 4117 Non
1015 4061 1149 4116 dixit
1187 4059 1328 4115 enim
1367 4057 1638 4122 absolute,
1690 4056 1879 4110 Notam
1920 4060 2001 4125 {ac

414 4158 563 4224 mihi,
591 4156 828 4222 Domina,
855 4155 988 4218 viam
1012 4167 1124 4223 qua:
1147 4150 1217 4206 ad
1243 4159 1289 4205 te
1317 4148 1454 4203 ducit
1484 4163 1505 4204 :
1531 4148 1640 4204 Sed
1673 4147 1838 4220 quid?
1869 4147 2000 4214 Quia

415 4250 487 4304 ad
511 4260 560 4306 te
582 4248 739 4306 levavi
767 4246 992 4302 animum
1015 4258 1178 4298 meant
1207 4257 1229 4295 :
1253 4239 1356 4295 hoc
1385 4248 1485 4306 est,
1515 4240 1558 4293 A
1599 4249 1651 4293 te
1681 4239 1908 4308 pendeo,
1949 4249 2002 4296 te

417 4341 650 4406 intueor,
682 4346 734 4393 te
763 4351 925 4392 unum
965 4334 1213 4404 respicio.
1244 4332 1310 4386 lis
1346 4331 1488 4387 enim
1540 4331 1678 4385 Deus
1712 4329 1998 4386 maximam

417 4433 502 4488 sui
524 4431 725 4501 prabet
751 4429 1012 4484 notitiam.
1053 4425 1410 4494 Quamobrem
1439 4424 1651 4482 dicebat
1691 4423 1757 4478 de
1782 4423 1999 4488 inducis,

418 4529 636 4590 rogatus
661 4534 758 4574 cur
786 4518 866 4574 eis
884 4518 1190 4586 loqueretur
1220 4515 1270 4570 in
1305 4515 1567 4585 parabolis
1597 4530 1610 4567 :
1646 4512 1878 4568 Videntes
1903 4530 2004 4568 non

422 4612 611 4676 vident,
642 4620 687 4666 et
717 4610 976 4665 audientes
1000 4627 1100 4670 non
1126 4609 1339 4678 audiunt
1363 4607 1578 4680 (Matth.
1609 4609 1696 4663 15.
1726 4608 1834 4677 15).
1868 4606 2003 4664 Illud

421 4713 622 4768 autem,
651 4699 854 4767 Levavi,
885 4699 1165 4770 Signiﬁcat,
1198 4699 1278 4753 Ad
1316 4708 1367 4752 te
1412 4699 1618 4756 traduxi
1667 4709 1720 4752 et
1759 4700 2005 4756 transtuli

421 4795 653 4851 animam
683 4806 877 4846 meam.
904 4789 958 4846 9.
989 4788 1143 4855 Eripe
1167 4787 1245 4844 me
1267 4793 1328 4844 de
1351 4789 1568 4843 inimicis
1595 4791 1734 4852 meis,
1771 4790 2000 4856 Domine,

419 4888 489 4942 ad
515 4897 564 4940 te
589 4884 815 4958 confugi.
865 4881 997 4936 Vide
1037 4881 1232 4950 ubique
1272 4881 1448 4936 ull‘erri
1493 4897 1678 4935 causas
1709 4883 1776 4936 ab
1813 4898 1879 4936 eo
1917 4883 2003 4950 qui

421 4986 593 5050 rogat.
627 4975 710 5030 Ne
731 4984 949 5040 avertas,
981 4973 1169 5044 inquit,
1198 4973 1378 5041 facient
1400 4982 1536 5024 tuam
1565 4989 1596 5024 a
1624 4990 1702 5025 me
1729 4989 1748 5026 :
1773 4975 2008 5041 quoniam

419 5071 477 5126 in
499 5079 546 5124 te
570 5067 787 5139 speravi.
807 5064 998 5120 Notam
1022 5066 1102 5138 [ac
1129 5063 1252 5116 mihi
1278 5063 1409 5116 viam
1445 5071 1602 5126 tuam,
1622 5063 1856 5131 quoniam
1875 5065 1940 5116 ad
1963 5075 2009 5117 te

421 5162 583 5220 levavi
607 5163 832 5220 animant
857 5172 1041 5212 nteant.
1074 5154 1230 5225 Eripe
1266 5171 1344 5208 me
1369 5153 1432 5210 de
1460 5154 1678 5206 inimicis
1705 5154 1847 5221 meis,
1880 5172 2009 5222 quo-

420 5253 560 5324 niam
600 5254 670 5309 ad
708 5262 755 5308 te
795 5250 1022 5322 confugi.
1069 5247 1157 5303 10.
1198 5246 1337 5301 Doce
1381 5263 1459 5304 me
1500 5249 1669 5318 facere
1707 5247 2008 5300 voluntate»:

482 5388 560 5452 (α)
591 5395 703 5438 Haec
723 5383 1318 5452 interpretatiocujussit,
1336 5394 1440 5452 non
1475 5381 1786 5452 exprimitur,
1807 5381 1898 5433 sed
1920 5395 2009 5452 po.
2096 5409 2104 5416 .

423 5445 674 5502 test'esse
697 5445 990 5527 Sgnmacbi,
1015 5445 1266 5527 qui‘alibi,
1303 5451 1442 5527 Ἶρι,
1483 5445 1660 5502 Vertit,
1694 5455 1845 5507 ὄρθρος,
1880 5445 2007 5507 quod

423 5528 521 5577 est.
545 5527 678 5570 ortus
701 5517 818 5576 diei,
841 5520 949 5568 sive
972 5518 1276 5567 matutinum.

489 5575 562 5642 (ὑ)
591 5589 693 5630 tam
717 5575 927 5642 vidimus
940 5578 1103 5642 locum
1125 5579 1206 5626 ubi
1233 5576 1515 5639 principium
1540 5575 1683 5626 bona:
1706 5576 1907 5642 actionis
1921 5577 2004 5642 _ho-

428 5637 838 5691 tninl’adsu‘ibere
854 5640 1043 5689 videtur
1061 5637 1419 5701 chrySDStotnus
1443 5652 1453 5685 :
1483 5651 1652 5687 verum
1676 5645 1718 5687 S.
1735 5638 1902 5689 doctor
1921 5639 2004 5688 ho-

429 5704 610 5751 tninem
627 5703 853 5763 supponit
872 5701 971 5762 jam
993 5702 1162 5764 gratia:
1185 5705 1311 5749 dono
1345 5707 1660 5762 praeventum.

1179 282 1235 339 S.
1275 282 1549 340 JOANNIS
1583 278 2052 338 CllliYSOSTUMl
2093 283 2407 340 ARCHIEP.
2447 285 2970 342 CONSTANTINOP-

2095 5664 2099 5670 -
2179 5638 2253 5696 (α)
2288 5645 2399 5688 litae
2436 5640 2483 5688 i:t

3572 288 3670 344 456

2090 407 2250 464 team,
2278 399 2397 469 quia
2429 398 2560 454 Deus
2587 416 2724 454 mens
2749 416 2802 457 es
2829 411 2906 453 tu.
2933 399 3046 455 Non
3074 398 3207 454 dixit
3234 399 3499 470 absnlute,
3535 400 3682 456 Doce

2089 505 2174 552 me
2196 491 2516 548 voluntatem
2539 502 2703 558 tuam,
2733 492 2848 558 sed,
2880 490 3016 546 Doce
3035 509 3112 546 me
3134 496 3304 564 facere
3330 494 3672 553 voluntatem;
3755 488 3768 502 '

2088 579 2191 635 hoc
2229 589 2331 647 est,
2369 583 2448 637 Ad
2488 583 2598 652 ipsa
2631 582 2764 638 facta
2796 599 2882 644 me
2906 583 3101 640 deduc.
3129 583 3371 654 Superna
3397 587 3540 638 enim
3572 600 3678 652 ope

2087 685 2143 732 et
2179 676 2380 736 ea'lesti
2409 676 2649 736 doctrina
2685 692 2821 746 epos
2856 686 2958 744 est,
3004 687 3062 734 ut
3099 678 3408 736 incedamus
3438 678 3519 732 vis
3556 694 3680 747 qua:

2088 765 2235 822 ducit
2278 767 2344 826 ad
2385 768 2633 824 virtutem
2679 787 2692 823 :
2735 783 2839 826 non
2889 769 3043 824 nobis
3085 770 3137 824 in
3177 769 3290 824 otio
3335 768 3682 840 degentibus,

2089 858 2184 914 sed
2210 874 2330 929 quae
2368 871 2492 916 sunt
2534 870 2716 920 nostra
2753 860 3171 917 conferentibus.
3205 861 3338 928 Quia
3369 861 3506 918 Deus
3537 879 3686 918 meus

2089 965 2140 1004 es
2168 960 2240 1006 tu.
2276 951 2438 1008 Vides
2464 953 2769 1021 spirituales
2789 953 2906 1023 ejus
2947 953 3268 1024 petitiones?
3295 953 3412 1008 Non
3440 955 3583 1008 enim
3611 955 3688 1010 de

2091 1042 2348 1110 pecuniis,
2379 1051 2633 1113 poteutla,
2664 1055 2719 1098 et
2744 1045 2931 1115 gloria,
2964 1045 3059 1100 sed
3092 1055 3148 1100 ut
3173 1045 3266 1101 Dei
3293 1045 3454 1102 faciat
3482 1048 3679 1101 volun-

2092 1141 2274 1195 tatem.
2323 1134 2376 1190 in
2419 1134 2538 1203 ejus
2586 1137 2844 1204 petitione
2885 1137 3061 1206 agitur
3103 1154 3116 1190 :
3165 1138 3308 1208 quod
3344 1138 3558 1207 quidem
3599 1150 3691 1194 est

2089 1226 2326 1280 ninnium
2357 1227 2613 1286 bonorum
2642 1227 2940 1295 thesaurus,
2981 1239 3036 1284 et
3072 1245 3203 1299 opes
3240 1246 3360 1299 qute
3389 1247 3685 1301 numquam

2088 1315 2364 1383 deﬁciunt,
2405 1317 2828 1389 principiumque
2854 1329 2909 1374 et
2937 1320 3084 1375 radis
3129 1320 3417 1385 felicitatis,
3459 1329 3517 1378 et
3565 1337 3688 1377 me-

2091 1406 2259 1473 diutn,
2288 1417 2342 1464 et
2367 1407 2511 1467 ﬁnis.
2544 1409 2774 1480 Spiritus
2810 1419 2926 1466 tuus
2953 1411 3113 1466 bonus
3141 1412 3350 1470 deducet
3373 1428 3453 1468 me
3488 1413 3541 1466 in
3579 1423 3688 1468 ter-

2089 1513 2201 1552 ram
2217 1508 2424 1554 rectam.
2455 1499 2618 1558 Vides
2641 1501 2910 1572 qumnodo
2937 1501 3186 1568 dicimus,
3213 1503 3486 1574 quomodo
3513 1504 3689 1561 doce—

2090 1603 2214 1652 mur
2234 1591 2372 1650 viam
2406 1590 2684 1661 perlicere,
2736 1608 2931 1662 nempe
2961 1608 3056 1663 per
3106 1594 3361 1663 Spiritum
3399 1598 3690 1651 sanctum?

2090 1679 2161 1744 Et
2193 1679 2316 1739 ideo
2342 1681 2558 1738 dicebat
2604 1682 2838 1738 Paulus:
2868 1683 3032 1740 Nobis
3059 1695 3225 1738 autem
3269 1682 3410 1740 Deus
3445 1687 3691 1740 reuelauit

2089 1787 2179 1841 per
2203 1770 2456 1840 Spiritum
2504 1789 2652 1828 suum
2681 1774 2776 1844 (1.
2832 1773 2951 1830 Cor.
2997 1775 3052 1829 2.
3102 1775 3235 1847 10).
3277 1775 3345 1830 1η
3383 1787 3572 1830 terram
3602 1793 3690 1830 re-

2089 1870 2242 1914 ctam.
2291 1860 2350 1916 Si
2393 1861 2680 1918 dictionem
2732 1865 2946 1934 quidem
2994 1875 3238 1934 spectes,
3282 1866 3412 1921 dicit
3456 1868 3691 1936 patriam

2089 1965 2240 2010 suam
2269 1969 2284 2005 :
2311 1951 2356 2007 si
2373 1953 2665 2024 accipiatur
2685 1964 2860 2010 autem
2884 1957 3193 2026 anagngiee,
3225 1957 3363 2011 viam
3392 1973 3511 2026 qua:
3536 1957 3694 2012 ducit

2089 2039 2157 2096 ad
2184 2043 2454 2098 virtutem.
2479 2043 2630 2100 Alius
2653 2053 2830 2099 autem
2854 2045 3000 2109 dicit,
3023 2045 3127 2104 Per
3147 2056 3329 2100 terram
3345 2046 3558 2116 planam
3580 2048 3690 2118 (ιι).

2089 2132 2231 2188 Nihil
2259 2143 2343 2189 est
2369 2135 2514 2191 enim
2557 2137 2754 2194 virtute
2804 2138 2993 2192 lazvius
3019 2152 3081 2192 ac
3108 2138 3339 2206 planius,
3381 2155 3502 2210 qua:
3530 2151 3615 2195 est
3656 2157 3694 2194 ει

2091 2225 2244 2282 turba
2284 2235 2340 2281 et
2375 2227 2603 2282 tumultu
2639 2227 2826 2290 libera.
2857 2229 2947 2286 11.
2980 2227 3198 2300 PrOpter
3225 2246 3408 2284 nomen
3433 2239 3574 2286 tuum
3603 2233 3691 2286 vi-

2091 2316 2316 2388 viﬁcabis
2341 2333 2440 2384 me,
2463 2317 2698 2374 Domine.
2729 2319 2890 2376 Vides
2917 2335 3039 2378 cum
3070 2337 3254 2376 rursus
3281 2321 3350 2376 ad
3378 2322 3542 2376 Deum
3555 2338 3696 2377 con-

2092 2405 2294 2478 fugere,
2326 2423 2432 2464 non
2462 2419 2641 2465 autem
2685 2411 2738 2466 in
2766 2411 2871 2466 vita
2900 2426 2995 2467 sua
3025 2413 3291 2468 collocare
3321 2413 3614 2468 ﬁduciam?

2118 2559 2124 2566 ,
2164 2497 2408 2569 Equites
2435 2509 2482 2556 et
2515 2501 2723 2578 justitia
2764 2519 2857 2572 pro
2900 2504 3163 2558 clementia
3205 2517 3281 2574 et
3313 2504 3690 2559 misericordia.

2096 2589 2272 2645 Oratio
2298 2591 2406 2646 sine
2438 2608 2590 2666 opere
2623 2592 2839 2649 inutilis.
2875 2624 2948 2634 —
2984 2594 3053 2650 In
3089 2595 3321 2666 a'quitate
3346 2603 3433 2648 tua
3459 2596 3637 2651 educes
3663 2613 3696 2650 ε

2094 2682 2417 2742 tribulatione
2441 2685 2664 2740 animum
2689 2703 2872 2742 nteant.
2913 2687 3088 2754 Alius,
3115 2687 3181 2744 In
3208 2689 3554 2744 misericordia
3575 2701 3691 2743 tim.

2094 2773 2257 2838 Vides
2283 2775 2553 2845 quomodo
2577 2792 2760 2832 verum
2806 2776 2896 2844 sit,
2943 2785 3084 2849 quod
3127 2780 3374 2850 superius
3417 2781 3689 2846 dicebant,

2095 2865 2504 2934 eumjustitiam
2534 2882 2680 2938 saepe
2722 2885 2915 2924 vocare
2957 2870 3333 2932 clementiam?
3379 2872 3584 2946 Educes
3625 2877 3708 2946 de,

2096 2957 2422 3032 tribulatione
2448 2958 2674 3014 animant
2706 2977 2889 3014 meant.
2927 2960 3080 3016 Orate
3105 2963 3269 3022 enim.
3301 2963 3496 3034 inquit,
3522 2981 3586 3018 ne
3609 2966 3696 3018 in-

2095 3049 2234 3102 tretis
2260 3049 2314 3102 in
2343 3051 2664 3107 tentationem
2687 3051 2878 3119 (Marc.
2911 3054 2996 3107 14.
3031 3053 3146 3124 58).
3190 3053 3276 3110 12.
3308 3053 3376 3108 Et
3404 3057 3458 3109 in
3475 3056 3692 3110 miseri-

2095 3139 2271 3194 cordia
2307 3150 2396 3194 tua
2435 3139 2695 3212 disperdes
2734 3159 2906 3198 omnes
2950 3144 3181 3200 inimicos
3209 3127 3370 3200 meos.
3410 3145 3527 3200 Non
3558 3164 3694 3214 quo.

2098 3229 2240 3286 niam
2269 3245 2369 3302 ego
2397 3245 2515 3286 sum
2538 3231 2753 3304 dignus,
2785 3231 2978 3304 inquit.
3009 3235 3102 3289 sed
3140 3246 3362 3306 propter
3405 3244 3551 3295 tuam
3579 3237 3695 3291 cli--

2099 3321 2348 3400 mcntiam
2379 3321 2544 3376 libera
2576 3338 2662 3377 me
2691 3325 2758 3378 ab
2790 3324 2854 3378 iis
2903 3326 2992 3396 qui
3023 3324 3077 3380 in
3107 3341 3192 3380 me
3231 3326 3427 3382 bellum
3474 3338 3688 3396 gerunt,

2098 3413 2263 3491 libera
2293 3431 2377 3471 me
2403 3416 2469 3471 ab
2495 3414 2564 3472 iis
2586 3417 2674 3486 qui
2703 3417 2834 3474 mihi
2860 3418 3175 3472 insidiantur
3195 3461 3232 3493 ,i
3259 3419 3349 3474 dat
3375 3429 3431 3478 ut
3457 3421 3526 3478 ab
3555 3422 3698 3476 stili-

2101 3508 2279 3584 cticne
2305 3507 2635 3578 aliquantum
2659 3510 2940 3578 respirem.
2959 3509 3028 3566 Et
3047 3513 3227 3582 perdes
3247 3529 3417 3569 omnes
3431 3516 3518 3584 qui
3534 3516 3695 3570 tribu.

2099 3598 2207 3666 lant
2229 3599 2455 3653 animam
2477 3616 2658 3666 meant,
2683 3601 2926 3672 quoniam
2940 3619 3032 3672 ego
3052 3619 3224 3659 servus
3250 3615 3364 3660 tuus
3391 3623 3525 3660 sum.
3557 3607 3692 3663 Vide

2102 3689 2190 3746 hic
2223 3706 2408 3746 rursus
2447 3691 2708 3762 adjectum
2754 3708 2991 3750 causam.
3023 3696 3205 3766 Neque
3235 3699 3378 3754 enim
3405 3714 3691 3768 possumus

2101 3782 2345 3838 absolute
2382 3795 2564 3839 nostra
2607 3787 2874 3855 postulata
2899 3791 3180 3859 consequi,
3209 3775 3314 3845 sed.
3347 3800 3556 3860 Oportet
3592 3809 3694 3848 nos

2103 3875 2175 3945 ita
2197 3891 2518 3947 purpurato,
2546 3888 2604 3935 ut
2627 3863 2794 3935 simus
2818 3881 2960 3951 digni
2982 3883 3068 3952 qui
3097 3884 3363 3952 postulata
3388 3901 3692 3955 consequa.

2105 3983 2246 4035 mur,
2272 3979 2476 4038 etquae
2515 3981 2695 4027 nostra
2733 3982 2858 4027 sunt
2900 3971 3168 4038 conferre,
3199 3982 3254 4028 et
3297 3975 3370 4029 ita
3411 3977 3698 4042 accedere.

2113 4058 2229 4116 Non
2259 4060 2454 4116 sufﬁcit
2476 4063 2622 4121 enim
2649 4062 2765 4118 sola
2795 4075 2986 4120 natura
3026 4065 3282 4120 orationis
3324 4083 3338 4118 :
3372 4081 3494 4120 nam
3522 4068 3692 4122 Judaei

2103 4165 2315 4220 quoque
2341 4152 2583 4217 orabant,
2601 4163 2657 4208 et.
2683 4155 2994 4218 audiebant?
3021 4157 3550 4226 Simuttiplicaveritis
3580 4176 3694 4229 prce

2104 4255 2206 4306 ces,
2239 4257 2339 4294 non
2367 4244 2639 4298 exaudiam
2667 4261 2751 4299 vos
2781 4244 2934 4315 (ικαὶ.
2967 4247 3019 4302 1.
3053 4247 3168 4318 15).
3207 4247 3277 4302 Et
3319 4250 3446 4318 quid
3485 4251 3694 4306 miraris

2106 4332 2151 4384 si
2175 4331 2344 4386 Judaei
2373 4347 2483 4387 non
2509 4333 2949 4401 exaudiebantur,
2976 4351 3100 4390 cum
3124 4337 3284 4392 etiam
3305 4337 3568 4396 leremias
3594 4357 3694 4413 pio

2107 4422 2186 4480 eis
2215 4439 2376 4480 orans
2403 4425 2844 4496 reprehendatur,
2872 4437 2928 4482 et
2957 4429 3126 4485 semel
3153 4444 3217 4484 ac
3245 4431 3327 4486 bis
3351 4432 3535 4487 audiat
3562 4451 3578 4488 :
3615 4432 3694 4485 Ne

2108 4530 2198 4569 ora
2230 4532 2321 4586 pro
2349 4518 2445 4571 hoc
2470 4519 2680 4588 populo,
2710 4520 2947 4586 quoniam
2979 4536 3080 4574 non
3105 4522 3376 4578 exaudiam
3406 4533 3452 4575 te
3479 4522 3616 4592 (Jer.
3642 4524 3690 4577 7.

2111 4606 2242 4677 16)ἳ
2286 4607 2353 4662 Et
2397 4608 2522 4676 quid
2566 4607 2778 4663 miraris
2822 4609 2866 4664 si
2910 4608 3173 4665 Jeremias
3220 4628 3328 4666 non
3377 4612 3694 4668 excluditur?

2109 4697 2325 4752 Etiamsi
2357 4696 2492 4763 Noe,
2521 4699 2711 4768 inquit,
2739 4701 2932 4754 etiamsi
2958 4699 3080 4766 Job,
3108 4702 3302 4755 etiamsi
3331 4701 3519 4756 Daniel
3547 4716 3697 4759 stete-

2109 4791 2233 4850 rint.
2259 4790 2393 4859 ﬁlios
2434 4799 2481 4843 et
2506 4790 2643 4859 ﬁlias
2669 4807 2786 4844 suas
2827 4807 2929 4844 non
2969 4792 3187 4860 eripient
3218 4791 3430 4861 (Eaeclt.
3479 4794 3566 4848 14.
3612 4797 3697 4848 li.

2113 4882 2225 4953 16).
2259 4882 2381 4936 Hinc
2408 4898 2535 4952 ergo
2563 4898 2682 4936 cum
2712 4884 2964 4946 sciamus.
2993 4899 3097 4938 non
3125 4884 3296 4938 solum
3337 4899 3575 4949 orciuos,
3607 4886 3702 4939 sed

2111 4979 2234 5018 cum
2266 4966 2508 5034 precibus
2537 4982 2748 5035 quoque
2775 4982 2871 5022 nos
2903 4967 2972 5021 ita
3002 4982 3397 5036 comparemus,
3439 4978 3498 5022 ut
3534 4970 3699 5023 Simus

2113 5057 2255 5128 digni
2284 5058 2371 5127 qui
2401 5059 2748 5127 accipiamus,
2781 5069 2839 5112 ut
2864 5068 2919 5113 et
2948 5061 3229 5128 prmsentia
3273 5071 3326 5114 et
3357 5059 3532 5116 futura
3563 5063 3699 5116 bona

2113 5164 2503 5219 consequamur
2549 5168 2563 5205 :
2610 5166 2730 5217 quae.
2773 5150 2926 5204 detur
2952 5151 3106 5205 nobis
3148 5153 3395 5206 omnibus
3422 5153 3697 5222 consequi,

2113 5242 2282 5311 gratia
2310 5250 2363 5295 et
2407 5242 2690 5298 clementia
2717 5243 2941 5296 Domini
2971 5243 3138 5297 noctri
3179 5242 3306 5298 Jesu
3353 5244 3576 5309 Christi,
3620 5241 3701 5295 cui

2114 5334 2281 5405 gloria
2306 5343 2360 5390 et
2384 5335 2688 5407 imperium,
2721 5334 2774 5388 in
2803 5334 2998 5392 saecula
3027 5337 3367 5391 saeculorum.
3397 5341 3592 5392 Amen.

2488 5637 2784 5703 tct'mfetatio
2821 5645 2911 5687 est.
2944 5636 3154 5703 Aquilae;
3196 5638 3392 5702 quidam
3431 5635 3699 5700 Symmacho

2119 5699 2252 5750 mam
2275 5701 2512 5758 tribuunt,
2535 5699 2624 5750 sed
2648 5700 2836 5763 Aquila:
2853 5705 2950 5751 est.
