4012 6280
261 425 364 482 ιετ

729 531 792 586 ιδ
833 528 1151 586 ΡδΑωιυΜ
1183 523 1406 584 CXLIII.

268 673 320 727 1.
363 669 664 726 Benedictus
692 667 941 721 Dominus
993 662 1125 716 Deus
1168 677 1323 720 meus,
1369 657 1455 724 qui
1500 654 1644 710 docet
1673 667 1849 703 manus

462 775 598 815 nisus
623 761 690 813 ad
719 759 971 830 praelium,
1001 756 1182 827 digitos
1209 769 1339 805 meos
1361 748 1426 802 ad
1451 747 1654 800 bellum.

352 903 397 953 l.
440 895 576 964 Quid
605 895 776 951 dicis?
807 896 1014 949 Densne
1045 892 1204 947 docet
1251 891 1472 952 bellare,
1520 900 1772 956 pugnare,
1801 891 1857 936 et

258 994 388 1060 .acie
431 988 759 1059 conﬂigere?
809 988 1036 1042 Maxime
1076 985 1290 1055 quidem
1340 1001 1352 1034 :
1406 999 1511 1035 nou
1563 978 1860 1048 peccaverit

259 1084 562 1150 quispiam,
590 1080 678 1150 qui
706 1079 979 1132 victoriam
1011 1093 1129 1146 quae
1174 1075 1258 1128 his
1285 1082 1522 1142 paratur,
1562 1071 1609 1124 ei
1651 1067 1862 1122 adscri-

259 1175 464 1241 .|:scril.
517 1171 628 1225 lloc
669 1171 810 1223 enim
861 1169 960 1223 sibi
1001 1169 1112 1222 vult
1158 1164 1322 1230 illud,
1364 1163 1462 1228 Qui
1504 1163 1644 1214 docet
1684 1173 1862 1212 manus

280 1280 436 1334 meas.
470 1263 581 1315 lloc
627 1271 730 1324 est,
762 1261 860 1325 Qui
893 1259 1016 1311 facit
1046 1267 1098 1311 ut
1145 1258 1355 1312 vincam
1403 1253 1604 1315 hostes,
1653 1259 1709 1304 ut
1757 1261 1865 1302 tro-

282 1371 450 1420 p.cuut
481 1351 705 1423 erigant.
738 1351 960 1416 Quando
995 1349 1138 1405 enim
1182 1347 1466 1416 prostravit
1506 1342 1744 1408 Goliath,
1777 1342 1866 1396 ille

279 1445 378 1498 fuit
405 1458 564 1498 causa
591 1442 847 1506 victoriae,
881 1449 935 1494 et
974 1439 1187 1508 quando
1213 1439 1376 1492 multa
1401 1435 1540 1488 bella
1571 1443 1715 1488 recte
1743 1447 1865 1500 ges-

282 1538 376 1601 sit,
401 1545 456 1589 et
481 1545 676 1602 tropara
703 1533 891 1595 erexit,
922 1540 975 1585 et
998 1531 1203 1599 aliquot
1239 1530 1398 1582 urbes
1429 1527 1658 1580 hostium
1691 1524 1740 1578 vi
1782 1538 1872 1576 ce-

285 1627 382 1694 pit,
413 1625 455 1678 is
483 1625 580 1677 fuit
603 1623 656 1676 in
682 1637 840 1677 causa
869 1631 928 1676 ut
958 1621 1218 1674 vinceret.
1247 1619 1312 1672 Et
1354 1617 1472 1671 ideo
1501 1631 1698 1669 canens
1727 1613 1872 1668 dice-

287 1717 377 1770 bat
407 1733 422 1769 :
448 1714 696 1767 Dominus
726 1715 871 1782 {ortis
898 1721 943 1765 et
970 1720 1163 1779 potens,
1195 1707 1444 1762 Dominus
1471 1716 1644 1776 potens
1674 1705 1725 1757 in
1747 1718 1874 1774 pra:-

271 1809 356 1872 _lio
384 1806 554 1880 (Psal.
593 1806 681 1861 82.
723 1805 802 1872 5).
840 1803 1004 1858 Musis
1032 1816 1244 1873 quoque
1289 1810 1529 1871 tempore
1557 1797 1720 1863 multa
1749 1795 1876 1854 fecit

287 1898 577 1968 ('jlhllltldi.

360 1992 620 2045 Auxilium
644 1989 865 2042 divinum
884 1987 1026 2040 nobis
1051 1985 1382 2040 necessarium
1406 1983 1474 2036 ad
1501 1981 1684 2036 bellum
1705 1989 1878 2034 contra

288 2087 569 2137 daemonas.
604 2081 805 2135 Bellum
831 2079 1018 2133 diaboli
1041 2078 1277 2132 adversus
1302 2077 1547 2130 homines.
1586 2074 1877 2128 Misericor-

292 2178 429 2228 rliam
448 2172 541 2227 Dei
564 2181 618 2225 ut
633 2187 1018 2240 consequamur.
1034 2170 1274 2226 Subditos
1290 2178 1340 2222 ut
1357 2169 1408 2222 in
1424 2167 1583 2238 oﬁicio
1602 2168 1878 2232 contineas,

277 2265 391 2318 .Uei
418 2264 613 2317 auxilio
641 2279 767 2332 opus
794 2272 887 2316 est.
919 2291 994 2303 —
1019 2261 1212 2316 Verum
1249 2259 1394 2314 aliud
1435 2274 1648 2328 quoque
1683 2258 1881 2312 bellum

292 2355 506 2408 esthoc
538 2355 778 2424 gravius,
830 2351 918 2407 ubi
962 2353 1118 2406 nobis
1159 2350 1390 2407 maxime
1429 2365 1662 2420 superno
1687 2347 1884 2404 auxilio

294 2462 432 2515 opus
455 2456 557 2511 est,
586 2445 726 2514 quod
751 2445 953 2515 geritur
985 2453 1175 2498 contra
1213 2451 1504 2514 potestates
1530 2441 1882 2496 adversarius.

293 2537 449 2606 Quod
487 2550 666 2592 autem
711 2552 808 2590 nos
849 2545 1034 2591 contra
1079 2550 1173 2589 eas
1216 2533 1412 2590 bellum
1451 2548 1720 2603 geramus,
1762 2532 1886 2586 audi

301 2631 524 2686 l‘anlum
535 2630 809 2684 dicentem
829 2645 844 2682 :
867 2628 991 2683 Non
1015 2638 1086 2683 est
1111 2628 1252 2682 nobis
1275 2629 1410 2682 lucta
1429 2627 1666 2681 adversus
1685 2641 1889 2680 carnem

299 2735 348 2776 et
381 2723 698 2792 sanguinem,
724 2723 813 2777 sed
839 2722 1078 2776 adversus
1105 2721 1442 2791 principatus,
1469 2720 1706 2774 adversus
1745 2729 1890 2785 pote—

301 2827 477 2882 states,
495 2817 733 2870 adversus
749 2816 924 2870 mundi
944 2815 1196 2885 principes
1216 2813 1533 2868 tenebrarum
1548 2811 1722 2867 saeculi
1735 2815 1890 2880 hujus

308 2907 522 2978 (Epties.
547 2908 598 2962 6.
632 2908 718 2977 12)
743 2925 756 2958 :
788 2916 842 2962 et
866 2922 931 2962 eo
955 2906 1188 2976 gravius,
1218 2905 1357 2975 quod
1387 2921 1451 2960 ex
1480 2904 1582 2960 alia
1612 2914 1798 2959 natura
1820 2905 1893 2961 sit

299 3015 498 3052 earum
527 3001 811 3063 exercitus,
841 3007 896 3052 et
920 3014 1038 3068 quae
1069 2997 1170 3052 sub
1205 3004 1480 3067 aspectum
1510 3012 1616 3050 non
1646 2995 1807 3063 cadit,
1838 3004 1894 3050 et

311 3089 582 3158 quodnon
601 3090 665 3144 de
687 3089 850 3144 rebus
871 3088 1079 3158 exiguis
1099 3087 1298 3158 agitur,
1322 3087 1426 3143 sed
1450 3087 1519 3143 de
1541 3087 1715 3143 salute
1746 3094 1804 3142 et
1825 3086 1894 3142 de

310 3181 566 3250 pernicie.
589 3181 703 3235 Non
729 3190 949 3250 possunt
975 3180 1061 3234 hic
1085 3179 1248 3234 videri
1276 3179 1520 3235 homines
1537 3179 1628 3248 qui
1652 3179 1897 3235 occiduu-

287 3284 420 3346 μιν,
459 3287 564 3326 non
597 3280 773 3343 potest
795 3271 1053 3340 praesciri,
1079 3285 1181 3326 nec
1207 3277 1434 3339 tempus,
1465 3270 1893 3339 necdiiﬁcuitas,

288 3379 415 3418 ..uec
441 3364 610 3429 locus,
638 3378 738 3418 nec
763 3362 962 3433 aliquid
1005 3362 1147 3416 aliud
1175 3361 1459 3431 ejusmodi.
1490 3360 1623 3416 Nam
1648 3363 1817 3426 domi,
1844 3367 1896 3417 In

289 3457 452 3530 ‘furo,
487 3456 752 3522 ludentes,
802 3455 855 3510 in
897 3455 1007 3512 otio
1035 3470 1134 3510 nos
1171 3454 1432 3510 invadunt
1461 3454 1544 3510 lue
1572 3455 1895 3525 phalanges:

313 3564 482 3618 quare
502 3558 712 3618 Oportet
737 3564 833 3602 nos
857 3563 976 3603 esse
997 3556 1252 3618 perpetuo
1266 3547 1520 3602 munitos.
1536 3547 1742 3603 Bellum
1758 3547 1899 3602 enim

299 3641 425 3708 ,hoc
451 3641 626 3696 nullas
647 3641 795 3706 novit
821 3641 1092 3698 inducias:
1118 3656 1224 3696 non
1255 3639 1413 3696 habet
1442 3640 1665 3710 legatos,
1693 3656 1792 3696 nec
1820 3639 1902 3696 le-

303 3733 505 3799 ciales,
539 3748 635 3787 nec
663 3731 859 3802 aliquid
886 3731 1180 3801 ejusmodi;
1207 3731 1404 3786 bellum
1431 3733 1571 3787 enim
1597 3741 1680 3788 est
1711 3732 1906 3801 impla-

321 3826 513 3893 cabile,
546 3837 602 3882 et
631 3825 752 3880 ideo
772 3834 985 3895 oportet
1009 3840 1070 3879 se
1097 3825 1328 3880 maxime
1349 3825 1582 3894 undique
1602 3826 1830 3891 munire,
1852 3834 1909 3881 et

323 3916 662 3988 convenicmi
711 3915 964 3969 alimento
1005 3914 1240 3969 validum
1289 3913 1610 3984 ﬁrmumque
1657 3914 1904 3970 reddere.

303 4006 499 4075 _llujus
527 4014 704 4059 autem
733 4005 856 4061 belli
882 4013 1236 4070 commeatus,
1269 4015 1322 4059 ct
1349 4004 1540 4060 horum
1569 4006 1796 4062 militum
1820 4021 1913 4062 ar-

330 4113 414 4150 ma
446 4107 569 4151 sunt
595 4095 896 4150 divinarum
923 4095 1316 4163 Scripturarum
1344 4095 1568 4151 auditio.
1595 4097 1672 4151 Ea
1693 4097 1784 4166 qui
1805 4114 1910 4151 non

329 4187 541 4253 fruitur,
571 4187 712 4242 fame
744 4187 898 4257 perit.
930 4186 1075 4241 Dabo
1096 4187 1236 4240 enim
1259 4188 1354 4252 eis,
1383 4186 1574 4256 inquit,
1605 4204 1703 4240 non
1729 4193 1915 4256 [autem

303 4259 499 4348 rpauis,
523 4295 611 4332 nec
636 4279 769 4332 sitim
793 4293 957 4348 aqute,
979 4277 1067 4332 sed
1090 4277 1273 4346 [autem
1293 4278 1534 4331 audiendi
1554 4279 1683 4332 verbi
1709 4278 1916 4333 Domini

337 4370 514 4438 (Amos
558 4370 612 4423 8.
646 4371 755 4438 11).
787 4369 883 4423 llic
909 4369 1086 4439 igitur,
1115 4370 1249 4424 sicut
1274 4369 1399 4423 etin
1427 4369 1914 4435 bellissensilibus,

334 4475 569 4527 supeino
591 4460 790 4513 auxilio
814 4473 947 4528 opus
971 4467 1071 4514 est.
1115 4458 1238 4512 Non
1273 4469 1500 4514 servatur
1527 4461 1694 4527 enim,
1725 4461 1915 4531 inquit,

313 4569 425 4608 rex
446 4568 536 4620 per
565 4552 774 4604 multam
805 4550 1095 4618 potentiam,
1142 4558 1187 4602 et
1225 4551 1367 4621 gigas
1409 4567 1510 4605 non
1549 4552 1825 4606 servabitur
1865 4553 1919 4606 in

339 4643 659 4698 multitudine
687 4643 866 4696 virium
883 4658 1106 4716 suarum.
1137 4641 1326 4696 Fallax
1349 4659 1501 4710 equus
1525 4644 1593 4698 ad
1617 4646 1850 4706 salutem,
1869 4661 1923 4700 tn

305 4721 661 4814 multitudine
706 4734 883 4788 virium
927 4749 1138 4786 suarum
1179 4749 1284 4788 non
1327 4734 1602 4788 servabitur
1631 4734 1802 4806 (Psal.
1828 4737 1921 4792 52.

304 4892 320 4900 __
341 4830 429 4884 16.
467 4827 579 4899 17).
611 4826 761 4881 Multi
787 4826 966 4898 itaque
991 4825 1172 4880 hostes
1197 4825 1274 4879 sic
1299 4839 1446 4894 saepe
1465 4825 1720 4881 fuderunt
1749 4843 1813 4882 ac
1841 4829 1924 4884 fu-

340 4928 556 4996 garunt,
584 4933 706 4973 cum
733 4917 877 4986 prius
909 4930 1094 4986 preces
1119 4917 1535 4986 praecessissent,
1561 4924 1617 4972 et
1635 4933 1714 4973 ea:
1733 4918 1924 4975 adver-

342 5013 606 5070 seriarum
639 5010 926 5081 phalanges
949 5008 1289 5080 repulissent.
1316 5007 1378 5064 2.
1416 5008 1768 5066 Misericordia
1792 5029 1924 5079 mea,

341 5116 388 5161 et
418 5104 674 5174 refugium
715 5118 904 5173 nicum,
942 5110 1200 5172 susceptor
1237 5116 1377 5156 meus
1416 5109 1464 5155 et
1507 5102 1742 5158 liberator
1767 5120 1925 5159 meus.

347 5197 510 5252 Vides
538 5211 660 5251 eum
687 5211 871 5250 rursus
892 5209 1078 5264 rogare
1104 5201 1164 5249 ut
1180 5203 1424 5249 servetur
1446 5208 1480 5250 a
1495 5195 1798 5252 clementia.
1819 5197 1930 5253 lmo

347 5304 476 5344 vero
506 5287 594 5342 hic
621 5287 779 5342 etiam
807 5284 1006 5354 aliquid
1043 5284 1184 5340 aliud
1209 5285 1492 5354 signiﬁcat.
1535 5287 1636 5341 Per
1663 5286 1764 5343 hoc
1787 5291 1928 5344 enim

348 5381 400 5438 id
427 5379 663 5435 ostendit
682 5388 736 5434 et
760 5378 920 5432 dicit:
948 5377 1026 5433 Ne
1053 5392 1228 5433 essem
1249 5377 1460 5448 quidem
1490 5379 1601 5449 ipsa
1627 5379 1818 5450 dignus
1834 5381 1932 5435 mi-

349 5470 662 5544 sericordia,
692 5469 790 5523 nisi
818 5468 931 5538 ipse
958 5469 1252 5523 annuisset.
1284 5465 1401 5538 Ipse
1428 5481 1510 5524 est
1539 5485 1688 5540 ergo,
1735 5471 1924 5542 inquit,

351 5561 702 5617 Misericordia
735 5573 881 5614 mea:
907 5575 1024 5614 eam
1055 5561 1196 5614 enim
1224 5575 1288 5616 ex
1317 5561 1468 5615 factis
1507 5562 1640 5617 meis
1682 5578 1786 5617 non
1813 5578 1931 5618 sum

348 5662 734 5724 consequutus.
763 5650 893 5706 Nam
917 5651 1016 5706 etsi
1045 5661 1126 5706 est
1153 5651 1537 5716 misericordia,
1563 5669 1666 5708 non
1687 5655 1934 5710 omnibus

307 5731 313 5741 ⁷
352 5755 528 5801 tamen
551 5744 1006 5799 iudiscriminatim
1023 5741 1246 5797 accidit:
1269 5742 1320 5794 Μ
1329 5743 1541 5798 iserebor
1557 5745 1719 5813 enim,
1744 5746 1932 5817 inquit,

350 5839 498 5910 cuius
519 5838 749 5894 misertus
767 5839 931 5911 fuero,
968 5843 1014 5890 et
1044 5833 1334 5902 miserabor,
1351 5853 1496 5906 quem
1517 5822 1658 5906 fuero
1677 5839 1936 5894 miseratus

1364 374 1716 465 EXI’OSITIO
1747 402 1817 482 tu
1857 397 2179 480 PSALMUM
2217 394 2444 466 cxuu.

3436 390 3542 444 £58

1963 512 2138 583 (Itoni.
2163 512 2217 566 9.
2244 511 2350 580 15).
2378 512 2596 579 Oportet
2621 524 2778 587 ergo,
2792 509 2835 562 si
2859 508 3274 564 miserictirdiant
3299 508 3554 562 volumus

1961 601 2239 672 consequi,
2287 600 2402 672 ejus
2445 600 2740 655 clementiae
2770 599 3104 654 occasionem
3134 615 3200 655 ex
3231 601 3384 655 nobis
3418 601 3545 672 ipsis

1962 694 2222 764 proferre.
2248 692 2343 747 llic
2370 702 2544 746 autem
2583 692 2712 747 dicit
2740 708 2798 747 se
2830 691 2929 746 hoc
2956 693 3147 763 ipsum,
3177 692 3321 762 quod
3348 694 3418 749 sit
3441 695 3543 747 mi-

1954 785 2308 860 sericordiam
2350 794 2733 854 consequutus,
2775 783 2827 838 ei
2858 794 3133 860 acceptum
3163 785 3322 842 ferre.
3355 784 3548 840 Vidisti

1961 877 2244 932 contritum
2290 876 2564 950 animum?
2591 877 2764 930 vidisti
2808 885 3012 951 gratam
3044 887 3298 943 mentem,
3326 887 3380 933 ct
3410 894 3548 950 quo-

1952 969 2128 1030 modo
2172 969 2398 1038 benigno
2447 969 2553 1023 Deo
2592 969 2898 1023 universum
2940 969 3227 1023 adscribit?
3273 970 3552 1040 Susceptor

1955 1076 2128 1133 gneus,
2157 1068 2200 1112 et
2224 1059 2463 1114 liberator
2490 1075 2652 1121 meus,
2675 1068 2926 1129 protector
2950 1063 3111 1124 meus;
3139 1069 3186 1114 et
3213 1061 3268 1114 in
3291 1062 3406 1132 ipso
3433 1077 3553 1130 spe-

1961 1153 2092 1205 ravi.
2122 1152 2280 1220 Spem
2312 1150 2364 1204 in
2398 1151 2570 1220 ipsum
2598 1151 2810 1205 assidue
2836 1163 3033 1218 versat,
3058 1151 3257 1207 docens
3287 1167 3474 1208 omnes
3496 1162 3557 1207 ut

1967 1243 2132 1296 nullis
2160 1242 2312 1296 malis
2339 1242 2651 1307 obruantur,
2703 1241 2798 1297 sed
2844 1242 2932 1297 vel
2975 1243 3026 1296 in
3076 1243 3266 1298 mediis
3300 1244 3556 1299 aerumnis

1966 1351 2089 1406 cum
2119 1348 2330 1403 semper
2357 1337 2678 1397 intueantur,
2697 1333 2843 1388 abeo
2866 1333 3154 1407 pendeant,
3183 1351 3281 1390 nec
3307 1353 3556 1406 umquam

1959 1425 2280 1494 desperent,
2325 1425 2575 1480 animove
2603 1425 2908 1480 concidant.
2937 1424 3056 1495 ipse
3085 1436 3168 1481 cst
3195 1428 3338 1482 enim
3369 1443 3557 1482 susce-

1967 1526 2095 1586 ptor
2126 1524 2178 1570 ct
2205 1517 2458 1572 liberator
2477 1531 2648 1572 meus.
2674 1515 2826 1573 Unde
2851 1526 2908 1573 et
2934 1517 2980 1572 si
3016 1535 3122 1572 non
3148 1517 3202 1572 in
3233 1519 3360 1588 ipsis
3388 1521 3558 1574 malo-

1976 1603 2092 1662 rum
2121 1607 2392 1676 principiis
2419 1609 2673 1677 suscipiat
2697 1617 2750 1662 et
2777 1609 2985 1676 liberet,
3019 1609 3160 1665 bono
3200 1622 3412 1680 oportet
3439 1627 3562 1667 esse

1976 1699 2174 1754 animo.
2199 1699 2253 1754 Si
2273 1700 2412 1752 enim
2440 1698 2557 1769 ipse
2573 1709 2656 1756 est
2679 1709 2959 1774 susceptor
2975 1716 3037 1772 ac
3057 1700 3326 1769 defensor,
3343 1703 3562 1758 omnino

1975 1789 2226 1844 liberabit
2248 1805 2280 1843 a
2309 1789 2480 1845 malis.
2499 1789 2650 1844 Tunc
2665 1791 2807 1844 enim
2827 1791 3056 1847 maxime
3083 1808 3206 1862 spes
3223 1802 3324 1861 est,
3351 1795 3567 1864 quando

1980 1882 2045 1935 iis
2073 1896 2190 1946 quae
2220 1881 2465 1935 videntur
2491 1896 2588 1935 nos
2617 1880 2989 1950 dejicientibus
3031 1882 3084 1937 in
3111 1882 3563 1954 desperationem,

1980 1986 2043 2025 ea
2069 1971 2231 2026 efﬁcit
2251 1982 2310 2024 ut
2329 1971 2398 2026 de
2433 1970 2609 2026 futuro
2638 1971 2775 2042 bene
2813 1986 3112 2042 speremus.
3155 1974 3255 2041 Qui
3277 1975 3445 2030 subdit
3472 1994 3570 2047 po-

1982 2063 2162 2133 pulum
2191 2079 2354 2116 menm
2382 2063 2598 2136 subme.
2628 2063 2718 2120 Sic
2745 2073 2889 2120 recte
2909 2064 3062 2121 dixit.
3089 2065 3222 2124 Nam
3251 2068 3340 2123 hic
3358 2085 3572 2140 quoque

1985 2172 2217 2226 superno
2240 2142 2437 2211 auxilio
2467 2173 2602 2227 opus
2632 2167 2737 2224 est,
2764 2168 2822 2214 ut
2843 2160 2933 2230 qui
2959 2159 3150 2217 ditioni
3177 2162 3400 2232 subiecti
3423 2173 3569 2230 sunt,

1985 2250 2348 2316 acquiescant,
2378 2259 2432 2304 et
2457 2264 2560 2304 nec
2581 2249 2897 2307 seditionem
2913 2253 3133 2322 agitent,
3152 2268 3252 2310 nec
3275 2255 3570 2325 insurgunt.

1988 2340 2107 2395 Non
2137 2342 2309 2395 solum
2339 2357 2466 2412 ergo
2493 2341 2542 2396 in
2567 2342 2912 2415 subjugandis
2931 2345 3183 2412 inimicis,
3212 2347 3307 2404 sed
3332 2350 3491 2404 etiam
3520 2352 3574 2407 in

1989 2433 2294 2488 domesticis
2309 2435 2422 2490 suis
2437 2435 2778 2505 subiiciendis
2803 2453 3038 2508 superno
3056 2440 3207 2495 nobis
3225 2441 3426 2498 auxilio
3441 2459 3578 2514 opus

1991 2537 2091 2582 est.
2122 2525 2254 2581 Nam
2283 2526 2388 2582 hoc
2407 2544 2620 2598 quoque
2654 2545 2904 2601 magnum
2931 2539 3035 2599 est,
3064 2548 3191 2589 suos
3211 2535 3349 2591 bene
3369 2552 3574 2606 regere,

1991 2632 2092 2672 nec
2134 2619 2310 2674 minus
2343 2629 2607 2690 estquam
2639 2621 2883 2678 inimicos
2925 2625 3154 2680 vincere.
3191 2625 3336 2682 Multi
3365 2629 3579 2698 quidem

1978 2717 2137 2776 certe
2163 2724 2530 2779 saepenumero
2555 2722 2753 2782 tropica
2780 2712 2835 2768 in
2858 2713 3010 2770 bellis
3036 2707 3342 2782 erexerunt.
3371 2720 3422 2773 iu
3453 2737 3582 2790 pace

1993 2811 2171 2856 autem
2197 2802 2321 2856 caesi
2349 2811 2497 2867 sunt,
2527 2819 2648 2860 cum
2675 2819 2863 2860 eorum
2893 2808 3087 2877 quibus
3115 2823 3380 2880 praeerant
3411 2812 3579 2869 hahe-

1997 2907 2092 2948 uas
2137 2910 2244 2949 non
2288 2904 2432 2950 recte
2476 2905 2696 2966 possent
2736 2898 3022 2954 moderari.
3053 2899 3169 2956 Non
3199 2918 3329 2974 ergo
3350 2904 3404 2959 in
3435 2906 3585 2976 regni

1997 2995 2260 3058 potestate
2290 2987 2449 3042 situm
2478 2997 2582 3055 est,
2610 2999 2668 3044 ut
2695 2999 2868 3046 castra
2896 2993 3268 3063 subjiciuntur,
3297 2997 3394 3053 sed
3413 2997 3584 3055 iirDci

1997 3077 2211 3153 auxilio.
2235 3077 2693 3152 Quemadmodum
2715 3089 2896 3136 autem
2921 3081 2990 3138 ab
3015 3099 3079 3139 eo
3100 3085 3397 3156 procedunt
3422 3088 3588 3144 victu-

1986 3169 2092 3240 _ri;e
2115 3169 2183 3226 de
2211 3170 2476 3238 hostibus,
2508 3171 2578 3226 ita
2603 3171 2765 3228 etiam
2791 3187 3008 3229 suorum
3039 3175 3361 3234 obedientia.
3389 3179 3442 3235 5.
3474 3179 3587 3235 Do-

2001 3263 2152 3331 mine,
2167 3262 2291 3334 quid
2316 3272 2387 3319 est
2411 3263 2584 3330 homo,
2611 3265 2734 3335 quia
2759 3267 3024 3322 innotuisti
3041 3270 3088 3332 ei
3101 3270 3128 3324 .9
3149 3279 3243 3324 aut
3263 3271 3403 3340 ﬁlius
3426 3272 3590 3328 homi-

2002 3357 2107 3421 nis,
2135 3357 2255 3426 quia
2278 3368 2484 3427 reputas
2511 3360 2666 3414 eum?
2687 3360 2862 3428 Alius,
2891 3362 3030 3430 Quid
3057 3364 3227 3430 homo,
3250 3377 3301 3421 et
3322 3383 3592 3438 cognosces

2001 3448 2205 3518 ipsum?
2246 3449 2418 3516 Alius,
2471 3450 2621 3520 Quod
2661 3456 2894 3524 agnoscis
2930 3455 3137 3525 ipsum?
3185 3457 3434 3529 Magnum
3464 3475 3594 3532 ergo

2005 3539 2306 3610 quempiam
2337 3555 2458 3596 esse
2482 3553 2712 3612 oportet,
2744 3545 2832 3614 qui
2858 3553 2940 3600 est
2969 3546 3135 3602 Deum
3165 3550 3492 3620 cogniturus,
3512 3552 3594 3609 vel

2007 3629 2183 3698 potius
2203 3631 2292 3700 qui
2322 3640 2404 3685 est
2431 3631 2499 3687 ab
2522 3632 2640 3702 ipso
2663 3637 3096 3704 cognoscendus;
3127 3655 3232 3694 non
3255 3640 3397 3697 hunc
3415 3652 3596 3702 autem

2008 3722 2204 3788 soluat,
2231 3725 2326 3779 sed
2346 3725 2506 3780 etiam
2530 3727 2680 3782 illum
2701 3729 2784 3783 cui
2815 3730 2956 3786 Deus
2983 3733 3208 3788 voluerit
3237 3734 3594 3792 innotescere.

2011 3811 2080 3866 Et
2109 3813 2230 3870 ideo
2257 3813 2456 3886 optime
2481 3817 2732 3873 dixerunt
2767 3819 3112 3892 Septuaginta
3139 3825 3290 3890 illud,
3324 3824 3600 3882 Irimotuisti

2012 3905 2461 3964 ei:ostendeutes
2489 3926 2588 3966 nos
2628 3927 2734 3966 non
2783 3929 2907 3968 eum
2951 3917 3255 3984 invenisse,
3288 3919 3381 3973 sed
3427 3921 3598 3989 ipsum

2017 4000 2169 4054 nobis
2195 3995 2357 4056 fuisse
2382 4001 2674 4058 inventum.
2707 4003 2980 4074 Siquidem
3012 4024 3118 4062 non
3144 4009 3280 4064 dixit
3300 4028 3316 4064 :
3337 4011 3475 4078 Quid
3516 4023 3602 4068 est

2017 4091 2195 4172 homo,
2229 4093 2316 4163 qui
2349 4103 2402 4149 te
2425 4095 2705 4164 cognovit?
2735 4097 2851 4163 sed,
2883 4097 3021 4163 Quid
3058 4111 3131 4156 est
3158 4101 3329 4171 homo,
3354 4105 3490 4174 quod
3511 4122 3603 4160 co-

2013 4185 2185 4255 gnitus
2205 4201 2256 4238 es
2275 4185 2337 4239 ab
2357 4187 2505 4255 ipso?

2035 4343 2038 4345 Α
2089 4280 2144 4330 2.
2186 4278 2254 4333 Et
2277 4279 2616 4339 ideoPaulus
2647 4281 2748 4337 hoc
2768 4297 2971 4354 susque
2999 4283 3172 4356 deque
3191 4289 3406 4345 assidue
3427 4301 3607 4347 versat

2020 4369 2224 4435 dicens,
2256 4370 2402 4424 Tunc
2431 4381 2597 4426 autem
2619 4389 2894 4444 agnoscam
2919 4377 3047 4430 sicut
3076 4387 3122 4432 et
3150 4383 3351 4451 agnitus
3376 4400 3489 4438 sum
3529 4387 3606 4456 (1.

2021 4460 2140 4516 Cor.
2166 4463 2247 4517 l5.
2283 4462 2583 4531 £2).Porro
2625 4465 2740 4533 ipse
2788 4481 3001 4536 quoque
3046 4468 3310 4537 Christus,
3354 4472 3479 4529 Non
3523 4491 3609 4532 eos

2023 4569 2102 4606 me
2124 4551 2358 4622 elegistis,
2387 4553 2475 4607 sed
2495 4571 2584 4625 ego
2605 4556 2732 4625 elegi
2747 4573 2832 4612 vos
2858 4557 3037 4629 (Joan.
3072 4563 3162 4618 15.
3196 4561 3306 4636 16).
3332 4565 3450 4622 Jam
3477 4583 3611 4624 vero

2025 4642 2148 4696 alibi
2175 4659 2384 4713 quoque
2412 4644 2628 4712 Paulus,
2654 4647 2715 4702 Si
2734 4649 2847 4717 quis
2872 4660 3041 4706 autem
3065 4652 3229 4726 diligit
3243 4654 3430 4725 Deum,
3457 4661 3503 4716 εδ
3522 4677 3613 4716 σο.

2025 4735 2192 4806 gnilus
2212 4745 2285 4788 est
2303 4735 2367 4791 ab
2393 4752 2450 4790 eo
2480 4737 2556 4806 (1.
2581 4738 2698 4800 Cor.
2717 4739 2776 4796 8.
2801 4741 2880 4812 5).
2895 4741 2970 4798 Et
2997 4745 3118 4801 ideo
3143 4749 3356 4805 assidue
3375 4753 3612 4822 seipsum

2000 4841 2225 4898 susque
2252 4827 2425 4900 deque
2459 4829 2588 4886 dicit
2613 4844 2880 4901 vocatum,
2923 4838 3212 4895 ostendens
3247 4855 3309 4896 se
3337 4857 3444 4898 non
3474 4844 3618 4900 ultro

2029 4919 2340 4986 accessisse,
2367 4921 2464 4978 sed
2495 4922 2659 4993 prius,
2685 4936 2928 4982 vocatum
2972 4928 3158 4987 fui'sse.
3188 4930 3263 4986 ita
3300 4934 3462 4990 etiam
3487 4935 3619 4992 dicit

2030 5011 2178 5077 alibi,
2208 5009 2494 5085 Persequor
2513 5024 2701 5083 autem,
2723 5018 2770 5071 si
2789 5018 2937 5076 etiam
2951 5021 3390 5092 comprehendam,
3410 5035 3618 5096 propter

2030 5103 2167 5174 quod
2189 5113 2234 5157 et
2258 5107 2645 5176 comprehensus
2663 5125 2774 5162 sum
2809 5107 3068 5182 (Philipp.
3095 5113 3151 5167 3.
3179 5113 3290 5185 l2).
3320 5114 3438 5172 Non
3463 5117 3617 5183 dixit,

2033 5197 2446 5267 Comprehendi,
2473 5198 2594 5262 sed,
2618 5197 3020 5268 Comprehensus
3045 5220 3178 5258 sum.
3216 5205 3495 5272 Quomodo
3518 5225 3621 5265 au-

2037 5297 2142 5353 tem
2169 5288 2296 5343 dicit
2319 5287 2426 5353 hic,
2453 5288 2590 5353 Quid
2613 5299 2686 5344 est
2709 5291 2901 5346 homo?
2922 5295 3079 5364 Atqui
3107 5295 3245 5350 alius
3259 5296 3403 5363 dicit,
3426 5299 3623 5371 Magna

2035 5398 2114 5436 res
2139 5382 2310 5446 homo,
2333 5389 2380 5434 et
2412 5382 2632 5451 pretiosa
2665 5400 2747 5438 res
2783 5385 2862 5438 uir
2892 5386 3173 5442 misericors
3213 5387 3397 5454 (Prov.
3424 5392 3515 5450 30.
3538 5387 3622 5462 ϐ).

2039 5472 2109 5526 Et
2153 5471 2312 5536 alius,
2341 5469 2422 5524 Ad
2447 5473 2716 5544 imaginem
2745 5474 2844 5530 Dei
2881 5477 2998 5548 fecit
3041 5479 3209 5551 ipsum
3237 5481 3386 5555 (Gen.
3418 5487 3470 5541 1.
3499 5485 3621 5560 27).

2037 5562 2267 5618 Sortitus
2291 5572 2376 5617 est
2400 5563 2546 5618 enim
2569 5565 2732 5620 totius
2757 5579 3013 5623 creatura:
3037 5571 3404 5640 praefecturam
3433 5577 3622 5649 (Eccli.

2039 5655 2126 5709 17.
2153 5654 2228 5723 1).
2264 5653 2400 5708 Sunt
2423 5665 2599 5710 autem
2617 5658 2878 5722 nonnulli,
2897 5659 3089 5730 quibus
3113 5680 3181 5721 ne
3204 5665 3393 5736 dignus
3409 5669 3639 5740 quidem.

2038 5755 2153 5801 erat
2183 5745 2412 5802 mundus
2439 5744 2621 5819 (Hebr.
2646 5749 2731 5804 11.
2755 5749 2868 5822 58).
2905 5751 3014 5808 Sed
3058 5755 3148 5810 illa
3173 5758 3388 5828 quidem
3415 5761 3482 5816 de
3507 5761 3621 5815 vir-

2043 5849 2172 5911 tutc,
2207 5851 2259 5898 ct
2286 5842 2498 5915 quando
2545 5842 2760 5915 quidam
2801 5843 3050 5906 homines
3095 5866 3212 5907 eam
3258 5853 3635 5910 ostenderint:
