4012 6280
418 332 528 388 459

1203 336 1261 392 S.
1300 333 1577 391 JOAi‘iNlS
1612 330 2082 387 CHRYSOSTOMI
2122 330 2441 387 ARCHIEP.
2480 334 3010 396 CONSTANTINOP.

415 450 518 506 hoe
536 458 736 517 autem,
762 450 904 518 Quid
927 459 996 506 est
1025 451 1212 505 homo?
1235 447 1433 504 dictum
1460 456 1543 504 est
1560 446 1628 503 de
1649 456 1856 502 natura.
1887 444 1999 500 hla-

414 557 518 614 gna
549 552 632 598 est
662 543 892 598 hominis
915 545 1170 598 natura‘:
1205 557 1392 611 magna
1420 539 1659 612 quidem,
1699 538 1793 594 sed
1833 539 1878 593 si
1908 553 1997 593 re-

3598 349 3708 408 460

2117 459 2208 498 nes
2233 444 2493 499 hominum
2520 448 2730 514 timidis,
2756 460 2803 505 et
2825 451 3004 507 labiles
3021 453 3327 509 inventiones
3346 471 3523 510 eorum
3543 457 3703 530 (Sap.

2115 531 2169 588 9.
2211 533 2290 603 5).
2321 534 2457 602 Quid
2484 546 2556 590 est
2583 541 2749 604 homo,
2783 541 2902 609 quia
2943 542 3204 599 innotuisti
3243 546 3332 600 ei!
3357 547 3534 606 Mente
3560 551 3705 623 agita
3800 551 3810 560 “

408 634 609 703 spici”
636 636 1017 704 cognitionem,
1049 649 1150 705 qua
1183 633 1376 688 donata
1421 633 1541 700 fuit,
1581 631 1736 712 longe
1773 640 1856 686 est
1897 630 1996 686 hac
2108 625 2368 681 infinitam
2401 627 2544 682 illam
2571 633 3021 702 magnitudinem;
3045 636 3152 691 imo
3181 653 3309 695 vero
3337 655 3405 696 ne
3425 656 3548 698 cum
3575 658 3698 700 eum

410 723 653 781 inferior.

481 817 848 872 ereticorum
871 819 1220 889 prtesuniptio.
1260 816 1426 871 Deum
1446 833 1550 872 esse
1576 825 1632 870 ut
1650 815 1991 869 didicerimus.

409 910 708 964 Substontia
737 910 832 963 Dci
861 911 1004 964 nobis
1035 908 1538 978 ignota.—Audiant
1564 907 1799 963 hmretici
1819 922 1877 962 se
1891 905 1993 960 hoc

406 1002 584 1055 lurore
615 1016 735 1056 esse
763 1001 1008 1070 percitos,
1032 999 1156 1053 dum
1177 999 1258 1054 sui
1280 998 1498 1053 modum
1525 997 1804 1060 excedunt,
1823 1004 1878 1050 et
1901 1012 1994 1050 ex-

407 1104 570 1146 trema
600 1092 843 1146 laborare
873 1091 1168 1153 inscientia,
1188 1090 1312 1145 dum
1331 1089 1513 1144 dicunt
1531 1104 1589 1144 se
1614 1103 1675 1144 ea
1695 1089 1854 1154 scire,
1872 1099 1990 1156 qua:

403 1193 528 1236 sunt
561 1183 688 1251 ipsis
715 1183 987 1252 superiora
1015 1181 1116 1253 (a).
1147 1183 1328 1237 Potest
1353 1181 1496 1236 enim
1517 1195 1639 1236 esse
1660 1180 1917 1252 ignoratio
1935 1179 1986 1232 in

401 1273 726 1343 cognitione,
755 1285 808 1327 et
847 1273 898 1327 in
930 1272 1261 1342 ignoratione
1305 1272 1569 1342 cognitio:
1598 1279 1652 1326 et
1681 1270 1724 1324 si
1751 1272 1851 1335 vis,
1885 1270 1988 1325 hoc

401 1368 574 1433 ipsum
623 1367 880 1434 agitemus
910 1366 962 1418 in
992 1363 1151 1419 rebus
1179 1363 1485 1419 sensilibus.
1516 1362 1610 1416 Dic
1654 1360 1780 1415 mihi
1821 1361 1983 1424 enim,

397 1457 443 1509 si
475 1457 591 1526 quis
621 1457 759 1511 dicat
785 1471 844 1510 se
870 1470 1029 1526 posse
1054 1470 1204 1510 mare
1232 1454 1428 1516 metiri.
1466 1462 1522 1508 et
1549 1452 1691 1508 scire
1730 1461 1858 1521 quot
1889 1449 1987 1503 ha-

400 1551 520 1604 heat
538 1550 757 1620 cyathos
781 1566 796 1602 :
820 1564 998 1604 annon
1018 1557 1103 1604 est
1129 1548 1214 1602 hic
1243 1547 1474 1602 maxime
1502 1545 1592 1616 qui
1620 1545 1828 1616 ignorat
1856 1542 1984 1614 quid

394 1641 464 1694 sit
489 1641 673 1695 mare?
699 1640 798 1707 Qui
825 1649 1004 1696 autem
1025 1638 1155 1695 dicit
1182 1654 1242 1694 se
1266 1637 1495 1704 nescire,
1541 1636 1635 1692 sed
1665 1636 1857 1692 asserit
1883 1651 1983 1689 nu-

395 1746 600 1785 merum
630 1730 746 1801 ejus
768 1745 888 1786 esse
914 1731 1216 1787 inﬁnitum:
1244 1731 1291 1785 is
1317 1741 1400 1785 est
1423 1728 1512 1800 qui
1538 1729 1768 1783 maxime
1781 1741 1982 1798 cogno-

390 1822 464 1876 vit
496 1821 626 1892 quid
645 1823 715 1876 sit
741 1837 910 1877 mare.
936 1821 1090 1889 Quod
1117 1821 1162 1876 si
1188 1821 1308 1891 quis
1335 1821 1404 1875 de
1432 1821 1538 1875 Deo
1565 1819 1779 1884 dixerit,
1814 1820 1980 1874 Deum

392 1911 523 1978 vidi,
554 1920 608 1967 ct
627 1912 761 1967 meis
782 1912 951 1967 oculis
979 1911 1328 1983 apprehendi,
1354 1926 1533 1966 annon
1563 1921 1648 1968 est
1672 1913 1718 1966 is
1746 1912 1836 1982 qui
1863 1925 1980 1966 ma-

391 2006 536 2061 xime
563 2007 729 2061 Deum
753 2022 856 2060 non
883 2007 1052 2074 novit,
1082 2006 1171 2076 qui
1196 2020 1339 2071 eum,
1361 2005 1452 2076 qui
1470 2005 1568 2060 sub
1583 2014 1853 2076 aspectum
1873 2019 1978 2059 non

390 2097 556 2158 cadit,
587 2097 715 2151 dicit
743 2112 864 2153 esse
891 2097 1292 2168 aspectabilem,
1330 2107 1384 2152 et
1415 2096 1467 2151 in
1491 2096 1853 2152 additamento
1883 2111 1980 2151 co-

384 2190 644 2259 gnitionis
687 2205 805 2245 eam
844 2205 1075 2260 quoque,
1103 2204 1224 2259 qure
1265 2188 1448 2244 haberi
1479 2197 1670 2258 potest,
1702 2188 1894 2258 eripit?
1919 2186 1977 2242 Si

385 2283 506 2354 quis
525 2295 702 2338 autem
729 2282 920 2338 dixerit
949 2297 1070 2338 eum
1101 2282 1206 2337 sub
1228 2282 1398 2336 visum
1430 2297 1535 2335 non
1561 2281 1775 2343 cadere,
1804 2288 1861 2336 et
1881 2295 1976 2336 ne-

377 2376 586 2431 minem
614 2390 735 2430 eum
764 2375 947 2430 videre
975 2389 1152 2445 posse,
1181 2388 1358 2428 annon
1389 2373 1432 2428 is
1461 2382 1543 2428 est
1570 2373 1659 2443 qui
1681 2373 1781 2428 scit
1807 2371 1976 2426 maxi-

369 2467 509 2522 me?
533 2467 668 2534 Quid
697 2476 874 2522 autem
906 2467 952 2521 si
977 2467 1094 2537 quis
1113 2465 1307 2521 dixerit
1327 2481 1447 2521 eum
1469 2465 1849 2535 comprehendi
1867 2481 1973 2521 non

377 2573 564 2628 posse,
587 2559 723 2614 alius
747 2573 876 2613 vero
899 2557 1276 2628 comprehendi
1299 2575 1312 2612 :
1336 2573 1518 2613 annon
1538 2568 1621 2613 cst
1646 2557 1732 2613 hic
1759 2558 1972 2628 quidem

379 2651 472 2720 qui
507 2651 732 2719 ignorat,
762 2650 850 2705 ille
877 2665 1006 2704 vero
1031 2649 1120 2719 qui
1142 2650 1323 2704 novit?
1352 2653 1544 2704 Annon
1573 2645 1722 2705 vides
1750 2649 1970 2704 Paulum

379 2756 594 2811 «pioque
624 2741 723 2796 hac
750 2742 832 2794 via
865 2741 1087 2811 ingredi,
1122 2751 1177 2796 et
1200 2741 1396 2807 dicere,
1440 2739 1525 2794 Ex
1552 2753 1694 2811 parte
1720 2742 1974 2813 cognosci-

379 2849 514 2898 mus,
543 2842 588 2887 et
614 2849 682 2888 ea:
703 2842 845 2904 parte
873 2835 1232 2904 prophetamus
1274 2833 1351 2905 (Ι.
1388 2831 1508 2889 Cor.
1542 2835 1627 2890 15.
1661 2834 1753 2905 9)?
1777 2834 1969 2890 Consi-

381 2926 509 2980 dera
547 2935 680 2995 quot
717 2933 776 2980 et
813 2935 1010 2996 quanta
1051 2926 1186 2980 facta
1221 2934 1365 2992 sunt,
1397 2935 1456 2981 ut
1480 2926 1826 2994 disceremus,
1861 2943 1969 2984 non

379 3025 499 3088 qua:
526 3019 598 3072 sit
625 3019 718 3072 Dei
753 3018 1072 3083 substantia,
1099 3016 1194 3072 sed
1224 3018 1366 3089 quod
1404 3019 1474 3074 sit
1512 3018 1673 3074 Deus.
1704 3017 1817 3075 Hoc
1839 3033 1972 3090 ergo

380 3107 576 3162 Paulus
596 3123 808 3178 quoque
836 3108 1001 3163 dicit:
1026 3105 1240 3163 Credere
1261 3108 1402 3164 enim
1432 3118 1647 3180 oportet,
1674 3110 1866 3181 inquit,
1884 3126 1970 3166 ac-

379 3202 632 3255 scdtntem
661 3203 729 3255 ad
756 3201 941 3267 Deum,
973 3202 1092 3270 quia
1130 3213 1204 3256 est
1234 3200 1418 3276 (Hebr.
1459 3203 1547 3258 il.
1575 3203 1651 3274 θ).
1681 3203 1818 3258 Eum
1844 3204 1966 3260 uni-

380 3308 532 3346 versa
553 3293 804 3361 prmdicat
821 3303 1066 3348 creatura
1091 3293 1201 3363 (Ea:
1220 3293 1566 3364 magnitudine
1588 3294 1751 3360 enim,
1773 3294 1964 3366 inquit,

367 3395 423 3437 et
449 3384 822 3455 pulchritudine
839 3396 1188 3439 creaturarum
1219 3403 1310 3454 per
1329 3387 1704 3457 preportionem
1735 3388 1967 3442 conside-

378 3487 522 3528 ratur
550 3475 757 3530 Creator
785 3475 937 3548 [δαν.
966 3478 1053 3531 t5.
1081 3475 1200 3550 5]),
1231 3477 1343 3545 ipsa
1377 3477 1607 3533 hominis
1630 3479 1962 3544 constitutio,

379 3567 613 3622 honores
643 3569 790 3638 quia
839 3568 951 3622 Deo
999 3567 1108 3623 dati
1157 3577 1303 3636 sunt,
1352 3571 1630 3640 supplicia,
1681 3571 1960 3638 beneﬁcia,

363 3659 520 3714 .varia
557 3660 608 3714 in
636 3675 701 3714 eo
731 3659 964 3730 regendo
997 3662 1239 3730 consilia,
1282 3677 1404 3732 qum
1441 3662 1692 3733 praedicta
1717 3673 1842 3720 sunt
1868 3680 1964 3736 per

377 3751 686 3822 ptuphetas,
717 3752 926 3808 diversa
951 3754 1228 3809 miracula.
1252 3754 1380 3810 Post
1395 3755 1509 3811 hac
1535 3757 1679 3812 venit
1702 3755 1815 3828 ipse
1831 3757 1964 3814 Uni-

374 3844 606 3912 genitus,
637 3851 689 3898 et
714 3843 1082 3900 admirabilem
1126 3845 1270 3899 illam
1314 3856 1368 3901 et
1405 3847 1721 3918 stupendam
1759 3850 1964 3920 peregit

375 3934 751 3991 economiam.
783 3935 852 3990 Et
878 3945 1053 3992 tamen
1083 3945 1207 3992 sunt
1234 3938 1495 4004 nonnulli,
1515 3937 1604 4008 qui
1630 3937 1770 4010 quod
1795 3941 1965 3996 mani-

377 4027 569 4083 festum
598 4036 676 4083 est
706 4027 941 4083 nondum
984 4028 1318 4086 didicerunt:
1355 4038 1410 4086 et
1439 4039 1493 4085 tu
1529 4031 1663 4086 dicis
1712 4041 1764 4087 te
1805 4045 1964 4102 posse

375 4119 587 4188 propria
618 4119 832 4176 ratione
869 4121 1345 4190 comprehendere,
1397 4139 1628 4193 quanam
1655 4124 1700 4180 is
1728 4125 1800 4181 sit
1826 4126 1958 4183 sub-

375 4211 602 4264 stantia?
633 4213 798 4268 Deum
827 4229 974 4284 ergo,
1006 4215 1195 4285 inquit,
1228 4215 1475 4285 ignoras?
1499 4217 1685 4283 Absit;
1717 4218 1811 4274 sed
1835 4235 1960 4275 eum

373 4301 589 4370 quidem
617 4315 736 4358 esse
780 4303 926 4358 scio:
955 4305 1070 4359 scio
1105 4319 1228 4360 esse
1267 4306 1603 4371 clementem.
1644 4307 1865 4376 bonum,
1909 4321 1964 4367 et

355 4391 796 4455 misericordem,
847 4395 1236 4464 providentem,
1281 4405 1336 4450 et
1375 4397 1613 4452 omnium
1660 4413 1840 4453 curam
1871 4414 1964 4472 ge-

347 4487 602 4544 rentem,
634 4489 687 4536 et
707 4496 1055 4553 quiscumque
1074 4484 1174 4540 alia
1202 4484 1787 4558 dixeruntScripturze:
1810 4487 1965 4559 quid-

344 4603 350 4616 .
378 4586 501 4626 nam
527 4570 598 4624 sit
623 4572 1108 4628 autemsubstantia
1135 4574 1254 4642 Dei,
1272 4593 1378 4632 non
1395 4578 1539 4632 novi.
1567 4579 1738 4633 Adam
1752 4596 1963 4652 quoque

377 4661 660 4731 putavitse
697 4676 855 4730 posse
893 4664 1010 4734 plus
1052 4665 1312 4733 invenire,
1345 4683 1630 4738 persuasus
1655 4685 1687 4726 a
1716 4669 1959 4740 diabolo;

373 4763 431 4811 et
459 4751 515 4810 id
537 4753 698 4810 etim
743 4754 888 4825 quod
929 4756 1131 4822 habuit,
1163 4758 1414 4830 perdidit.
1461 4761 1613 4829 Quod
1641 4763 1726 4820 his
1749 4780 1962 4837 quoque

373 4846 578 4915 evenit,
605 4845 736 4902 dum
757 4846 1028 4904 duom
1052 4848 1301 4906 humanis
1322 4853 1640 4921 rationibus,
1667 4867 1839 4914 etnon
1862 4875 1959 4914 au-

371 4939 538 4998 diunt.
566 4938 850 4996 Doruiruim
873 4938 1003 4996 dare
1029 4941 1366 5011 sapientiam,
1395 4952 1455 4998 et
1474 4960 1504 4998 a
1533 4945 1666 5002 facie
1702 4948 1820 5018 ejus
1844 4965 1963 5006 esse

339 5065 342 5068 ι
373 5032 650 5090 scientiam
675 5040 733 5088 et
757 5032 1163 5104 intelligentiam
1196 5033 1375 5102 (diros.
1407 5036 1462 5089 2.
1493 5037 1570 5107 ϐ).
1598 5037 1711 5092 Non
1741 5041 1964 5098 audiunt

372 5123 600 5182 Paulum
621 5125 911 5190 dicetem,
933 5124 1035 5180 Per
1056 5125 1306 5195 Spiritum
1328 5129 1721 5186 recelasitnobis
1745 5132 1790 5202 (Ι
1806 5171 1820 5186 .
1841 5133 1958 5188 Cor.

374 5218 430 5274 ἢ.
456 5218 567 5290 ιο),
595 5227 651 5272 et
678 5219 914 5274 rationes
935 5219 1314 5288 exponentem.
1343 5220 1604 5286 Rationes,
1647 5223 1837 5294 inquit,
1869 5226 1961 5280 de-

372 5324 641 5380 struentes,
667 5324 718 5369 et
751 5331 948 5370 attinent
976 5314 1312 5381 altitudinem,
1351 5331 1465 5386 qme
1489 5317 1698 5387 erigitur
1724 5319 1962 5374 adversus

337 5453 344 5456 .
374 5408 633 5464 uiantium
664 5405 761 5462 Dei
788 5407 866 5480 (2.
892 5406 1010 5464 Cor.
1043 5408 1130 5464 10.
1155 5408 1237 5482 5).
1268 5409 1336 5464 Et
1361 5410 1496 5465 alius
1519 5413 1755 5482 sapiens,
1784 5414 1965 5470 Ratio-

451 5525 466 5553 ί
497 5525 784 5592 (ςτςεειτιηιεαὶ
807 5526 898 5584 μὴν
919 5526 998 5572 καὶ
1021 5528 1057 5592 ἡ,
1076 5526 1220 5592 φὺςξις-
1239 5530 1436 5592 μεγάλη,
1465 5529 1802 5592 interrogandi
1826 5546 1964 5581 more

391 5583 659 5657 μστνειιιις,
684 5583 924 5657 linguaue
945 5592 1016 5636 est
1037 5583 1248 5657 hominis
1267 5583 1444 5640 niitnra
1462 5589 1495 5640 ἔτ
1523 5583 1708 5642 νει-ιιῖη
1735 5591 1813 5641 hic
1852 5597 1963 5644 nul-

391 5644 486 5691 lam
509 5657 624 5712 esse
651 5644 786 5706 putu'
813 5644 1269 5712 interrogationem.

341 5729 343 5732 -
397 5764 425 5770 ι
456 5705 526 5770 tu)
559 5705 814 5770 Hic’_notat
839 5705 1119 5770 Anomiios,
1149 5709 1233 5770 qui
1258 5713 1486 5764 dicebant
1511 5729 1564 5765 se
1599 5731 1743 5766 nosse
1780 5716 1961 5769 Filium

345 5809 347 5811 _
394 5764 486 5815 Dei
506 5767 712 5827 perinde
737 5772 892 5829 atque
911 5768 1018 5830 ipse
1044 5764 1273 5821 sent-ivit.

2107 717 2320 786 quidem
2357 716 2497 786 dico,
2540 719 2732 792 loquor
2778 739 2876 794 pro
2918 725 3010 780 Dei
3054 726 3344 796 dignitate;
3387 733 3483 788 sed
3515 738 3704 790 nescio

2101 808 2370 878 quomodo
2399 810 2586 880 loquar
2604 831 2617 867 :
2645 829 2819 884 neque
2838 815 2979 870 enim
2999 818 3043 870 si
3070 819 3491 889 magnitudinem
3516 824 3574 878 in
3586 825 3703 880 Deo

2099 900 2361 967 dicamus,
2392 904 2607 973 preprie
2635 905 2921 976 loquimur.
2947 907 3052 965 Sed
3078 912 3329 981 quoniam
3357 930 3464 968 non
3495 932 3700 985 possu-

2099 1007 2220 1046 mus
2247 993 2404 1048 aliter
2427 993 2592 1064 loqui,
2635 995 2700 1050 iis
2739 997 2920 1052 verbis
2952 1000 3143 1069 quibus
3182 1000 3333 1058 licuit
3372 1019 3502 1060 usus
3545 1021 3696 1062 sum.

2095 1081 2228 1138 Nam
2253 1099 2376 1138 eum
2403 1099 2526 1140 eum
2542 1101 2754 1156 quoque
2778 1103 2911 1143 voco
2927 1090 3279 1160 Altissimum,
3303 1109 3410 1149 non
3426 1110 3548 1151 eum
3571 1098 3697 1154 loco

2093 1175 2512 1230 circumscribe:
2542 1178 2636 1232 sed
2663 1178 2778 1247 ejus
2807 1189 3012 1235 natura:
3051 1183 3387 1240 altitudinem
3429 1195 3486 1241 et
3529 1189 3696 1259 maje-

2094 1274 2305 1334 statem,
2357 1283 2475 1338 quae
2517 1270 2710 1341 ubique
2739 1271 2928 1328 ditl‘usa
2958 1283 3060 1340 est,
3100 1283 3157 1331 et
3198 1280 3375 1332 omnia
3417 1282 3690 1350 pervadit,

2091 1359 2342 1414 ostendo.
2374 1359 2442 1414 Et
2473 1360 2592 1416 ideo
2619 1361 2767 1427 dicit,
2803 1364 2940 1428 Quid
2967 1374 3042 1420 est
3076 1366 3247 1434 homo,
3278 1370 3397 1439 quia
3422 1371 3693 1427 innotuiin

2089 1450 2177 1504 ei?
2201 1450 2488 1520 Propterea
2533 1453 2676 1508 enim
2716 1470 2838 1509 eum
2881 1471 3094 1528 quoque
3140 1459 3267 1515 fecit
3309 1460 3588 1531 humilem,
3630 1476 3691 1521 et

2089 1556 2280 1612 magna
2310 1542 2359 1597 ei
2390 1543 2608 1614 largitus
2629 1553 2730 1607 est,
2763 1560 2832 1601 ne
2855 1549 3229 1617 extolleretur,
3258 1567 3377 1606 cum
3405 1564 3463 1608 ut
3482 1571 3541 1611 se
3561 1571 3688 1611 mo-

2089 1633 2273 1690 derate
2301 1643 2471 1704 gerat,
2500 1651 2744 1708 magnam
2772 1640 3147 1697 necessitatem
3169 1642 3355 1699 alierat
3381 1655 3586 1703 natura:
3602 1649 3686 1704 vi-

2087 1723 2229 1780 litas.
2275 1725 2378 1780 Aut
2406 1728 2545 1796 [ilius
2594 1728 2830 1798 hominis,
2870 1732 2989 1801 quia
3029 1744 3233 1804 reputas
3282 1739 3442 1794 eum?
3485 1739 3684 1798 Vidisti

2086 1825 2278 1887 quanta
2303 1818 2372 1872 sit
2399 1820 2492 1873 Dei
2521 1828 2726 1876 natura:
2756 1824 3045 1891 majestas?
3088 1826 3143 1880 4.
3175 1825 3343 1882 Homo
3369 1831 3583 1886 vanitati
3606 1834 3684 1887 si-

2085 1909 2222 1962 milis
2251 1913 2414 1979 factus
2442 1920 2534 1965 est.
2562 1913 2713 1967 Alius
2739 1922 2917 1969 autem
2939 1914 3227 1987 interpres,
3259 1918 3502 1988 Vanitati,
3521 1923 3681 1990 dixit,

2091 1997 2301 2070 Vapori.
2329 2000 2470 2056 Nihil
2509 2010 2687 2058 autem
2731 2005 2993 2074 signiﬁcat
3032 2007 3196 2074 aliud,
3240 2007 3483 2080 Vanitati,
3515 2027 3681 2083 quam

2083 2104 2205 2145 eum
2235 2104 2356 2147 esse
2381 2091 2662 2160 caducum,
2695 2102 3121 2164 temporaneum,
3152 2105 3210 2152 et
3233 2098 3356 2154 vitae
3385 2101 3588 2158 brevis.
3621 2103 3678 2160 In

2082 2179 2184 2236 hoc
2209 2181 2328 2236 loco
2357 2192 2612 2238 tractatur
2637 2183 2706 2239 de
2731 2199 2978 2254 corpore.
3009 2187 3074 2241 Et
3099 2186 3222 2244 ideo
3246 2189 3458 2246 dicebat
3499 2194 3680 2248 Abra-

2080 2271 2226 2339 ham,
2256 2273 2370 2344 Ego
2412 2285 2580 2330 autem
2615 2285 2748 2330 terra
2777 2288 2826 2331 et
2854 2279 2982 2333 cinis
3025 2279 3175 2348 (Gen.
3213 2282 3302 2338 18.
3341 2282 3467 2356 27);
3511 2285 3680 2343 Isaias

2079 2373 2280 2430 autem,
2310 2364 2488 2420 Omnis
2506 2380 2626 2420 caro
2647 2371 2859 2438 fanum,
2883 2380 2931 2423 et
2950 2369 3116 2442 gloria
3132 2373 3240 2443 ejus
3263 2376 3409 2445 quasi
3431 2376 3534 2445 ﬂos
3551 2377 3680 2446 {teni

2082 2454 2234 2528 (Isai.
2265 2456 2353 2512 ιο.
2387 2457 2465 2528 6).
2495 2457 2634 2526 Quid
2659 2468 2739 2515 est
2767 2468 2970 2526 autem,
3026 2461 3252 2519 Vanitati
3292 2467 3474 2523 similis
3505 2471 3677 2540 factus

2077 2549 2190 2602 est?
2211 2549 2410 2626 Nihilo,
2437 2549 2641 2621 inquit:
2672 2566 2851 2608 rerum
2875 2554 3022 2610 enim
3051 2555 3401 2613 humanarum
3433 2560 3568 2614 nihil
3587 2571 3678 2618 est

2076 2639 2290 2695 ﬁrmum
2333 2655 2432 2695 nec
2474 2641 2684 2708 stabile,
2715 2643 2810 2699 sed
2838 2645 3020 2700 omnia
3051 2656 3329 2704 transeunt
3365 2659 3422 2706 et
3447 2660 3676 2720 prater-

2069 2740 2314 2785 currunt.
2344 2731 2466 2784 Dies
2494 2732 2604 2802 ejus
2627 2733 2756 2786 sicut
2784 2735 2962 2790 umbra
2986 2747 3322 2806 prtetereunt;
3350 2739 3454 2796 hoc
3466 2751 3569 2808 est,
3588 2741 3676 2801 Ne

2073 2821 2292 2890 quando
2318 2822 2534 2892 quidem
2561 2823 2774 2890 adsunt,
2806 2825 2969 2882 ullam
3010 2829 3120 2884 vim
3145 2828 3364 2900 habent,
3405 2831 3503 2888 sed
3526 2835 3676 2891 cele-

2071 2914 2206 2972 riter
2221 2915 2456 2970 avolant.

2143 3007 2198 3063 3.
2230 3005 2284 3062 id
2316 3018 2494 3063 autem
2531 3007 2814 3065 considera
2841 3009 2894 3066 in
2929 3011 3094 3068 rebus
3122 3013 3275 3084 ipsis,
3312 3029 3410 3072 eos
3443 3020 3587 3088 apud
3614 3028 3674 3076 te

2070 3099 2333 3169 cogitans,
2383 3101 2477 3168 qui
2512 3109 2636 3156 sunt
2666 3104 2984 3160 auctoritate
3020 3105 3252 3176 praditi,
3280 3108 3372 3180 qui
3415 3110 3670 3167 curribus

2070 3190 2358 3259 vehuntur,
2385 3192 2478 3263 qui
2518 3193 2863 3265 magistratus
2885 3206 3101 3269 gerunt,
3151 3201 3244 3272 qui
3287 3201 3343 3256 in
3385 3215 3667 3258 carcerem

2065 3281 2380 3351 conjiciunt,
2410 3292 2465 3338 et
2488 3282 2668 3356 ﬂagris
2690 3287 2929 3342 caedunt.
2957 3288 3094 3358 Quid
3120 3291 3263 3346 enim
3280 3291 3354 3346 illi
3378 3292 3448 3347 ab
3473 3293 3670 3348 umbra

2067 3372 2342 3442 diﬂerunt,
2371 3389 2478 3430 non
2499 3376 2678 3432 solum
2695 3384 2939 3450 tempore
2981 3381 3171 3437 mortis
3192 3423 3210 3448 ,
3239 3382 3333 3438 sed
3358 3383 3519 3439 etiam
3536 3393 3674 3441 ante

2069 3465 2340 3520 mortem?
2384 3466 2611 3534 Quando
2639 3470 2783 3524 enim
2811 3472 3152 3542 magistratus
3175 3475 3541 3546 deposuerint,
3569 3474 3670 3533 Ia

2069 3558 2252 3612 omnia
2294 3559 2520 3613 omnino
2548 3571 2782 3630 pereunt
2816 3572 2873 3620 et
2895 3565 3153 3622 avolant:
3180 3582 3268 3624 res
3297 3578 3480 3625 autem
3513 3583 3663 3626 vera

2069 3659 2195 3705 sunt
2220 3660 2504 3721 postquam
2530 3652 2657 3710 hius
2681 3657 3072 3715 execsserimus
3100 3676 3125 3715 ετ
3142 3674 3266 3716 vera
3293 3670 3420 3718 tunc
3455 3661 3662 3719 redde-

2070 3748 2156 3795 tur
2178 3741 2339 3808 ratio,
2371 3757 2497 3798 vera
2524 3754 2685 3800 erunt
2707 3748 2988 3818 supplicia,
3017 3758 3074 3806 et
3097 3751 3238 3807 bona
3267 3752 3520 3809 similiter
3549 3771 3568 3810 :
3602 3763 3664 3813 et

2063 3833 2227 3904 judex
2255 3844 2343 3892 est
2377 3839 2468 3908 qui
2513 3838 2738 3896 minium
2773 3839 2887 3898 falli
2931 3851 3130 3913 potest.
3169 3845 3301 3913 Qua:
3344 3856 3529 3903 autem
3572 3847 3670 3906 his

2069 3927 2222 3993 ﬁunt,
2253 3936 2378 3984 sunt
2405 3929 2599 3985 similia
2630 3932 2818 4002 pueris
2832 3931 3164 3992 ludentibus.
3188 3936 3289 4005 Qui
3320 3937 3466 3993 enim
3493 3937 3661 3995 hodie

2062 4018 2286 4087 judieat,
2313 4019 2402 4076 die
2429 4021 2666 4078 crastino
2687 4023 2977 4093 judicatur,
3001 4027 3293 4098 densisque
3316 4036 3374 4083 et
3399 4028 3664 4099 frequen-

2067 4119 2148 4165 tes
2169 4119 2294 4165 sunt
2322 4126 2502 4167 rerum
2533 4115 2876 4180 mutationes,
2894 4127 2949 4171 et
2978 4117 3268 4189 inmquales
3298 4120 3577 4175 transitus.
3603 4121 3661 4176 5.

2066 4201 2304 4269 Domine,
2331 4204 2526 4260 inclina
2547 4205 2699 4261 calas
2721 4217 2853 4276 tuos,
2883 4218 2934 4262 et
2948 4209 3210 4266 descende.
3244 4209 3422 4284 Tange
3439 4222 3665 4280 montes,

2065 4302 2116 4349 et
2144 4296 2485 4366 rumigabam.
2518 4298 2689 4367 Alius,
2720 4298 2848 4356 Cum
2869 4302 3127 4358 inclinasti
3158 4305 3310 4361 oculos
3334 4317 3470 4374 tuos,
3493 4316 3542 4363 et
3567 4307 3666 4364 ds-

2065 4383 2322 4448 scendisti,
2345 4396 2393 4440 et
2417 4387 2618 4458 tetigisti
2644 4399 2858 4456 montes,
2905 4393 3283 4466 fumigarerunt
3303 4396 3402 4469 (a).
3431 4399 3498 4453 Et
3517 4413 3665 4469 qum-

2066 4490 2188 4530 nam
2199 4483 2281 4531 est
2294 4475 2413 4534 haec
2422 4478 2703 4536 verborum
2715 4485 2881 4538 series
2891 4483 2918 4537 ν
2930 4483 3113 4556 Magna
3126 4495 3291 4554 cene,
3305 4495 3359 4544 et
3370 4489 3666 4560 quaevalde

2065 4564 2306 4622 cohaeret
2330 4569 2619 4636 prioribus.
2646 4571 2908 4640 Quoniam
2939 4574 3081 4630 enim
3111 4575 3180 4632 de
3196 4578 3402 4635 vilitate
3417 4579 3657 4635 humana

2068 4658 2322 4729 loquutus
2361 4670 2466 4726 est,
2498 4669 2555 4718 et
2577 4664 2813 4720 ostendit
2838 4681 2997 4737 quam
3025 4668 3096 4724 sit
3124 4678 3314 4726 natura
3336 4672 3491 4727 nihili
3519 4689 3533 4726 :
3567 4672 3662 4729 Isis

2067 4766 2254 4806 rursus
2276 4751 2516 4808 refrenat
2550 4769 2616 4810 ac
2655 4757 2901 4827 reprimit
2920 4759 3247 4818 tumidorum
3291 4765 3663 4839 arrogantiam

2068 4856 2168 4911 per
2183 4858 2249 4898 ea
2262 4857 2384 4914 qua:
2396 4844 2690 4916 subiunxit,
2713 4847 2815 4904 hoc
2835 4853 3221 4921 propemodum
3241 4853 3456 4912 dicens:
3479 4856 3664 4928 Opor-

2067 4933 2217 4988 tebat
2239 4933 2457 5004 quidem
2483 4936 2629 5006 ipsos
2653 4953 2722 4994 ex
2747 4941 2938 5018 seipsis
2963 4943 3271 5014 perspicere
3293 4957 3502 5004 natura
3529 4951 3662 5006 vili-

2069 5034 2256 5090 tatem,
2285 5033 2340 5081 et
2366 5041 2476 5083 non
2493 5028 2594 5082 sibi
2637 5029 2851 5099 placere
2873 5073 2888 5097 ,
2933 5048 3264 5106 magnosque
3301 5038 3522 5108 spiritus
3571 5058 3669 5095 su-

2069 5133 2250 5170 mere:
2279 5117 2387 5172 sed
2420 5120 2670 5187 quoniam
2702 5123 2889 5178 nolunt
2908 5167 2924 5189 ,
2951 5139 3015 5180 ex
3043 5125 3196 5182 iactis
3218 5130 3323 5184 tuis
3346 5131 3573 5187 ostende
3595 5133 3666 5189 ad

2068 5217 2323 5278 quantam
2354 5207 2711 5265 humilitatem
2733 5228 2819 5268 res
2847 5231 3033 5270 eorum
3063 5218 3340 5273 redierint.

2141 5301 2290 5356 Deus
2311 5303 2564 5368 quomodo
2591 5304 2789 5358 dicatur
2829 5306 3129 5363 descendere
3150 5318 3194 5363 et
3215 5319 3440 5382 tangere.
3473 5312 3664 5367 Manus

2073 5391 2168 5446 Dei
2186 5392 2327 5463 quid.
2350 5393 2524 5448 Alieni
2537 5395 2632 5462 ﬁlii
2651 5397 2739 5465 qui
2759 5408 2894 5452 sunt.
2913 5429 2983 5439 —-
2999 5399 3215 5454 Domine
3233 5442 3249 5466 ,
3292 5403 3484 5458 inclina
3512 5405 3663 5459 celos

2071 5495 2204 5547 tuos,
2237 5495 2283 5539 et
2327 5487 2590 5541 descende.
2635 5487 2747 5544 Hoc
2789 5490 2937 5556 dicit,
2968 5508 3072 5546 non
3099 5494 3241 5563 quod
3268 5494 3410 5551 Deus
3435 5497 3662 5553 descen-

2069 5576 2160 5630 dat
2191 5595 2202 5629 :
2229 5577 2499 5646 quomodo
2523 5579 2666 5633 enim
2695 5579 3065 5650 descenderet,
3096 5586 3185 5653 qui
3209 5587 3406 5657 ubique
3420 5604 3660 5658 presens

2071 5668 2196 5722 est?
2243 5670 2336 5722 sed
2396 5678 2456 5722 ut
2512 5684 2606 5740 per
2673 5670 2975 5740 hujusmodi
3033 5675 3292 5731 humanas
3356 5678 3661 5747 dictiones.

2035 5814 2037 5816 ·
2135 5799 2206 5864 (τι)
2243 5807 2356 5851 meo
2375 5801 2520 5852 lectio
2547 5803 2685 5866 cujus
2709 5806 2992 5870 interpretis
3010 5810 3071 5869 sit
3096 5811 3365 5876 ignoratus.
