4012 6280
328 382 426 438 itii

330 498 623 556 crassiores
679 495 950 549 auditores
997 500 1191 544 terreat
1226 489 1330 543 :de
1377 487 1458 542 his
1497 487 1730 538 humano
1761 500 1908 539 more

329 593 582 662 loquitur.
625 587 756 642 Nam
788 586 1139 640 contrectatio
1169 583 1268 635 etsi
1317 596 1564 651 magnum
1615 579 1738 649 quid
1787 595 1909 633 esse

327 684 569 746 videtur,
601 681 769 734 multo
802 687 950 734 certe
989 687 1071 732 est
1100 677 1190 732 Dei
1233 676 1490 744 dignitate
1521 673 1762 729 inferius.
1789 673 1906 727 Non

323 777 466 830 enim
499 787 634 843 opus
677 772 834 826 habet
864 772 1002 824 Deus
1046 768 1466 825 contrectatione
1495 768 1560 821 ad
1589 767 1640 821 id
1669 768 1907 822 efficiem

320 867 469 932 dum,
496 874 553 920 ut
580 873 787 918 montes
815 863 1089 932 fumigent,
1122 861 1230 915 imo
1256 875 1387 915 vero
1415 875 1482 915 ne
1505 868 1634 914 nutu
1663 860 1898 929 quidem,

320 960 411 1014 sed
439 959 666 1015 consilio
696 967 896 1011 tantum
930 967 983 1010 et
1011 957 1298 1009 voluntate.
1337 955 1618 1024 Postquam
1661 969 1789 1022 ergo
1815 953 1899 1006 di-

317 1054 394 1106 xit
420 1053 487 1106 de
515 1051 720 1104 vilitate
746 1049 997 1113 hominis,
1041 1049 1168 1103 dicit
1197 1049 1356 1103 etiam
1389 1049 1456 1102 de
1487 1048 1578 1102 Dei
1610 1049 1844 1117 potentia
1878 1088 1894 1112 ,

314 1145 490 1215 quoad
518 1146 634 1214 ejus
665 1153 836 1212 potest
865 1142 975 1196 fieri
1000 1143 1066 1193 ab
1093 1142 1310 1195 homine
1342 1159 1354 1194 :
1390 1157 1511 1195 nam
1541 1141 1656 1194 lucc
1681 1154 1896 1209 quoque

315 1238 470 1305 longe
500 1239 690 1290 absunt
719 1235 786 1287 ab
823 1235 907 1289 illa
939 1235 1234 1303 majestate.
1272 1234 1326 1286 6.
1381 1232 1611 1302 Fulgura
1655 1248 1894 1285 corusca-

311 1331 516 1393 tionem,
567 1339 611 1381 et
645 1327 910 1398 dissipabis
931 1344 1013 1380 eos
1048 1344 1066 1380 :
1108 1329 1273 1380 emitte
1300 1327 1507 1398 sagittas
1536 1335 1665 1388 tuas,
1698 1333 1744 1378 et
1771 1341 1893 1378 ran-

310 1418 534 1475 turbabis
575 1439 675 1474 eos.
710 1420 908 1489 Fulgur
936 1421 1019 1473 hic
1046 1429 1098 1473 et
1125 1421 1342 1488 Sagittas
1371 1434 1474 1472 non
1500 1417 1628 1472 dicit
1656 1417 1756 1471 hoc
1781 1416 1885 1470 ful-

305 1530 424 1584 gur,
459 1527 556 1566 nec
582 1511 676 1565 has
698 1513 914 1581 sagittas
935 1552 950 1575 ,
1012 1510 1105 1565 sed
1138 1511 1207 1564 ita
1236 1519 1389 1564 vocat
1415 1509 1692 1580 supplicia,
1729 1525 1796 1564 ex
1825 1509 1888 1562 iis

1443 361 1800 422 EXPOSITIO
1837 361 1902 418 IN
1941 357 2260 426 PSALEIUM
2295 371 2514 431 CXLIII.

3506 400 3614 454 M52

2025 483 2196 578 quivis
2226 484 2423 558 Scytha
2454 492 2711 548 barbarus
2736 513 2751 553 :
2777 496 2890 554 sive
2912 508 3088 556 autem
3123 506 3191 558 sit
3216 505 3434 578 Scytha,
3489 515 3606 568 sive

2019 570 2353 665 Sauromata,
2381 580 2627 649 dogmata
2649 594 2824 640 autem
2852 589 3005 657 plene
3022 601 3076 647 et
3101 570 3333 662 perfecte
3361 570 3597 665 sciverit.

2015 672 2069 716 et
2085 663 2310 734 idipsum
2333 671 2475 738 quod
2518 683 2571 726 tu
2595 675 2906 745 crediderit,
2922 695 2988 735 eo
3009 685 3099 752 qui
3122 687 3311 742 eodem
3337 699 3489 744 utero
3513 663 3596 750 est

2013 754 2208 821 editus,
2251 762 2321 814 sit
2365 762 2454 816 tibi
2486 766 2849 836 prepinquior,
2878 787 3046 842 eaque
3071 779 3278 834 ratione
3305 780 3592 842 barbarum

2010 859 2040 898 a
2064 863 2167 903 non
2199 850 2424 908 barbaro
2449 856 2832 927 discernamns,
2862 880 2967 918 non
3006 883 3071 922 ex
3113 870 3313 940 lingua,
3371 892 3471 931 nec
3517 895 3589 934 ex

2008 955 2238 1009 genere;
2265 947 2358 1001 sed
2397 963 2463 1002 ex
2495 951 2689 1016 anima,
2735 964 2789 1009 et
2831 971 2897 1010 ex
2943 962 3138 1015 mentis
3185 969 3472 1022 sententia.
3515 971 3588 1026 Ita

2008 1035 2152 1088 enim
2181 1038 2408 1093 maxime
2455 1040 2616 1096 homo
2643 1055 2756 1111 est,
2798 1051 3012 1117 quando
3054 1053 3209 1121 plene
3259 1067 3312 1110 et
3357 1061 3590 1128 perfecto

2007 1134 2152 1181 tenet
2179 1129 2425 1199 dogmata
2447 1173 2464 1198 ,
2494 1143 2549 1188 et
2575 1137 2735 1192 vitam
2763 1141 2910 1210 agit,
2932 1159 3052 1213 quze
3083 1149 3360 1218 sapientia:
3405 1155 3581 1210 studio

2002 1221 2302 1274 conveniat.

2071 1309 2124 1364 4.
2172 1310 2276 1366 Sed
2303 1314 2574 1373 videamus
2594 1318 2845 1393 deinceps
2868 1329 3136 1396 quomodo
3168 1333 3266 1390 hos
3291 1337 3580 1408 descripsit

1998 1397 2202 1453 alienos
2223 1408 2504 1474 prOpheta,
2536 1411 2720 1466 dicens
2751 1435 2763 1468 :
2800 1414 2957 1486 Eripe
2981 1436 3061 1474 me
3087 1423 3150 1476 de
3175 1441 3326 1480 manu
3353 1397 3577 1496 filiorum

1997 1491 2294 1558 alienorum,
2328 1497 2380 1550 8.
2408 1515 2617 1566 quorum
2633 1519 2687 1558 os
2709 1505 2970 1576 (aquatum
2989 1523 3060 1565 est
3079 1491 3366 1583 vanitatem,
3390 1532 3436 1574 et
3453 1524 3576 1578 dex-

1995 1590 2102 1635 tera
2130 1600 2300 1638 eorum
2338 1587 2542 1644 dextera
2584 1593 2882 1662 iniquitatis.
2928 1600 3117 1658 Vidisti
3146 1621 3403 1675 quosnam
3431 1612 3573 1667 dicat

305 1622 425 1676 qute
453 1605 563 1674 jam
594 1614 716 1658 nota
759 1614 905 1668 sunt,
933 1604 1262 1673 persuadens
1289 1605 1337 1659 ei
1366 1604 1453 1673 qui
1485 1606 1801 1660 contemnit.
1832 1612 1886 1656 et

302 1707 383 1750 est
407 1699 554 1764 piger
580 1711 640 1750 ac
667 1697 959 1766 negligens,
988 1705 1048 1749 ut
1079 1705 1272 1750 tremat
1295 1738 1310 1761 ,
1343 1705 1670 1759 revereatur,
1717 1710 1882 1763 seque

302 1790 545 1843 inclinet.
579 1789 633 1842 Si
666 1790 808 1843 enim
837 1788 1008 1858 fulgur
1045 1789 1168 1843 Ierri
1199 1803 1300 1841 non
1335 1797 1507 1858 potest
1535 1829 1550 1854 ,
1600 1787 1725 1842 licet
1774 1802 1880 1842 non

299 1883 543 1935 mittatur
563 1881 628 1933 ad
657 1881 992 1949 supplicium,
1026 1880 1068 1932 si
1101 1896 1249 1934 suam
1275 1880 1528 1949 puniendi
1561 1888 1877 1948 potestatem

298 1973 530 2026 voluerit
552 1987 788 2038 movere,
819 1973 936 2042 quis
963 1987 1078 2025 eam
1107 1972 1428 2026 sustinebit?
1458 1973 1547 2026 Dei
1576 1980 1753 2026 autem
1788 1987 1877 2024 sa-

292 2068 440 2137 gitta:
461 2076 585 2121 sunt
609 2077 804 2136 pestes,
833 2067 1018 2131 fames,
1047 2067 1274 2138 fulgura,
1307 2077 1361 2122 et
1397 2067 1705 2136 multiplicia
1749 2081 1877 2134 sup-

291 2162 574 2232 pliciorum
622 2177 818 2230 genera
875 2162 925 2214 7.
959 2160 1145 2214 Emitte
1194 2177 1400 2214 manum
1440 2170 1575 2214 tuam
1619 2161 1682 2213 de
1728 2159 1876 2213 alto:

289 2256 428 2326 eripe
453 2272 548 2318 me,
570 2265 616 2310 et
645 2254 800 2309 libera
824 2273 902 2310 me
926 2255 989 2309 de
1015 2256 1159 2326 aquis
1183 2256 1376 2320 multis,
1399 2265 1447 2310 et
1472 2256 1535 2308 de
1551 2271 1704 2308 manu
1731 2256 1870 2324 ﬁlio-

285 2363 402 2401 rum
433 2347 731 2403 alienorum.
762 2347 877 2402 Non
904 2349 1074 2403 solum
1119 2347 1260 2404 enim
1289 2352 1356 2405 ad
1388 2349 1707 2418 puniendum
1728 2392 1742 2416 ,
1776 2348 1869 2404 sed

284 2441 446 2495 etiam
472 2441 538 2496 ad
567 2442 989 2497 conservandum
1020 2453 1198 2511 parata
1230 2453 1312 2497 est
1346 2443 1435 2498 Dei
1472 2446 1727 2512 potentia.
1759 2443 1866 2498 Ma-

284 2549 412 2586 num
440 2542 616 2587 autem
633 2533 717 2588 hic
733 2535 1388 2604 vocatopem.auxilium:
1420 2546 1474 2591 et
1503 2536 1622 2592 ideo
1651 2554 1754 2592 non
1786 2539 1865 2592 di.

282 2626 383 2694 xit,
401 2626 662 2692 Extende,
681 2628 774 2683 sed
791 2627 1000 2694 Emitte,
1021 2628 1121 2684 hoc
1133 2627 1462 2700 signilieans:
1483 2631 1625 2703 quod
1641 2631 1684 2686 si
1702 2633 1860 2688 etiam

279 2719 472 2771 alicubi
496 2717 643 2782 dicit,
680 2719 940 2786 Extende,
974 2722 1112 2776 idem
1145 2738 1330 2776 rursus
1365 2725 1646 2794 signiﬁcat.
1683 2726 1861 2792 Aquas

279 2817 460 2861 autem
487 2809 800 2865 insolentem
825 2810 1054 2865 hostium
1093 2813 1463 2882 irruptionem,
1493 2814 1857 2881 etconl’usam,

285 2913 407 2968 qua:
432 2914 616 2970 magno
643 2901 841 2970 impetu
867 2901 1051 2956 fertur.
1082 2902 1234 2970 Quod
1281 2904 1422 2958 enim
1467 2904 1535 2959 de
1571 2906 1722 2975 aquis
1752 2923 1858 2961 non

283 2989 546 3060 Ibquatur,
597 2993 832 3048 ostendit
877 2993 928 3047 id
976 2995 1121 3064 quod
1148 2995 1486 3066 subjungitur
1513 3013 1526 3050 :
1557 2995 1633 3050 De
1658 3014 1812 3051 manu
1837 3039 1854 3064 ,

277 3085 472 3154 inquit,
500 3086 723 3152 ﬁliorum
751 3087 1052 3140 alienarum.
1098 3087 1319 3142 Alienos
1347 3097 1528 3144 autem
1561 3089 1698 3143 filios
1727 3091 1857 3144 mihi

267 3177 486 3232 videtur
515 3177 604 3232 hic
626 3177 808 3233 dicere
834 3193 948 3243 eos,
980 3180 1071 3249 qui
1114 3194 1145 3234 a
1175 3182 1402 3236 veritate
1448 3190 1574 3237 sunt
1614 3183 1852 3238 alienati.

269 3270 732 3337 Quemadmodum
755 3271 897 3326 enim
921 3271 1105 3328 ﬁdeles
1125 3275 1518 3331 necessitudine
1539 3276 1853 3346 coniunctos

261 3364 645 3418 existimamus
672 3372 728 3418 et
757 3364 970 3429 fratres,
1006 3366 1076 3419 ita
1117 3367 1279 3421 etiam
1307 3367 1530 3432 alienos,
1564 3369 1806 3426 infideles
1833 3388 1848 3426 :

267 3463 325 3509 et
349 3453 450 3508 hac
483 3457 714 3511 maxime
752 3458 962 3512 ratione
988 3459 1220 3514 alienum
1249 3475 1278 3513 a
1311 3461 1706 3516 necessitudine
1725 3477 1856 3517 con-

269 3544 453 3616 iuncto
477 3545 854 3603 discernimus.
883 3547 933 3604 ls
957 3549 1104 3605 enim
1134 3551 1264 3606 mihi
1312 3562 1395 3607 est
1444 3554 1771 3624 propinquus
1797 3563 1852 3610 et

273 3637 673 3694 necessitudine
722 3643 1060 3710 conjunctus,
1117 3647 1206 3714 qui
1255 3647 1501 3701 eumdem
1551 3653 1650 3701 subi
1689 3665 1848 3718 quem

269 3741 369 3797 ego
393 3741 598 3796 patrem
626 3733 916 3800 adscribit,
962 3746 1016 3789 et
1055 3747 1136 3790 est
1185 3737 1425 3806 ejusdem
1455 3753 1653 3794 mensae
1686 3743 1848 3809 parti-

267 3833 415 3888 ceps,
443 3824 623 3890 potius
649 3840 806 3893 quam
838 3827 881 3879 is
903 3827 988 3895 qni
1018 3837 1102 3882 est
1129 3829 1258 3882 mihi
1288 3844 1488 3898 genere
1523 3834 1798 3899 proximus
1830 3850 1846 3888 :

269 3922 352 3966 est
379 3915 521 3967 enim
557 3917 670 3969 haec
692 3917 987 3984 perfectior
1014 3921 1094 3975 lex
1119 3925 1476 3990 cognationis,
1495 3925 1846 3991 quemadmo-

268 4003 393 4058 dum
422 4007 582 4060 etiam
610 4023 729 4077 qua:
756 4025 820 4063 ex
855 4011 1138 4066 contrariis
1166 4014 1224 4066 lit
1253 4014 1530 4081 alienatio,
1560 4025 1642 4070 est
1693 4033 1846 4086 apt-r—

267 4096 374 4150 tior
396 4107 446 4150 et
475 4099 774 4154 evidentior
796 4117 860 4155 ea
902 4118 1020 4172 quae
1043 4105 1114 4158 sit
1134 4121 1198 4160 ex
1222 4121 1441 4176 genere.
1469 4107 1546 4162 Ne
1574 4107 1675 4162 hoc
1716 4123 1846 4177 ergo

247 4192 590 4259 respexeris,
613 4193 755 4262 quod
786 4196 885 4248 sub
911 4195 1102 4250 eodem
1132 4199 1266 4251 cazlo
1295 4213 1479 4253 sumus
1505 4239 1520 4264 ,
1567 4212 1623 4253 et
1671 4201 1723 4254 in
1754 4215 1844 4253 eo-

266 4281 390 4334 dem
420 4285 552 4337 orbe
597 4293 860 4338 terrarum
893 4285 1229 4340 habitamus:
1261 4289 1416 4342 aliam
1440 4290 1582 4343 enim
1604 4305 1847 4344 comnm-

265 4375 482 4429 nionern
513 4392 716 4445 qua-ro,
747 4393 865 4446 qua;
912 4379 1074 4434 cmlos
1114 4392 1350 4450 superat.
1398 4383 1510 4438 Illic
1549 4394 1729 4438 nostra
1765 4393 1847 4438 est

264 4470 604 4521 conversatio
629 4477 683 4522 et
724 4470 830 4522 vita
867 4485 878 4522 :
923 4469 1038 4523 Vita
1065 4472 1208 4526 enim
1253 4481 1445 4536 nostra,
1499 4474 1687 4542 inquit,
1733 4473 1848 4528 abs-

263 4559 469 4612 condita
500 4569 570 4614 est
597 4578 711 4614 cum
741 4561 940 4616 Christo
965 4562 1018 4615 in
1044 4563 1151 4617 Deo
1179 4564 1416 4634 (Coloss.
1448 4565 1502 4620 5.
1531 4566 1611 4636 5).
1661 4564 1846 4635 Neque

263 4654 406 4706 enim
439 4661 638 4708 terram
671 4653 990 4717 habitamus,
1018 4656 1112 4710 sed
1137 4657 1611 4726 eorumigravimus
1659 4657 1712 4711 in
1750 4672 1845 4712 su-

261 4760 487 4814 pernam
527 4748 889 4816 metropolim.
915 4748 1087 4802 Aliam
1117 4766 1298 4802 veram
1329 4751 1501 4805 lucem
1534 4753 1793 4807 habemus
1825 4793 1841 4816 ,

265 4839 424 4893 aliam
459 4840 710 4907 patriam,
738 4851 793 4896 et
819 4843 964 4897 cives
985 4843 1120 4896 alios
1153 4852 1208 4898 et
1231 4854 1510 4914 cognatos.
1539 4846 1606 4900 Et
1631 4846 1751 4900 ideo
1765 4845 1846 4900 di-

264 4933 414 4987 cebat
443 4933 642 4988 Paulus
666 4951 679 4986 :
718 4934 839 4988 Non
865 4937 984 4990 estis
1008 4937 1178 5006 utique
1198 4937 1420 5006 hospites
1444 4939 1738 5006 et-adveme,
1757 4940 1846 4995 sed

263 5025 392 5080 cives
419 5037 708 5080 sanctorum
751 5028 769 5096 (
797 5027 984 5098 Ephes.
1011 5029 1068 5082 2.
1099 5029 1210 5102 l9).
1241 5029 1519 5096 Quomodo
1557 5046 1686 5100 ergo
1715 5032 1847 5087 dixit

263 5115 512 5172 Christus
538 5117 930 5173 Samaritanum
977 5135 1098 5175 esse
1147 5123 1481 5190 proximum,
1529 5123 1634 5178 etsi
1679 5125 1846 5177 multo

265 5211 544 5266 intervallo
567 5223 868 5280 separatum
898 5214 1062 5281 (Luc.
1093 5216 1177 5270 IO.
1205 5217 1292 5271 36.
1319 5215 1451 5285 δην
1491 5218 1561 5271 At
1590 5232 1694 5271 non
1720 5226 1802 5271 est
1827 5257 1842 5282 ,

264 5302 306 5354 si
337 5313 613 5371 spectetur
641 5313 845 5358 naturae
870 5307 1024 5359 ratio.
1050 5307 1274 5374 Quando
1295 5323 1426 5376 ergo
1455 5307 1722 5363 beneﬁcio
1739 5310 1846 5362 alli-

265 5409 389 5449 cere
432 5395 750 5464 oportuerit.
801 5397 870 5450 sit
913 5399 1088 5452 omnis
1129 5398 1291 5452 homo
1331 5398 1424 5452 tibi
1472 5399 1842 5470 propinquus;

265 5486 478 5554 quando
503 5495 679 5541 autem
706 5486 774 5542 de
818 5489 1044 5543 veritate
1073 5499 1292 5560 agetur,
1340 5506 1570 5561 agnosce
1609 5492 1730 5560 quis
1776 5493 1847 5546 sit

271 5577 622 5646 propinquus,
650 5580 843 5648 etquis
869 5581 1092 5633 alienus.
1125 5580 1298 5635 Etiam
1325 5584 1369 5637 si
1400 5583 1597 5638 habeas
1623 5584 1840 5638 fratrem

266 5667 456 5722 eodem
509 5679 659 5738 patre
687 5678 742 5723 et
785 5669 970 5725 eadem
999 5680 1168 5728 matre
1199 5682 1402 5739 natum,
1429 5683 1482 5728 et
1523 5674 1576 5729 in
1614 5676 1728 5746 lege
1756 5691 1847 5730 ve-

266 5759 444 5816 ritatis
462 5768 642 5817 tecum
666 5778 769 5818 non
795 5765 1286 5833 communicaverit,
1306 5767 1374 5821 sit
1393 5765 1484 5822 tibi
1509 5767 1675 5838 magis
1686 5783 1842 5838 quam

1992 1673 2231 1730 alienos?
2261 1679 2368 1733 Eos
2397 1684 2486 1751 qui
2519 1685 2700 1740 vivunt
2729 1689 2780 1742 in
2811 1692 3017 1749 scelere
3039 1736 3054 1760 ,
3107 1673 3202 1752 eos
3243 1703 3332 1770 qui
3387 1716 3571 1761 amant

1990 1766 2346 1863 iniquitatem,
2372 1788 2466 1830 eos
2509 1777 2598 1846 qui
2625 1780 2784 1834 stulta
2807 1783 2823 1814 ⁸
2853 1783 3161 1854 loquuntur,
3194 1766 3288 1847 eos
3315 1796 3402 1863 qui
3435 1797 3565 1854 nihil

1988 1856 2175 1913 dicunt
2201 1863 2352 1919 utile.
2383 1866 2631 1934 Agnosce
2649 1885 2778 1940 ergo
2803 1874 3034 1942 alienos,
3062 1879 3130 1932 ab
3153 1895 3266 1948 ore,
3301 1856 3348 1937 τι-
3362 1888 3514 1942 factis
3547 1908 3561 1942 :

1985 1951 2126 2006 sicut
2168 1953 2410 2012 Christus
2455 1976 2664 2031 quoque
2693 1965 2862 2020 dicit:
2904 1969 2949 2020 A
2979 1971 3223 2040 fructibus
3251 1991 3424 2030 eorum
3467 1996 3556 2032 co-

1983 2047 2228 2113 gnoscetis
2255 2063 2340 2101 eos
2377 2050 2396 2119 (
2419 2048 2608 2106 Matth.
2640 2056 2692 2107 7.
2749 2057 2815 2112 16
2847 2059 2884 2128 ).
2917 2059 3064 2116 Sicut
3084 2065 3228 2118 enim
3274 2067 3324 2120 in
3371 2073 3560 2126 castris

1982 2137 2146 2190 multa
2175 2138 2370 2194 dantur
2390 2144 2539 2212 signa
2562 2156 2616 2200 et
2639 2150 2879 2219 symbols
2903 2193 2919 2218 ,
2974 2162 3032 2208 ut
3075 2157 3119 2210 si
3157 2161 3371 2227 quando
3400 2173 3560 2219 noctu

1982 2229 2214 2296 praeliari
2238 2235 2541 2304 contigerit.
2576 2239 2658 2292 vel
2681 2240 2922 2296 sublatus
2952 2246 3144 2313 pulvis,
3170 2258 3227 2303 ut
3252 2265 3354 2304 nox
3377 2253 3558 2308 videa-

1981 2331 2084 2386 tur,
2119 2323 2376 2391 eﬂ'eeerit,
2403 2329 2486 2382 vel
2517 2331 2692 2400 aliqua
2723 2334 2828 2387 alia
2866 2337 3111 2392 confusio
3137 2349 3192 2394 et
3222 2344 3555 2410 perturbatio

1976 2415 2238 2480 evenerit,
2269 2432 2337 2471 ne
2362 2419 2564 2473 socium
2593 2437 2748 2476 suum
2773 2426 2993 2494 aspiciat
3017 2437 3285 2500 tamquam
3317 2432 3550 2503 hostem,

1975 2519 2076 2558 nec
2099 2505 2310 2562 hostem
2337 2521 2604 2582 tamquam
2635 2515 2839 2570 socium
2863 2535 2878 2571 :
2909 2520 3073 2576 etiam
3097 2523 3246 2593 signa
3272 2524 3363 2580 dat
3397 2527 3551 2583 nobis

1973 2594 2061 2650 hic
2085 2598 2366 2668 propheta,
2389 2617 2484 2671 per
2507 2619 2626 2673 quae
2655 2609 2855 2674 poteris
2868 2609 3175 2670 discernere
3192 2617 3548 2688 propinquum

1970 2696 2025 2742 et
2068 2689 2326 2757 alienum,
2373 2709 2568 2765 nempe
2589 2713 2652 2751 ex
2680 2700 2744 2752 iis
2773 2717 2891 2770 qua;
2920 2703 3173 2773 loquitur,
3223 2723 3287 2762 ex
3321 2710 3385 2763 iis
3427 2726 3548 2780 quae

1970 2780 2129 2848 facit,
2184 2783 2367 2840 dicens
2393 2804 2408 2839 :
2442 2787 2669 2854 Quorum
2699 2809 2756 2847 os
2795 2794 3056 2865 loquutum
3082 2807 3153 2852 est
3181 2801 3469 2866 vanitatem,
3499 2811 3547 2857 et

1967 2873 2172 2930 dextera
2193 2895 2364 2932 eorum
2389 2881 2595 2936 dextera
2623 2885 2918 2956 iniquitatis.
2948 2889 3102 2944 Nunc
3143 2893 3287 2946 enim
3313 2905 3392 2949 est
3428 2895 3544 2950 belo

1968 2965 2094 3029 lum,
2127 2977 2180 3022 et
2205 2984 2398 3040 pugna,
2421 2982 2477 3026 et
2505 2975 2744 3042 praelium
2763 2987 3080 3035 nocturnum
3096 2983 3541 3050 crudelissimum,

1961 3056 2296 3114 dte-monibus
2325 3061 2674 3131 ferientibus,
2710 3068 2989 3125 desideriis
3028 3072 3397 3130 insidiantibus
3421 3117 3438 3141 ,
3484 3089 3540 3133 et

1961 3152 2455 3209 ratiocinationibus
2484 3157 2901 3229 insurgentibus.
2935 3161 3069 3218 Sunt
3089 3164 3250 3218 etiam
3281 3167 3361 3220 eis
3381 3207 3397 3226 .
3438 3168 3530 3236 qui

1962 3251 2087 3298 sunt
2111 3248 2378 3316 mysteriis
2405 3248 2614 3314 initiati,
2660 3266 2752 3306 sua
2779 3252 2929 3323 signa
2970 3262 3026 3309 at
3052 3255 3293 3327 symbola
3335 3275 3351 3310 :
3395 3267 3449 3313 et
3491 3258 3541 3313 si

1961 3337 2264 3394 dubitantes
2289 3341 2428 3396 seire
2452 3343 2714 3408 volunms,
2760 3360 2828 3398 an
2867 3347 2984 3415 quis
3025 3347 3096 3402 sit
3132 3347 3420 3418 profanus,
3468 3363 3538 3403 an

1961 3433 2231 3503 mysteriis
2259 3435 2514 3500 initiatus,
2542 3451 2604 3491 ea
2629 3449 2876 3506 rogantes
2891 3439 3180 3496 discamus.

2032 3521 2290 3578 Proximis
2332 3531 2517 3580 nostris
2564 3529 2758 3582 auxilio
2785 3546 2894 3584 esse
2919 3530 3171 3585 debemus.
3220 3531 3354 3586 Deus
3378 3548 3468 3587 cur
3504 3548 3537 3587 α

1959 3616 2099 3670 nobis
2126 3618 2325 3671 laudari
2368 3618 2511 3672 velit.
2556 3619 2781 3674 Membra
2810 3632 2982 3676 nostra
3024 3633 3080 3676 ut
3123 3622 3220 3678 Dei
3247 3624 3421 3679 laudes
3445 3641 3534 3684 ca,-

1957 3716 2098 3762 nant.
2128 3739 2199 3748 —-
2217 3709 2432 3762 Dextera
2453 3727 2625 3765 eorum
2664 3719 2867 3766 dextera
2897 3715 3192 3784 iniquitatis.
3228 3715 3360 3780 Quid
3380 3715 3536 3784 igitur

1957 3799 2125 3866 possit
2157 3798 2256 3854 hoc
2292 3813 2412 3855 esse
2462 3803 2676 3871 gravius
2698 3844 2712 3866 ,
2744 3804 2954 3872 quando
2979 3820 3100 3872 quae
3127 3804 3246 3857 data
3275 3815 3358 3858 est
3385 3805 3535 3858 nobis

1956 3890 2023 3945 ad
2048 3893 2320 3959 auxilium,
2348 3908 2464 3947 eam
2494 3895 2556 3946 ad
2590 3895 2806 3949 insidias
2831 3896 3230 3950 convertimus?
3252 3895 3374 3948 Ideo
3391 3896 3533 3950 enim

1957 3982 2212 4038 habemus
2232 3984 2499 4049 desteras,
2544 3995 2599 4038 ut
2623 3996 2676 4040 ct
2707 3986 2989 4053 nobisipsis
3013 3994 3067 4039 et
3094 3986 3211 4038 aliis
3236 3984 3423 4052 injuria
3451 3985 3509 4038 af
3513 4016 3532 4026 -

1955 4076 2106 4130 fectis
2127 4092 2278 4144 opem
2309 4075 2562 4142 feranms,
2594 4085 2653 4130 ut
2671 4077 2873 4130 scelera
2895 4077 2961 4131 de
2988 4075 3164 4130 medio
3192 4076 3456 4139 tollamus,
3477 4086 3535 4130 ut

1957 4168 2020 4222 iis
2049 4169 2239 4238 quibus
2261 4171 2341 4220 vis
2367 4178 2419 4221 et
2446 4167 2695 4221 damnum
2725 4167 2963 4229 affertur,
2989 4166 3155 4219 simus
3176 4174 3362 4233 portus
3380 4175 3434 4219 et
3451 4181 3531 4220 re-

1945 4256 2615 4330 fugium.Quomodoergo
2631 4253 3227 4326 eisveniadabitur,qni
3257 4255 3340 4312 his
3367 4258 3530 4311 armis

1953 4365 2173 4410 utuntur
2194 4369 2300 4408 non
2331 4355 2394 4406 al
2429 4353 2652 4405 aliorum
2677 4351 2924 4414 salutem,
2945 4349 3039 4405 sed
3069 4349 3136 4404 ad
3167 4365 3316 4404 suam
3348 4351 3529 4419 perni-

1951 4446 2130 4503 ciem?
2155 4445 2208 4499 9.
2241 4445 2392 4503 Deus,
2421 4445 2670 4496 canticum
2699 4459 2884 4496 novum
2910 4441 3120 4496 cantabo
3148 4442 3256 4496 tibi.
3275 4442 3530 4508 Quzenam

1952 4547 2034 4591 est
2062 4550 2245 4591 rursus
2276 4535 2388 4588 h:ec
2408 4534 2826 4603 consequentia?
2852 4533 3073 4588 Maxima
3095 4548 3305 4603 quoque
3327 4533 3411 4588 hic
3426 4543 3529 4588 cst.

1953 4631 2210 4698 Quoniam
2239 4631 2380 4683 enim
2408 4627 2560 4688 dixit,
2597 4626 2780 4681 Emitte
2817 4644 3018 4680 manum
3044 4637 3218 4694 tuam,
3267 4635 3339 4690 et,
3374 4626 3535 4696 Eripe

1952 4739 2051 4788 me,
2079 4733 2131 4776 et
2158 4720 2402 4790 disperge
2423 4719 2586 4788 ipsos,
2609 4718 2884 4789 proﬁtetur
2903 4733 2962 4773 se
2981 4734 3192 4789 quoque
3212 4718 3259 4772 ei
3277 4717 3528 4772 daturum

1953 4815 2251 4870 mercedem
2273 4813 2470 4876 auxilii,
2500 4827 2564 4866 ex
2595 4826 2696 4881 qua
2726 4811 2857 4865 nihil
2882 4811 3096 4880 quidem
3133 4809 3399 4865 commodi
3443 4822 3533 4862 ac-

1951 4909 2106 4979 cipiat
2134 4909 2216 4964 cui
2245 4908 2434 4969 datur;
2467 4905 2560 4960 sed
2587 4919 2705 4974 qua:
2745 4904 2795 4958 ei
2839 4905 2928 4973 qui
2961 4904 3102 4958 illam
3133 4902 3310 4966 oll'ert,
3354 4899 3527 4970 pluri-

1953 5017 2098 5057 nmm
2127 5000 2280 5056 affert
2299 4998 2665 5054 emolumenti.
2685 4997 2937 5062 Qumnam
2958 5005 3133 5048 autem
3148 5008 3210 5048 ea
3231 4990 3351 5047 est?
3368 4989 3528 5055 Deus,

1951 5101 2199 5153 canticum
2226 5112 2406 5151 novum
2423 5093 2634 5149 cantabo
2660 5089 2834 5146 tibi.Si
2859 5098 3034 5143 autem
3060 5086 3161 5142 hoc
3183 5095 3263 5140 est
3287 5097 3530 5153 parvum,

1951 5169 2204 5244 collatum
2235 5201 2353 5242 cum
2395 5183 2758 5255 magnitudine
2785 5179 3048 5244 beneﬁcii,
3095 5177 3239 5246 atqui
3284 5175 3432 5230 dedit
3475 5175 3530 5228 id

1953 5281 2093 5350 quod
2126 5279 2326 5332 habuit.
2375 5277 2505 5331 Nam
2555 5290 2650 5327 nos
2695 5285 2909 5342 quoque
2937 5285 2964 5321 a
2995 5267 3334 5338 pauperibus,
3363 5274 3416 5320 et
3439 5265 3532 5335 qui

1953 5371 2086 5425 nihil
2116 5369 2409 5438 possident,
2430 5363 2716 5421 nihilaliud
2739 5363 3080 5431 requirimus,
3109 5373 3268 5428 quam
3297 5357 3528 5420 laudem,

1953 5473 2007 5517 et
2034 5469 2240 5531 gratum
2268 5459 2524 5511 animum.
2565 5455 2670 5510 Sed
2715 5468 2810 5506 nos
2843 5451 3092 5523 quidem,
3140 5457 3199 5505 ut
3241 5448 3532 5504 evadamus

1955 5554 2251 5609 clariores:
2288 5551 2426 5606 l‘eus
2462 5557 2663 5614 autem,
2703 5559 2809 5600 non
2840 5543 2980 5615 quod
3009 5557 3144 5613 opus
3179 5541 3393 5608 habeat,
3430 5539 3529 5596 sed

2017 5705 2035 5738 ι
2070 5702 2190 5753 vdit.
2227 5699 2410 5758 March,
2450 5695 2668 5757 inutilia;
2701 5694 2808 5750 sed.
2839 5693 3000 5757 stulta,
3038 5693 3215 5745 melius
3249 5690 3450 5757 quadrat
3469 5693 3530 5742 ad

1953 5779 2156 5823 seriem.
