4068 6270
602 394 705 451 465

601 520 657 565 ut
687 522 781 563 eos
807 507 896 579 qui
922 515 1140 573 canunt,
1173 504 1368 562 efﬁciat
1396 505 1669 571 clariores,
1695 514 1749 560 et
1770 521 1831 561 ea
1850 506 2056 561 ratione
2079 519 2175 561 eos

604 614 798 655 rursus
818 599 1078 653 beneflcio
1104 597 1316 652 alliciat.
1349 594 1417 650 Its
1447 597 1688 666 psalterio
1703 596 2020 650 decacltordo
2047 595 2179 665 psal-

602 690 705 744 lam
726 690 848 754 tibi;
884 689 986 744 hoc
1012 698 1113 753 est,
1138 690 1302 758 Agam
1328 687 1419 742 ιιὺὶ
1445 687 1663 757 gratias.
1692 686 1796 742 Sed
1816 696 1940 742 tunc
1961 686 2178 756 quidem

602 789 755 835 erant
784 781 1132 834 instrumenta
1158 794 1253 849 per
1276 793 1394 850 quae
1418 781 1623 833 cantica
1654 779 1969 833 emittebant
1994 797 2007 833 :
2036 793 2180 834 nunc

600 884 776 928 autem
806 888 902 943 pro
932 872 1291 928 instrumentis
1319 885 1600 941 possumus
1615 872 1687 926 uti
1714 886 1956 940 corpore.
1984 870 2180 925 Possu-

600 980 719 1020 mus
746 966 888 1021 enim
915 979 1011 1035 per
1035 964 1217 1019 oculos
1238 977 1455 1029 canere,
1502 978 1608 1018 non
1653 978 1749 1032 per
1786 963 2014 1033 linguam
2064 973 2181 1016 tan-

600 1064 750 1123 tum;
781 1071 877 1126 per
911 1069 1134 1118 manus,
1180 1069 1278 1124 per
1309 1054 1491 1125 pedes,
1518 1063 1572 1109 et
1606 1068 1703 1122 per
1748 1067 1922 1108 aures.
1955 1052 2179 1121 Quando

598 1149 739 1203 enim
770 1146 1179 1217 unumquodque
1203 1160 1388 1203 eorum
1416 1159 1482 1201 ea
1512 1143 1638 1199 facit
1661 1159 1781 1214 qua
1805 1144 1916 1199 Deo
1950 1144 2178 1215 gloriam

597 1250 652 1295 et
680 1240 936 1295 honorem
958 1239 1204 1305 aﬂ'erunt,
1228 1253 1420 1309 nempe
1439 1237 1652 1307 quando
1671 1238 1854 1293 oculus
1874 1253 1980 1293 nou
2001 1232 2179 1307 impu-

598 1331 718 1387 dice
743 1330 1053 1402 respexerit,
1081 1330 1294 1401 quando
1325 1345 1516 1385 manus
1544 1346 1649 1385 non
1679 1329 1748 1385 ad
1791 1330 2050 1401 rapinam,
2081 1329 2178 1385 sed

600 1425 667 1479 ad
697 1424 1091 1496 eleemosynam
1122 1435 1182 1478 se
1208 1423 1566 1490 eatenderint,
1614 1421 1829 1492 quando
1851 1421 1919 1476 ad
1946 1422 2178 1490 psalmos

597 1528 652 1574 ct
705 1517 990 1574 conciones
1033 1517 1297 1588 spiritales
1353 1515 1719 1585 suscipiendas
1780 1529 1939 1569 aures
1982 1522 2179 1583 paratas

598 1611 785 1665 iuerint
795 1651 809 1674 ,
828 1608 1038 1680 quando
1055 1608 1219 1679 pedes
1235 1606 1301 1663 ad
1312 1607 1589 1663 ecclesiam
1603 1605 1951 1671 cucurrerint,
1967 1604 2179 1675 quando

595 1712 690 1756 cor
717 1714 820 1755 non
850 1700 1004 1754 dolos
1030 1700 1211 1767 struit,
1255 1699 1351 1753 sed
1390 1698 1613 1754 caritate
1655 1698 1871 1767 plenum
1896 1706 1998 1759 est,
2043 1696 2181 1750 ﬁunt

596 1790 835 1845 membra
863 1791 1103 1860 corporis
1128 1789 1439 1861 psalterium
1460 1798 1515 1843 et
1538 1788 1765 1855 cithara,
1786 1795 1843 1842 et
1865 1796 2178 1843 canuntno-

598 1894 720 1934 vum
747 1883 1035 1946 canticum,
1059 1895 1165 1934 non
1185 1880 1360 1935 verbis
1383 1880 1533 1944 solis,
1552 1878 1646 1933 sed
1666 1879 1826 1935 etiam
1852 1878 2173 1948 rebusipsis.

599 1973 687 2026 l0.
724 1972 825 2038 Qui
871 1972 960 2025 dul
1004 1972 1221 2025 salutem
1257 1969 1476 2042 regibus.
1508 1969 1689 2040 Neque
1714 1969 1856 2024 enim
1880 1978 2077 2035 castra,
2124 1979 2180 2025 et

598 2062 883 2116 multitudo
905 2063 1153 2127 militum,
1177 2076 1278 2116 nec
1298 2061 1579 2126 satellites,
1606 2060 1961 2130 custodesque
1990 2075 2179 2130 corpo-

596 2155 672 2208 ris
690 2153 765 2225 (a)
789 2194 804 2217 ,
834 2153 930 2208 sed
973 2153 1065 2208 Dei
1107 2153 1359 2209 auxilium
1388 2166 1607 2207 servare
1631 2151 1788 2207 solet.
1836 2150 1939 2218 Qui
1979 2152 2179 2207 redimit

596 2245 769 2300 Dat-id
791 2261 988 2300 servum
1010 2261 1178 2301 suum.
1215 2243 1271 2297 In
1303 2243 1575 2299 communi
1593 2244 1861 2313 loquutus,
1883 2243 1997 2313 jam
2023 2242 2091 2298 de
2117 2256 2178 2299 se

594 2338 847 2410 loquitur,
878 2354 977 2394 nec
1002 2338 1153 2404 dicit,
1180 2336 1283 2406 Qui
1326 2335 1593 2392 redemit:
1619 2335 1713 2391 sed
1732 2375 1748 2402 ,
1802 2334 1905 2402 Qui
1945 2336 2174 2405 redimit,

593 2430 883 2485 ostendens
911 2438 1221 2500 perpetuam
1249 2428 1369 2498 eius
1392 2425 1799 2498 providentiam.

667 2523 720 2575 5.
747 2520 951 2576 Deinde
973 2534 1160 2575 rursus
1182 2518 1315 2590 petit
1340 2532 1407 2574 ea
1433 2533 1552 2589 quis
1580 2517 1728 2587 prius
1764 2516 2008 2587 petierat,
2035 2517 2175 2572 assi-

594 2613 701 2667 due
721 2624 915 2681 rogans
940 2618 997 2666 et
1019 2611 1331 2682 supplicans
1350 2618 1410 2665 ut
1428 2610 1686 2665 liberetur
1707 2610 1776 2665 ab
1795 2608 2054 2679 improbis
2080 2608 2178 2664 bo-

592 2702 844 2768 ntinibus,
865 2701 944 2757 sic
969 2702 1191 2757 dicens:
1211 2702 1296 2757 ll.
1313 2701 1389 2756 De
1410 2700 1582 2772 gladio
1607 2700 1830 2771 maligno
1857 2701 1996 2772 eripe
2012 2716 2111 2766 me,
2128 2708 2177 2756 et

591 2810 712 2848 erue
736 2809 814 2847 me
839 2793 1072 2847 demauu
1097 2793 1321 2863 ﬁliorum
1344 2792 1645 2858 alienarum,
1673 2807 1892 2863 quorum
1914 2807 1971 2847 os
1992 2792 2175 2861 loquu-

591 2893 700 2939 tam
737 2894 813 2941 est
830 2885 1119 2950 satiatem,
1146 2893 1194 2938 et
1217 2882 1424 2938 (testem
1447 2897 1622 2937 eorum
1642 2882 1849 2937 dextere
1871 2882 2172 2952 iniquitatis.

661 2977 920 3047 Prospera
962 2991 1078 3047 qua
1109 2973 1388 3029 liniuntur
1406 2974 1464 3028 ita
1484 2974 1583 3028 lies
1602 2973 1814 3029 modo.
1828 2972 2004 3029 -η,
2036 2972 2176 3039 ρω-

589 3086 704 3125 rum
716 3069 815 3137 ﬁlii
850 3071 979 3124 sicut
1013 3069 1223 3123 nouella
1238 3067 1574 3137 plantationes
1590 3067 1645 3121 in
1665 3068 1917 3136 iuuentute
1930 3083 2051 3122 sua.
2070 3066 2176 3123 Do-

591 3161 779 3217 scribit
796 3160 884 3217 hic
897 3161 1278 3231 prosperitates
1294 3158 1589 3214 mundanas
1603 3165 1658 3215 et
1674 3158 1886 3215 divitias
1908 3176 1926 3217 :
1952 3165 2009 3215 et
2026 3159 2176 3230 ponit

584 3254 643 3309 id
673 3254 813 3325 quod
842 3265 921 3310 est
950 3255 1201 3325 primum,
1232 3251 1431 3307 habere
1452 3250 1594 3306 ﬁlios
1627 3249 1897 3314 florentes,
1927 3258 1985 3307 et
2015 3249 2172 3320 juve-

584 3345 771 3400 niliter
789 3344 1138 3409 exsultantes,
1159 3357 1359 3414 eosque
1386 3341 1663 3413 utriusque
1679 3355 1866 3397 sexum
1887 3340 2175 3411 Subiunxit

588 3452 758 3507 ergo:
790 3435 945 3491 Filias
984 3453 1158 3491 eorum
1181 3436 1490 3507 remains,
1520 3435 1907 3490 obtestatur-nata
1930 3443 1988 3490 ut
2023 3434 2173 3491 siuti-

582 3526 751 3581 tundo
780 3526 972 3597 templi.
999 3527 1098 3583 llic
1120 3541 1229 3582 una
1252 3541 1375 3583 eum
1411 3527 1690 3596 iuventute
1730 3525 1955 3582 multum
1989 3526 2171 3583 luxum

589 3617 842 3685 ostendit,
871 3620 1027 3674 vittas
1048 3632 1230 3674 eam
1249 3617 1611 3688 mundumque
1636 3618 1953 3676 muliebrem
1979 3618 2175 3677 descri-

589 3712 688 3777 bit,
733 3726 854 3782 qua:
899 3711 1117 3781 quidem
1164 3711 1407 3766 oriuntur
1452 3725 1522 3767 ex
1557 3725 1746 3782 magna
1798 3712 2168 3782 prosperitate.

589 3801 794 3859 Deinde
817 3801 959 3873 quod
997 3801 1206 3858 videtur
1236 3815 1359 3858 esse
1390 3800 1706 3868 secundum,
1733 3801 1962 3860 fortasse
1990 3811 2169 3860 autem

588 3909 730 3949 nunc
753 3901 838 3950 est
879 3893 1130 3965 primum
1176 3892 1389 3950 divitias
1423 3908 1613 3951 rursus
1647 3893 1902 3950 describit
1939 3893 2168 3952 dicens:

587 3988 678 4043 45.
704 3984 1067 4055 Promptum-ia
1089 4001 1264 4040 eorum
1289 3986 1461 4055 pletis,
1505 3986 1783 4040 mentitis
1807 4001 1872 4041 es
1895 3986 1992 4040 hoc
2026 3985 2082 4040 in
2104 3986 2172 4040 il-

587 4078 695 4133 lud.
729 4076 867 4145 Quid
909 4085 1013 4142 est,
1057 4076 1359 4132 Eruotsntiu
1390 4077 1575 4132 ethoc
1618 4077 1674 4132 its
1717 4077 1890 4133 illud?
1935 4079 2168 4148 Angusta

586 4168 968 4239 promptuaria,
993 4169 1182 4239 inquit,
1205 4182 1315 4223 non
1330 4178 1554 4239 possunt
1569 4182 1763 4238 capere
1783 4167 2017 4223 divitias.
2043 4166 2172 4222 Oves

585 4279 762 4319 eorum
789 4266 981 4333 (eteae,
1007 4262 1317 4317 abundantes
1351 4262 1409 4316 iu
1437 4260 1713 4333 egressibus
1742 4261 1870 4317 suis.
1895 4260 1987 4316 ﬂ.
2008 4259 2170 4314 Boves

582 4371 760 4410 eorum
786 4370 993 4411 cram.
1019 4354 1146 4410 Hae
1172 4369 1385 4425 quoque
1410 4369 1519 4410 non
1545 4353 1823 4409 videbatur
1862 4367 2022 4424 parva
2047 4350 2171 4408 feli-

584 4447 741 4501 citas.
773 4445 929 4515 Apud
965 4447 1215 4516 antiquos
1241 4446 1387 4502 enim
1430 4446 1485 4501 in
1526 4444 1611 4501 his
1634 4445 1752 4500 sitm
1775 4452 1928 4500 erant
1948 4443 2165 4511 divitiae,

586 4536 640 4590 in
669 4536 947 4601 armentis,
985 4535 1233 4606 gregibus
1270 4544 1326 4591 et
1364 4535 1679 4602 seminibus,
1724 4534 2029 4607 priusquam
2082 4535 2168 4592 in-

584 4634 743 4680 venta
762 4634 905 4680 esset
919 4624 1172 4681 hodierna
1194 4625 1382 4681 inertia
1406 4634 1463 4682 et
1487 4625 1756 4682 mollities.
1783 4624 1907 4679 Non
1929 4635 2004 4681 est
2020 4624 2168 4681 ruina

587 4716 836 4784 maceriis,
867 4730 1026 4787 usque
1051 4717 1312 4771 transitus.
1359 4717 1471 4774 Hoc
1511 4725 1615 4782 est,
1658 4716 1719 4772 In
1757 4716 1901 4788 agris
1930 4715 2168 4773 colendis

583 4821 779 4878 magna
817 4804 1101 4865 adhibetur
1144 4820 1293 4873 cura,
1340 4805 1613 4879 diligentia
1656 4815 1714 4862 et
1755 4807 2013 4874 studium,
2042 4822 2165 4862 cum

548 4911 555 4915 '
581 4899 789 4955 fructus
814 4895 1103 4960 luxurient.
1132 4911 1290 4967 sepes
1313 4906 1478 4960 stent,
1506 4899 1659 4953 vinea
1688 4898 1923 4969 undique
1960 4899 2165 4956 consita

544 4992 652 5046 'sit
683 4999 741 5046 et
762 4989 986 5045 munita.
1028 4986 1212 5061 Neque
1233 4989 1427 5043 clamor
1449 4988 1505 5044 in
1542 4988 1724 5058 plateis
1760 5006 1952 5045 eorum.
1992 4990 2163 5056 Alius,

538 5109 543 5117 -
581 5084 651 5140 In
698 5084 845 5139 atriis
877 5098 1074 5138 eumn.
1115 5080 1277 5138 Aliud
1302 5095 1473 5152 genus
1515 5081 1900 5151 prosperitatis,
1939 5081 2034 5138 sed
2058 5097 2164 5137 non

579 5193 705 5235 cum
730 5177 1149 5248 quibuscumque
1187 5174 1387 5231 divitiis
1422 5175 1738 5245 acquisitutn
1777 5189 2011 5244 :nempe
2038 5190 2161 5244 pax,

579 5270 955 5341 tranquillitas,
980 5278 1034 5324 et
1061 5268 1353 5333 securitas;
1384 5267 1562 5322 nullus
1601 5265 1689 5337 qui
1733 5272 1883 5336 paret
1925 5265 2159 5330 insidias,

536 5388 541 5395 ι
580 5362 761 5417 nullus
786 5362 877 5432 qui
904 5361 1102 5417 bellum
1123 5368 1294 5429 gerat,
1322 5358 1418 5415 sed
1447 5372 1548 5414 nec
1581 5358 1836 5414 tumultus
1872 5356 2030 5424 ullus,
2063 5372 2164 5412 nec

580 5454 932 5524 perturbatio.
972 5453 1067 5508 15.
1107 5451 1323 5508 Beatum
1362 5452 1600 5506 dixerunt
1647 5451 1910 5522 pupulum,
1946 5450 2028 5503 cui
2056 5450 2162 5503 hac

577 5556 718 5602 sunt.
746 5542 940 5601 Beatus
965 5546 1207 5616 populus,
1226 5546 1372 5613 etsist:
1394 5543 1643 5601 Dominus
1659 5543 1797 5599 Deus
1816 5544 1943 5614 ejus.
1971 5540 2161 5598 Vidisti

639 5642 723 5711 lg)
750 5643 833 5692 Gr.
859 5645 1297 5711 eumut-uetitum.
1323 5646 1408 5697 Sic
1426 5647 1474 5711 in
1494 5646 1899 5711 inscriptionibus
1923 5659 2160 5699 vocantur

584 5704 777 5775 milites
815 5704 875 5752 ad
922 5704 1599 5775 Imperatorum__prtes_idinm
1647 5704 1919 5775 'deputatit_
1947 5712 2160 5775 Neronis

588 5766 799 5836 timueris
821 5777 1025 5836 gorpare
1046 5774 1220 5836 custos.
1264 5766 1458 5836 Claudii
1475 5769 1693 5836 _t,'w_sa_ris
1716 5766 1920 5836 Augusti
1940 5772 2159 5835 corporis

584 5828 747 5892 custos
765 5825 1239 5892 Laurente-adhuc
1289 5831 1428 5880 bonae
1474 5831 1754 5882 Latinitatis
1793 5825 1991 5884 saculo.
2026 5825 2159 5886 'Vide

585 5886 830 5946 Autiquit.
857 5886 997 5937 Tom.
1034 5889 1081 5949 5,
1108 5902 1156 5950 p.
1186 5889 1258 5937 16.

1340 388 1399 447 S.
1438 386 1723 446 JOANNIS'
1746 385 2222 445 CHRYSOSTOMI
2258 389 2577 449 ARCﬂlEP.
2617 392 3149 456 CONSTAN'I‘INOP.
3710 419 3786 476 Im

2284 506 2383 562 viri
2427 510 2711 566 virtutem?
2756 513 3042 585 Postquam
3087 532 3272 576 omnes
3301 520 3506 580 divitias
3529 526 3730 594 adduxit.
3750 547 3790 591 et

2281 611 2373 653 eas
2399 600 2578 657 verbis
2620 616 2969 676 persequutus
3006 619 3111 676 est,
3154 620 3210 667 et
3252 613 3441 670 deinde
3480 620 3610 689 vulgi
3643 620 3700 679 de
3734 627 3791 682 eis

2279 692 2598 751 sententiam
2622 696 2815 765 attulit,
2844 713 2911 754 ex
2938 698 3021 756 bis
3046 701 3179 757 nihil
3204 704 3252 757 ei
3278 704 3490 762 humani
3507 712 3690 778 accidit,
3717 731 3793 772 nec

2280 795 2374 834 eos
2409 798 2526 840 esse
2556 785 2742 842 beatos
2767 789 3037 847 existimat
3076 794 3164 863 qui
3194 794 3308 851 haec
3335 799 3610 870 possident,
3634 805 3711 858 sed
3732 806 3794 863 bis

2280 875 2528 939 omnibus
2579 882 2985 952 praetermissis,
3033 884 3101 940 ad
3142 902 3328 942 verum
3367 889 3650 949 thesaurum
3682 910 3794 952 suam

2280 967 2519 1021 extendit
2543 966 2945 1027 beatitudinem.
2992 975 3117 1042 Alii,
3167 977 3353 1048 inquit,
3383 995 3475 1036 eos
3497 983 3580 1052 qui
3606 983 3701 1039 ha-c
3725 984 3794 1040 ha-

2280 1055 2442 1137 bent,
2469 1059 2653 1117 beatos
2680 1078 2799 1119 esse
2824 1064 3072 1122 dixerunt
3105 1086 3120 1122 :
3160 1084 3259 1140 ego
3294 1081 3466 1128 autem
3494 1073 3685 1130 beatum
3708 1079 3795 1133 exi-

2278 1150 2439 1204 stimo
2454 1153 2724 1221 populum,
2754 1154 2911 1226 Cujus
2931 1167 3003 1212 est
3028 1157 3274 1216 Dominus
3293 1162 3429 1217 Deus
3446 1164 3551 1235 ejus
3572 1181 3590 1219 :
3616 1167 3701 1222 hoc
3718 1184 3796 1225 uno

2279 1241 2566 1296 ostendens
2584 1257 2796 1299 omnem
2822 1247 3145 1316 felicitatem,
3171 1267 3357 1309 omnes
3377 1253 3621 1311 bonorum
3638 1260 3795 1330 copias,

2279 1344 2469 1387 omnes
2503 1348 2651 1402 opes.
2700 1335 2793 1391 Illa
2817 1338 2960 1393 enim
2998 1341 3363 1408 prmtcrlluunt
3408 1353 3462 1400 et
3513 1354 3794 1416 praetereunt,

2281 1418 2395 1475 haec
2416 1437 2544 1476 vero
2574 1424 2842 1481 beatitudo
2873 1440 3050 1485 manet
3076 1442 3349 1502 perpetuo,
3378 1450 3496 1491 cum
3526 1453 3613 1507 pro
3633 1440 3796 1508 ovibus,

2280 1510 2422 1577 (iliis,
2450 1513 2642 1583 bobus,
2660 1518 2973 1588 sepimento,
3003 1531 3057 1578 et
3080 1523 3254 1589 vinea,
3280 1525 3374 1581 Dei
3395 1525 3645 1583 beatitudo
3664 1528 3796 1585 futura

2279 1602 2350 1657 sit
2387 1602 2602 1671 divitia}.
2634 1609 2912 1676 securitas,
2956 1624 3009 1666 et
3039 1629 3226 1669 murus
3255 1616 3673 1688 inexpugnabilis.
3697 1621 3797 1676 Cum

2280 1706 2343 1746 ea
2372 1707 2498 1764 ergo
2524 1695 2717 1752 auditis
2738 1738 2754 1764 ,
2799 1700 2945 1756 nullo
2971 1700 3155 1758 eorum
3184 1707 3575 1775 perturbemini,
3616 1711 3695 1765 sed
3715 1727 3800 1765 um-

2280 1787 2405 1845 bras
2433 1802 2926 1864 prmtercurrentes,
2970 1799 3247 1855 veritatem
3279 1796 3659 1872 apprehendite.
3684 1803 3800 1861 Prius

2280 1883 2422 1938 enim
2448 1884 2581 1940 dixit
2628 1885 2895 1944 hominem
2944 1892 3171 1948 similem
3207 1909 3331 1950 esse
3374 1897 3598 1963 vanitati,
3638 1908 3685 1953 et
3717 1899 3802 1954 dies

2280 1977 2395 2046 ejus
2420 1986 2685 2053 tamquam
2713 1983 2956 2041 umbram
2982 1987 3279 2055 praeterire.
3306 1989 3362 2044 Si
3397 1988 3584 2045 videris
3608 2005 3716 2062 ergo
3731 1991 3801 2046 alis

2279 2084 2414 2139 quos
2440 2069 2524 2126 his
2547 2073 2796 2129 omnibus
2825 2075 3127 2144 afﬂuentes,
3154 2079 3205 2134 in
3246 2081 3453 2137 scelere
3478 2082 3623 2137 vitam
3645 2098 3800 2152 agere:

2278 2159 2488 2216 etiamsi
2514 2160 2790 2221 universus
2817 2173 3077 2222 terrarum
3114 2168 3264 2226 orbis
3303 2186 3398 2228 eos
3439 2171 3800 2243 beatosjudicct,

2283 2259 2337 2306 tu
2363 2266 2456 2309 eos
2480 2269 2598 2309 esse
2620 2254 2857 2312 infelices
2885 2267 2939 2314 et
2980 2260 3205 2318 miseros
3230 2263 3471 2318 existima
3501 2280 3514 2317 :
3550 2280 3634 2320 eos
3665 2274 3801 2318 autem

2279 2341 2452 2411 quise
2491 2342 2601 2400 Deo
2640 2344 2969 2414 dedicarunt,
3009 2349 3186 2406 felices
3221 2363 3278 2408 et
3320 2353 3501 2411 beatos
3519 2365 3701 2426 reputa.
3723 2354 3803 2411 Nos

2281 2446 2411 2487 vero
2435 2448 2622 2490 omnes
2662 2450 2757 2492 eas
2793 2451 3005 2510 semper
3051 2439 3267 2497 divitias
3292 2459 3601 2515 quaeramus,
3632 2454 3680 2501 et
3703 2447 3803 2499 hanc

2278 2522 2658 2585 beatitudinem
2684 2546 2697 2582 :
2726 2537 2784 2584 ut
2809 2538 2865 2585 et
2890 2533 3172 2602 praesentia
3203 2533 3347 2592 bona
3389 2532 3441 2592 et
3483 2535 3638 2592 l'utura
3659 2550 3803 2592 conse-

2277 2630 2526 2687 quamur,
2572 2621 2740 2691 gratia
2787 2630 2842 2678 et
2886 2625 3251 2681 misericordia
3294 2627 3504 2684 Domini
3538 2629 3684 2684 nostri
3707 2626 3801 2685 lesu

2276 2704 2496 2777 Christi,
2525 2711 2610 2766 cui
2637 2711 2804 2781 gloria
2825 2721 2877 2769 et
2903 2715 3203 2787 imperium,
3226 2718 3283 2774 in
3305 2718 3495 2775 szecula
3518 2721 3799 2777 saeculorum.

2277 2801 2470 2859 Amen.

2725 2919 2795 2978 IN
2824 2921 3145 2981 PSALMUM
3170 2924 3403 2983 CXLIV.

2276 3027 2334 3083 1.
2359 3027 2613 3084 [inuitabo
2629 3028 2855 3098 te,Deus
2878 3048 3039 3100 meus,
3062 3032 3176 3089 Rea:
3193 3051 3369 3091 saeue:
3390 3044 3439 3092 st
3462 3035 3800 3095 deﬂectimu-

2438 3119 2571 3174 ιιιἱαὶ
2595 3128 2683 3176 tuo
2698 3121 2758 3176 ita
2776 3122 3040 3190 mlum,
3071 3132 3119 3179 et
3141 3125 3198 3180 is
3215 3121 3463 3183 scutulis
3485 3126 3666 3183 mali.

2347 3231 3048 3308 {.Carnemetungulttsm
3086 3237 3282 3294 Christi
3313 3239 3526 3295 edimus.
3567 3237 3803 3295 Benedictis

2272 3338 2366 3396 per
2385 3325 2642 3397 resipsas.
2672 3322 2844 3382 Homo
2865 3343 2958 3383 ear
2980 3328 3170 3399 (suos.
3196 3327 3304 3386 Dei
3323 3332 3378 3386 ist
3402 3329 3802 3399 sumptis.—

2274 3414 2376 3471 liie
2400 3414 2643 3472 Psalmus
2672 3417 2957 3488 diligenter
2989 3419 3350 3479 auendertdus
3373 3431 3474 3480 est.
3503 3420 3732 3479 Bieeahl
3752 3417 3802 3472 iit

2273 3515 2483 3563 constat
2509 3508 2706 3577 verbis,
2729 3524 2849 3581 quas
2868 3511 2961 3582 qui
2987 3521 3114 3568 sunt
3140 3515 3415 3585 mysteriis
3430 3515 3615 3572 uostris
3634 3510 3799 3573 initiui.

2272 3598 2791 3656 ssslduesueeinuut
2827 3601 3112 3659 dicentes:
3142 3604 3617 3661 (bulismniussitt
3651 3614 3799 3671 terpl-

2268 3697 2485 3790 runt-,3
2509 3698 2564 3790 tr
2599 3690 2692 3790 das
2713 3691 2883 3790 cibum
2919 3708 3093 3748 eorum
3118 3694 3173 3749 in
3195 3704 3423 3767 tempore
3448 3703 3705 3767 opportuno
3738 3690 3801 3790 (si

2275 3779 2345 3853 (ο.
2380 3778 2494 3851 l5).
2515 3780 2617 3848 Qui
2641 3781 2783 3836 enim
2809 3782 2946 3838 illius
2973 3782 3145 3840 factus
3171 3794 3279 3854 est,
3308 3793 3366 3842 et
3390 3800 3570 3843 mettsa
3585 3778 3800 3855 spiritali

2274 3871 2488 3938 fruitur,
2505 3872 2666 3946 digne
2687 3884 2891 3944 patrem
2916 3875 3085 3946 gloria
3105 3875 3368 3933 aﬂ'ecerit.
3382 3875 3544 3933 Filius
3568 3869 3797 3939 enim,ait,

2274 3965 2527 4037 glori/ictu
2570 3974 2763 4037 patrem
2783 4006 2803 4033 ,
2852 3976 2900 4021 et
2948 3984 3120 4023 seruus
3171 3968 3436 4025 dominum
3474 3985 3615 4026 suum
3655 3962 3801 4021 timebit

2275 4055 2532 4125 (Maloea.
2559 4056 2613 4112 1.
2643 4054 2720 4127 6).
2749 4055 2940 4113 Factus
2979 4071 3045 4113 es
3077 4056 3241 4127 ﬁlius,
3278 4070 3334 4117 et
3374 4074 3552 4117 mensa
3586 4050 3798 4129 spirituali

2275 4146 2489 4211 frueris,
2516 4147 2807 4203 comedens
2828 4163 3047 4205 carnem
3078 4157 3134 4206 et
3169 4153 3483 4223 sanguinem
3523 4150 3646 4220 ejus,
3668 4145 3741 4218 qui
3760 4152 3799 4197 Is

2272 4239 2621 4308 regeneravit
2638 4256 2657 4295 :
2681 4239 2822 4296 refer
2840 4241 3019 4312 itaque
3037 4243 3263 4313 gratiam
3285 4258 3386 4314 pro
3403 4251 3545 4299 tanto
3565 4236 3798 4299 beneﬁcia.

2272 4338 2329 4386 et
2353 4345 2479 4386 eum
2500 4330 2591 4400 ipsi
2629 4330 2745 4387 hac
2770 4332 3018 4402 praebuit,
3041 4332 3210 4403 gloria
3231 4343 3291 4391 et
3311 4334 3513 4391 honore
3537 4332 3690 4394 attice,
3707 4340 3799 4382 tet-

2273 4419 2445 4492 Ιὶιφιθ
2482 4420 2663 4488 “item
2679 4435 2942 4492 compone
2966 4431 3198 4480 mentem
3238 4426 3310 4481 ad
3337 4441 3405 4481 ea
3424 4439 3541 4495 qua
3558 4423 3795 4478 dicuntur:

2269 4519 2328 4567 et
2374 4525 2497 4568 eum
2538 4511 2692 4581 dicis,
2738 4511 2989 4568 suum
3030 4523 3098 4580 te,
3151 4515 3296 4572 Deus
3343 4533 3507 4584 meus,
3545 4514 3649 4571 Rea:
3670 4522 3794 4567 attat.

2242 4620 2245 4623 '
2271 4605 2497 4661 ostendet
2521 4619 2768 4677 magnam
2797 4605 3207 4664 familiatitatem
3234 4618 3291 4664 et
3313 4608 3732 4679 coniunctionem.
3756 4607 3798 4653 ιιι

2269 4697 2339 4754 de
2367 4707 2417 4754 te
2443 4698 2603 4755 etiam
2645 4699 2786 4755 dicat
2825 4701 2986 4768 Deus,
3027 4702 3168 4757 sicut
3192 4711 3248 4758 et
3271 4701 3341 4759 de
3364 4699 3640 4764 Abraham.
3664 4694 3796 4750 Isaac.

2270 4797 2326 4845 et
2360 4790 2547 4857 Iacob,
2599 4789 2713 4862 Ego
2750 4807 2863 4845 sum
2901 4791 3039 4847 Deus
3079 4792 3358 4860 Abraham,
3408 4792 3544 4848 Deus
3586 4788 3733 4848 Isaac.
3763 4788 3797 4830 ιι

2275 4882 2419 4938 Deus
2451 4882 2613 4938 Iacob
2638 4882 2832 4953 (and.
2875 4884 2931 4940 5.
2960 4883 3041 4952 6).
3071 4883 3133 4939 Si
3158 4883 3308 4940 dicas
3333 4884 3495 4948 enim,
3524 4879 3650 4936 Das
3667 4885 3794 4932 utaut.

2269 4987 2317 5032 et
2341 4977 2456 5032 Rea:
2478 4992 2636 5043 metu,
2666 4992 2767 5033 nec
2801 4991 2935 5034 voce
2964 4976 3111 5034 dicas
3140 4984 3366 5043 tantum,
3404 4974 3496 5031 sed
3526 4965 3793 5027 bascettsm

2269 5067 2520 5124 ostendas
2558 5067 2865 5134 caritatem,
2913 5067 3029 5137 ipse
3067 5082 3278 5138 quoque
3322 5065 3437 5123 btec
3471 5064 3538 5119 de
3579 5070 3627 5117 te
3661 5056 3790 5112 dicet.

2269 5159 2473 5215 Servus
2500 5172 2653 5215 meus
2688 5167 2744 5213 et
2770 5157 2998 5214 famulus
3028 5173 3179 5214 meus
3204 5174 3219 5211 :
3246 5156 3387 5228 quod
3410 5154 3561 5211 etiam
3585 5150 3646 5205 de
3677 5145 3789 5201 llo“

2269 5250 2472 5306 dictqu
2490 5257 2592 5307 est.
2630 5248 2699 5304 Et
2717 5248 3004 5303 benedictum
3024 5249 3216 5304 stantini
3244 5258 3334 5304 tuo
3359 5248 3413 5302 in
3431 5241 3671 5302 malum,
3694 5244 3731 5291 et
3748 5234 3788 5284 il

2267 5339 2511 5395 stt-etclam
2533 5341 2727 5397 seculi.
2754 5339 2941 5397 Vidisti
2960 5341 3226 5411 quomodo
3253 5337 3484 5395 ostendit
3503 5334 3614 5390 vita:
3638 5330 3786 5383 futura:

2268 5431 2525 5502 protentio
2555 5432 2579 5485 ἰ
2622 5431 3052 5493 Benedictionem
3100 5440 3277 5488 autem
3318 5429 3404 5485 hic
3438 5422 3667 5485 ostendit,
3703 5425 3783 5469 non

2267 5538 2388 5593 quae
2418 5523 2476 5578 tit
2503 5538 2598 5592 per
2623 5522 2802 5586 verba,
2834 5522 2932 5578 sed
2965 5537 3085 5593 qua:
3134 5538 3231 5593 per
3267 5537 3353 5577 res
3396 5520 3546 5590 ipsas.
3588 5510 3653 5566 ita
3685 5513 3781 5570 οτκο

2329 5635 2409 5705 (α).
2448 5635 2529 5685 Gr.
2549 5696 2559 5704 _
2583 5633 2930 5705 mbilicum:
2983 5631 3110 5705 Hinc
3135 5630 3395 5705 ducimus
3412 5629 3552 5705 .ltunc
3569 5625 3772 5705 13g“?

2270 5682 2410 5746 Oculi
2427 5682 2642 5748 euntium
2660 5682 2749 5758 in.
2768 5699 2833 5758 ιε⁸
2854 5682 3065 5758 sperent,
3098 5682 3145 5747 et
3168 5700 3218 5743 tu
3254 5690 3342 5743 das
3378 5689 3525 5758 cibum
3563 5682 3773 5758 suffiit“?

2272 5742 3296 5820 ᾆξὲιῖῥὸὲἷᾶῥῖὸὶιέὶἱιὸξτήίὲὲεὲἐέρῦηεηπι,
3316 5751 3442 5816 quod
3464 5742 3771 5820 meum;

2267 5800 2478 5930 egigni;
2505 5800 3526 5929 ἶοξῖἑιῖἰόᾚίι-ἑὲἷιῖιὲζῖᾘᾱὲ’τὲωρη
3557 5806 3600 5857 in
3625 5800 3771 5854 uento

2267 5897 2290 5930 a
2388 5895 2437 5930 33
2463 5895 2509 5929 m
2517 5919 2525 5929 .
2623 5916 2637 5930 .

2266 5895 2324 5930 au
2351 5895 2525 5931 1⁷831111.
2563 5895 2637 5930 «Η.
