4012 6280
267 331 369 392 465

264 447 527 503 exaltatur
572 439 734 507 Deus,
783 436 854 495 ita
893 435 1238 494 benedicitur.
1290 435 1363 490 lla
1398 438 1557 490 etiam
1600 436 1847 506 juhemur

264 539 440 594 dicere
467 534 519 588 iu
555 531 859 602 precatione
901 546 916 583 :
963 528 1320 596 Sanctiﬁcelur
1345 542 1524 579 nomen
1555 535 1715 591 tuum,
1750 525 1849 579 hoc

267 637 365 693 est,
398 624 746 699 gloriﬁcetur.
774 620 829 676 Ξ.
872 619 972 675 Per
996 619 1221 692 singulos
1258 615 1366 673 dies
1409 618 1692 672 benedicam
1738 618 1844 682 tibi,

263 730 313 777 et
336 719 557 776 laudabo
584 726 763 773 namen
789 725 930 769 tuum
958 716 1012 769 in
1050 715 1312 779 sarculum,
1340 721 1386 766 et
1413 713 1467 765 in
1488 711 1726 766 secutum
1754 727 1849 765 sae-

267 814 387 870 culi.
414 812 582 877 Alius,
615 808 679 863 In
705 808 947 863 sarculum
969 790 1228 876 perpetuo.
1253 804 1365 859 Hoc
1388 812 1470 859 est
1498 803 1550 857 in
1575 803 1756 873 primis
1776 802 1848 873 pii

267 902 455 969 animi,
481 916 509 955 a
540 899 699 955 rebus
723 913 841 969 quae
868 897 933 951 ad
960 896 1159 954 victum
1188 894 1455 965 pertinent
1481 893 1758 948 liberatum
1790 908 1849 947 se

268 995 482 1067 hymnis
505 991 772 1047 dedicare.
799 989 976 1057 Turpe
997 988 1138 1041 enim
1167 984 1341 1047 fuerit.
1375 992 1433 1039 ut
1474 984 1632 1037 homo
1652 984 1738 1055 qni
1770 992 1853 1038 est

267 1092 490 1155 compos
530 1082 772 1146 rationis,
799 1087 857 1134 et
881 1078 1127 1133 omnibus
1154 1092 1273 1146 qua:
1315 1076 1561 1130 videntur
1594 1084 1854 1145 prmstan-

269 1181 393 1241 tior,
420 1178 491 1231 sit
514 1185 757 1230 creatura
786 1174 838 1227 in
866 1172 960 1228 Dei
983 1171 1224 1225 laudibus
1250 1168 1471 1223 inferior
1499 1186 1513 1223 :
1543 1183 1647 1222 non
1677 1169 1849 1222 solum

269 1278 449 1324 autem
477 1277 647 1335 turpe,
671 1278 852 1319 verum
874 1262 1033 1317 etiam
1052 1261 1354 1315 absurdum.
1382 1259 1659 1328 Quomodo
1676 1266 1855 1312 autem

270 1374 379 1414 non
424 1356 736 1422 absurdum,
764 1354 1045 1424 siquidem
1098 1354 1213 1422 ipsa
1246 1351 1480 1422 quotidie
1525 1359 1683 1421 atque
1722 1350 1862 1403 adeo

271 1448 503 1520 singulis
548 1446 695 1501 horis
730 1445 941 1500 cmittit’
966 1444 1186 1496 Domino
1220 1441 1694 1512 gloriﬁcationem?
1732 1438 1854 1495 Gali

272 1541 438 1605 enim,
471 1537 660 1607 inquit,
692 1543 929 1588 enarrant
953 1533 1169 1604 gloriam
1206 1532 1321 1596 Dei,
1353 1540 1398 1585 et
1425 1547 1580 1602 opera
1616 1544 1857 1583 manuum

274 1633 389 1702 ejus
406 1628 677 1682 annuntiat
705 1626 1095 1695 ﬁrmamentum.
1128 1621 1252 1676 Dies
1288 1623 1387 1675 diei
1415 1629 1611 1674 emota!
1630 1619 1859 1686 acinum,

274 1734 327 1777 et
370 1737 476 1775 nox
528 1719 661 1773 nocti
713 1718 904 1771 indicat
941 1716 1198 1769 scientiam
1224 1714 1394 1787 (Prol.
1424 1714 1512 1769 18.
1552 1713 1606 1767 2.
1638 1710 1715 1784 3).
1744 1712 1855 1777 Sol,

277 1814 421 1875 luna,
464 1812 640 1864 varius
668 1815 937 1862 astrorum
973 1808 1189 1869 chorus,
1214 1813 1272 1858 et
1310 1804 1695 1874 pulcherrimus
1726 1802 1871 1855 ordo:

276 1913 595 1958 maerorum
619 1898 854 1953 omnium
884 1911 1037 1952 suum
1066 1896 1318 1966 praedicat
1344 1896 1620 1965 Opiﬁcem.
1650 1894 1751 1961 Qui
1778 1902 1861 1949 est

279 2008 407 2065 ergo
436 1992 520 2046 his
545 1988 795 2046 omnibus
820 1989 1155 2059 praestantior
1196 1988 1239 2042 si
1271 1987 1371 2041 hoc
1409 2001 1515 2040 non
1550 1987 1723 2048 faciat,
1764 1985 1859 2039 sed

281 2087 444 2140 etiam
497 2082 660 2136 vitam
718 2089 840 2150 agat
886 2094 1009 2149 quae
1058 2079 1364 2134 Creatorem
1422 2091 1577 2133 suum
1623 2076 1862 2131 maledici

284 2183 558 2248 procuret,
583 2172 853 2243 quomodo
872 2172 969 2226 erit
991 2172 1037 2226 is
1052 2168 1365 2240 dignns'ulla
1395 2173 1564 2232 venia,
1593 2178 1684 2225 aut
1705 2183 1875 2237 quam-

286 2270 481 2338 potcrit
515 2265 705 2321 aﬂerre
731 2266 812 2319 sui
841 2264 1226 2331 defensionem,
1269 2278 1393 2318 cum
1419 2262 1510 2333 qui
1546 2262 1665 2317 ideo
1699 2264 1871 2316 factus

283 2370 386 2420 cst,
416 2370 475 2412 ut
500 2358 607 2411 Deo
638 2357 860 2424 placeat,
900 2363 956 2411 et
980 2370 1202 2425 regnum
1232 2354 1464 2409 futurum
1489 2363 1863 2423 consequatur,

284 2452 403 2520 ejus
423 2448 643 2519 quidem
672 2447 872 2502 nullam
903 2447 1069 2501 ducat
1089 2446 1368 2508 rationem,
1394 2445 1495 2499 sed
1519 2445 1745 2514 negotiis
1767 2458 1874 2497 δειε-

286 2542 553 2597 caloribus
577 2539 827 2606 curistpie
854 2537 1135 2592 mundanis
1168 2552 1231 2592 se
1258 2535 1527 2606 implicet?
1550 2537 1620 2591 At
1655 2535 1742 2591 hic
1760 2551 1875 2590 non

287 2631 429 2694 talis,
466 2628 561 2684 sed
602 2643 697 2697 per
721 2636 884 2681 totam
921 2627 1081 2680 vitam
1108 2625 1365 2681 mrebat
1392 2626 1502 2682 Deo
1530 2625 1733 2692 laudes,
1763 2640 1875 2680 non

288 2721 463 2777 solum
487 2719 685 2783 verbis,
712 2719 807 2773 sed
849 2718 1008 2775 rebus
1042 2718 1197 2787 ipsis,
1228 2719 1339 2773 Deo
1355 2717 1498 2772 enim
1524 2719 1685 2774 multa
1711 2718 1877 2774 deben'

290 2828 433 2876 nius,
454 2811 596 2881 quod
625 2819 683 2865 et
702 2825 824 2867 cum
852 2825 957 2864 non
978 2825 1220 2865 essemus
1258 2808 1469 2873 latuerit,
1496 2819 1551 2865 et
1575 2810 1718 2881 quid
1742 2811 1879 2865 tales

288 2903 577 2965 creaverit,
606 2909 662 2956 et
686 2901 851 2957 factos
878 2910 1026 2971 regat
1052 2910 1107 2956 et
1125 2902 1416 2966 contineat,
1443 2909 1499 2956 et
1535 2899 1676 2968 quod
1705 2900 1878 2969 quoti-

294 2994 512 3051 dictam
536 2992 779 3061 privatim
797 3006 957 3061 quam
980 2993 1336 3047 communiter
1354 2990 1649 3061 provideat,
1676 2990 1877 3045 nostri-

299 3097 411 3153 que
435 3097 609 3136 curam
641 3089 811 3151 gerat,
852 3081 1009 3152 idque
1033 3081 1171 3136 clam
1206 3092 1261 3137 et
1296 3091 1507 3151 aperte,
1543 3081 1805 3151 nobisque
1822 3088 1883 3137 et

296 3172 592 3230 scientibus
619 3181 675 3227 et
706 3172 1085 3228 nescientibus.
1112 3171 1250 3238 Quid
1269 3173 1413 3227 enim
1438 3184 1574 3240 epos
1599 3179 1681 3227 est
1698 3170 1883 3226 dicere

296 3279 419 3335 quze
458 3263 561 3318 sub
600 3270 877 3333 aspectum
913 3262 1132 3330 cadunt,
1163 3277 1278 3333 qua:
1318 3271 1540 3334 propter
1578 3277 1677 3318 nos
1724 3260 1881 3317 fecit!

298 3353 677 3420 ministerium,
704 3351 843 3424 quod
865 3353 976 3423 ipsa
1003 3353 1262 3422 praebent,
1282 3354 1525 3422 corporis
1541 3352 1886 3408 constitutio.

299 3462 449 3513 nem,
480 3447 674 3501 animae
724 3446 1077 3512 nobilitatem,
1124 3444 1483 3515 quotidianam
1513 3445 1631 3513 ejus
1667 3459 1887 3501 (econo-

300 3542 466 3598 miam
500 3548 559 3595 et
579 3538 1116 3604 administrationem,
1147 3553 1243 3609 per
1277 3537 1554 3602 miracula,
1586 3552 1681 3607 per
1718 3538 1883 3608 leges,

299 3650 401 3705 per
428 3632 720 3703 supplicia,
760 3633 961 3686 variam
995 3640 1050 3686 et
1086 3645 1207 3701 qua!
1245 3629 1624 3701 comprehendi
1654 3643 1760 3684 non
1791 3644 1887 3698 po-

307 3736 411 3780 test
454 3725 574 3792 ejus
612 3722 1021 3792 providentiam,
1050 3721 1310 3776 bonorum
1340 3720 1576 3775 omnium
1603 3733 1886 3786 summam,

303 3817 449 3885 quod
481 3832 549 3870 ne
577 3814 713 3869 Filio
736 3814 948 3885 quidem
974 3828 1095 3869 suo-
1115 3814 1350 3884 pepercit
1388 3821 1602 3883 praptcr
1623 3829 1741 3878 nos,
1770 3828 1890 3884 quae

306 3906 415 3968 iam
439 3905 562 3959 data
587 3912 711 3958 sunt
741 3919 833 3973 per
875 3902 1214 3973 baptismum,
1250 3918 1344 3972 pcr
1385 3913 1736 3966 sacramenla,
1771 3917 1891 3973 qum

310 3997 484 4053 danda
512 4005 639 4051 sunt
663 3996 798 4051 bona
829 3996 915 4050 illa
940 3994 1248 4060 ineﬂabilia,
1274 4010 1516 4064 regnum,
1543 3995 1892 4050 resurrectio-

308 4107 458 4158 nem,
490 4089 839 4145 hereditatem
877 4088 1086 4159 plenam
1113 4087 1257 4142 omni
1299 4086 1656 4141 beatitudine?
1694 4086 1750 4140 Si
1776 4086 1895 4156 quis

314 4185 455 4239 enim
506 4198 671 4238 unum
718 4180 966 4252 quodque
1006 4196 1193 4236 eorum
1239 4188 1554 4245 enumerat,
1605 4179 1800 4235 incidet
1841 4180 1892 4234 in

312 4275 585 4332 inell'ubile
611 4274 829 4344 pelagus
869 4272 1283 4338 beneﬁciorum,
1316 4282 1371 4326 et
1399 4271 1595 4326 videbit
1632 4280 1763 4341 quot
1795 4285 1894 4325 no-

314 4368 553 4424 minibus
573 4367 646 4421 sit
674 4365 903 4435 benigno
930 4365 1035 4420 Deo
1056 4363 1317 4419 obnoxius
1343 4380 1358 4416 :
1388 4378 1493 4418 non
1520 4363 1690 4418 solum
1718 4371 1897 4417 autem

319 4467 536 4529 propter
559 4458 694 4522 haec,
720 4455 816 4513 sed
844 4455 1006 4511 etiam
1039 4463 1256 4525 propter
1290 4455 1625 4525 majestatem
1647 4455 1767 4524 ejus
1786 4455 1900 4523 glo-

316 4548 431 4613 rise,
459 4559 678 4617 propter
722 4545 1073 4603 substantiam
1096 4546 1164 4600 ab
1207 4545 1354 4601 omni
1394 4546 1609 4602 interitu
1647 4546 1896 4615 alienam.

318 4638 450 4693 Nam
481 4639 645 4693 etiam
674 4644 892 4707 propter
914 4651 1033 4692 cam
1057 4636 1282 4692 debetur
1317 4637 1365 4691 ei
1398 4651 1432 4691 a
1459 4637 1612 4691 nobis
1648 4637 1815 4707 gloria
1849 4644 1904 4691 et

320 4731 640 4795 benedictio,
670 4739 725 4783 et
748 4739 998 4798 perpetua
1024 4729 1311 4798 gratiarum
1330 4729 1491 4795 actio,
1520 4727 1693 4782 cultus
1719 4736 1773 4783 et
1798 4727 1903 4781 mi—

322 4823 598 4878 nisterium
641 4821 935 4876 assiduum.
966 4804 1078 4875 Hoc
1120 4820 1292 4889 ipsum
1317 4834 1447 4890 ergo
1483 4820 1743 4891 propheta
1770 4833 1903 4889 quo,-

326 4929 427 4979 que
449 4912 755 4983 significans
778 4910 986 4967 dicebat
1015 4929 1029 4966 :
1061 4910 1114 4967 5.
1161 4908 1382 4979 Magnus
1412 4909 1679 4975 Dominus,
1719 4920 1766 4966 et
1794 4911 1907 4964 lau-

326 5003 510 5059 dabilis
538 5002 688 5056 nimis
711 5017 732 5056 ι
755 5010 803 5055 et
832 5000 1191 5071 magnitudinis
1226 5000 1338 5068 ejus
1362 5015 1463 5054 non
1503 5008 1574 5054 est
1598 5000 1735 5065 ﬁnis.
1759 4999 1904 5068 Quo-

329 5094 469 5148 niam
499 5093 642 5148 enim
672 5091 829 5158 dixit,
856 5090 1159 5147 Benedicam
1187 5099 1233 5144 et
1259 5089 1499 5165 laudabo,
1531 5089 1763 5144 ostendit
1783 5105 1905 5145 eum

329 5202 431 5241 non
460 5199 623 5255 egere
654 5184 850 5240 n05tris
892 5182 1136 5252 laudibus
1163 5197 1264 5236 nec
1301 5180 1776 5247 benedictionibus,
1810 5196 1908 5237 nec

328 5283 444 5347 ejus
478 5279 667 5350 gloriae
705 5276 905 5346 aliquid
942 5275 1197 5331 accedere
1234 5290 1269 5330 a
1308 5273 1555 5329 laudibus
1595 5288 1779 5328 eorum
1819 5274 1909 5344 qui

335 5371 651 5443 ministrant.
675 5367 802 5437 Ejus
822 5367 964 5422 enim
984 5365 1276 5422 substantia
1293 5372 1381 5420 cst
1397 5365 1464 5420 ab
1479 5365 1695 5419 interitu
1715 5364 1907 5433 aliena,

333 5472 387 5517 et
411 5472 533 5534 eget
561 5461 709 5516 nullo
734 5460 859 5515 alio.
888 5460 987 5528 Qui
1012 5471 1191 5515 autem
1216 5460 1384 5529 ipsum
1404 5458 1638 5521 laudant,
1667 5458 1768 5526 ipsi
1790 5475 1914 5512 cva-

335 5555 464 5609 dunt
485 5554 765 5611 clariores.
800 5552 1131 5615 Nopsolum
1172 5561 1350 5623 autem
1397 5561 1613 5621 propter
1655 5552 1776 5618 hoc,
1819 5552 1913 5606 sed

333 5653 758 5716 etiarnjpropter
784 5644 1136 5701 excellentem
1156 5680 1157 5683 η
1174 5643 1293 5714 ejus
1317 5643 1538 5714 gloriam
1565 5642 1787 5711 debetur
1812 5642 1860 5696 ei
1884 5657 1915 5713 _a

336 5737 489 5794 nobis
512 5736 770 5805 laudatio,
795 5741 850 5791 et
876 5734 999 5791 ideo
1036 5734 1138 5793 hoc
1170 5736 1473 5807 significans
1509 5734 1661 5801 dixit,
1697 5732 1914 5805 Magnus

1360 319 1717 381 EXPOSlTlO
1758 320 1821 380 IN
1861 321 2183 383 PSALMUM
2221 324 2455 386 CXLIV.

3426 334 3530 391 ωσ

1954 435 2220 505 Dominus,
2239 450 2286 493 et
2313 439 2582 501 laudabilis
2597 441 2745 497 nimis
2762 457 2781 507 ,'
2807 443 2909 499 hoc
2928 453 3027 512 est,
3050 445 3250 502 nullius
3270 447 3531 518 indigens.

1951 529 2086 595 Quid
2108 539 2209 594 est,
2248 530 2584 587 Laudabilis?
2626 524 2823 605 Dignus
2856 536 2945 606 qui
2978 532 3242 605 laudibus,
3277 538 3551 594 encomiis’

1952 629 2006 674 et
2031 619 2242 692 hymnis
2267 622 2584 678 celebretur.
2607 623 2720 679 Non
2748 626 2834 681 est
2859 635 3035 682 autem
3071 628 3244 684 solum
3274 625 3533 683 Laudabi-

1954 712 2036 779 lis,
2067 712 2180 779 sed,
2214 709 2374 768 Valde
2401 712 2711 771 laudabilis:
2734 726 2790 772 et
2831 717 2952 772 ideo
2996 718 3099 775 hoc
3139 718 3333 789 adjecit
3371 737 3384 774 :
3412 735 3537 774 cum

1953 812 2132 858 autem
2158 819 2314 876 quam
2344 805 2413 860 sit
2436 805 2736 873 laudabilis,
2779 809 2957 864 verbis
3005 824 3112 864 non
3150 812 3537 880 possetexpri-

1954 908 2122 958 mere,
2173 894 2466 966 aubjunxit,
2506 896 2576 950 Et
2611 899 2973 970 magnitudinis
3010 901 3119 968 ejus
3146 917 3248 953 non
3275 896 3347 954 est
3377 900 3495 970 ﬁnis
3519 913 3543 954 :

1954 985 2094 1054 quod
2124 983 2336 1057 quidam
2363 987 2496 1042 alius
2560 991 2832 1059 interpres
2881 990 3038 1056 dixit,
3103 988 3356 1046 Intentio.
3386 990 3539 1060 Quod

1956 1091 2139 1161 autem,
2161 1081 2308 1148 dicit,
2339 1088 2422 1137 est
2446 1081 2705 1153 ejusmodi
2742 1100 2757 1136 :
2785 1083 3044 1155 Quoniam
3087 1100 3336 1155 maguum
3377 1085 3542 1138 hach

1959 1172 2261 1238 Dominum,
2289 1172 2363 1228 sis
2389 1187 2603 1244 quoque
2643 1182 2694 1227 tu
2726 1174 2985 1237 excelsus,
3013 1182 3069 1229 et
3104 1164 3155 1228 te
3181 1173 3369 1244 expedi
3397 1190 3427 1226 a
3459 1190 3541 1226 re-

1958 1262 2056 1316 bus
2085 1280 2202 1334 qua:
2226 1263 2292 1318 ad
2322 1262 2461 1318 hanc
2498 1262 2659 1318 vitam
2688 1265 2971 1334 pertinent.
3004 1265 3169 1321 Sume
3206 1266 3423 1335 spiritus
3451 1264 3542 1335 qui

1958 1363 2213 1424 superent
2240 1355 2578 1425 praesentium
2617 1371 2796 1410 rerum
2843 1357 3217 1423 humilitatem,
3250 1372 3355 1411 non
3385 1364 3441 1410 ut
3469 1357 3545 1409 sis

1958 1446 2100 1500 elato
2129 1447 2306 1500 animo
2328 1454 2387 1500 et
2408 1446 2665 1514 insolens,
2693 1447 2785 1502 sed
2809 1464 2999 1520 magno
3018 1457 3073 1504 et
3097 1449 3312 1505 excelso
3340 1449 3539 1503 animo.

1960 1534 2119 1593 Aliud
2161 1540 2301 1593 enim
2349 1540 2669 1610 arrogantia,
2725 1549 2780 1594 et
2829 1541 2973 1596 aliud
3014 1540 3321 1614 magnitudo
3359 1541 3541 1594 animi.

1962 1624 2056 1684 Est
2075 1630 2214 1685 enim
2240 1645 2516 1701 arrogans,
2561 1632 2649 1702 qui
2680 1641 2897 1702 propter
2934 1647 3022 1686 res
3062 1648 3248 1702 parvas
3273 1648 3331 1687 se
3357 1632 3541 1703 iactat,

1961 1716 2013 1775 e't
2038 1736 2323 1776 conservos
2350 1721 2606 1792 de5picit;
2634 1722 2742 1776 alto
2760 1731 2936 1777 autem
2963 1732 3045 1777 est
3062 1725 3259 1790 animo,
3286 1725 3372 1794 qui
3398 1739 3548 1778 men.

1965 1823 2015 1871 te
2045 1821 2127 1867 est
2169 1813 2402 1879 humilis,
2438 1822 2492 1867 et
2538 1812 2816 1884 praisentis
2856 1814 2977 1868 vitae
3007 1830 3227 1885 pompas
3271 1815 3398 1868 nihil
3429 1830 3547 1869 esse

1964 1905 2251 1959 existimat.

2034 1995 2088 2050 2.
2139 1995 2325 2050 Contra
2360 1995 2644 2050 Anomaeos.
2667 2026 2739 2037 -—
2767 1996 2862 2052 Ubi
2895 2011 3035 2051 nunc
3076 2005 3196 2052 sunt
3241 1996 3328 2068 qui
3368 1996 3550 2053 dicunt

1966 2082 2025 2143 se
2054 2090 2220 2143 Deum
2242 2088 2312 2140 ita
2334 2102 2513 2151 nosse,
2544 2086 2679 2140 sicut
2706 2096 2761 2141 et
2802 2087 2913 2155 ipse
2950 2088 3182 2155 seipsum
3214 2086 3402 2140 novit?
3438 2089 3548 2138 Αυ-

1967 2179 2115 2232 diant
2140 2179 2452 2248 prophetam
2497 2177 2784 2241 dicentem,
2816 2178 3182 2247 Magnitudinis
3221 2178 3329 2249 ejus
3356 2193 3451 2229 non
3481 2185 3551 2229 est

1968 2269 2106 2337 ﬁnis,
2138 2279 2189 2323 et
2211 2269 2528 2323 erubescant
2552 2267 2620 2322 de
2651 2268 2853 2321 insania
2881 2264 3087 2340 sua(a).

2045 2359 2214 2431 Opera
2238 2358 2333 2413 Dei
2361 2361 2469 2430 ejus
2517 2358 2876 2429 providentiam
2904 2358 3187 2411 laudantia.
3209 2388 3280 2398 —
3307 2356 3363 2411 4.
3394 2356 3553 2411 Uene-

1970 2452 2100 2505 ratio
2121 2461 2165 2504 et
2185 2449 2439 2525 generatio
2479 2447 2702 2502 lattdabit
2732 2464 2886 2517 opera
2906 2456 3012 2501 tua.
3040 2445 3191 2516 Quod
3221 2446 3395 2501 facere
3421 2459 3552 2499 cou-

1973 2543 2177 2601 sucvit.
2211 2540 2262 2595 id
2308 2555 2520 2611 quoque
2544 2538 2690 2593 facit.
2721 2537 2944 2613 Quando
2989 2540 3132 2592 etiim
3181 2536 3414 2592 laudavit
3439 2537 3563 2609 ejus

1976 2632 2393 2704 magnitudinem
2424 2640 2479 2688 et
2513 2632 2757 2702 gloriam,
2786 2631 2931 2685 venit
2967 2631 3126 2685 etiam
3176 2629 3241 2684 ad
3267 2629 3383 2700 ejus
3411 2629 3555 2684 cele-

1977 2724 2177 2779 branda
2204 2739 2385 2794 opera.
2418 2722 2530 2777 lloc
2559 2723 2732 2791 ipsum
2763 2722 2849 2775 hic
2880 2714 3090 2793 quoque
3118 2721 3271 2785 facit,
3301 2730 3354 2775 et
3381 2720 3510 2794 dicit
3541 2737 3554 2773 :

1980 2789 2257 2868 Geueralid
2275 2822 2323 2867 et
2367 2789 2622 2886 generatio
2670 2789 2914 2866 laudabili
2934 2789 3088 2881 opera
3133 2808 3239 2876 tua,
3271 2789 3559 2865 ostendens

1980 2893 2395 2974 magnitudinem
2422 2903 2538 2972 ejus
2563 2919 2628 2957 ex
2656 2902 2926 2972 operibus.
2943 2901 3055 2957 Hoc
3074 2909 3175 2965 est,
3198 2901 3312 2956 Non
3339 2916 3449 2955 uno
3473 2916 3561 2955 so-

1982 2995 2089 3050 lum
2124 3007 2361 3065 tempore
2391 2994 2525 3048 facta
2556 3002 2680 3048 sunt
2720 3001 2778 3051 et
2824 2993 3236 3063 praeterierunt,
3280 2982 3454 3061 neque
3505 2990 3559 3044 in

1982 3086 2192 3142 duobus
2219 3095 2311 3141 aut
2338 3087 2508 3141 tribus
2532 3087 2708 3152 armis,
2738 3087 2834 3141 sed
2866 3101 2960 3157 per
2986 3085 3293 3140 universum
3325 3097 3564 3153 pt-a‘sens

1986 3179 2236 3234 saeculum
2266 3177 2662 3243 extenduntur,
2710 3177 2781 3233 ita
2806 3185 2867 3232 ιιι
2914 3191 3244 3250 unaquaeque
3289 3175 3563 3248 generatio

1986 3271 2102 3340 ejus
2129 3283 2294 3340 opera
2320 3268 2731 3339 contempletur.
2760 3267 2875 3323 Hoc
2912 3277 2996 3324 est
3023 3268 3190 3334 enim,
3219 3264 3489 3323 Generatio
3518 3275 3566 3319 et

1987 3362 2238 3434 generatio
2261 3376 2279 3414 :
2299 3371 2351 3415 et
2377 3376 2497 3431 qua:
2524 3368 2623 3423 est,
2657 3359 2849 3430 inquit,
2873 3367 2928 3414 et
2950 3373 3069 3430 quae
3097 3360 3353 3430 sequitur,
3372 3367 3426 3412 et
3449 3374 3568 3428 qua:

1989 3461 2110 3524 post
2154 3452 2299 3506 illam
2356 3450 2530 3506 futura
2559 3460 2663 3517 est,
2694 3460 2750 3506 et
2789 3466 2908 3521 qua:
2947 3466 3133 3505 rursus
3175 3460 3295 3520 post
3324 3464 3464 3514 eam,
3515 3460 3568 3503 et

1990 3557 2318 3614 unaquaeque
2345 3559 2527 3614 earum
2571 3559 2690 3613 quae
2719 3550 3014 3614 sequuntur
3042 3560 3057 3600 :
3090 3556 3273 3597 rursus
3303 3551 3568 3606 creatura,

1990 3653 2108 3709 qum
2138 3636 2238 3691 hoc
2263 3637 2411 3691 omni
2437 3645 2677 3707 tempore
2703 3636 2949 3690 similiter
2987 3636 3289 3691 extenditur
3312 3676 3328 3701 ,
3379 3648 3572 3702 nempe

1992 3728 2200 3790 caelum,
2228 3737 2386 3793 terra,
2414 3742 2581 3793 mare,
2601 3742 2713 3794 aer,
2733 3727 2897 3794 lacus,
2930 3725 3308 3793 fontes,llnvii,
3343 3728 3569 3787 semina,

1993 3823 2206 3893 plautio,
2235 3819 2434 3885 herbae,
2458 3829 2513 3875 et
2537 3836 2655 3892 qua:
2679 3833 2744 3875 ex
2771 3819 2834 3873 iis
2860 3819 3139 3888 capiuntur
3165 3817 3441 3880 beneﬁcia,
3485 3832 3575 3870 na-

1996 3924 2128 3969 turae
2153 3929 2342 3968 cursus
2362 3915 2451 3982 qui
2481 3928 2767 3984 numquam
2806 3912 3229 3983 interrumpitur,
3259 3911 3479 3973 imbres,
3523 3918 3578 3962 et

1998 4016 2296 4073 temporum
2328 4005 2720 4061 vicissitudines
2740 4015 2887 4060 certo
2914 4005 3101 4060 ordine
3138 4003 3353 4059 assidue
3393 4016 3578 4071 procc-

1997 4095 2208 4161 dentes,
2228 4110 2354 4160 nox,
2379 4095 2514 4152 dies.
2538 4095 2643 4160 sol,
2676 4093 2819 4158 luna,
2838 4103 3002 4155 astra,
3022 4095 3121 4147 alia
3149 4094 3346 4153 omnia,
3378 4101 3432 4146 et
3459 4086 3578 4164 qlne

1996 4186 2194 4259 ’przuter
2225 4184 2339 4241 hmo
2364 4184 2600 4255 quotidie
2628 4183 2757 4237 ﬁunt
2786 4192 2840 4238 et
2861 4183 3104 4254 privntim
3143 4191 3198 4236 et
3226 4182 3580 4236 communiter

2001 4258 2067 4329 ad
2096 4273 2465 4344 corrigendum
2494 4282 2547 4328 et
2590 4273 2847 4327 beneﬂcio
2899 4271 3234 4349 afﬁciendum
3273 4258 3578 4324 universnni

2004 4379 2170 4433 genus
2197 4363 2469 4417 hominum
2488 4404 2503 4429 ,
2534 4377 2652 4432 qum
2679 4361 2894 4417 assidue
2919 4361 3115 4417 iudicis
3142 4353 3464 4416 eveniebant
3486 4349 3583 4413 mil

2003 4455 2215 4521 racula,
2249 4455 2429 4523 signa,
2476 4450 2804 4523 providentia
2862 4452 2915 4506 in
2943 4453 3148 4522 frugum
3205 4448 3583 4522 proventibus,

1998 4544 2338 4616 providentia
2371 4544 2423 4598 in
2451 4542 2673 4597 victoria
2723 4534 2977 4597 adversus
3022 4538 3222 4609 hostes,
3252 4542 3585 4613 providentia

2006 4651 2124 4706 quae
2152 4643 2237 4690 est
2281 4636 2331 4689 in
2359 4634 2476 4688 aliis
2517 4634 2786 4701 omnibus,
2808 4635 2982 4704 qualia
3013 4632 3224 4689 lucrum
3263 4635 3315 4688 in
3355 4633 3588 4688 adventu

2007 4726 2226 4791 Christi,
2238 4725 2426 4794 'qualia
2450 4734 2690 4795 tempore
2706 4725 3103 4794 apostolorum,
3138 4726 3313 4795 qualia
3327 4740 3331 4744 '
3346 4714 3588 4794 tempore

2004 4806 2499 4887 persequutionum,
2530 4828 2649 4884 quae
2674 4815 2887 4885 quidem
2919 4815 3133 4870 fuerunt
3159 4808 3388 4885 antiquis
3420 4815 3576 4883 longe

2011 4909 2159 4978 plura
2185 4917 2239 4962 et
2262 4906 2483 4975 majora,
2509 4906 2681 4977 qualia
2708 4903 2866 4961 etiam
2895 4915 3074 4961 nostra
3098 4905 3197 4961 hac
3223 4894 3586 4975 generalium-ﬂ

2006 5000 2221 5056 Nullum
2267 5008 2348 5055 est
2389 4999 2530 5054 enim
2567 5006 2776 5068 tempus
2799 5039 2815 5065 ,
2846 4999 2984 5066 quod
3035 4998 3195 5050 etiam
3246 5002 3441 5071 praeter
3478 4994 3593 5049 haec

2011 5093 2309 5147 communia
2339 5105 2443 5144 non
2475 5090 2609 5144 ferat
2633 5090 2840 5160 signum
2869 5090 2984 5158 ejus
3005 5070 3477 5158 providentim.'Et
3499 5070 3593 5153 ροτ-

2015 5186 2219 5239 lentiam
2249 5195 2386 5236 tuam
2414 5184 2804 5239 annuntiabunt.
2841 5181 2905 5234 Et
2939 5195 3035 5251 per
3078 5178 3356 5238 beneﬁcia.
3387 5178 3593 5243 inquit,

2013 5287 2067 5332 et
2099 5292 2192 5346 per
2219 5276 2496 5345 supplicia.
2525 5274 2645 5329 Non
2670 5281 2849 5331 cessat
2876 5273 3017 5327 enim
3054 5270 3199 5325 omni
3222 5270 3427 5323 ratione
3457 5267 3596 5322 Deus

2002 5370 2160 5429 ,omui
2189 5377 2427 5436 tempore
2462 5373 2657 5419 nostra:
2678 5372 2884 5418 natura:
2902 5363 3224 5432 prospicere.
3249 5360 3302 5415 5.
3347 5357 3596 5429 Magniﬁ-

2086 5489 2159 5554 (ιι)
2194 5489 2294 5554 Gr._
2314 5486 2703 5554 αξσχιινέᾳϐωσαν
2736 5483 2811 5532 ἐπὶ
2944 5478 3099 5543 οἰκείᾳ
3503 5476 3592 5554 ζἐπὶ

2019 5571 2068 5605 τ.
2091 5541 2159 5599 bi:
2189 5566 2259 5611 p..,
2282 5541 2485 5611 habent
2503 5547 2602 5595 duo
2620 5558 2760 5602 mss,
2797 5541 2982 5611 recte;
3003 5541 3112 5588 nam
3146 5541 3419 5611 insectatur
3460 5541 3595 5611 Ann:

2021 5600 2202 5670 minus,
2229 5600 2317 5671 qui
2361 5605 2592 5663 dicebant
2643 5618 2698 5653 se
2749 5600 2900 5671 nosse
2946 5603 3138 5671 Deum,
3180 5605 3236 5648 ιιι
3291 5600 3425 5666 Deus
3464 5601 3598 5671 novit

2022 5658 2262 5735 scipsdm'.
2296 5658 2727 5735 Quatuor‘au-tem
2768 5667 2872 5714 haec
2911 5662 3063 5712 verba
3109 5663 3319 5735 deerant
3367 5658 3417 5709 iu
3469 5661 3594 5731 ιᾳιιι.

2029 5725 2198 5785 Morel.
2218 5738 2271 5779 et
2294 5725 2342 5779 in
2366 5727 2477 5779 Savi
2503 5729 2626 5776 .Sed
2649 5725 2727 5776 hic
2746 5734 3096 5790 postremusea
3126 5733 3258 5772 notat
3285 5725 3335 5770 in
3354 5725 3595 5783 margine.
