4012 6280
487 328 589 381 4(7

490 443 702 494 centiam
729 435 906 509 gloria'
954 431 1235 488 sanctitatis
1262 439 1361 483 tua:
1387 430 1649 497 loquentur
1668 468 1683 491 ,
1728 434 1771 478 et
1818 421 2069 475 mirabilia

493 545 581 587 tua
608 530 905 585 narrabant.
938 526 1088 582 Alius
1119 523 1218 598 (a),
1251 519 1692 575 Pulchritudinem
1744 515 1909 571 laudis
1950 523 2069 578 ture,

492 634 538 678 et
565 621 711 677 uerba
742 619 1047 673 mirabilium
1069 627 1267 669 tuorum
1298 611 1592 665 narrabunt.
1624 606 1913 677 Postquam
1936 604 2071 657 dixit

495 714 786 785 potentiam
805 752 819 774 ,
858 707 1088 763 ostendit
1118 706 1276 760 etiam
1303 718 1419 758 eam
1451 698 1743 770 potentiam
1769 711 1889 753 esse
1938 694 2074 748 insi-

491 819 651 874 gnem
675 810 731 857 et
752 800 1021 856 eximiam.
1048 797 1227 865 Neque
1254 794 1395 848 enim
1418 790 1752 860 simpliciter,
1786 800 1958 856 neque
1988 799 2075 839 res

496 895 743 964 vulgares
792 891 954 954 fecit,
999 886 1094 943 sed
1122 886 1303 942 omnia
1343 895 1450 939 tam
1500 879 1830 937 admirabilia
1873 888 1929 933 et
1967 886 2075 931 tam

498 981 827 1040 incredibilia
878 987 1132 1051 perpetuo
1159 977 1305 1043 fecit,
1338 975 1459 1044 plus
1486 988 1646 1045 quam
1676 984 1868 1040 capere
1895 976 2078 1038 posset

493 1080 721 1131 humana
755 1080 940 1127 natura
966 1085 1217 1140 operans,
1241 1076 1301 1121 ut
1319 1082 1438 1136 quat
1478 1065 1631 1128 ﬁunt,
1655 1062 1763 1117 sint
1792 1060 1946 1131 plena
1972 1059 2077 1113 mi-

494 1166 677 1222 raculo
702 1174 754 1220 et
783 1164 967 1235 gloria.
993 1160 1282 1217 Considera
1312 1172 1440 1227 ergo
1456 1172 1573 1227 qua:
1600 1154 1653 1209 in
1676 1152 1929 1224 Egypto,
1956 1164 2077 1221 quas

493 1258 548 1312 in
592 1256 869 1312 Palazstina
900 1252 1035 1309 facta
1083 1260 1207 1305 sunt
1243 1260 1482 1318 tempore
1508 1244 1734 1301 Abrahae
1759 1286 1773 1308 ,
1804 1243 1982 1307 Isaac,
2024 1248 2079 1295 et

493 1350 690 1421 Josepli
718 1368 731 1404 :
760 1364 943 1403 rursus
972 1361 1091 1417 qua:
1119 1345 1170 1398 in
1192 1343 1426 1413 Egypto
1455 1348 1696 1408 tempore
1734 1334 1896 1390 Hosis
1916 1376 1930 1393 .
1958 1348 2078 1404 quae

495 1444 547 1497 in
598 1438 903 1505 solitudine,
948 1452 1066 1508 quas
1106 1442 1226 1506 post
1268 1433 1566 1503 ingressum
1601 1446 1614 1481 :
1646 1428 1824 1482 denuo
1870 1439 1988 1497 quae
2024 1424 2079 1478 in

493 1531 820 1604 captivitate,
845 1543 963 1600 quas
984 1530 1084 1583 sub
1094 1524 1604 1587 Nabuchodonosor,
1625 1537 1744 1591 quae
1770 1519 1823 1574 in
1842 1518 2078 1583 fornace,

491 1641 611 1695 quae
638 1626 690 1680 in
722 1622 988 1688 leonibus,
1020 1636 1138 1691 qua:
1170 1620 1222 1673 in
1263 1616 1471 1681 reditu,
1517 1629 1636 1685 quae
1679 1613 1731 1667 in
1778 1608 2075 1679 prephetis.

492 1717 618 1773 Hmc
642 1716 785 1771 enim
812 1713 990 1770 omnia
1012 1709 1373 1781 praedicabant
1397 1706 1514 1773 ejus
1541 1704 1632 1775 qui
1665 1702 2079 1766 fecitvirtutem,

493 1808 739 1878 gloriam,
763 1805 1119 1873 majestatem,
1142 1798 1419 1855 atlerentia
1449 1809 1698 1866 magnum
1727 1802 1998 1862 stuporem
2025 1796 2083 1845 et

495 1898 927 1954 admirationem.

573 1989 822 2061 Pestifera
844 2003 904 2041 ac
930 1986 1081 2039 noxia
1101 1984 1251 2038 etiam
1277 1978 1373 2035 Dei
1398 1986 1516 2033 sunt
1556 1975 1896 2047 providentia.
1929 2002 1999 2013 —
2023 1973 2076 2028 ϐ.

502 2082 571 2138 Et
598 2083 831 2135 uirtutem
852 2075 1148 2132 terribilium
1177 2085 1379 2127 tuorum
1405 2070 1590 2132 dicent,
1609 2077 1657 2122 et
1684 2064 2082 2136 magnitudinem

496 2186 635 2231 tuam
658 2174 952 2228 narrabunt.
982 2169 1087 2224 Per
1117 2167 1229 2221 haec
1254 2163 1487 2220 ostendit
1508 2175 1627 2217 esse
1657 2160 1943 2228 perfectam
1965 2156 2082 2226 ejus

497 2265 788 2338 potentiam
808 2261 875 2315 ad
898 2255 1351 2318 benefaciendum,
1375 2253 1441 2308 ad
1462 2249 1808 2323 puniendum,
1834 2247 2081 2304 etomnia

496 2372 617 2429 qua:
648 2362 953 2410 enumerata
975 2358 1101 2405 sunt
1129 2358 1409 2417 utrumque
1432 2340 1738 2413 complecti.
1762 2339 1876 2395 Hoc
1903 2348 2082 2393 autem

499 2455 680 2520 potest
706 2445 874 2501 videri
904 2458 1010 2498 non
1038 2442 1211 2497 solum
1239 2440 1291 2494 in
1323 2438 1387 2493 iis
1435 2452 1556 2508 quae
1585 2444 1710 2489 tunc
1763 2438 2079 2496 evenerunt,

498 2540 597 2596 sed
621 2539 784 2594 etiam
820 2537 872 2591 in
910 2533 1192 2599 creaturis,
1222 2541 1277 2586 et
1318 2529 1600 2598 utriusque
1645 2524 1887 2581 beneﬁcii
1917 2523 2082 2577 multa

498 2647 622 2689 esse
650 2630 1024 2693 instrumenta,
1068 2632 1251 2694 utpote
1277 2636 1455 2677 rerum
1502 2616 1717 2690 quidem
1745 2614 2082 2681 terribilium,

500 2723 727 2795 fulgura,
756 2720 987 2775 tonitrua
1010 2715 1051 2786 ί,
1087 2715 1324 2778 fulmina,
1361 2712 1543 2783 igneos
1574 2709 1831 2775 turbines,
1856 2715 2082 2777 pestem,

501 2816 671 2881 nives,
696 2813 1031 2886 grandinem,
1054 2808 1369 2880 rubiginem,
1391 2804 1533 2876 gelu,
1564 2801 1830 2867 incendia,
1861 2798 2086 2855 inunda-

503 2910 711 2973 tiones;
740 2907 793 2961 in
823 2902 1125 2974 reptilibus,
1148 2901 1431 2961 dracones,
1468 2896 1730 2965 scorpios,
1762 2900 2040 2962 serpentes
2064 2906 2082 2957 ;

506 3003 561 3056 in
586 2997 909 3064 volucribus,
934 2996 1222 3056 locustam;
1251 3000 1304 3045 et
1326 2989 1379 3045 in
1410 2989 1474 3043 iis
1499 3003 1618 3059 qua:
1658 2995 1781 3041 sunt
1802 2986 2008 3055 abjecta
2031 2993 2086 3040 et

505 3092 647 3157 vilia,
680 3091 1053 3167 cynomyiam,
1081 3096 1334 3138 erucam:
1380 3095 1499 3150 quae
1549 3080 1661 3148 ipsa
1695 3092 1907 3147 quoque
1963 3084 2087 3131 sunt

507 3165 856 3251 providentiae
891 3194 905 3231 :
935 3185 989 3231 et
1007 3189 1124 3246 qua:
1153 3172 1395 3226 homines
1414 3177 1748 3233 convertant,
1781 3184 1811 3221 a
1843 3165 2085 3221 socordia

505 3272 754 3336 liberent,
797 3284 825 3322 a
865 3265 1132 3340 profundo
1170 3277 1361 3317 somno
1400 3262 1651 3326 excitent,
1701 3274 1730 3312 a
1756 3269 1977 3313 veterno
2018 3257 2084 3311 ad

505 3363 827 3433 vigilantiam
857 3360 1156 3415 traducaut.
1189 3357 1303 3411 Non
1327 3354 1499 3410 solum
1525 3361 1702 3408 autem
1733 3352 1786 3406 in
1822 3351 1902 3405 his
1926 3393 1941 3417 ,
1990 3351 2086 3405 sed

506 3456 665 3510 etiam
715 3456 769 3507 in
800 3451 1083 3507 contrariis
1112 3457 1195 3503 est
1235 3449 1403 3501 virtus
1432 3445 1547 3515 ejus
1576 3444 1829 3514 perfecta.
1876 3443 1938 3496 Et
1968 3442 2087 3497 ideo

505 3563 628 3602 cum
661 3561 757 3598 nos
786 3544 901 3597 hate
929 3542 1091 3596 vellet
1117 3541 1331 3602 docere,
1358 3547 1632 3608 postquam
1655 3534 1810 3597 dixit,
1840 3531 2086 3587 Virtutem

506 3638 803 3694 terribilium
831 3648 1030 3689 tuorum
1061 3634 1245 3695 dicent,
1270 3642 1315 3685 et
1346 3629 1769 3700 magniﬁcentiam
1796 3638 1933 3680 tuam
1962 3643 2085 3679 uar-

505 3734 709 3797 rubunt,
736 3729 1008 3800 subjunxit
1032 3746 1043 3780 :
1072 3728 1123 3781 7.
1152 3724 1451 3779 Memoriam
1474 3722 1801 3775 abundantia:
1827 3719 2088 3773 suauitatis

505 3837 607 3879 tua:
649 3822 960 3877 eruetabunt.
1007 3820 1175 3884 Alius,
1209 3816 1457 3870 Bonitatis
1502 3821 1619 3867 tua.
1671 3812 1739 3866 Et
1776 3813 1977 3883 justitia
2004 3822 2091 3864 tua

505 3912 824 3969 exsultabant
847 3911 941 3983 (b).
972 3909 1124 3977 Quod
1152 3908 1287 3962 alius
1327 3906 1460 3961 dixit
1487 3906 1770 3974 interpres,
1795 3902 1861 3956 Et
1891 3903 2088 3957 miseri-

505 4005 704 4059 cordias
727 4013 839 4056 tuas
879 4002 1157 4056 laudabant
1185 3998 1274 4072 (ε).
1300 3998 1408 4053 Nos
1436 4006 1615 4052 autem
1642 3995 2087 4065 quemadmodum

507 4094 761 4148 terribilia
792 4090 1241 4154 enumeravimus,
1278 4088 1348 4143 ita
1377 4088 1537 4143 etiam
1569 4102 1787 4143 necesse
1827 4096 1909 4141 est
1945 4086 2091 4141 dica-

506 4201 623 4240 mus
650 4200 836 4239 eorum
867 4182 1134 4239 contraria
1158 4198 1173 4246 ;
1211 4194 1404 4249 nempe
1434 4180 1488 4233 in
1518 4179 1582 4233 iis
1611 4194 1729 4248 quae
1749 4177 2017 4242 videntur,
2037 4183 2093 4231 et

506 4296 628 4351 qua:
653 4279 793 4335 circa
821 4293 915 4333 nos
938 4287 1083 4343 sunt,
1108 4290 1314 4329 annuas
1342 4283 1640 4343 temporum
1670 4269 2088 4337 vicissitudines,

508 4372 645 4437 dies,
678 4372 882 4432 hortos,
917 4379 1088 4438 prata,
1139 4366 1298 4421 ﬂores
1328 4366 1524 4429 varios,
1556 4379 1749 4435 aquam
1780 4363 1989 4417 dulcem
2038 4371 2093 4416 et

509 4460 796 4530 potabilem
823 4499 837 4524 ,
869 4457 1150 4513 commoda
1180 4472 1298 4527 quae
1340 4456 1621 4525 capiuntur
1663 4468 1728 4509 ex
1793 4452 2089 4519 imbribus,

511 4561 668 4606 teme
695 4560 897 4619 partus,
919 4550 1093 4603 varios
1118 4547 1340 4612 fructus,
1372 4546 1609 4602 diversas
1634 4544 1875 4612 arbores,
1903 4558 2093 4599 suaves

511 4653 724 4707 ventos,
757 4643 984 4696 solerem
1008 4641 1236 4701 radium,
1270 4640 1511 4694 lunarem
1534 4636 1855 4709 lampadem,
1885 4636 2091 4690 varium

510 4744 779 4792 astrorum
808 4732 1030 4787 chorum
1054 4773 1069 4799 ,
1101 4731 1333 4801 quietam
1375 4738 1428 4783 et
1472 4727 1811 4799 tranquillam
1843 4736 2088 4780 noctem:

509 4838 567 4885 et
594 4828 646 4882 in
675 4826 865 4890 brutis,
896 4838 1043 4891 oves,
1074 4823 1259 4887 boves,
1288 4831 1343 4877 et
1365 4835 1585 4890 capras;
1618 4828 1672 4874 et
1697 4820 1749 4873 in
1772 4819 2090 4888 agrestibus,

508 4936 731 4994 capreas
749 4961 765 4988 ,
792 4932 998 4984 cervos,
1026 4917 1257 4985 lepores,
1275 4913 1441 4968 etalia
1464 4913 1721 4982 plurima;
1741 4920 1790 4965 et
1805 4912 1854 4963 iu
1877 4909 2095 4964 volucri-

511 5017 632 5082 bus,
657 5028 784 5070 aves
804 5010 1077 5077 Indicas”;
1103 5009 1157 5062 in
1187 5005 1316 5077 ipsis
1336 5004 1585 5074 operibus
1608 5001 1771 5056 videri
1794 5010 1966 5071 potest
1987 5015 2093 5054 non

574 5188 590 5218 ¹
626 5183 698 5232 Sic
716 5179 877 5240 Savil.;
904 5190 1016 5235 vox,
1060 5171 1290 5240 tonitrua,
1324 5165 1572 5240 deerat-ﬁn
1611 5162 1776 5211 Morel.
1804 5157 2090 5240 Pauli-ipost,

510 5223 922 5303 vox,wrubi§inem,
931 5223 1077 5303 deest
1099 5223 1150 5285 iu
1171 5223 1309 5284 Savil.
1326 5245 1340 5293 ;
1365 5230 1453 5281 sed
1472 5228 1605 5277 illam
1617 5237 1789 5276 vocem
1804 5223 1965 5284 adjicit
1988 5224 2093 5283 ipse

511 5299 945 5373 {muloinﬁ'aposh
1300 5355 1361 5373 ,Α
1424 5364 1427 5373 ι
1503 5359 1571 5373 ,Α
1631 5362 1641 5373 _
1684 5348 1871 5373 ,ηδ-η
1900 5345 1944 5373 η,

573 5344 1260 5425 ἵ
1290 5355 1474 5425 lissam.
1503 5348 1873 5425 'gswlegisse
1900 5344 2094 5394 videtur

508 5434 771 5483 centiauus
793 5418 1049 5482 Hei-vetus;
1069 5423 1151 5485 qui
1177 5418 1344 5473 vertit,
1368 5422 1720 5485 aves_canoras.
1772 5471 1780 5480 _

899 5470 1277 5545 'hi‘eintErpres,
1304 5470 1368 5527 ne
1391 5475 1669 5553 conjectura
1701 5470 1901 5534 quidem
1927 5480 2095 5531 possu-

511 5566 1038 5677 m‘ibmierpres
1059 5607 1175 5677 quis
1186 5605 1248 5655 sit
1271 5602 1539 5664 ignoratur.
1567 5603 1677 5645 Haec
1701 5600 1881 5653 autem,
1910 5591 2092 5642 bonita-

578 5619 652 5677 (ὁ)
686 5619 770 5662 Hic
792 5619 1038 5672 interpres
1059 5619 1175 5716 unis
1186 5619 1248 5655 Sil
1271 5619 1534 5664 Ignoratur.

512 5680 572 5726 tta
592 5684 705 5733 tua,
721 5674 898 5722 desunt
914 5674 960 5718 in
981 5678 1082 5717 Savn
1108 5705 1121 5717 .
1282 5732 1287 5733 ί
1489 5722 1499 5733 Ι
1525 5723 1534 5731 ι

581 5722 675 5799 (if
688 5722 797 5782 llaec
822 5733 1155 5793 interpretatio
1182 5734 1257 5777 cst
1275 5722 1555 5787 Symmachi.

1288 312 1349 365 ε.
1394 310 1667 368 JOANNIS
1700 302 2167 363 CllRYSOSTOlll
2196 303 2511 358 ARCIIIEP.
2553 303 3085 364 cousmxmor.

3678 315 3777 366 468

2180 417 2349 470 solum
2375 419 2619 489 puniens,
2644 421 2736 475 sed
2774 421 2930 491 longe
2960 422 3120 476 etiam
3153 422 3381 492 amplius
3407 422 3671 476 beneﬁcio
3698 424 3778 477 af-

2181 508 2367 564 ﬁciens
2386 527 2543 580 quam
2569 515 2813 581 puniens.
2841 515 2907 569 Et
2937 514 3025 567 illa
3056 513 3270 583 quidem
3317 515 3539 569 terroris
3568 517 3773 584 gratia;

2179 600 2291 655 etsi
2310 616 2370 655 ea
2397 602 2678 672 aliquando
2707 621 2891 661 revera
2922 606 3285 671 intentaverit,
3332 607 3384 661 id
3408 604 3536 661 facit
3558 616 3771 676 pr0pter

2142 709 2274 748 «eos
2320 695 2410 763 qui
2458 694 2595 752 adeo
2626 700 2821 768 stupidi
2842 708 2986 766 sunt,
3012 709 3069 755 ut
3092 711 3237 757 metu
3278 718 3383 757 nou
3411 706 3773 775 corrigantur.

2183 784 2238 837 ln
2268 784 2349 839 his
2371 796 2546 841 autem
2567 797 2624 842 et
2648 790 2926 845 muniﬁcus
2947 800 3002 845 et
3020 792 3352 861 splendidus,
3382 792 3574 863 hisque
3599 797 3775 865 reipsa

2181 874 2342 929 afﬁcit
2370 891 2475 930 non
2506 880 2679 933 solum
2700 879 2909 949 dignos,
2934 880 3028 935 sed
3057 882 3217 936 etiam
3244 882 3511 954 indignos.

2251 988 2308 1042 3.
2362 987 2585 1044 Varians
2629 1005 2760 1060 ergo
2814 1002 3050 1048 nostram
3100 994 3367 1061 salutem,
3420 995 3585 1050 modo
3634 997 3771 1064 haee,

2182 1081 2345 1135 modo
2372 1081 2485 1148 illa,
2540 1081 2687 1147 facit,
2718 1092 2775 1138 et
2801 1083 2918 1139 huic
2946 1086 3143 1154 sazpius
3168 1101 3327 1155 quium
3360 1087 3473 1154 illa,
3519 1088 3773 1157 quoniam

2185 1171 2303 1227 haec
2328 1173 2441 1227 sola
2470 1173 2760 1229 desiderat.
2783 1175 3071 1244 Propterea
3098 1177 3240 1231 enim
3263 1177 3566 1247 gehennam
3599 1180 3774 1236 mina-

2188 1271 2272 1317 tus
2292 1272 2395 1328 est,
2428 1278 2535 1318 non
2577 1273 2635 1319 ut
2660 1280 2779 1319 eam
2820 1264 3105 1335 indigeret,
3143 1267 3238 1321 sed
3264 1282 3333 1322 ne
3358 1267 3665 1338 infligerct;
3720 1279 3777 1326 et

2186 1357 2331 1411 illam
2377 1357 2594 1428 quidem
2627 1360 2838 1429 paravit
2872 1359 3085 1414 diabolo
3113 1376 3128 1413 :
3159 1358 3242 1413 Ite
3276 1362 3443 1426 enim,
3484 1364 3678 1432 inquit,
3721 1363 3775 1417 in

2184 1448 2370 1517 ignem,
2414 1448 2503 1519 qui
2528 1458 2739 1518 paratus
2778 1459 2852 1504 est
2887 1449 3089 1504 diabolo
3129 1449 3345 1518 (Bauli.
3374 1448 3466 1505 25.
3494 1453 3557 1507 ιι
3585 1454 3605 1522 )
3644 1469 3773 1509 :re-

2183 1554 2345 1607 gnum
2371 1548 2547 1593 autem
2577 1538 2903 1607 hominibus,
2934 1540 3226 1595 ostendam
3243 1556 3304 1596 se
3330 1542 3474 1597 nolle
3499 1542 3769 1599 hominem

2183 1628 2455 1683 intrudere
2483 1630 2535 1683 in
2555 1629 2875 1699 gehennam.
2893 1631 2947 1686 8.
2974 1629 3271 1687 Misericors
3293 1642 3341 1687 et
3366 1634 3635 1688 miserator
3661 1633 3773 1689 Do-

2184 1720 2370 1783 minus,
2403 1721 2598 1791 patiens
2617 1732 2665 1775 et
2692 1723 2908 1776 multum
2954 1722 3260 1778 misericors.
3290 1724 3346 1780 9.
3371 1724 3561 1780 Suos-is
3582 1724 3768 1780 Densi-

2185 1830 2281 1868 nus
2304 1814 2577 1878 uniuersis,
2605 1824 2653 1868 et
2680 1816 3024 1871 miserationes
3071 1818 3182 1885 ejus
3213 1833 3367 1884 super
3408 1819 3587 1872 omnia
3611 1836 3768 1888 opera

2184 1907 2314 1977 ejus.
2349 1906 2513 1961 Vides
2544 1908 2857 1977 prophetam
2902 1908 3177 1963 immorari
3215 1908 3269 1963 in
3315 1908 3400 1963 his
3430 1910 3771 1977 melioribus,

2183 2008 2239 2055 et
2261 2000 2534 2068 prolixiori
2560 2000 2636 2054 uti
2664 2000 2929 2056 oratione.
2955 1999 3115 2055 Novit
3140 2002 3284 2055 enim
3330 2002 3421 2057 Dei
3448 2016 3583 2073 opes
3610 2004 3664 2058 in
3693 2005 3776 2060 his

2185 2093 2418 2147 maxime
2441 2094 2759 2147 consistere.
2798 2091 2983 2163 Neque
3006 2092 3152 2148 enim
3176 2093 3415 2149 licuisset
3438 2098 3771 2164 conservari,

2189 2185 2289 2239 nisi
2317 2200 2508 2255 magna
2539 2184 2727 2241 fuisset
2750 2184 2868 2254 ejus
2895 2185 3182 2241 clementia
3206 2204 3221 2241 :
3250 2202 3355 2241 non
3387 2187 3630 2243 licuisset
3656 2205 3776 2243 ma-

2188 2292 2339 2341 nere,
2379 2277 2482 2332 nisi
2510 2277 2628 2347 ejus
2657 2292 2903 2349 magnam
2947 2292 3191 2333 essemus
3216 2281 3423 2349 experti
3454 2280 3774 2338 bonitatem.

2188 2368 2258 2423 Et
2282 2369 2405 2425 ideo
2427 2368 2639 2425 dicebat
2668 2387 2682 2423 :
2711 2366 2825 2441 Ego
2853 2386 2965 2425 sum
2989 2372 3077 2442 qui
3095 2372 3235 2427 deleo
3251 2373 3541 2441 iniquitates
3563 2385 3703 2440 tuas,
3723 2387 3773 2432 et

2188 2462 2241 2515 iu
2265 2462 2364 2518 tuis
2408 2464 2627 2531 peccatis
2652 2473 2701 2518 te
2722 2464 2945 2532 defendi.
2977 2463 3252 2520 Miser-ator
3275 2474 3323 2519 et
3350 2467 3640 2521 misericors
3662 2468 3774 2523 Do-

2188 2557 2357 2610 minus
2384 2550 2552 2622 (lsai.
2598 2557 2688 2612 45.
2718 2556 2837 2629 25).
2866 2556 2999 2612 Vide
3025 2559 3296 2627 quomodo
3322 2560 3562 2616 ostendit
3588 2562 3774 2617 ineﬂ’a-

2188 2648 2350 2705 bilem
2392 2649 2509 2720 ejus
2548 2650 2909 2706 clementiam.
2938 2650 3057 2706 Non
3101 2651 3275 2706 solum
3318 2652 3462 2707 enim
3492 2654 3778 2710 miseretur

2187 2756 2373 2797 eorum
2400 2741 2490 2811 qui
2516 2751 2759 2813 peccant,
2790 2742 2886 2798 sed
2909 2742 3070 2798 etiam
3094 2743 3241 2798 aliud
3259 2743 3492 2799 ostendit
3516 2759 3625 2799 non
3659 2760 3771 2814 paro

2188 2849 2312 2889 vum
2337 2850 2508 2905 genus
2548 2834 2867 2901 clementia),
2913 2848 3108 2904 nempe
3150 2835 3423 2890 lenitatem
3465 2847 3522 2890 et
3569 2837 3779 2905 patien-

2189 2929 2341 2995 tiam,
2388 2937 2446 2984 ut
2470 2929 2685 2984 veniant
2712 2929 2781 2983 ad
2824 2928 3211 2998 pmnitentiam,
3245 2937 3299 2984 et
3342 2943 3465 2983 cum
3507 2928 3627 2999 ejus
3672 2931 3782 2985 cle-

2188 3021 2386 3076 mentia
2413 3036 2443 3075 a
2471 3036 2570 3076 suo
2598 3035 2808 3091 quoque
2835 3032 3220 3075 conserventur
3268 3020 3444 3075 studio
3470 3030 3526 3074 et
3553 3022 3783 3091 diligen-

2191 3119 2283 3183 tia,
2315 3124 2368 3172 et
2390 3131 2455 3171 ex
2485 3116 2595 3170 suis
2621 3115 2774 3169 factis
2802 3114 3049 3168 ﬁduciam
3080 3114 3330 3168 habeant.
3354 3114 3468 3168 Non
3492 3124 3576 3167 est
3600 3124 3781 3168 autem

2190 3210 2360 3264 solum
2416 3208 2704 3262 Misericors
2727 3250 2745 3275 ,
2795 3208 2889 3261 sed
2927 3206 3085 3261 etiam
3111 3247 3127 3272 ,
3175 3206 3395 3259 Multum
3455 3207 3777 3272 misericors,

2191 3303 2482 3359 ostendens
2509 3310 2709 3355 tantam
2738 3298 3161 3355 misericordiam
3190 3313 3294 3353 non
3338 3313 3497 3368 posse
3524 3314 3779 3353 mensura

2190 3393 2604 3462 comprehendi,
2644 3391 2737 3445 sed
2774 3407 2873 3445 nec
2900 3391 3014 3445 ullo
3055 3390 3305 3459 explicari
3356 3404 3631 3445 sermone.
3675 3392 3780 3445 Sed

2192 3496 2370 3540 tamen
2397 3496 2491 3554 per
2511 3496 2572 3537 ea
2588 3497 2707 3552 qua:
2732 3481 2981 3550 deinceps
3010 3491 3429 3550 consequuntur.
3454 3482 3633 3551 quoad
3668 3483 3783 3550 ejus

2196 3577 2308 3632 ﬁeri
2343 3575 2534 3644 potuit,
2579 3572 2835 3637 ostendit,
2863 3586 2983 3627 cum
3020 3572 3298 3641 subjunxit
3338 3591 3352 3626 :
3384 3573 3571 3627 Suavis
3602 3571 3787 3625 Domi-

2193 3685 2287 3723 nus
2300 3668 2561 3732 universis,
2581 3675 2628 3719 et
2646 3664 2984 3719 miserationes
3003 3665 3111 3733 ejus
3126 3679 3278 3733 super
3289 3663 3459 3716 omnia
3480 3680 3636 3729 opera
3649 3666 3780 3733 ejus.

2267 3760 2477 3815 Bonitas
2521 3760 2617 3813 Dei
2653 3761 2706 3814 in
2750 3776 2938 3814 omnes.
2979 3757 3107 3813 Cain
3140 3756 3333 3828 punitio
3374 3771 3438 3809 ea:
3477 3755 3788 3825 benignitate

2194 3854 2310 3909 Dei.
2344 3854 2527 3908 Mortis
2552 3870 2709 3925 genus
2738 3853 3041 3907 levissimum
3068 3866 3156 3918 per
3174 3864 3376 3918 aquam.
3430 3846 3593 3900 Muta:
3630 3864 3711 3901 res
3732 3858 3789 3899 ut

2196 3947 2360 4002 Deum
2386 3947 2698 4001 benedicant.
2729 3975 2800 3985 -—
2824 3942 2962 4010 Quid
2997 3951 3100 4005 est,
3128 3937 3428 3994 Universis?
3453 3939 3629 3993 Etiam
3660 3955 3791 4007 pec-

2194 4040 2487 4107 catoribus,
2520 4040 2708 4110 inquit,
2733 4047 2785 4094 et
2812 4039 2877 4092 iis
2911 4037 3000 4106 qui
3027 4035 3212 4089 vivunt
3238 4034 3517 4088 scelerate.
3548 4033 3674 4086 Non
3699 4049 3792 4085 so-

2195 4135 2305 4189 lum
2327 4135 2468 4188 enim
2493 4131 2640 4200 justi,
2672 4129 2781 4185 etii
2811 4129 2901 4199 qui
2921 4143 2980 4183 se
3000 4135 3147 4181 recte
3179 4134 3234 4180 et
3258 4140 3323 4179 ex
3351 4126 3548 4179 virtute
3570 4133 3787 4193 gerunt.

2196 4233 2288 4279 aut
2310 4225 2398 4294 qui
2420 4224 2686 4277 ducuntur
2726 4219 3075 4291 praebentia;
3105 4215 3199 4270 sed
3238 4215 3397 4270 etiam
3428 4229 3642 4277 omnes,
3697 4230 3795 4282 per

2198 4329 2261 4369 ea
2308 4329 2427 4383 qua:
2455 4313 2730 4382 patiuntur
2754 4351 2769 4375 ,
2803 4309 2920 4377 ejus
2946 4304 3366 4362 misericordiam
3398 4303 3697 4373 praedicant
3738 4313 3794 4359 et

2197 4406 2510 4461 bonitatem.
2536 4403 2604 4456 Et
2642 4401 2689 4458 si
2714 4399 2832 4470 quis
2869 4413 2955 4453 me
2980 4404 3153 4467 roget,
3183 4395 3409 4451 Cuinam
3434 4392 3534 4448 fuit
3573 4394 3791 4449 bonus?

2198 4499 2371 4555 dicam
2401 4514 2416 4552 :
2448 4496 2562 4551 Non
2606 4494 2737 4549 Abel
2766 4491 2907 4557 soli,
2933 4489 3031 4546 sed
3069 4490 3229 4544 etiam
3272 4485 3443 4541 Caino
3482 4503 3495 4538 :
3530 4500 3638 4539 non
3690 4486 3791 4540 soli

2198 4594 2312 4649 Noe
2335 4600 2389 4648 et
2418 4591 2533 4661 ejus
2556 4587 2737 4643 liberis
2761 4626 2775 4651 ,
2805 4584 2900 4641 sed
2928 4583 2994 4637 iis
3021 4582 3182 4637 etiam
3228 4593 3365 4648 quos
3402 4578 3665 4632 diluvium
3691 4578 3789 4631 ob—

2200 4685 2324 4739 ruit.
2347 4684 2708 4750 Quaecumque
2736 4677 2879 4732 enim
2916 4673 3063 4737 facit,
3098 4669 3393 4742 procedunt
3413 4684 3444 4722 a
3473 4668 3790 4721 misericor-

2199 4776 2286 4831 dia
2313 4784 2368 4831 et
2395 4770 2696 4828 clementia.
2726 4766 2795 4821 Et
2835 4773 2892 4819 ut
2920 4764 3058 4818 scias
3083 4803 3098 4828 ,
3124 4759 3396 4830 quomodo
3421 4758 3493 4811 sit
3516 4757 3572 4810 in
3598 4771 3789 4811 omnes

2200 4867 2371 4921 bonus
2392 4872 2447 4919 et
2473 4864 2730 4925 clemens,
2758 4854 2883 4911 illud
2912 4855 3033 4908 hinc
3062 4850 3365 4906 considera.
3396 4847 3625 4913 Quantae
3656 4847 3780 4910 fuit,

2200 4972 2402 5029 qureso,
2451 4950 2811 5023 benignitatis,
2858 4946 3006 5001 illum
3055 4941 3402 5003 fratricidam,
3448 4938 3540 5007 qui
3581 4935 3788 4992 eadem

2202 5048 2464 5122 ejusmodi
2493 5047 2713 5110 fecerat,
2751 5041 2838 5111 qui
2870 5039 3142 5094 dexteram
3188 5048 3339 5089 suam
3376 5031 3691 5090 fmdaverat,
3738 5038 3791 5081 ct

2202 5143 2292 5214 qui
2339 5139 2431 5195 Dei
2476 5140 2620 5207 leges
2670 5131 3111 5194 conculcaverat,
3142 5124 3234 5180 tali
3261 5122 3475 5178 tradere
3501 5121 3787 5191 supplicio,

2203 5210 2343 5306 quod
2370 5228 2662 5287 admonitio
2704 5227 2773 5280 sit
2799 5224 2975 5293 potius
3000 5234 3157 5289 quam
3183 5230 3358 5286 pmua,
3389 5222 3526 5298 utet
3552 5226 3648 5280 per
3672 5210 3787 5263 lon-

2203 5301 2497 5399 gitudinein
2528 5319 2782 5388 temporis
2814 5316 2959 5371 illum
2982 5312 3224 5381 expiaret
3252 5323 3281 5362 a
3312 5315 3550 5376 peccato,
3576 5313 3629 5358 et
3650 5301 3783 5355 alios

2204 5391 2423 5475 doceret
2472 5425 2527 5469 et
2570 5411 2854 5479 castigaret
2896 5420 2991 5476 per
3042 5418 3104 5458 ea
3152 5416 3272 5470 quze
3315 5399 3405 5453 ille
3450 5391 3787 5468 patiebatur?

2203 5512 2426 5580 Quantae
2445 5513 2581 5571 erat,
2603 5516 2805 5573 quaeso,
2837 5494 3178 5566 benignitatis
3198 5533 3213 5557 ,
3243 5505 3337 5546 eos
3361 5488 3451 5560 qui
3472 5486 3789 5558 gravissimo

2204 5577 2259 5660 et
2278 5596 2554 5657 incurabili
2585 5593 2774 5649 morbo
2800 5587 3108 5645 laborabant
3126 5591 3367 5654 tempore
3391 5577 3595 5639 diluvii,
3616 5584 3671 5631 et
3688 5586 3789 5625 nec

2212 5696 2388 5762 minis,
2416 5704 2516 5748 nec
2542 5684 2857 5751 rationibus,
2899 5693 2996 5739 ucc
3021 5677 3131 5735 ullo
3156 5675 3263 5732 alio
3291 5668 3517 5730 correcti
3545 5668 3777 5723 inerant.
