4068 6270
315 318 421 376 469

304 449 337 489 a
366 432 575 491 scelere
599 435 873 505 cohibere,
902 447 957 495 et
977 444 1245 513 communi
1270 453 1472 501 naturae
1499 446 1680 502 debito
1707 449 1781 503 uti
1804 464 1900 520 pro

306 523 701 580 medicamento
724 568 740 593 ,
770 527 1203 604 levissimumque
1247 535 1435 590 mortis
1461 552 1632 607 genus
1656 579 1674 607 ,
1704 554 1898 608 nempe

303 631 404 687 per
439 631 633 688 aquam
663 618 948 690 inﬂigere?
984 621 1119 678 Illud
1149 634 1347 692 autem,
1384 625 1659 695 Universis,
1714 644 1820 685 non
1843 629 1897 686 in

307 708 390 765 his
418 708 591 763 solum
618 712 878 780 cernitur,
901 713 997 768 sed
1023 715 1184 770 etiam
1215 717 1267 770 in
1297 717 1547 772 omnibus
1569 734 1689 789 qua:
1711 720 1899 777 viden-

307 811 409 870 tur,
444 803 498 858 in
525 804 847 859 animalibus
868 847 883 872 ,
920 807 971 860 in
1002 806 1171 863 brutis
1204 825 1218 862 :
1247 810 1376 879 quin
1414 810 1574 865 etiam
1611 812 1656 866 si
1681 813 1800 883 quis
1827 813 1895 870 ad

305 895 450 966 ipsos
476 894 697 964 angelos
720 897 1021 952 ascenderit
1045 907 1100 952 et
1135 898 1509 970 archangelos,
1533 902 1734 958 videbit
1772 905 1893 975 plu-

301 986 496 1041 rimum
527 987 869 1057 benignitatis
890 1030 905 1052 ,
935 996 990 1043 et
1015 990 1234 1044 multam
1279 992 1701 1049 misericordiam
1736 1013 1748 1050 :
1774 996 1891 1050 sin-

298 1077 439 1147 gulis
459 1078 603 1133 enim
628 1078 679 1132 in
704 1079 958 1149 operibus
980 1080 1143 1135 multa
1166 1081 1371 1138 relucet
1391 1085 1711 1141 humanitas.
1736 1086 1889 1155 Quod

299 1168 415 1238 ipse
443 1184 656 1240 quoque
679 1171 1128 1241 animadvertens,
1151 1174 1455 1244 subjunxit:
1492 1179 1574 1232 l0.
1602 1178 1891 1249 Con/itean-

299 1269 384 1316 tur
410 1262 520 1330 tibi,
539 1260 778 1332 Domine,
796 1279 951 1335 opera
976 1274 1082 1333 tua,
1109 1275 1157 1320 et
1179 1269 1342 1322 sancti
1362 1269 1436 1324 tui
1461 1269 1755 1327 benedt'eant
1776 1272 1884 1341 tibi,

297 1351 401 1408 hoc
426 1362 529 1420 est,
563 1353 775 1410 Gratias
823 1356 913 1411 tibi
942 1368 1137 1427 agant,
1172 1359 1356 1417 laudes
1383 1363 1660 1429 emittant,
1696 1376 1751 1421 et
1775 1367 1888 1437 qui-

297 1443 396 1502 bus
431 1448 698 1503 sermonis
747 1448 911 1505 decus
937 1450 1122 1506 datum
1153 1462 1257 1521 est,
1281 1465 1339 1510 et
1369 1472 1493 1527 quae
1542 1473 1728 1515 vocem
1773 1475 1883 1515 non

295 1538 514 1595 habent.
539 1540 745 1596 Etenim
786 1544 1202 1617 unumquodque
1232 1562 1418 1604 eorum
1465 1565 1584 1620 quae
1613 1567 1745 1607 voce
1787 1568 1881 1608 ca-

293 1640 435 1695 rent,
486 1631 557 1687 ita
588 1632 783 1690 factum
810 1645 894 1691 est
916 1677 932 1703 ,
964 1645 1025 1692 ut
1054 1653 1150 1708 per
1186 1656 1337 1696 suam
1365 1651 1611 1699 naturam
1662 1645 1883 1703 benedi-

292 1722 526 1777 ctionem
560 1725 795 1792 emittat,
842 1729 1084 1798 quamvis
1127 1740 1273 1786 muta
1323 1732 1449 1800 sint,
1496 1750 1592 1805 per
1637 1735 1879 1793 homines

292 1827 489 1884 nempe
516 1814 603 1885 qui
633 1830 694 1871 ea
726 1817 909 1873 vident
946 1827 1001 1874 et
1048 1820 1114 1877 iis
1145 1821 1416 1879 fruuntur.
1448 1824 1515 1880 Et
1543 1826 1633 1882 illa
1662 1829 1875 1900 quidem

289 1917 388 1972 per
415 1918 565 1960 suam
596 1907 972 1976 substantiam,
1002 1908 1248 1968 homines
1274 1923 1452 1970 autem
1484 1930 1580 1987 per
1605 1919 1731 1975 vitte
1763 1936 1877 1977 sua:

287 1993 696 2066 institutionem,
746 2011 800 2057 et
825 2016 921 2072 per
959 2006 1243 2060 actionem.
1291 2007 1360 2063 Et
1389 2008 1509 2066 ideo
1534 2009 1586 2066 id
1612 2013 1877 2084 signiﬁcat

285 2100 385 2157 per
414 2087 517 2144 hoc
539 2091 682 2161 quod
710 2093 985 2166 subjungit
1014 2095 1198 2153 dicens
1228 2115 1242 2152 :
1271 2095 1456 2155 Sancti
1475 2102 1551 2156 tui
1579 2103 1873 2161 benedicant

285 2179 395 2234 tibi.
424 2180 654 2238 Sanctus
670 2194 850 2241 autem
875 2186 965 2243 hic
993 2198 1167 2259 vocat,
1195 2192 1286 2263 qui
1331 2191 1424 2249 Dei
1451 2194 1601 2265 jussa
1626 2196 1869 2269 implent,

281 2273 503 2343 adquos
548 2278 782 2346 peccatis
836 2290 892 2336 et
937 2284 1186 2352 nequitia:
1238 2286 1418 2342 nullus
1467 2288 1624 2344 datur
1672 2289 1868 2348 aditus.

283 2366 376 2420 11.
404 2364 633 2422 Gloriam
658 2370 802 2440 regni
822 2371 895 2425 tui
914 2372 1100 2427 dicent.
1119 2375 1254 2441 Quid
1276 2385 1375 2443 est,
1407 2377 1634 2434 Gloriam
1660 2382 1870 2438 dicent?

281 2455 437 2525 Quod
457 2460 597 2515 nulla
620 2476 681 2517 re
698 2462 959 2533 indigeas,
984 2467 1126 2536 quod
1147 2468 1222 2523 sis
1248 2468 1507 2543 benignus
1529 2482 1585 2528 et
1606 2474 1862 2546 clemens,

279 2551 424 2621 quod
463 2568 586 2608 eum
628 2555 695 2609 iis
735 2555 928 2625 quibus
974 2572 1148 2628 prmes
1194 2562 1339 2631 nulla
1380 2578 1448 2620 ex
1487 2562 1640 2636 parte
1686 2583 1865 2641 egeas,

278 2654 483 2700 tantam
511 2646 763 2703 ostendas
806 2649 859 2704 in
890 2664 984 2706 eos
1007 2653 1398 2721 providentiam
1418 2699 1434 2726 ,
1463 2658 1605 2731 quod
1630 2661 1698 2717 ad
1722 2671 1865 2719 tuam

279 2734 457 2792 lucem
485 2737 669 2794 accedi
701 2751 948 2812 nequeat,
987 2744 1129 2815 quod
1170 2747 1240 2801 sit
1276 2747 1577 2808 substantia
1626 2762 1712 2810 tua
1742 2756 1868 2813 inef-

278 2827 478 2897 labilis,
527 2838 583 2885 et
627 2847 749 2902 quae
792 2835 1174 2906 comprehendi
1217 2852 1460 2912 nequeat.
1494 2842 1565 2899 Et
1593 2851 1866 2917 potentiam

280 2929 426 2974 tuam
470 2919 768 2992 loquentur;
818 2925 921 2982 hoc
948 2937 1050 2995 est,
1084 2929 1225 2986 vires
1268 2936 1504 2991 canent‘
1532 2935 1865 3009 insuperahi-

279 3011 365 3068 les
391 3030 405 3069 :
430 3028 538 3070 non
565 3017 701 3086 quod
734 3018 826 3074 tibi
870 3037 1006 3092 opus
1052 3023 1122 3078 sit
1160 3024 1244 3080 bis
1273 3025 1486 3098 hymnis
1514 3038 1570 3087 et
1595 3032 1860 3103 laudibus,

274 3103 375 3158 sed
402 3114 619 3176 propter
668 3110 813 3180 ipsos
853 3114 942 3182 qui
968 3114 1172 3184 dicunt,
1200 3129 1257 3174 et
1286 3121 1492 3179 utalios
1525 3124 1773 3194 doceant,
1800 3143 1865 3185 ac

270 3195 491 3254 laudum
515 3198 713 3258 iaciant
746 3207 1058 3279 participes.
1079 3209 1248 3278 Quam
1273 3214 1342 3269 ob
1374 3230 1590 3273 causam
1615 3219 1814 3290 adjecit
1843 3239 1857 3276 :

271 3289 366 3345 12.
400 3290 468 3348 Ut
495 3304 669 3349 notam
693 3296 890 3364 faciant
928 3301 1050 3371 filiis
1078 3302 1338 3360 hominum
1378 3311 1655 3378 potentiam
1680 3289 1857 3383 tuam,

246 3444 249 3445 ν
277 3390 332 3437 et
356 3384 574 3454 gloriam
619 3391 1009 3462 magniﬁcentia:
1033 3397 1178 3468 regni
1212 3399 1305 3454 tui.
1339 3400 1441 3457 Per
1485 3402 1601 3460 haec
1628 3406 1862 3462 ostendit

267 3486 394 3527 eum
424 3473 612 3535 laudes
631 3478 933 3549 admittere,
971 3493 1027 3540 ut
1054 3486 1142 3541 alii
1164 3488 1285 3558 ejus
1308 3503 1635 3561 cognoscant
1661 3504 1857 3566 poten-

268 3563 427 3621 tiam.
467 3566 654 3640 Magna
685 3584 770 3628 est
805 3590 934 3646 ergo
979 3582 1252 3649 potentia,
1289 3599 1477 3655 magna
1518 3563 1710 3659 gloria,
1752 3605 1860 3645 ma-

264 3670 436 3726 gnum
483 3658 654 3716 decus
681 3671 842 3735 atque
871 3667 1007 3724 adeo
1034 3668 1327 3742 ineli'abile,
1375 3678 1519 3747 quod
1544 3694 1651 3734 non
1681 3680 1853 3736 solum

260 3759 484 3806 omnem
531 3764 748 3823 superat
771 3758 1094 3826 orationem,
1150 3764 1245 3819 sed
1266 3766 1427 3823 etiam
1452 3769 1617 3825 vincit
1638 3786 1852 3830 omnem

258 3847 523 3897 mentem.
555 3843 660 3900 Sed
689 3861 813 3903 cum
839 3858 1042 3907 tantum
1070 3854 1140 3908 sit
1169 3863 1224 3910 et
1250 3865 1355 3912 tam
1385 3858 1677 3932 ineﬁ’abile,
1719 3879 1854 3935 opus

257 3926 428 3985 habet
464 3932 531 3988 iis
571 3935 660 4006 qui
694 3936 748 3991 id
787 3938 1017 3997 doceant
1062 3955 1282 4016 propter
1331 3951 1619 4006 tnultorum
1660 3926 1854 4011 vam-en-

258 4020 394 4076 tiam
415 4025 456 4076 '.
482 4024 614 4082 Nam
643 4029 723 4084 sol
745 4045 957 4103 quoque
978 4045 1061 4092 est
1088 4037 1237 4093 sidus
1268 4040 1425 4112 longe
1466 4043 1848 4116 clarissimum,

255 4120 320 4168 et
349 4121 526 4173 tamen
551 4120 640 4190 qui
670 4123 839 4181 oculis
856 4125 1120 4197 laborant,
1152 4132 1268 4201 ejus
1288 4133 1459 4190 lucem
1486 4151 1592 4192 non
1623 4138 1806 4195 vident
1832 4157 1847 4195 ε

256 4203 338 4259 ita
359 4206 521 4263 etiam
552 4209 644 4267 Dei
674 4216 1011 4284 providentia
1032 4232 1114 4276 est
1134 4224 1347 4294 quidem
1376 4229 1565 4297 quovis
1588 4230 1704 4287 sole
1733 4234 1845 4287 cla-

254 4297 393 4365 rior,
425 4303 519 4357 sed
549 4306 741 4376 quibus
761 4325 1011 4380 perversa
1043 4319 1301 4386 cstratio,
1333 4329 1389 4375 et
1412 4322 1605 4391 quibus
1630 4325 1845 4382 obstru-

254 4397 361 4445 ctae
389 4403 516 4451 sunt
559 4411 734 4466 aures,
790 4418 981 4473 magna
1018 4407 1290 4478 diligentia
1330 4426 1465 4483 opus
1515 4413 1732 4481 habent,
1791 4430 1843 4474 ut

255 4496 418 4539 mens
445 4501 632 4544 eorum
661 4494 955 4561 aperiatur.

337 4574 392 4629 4.
419 4577 496 4632 De
523 4580 607 4636 his
634 4599 762 4654 ergo
789 4585 1032 4642 doctrina
1058 4597 1142 4645 est
1170 4606 1355 4648 eorum
1384 4598 1602 4654 auribus
1651 4616 1843 4672 perpe-

247 4679 349 4726 tuo
392 4671 740 4730 infundenda.
774 4677 977 4732 Deinde
1002 4682 1253 4751 quoniam
1282 4683 1417 4740 dixit
1447 4691 1593 4760 regni
1616 4671 1839 4761 gloriam

245 4771 310 4821 et
331 4765 804 4837 magniﬁcentiam,
828 4780 1022 4828 etcum
1053 4787 1159 4828 non
1198 4777 1328 4833 satis
1356 4793 1475 4834 eam
1498 4780 1837 4851 explicasset,

246 4858 544 4927 praeteriit;
572 4875 764 4916 rursus
805 4866 1020 4932 repetit,
1048 4875 1104 4922 et
1126 4879 1383 4938 quantum
1413 4871 1464 4926 ei
1505 4873 1836 4941 conceditur,

244 4946 382 5002 dicit
406 4949 532 5020 quid
560 4951 631 5006 sit
651 4953 842 5023 gloria,
883 4956 1213 5028 subjungens
1243 4977 1257 5014 :
1289 4960 1376 5016 l5.
1404 4960 1639 5033 Regnum
1675 4975 1834 5031 tuum,

241 5054 459 5107 regnum
480 5043 709 5096 omnium
735 5046 1197 5104 seculorumNon
1225 5056 1591 5122 prmsentium,
1641 5058 1833 5130 inquit,
1908 5108 1909 5111 η

240 5131 444 5197 solum,
477 5131 572 5188 sed
598 5137 893 5191 l'uturortnn
916 5140 1074 5195 etiam
1105 5159 1121 5195 :
1144 5149 1227 5198 est
1250 5144 1393 5199 enim
1413 5146 1827 5216 interminutum,

240 5220 536 5293 inﬁnitum,
563 5233 618 5280 et
642 5227 815 5282 solum
848 5228 1009 5287 habet
1052 5234 1428 5292 aeternitatem.
1463 5238 1528 5294 Et
1548 5240 1829 5299 dominatio

306 5375 419 5465 1.1."
434 5379 1140 5465 Ξὲζὲεέἓξῗὲἓξζξξψε
1162 5393 1251 5443 θεά
1274 5409 1369 5446 νοκ
1399 5430 1414 5455 ν
1438 5406 1627 5465 ww.
1650 5415 1761 5465 quae
1783 5405 1833 5453 in

433 5438 852 5513 habeturfmelius
861 5438 1066 5513 quadrat
1163 5438 1382 5507 iﬁéniéiii

350 5502 768 5587 ἓξὲηαρνρῃιετ
788 5502 1066 5587 irruentium.
1092 5502 1831 5587 seniigiiaiiie'r'lgfﬁoiihuam;

238 5562 543 5646 Quintam

236 5625 863 5711 923.335‘3319ﬂ295‘3
873 5639 1123 5711 max-eae
1148 5625 1309 5700 ιέέιίε.
1323 5625 1827 5711 statement;

239 5686 632 5766 Ξῐῖἒεξίὲἑιζὶίέἓὲῑ
658 5703 767 5766 ηαυπτ
789 5686 998 5766 animi“
1022 5686 1830 5766 νοιιυε“έιῦξιῆι⁷ἰέἷιὸῖίθιί”ιὲἑι”’ὄῑὲἱὶἓῖ

222 5751 321 5796 Qus
332 5746 571 5801 laborare
594 5746 628 5802 ii
646 5785 661 5815 ,
685 5765 891 5816 quorum
912 5746 1145 5817 perversa
1168 5746 1549 5820 omnemi

1419 329 1778 389 EXPOSITIO
1816 331 1882 387 IN
1923 333 2242 392 PSALMUM
2283 340 2510 400 CXLIV.

3496 360 3603 420 470

2012 459 2097 504 tua
2131 452 2182 506 in
2228 471 2422 509 onmem
2448 460 2816 528 generationem
2859 472 2906 517 et
2956 466 3344 535 generationem.
3377 473 3456 528 Ex
3499 475 3600 532 huc

2008 542 2130 598 vide
2154 560 2272 601 eam
2304 549 2503 604 nullum
2528 551 2725 609 habere
2746 554 2928 611 ﬁnem.
2958 557 3061 613 Per
3088 560 3395 619 universum
3411 566 3595 624 orbem

2009 640 2190 703 terrm,
2224 651 2319 707 per
2367 641 2545 696 omnia
2597 644 2815 713 smcula,
2872 661 2970 717 per
3009 652 3188 706 omnia
3238 661 3478 725 tempora
3515 672 3576 715 es

2004 735 2246 783 extensa.
2293 728 2487 787 Fidelis
2540 731 2790 793 Dominus
2813 737 2869 793 in
2909 742 3140 796 omnibus
3187 744 3351 800 verbis
3393 749 3520 814 suis,
3557 770 3586 804 τ

2003 827 2208 873 sanctus
2232 820 2284 875 in
2326 823 2556 879 omnibus
2590 828 2824 896 aperibtts
2862 831 2986 884 suis.
3019 832 3311 905 Postquam
3353 835 3490 892 dixit
3513 852 3585 894 re

1999 923 2163 980 gnum
2191 926 2310 968 esse
2342 914 2604 971 inﬁnitum
2631 960 2646 984 ,
2679 921 2898 988 stabile,
2935 922 3169 995 lii-mum,
3201 933 3260 984 et
3294 929 3593 999 immobile,

1999 1000 2127 1058 dicit
2153 1003 2312 1059 etiam
2345 1024 2503 1079 quam
2550 1013 2659 1067 sint
2701 1014 2819 1085 ejus
2863 1017 3024 1072 verba
3053 1020 3227 1078 lit-ma.
3258 1021 3395 1079 Illud
3425 1027 3591 1093 enim,

2000 1091 2216 1158 Fidelis,
2260 1104 2344 1153 est
2390 1099 2576 1157 ﬁrmus
2604 1111 2659 1158 et
2685 1120 2863 1159 verus.
2915 1107 2970 1163 Si
3025 1119 3109 1164 est
3155 1091 3583 1185 autemﬁdelis,

1995 1186 2151 1232 erunt
2174 1182 2401 1237 omnino
2430 1200 2549 1255 qua:
2569 1186 2637 1241 ab
2667 1202 2733 1242 eo
2775 1189 2915 1245 dicta
2945 1202 3087 1248 sunt.
3118 1182 3580 1261 Quemadmodum

1995 1275 2172 1324 autem
2205 1271 2320 1340 ejus
2346 1288 2567 1344 regnum
2616 1286 2699 1334 est
2722 1279 3018 1350 immobile,
3059 1293 3114 1341 et
3156 1286 3264 1343 ﬁne
3281 1300 3429 1346 caret
3458 1310 3474 1347 :
3506 1293 3578 1348 ita

2006 1359 2166 1414 etiam
2199 1361 2314 1432 ejus
2359 1367 2517 1421 verba
2548 1379 2674 1425 sunt
2712 1369 2883 1427 ﬁrma.
2915 1373 3097 1446 Neque
3126 1393 3255 1448 ergo
3292 1381 3424 1437 illud
3468 1399 3588 1438 um-

1989 1465 2148 1520 quam
2202 1453 2629 1530 interrumpitur,
2686 1478 2787 1518 nec
2829 1465 2943 1521 haec
2993 1484 3248 1538 umquam
3299 1474 3573 1532 excidunt.

1987 1540 2042 1597 Si
2069 1553 2246 1600 autem
2305 1562 2410 1603 non
2465 1552 2739 1619 excidunt,
2775 1567 2985 1628 oportet
3047 1561 3189 1631 ipsas
3227 1580 3314 1621 res
3358 1569 3579 1624 omnino

1986 1636 2262 1706 consequi.
2319 1638 2471 1705 Quod
2520 1644 2564 1697 si
2611 1645 2769 1700 etiam
2809 1648 3005 1705 alicubi
3034 1650 3168 1708 dixit
3202 1656 3401 1727 aliquid
3439 1661 3581 1729 quod

1985 1740 2093 1780 non
2121 1726 2316 1783 factum
2344 1741 2448 1799 est,
2503 1734 2676 1804 ipsum
2717 1752 2929 1810 quoque
2963 1743 3080 1813 ejus
3110 1726 3390 1804 veritatem
3438 1751 3578 1806 indi-

1983 1826 2111 1875 cat:
2153 1820 2236 1875 Ad
2277 1841 2527 1881 summam
2570 1830 2712 1884 enim
2769 1834 2947 1902 loquar
2994 1853 3147 1908 super
3194 1851 3364 1911 gentes
3405 1853 3452 1897 et
3495 1860 3578 1899 re-

1980 1928 2155 1982 gnum,
2212 1924 2268 1969 ιιι
2307 1918 2505 1973 (limam
2565 1931 2614 1975 et
2669 1924 2917 1979 eradicem
2961 1942 2982 1981 :
3032 1937 3079 1983 et
3128 1931 3173 1985 si
3229 1930 3576 2003 paenitentiam

1979 2000 2171 2074 egerint
2208 2006 2271 2060 de
2302 2007 2441 2074 uitio,
2488 2016 2579 2083 ego
2595 2030 2793 2084 quoque
2833 2033 2983 2089 agam
3031 2000 3375 2089 pmnitentiam
3425 2026 3490 2081 de
3514 2028 3576 2081 iis

1977 2111 2091 2165 qua
2119 2094 2355 2168 loquutus
2377 2117 2509 2169 sum,
2552 2113 2609 2158 ut
2637 2105 2855 2175 facerem
2881 2110 2972 2164 eis.
3002 2112 3066 2165 Et
3094 2112 3160 2168 de
3201 2113 3357 2170 bonis
3382 2116 3572 2172 simili-

1979 2195 2061 2242 ter
2112 2205 2124 2241 :
2158 2186 2305 2243 Bona
2339 2192 2538 2262 loquar,
2565 2192 2753 2266 inquit,
2778 2208 2824 2251 et
2845 2199 2889 2253 si
2905 2201 3085 2256 mutati
3109 2204 3316 2275 fuerint,
3340 2219 3433 2277 ego
3448 2223 3574 2275 quo-

1974 2295 2073 2351 que
2088 2282 2291 2336 mutabo
2315 2299 2374 2336 ea
2397 2300 2508 2354 qua:
2534 2287 2596 2339 de
2616 2287 2717 2342 illis
2738 2288 2870 2344 dicta
2889 2302 3005 2345 sunt
3022 2290 3157 2364 (Jer.
3179 2294 3264 2350 18.
3299 2295 3475 2368 7-10).
3509 2297 3572 2352 Et

1974 2381 2180 2427 sanctus
2223 2373 2277 2428 in
2319 2374 2552 2431 omnibus
2600 2379 2834 2448 operibus
2868 2382 2996 2437 suis.
3029 2384 3169 2451 Quid
3192 2392 3272 2440 est
3303 2385 3571 2442 Sanctus?

1974 2461 2320 2536 Inculpatus,
2364 2479 2563 2539 rectus,
2613 2489 2798 2544 purus,
2857 2477 3108 2546 mundus,
3170 2480 3239 2535 ab
3283 2483 3431 2538 omni
3478 2499 3568 2538 rc-

1976 2556 2335 2628 prehensione
2360 2561 2590 2632 alienus,
2619 2565 2711 2636 qui
2741 2567 2942 2624 nullam
2987 2570 3081 2625 ulli
3112 2572 3333 2629 omnino
3363 2576 3567 2645 praebet

1971 2665 2177 2706 ansam.
2210 2653 2298 2708 16.
2355 2654 2553 2711 Alleeat
2590 2655 2843 2714 Dominus
2885 2677 3056 2718 omnes
3083 2664 3171 2734 qui
3222 2677 3488 2735 corruunt,
3520 2679 3567 2722 et

1970 2743 2117 2815 erigit
2146 2761 2317 2801 omnes
2337 2744 2504 2803 elisos.
2531 2747 2818 2821 Postquam
2866 2752 2935 2808 de
2964 2767 3131 2825 regno
3177 2755 3316 2811 dixit
3343 2757 3396 2812 id
3437 2772 3560 2814 esse

1971 2836 2258 2906 inﬁnitum,
2290 2839 2356 2896 de
2394 2841 2576 2899 verbis
2604 2858 2668 2899 ea
2707 2858 2830 2902 esse
2854 2860 3001 2915 vera,
3053 2846 3121 2904 de
3161 2847 3315 2906 lactis
3339 2865 3402 2906 ea
3448 2867 3556 2908 non

1971 2943 2126 2998 posse
2156 2930 2503 3001 reprehendi,
2533 2942 2587 2989 et
2630 2934 2699 2991 de
2736 2935 2905 3008 gloria
2932 2946 2988 2993 et
3017 2937 3086 2995 de
3115 2936 3555 3009 magniﬁcentia:

1966 3020 2098 3075 dicit
2144 3037 2331 3078 rursus
2354 3022 2423 3079 de
2448 3026 2752 3093 clementia,
2803 3027 2856 3084 id
2883 3045 3095 3102 quoque
3125 3045 3245 3089 esse
3271 3034 3558 3090 maximam

1966 3108 2116 3182 regni
2141 3112 2220 3168 sui
2250 3114 2498 3185 gloriam,
2522 3117 2664 3188 qvod
2696 3135 2801 3173 non
2829 3130 3035 3178 stantes
3056 3124 3227 3179 solum
3252 3127 3550 3190 contineat,

1965 3202 2059 3256 sed
2090 3203 2248 3258 etiam
2274 3205 2362 3276 qui
2393 3215 2516 3261 sunt
2554 3210 2750 3275 casuri,
2779 3225 2886 3265 non
2911 3213 3183 3283 permittat
3209 3225 3267 3270 ut
3287 3215 3337 3271 id
3361 3216 3440 3273 eis
3470 3232 3559 3273 ac.

1963 3294 2126 3360 cidat,
2152 3304 2206 3351 et
2233 3295 2323 3368 qui
2349 3298 2551 3369 jacent,
2582 3302 2789 3373 erigat:
2823 3306 3037 3375 etquod
3084 3317 3165 3363 est
3195 3309 3364 3381 magis
3388 3310 3558 3365 admi-

1963 3386 2151 3453 rabile,
2182 3404 2289 3445 non
2311 3388 2435 3447 huic
2461 3404 2554 3448 aut
2589 3394 2688 3463 illi,
2718 3395 2811 3451 sed
2843 3398 3091 3454 omnibus
3122 3398 3173 3454 id
3206 3397 3362 3455 faciat
3386 3442 3401 3467 ,
3431 3402 3556 3458 licet

1961 3480 2068 3536 sint
2112 3481 2292 3550 servi,
2351 3483 2474 3540 licet
2514 3502 2801 3558 pauperes,
2842 3490 2966 3546 licet
3015 3491 3252 3562 obscuri,
3307 3494 3435 3550 licet
3483 3498 3550 3552 ex

1961 3570 2204 3628 obscuris
2256 3575 2382 3630 orti.
2412 3577 2504 3632 Est
2530 3577 2673 3635 enim
2701 3582 2941 3638 omnium
2974 3583 3255 3656 Dominus,
3302 3602 3403 3644 nec
3456 3604 3554 3645 eos

1959 3662 2046 3731 qui
2070 3660 2252 3732 jacent
2277 3669 2663 3738 prmtercurrit,
2696 3687 2797 3728 nec
2820 3687 2915 3728 eos
2941 3675 3029 3745 qui
3062 3676 3246 3733 labant
3294 3677 3546 3750 despicit.

1959 3751 2071 3807 lloe
2094 3753 2217 3808 fecit
2245 3755 2404 3811 simul
2456 3759 2507 3813 in
2533 3760 2780 3817 universa
2821 3774 3014 3820 natura
3035 3809 3050 3832 ,
3078 3765 3183 3823 hoc
3210 3768 3371 3823 etiam
3425 3768 3549 3826 facit

1963 3842 2015 3896 in
2039 3858 2380 3916 unoquoque.
2409 3847 2562 3916 Quod
2585 3851 2628 3906 si
2661 3853 2750 3922 qui
2781 3870 2845 3909 ex
2875 3855 2940 3910 iis
2968 3858 3058 3927 qui
3076 3858 3258 3927 jacent
3283 3874 3392 3915 non
3414 3875 3540 3916 sur-

1956 3941 2105 4002 gunt,
2136 3950 2241 3990 non
2272 3936 2324 3990 in
2351 3951 2509 3993 causa
2541 3947 2625 3995 est
2672 3942 2719 3996 is
2763 3945 2851 4013 qui
2898 3945 3008 3999 vult
3036 3947 3264 4019 erigere,
3315 3948 3409 4006 sed
3454 3953 3548 4022 qui

1959 4024 2144 4080 nolunt
2167 4041 2406 4098 surgere.
2433 4028 2564 4085 Nam
2594 4031 2786 4089 Iudam
2825 4052 3038 4107 quoque
3056 4081 3072 4106 ,
3099 4055 3221 4095 cum
3251 4043 3539 4101 cecidisset

1953 4113 2121 4170 voluit
2145 4118 2352 4187 erigere
2380 4135 2394 4175 :
2427 4129 2557 4177 etut
2583 4134 2846 4195 surgeret,
2876 4127 3010 4183 nihil
3038 4129 3309 4207 non‘l'ecit,
3334 4135 3428 4190 sed
3459 4136 3547 4192 ille

1953 4207 2144 4263 noluit.
2179 4209 2342 4265 David
2368 4222 2534 4280 certe,
2559 4230 2681 4271 cum
2712 4218 3013 4285 cecidisset,
3047 4224 3220 4278 erexit
3243 4233 3297 4279 et
3326 4225 3539 4282 ﬁrmum

1953 4300 2200 4357 reddidit.
2232 4302 2472 4373 Petrum,
2506 4323 2626 4363 cum
2657 4320 2799 4365 esset
2827 4326 3068 4380 casurus,
3115 4317 3353 4372 retinuit.
3399 4322 3533 4374 Audi

1950 4402 2126 4449 autem
2149 4397 2417 4466 quomodo
2450 4418 2463 4453 :
2514 4401 2713 4467 Simon,
2745 4403 2946 4471 Simon,
3003 4407 3196 4479 inquit,
3236 4428 3346 4466 cccc
3385 4431 3540 4483 cxpe-

1950 4485 2055 4538 tivit
2084 4501 2169 4540 vos
2192 4496 2398 4544 satanas
2419 4491 2662 4562 cribrare,
2695 4505 2951 4565 tamquam
2976 4501 3201 4556 triticum
3222 4518 3243 4568 ,'
3264 4514 3311 4556 et
3333 4522 3422 4576 ego
3455 4525 3539 4561 ro-

1947 4575 2064 4644 gari
2094 4593 2187 4646 pro
2223 4586 2290 4643 te,
2339 4596 2400 4633 ne
2438 4582 2672 4651 deﬁceret
2697 4585 2823 4654 ﬁdes
2872 4596 2959 4641 tua
2986 4588 3137 4661 (Luc.
3165 4593 3257 4647 ‘22.
3289 4575 3379 4651 3i.
3411 4596 3480 4652 52
3501 4600 3537 4663 ).

1950 4664 2151 4724 Deinde
2175 4667 2302 4723 dicit
2332 4671 2472 4726 aliud
2505 4688 2715 4746 quoque
2741 4692 2910 4745 genus
2938 4680 3180 4738 beneﬁcii
3216 4704 3229 4741 :
3263 4671 3369 4743 est‘
3394 4690 3537 4743 enim

1907 4762 1915 4771 '
1947 4757 2088 4811 varia
2119 4768 2172 4813 et
2204 4761 2477 4832 multiplex
2507 4765 2626 4836 ejus
2651 4783 2777 4823 cura
2805 4780 2859 4826 et
2886 4774 3241 4843 providentia.
3267 4779 3355 4836 15.
3388 4774 3538 4836 Oculi

1945 4851 2169 4904 euntium
2228 4854 2280 4907 in
2313 4864 2357 4908 te
2399 4870 2621 4927 sperant,
2651 4858 2870 4917 Domine
2890 4906 2905 4929 ,
2935 4876 2980 4919 et
3025 4876 3079 4922 tu
3114 4869 3207 4924 das
3231 4885 3395 4925 escam
3420 4872 3534 4926 illo-

1944 4961 2055 4997 rum
2073 4941 2125 4998 in
2146 4955 2368 5016 tempore
2391 4962 2697 5021 opportuno.
2719 4952 2908 5011 Vidisti
2933 4960 3204 5028 quomodo
3238 4962 3534 5020 ostenderit

1944 5052 2067 5092 eum
2099 5052 2218 5093 esse
2267 5039 2463 5096 bonum
2494 5044 2764 5108 omnibus,
2792 5055 2846 5101 et
2871 5048 3245 5106 miserationes
3273 5051 3389 5124 ejus
3413 5067 3534 5111 esse

1941 5144 2103 5200 super
2128 5133 2306 5186 omnia
2336 5147 2499 5202 opera
2528 5136 2683 5205 ejus?
2705 5137 2989 5194 Utdictum
3027 5146 3185 5201 estin
3209 5142 3535 5217 Evangeliis,

1944 5219 2044 5285 Qui
2096 5222 2251 5276 solent
2280 5240 2427 5278 suum
2467 5226 2588 5279 oriri
2624 5228 2748 5298 [in-it
2795 5246 2944 5300 super
2975 5232 3135 5286 malos
3183 5242 3230 5285 et
3265 5233 3443 5305 bonos,
3469 5248 3524 5292 et

1941 5313 2069 5383 pluit
2094 5330 2243 5383 super
2257 5316 2429 5385 justas
2457 5326 2505 5369 et
2545 5318 2758 5388 injustas
2785 5319 2994 5391 (Matth.
3024 5323 3079 5381 5.
3120 5324 3211 5396 45)
3241 5320 3265 5392 ,“
3315 5326 3404 5384 hic
3444 5330 3528 5384 id-

1941 5406 2112 5475 ipsum
2146 5405 2427 5476 signiﬁcat,
2457 5422 2579 5462 cum
2609 5409 2737 5466 dicit
2769 5429 2782 5466 :
2813 5410 2882 5466 Et
2918 5423 2972 5468 tu
3012 5414 3108 5471 das
3131 5431 3295 5474 escam
3320 5419 3529 5476 “illorun

1937 5499 1991 5552 in
2017 5506 2238 5568 tempore
2266 5508 2574 5569 opportuno.
2619 5499 2803 5574 Neque
2821 5505 2966 5561 enim
3021 5507 3243 5576 imbres,
3277 5522 3419 5568 terra
3473 5527 3527 5572 et

1937 5602 2050 5655 aer,
2081 5585 2177 5644 sed
2204 5588 2321 5659 ejus
2341 5589 2522 5660 jussus
2546 5591 2686 5648 solet
2715 5592 2919 5652 fructus
2942 5598 3260 5669 producere.

2018 5677 2397 5737 Vieissitudines
2418 5691 2699 5754 temporum
2718 5686 2788 5742 ad
2801 5688 2941 5758 quid.
2962 5721 3033 5733 —
3047 5691 3202 5761 lllud,
3219 5695 3288 5752 In
3308 5707 3528 5770 tempore

1939 5782 2224 5844 opportuno
2242 5816 2257 5846 ,
2289 5774 2389 5835 hoc
2417 5776 2682 5853 signiﬁcat
2715 5799 2728 5841 :
2754 5778 2947 5842 Omnia
2973 5796 3100 5867 sunt
3124 5790 3283 5850 certis
3309 5791 3525 5851 deﬁnita
