4068 6270
580 408 687 465 fil

603 514 953 589 temporibus,
985 521 1041 570 et
1060 509 1285 567 diversis
1315 503 1771 567 vicissitudinibus
1794 500 2177 573 producuntur.

598 614 715 671 lloc
737 613 880 668 enim
902 606 1132 664 maxime
1157 601 1389 659 ostendit
1413 599 1528 669 ejus
1548 595 1885 668 sapientiam,
1907 591 2047 665 quod
2074 605 2178 645 non

595 707 781 771 omnia
815 701 974 758 simul
1001 709 1057 756 et
1081 697 1269 753 eodem
1313 702 1583 764 tempore,
1612 689 1706 747 sed
1747 703 1842 759 per
1883 694 2050 741 totum
2081 699 2177 739 an-

599 811 727 853 num
766 795 1018 866 alimenta
1058 787 1291 852 dividat,
1328 793 1384 840 ut
1407 784 1648 854 quiescat
1687 777 1939 851 agricola,
1968 784 2023 831 et
2061 791 2181 846 qua:

594 887 889 958 gignuntur
916 898 1022 940 non
1061 882 1343 942 intereant.
1374 875 1505 931 illud
1550 888 1701 944 ergo,
1732 869 1800 925 In
1840 879 2063 940 tempore
2087 884 2182 936 op-

601 988 850 1051 μον-ωηο,
877 975 962 1031 vel
1002 973 1054 1030 id
1086 968 1350 1043 signiﬁcat
1389 966 1529 1039 quod
1574 974 1698 1020 ante
1723 963 1975 1029 diximus,
2019 959 2185 1015 fuisse

602 1068 810 1149 singula
836 1066 950 1125 suis
974 1063 1251 1135 dispertita
1294 1059 1648 1143 temporibus,
1677 1053 1761 1111 vel
1801 1069 1924 1109 eum
1949 1052 2079 1108 dare
2107 1051 2187 1106 ci—

603 1142 728 1225 bum
754 1159 822 1214 iis
848 1157 937 1228 qui
966 1154 1225 1227 indigent,
1256 1160 1312 1208 et
1340 1142 1582 1205 laborant
1606 1145 1803 1217 inopia.
1830 1145 1898 1200 Et
1919 1142 2188 1214 quomodo

599 1252 770 1319 dixit,
818 1248 1063 1321 inquies,
1113 1242 1265 1302 Oculi
1308 1242 1533 1298 omnium
1574 1241 1628 1294 in
1674 1248 1721 1293 te
1743 1236 1988 1306 sperant?
2026 1232 2188 1304 Atqui

594 1342 759 1399 .ntnlti
786 1347 932 1411 sunt,
962 1338 1054 1411 qui
1089 1337 1273 1393 dicunt
1297 1349 1358 1390 ea
1387 1348 1507 1404 quze
1540 1337 1699 1397 sunt,
1730 1342 1854 1385 esse
1889 1341 2037 1392 casu,
2068 1334 2123 1380 ut
2152 1324 2188 1379 ii

602 1433 691 1504 qui
718 1441 842 1488 sunt
865 1430 1035 1501 impii.
1067 1429 1205 1483 Dicit
1232 1426 1319 1482 hic
1345 1424 1512 1496 ipsius
1539 1422 1616 1479 rei
1647 1430 1909 1485 naturam,
1940 1426 1999 1473 ut
2026 1418 2187 1474 etiam

604 1521 752 1588 alibi,
780 1519 993 1592 quando
1019 1518 1112 1585 ait,
1144 1515 1317 1571 Pullis
1354 1529 1618 1569 corvorum
1648 1509 1991 1566 invocantibus
2023 1510 2190 1579 ipsum

596 1613 622 1679 lt
638 1610 780 1667 Psal.
799 1610 920 1666 116.
939 1609 1017 1680 9);
1041 1608 1248 1664 etiamsi
1267 1607 1373 1662 sint
1388 1603 1672 1660 animantia
1695 1601 1915 1657 rationis
1931 1598 2189 1670 expertia.

616 1703 686 1759 Et
709 1716 896 1759 rursus
925 1718 940 1756 :
970 1700 1140 1757 Catuli
1159 1699 1360 1754 leonum
1386 1696 1660 1766 rugientes,
1682 1702 1737 1748 ut
1764 1691 1968 1762 rapiant
1989 1698 2034 1745 et
2056 1705 2194 1760 qua:-

607 1801 724 1846 rant
747 1808 779 1844 a
795 1790 903 1845 Deo
925 1805 1088 1844 escam
1107 1788 1202 1843 sibi
1231 1784 1399 1855 (Psal.
1433 1784 1556 1840 105.
1579 1782 1696 1853 21).
1724 1781 1884 1852 Atqui
1909 1779 1963 1834 hi
1986 1793 2196 1850 quoque

609 1892 733 1940 sunt
762 1898 793 1937 a
820 1884 1027 1939 ratione
1050 1879 1231 1944 alieni,
1261 1893 1360 1934 nec
1384 1877 1484 1947 ipsi
1512 1882 1756 1946 qua-runt
1783 1892 1795 1928 :
1825 1871 1919 1928 sed
1949 1872 2035 1927 hic
2057 1884 2195 1942 quo-

609 1989 717 2044 que
735 1973 866 2031 dicit
892 1971 970 2028 rei
1001 1979 1277 2027 naturam:
1298 1983 1399 2023 nec
1417 1982 1483 2024 ex
1504 1957 1902 2021 illorum’animi
1927 1962 2193 2027 instituto,

615 2064 707 2121 sed
733 2079 801 2121 ex
822 2078 1010 2120 eorum
1031 2075 1150 2131 qtne
1175 2061 1308 2114 liunt
1335 2069 1521 2114 natura
1546 2059 1648 2112 hoc
1666 2053 1949 2112 dicendum
1976 2063 2079 2110 est.
2105 2053 2195 2108 16.

612 2154 789 2228 Aperis
814 2161 870 2208 tu
906 2168 1110 2208 manum
1136 2161 1309 2219 luant,
1327 2158 1375 2206 et
1418 2149 1596 2220 imples
1639 2162 1786 2202 amite
1812 2145 2005 2200 animal
2047 2144 2199 2198 bene—

608 2244 814 2320 ptacito.
840 2244 1053 2300 Manum
1076 2242 1205 2298 dicit
1230 2241 1617 2312 operationem,
1646 2248 1702 2295 et
1730 2236 2198 2309 suppeditatricem

607 2337 915 2396 facultatem
946 2355 963 2392 :
1000 2350 1097 2408 per
1119 2335 1296 2391 omnia
1328 2342 1381 2389 te
1408 2331 1607 2389 docens
1626 2373 1642 2398 ,
1675 2328 1781 2387 nan
1807 2329 1860 2385 in
1896 2327 2198 2395 elementis,

615 2429 707 2485 sed
735 2428 788 2484 in
831 2427 923 2483 Dei
966 2426 1294 2499 providentia
1335 2439 1456 2480 esse
1497 2424 1633 2480 sitas
1670 2423 1934 2477 fructuum
1978 2433 2201 2491 genera-

617 2508 807 2579 tiones.
843 2521 945 2578 Vel
982 2520 1144 2577 etiam
1173 2516 1460 2576 ostendens
1503 2514 1841 2585 facilitatem,
1888 2512 2018 2571 dicit
2046 2510 2200 2579 illud,

614 2614 795 2685 Aper-is
815 2621 869 2668 tu
891 2628 1097 2666 manum
1125 2623 1284 2666 tuam.
1307 2608 1567 2679 Quoniam
1588 2608 1732 2665 enim
1752 2607 1844 2679 qui
1874 2615 1998 2662 tunc
2021 2613 2200 2673 erant,

621 2705 897 2777 principali
918 2719 1076 2761 causa
1100 2704 1304 2769 relicta,
1334 2700 1631 2758 adorabaat
1653 2714 1833 2755 aerem
1852 2708 1908 2755 et
1932 2698 2124 2764 solem,
2151 2708 2206 2752 et

616 2795 992 2853 existimabant
1022 2811 1083 2852 ea
1104 2809 1224 2851 esse
1254 2794 1341 2849 illa
1367 2808 1487 2867 qua:
1512 2791 1714 2848 fructus
1738 2790 2071 2862 prmbebaut,
2102 2805 2203 2845 ex-

620 2889 813 2948 tollens
845 2904 941 2945 eos
981 2887 1049 2943 ad
1093 2902 1383 2958 supernum
1427 2883 1768 2955 principium,
1796 2892 1851 2938 et
1891 2895 2079 2937 eorum
2107 2894 2204 2934 au-

596 2968 823 3039 ctorem
850 2995 913 3036 ac
937 2979 1241 3046 Dominum,
1281 2977 1397 3032 hzcc
1418 2977 1721 3047 frequenter
1748 2973 1985 3042 adducit,
2020 2981 2205 3029 osten-

628 3076 764 3131 dens
788 3088 855 3131 ex
881 3073 1024 3130 illius
1064 3086 1258 3137 manu,
1290 3069 1341 3125 id
1371 3078 1475 3138 est,
1517 3084 1583 3127 ex
1608 3068 1749 3124 illius
1774 3081 1902 3123 cura
1931 3074 1986 3122 et
2026 3064 2207 3137 provi-

622 3166 823 3232 dentia,
850 3164 1030 3220 omnia
1058 3163 1195 3217 bona
1227 3161 1413 3217 liuere.

691 3259 746 3313 5.
779 3255 1158 3313 Bertedictione
1200 3258 1413 3318 autem,
1460 3249 1562 3308 hoc
1597 3260 1681 3308 est
1707 3249 2060 3321 beneplacito,
2103 3249 2210 3303 im-

624 3350 770 3423 plere
795 3348 881 3404 hic
907 3348 1058 3417 dicit,
1086 3349 1338 3419 quoniam
1362 3345 1542 3416 implet
1573 3342 1988 3415 unumquodque
2009 3341 2208 3397 animal

623 3438 896 3495 voluntate
922 3453 1014 3494 sua
1042 3438 1091 3494 ei
1117 3437 1378 3507 placenta.
1415 3434 1532 3491 Non
1560 3434 1703 3490 enim
1729 3432 1822 3489 dat
1847 3433 2088 3489 absolute
2112 3433 2207 3487 ali-

619 3516 885 3597 mentun,
911 3529 1006 3586 sed
1032 3541 1188 3601 prout
1216 3538 1296 3587 est
1317 3528 1510 3601 cuique
1536 3528 1683 3595 utile,
1717 3542 1814 3599 pro
1836 3526 2094 3599 cujusque
2116 3525 2209 3581 de-

622 3620 852 3688 siderio,
880 3630 1135 3693 quantum
1181 3619 1249 3674 ad
1287 3635 1409 3674 eum
1440 3616 1759 3688 explendum
1797 3618 1928 3672 satis
1952 3624 2055 3673 est.
2098 3616 2210 3672 lloc

592 3706 597 3711 ’
622 3722 704 3767 est
728 3721 905 3768 autem
932 3710 1073 3783 quod
1103 3711 1266 3767 dicit:
1300 3712 1363 3766 Et
1389 3710 1580 3777 brutis,
1608 3719 1662 3766 et
1687 3708 2012 3777 hominibus,
2045 3717 2206 3780 atque

623 3803 759 3859 adeo
780 3803 1030 3860 omnibus
1049 3803 1166 3869 das,
1189 3812 1247 3858 ut
1265 3812 1350 3859 est
1371 3801 1563 3873 cuique
1578 3808 1811 3872 gratum,
1839 3809 1895 3856 ut
1917 3808 2001 3857 est
2018 3801 2210 3872 cuique

624 3894 771 3952 cordi
806 3912 819 3949 :
857 3910 955 3952 nec
983 3895 1079 3953 das
1105 3895 1300 3961 solum,
1327 3894 1423 3950 sed
1448 3893 1608 3949 etiam
1637 3879 1857 3964 imples,
1891 3893 1963 3947 ita
1992 3901 2051 3949 ut
2078 3892 2209 3948 nihil

622 3985 780 4042 desit.
810 3987 1099 4059 Propterea
1118 3986 1267 4053 dicit,
1286 3983 1476 4056 lmples
1498 4001 1643 4040 omne
1661 3984 1854 4039 animal
1875 3984 2206 4056 bcucplacito.

623 4079 711 4135 17.
739 4076 922 4134 Justus
947 4076 1197 4133 Dominus
1226 4079 1278 4131 in
1306 4076 1533 4131 munibus
1562 4077 1653 4131 viis
1693 4075 1800 4131 suis
1817 4117 1833 4145 ,
1856 4086 1902 4130 et
1927 4086 2131 4131 sanctus
2157 4076 2211 4130 in

621 4174 851 4230 omnibus
870 4172 1100 4245 operibus
1127 4173 1249 4228 suis.
1281 4171 1405 4227 Vias
1428 4170 1514 4226 hic
1539 4170 1666 4226 dicit
1695 4168 1811 4242 ejus
1830 4169 2207 4238 oeconomiam,

621 4265 1041 4336 providentiam,
1088 4265 1441 4329 curationem,
1490 4278 1586 4335 per
1628 4277 1789 4333 quam
1835 4261 2013 4318 omnia
2058 4261 2212 4317 ﬁnxit

621 4372 684 4412 ac
709 4357 1000 4413 constituit.
1021 4356 1231 4422 Omnia,
1260 4356 1456 4426 inquit,
1475 4370 1640 4426 Opera
1661 4355 1776 4426 ejus
1800 4366 1923 4419 sunt
1942 4356 2208 4424 encomia,

622 4448 782 4518 plena
804 4446 1094 4514 miraculis,
1116 4461 1236 4517 quat
1259 4447 1455 4502 nemini
1475 4445 1712 4517 prmbent
1732 4446 1892 4502 ullam
1915 4460 2097 4502 ansam
2122 4460 2210 4502 re-

624 4536 992 4609 prehendendi
1015 4538 1030 4569 ¹
1048 4578 1063 4603 ,
1089 4537 1189 4592 etsi
1212 4537 1452 4593 nonnulli
1467 4537 1666 4608 iurant,
1680 4548 1734 4594 et
1756 4539 1902 4595 rabie
1921 4538 2208 4610 agitentur.

624 4627 798 4700 Opera
836 4642 965 4699 ergo
991 4628 1109 4699 ejus
1139 4628 1226 4683 tali
1258 4636 1377 4683 sunt
1407 4638 1621 4699 natura,
1648 4639 1709 4685 ut
1745 4628 2017 4700 fulgeant,
2040 4639 2100 4686 ut
2127 4646 2210 4686 re-

623 4717 975 4789 splendeant,
1012 4727 1071 4773 ut
1097 4718 1214 4789 ejus
1256 4720 1344 4791 qui
1389 4720 1513 4775 fecit
1550 4735 1771 4789 curam,
1799 4720 2210 4792 providentiam,

622 4804 986 4878 clementiam,
1026 4808 1310 4881 justitiam,
1361 4812 1696 4870 sanctitatem
1741 4813 2076 4869 annuntient.
2115 4814 2203 4869 18.

589 4933 593 4936 ·
624 4902 799 4976 Prope
817 4914 890 4959 est
916 4903 1167 4959 Dominus
1191 4905 1420 4960 omnibus
1442 4905 1792 4961 invocantibus
1815 4923 1950 4973 eum,
1979 4909 2208 4963 omnibus

623 4995 977 5052 invocantibus
1007 5012 1121 5052 cum
1149 4996 1203 5052 in
1229 4999 1455 5052 veritate.
1494 4997 1634 5053 Ecce
1671 4997 1833 5052 etiam
1872 4998 2031 5053 aliam
2080 5013 2208 5069 pro-

625 5089 877 5146 videntia!
903 5097 1109 5160 partem
1130 5132 1145 5157 ,
1174 5104 1296 5161 qua:
1322 5099 1405 5145 est
1428 5099 1588 5160 caput
1611 5089 1894 5144 bonorum.
1923 5088 2209 5160 Postquam

620 5183 768 5237 enim
810 5180 945 5236 dixit
977 5196 1098 5252 qute
1124 5180 1176 5235 in
1205 5194 1491 5236 commune
1517 5178 1641 5234 data
1677 5190 1800 5233 sunt
1829 5179 1989 5235 etiam
2018 5179 2209 5236 inﬁde-

623 5274 782 5342 libus,
811 5289 1003 5343 nempe
1023 5274 1276 5329 alimenta
1301 5284 1355 5329 et
1379 5273 1598 5340 imbres,
1627 5272 1752 5328 dicit
1775 5273 1933 5329 etiam
1959 5289 2077 5345 quae
2097 5275 2213 5345 prio

620 5368 785 5423 vatim
831 5366 1079 5423 ﬁdelibus
1103 5365 1227 5422 data
1269 5375 1415 5422 sunt.
1446 5362 1702 5434 Quaenam
1732 5375 1910 5421 autem
1952 5380 2016 5421 ea
2044 5366 2212 5421 sunt?

618 5455 800 5530 Prope
826 5474 920 5515 eos
964 5473 1107 5529 esse,
1137 5457 1240 5515 hoc
1277 5468 1380 5526 est,
1421 5457 1728 5525 defendere,
1771 5472 1954 5514 curam
1997 5473 2207 5529 gerere,

626 5552 855 5620 amplius
876 5552 954 5606 eis
978 5546 1277 5622 providere,
1309 5566 1429 5608 esse
1451 5551 1530 5606 eis
1558 5549 1897 5619 benevolum,
1924 5549 2211 5620 benignum

625 5651 680 5697 et
706 5643 1019 5715 propitium,
1045 5653 1101 5699 et
1129 5642 1267 5699 bona
1296 5644 1375 5698 eis
1401 5642 1567 5713 magis
1595 5643 1854 5699 revelare.
1903 5661 1905 5665 ‘

689 5805 708 5837 ί
742 5807 889 5858 Unus.
907 5814 1018 5866 qua
1033 5802 1214 5854 ucnani
1237 5801 1466 5853 damnum
1490 5802 1712 5864 narrant.

1306 396 1362 453 s.
1401 392 1677 452 JOANNIS
1713 384 2185 446 cnnrsosrmu
2224 382 2537 438 ARClIlEP.
2580 381 3109 441 CONSTANTINOP.
3686 334 3768 450 λη

2366 498 2665 569 Αιτιὶειὶοηρε
2693 499 2855 554 utiles.
2873 531 2940 539 —
2958 498 3044 555 19.
3077 497 3383 554 Voluntatem
3400 499 3639 559 timentium
3661 524 3700 562 se
3717 512 3772 578 fa-

2292 593 2421 657 ciet,
2455 600 2502 644 et
2525 590 2924 662 deprecationem
2952 608 3125 647 eorum
3153 592 3407 657 exaudiet,
3436 604 3478 649 et
3508 597 3649 653 salvos
3670 604 3776 669 {min

2292 702 2394 740 eos.
2418 686 2579 755 Atqui
2603 685 2732 740 dicit
2751 687 3035 757 quispiam,
3068 686 3287 741 Volebat
3308 686 3485 743 Paulus
3501 691 3704 760 angelum
3720 711 3778 748 sa-

2293 790 2431 835 tana:
2460 780 2523 835 ab
2551 794 2611 835 se
2639 779 2890 834 recedere
2923 778 2998 854 (2.
3037 779 3154 834 Cor.
3192 779 3274 834 12.
3302 780 3375 851 8),
3415 779 3509 836 hoc
3541 791 3628 847 est,
3655 792 3781 839 tenta-

2293 874 2489 940 tiones,
2513 871 2850 937 afﬂictioncs,
2879 870 3118 939 insidias,
3147 880 3203 926 et
3228 886 3332 926 non
3351 871 3399 926 id
3426 873 3555 927 fecit.
3579 874 3670 929 lmo
3689 891 3782 930 rem

2293 964 2460 1018 fecit:
2512 972 2793 1034 postquam
2837 963 2979 1017 enim
3026 955 3272 1033 cognovit
3314 977 3371 1018 se
3418 970 3583 1032 petere
3620 966 3784 1021 minime

2292 1054 2674 1120 conducibilia,
2708 1063 2765 1108 nt
2807 1068 2996 1109 rursus
3020 1054 3185 1107 vellet
3222 1062 3277 1108 et
3304 1053 3617 1109 vehementer
3652 1056 3785 1119 vellet,

2295 1145 2390 1201 Dei
2417 1159 2552 1216 Opus
2594 1155 2729 1201 erat.
2759 1143 2826 1199 Et
2854 1144 2973 1199 ideo
3000 1143 3209 1199 dicebat
3241 1160 3254 1196 :
3287 1143 3412 1198 Mihi
3433 1144 3589 1214 placeo
3610 1146 3654 1199 in
3682 1147 3786 1213 inﬁr-

2294 1238 2572 1305 mitatibus,
2599 1236 2652 1291 in
2680 1236 3045 1308 afﬂictionibus,
3068 1236 3121 1291 in
3154 1237 3594 1308 persequutionibus
3615 1237 3675 1310 (2.
3703 1238 3786 1292 Cor.

2297 1328 2385 1385 12.
2420 1327 2531 1402 10).
2574 1329 2629 1386 Si
2668 1340 2843 1385 autem
2872 1331 3019 1400 prius
3064 1330 3278 1386 volebat
3317 1331 3590 1397 contraria,
3631 1333 3789 1387 volebat

2296 1428 2514 1491 pr0pter
2561 1419 2934 1489 ignorantiam.
2983 1419 3269 1490 Postquam
3318 1433 3487 1475 autem
3535 1421 3675 1475 Deum
3719 1420 3790 1475 hoc

2296 1511 2435 1567 velle
2456 1510 2659 1578 didicit,
2685 1511 2798 1581 ipse
2823 1508 3079 1581 deinceps
3097 1511 3343 1567 lubenter
3364 1510 3641 1582 acquiescit.
3659 1511 3790 1582 Neque

2297 1604 2440 1660 enim
2471 1603 2572 1659 alia
2599 1612 2679 1659 est
2708 1604 2799 1658 Dei
2829 1603 3109 1671 voluntas,
3141 1611 3197 1659 et
3223 1604 3326 1658 alia
3359 1619 3532 1659 eorum
3569 1605 3645 1671 qui
3665 1606 3794 1674 ipsum

2300 1696 2489 1751 timent
2516 1716 2529 1752 :
2557 1705 2611 1752 et
2642 1696 2685 1751 si
2734 1696 2832 1767 ipsi
2864 1711 3075 1767 quoque
3103 1696 3277 1767 aliqua
3300 1697 3477 1750 volunt
3499 1705 3549 1750 ut
3580 1695 3792 1761 humincs,

2302 1800 2487 1863 postea
2520 1791 2878 1861 corriguntur.
2906 1790 2998 1846 20.
3030 1790 3262 1847 Custodit
3290 1788 3527 1845 Dominus
3554 1806 3694 1844 omnes
3715 1790 3796 1843 diti.

2298 1892 2469 1955 gentes
2497 1900 2550 1939 se
2576 1885 2681 1938 :‘et
2720 1899 2892 1938 omnes
2912 1888 3193 1954 peccatores
3220 1882 3484 1954 disperdat.
3507 1882 3617 1938 ilzec
3639 1895 3794 1953 quoque

2301 1985 2509 2029 estnon
2548 1989 2709 2044 parva
2745 1989 2874 2046 pars
2904 1974 3274 2045 providentiae,
3306 1989 3621 2038 conservare,
3646 1974 3799 2027 munire

2302 2081 2366 2121 ac
2391 2074 2697 2137 protegere,
2729 2080 2880 2121 suam
2908 2065 3153 2139 pmbere
3190 2066 3586 2137 providentiam.
3614 2064 3798 2119 Peccan

2301 2173 2390 2213 res
2416 2166 2594 2213 autem
2628 2156 2758 2213 dicit
2800 2172 2896 2213 eos
2924 2158 3016 2229 qui
3062 2157 3310 2213 laborant
3349 2155 3531 2212 morbo
3565 2154 3800 2211 immedica-

2303 2251 2418 2320 bili,
2446 2267 2540 2308 eos
2582 2252 2671 2320 qui
2714 2250 2904 2306 nolunt
2946 2249 3161 2321 corrigi.
3204 2251 3358 2318 Quod
3402 2252 3443 2307 si
3469 2249 3611 2303 etiam
3653 2248 3803 2316 aliquos

2303 2357 2488 2398 eorum
2509 2384 2523 2410 ,
2549 2343 2639 2414 qui
2671 2344 2842 2412 ipsum
2872 2340 3116 2413 diligunt,
3148 2341 3277 2397 sinit
3302 2342 3355 2397 in
3382 2349 3590 2395 mortem
3612 2337 3802 2395 incidere.

2304 2434 2388 2489 ha:
2410 2449 2623 2506 quoque
2666 2443 2793 2511 sunt
2837 2442 3015 2505 partes
3058 2433 3446 2490 custodientis:
3483 2430 3609 2503 quod
3648 2430 3689 2485 in
3710 2427 3803 2481 Abel

2306 2541 2520 2600 quoque
2544 2525 2758 2581 accidit.
2786 2524 2901 2580 Etsi
2929 2525 3071 2581 enim
3100 2539 3290 2579 eorum
3319 2534 3535 2594 corpora
3559 2518 3802 2578 interierint.

2296 2618 2490 2673 animo
2515 2625 2696 2673 tamen
2735 2616 2991 2672 clariores
3024 2622 3315 2670 evaserunt
3347 2631 3362 2669 :
3404 2612 3644 2682 recipient
3679 2617 3807 2663 autem

2307 2708 2466 2763 etiam
2491 2720 2719 2778 corpora
2748 2707 2985 2763 interitui
3017 2722 3118 2761 non
3160 2706 3412 2761 obnoxia.
3452 2704 3700 2772 Postquam
3720 2712 3808 2765 erg"

2307 2800 2441 2855 dixit
2468 2801 2674 2871 species
2714 2800 2832 2870 ejus
2876 2799 3263 2871 providentius,
3308 2807 3553 2870 quantum
3591 2790 3809 2849 abeodici

2309 2902 2575 2962 poterant,
2600 2903 2913 2946 communes
2933 2932 2948 2959 ,
2991 2889 3225 2960 privatas
3245 2931 3260 2957 ,
3288 2897 3342 2944 et
3368 2903 3484 2959 qua:
3507 2893 3619 2941 sunt
3652 2889 3808 2935 sancto-

2311 2999 2450 3049 rum,
2482 2983 2754 3054 praecipue
2782 2996 2967 3038 eorum
2999 2981 3087 3051 qui
3116 2980 3436 3037 vaeillarunt
3455 3021 3471 3047 ,
3500 2992 3660 3033 curam
3677 2986 3812 3027 eorum

2310 3076 2398 3145 qui
2440 3076 2653 3146 jacent,
2707 3074 3130 3146 providentiam,
3175 3074 3506 3145 patientiam,
3548 3077 3810 3141 peccatorum

2310 3167 2722 3234 correctionem,
2769 3176 3075 3221 sanctorum
3122 3165 3461 3220 custodiam:
3508 3160 3648 3217 laude
3682 3168 3811 3212 rursus

2311 3254 2583 3315 concludit
2602 3258 2921 3323 orationem,
2948 3266 3003 3312 et
3024 3257 3335 3312 universum
3359 3255 3533 3310 orbem
3557 3259 3690 3307 terra:
3707 3252 3812 3298 τοσιι

2311 3349 2377 3405 ad
2423 3349 2594 3405 laudis
2637 3347 3110 3419 communionem:
3150 3345 3245 3402 21.
3278 3344 3630 3401 Laudationem
3664 3332 3812 3392 Dalriui

2313 3443 2542 3512 loquetur
2587 3457 2644 3495 os
2684 3456 2882 3506 meum,
2930 3450 2976 3493 et
3020 3437 3281 3493 benedicat
3332 3437 3492 3492 omnis
3532 3447 3638 3488 caro
3679 3423 3813 3482 contini

2312 3542 2487 3588 sancto
2517 3535 2624 3603 ejus
2663 3533 2714 3586 in
2741 3532 3016 3598 stuculum,
3041 3539 3087 3584 et
3128 3530 3183 3584 in
3229 3529 3469 3586 sarculum
3506 3523 3676 3583 seculi.
3702 3515 3815 3575 Vides

2313 3618 2584 3695 quomodo
2610 3642 2675 3681 ex
2711 3626 2848 3681 bona
2874 3622 3155 3679 nﬁectiono
3184 3639 3293 3678 non
3334 3636 3428 3677 eos
3456 3621 3590 3676 solos
3610 3620 3736 3672 voca!
3756 3606 3814 3677 αυί

2314 3717 2573 3773 beneﬁcio
2621 3715 2955 3781 afﬁciuntur,
2988 3714 3080 3769 sed
3130 3728 3229 3770 eos
3272 3713 3432 3770 etiam
3471 3710 3556 3782 qui
3596 3703 3816 3779 puniuntur

2315 3810 2458 3880 (nam
2482 3807 2586 3864 hoc
2611 3812 2822 3879 quoque
2843 3816 2928 3863 est
2955 3806 3071 3876 ejus
3093 3803 3487 3876 providentiae),
3518 3817 3614 3857 non
3638 3793 3817 3880 homines

2315 3878 2513 3969 solum,
2539 3878 2639 3956 sed
2680 3878 2839 3955 etiam
2866 3898 3052 3964 bruta,
3076 3905 3131 3952 et
3174 3897 3442 3954 elementa
3461 3937 3478 3962 ,
3508 3901 3560 3950 et
3593 3885 3740 3946 omnia
3760 3878 3815 3934 iti-

2313 3992 2530 4049 sensllia
2559 4009 2573 4046 :
2605 3991 2781 4048 omnia
2820 3991 2962 4046 enim
2988 3989 3105 4060 ejus
3140 3989 3386 4044 bonitate
3426 3989 3572 4058 plena
3605 3976 3724 4037 sunl.
3743 3972 3816 4029 Nec

2314 4102 2413 4142 nos
2457 4101 2585 4157 ergo
2615 4085 3026 4141 intermittamus
3065 4098 3188 4138 eum
3238 4093 3295 4139 et
3321 4081 3494 4138 verbis
3519 4086 3568 4134 et
3606 4071 3731 4130 laetis
3757 4078 3815 4121 as-

2315 4178 2468 4234 sidue
2500 4175 2738 4242 laudare,
2772 4168 2860 4247 qui
2892 4185 2975 4231 est
2998 4173 3133 4229 adeo
3160 4173 3361 4238 bonus,
3387 4174 3520 4227 adeo
3546 4166 3759 4235 benignus
3783 4158 3817 4207 ει

2314 4270 2572 4334 clemens,
2604 4276 2660 4322 et
2685 4266 2880 4337 ubique
2908 4279 3063 4322 suam
3092 4264 3340 4321 extendit
3371 4254 3759 4317 beneﬁcentiam:
3782 4250 3818 4296 ιιι

2315 4368 2370 4415 ct
2408 4359 2547 4415 bona
2579 4358 2862 4429 praesentia
2898 4366 2952 4412 et
2981 4356 3154 4412 futura
3183 4366 3602 4425 consequamur,
3635 4341 3766 4417 gratia
3785 4344 3819 4388 ει

2315 4449 2597 4506 clementia
2642 4446 2855 4504 Domini
2902 4446 3074 4502 nostri
3110 4446 3242 4503 .Iesu
3265 4445 3499 4508 Christi,
3527 4440 3607 4497 cui
3634 4431 3817 4507 διατίθει

2317 4544 2619 4614 imperium,
2651 4542 2706 4596 in
2732 4541 2927 4597 sarcula
2956 4540 3299 4596 steculorum.
3330 4539 3519 4592 Amen.

2778 4678 2842 4735 IN
2879 4676 3204 4734 PSALMUM
3242 4673 3448 4732 CXLV.

2315 4813 2371 4867 2.
2392 4813 2571 4867 Lauda
2591 4856 2607 4880 ,
2635 4812 2806 4866 anima
2849 4826 2992 4877 mea,
3023 4808 3320 4864 Dominum.
3353 4804 3586 4860 Laudabo
3616 4792 3817 4852 W

2386 4909 2441 4962 in
2466 4908 2569 4961 vita
2595 4922 2725 4960 mea.
2754 4904 2991 4960 Psallam
3022 4901 3128 4957 Deo
3153 4917 3264 4958 meo
3289 4899 3527 4966 quamdiu
3553 4898 3693 4964 (ws.

2391 5045 2441 5099 l.
2475 5042 2578 5098 Ubi
2603 5040 2792 5107 desiit,
2824 5038 2947 5096 inde
2976 5055 3161 5095 rursus
3201 5037 3409 5108 incipit,
3435 5044 3615 5100 nempe
3638 5041 3664 5079 a
3687 5016 3816 5076 lauda-

2320 5139 2484 5193 tione.
2517 5136 2630 5193 lloc
2654 5135 2796 5200 enim
2826 5149 2932 5194 non
2960 5149 3149 5204 parum
3177 5141 3437 5203 expurgat
3468 5125 3695 5182 animum.
3721 5111 3815 5166 ιδυ-

2318 5231 2440 5287 dem
2465 5239 2645 5286 autem
2673 5227 2823 5294 dicit,
2864 5235 2924 5282 ut
2961 5224 3273 5296 frequenter
3297 5222 3418 5277 dico
3437 5262 3453 5284 ,
3479 5230 3590 5288 qua:
3616 5205 3739 5266 factis
3755 5212 3814 5252 οι·

2320 5322 2570 5379 hibetur:
2601 5320 2742 5392 quod
2768 5318 2929 5375 etiam
2951 5317 3081 5374 dicit
3105 5317 3348 5372 Christus
3376 5333 3388 5368 :
3419 5310 3596 5365 Luceat
3618 5305 3688 5358 les
3708 5299 3815 5392 οδεςη

2318 5431 2491 5470 coram
2520 5382 2802 5467 horninibus
2820 5454 2835 5478 ,
2869 5419 2925 5465 ut
2953 5409 3153 5465 videant
3175 5409 3309 5463 bona
3333 5407 3494 5461 uestra
3516 5410 3671 5470 apol.
3693 5382 3816 5478 Mf"

2319 5511 2515 5580 rij‘iceut
2539 5504 2749 5561 Patrem
2774 5470 2991 5561 uestrum
3013 5504 3100 5575 qui
3120 5511 3196 5557 est
3220 5501 3276 5555 in
3296 5498 3433 5555 cclis
3458 5489 3651 5566 (Matth.
3672 5482 3714 5539 5.
3739 5470 3815 5580 i5)-

2320 5577 2388 5660 Et
2407 5617 2595 5660 rursus
2621 5602 2817 5658 Paulus
2845 5617 2859 5654 :
2887 5598 3183 5669 Gloriﬁcate
3205 5594 3370 5649 Deum
3389 5592 3442 5645 in
3469 5595 3659 5655 corp!"

2318 5659 2441 5752 etin
2469 5694 2654 5766 spiritu
2683 5701 2845 5749 uestro
2871 5688 2946 5765 (1.
2975 5659 3095 5744 Cdr.
3122 5689 3177 5745 6.
3202 5684 3299 5758 20)
3326 5702 3346 5741 :
3372 5691 3426 5738 el
3449 5659 3815 5769 uttemff'mff’fi"

2321 5790 2453 5847 dixit
2485 5751 2538 5844 in
2585 5751 2907 5860 prtecedenil
2935 5781 3180 5851 Psalmo,
3204 5751 3307 5833 Per
3337 5767 3567 5846 siugilot
3583 5759 3683 5816 ἀίει
3696 5751 3812 5806 ⁸⁸⁸³⁸⁸
