4012 6280
341 362 444 418 £73

336 476 502 526 dicant
530 469 620 524 tibi
649 483 668 521 :
697 466 767 520 ita
797 463 882 517 hic
907 461 1086 525 etiam,
1123 457 1355 512 Psallam
1380 457 1490 513 Deo
1517 474 1626 513 utea
1675 455 1918 527 quamdiu

338 565 480 633 {uero
504 559 676 634 (Psal.
702 558 829 613 tu.
858 556 942 626 2).
974 552 1175 609 Deinde
1194 567 1316 608 cum
1336 549 1499 606 vellet
1518 562 1705 604 rursus
1730 546 1929 602 habere

338 653 586 709 homines
622 649 740 718 ejus
788 647 960 703 laudis
1004 645 1216 710 socios,
1244 642 1430 700 incidit
1472 642 1525 697 in
1565 641 1925 696 narrationem

339 746 455 815 ejus
479 741 823 813 benignitatis
852 749 908 796 et
934 739 1233 794 clementia:
1251 779 1268 805 ,
1297 735 1566 792 desiderio
1597 734 1850 788 incensus
1875 740 1930 786 et

341 835 735 898 inflammatus,
773 830 1082 886 universum
1129 828 1314 884 orbem
1367 834 1524 882 terra:
1574 837 1924 895 percurrens,

338 941 525 982 omnes
553 923 797 980 homines
813 923 866 977 in
895 936 1047 976 suum
1067 919 1290 975 chorum
1311 932 1529 988 cogens.
1551 916 1664 971 Hoc
1681 924 1763 970 est
1783 914 1925 969 enim

339 1019 570 1073 niaxima
595 1015 732 1078 laus,
764 1013 998 1069 maxima
1041 1011 1132 1066 Dei
1161 1009 1350 1080 gloria,
1382 1006 1594 1078 quando
1623 1007 1819 1061 multos
1843 1021 1928 1060 re-

341 1107 507 1180 quirit
534 1106 742 1161 futuros
770 1104 886 1174 ejus
910 1102 1100 1158 salutis
1145 1100 1450 1170 participes.
1497 1100 1553 1153 5.
1584 1095 1762 1152 Nolite
1807 1113 1930 1151 con-

342 1200 500 1269 ﬁdere
515 1198 569 1252 in
592 1194 923 1267 principibus,
946 1195 1000 1247 in
1021 1192 1143 1260 ﬁliis
1160 1191 1440 1256 hominum,
1465 1188 1519 1242 in
1535 1188 1713 1258 quibus
1733 1203 1833 1242 non
1855 1195 1929 1241 est

343 1293 504 1348 salus.
534 1290 686 1345 Alius
733 1285 831 1359 (a),
865 1285 930 1340 Ei
955 1285 1039 1353 qui
1083 1300 1184 1337 non
1227 1290 1388 1351 potest
1431 1295 1648 1334 servare.
1695 1277 1929 1333 Audiant

343 1386 454 1442 hoc
475 1381 758 1437 consilium
787 1386 842 1433 et
871 1377 1010 1431 hanc
1035 1372 1481 1436 admonitionem,
1514 1370 1604 1440 qui
1631 1370 1927 1438 suspiciunt

344 1476 575 1528 humana
606 1469 842 1527 subsidia
869 1467 1008 1522 fluxa
1031 1476 1085 1521 et
1114 1465 1332 1520 caduca.
1361 1462 1498 1530 Quid
1527 1471 1610 1518 est
1633 1471 1835 1529 autem,
1862 1460 1928 1516 In

340 1564 520 1632 quibus
557 1577 658 1616 non
685 1569 757 1614 est
779 1559 916 1613 salus
933 1558 959 1610 ?
988 1555 1067 1612 Ne
1094 1555 1310 1626 propria
1347 1553 1564 1624 quidem
1599 1553 1744 1608 salus
1764 1561 1846 1608 est
1873 1552 1926 1606 in

341 1668 527 1710 eorum
555 1659 853 1721 poteSIate,
883 1664 983 1704 nec
1022 1663 1080 1702 se
1111 1657 1335 1717 possunt
1360 1643 1668 1700 defendere.
1700 1643 1754 1699 Si
1783 1644 1940 1701 enim.

341 1759 487 1798 mors
515 1742 819 1808 advenerit,
851 1739 1109 1810 iacebunt
1140 1737 1307 1808 magis
1335 1737 1466 1791 muti
1492 1751 1652 1806 quam
1698 1734 1925 1805 lapides.

343 1836 456 1891 Hoc
481 1835 624 1889 enim
654 1841 737 1889 est
764 1832 903 1902 quod
927 1829 1086 1887 infert
1115 1830 1299 1885 dicens
1330 1827 1540 1884 :Exibit
1563 1828 1774 1896 spiritus
1794 1827 1926 1897 ejus,

343 1937 389 1980 et
417 1933 688 1980 revertetur
710 1924 764 1976 in
791 1933 974 1977 terram
1000 1938 1166 1979 suam.
1193 1920 1260 1974 In
1281 1921 1371 1974 illa
1399 1919 1480 1973 die
1501 1919 1732 1990 peribunt
1757 1934 1942 1972 omnes.

343 2016 673 2086 cogitationes
716 2015 846 2086 ejus.
873 2014 1044 2077 Alius,
1074 2012 1346 2083 Proposita
1373 2013 1481 2083 ejus
1511 2011 1611 2082 (b).
1637 2010 1790 2078 Quod
1830 2023 1927 2068 au-

347 2120 454 2164 tem
486 2108 617 2163 dicit
645 2116 728 2164 est
770 2107 1072 2176 ejusmodi:
1103 2105 1202 2173 Qui
1231 2107 1464 2175 seipsum
1493 2095 1598 2158 non
1629 2114 1802 2175 potest
1831 2103 1928 2158 de-

347 2202 569 2259 tendere
585 2243 600 2268 ,
630 2201 898 2272 quomodo
926 2200 1120 2270 eripiet
1143 2198 1314 2254 alios?
1335 2197 1474 2253 Nihil
1505 2206 1588 2253 est
1612 2198 1754 2253 enim
1779 2202 1930 2266 teque

347 2295 618 2350 inﬁrmum
641 2303 696 2351 et
716 2294 1067 2359 imbecillum,
1099 2301 1157 2346 ut
1181 2307 1242 2348 ea
1268 2306 1409 2361 spes.
1435 2290 1491 2345 Id
1536 2300 1712 2346 autem
1752 2300 1931 2344 osten-

345 2389 425 2444 dit
473 2388 587 2458 ipsa
636 2402 816 2442 rerum
865 2394 1073 2440 natura.
1114 2385 1182 2440 Et
1227 2383 1346 2439 ideo
1393 2383 1588 2439 Paulus
1625 2382 1693 2438 de
1736 2397 1833 2452 spe
1877 2384 1928 2436 in

348 2479 514 2533 Deum
540 2477 814 2533 disserens
851 2476 1062 2532 dicebat
1094 2494 1108 2530 :
1147 2474 1278 2546 Spes
1320 2483 1490 2528 autem
1526 2489 1627 2527 non
1665 2473 1932 2542 confundit

347 2572 522 2644 (Rom.
548 2572 601 2626 5.
629 2571 710 2640 5).

417 2660 718 2730 Principum
738 2659 960 2714 conditio
980 2657 1154 2712 eadem
1173 2672 1284 2728 quae
1305 2655 1628 2728 plebeiorum.
1645 2685 1716 2694 —
1737 2655 1806 2709 At
1826 2669 1932 2710 non

347 2755 420 2808 ita
441 2768 500 2808 se
527 2753 722 2808 habent
739 2767 827 2808 res
847 2751 1128 2816 humanae;
1149 2748 1245 2806 sed
1265 2757 1390 2804 sunt
1412 2747 1598 2803 umbra
1619 2745 1932 2801 imbecillio-

349 2862 456 2901 res.
488 2845 567 2900 Ne
616 2844 914 2900 mihienim
963 2843 1196 2908 dixeris,
1231 2841 1328 2896 Est
1366 2841 1632 2910 princeps.
1677 2837 1933 2908 Princeps

349 2940 496 2996 enim
526 2953 633 2993 non
661 2945 742 2992 est
766 2937 1007 3007 quolibet
1042 2934 1258 3002 homine
1283 2931 1492 3002 plebeio
1535 2929 1779 3002 superior
1808 2946 1822 2983 :
1851 2935 1934 2983 est

349 3032 494 3087 enim
523 3029 748 3100 perinde
776 3030 990 3084 incerta:
1015 3025 1358 3082 conditionis.
1392 3025 1565 3092 Atque
1585 3021 1720 3076 adeo
1741 3020 1786 3076 si
1807 3019 1934 3090 quid

350 3121 738 3178 dicendum-cst
763 3117 1101 3182 admirabile,
1131 3124 1350 3186 prOpIer
1379 3112 1480 3166 hoc
1499 3112 1673 3182 ipsum
1702 3110 1934 3165 maxime

348 3229 458 3268 non
483 3221 569 3266 est
596 3209 886 3273 ﬁdendum,
909 3207 1048 3278 quod
1075 3207 1144 3261 sit
1169 3206 1435 3276 princeps.
1459 3202 1596 3258 Sunt
1616 3202 1758 3263 enim
1782 3216 1932 3255 sum-

348 3318 572 3374 mopere
624 3301 812 3357 lubrici
863 3309 918 3355 et
968 3297 1256 3369 periculosi
1309 3295 1362 3350 hi
1416 3295 1761 3365 principatus.
1817 3291 1932 3348 Etsi

346 3393 530 3448 nullus
557 3391 607 3446 ei
635 3406 791 3447 casus
819 3388 1056 3453 accidat,
1086 3395 1171 3442 est
1199 3386 1265 3441 ad
1297 3387 1434 3440 iram
1463 3383 1731 3455 proclivis,
1762 3390 1816 3438 et
1839 3398 1935 3453 po-

347 3493 544 3540 testate
573 3483 642 3538 ad
665 3481 958 3552 nequitiam
987 3480 1224 3534 abutitur
1242 3519 1268 3545 ,,
1290 3487 1347 3532 ut
1373 3476 1633 3531 rationem
1677 3490 1784 3529 non
1811 3473 1935 3529 red-

345 3577 561 3632 diturus
588 3574 639 3629 ei
681 3573 771 3643 qui
801 3571 1210 3643 promissionem
1242 3568 1492 3638 accepit1
1529 3584 1542 3620 :
1573 3576 1626 3623 et
1664 3567 1709 3622 si
1738 3566 1935 3636 probus

346 3675 642 3738 gratusque
670 3663 852 3729 fuerit,
879 3677 944 3718 eo
978 3660 1184 3717 facilior
1210 3675 1328 3716 esse
1379 3659 1576 3729 poterit
1619 3659 1735 3729 ejus
1779 3673 1934 3714 casus

347 3773 511 3828 quam
537 3757 867 3827 privatorum
886 3795 900 3818 ,
930 3769 1037 3824 quo
1059 3762 1143 3809 est
1173 3754 1413 3822 pluribus
1451 3763 1506 3808 et
1534 3750 1826 3822 majoribus
1855 3751 1937 3807 in-

347 3848 506 3903 sidiis
531 3846 798 3902 obnoxius
827 3862 842 3900 :
866 3851 921 3900 et
945 3859 1010 3899 eo
1044 3843 1252 3898 facilius
1279 3843 1397 3912 capi
1434 3850 1490 3898 et
1516 3842 1805 3913 expugnari
1837 3857 1934 3912 po-

350 3941 501 4007 terit,
529 3953 636 4010 quo
663 3939 843 4008 plures
884 3936 1047 3992 habet
1074 3936 1435 3992 insidiatores.
1460 3935 1596 4003 Quid
1643 3937 1785 3992 enim
1832 3934 1933 3989 sibi

351 4033 539 4086 volunt
568 4031 808 4100 corporis
836 4027 1118 4085 custodes?
1143 4027 1270 4098 quid
1301 4041 1428 4083 vero
1454 4027 1618 4081 multa
1647 4025 1933 4097 praesidia?

351 4123 635 4192 Quomodo
661 4137 813 4191 ergo,
845 4122 937 4192 qui
967 4121 1021 4176 in
1059 4120 1292 4185 civitate,
1326 4134 1446 4189 qua:
1472 4119 1627 4174 bonis
1653 4118 1862 4189 legibus
1883 4127 1936 4174 et

351 4215 614 4273 institutis
642 4216 864 4284 regitur,
893 4229 998 4269 non
1030 4220 1112 4268 est
1138 4211 1206 4267 de
1235 4226 1462 4281 corpore
1489 4225 1730 4277 securus,
1759 4210 1852 4265 sed
1884 4211 1936 4266 in

351 4327 414 4365 ca
451 4317 698 4365 versatur
743 4317 1010 4378 tamquam
1061 4307 1112 4360 in
1164 4305 1354 4361 mediis
1405 4304 1682 4371 hostibus,
1730 4305 1814 4359 cui
1860 4313 1938 4360 tot

351 4403 715 4460 ostenduntur
741 4401 1032 4456 certamina
1061 4409 1115 4455 et
1145 4399 1374 4470 pericula
1396 4439 1410 4464 ,
1442 4398 1576 4453 alios
1603 4412 1818 4453 servare
1841 4413 1937 4468 po-

353 4496 517 4551 terit?
542 4494 644 4562 Qui
668 4509 790 4549 cum
817 4495 888 4548 sit
913 4507 1034 4562 pax,
1058 4491 1272 4562 gravius
1303 4491 1484 4557 timet,
1515 4505 1672 4560 quam
1705 4491 1739 4544 ii
1763 4490 1853 4559 qui
1885 4490 1936 4544 in

354 4587 503 4642 bello
533 4595 836 4650 versantur,
868 4583 1136 4655 quomodo
1164 4584 1362 4654 poterit
1390 4583 1524 4638 alios
1553 4584 1603 4636 in
1632 4591 1742 4637 tuto
1768 4583 1936 4638 collo-

331 4693 514 4740 care,
543 4685 601 4732 et
646 4677 876 4731 liberare
911 4691 941 4730 a
979 4675 1266 4745 periculis?
1307 4673 1484 4729 Multis
1510 4684 1676 4740 certe,
1707 4675 1793 4745 qui
1841 4690 1938 4745 po-

353 4778 533 4824 terant
553 4783 649 4838 per
667 4782 726 4823 se
745 4781 934 4822 secure
958 4767 1158 4832 vivere,
1185 4765 1285 4821 hoc
1311 4767 1462 4821 exitii
1483 4779 1639 4822 causa
1663 4766 1776 4832 fuit,
1798 4767 1938 4837 quod

353 4860 554 4915 talibus
581 4857 934 4923 confiderint;
967 4865 1166 4912 etcum
1191 4856 1267 4910 illi
1291 4855 1626 4923 cecidissent,
1657 4855 1712 4910 hi
1732 4872 1942 4928 quoque

420 4970 438 5000 ι
473 4965 676 5016 Savilius
697 4966 746 5013 in
767 4966 988 5027 margine
1023 4971 1192 5013 textus
1222 4965 1368 5013 Graeci
1407 4963 1667 5014 lectionem
1703 4965 1943 5017 diversam

351 5031 553 5088 emittit,
568 5040 714 5089 quam
727 5028 988 5075 Gentianus
1011 5034 1249 5075 Ilervetus
1269 5027 1340 5089 sic
1361 5027 1617 5089 convertit,
1641 5032 1693 5089 ut
1710 5027 1945 5079 rationem

353 5104 449 5140 non
482 5085 767 5150 redditurus
797 5100 962 5150 eorum
981 5100 1090 5150 qua:
1111 5087 1297 5150 accepit
1329 5085 1389 5135 ab
1412 5086 1563 5136 initio.
1588 5085 1679 5137 Sed
1705 5089 1818 5139 licet.
1840 5090 1945 5140 hch

353 5153 504 5201 lectio
529 5149 749 5214 quadret,
761 5149 819 5198 ad
844 5149 1046 5214 seriem,
1071 5150 1183 5214 quia
1203 5149 1574 5214 exconjectura
1597 5155 1780 5214 iantum
1802 5153 1947 5201 resti-

351 5215 531 5276 tuitur,
547 5209 653 5276 non
674 5213 828 5276 debet
841 5212 900 5276 in
924 5209 1114 5259 textum
1137 5209 1292 5276 induci
1315 5249 1328 5269 ,
1353 5223 1462 5258 cum
1477 5211 1695 5276 maxime
1715 5224 1778 5276 ea
1796 5251 1810 5273 ,
1833 5227 1944 5276 quae

351 5275 408 5323 in
434 5269 802 5336 exemplaribus
835 5271 1020 5336 fertur,
1046 5272 1198 5334 possit
1229 5269 1760 5336 aliquosaltemmodo
1783 5269 1942 5336 expli-

352 5337 474 5398 cari.
499 5331 612 5384 Nam
638 5335 785 5398 illud,
813 5331 1120 5398 iurationem
1149 5345 1245 5398 non
1265 5331 1550 5398 redditurus
1572 5331 1617 5382 ei
1639 5332 1721 5398 qui
1744 5331 1944 5398 promis-

349 5395 542 5458 siment
579 5395 799 5458 accepit,
841 5396 920 5444 hic
943 5395 1124 5458 Adicitur
1154 5395 1224 5458 de
1257 5395 1582 5458 principibus,
1617 5395 1701 5457 qui
1734 5395 1791 5444 ad
1826 5399 1944 5447 iram

351 5457 621 5518 proclives,
636 5456 878 5518 potestate
897 5456 954 5505 ad
978 5457 1242 5520 nequitiam
1261 5456 1690 5518 abutuntur,.quasi
1708 5460 1944 5509 rationem

352 5533 458 5568 non
482 5520 721 5583 reddituri
746 5520 833 5583 iis,
861 5520 944 5580 qui
980 5520 1348 5583 promissionem
1378 5527 1704 5583 acceperunt;
1741 5521 1785 5568 id
1819 5523 1944 5583 quod

347 5582 616 5643 supponit,
637 5579 892 5643 principes
902 5579 1094 5643 quando
1117 5581 1371 5643 imperium
1399 5579 1646 5640 adierunt,
1668 5579 1944 5643 promisisse

350 5641 574 5691 subditis
596 5641 654 5690 se
683 5654 743 5688 ex
770 5641 910 5703 aéquo
934 5645 985 5689 et
1007 5641 1134 5689 bono
1157 5641 1410 5702 imperium
1436 5641 1788 5693 moderaturos.

427 5703 501 5769 (ιι)
535 5705 650 5760 Quis
667 5703 731 5751 sit
749 5703 826 5752 hic
850 5703 1095 5764 interpres
1117 5704 1380 5769 ignoratur.

429 5767 498 5832 (li)
547 5775 628 5822 (ir.
676 5777 722 5823 αἱ
763 5773 1006 5837 προθέσεις
1039 5767 1202 5818 αὐτοῦ.
1232 5769 1350 5828 Quis
1385 5768 1450 5820 ita
1492 5769 1696 5821 verterit
1737 5783 1937 5833 prorsus

345 5839 660 5898 ignoramus.

1422 341 1792 400 EXI’OSI'HO.
1818 341 1884 398 ιΝ
1925 341 2248 401 PSALMUM
2280 344 2483 401 CXL“

3513 348 3616 410 HI.

2038 471 2140 510 una
2167 467 2287 512 sunt
2314 455 2576 512 deturbati
2605 475 2616 509 :
2646 456 2763 512 aliis
2809 463 2984 512 autem
3021 457 3273 518 custodes
3317 458 3469 516 fuere
3498 475 3620 532 pro-

2031 546 2254 602 ditores.
2285 546 2380 602 His
2424 557 2602 603 tamen
2627 547 2872 604 omnibus
2911 549 3281 619 praetermissis
3302 591 3319 616 ,
3368 551 3619 621 quoniam

2033 637 2186 694 multi
2228 647 2548 706 evaserunt,
2577 637 2628 695 id
2671 639 2819 710 ponit
2842 639 3102 711 propheta
3145 637 3213 698 de
3251 657 3356 710 quo
3391 640 3618 697 dubitari

2033 742 2137 782 non
2181 737 2392 798 potest,
2422 745 2616 802 nempe
2662 738 2913 786 mortem.
2958 730 3072 785 Etsi
3111 731 3255 786 enim
3302 733 3478 785 omnia
3525 731 3618 786 tibi

2033 829 2178 876 recte
2207 823 2584 888 successerint,
2637 823 2737 880 etsi
2785 821 2876 890 sit,
2908 823 3111 898 inquit,
3156 823 3471 887 benevolus,
3501 838 3620 894 gra-

2033 919 2191 981 toque
2217 912 2414 978 animo,
2449 920 2503 968 et
2530 913 2597 967 sit
2625 913 2850 984 gratiam
2881 913 3180 982 relaturus,
3212 915 3315 967 vita
3348 914 3398 967 in
3431 914 3621 968 medii-

2031 1003 2306 1072 promissis
2333 1002 2503 1071 finita,
2533 1011 2584 1060 te
2615 1004 2666 1059 in
2699 1018 2833 1059 vana
2860 1019 2958 1079 spe
2983 1003 3206 1071 dimisit,
3239 1003 3383 1074 quod
3411 1005 3518 1058 vita
3549 1005 3621 1058 ad

2031 1093 2431 1165 exsequendum
2459 1095 2781 1165 promissum
2803 1110 2907 1150 non
2931 1094 3218 1150 suffecerit.
3244 1094 3468 1162 Quando
3490 1109 3620 1164 ergo

2031 1171 2100 1242 nc
2129 1188 2234 1242 vita
2265 1188 2479 1258 quidem
2508 1188 2557 1242 ei
2584 1187 2784 1243 sufficit
2810 1187 2874 1243 ad
2909 1187 3232 1261 implendum
3268 1187 3615 1258 promissum,

2031 1277 2124 1332 sed
2154 1287 2277 1332 ante
2307 1287 2556 1333 eventum
2583 1279 2689 1335 vita
2717 1279 2833 1348 ejus
2876 1278 3302 1348 interrumpitur,
3345 1277 3420 1332 ad
3443 1279 3617 1334 imbe—

2032 1369 2211 1422 cillum
2251 1376 2304 1422 et
2351 1369 2644 1424 invalidum
2689 1371 2932 1445 confugis
2969 1369 3247 1423 auxilium.
3279 1371 3360 1425 An
3401 1371 3620 1426 nescitis

2034 1459 2137 1513 hoc
2163 1458 2347 1515 multis
2389 1460 2677 1528 accidisse,
2707 1471 2761 1516 et
2785 1475 2907 1516 cum
2944 1460 3226 1518 cecidisset
3266 1463 3497 1533 adjutor,
3527 1462 3620 1518 dc-

2033 1549 2245 1604 l'cnsore
2270 1550 2520 1619 nudatos,
2553 1567 2620 1606 ex
2644 1567 2710 1612 eo
2739 1553 2904 1609 fuisse
2931 1553 3098 1624 magis
3123 1551 3404 1624 dejectos?
3423 1553 3620 1620 Quam-

2031 1659 2189 1713 quam
2218 1643 2344 1715 quid
2391 1645 2514 1700 dico
2543 1660 2729 1702 eormn
2774 1647 3034 1716 promissa
3081 1661 3401 1702 evanescere
3440 1657 3493 1702 et
3535 1646 3621 1701 in-

2034 1736 2216 1804 terire,
2241 1751 2366 1793 cum
2394 1753 2461 1792 ne
2489 1738 2602 1806 ipse
2627 1737 2843 1807 quidem
2873 1753 3060 1793 eorum
3083 1738 3334 1793 dominus
3355 1746 3622 1793 et-auctor

2033 1824 2290 1882 manéat?
2315 1829 2612 1882 Revertatur
2637 1831 2779 1884 enim
2804 1871 2818 1896 ,
2845 1830 3056 1899 inquit,
3084 1831 3135 1883 in
3163 1839 3348 1884 terram
3372 1847 3537 1886 suam.
3563 1830 3622 1886 Si

2034 1920 2124 1976 ille
2163 1928 2343 1976 autem
2375 1921 2568 1992 periit,
2601 1922 2770 1976 multo
2799 1923 2963 1992 magis
3001 1919 3115 1976 ha‘c
3137 1937 3366 1992 quoque.
3405 1923 3475 1978 Et
3501 1922 3623 1978 idco

2033 2013 2341 2083 subjunxit:
2376 2012 2621 2069 Peribunt
2647 2017 2699 2068 in
2721 2015 2801 2070 die
2825 2013 2916 2068 illa
2942 2027 3114 2069 omnes
3134 2015 3458 2086 cogitationes
3480 2016 3623 2086 ejus:

2033 2103 2323 2160 ostendens
2347 2120 2453 2159 non
2474 2105 2644 2160 solum
2668 2106 2930 2177 promissa
2961 2121 3066 2160 non
3093 2120 3214 2161 esse
3239 2105 3484 2161 effectum
3509 2121 3624 2161 sor-

2035 2197 2192 2251 titura
2214 2239 2229 2264 ,
2257 2196 2350 2252 sed
2383 2212 2505 2252 eum
2533 2198 2694 2253 etiam
2725 2197 2814 2269 qui
2847 2198 3109 2268 promittit
3137 2196 3454 2268 periturum.
3484 2199 3622 2267 Quid

2034 2305 2162 2359 ergo
2185 2289 2439 2360 deinceps
2470 2291 2630 2345 facit?
2652 2291 2938 2361 Postquam
2961 2306 2990 2343 a
3014 2305 3107 2359 spe
3128 2289 3354 2345 humana
3382 2289 3621 2356 abduxit,

2035 2381 2268 2435 ostendit
2306 2381 2560 2451 deinceps
2605 2390 2773 2436 lutum
2825 2391 3058 2452 portum,
3090 2390 3144 2436 et
3171 2396 3348 2437 arcem
3395 2381 3624 2451 inexpu-

2033 2472 2332 2544 gnabilem,
2360 2480 2414 2527 et
2446 2473 2694 2527 consulit.
2727 2472 2823 2528 llic
2867 2481 2951 2528 est
2974 2475 3116 2528 enim
3159 2475 3394 2544 optimus
3435 2473 3622 2530 modus

2034 2563 2326 2630 suasionis,
2371 2563 2635 2619 abducere
2678 2563 2745 2619 ah
2772 2563 3084 2632 imbecillis,
3118 2575 3171 2619 et
3215 2565 3283 2619 ad
3321 2563 3614 2620 valida'de-

2034 2655 2260 2724 ducere;
2293 2671 2410 2726 qua:
2436 2672 2570 2711 vana
2597 2665 2722 2712 sunt
2765 2657 3062 2724 destruere,
3097 2668 3150 2713 et
3189 2674 3309 2730 qua:
3338 2674 3484 2724 vera,
3515 2669 3621 2714 sta-

2035 2747 2195 2804 bilire
2220 2746 2510 2824 {refellere
2538 2764 2656 2819 quae
2681 2747 2974 2824 decipiunt,
3001 2759 3052 2803 et
3085 2764 3203 2818 qua:
3221 2749 3416 2819 juvant
3441 2758 3618 2804 ostenu

2033 2837 2186 2894 dere.
2211 2839 2264 2895 5.
2284 2837 2492 2908 Beatus,
2517 2841 2660 2908 cujus
2684 2838 2822 2894 Deus
2840 2839 3493 2913 Jacobadjutorejus,spes
3513 2841 3621 2911 ejus

2035 2934 2086 2987 in
2108 2933 2321 2988 Domino
2345 2933 2453 2988 Deo
2478 2933 2661 3003 ipsius.
2687 2932 2871 2988 Vidisti
2891 2933 3099 3003 copiam
3120 2933 3326 2987 consilii
3355 2943 3409 2987 ct
3427 2932 3618 2988 adhor-

2037 3024 2293 3078 tationis?
2339 3025 2566 3092 Quando
2617 3032 2794 3079 autem
2844 3023 2974 3079 dicit
3024 3022 3441 3087 beatitudinem,
3495 3022 3648 3078 dicit~

2035 3116 2215 3172 omnia
2243 3117 2406 3182 bona,
2448 3127 2502 3172 et
2528 3116 2760 3171 ostendit
2791 3117 2904 3188 spei
2933 3117 3298 3170 securitatem.
3335 3114 3620 3185 Postquam

2035 3225 2162 3280 ergo
2208 3208 2424 3264 beatum
2467 3209 2605 3264 dixit
2649 3224 2769 3264 eum
2815 3209 2904 3279 qui
2949 3216 3130 3277 sperat
3155 3207 3207 3261 in
3254 3207 3464 3277 ipsum,
3497 3207 3644 3261 dicit».

2035 3299 2288 3370 deinceps
2312 3299 2601 3369 potentiam
2624 3298 2902 3368 adjutoris,
2927 3298 3217 3353 ostendens
3245 3297 3388 3352 illum
3408 3297 3634 3367 quidem-

2036 3405 2157 3448 esse
2204 3390 2506 3455 hominem,
2555 3390 2696 3445 hunc
2737 3405 2866 3444 vero
2909 3389 3074 3444 Deum
3117 3406 3130 3443 :
3177 3389 3322 3442 illum
3367 3388 3620 3454 inter-ire,

2038 3483 2178 3539 hunc
2209 3500 2524 3555 permanere
2556 3501 2568 3537 :
2602 3500 2706 3538 non
2739 3499 2859 3538 eum
2892 3492 3070 3538 autem
3111 3484 3306 3548 solum,
3337 3482 3429 3537 sed
3459 3484 3620 3536 etiam

2038 3575 2153 3646 ejus
2182 3590 2365 3647 opera.
2395 3575 2464 3637 Et
2492 3575 2612 3630 ideo
2633 3575 2716 3630 ’sic
2742 3575 3016 3645 subjunxit
3045 3591 3058 3629 :
3085 3576 3137 3630 6.
3175 3575 3276 3643 Qui
3305 3576 3421 3647 fecit
3444 3574 3635 3629 ccultan-

2038 3678 2083 3722 et
2117 3678 2321 3734 terram,
2349 3681 2490 3723 mare
2516 3677 2560 3723 et
2586 3669 2755 3722 omnia
2783 3683 2894 3738 qua:
2914 3667 2967 3721 in
2993 3667 3063 3722 eis
3089 3677 3227 3722 sunt.

2106 3756 2164 3811 2.
2188 3758 2338 3825 Quod
2371 3759 2414 3812 si
2453 3758 2568 3828 ejus
2599 3766 2724 3814 sunt
2755 3772 2916 3829 opera
2943 3758 3213 3828 perennia,
3246 3758 3412 3812 multo
3438 3757 3630 3826 magis.

2039 3849 2154 3920 ipse
2180 3858 2262 3905 est
2287 3859 2341 3906 et
2369 3851 2618 3921 perennis
2648 3840 2703 3907 ἐι
2730 3861 2941 3922 potens.
2993 3850 3144 3919 Quod
3179 3851 3298 3905 talis
3323 3851 3409 3913 sit,
3437 3859 3622 3904 osten-

2038 3941 2169 3995 dunt
2197 3955 2256 3995 ea
2286 3957 2405 4012 qua:
2451 3941 2518 3997 ab
2561 3957 2628 3997 eo
2675 3943 2813 3998 facta
2849 3949 2972 3997 sunt
2999 3943 3113 4012 ejus
3143 3943 3301 3996 vires.
3337 3941 3484 4009 Quid
3506 3950 3626 3995 tum-

2039 4041 2214 4087 autem
2241 4033 2285 4086 si
2306 4043 2388 4088 est
2415 4044 2469 4089 ct
2496 4035 2764 4104 perennis,
2793 4044 2846 4090 et
2873 4043 3099 4107 potens;
3128 4049 3231 4090 non
3261 4036 3371 4089 vult
3399 4047 3576 4091 autem
3602 4036 3627 4087 τ

2041 4123 2192 4179 Multi
2219 4124 2360 4179 enim
2383 4126 2528 4181 stulti
2557 4125 2673 4181 hinc
2701 4126 2902 4182 dicunt.
2934 4126 3038 4182 Sed
3060 4125 3184 4181 vide
3207 4127 3473 4196 quomodo
3491 4126 3628 4182 hanc

2038 4231 2249 4287 quoque
2276 4218 2451 4273 aufert
2477 4218 2856 4288 suspicionem.
2894 4216 3024 4273 Cum
3052 4220 3193 4273 enim
3221 4218 3444 4274 dixisset
3468 4261 3481 4283 ,
3518 4217 3620 4285 Qui

2041 4309 2158 4379 fecit
2190 4309 2370 4362 cwlum
2394 4318 2440 4363 et
2464 4319 2677 4376 terram,
2710 4325 2850 4364 mare
2874 4323 2918 4363 et
2952 4309 3121 4364 omnia
3146 4326 3257 4376 qua:
3295 4311 3346 4363 in
3375 4310 3443 4365 eis
3469 4321 3584 4364 sunt
3609 4343 3624 4377 -,

2041 4401 2314 4471 subjunxit
2345 4417 2356 4454 :
2393 4403 2446 4456 7.
2476 4402 2574 4469 Qui
2603 4403 2820 4456 custodit
2843 4405 3099 4457 veritate»:
3126 4405 3177 4457 in
3205 4404 3467 4472 steculum,
3506 4406 3628 4475 facit

2035 4493 2288 4565 judicium
2321 4494 2567 4562 injuriam
2591 4494 2908 4564 patientibus.
2942 4493 3093 4562 Quod
3139 4505 3313 4550 autem
3349 4495 3510 4562 dicit,
3542 4504 3630 4550 est

2042 4586 2298 4655 ejusmodi
2329 4603 2342 4639 :
2373 4585 2486 4642 Hoc
2513 4594 2596 4641 est
2619 4585 2734 4658 ejus
2763 4601 2976 4651 munus,
3006 4587 3107 4642 hoc
3137 4596 3219 4643 est
3245 4588 3295 4644 ei
3325 4586 3585 4643 familiare
3609 4631 3624 4655 ,

2046 4676 2147 4732 hoc
2175 4685 2258 4732 est
2309 4677 2538 4732 maxime
2571 4678 2665 4732 Dei
2713 4678 2984 4748 proprium
3012 4719 3026 4745 ,
3058 4693 3165 4734 non
3212 4678 3488 4750 deSpicere
3536 4694 3630 4735 cos

2045 4766 2238 4836 quibus
2265 4765 2322 4821 fit
2350 4766 2563 4838 injuria,
2591 4783 2698 4822 non
2731 4782 2825 4822 eos
2852 4771 3198 4838 contemptim
3229 4770 3628 4839 prtetcrirc,qui

2046 4867 2134 4912 aut
2161 4857 2340 4928 probri
2367 4865 2457 4913 aut
2485 4857 2663 4913 damni
2685 4859 2885 4928 aliquid
2915 4861 3214 4930 accipiunt:
3251 4876 3464 4915 manum
3493 4875 3629 4928 pra:-

2050 4952 2175 5005 here
2227 4951 2290 5006 iis
2335 4951 2527 5020 quibus
2578 4951 2864 5007 tenduntur
2894 4952 3098 5007 insidia:
3133 4969 3146 5007 :
3174 4952 3330 5022 idque
3361 4952 3410 5004 in
3441 4967 3631 5020 perpe-

2047 5054 2217 5096 tuum.
2254 5041 2322 5096 Et
2347 5041 2468 5097 ideo
2504 5041 2674 5110 dixit,
2703 5042 2770 5096 In
2811 5043 3072 5107 saxulum,
3129 5042 3232 5097 hoc
3283 5040 3629 5110 significans:

2029 5150 2153 5198 non
2185 5135 2286 5192 hoc
2323 5144 2505 5191 autem
2557 5138 2760 5200 solum,
2804 5136 2895 5191 sed
2927 5136 2978 5189 id
3013 5135 3171 5194 etiam
3193 5133 3631 5204 _quod,deinccps

2048 5227 2305 5297 sequitur,
2338 5227 2436 5294 Qui
2462 5228 2550 5280 dat
2597 5243 2759 5281 escam
2805 5226 3150 5279 esurientibus.
3180 5226 3231 5278 7.
3256 5223 3506 5284 Dmninus
3527 5225 3632 5280 sol-

2029 5322 2115 5372 .vit
2140 5320 2464 5389 compeditos,
2491 5319 2542 5373 8.
2560 5317 2812 5372 Dominus
2836 5317 3088 5386 sapientes
3113 5317 3235 5385 facit
3261 5332 3438 5383 caacos,
3462 5316 3627 5379 Alius,

2053 5409 2436 5480 llluminat(a).
2483 5408 2737 5462 Dominus
2785 5409 2930 5478 erigit
2976 5407 3145 5462 elisos.
3190 5407 3439 5462 Dominus
3465 5408 3633 5480 diligit

2044 5507 2254 5574 justos._
2283 5503 2337 5558 9.
2385 5503 2631 5556 Dominus
2661 5502 2877 5556 custodit
2919 5501 3175 5566 advenas;
3203 5501 3457 5572 pupillum
3481 5511 3526 5555 et
3555 5503 3631 5556 vi-

2055 5597 2209 5649 duam
2235 5594 2492 5664 suscipiet,
2520 5604 2565 5648 et
2598 5594 2730 5647 riam
2775 5602 3091 5662 peccatorum
3140 5594 3412 5666 disperdat.
3441 5593 3629 5651 Vidisti

2118 5729 2189 5790 (a)
2222 5730 2334 5796 Quis
2356 5729 2419 5777 sit
2442 5727 2520 5779 hic
2543 5729 2788 5796 interpres
2810 5740 2905 5777 non
2922 5728 3120 5796 dicitur,
3147 5727 3282 5796 illum
3307 5743 3425 5796 vero
3439 5739 3631 5796 sequuti

2057 5789 2169 5842 sunt
2192 5793 2506 5853 Hieronymus
2533 5798 2583 5840 et
2605 5789 2828 5853 Vulgata,
2851 5792 2933 5854 qui
2958 5791 3139 5842 habent
3147 5829 3163 5853 ,
3185 5789 3448 5848 illuminat.
