4068 6270
524 291 627 352 1.75
653 253 655 256 l

520 406 789 477 quomodo
823 401 1120 459 ostenderit
1144 401 1259 472 ejus
1284 400 1668 470 providentiam
1707 412 1826 453 esse
1865 412 1960 466 per
1984 410 2102 450 om-

523 500 610 552 nia
643 507 941 558 extensam,
973 504 1027 550 et
1051 494 1169 564 ejus
1195 505 1313 549 esse
1347 502 1545 561 partes,
1569 488 1822 560 expedire
1843 502 1870 542 a
1887 487 2106 543 calami-

520 589 739 655 tatibus,
773 586 893 641 fami
923 585 1116 641 all'erre
1153 583 1446 640 remedium
1471 624 1484 648 ,
1519 581 1743 636 liberare
1787 595 1818 636 e
1858 579 2102 635 vinculis.

521 681 629 736 Sed
654 680 769 735 lucc
799 679 1011 750 quidem
1036 688 1259 750 possunt
1279 679 1438 731 etiam
1465 675 1641 747 aliqua
1664 692 1726 731 ex
1757 683 1905 744 parte
1934 673 2107 728 homi-

523 788 620 827 nes
664 788 827 842 :qua:
877 782 1053 826 autem
1100 767 1349 838 deinceps
1391 777 1719 838 sequuntur,
1767 783 1870 820 non
1900 767 2101 822 itidem.

521 864 674 932 Quod
703 866 842 920 enim
888 863 939 918 in
987 872 1172 918 natura
1220 871 1302 916 est
1354 877 1621 928 mancum,
1666 861 1924 931 corrigit:
1953 860 2107 930 erigit

522 957 722 1026 lapsos,
755 971 848 1011 eos
885 955 974 1026 qui
1007 956 1196 1009 virtute
1219 954 1347 1009 clari
1373 963 1514 1018 sunt,
1547 953 1720 1008 laudat
1742 970 1756 1008 :
1778 969 1871 1008 eos
1899 953 1986 1023 qui
2014 969 2105 1023 pa-

518 1049 747 1105 trocinio
770 1055 974 1114 carent,
1006 1055 1204 1114 servat,
1231 1055 1282 1101 et
1311 1062 1402 1101 eos
1428 1047 1517 1116 qui
1543 1046 1824 1100 orbitatem
1847 1061 1908 1100 ac
1931 1045 2106 1100 vidui-

519 1150 681 1195 tatem
706 1155 845 1210 :rgre
865 1139 1064 1202 ferunt,
1091 1138 1401 1194 consolatur
1424 1146 1478 1193 et
1504 1148 1725 1193 recreat.
1750 1139 1948 1193 Deinde
1968 1153 2103 1206 quo-

520 1232 662 1285 niam
716 1231 871 1294 dixit,
900 1230 1082 1303 Diligit
1121 1231 1308 1301 justas,
1335 1229 1563 1283 ostendit
1585 1245 1706 1284 eum
1740 1230 1917 1284 multis
1947 1246 2101 1301 opem

520 1324 706 1378 tulisse
734 1332 955 1394 propter
979 1323 1146 1376 solam
1181 1321 1559 1376 calamitatem.
1588 1321 1732 1390 Quos
1754 1324 1893 1378 enim
1917 1324 2100 1390 nutrit,

518 1415 685 1470 nutrit
710 1430 775 1470 eo
799 1414 939 1484 quod
969 1415 1226 1480 esuriant,
1258 1414 1397 1484 quod
1429 1413 1642 1484 quidem
1675 1429 1777 1470 non
1824 1424 1905 1467 est
1935 1413 2102 1468 virtu-

519 1508 622 1561 tis:
651 1517 703 1563 et
729 1521 824 1562 eos
843 1506 932 1577 qui
965 1507 1130 1562 vincti
1162 1515 1321 1571 sunt,
1349 1505 1578 1561 absolvit
1607 1516 1824 1576 propter
1851 1505 2058 1560 vincula
2084 1525 2098 1573 ;

515 1598 610 1655 sed
653 1614 829 1668 neque
882 1599 984 1654 hoc
1021 1607 1103 1653 est
1130 1599 1377 1666 virtutis,
1416 1597 1507 1653 sed
1553 1598 1886 1652 calamitatis.
1942 1599 2100 1666 Quin-

515 1691 674 1746 etiam
697 1691 961 1746 illuminat
986 1705 1156 1745 cmcos
1182 1701 1396 1760 propter
1415 1690 1706 1746 etneitatem
1740 1708 1752 1745 :
1779 1705 1948 1759 neque
1974 1704 2100 1745 vero

519 1792 667 1838 recte
698 1782 959 1837 laetorum
999 1791 1083 1837 est
1109 1781 1233 1850 hoc,
1266 1799 1450 1837 verum
1481 1783 1819 1838 calamitatis.
1843 1783 1917 1837 Ita
1938 1783 2096 1838 etiam

516 1875 706 1928 elisum
735 1889 875 1938 esse,
903 1874 1161 1929 advenam
1188 1917 1204 1941 ,
1229 1875 1506 1946 pupillum,
1535 1884 1590 1930 et
1615 1876 1846 1931 viduam.
1875 1876 2025 1943 Quod
2053 1875 2097 1931 si

517 1981 612 2022 eos
635 1966 884 2036 adjuvat,
923 1966 1012 2038 qui
1041 1977 1165 2021 sunt
1192 1967 1244 2021 in
1275 1968 1663 2024 calamitatibus
1687 1988 1701 2022 :
1735 1967 1902 2024 multo
1928 1972 2098 2040 magis

517 2072 611 2112 eos
635 2059 725 2127 qui
753 2058 968 2112 student
995 2057 1194 2112 virtuti.
1217 2057 1352 2113 Cum
1381 2073 1508 2129 ergo
1549 2067 1604 2114 et
1652 2061 1818 2130 possit
1841 2071 1896 2116 et
1922 2063 2048 2116 velit
2079 2104 2094 2128 ,

514 2159 568 2201 et
617 2147 726 2202 sint
770 2150 910 2218 apud
952 2149 1118 2204 Deum
1175 2149 1354 2204 omnia
1396 2161 1684 2219 perpetua,
1739 2166 1803 2206 ac
1847 2152 2094 2207 virtutem

510 2239 765 2308 suscipiat
791 2239 1213 2311 misereaturque
1241 2250 1458 2310 propter
1487 2241 1812 2298 calamitates
1837 2260 1850 2296 :
1875 2259 1971 2298 cur
1991 2260 2096 2300 non

511 2329 738 2386 dimittis
759 2346 883 2387 eum
915 2332 1004 2402 qui
1037 2333 1196 2402 perit,
1225 2347 1348 2387 eum
1380 2335 1468 2405 qui
1510 2344 1593 2390 est
1641 2335 1973 2405 imbecillus,
2002 2339 2093 2407 qui

510 2431 594 2477 est
643 2421 883 2478 interitui
917 2431 972 2479 et
1010 2425 1171 2479 morti
1218 2424 1499 2491 obnoxius,
1534 2435 1587 2481 et
1612 2426 1853 2496 coniugis
1873 2427 1938 2482 ad
1970 2443 2091 2483 eum

510 2512 601 2583 qui
629 2521 711 2567 est
739 2511 889 2568 fortis
924 2522 977 2570 ct
1027 2514 1451 2585 inexpugnabilis
1475 2557 1490 2582 ,
1538 2517 1628 2586 qui
1669 2532 1774 2572 non
1809 2519 2096 2589 exprobrat

512 2604 864 2672 calamitates,
907 2605 1001 2661 sed
1023 2605 1101 2661 eis
1122 2606 1277 2662 alTert
1305 2607 1619 2674 remedium,
1647 2610 1736 2679 qui
1763 2609 1940 2664 omnia
1975 2627 2094 2680 qua:

507 2698 622 2753 vult
643 2697 861 2768 potest?
899 2696 1192 2752 Considera
1225 2706 1402 2754 autem
1428 2709 1728 2756 extremum
1754 2717 1912 2773 quam
1937 2717 2093 2758 accu-

509 2797 624 2844 rate
652 2788 866 2844 dixerit.
894 2787 1008 2844 Non
1039 2789 1174 2845 dixit
1200 2791 1369 2860 enim,
1418 2790 1703 2863 Disperdet
1743 2803 2054 2865 peccatores
2073 2838 2089 2865 ,

507 2889 602 2944 sed
641 2887 780 2942 viam
815 2890 1075 2959 ipsorum,
1103 2887 1206 2944 hoc
1233 2897 1357 2957 est,
1405 2904 1588 2945 eorum
1642 2891 1930 2946 actionem.
1974 2892 2090 2948 Non

505 2986 651 3039 enim
687 2997 964 3044 aversatur
993 2998 1262 3055 naturam,
1296 2989 1392 3046 sed
1419 2991 1543 3045 odio
1564 2990 1724 3048 habet
1749 2991 1952 3046 vitium.
1985 2991 2094 3046 Re.

505 3079 678 3148 gaabit
703 3078 952 3136 Dominus
968 3083 1019 3136 in
1034 3085 1240 3150 sarcula,
1268 3082 1408 3138 Deus
1423 3093 1557 3150 tuus,
1580 3083 1727 3148 Sion,
1746 3084 1796 3137 in
1813 3087 2093 3156 generatio-

505 3187 619 3224 nem
636 3181 683 3225 et
707 3175 1094 3243 generationem.
1126 3174 1278 3242 Quod
1298 3183 1478 3230 autem
1505 3183 1684 3246 regnet
1715 3186 1972 3246 perpetuo
1990 3216 2008 3243 ,
2037 3185 2092 3232 et

509 3263 562 3316 in
589 3272 850 3319 :cternum
880 3274 1208 3333 permaneat,
1233 3267 1454 3323 minime
1479 3277 1560 3323 est
1579 3265 1927 3322 dubitandum
1960 3285 1972 3322 :
1997 3267 2089 3322 sed

507 3362 560 3406 et
587 3353 631 3406 si
659 3353 741 3408 hic
763 3370 869 3408 non
896 3354 1104 3411 dederit
1132 3359 1640 3424 remunerationem,
1671 3374 1791 3415 eam
1823 3369 2001 3416 servat
2023 3359 2098 3430 ad_

506 3447 728 3513 majora.
751 3447 829 3502 Ne
854 3465 980 3518 ergo
1005 3452 1388 3508 conturbamur
1418 3453 1469 3508 in
1498 3453 1897 3520 tentationibus,
1921 3453 1964 3508 si
1983 3469 2088 3508 non

505 3554 536 3593 ο
557 3539 780 3608 vestigio
809 3549 1060 3609 sequatur
1085 3543 1314 3600 solutio:
1345 3544 1440 3601 sed
1465 3545 1692 3600 Domino
1720 3546 2090 3615 permittamus

508 3640 716 3701 tempus
741 3633 1023 3689 solutionis
1051 3652 1064 3688 :
1103 3653 1202 3692 nec
1229 3639 1276 3693 si
1306 3639 1432 3709 quid
1460 3639 1586 3696 boni
1629 3640 1913 3697 fecerimus
1933 3682 1946 3705 ,
1973 3650 2088 3697 sta-

506 3724 600 3778 tim
627 3733 868 3794 pelamus
913 3729 1395 3786 remunerationem
1420 3753 1444 3800 ς
1469 3731 1560 3789 sed
1602 3733 1718 3802 ejus
1757 3734 2090 3790 voluntatem

504 3829 688 3870 rursus
749 3817 932 3872 itidem
977 3829 1395 3888 exspectemus:
1427 3824 1640 3894 quando
1683 3825 1824 3880 enim
1867 3825 2042 3882 dill‘ert
2069 3867 2086 3894 ,

507 3917 880 3964 remuneratur
913 3909 1129 3966 uberius
1153 3922 1208 3967 et
1229 3913 1470 3984 plenius;
1499 3925 1553 3971 et
1581 3917 1633 3972 in
1668 3917 1916 3974 omnibus
1961 3934 2087 3990 gra-

506 3998 605 4052 tias
631 4014 872 4070 agamus,
901 4011 954 4058 et
986 4018 1110 4058 eum
1148 4005 1365 4062 laudare
1391 4023 1696 4078 pergamus.
1743 4008 1816 4064 Ita
1855 4011 1998 4066 enim
2035 4021 2090 4067 et

505 4101 827 4160 prtesentem
852 4095 1010 4148 vitam
1040 4112 1260 4167 agemus
1305 4100 1668 4167 securissime,
1709 4112 1763 4156 et
1789 4117 2086 4174 conseque-

506 4198 626 4236 mur
667 4184 803 4239 bona
852 4186 1162 4257 ineliabilia,
1190 4193 1359 4261 gratia
1401 4203 1457 4249 et
1487 4189 2087 4253 misericordia'Domini

505 4278 670 4328 nostri
700 4275 826 4332 Jcsu
857 4278 1072 4347 Christi,
1101 4283 1184 4338 cui
1214 4283 1376 4353 gloria
1405 4295 1460 4342 et
1490 4287 1768 4357 imperium
1793 4303 1914 4343 cum
1942 4290 2089 4358 prin-

504 4365 626 4434 eipii
660 4379 879 4437 experte
924 4372 1041 4440 ejus
1083 4373 1241 4429 Patre
1266 4385 1318 4430 et
1343 4378 1552 4434 vivilico
1598 4379 1800 4450 Spiritu
1825 4422 1840 4447 ,
1873 4397 2010 4438 nunc
2037 4392 2091 4437 et

506 4470 738 4526 semper,
763 4470 817 4513 et
843 4461 894 4515 in
922 4465 1117 4518 sarcula
1150 4468 1487 4523 saeculorum.
1515 4472 1706 4527 Amen.

951 4639 1018 4695 IN
1049 4641 1369 4702 PSALMUM
1392 4648 1614 4706 CXLVI.

581 4791 630 4845 i.
652 4790 881 4850 Laudate
906 4796 1202 4870 Dominum,
1224 4805 1459 4872 quoniam
1489 4807 1649 4862 bonus
1674 4820 1746 4864 est
1770 4808 2028 4866 Psalmus.

523 4975 526 4978 ‘
579 4970 630 5024 l.
674 4969 931 5041 Superius
978 4975 1194 5046 quidem
1245 4978 1296 5031 in
1341 4982 1635 5036 centesimo
1683 4983 2090 5054 quadragesimo

507 5069 698 5131 quarto
747 5063 958 5120 Psalmo
1003 5065 1170 5133 dixit,
1202 5068 1424 5139 Magnus
1469 5070 1718 5126 Dominus
1744 5082 1790 5127 et
1821 5075 2092 5130 laudabilis

505 5156 695 5228 valde(
724 5174 770 5212 υ.
801 5159 880 5230 5),
915 5167 970 5214 et
994 5157 1158 5214 multa
1184 5162 1289 5217 illic
1308 5163 1373 5217 de
1395 5163 1560 5233 gloria
1585 5165 1864 5221 disseruit:
1892 5167 1976 5222 hic
2000 5185 2094 5222 au-

505 5259 613 5306 tem
642 5250 874 5306 ostendit
922 5252 1094 5322 ipsum
1131 5254 1288 5308 etiam
1338 5253 1554 5312 laudare
1603 5257 1798 5312 bonum
1851 5274 2010 5324 esse,
2039 5269 2094 5315 et

507 5343 769 5410 psalmum
787 5359 906 5399 esse
919 5359 1134 5400 causam
1165 5345 1427 5403 bonorum
1449 5349 1932 5407 innumerabilium.
1949 5352 2093 5407 Men-

511 5445 617 5488 tem
645 5435 786 5490 enim
809 5452 840 5492 a
867 5444 1005 5493 terra
1035 5438 1268 5506 abducit,
1304 5432 1648 5514 animumque
1673 5443 1829 5514 erigit
1852 5453 1906 5499 et
1932 5444 1984 5498 in
2009 5445 2091 5498 al-

512 5537 621 5580 tum
646 5529 842 5594 evehit,
875 5530 1126 5602 levesque
1155 5543 1210 5588 et
1239 5535 1497 5591 sublimes
1525 5536 1709 5591 efﬁcit.
1732 5538 1797 5591 Et
1829 5537 1947 5592 ideo
1967 5537 2094 5591 dicit

513 5616 713 5674 Paulus
733 5661 750 5686 ,
773 5621 1017 5676 Canentes
1045 5635 1094 5678 et
1119 5628 1393 5694 psallentes
1420 5629 1472 5682 in
1510 5629 1746 5684 cordibus
1780 5630 1955 5684 vestris
1984 5628 2091 5682 Do-

516 5710 674 5764 mino.
707 5711 814 5767 Deo
843 5723 1012 5768 nostra
1030 5717 1264 5786 jucunda
1297 5720 1361 5772 sit
1386 5721 1610 5775 laudatio
1639 5718 1934 5791 (Ep/tes.5.
1975 5721 2086 5792 l9).

1297 285 1353 340 S.
1394 283 1671 342 JOANNIS
1707 275 2184 337 CHRYSOSTOMI
2223 277 2536 338 AltClllEP.
2579 283 3108 346 CONSTANTINOP.
3638 301 3718 357 £76

2214 392 2386 463 Alius,
2417 394 2659 466 Alleluia,
2691 401 2928 470 quoniam
2952 401 3136 456 bonum
3172 412 3244 457 est
3273 407 3501 462 canticum
3527 408 3616 467 Deo
3639 416 3719 485 (α).

2213 488 2350 554 Quid
2374 497 2476 554 est,
2510 489 2618 545 Deo
2638 501 2806 548 nostro
2818 493 3056 565 jucunda
3083 496 3148 550 sit
3177 495 3392 554 laudatio
3415 501 3547 570 ?Sit,
3569 505 3722 576 inquit,

2211 589 2449 650 accepta.
2480 581 2597 639 Non
2640 587 2772 640 satis
2797 595 2881 640 est
2919 587 3060 642 enim
3091 591 3442 647 tantummodo
3465 607 3656 664 canere,
3680 608 3726 654 ut

2212 673 2282 726 sit
2303 673 2410 727 Deo
2425 673 2658 744 jucunda
2690 676 2944 744 laudatio,
2971 679 3066 734 sed
3093 695 3228 749 opus
3252 691 3331 736 est
3354 693 3408 738 et
3428 685 3542 749 vita,
3567 696 3612 741 et
3628 703 3727 758 pre-

2212 766 2443 834 catione,
2473 777 2528 822 et
2553 779 2799 823 accurata
2830 770 3122 826 attentione
3151 775 3398 829 canentis.
3447 776 3559 832 Mihi
3581 789 3727 836 autem

2211 858 2420 913 videtur
2462 859 2548 915 hic
2573 861 2813 918 Psalmus
2840 878 2960 919 esse
2987 867 3567 925 reversionis.Ostendit
3584 883 3730 929 autem

2211 949 2260 1003 id
2288 965 2383 1019 per
2408 950 2509 1008 hoc
2533 952 2673 1021 quod
2701 953 2992 1027 subjungit,
3025 957 3209 1013 dicens
3243 979 3256 1012 :
3281 961 3335 1014 2.
3379 961 3638 1030 )Ediﬁeans
3660 965 3734 1021 Je-

2221 1038 2450 1091 rusalem
2478 1039 2770 1105 Dominus;
2807 1043 3160 1109 dtsperstones
3213 1047 3384 1098 Israel
3423 1054 3728 1118 congregabtt.

2220 1125 2333 1181 Etsi
2359 1129 2501 1181 enim
2533 1143 2627 1184 eos
2649 1128 2854 1183 dimisit
2880 1125 3075 1200 Cyrus,
3109 1145 3216 1185 non
3249 1145 3313 1186 ex
3343 1131 3478 1187 illius
3507 1140 3729 1192 sententia

2219 1219 2313 1274 sed
2345 1235 2408 1273 ex
2439 1219 2532 1275 Dei
2563 1236 2662 1292 ope
2687 1229 2859 1276 totum
2904 1224 3004 1278 hoc
3035 1223 3334 1294 profectum
3375 1237 3474 1281 est.
3501 1229 3635 1284 Alius
3655 1246 3733 1285 au-

2217 1319 2320 1364 tem
2354 1311 2652 1380 interpres,
2696 1328 2794 1383 pro
2837 1330 2904 1368 eo
2933 1315 3076 1383 quod
3115 1324 3216 1379 est,
3269 1317 3574 1386 zEdiﬁcans,
3606 1323 3733 1388 dixit,

2214 1400 2556 1470 Ediﬁcabit;
2582 1403 2946 1474 Dispersiones
2965 1424 3111 1473 vero,
3138 1407 3393 1476 Expulsos
3415 1411 3506 1481 (ι).
3523 1410 3731 1478 Quanam

2213 1493 2279 1549 de
2307 1497 2508 1550 causa?
2536 1494 2802 1561 Quoniam
2834 1514 2940 1553 non
2973 1515 3160 1556 omnes
3191 1501 3353 1556 simul
3389 1504 3578 1558 reducti
3611 1511 3732 1567 sunt,

2213 1588 2307 1643 sed
2337 1597 2458 1658 post
2485 1592 2846 1648 reversionem
2879 1597 3136 1663 paulatim
3170 1597 3343 1651 coacti
3367 1605 3506 1652 sunt.

2276 1680 2493 1750 Aﬁlictos
2544 1683 2795 1738 consolari
2836 1685 2929 1740 Dei
2975 1689 3255 1757 proprium.
3305 1719 3378 1731 ——
3408 1691 3460 1746 3.
3493 1691 3586 1758 Qui
3623 1701 3741 1747 sanat

2203 1777 2445 1830 contritas
2487 1777 2638 1831 corde
2683 1787 2728 1831 et
2786 1781 2964 1850 alligat
3009 1783 3331 1838 contritiones
3377 1801 3562 1838 eorum.
3602 1785 3742 1852 Alius,

2203 1866 2477 1937 Confracta
2506 1869 2730 1939 ipsorum
2757 1872 2854 1942 (ε).
2883 1871 3015 1926 Cum
3063 1889 3169 1928 non
3209 1873 3428 1931 haberet
3463 1893 3522 1932 ex
3549 1878 3644 1931 vita
3669 1891 3744 1932 sua

2203 1959 2448 2015 ﬁduciam
2473 2003 2487 2026 ,
2521 1960 2737 2016 adducit
2770 1979 2954 2018 rursus
2987 1967 3347 2023 calamitatem
3373 2010 3388 2034 ,
3417 1980 3470 2024 et
3497 1968 3588 2024 Dei
3629 1984 3741 2023 con~

2201 2052 2557 2107 suetudinem.
2588 2054 2685 2108 Est
2709 2055 2850 2109 enim
2881 2056 2998 2124 ejus
3043 2073 3258 2121 munus,
3294 2066 3350 2114 et
3397 2060 3496 2114 hoc
3521 2059 3627 2131 ejus
3650 2076 3749 2128 pro-

2201 2145 2397 2215 prium,
2439 2159 2533 2200 eos
2557 2145 2646 2216 qui
2686 2156 2813 2200 sunt
2862 2148 3056 2218 dejeeti
3107 2160 3160 2206 et
3211 2151 3436 2220 afﬂicti,
3487 2153 3747 2209 consolari:

2199 2235 2644 2306 quemadmodum
2693 2239 2904 2307 quando
2953 2241 3082 2295 dicit
3134 2241 3372 2310 Paulus,
3427 2245 3526 2311 Qui
3567 2244 3754 2311 viuiﬁcat

2199 2338 2425 2382 mortuos
2446 2346 2465 2383 :
2489 2338 2543 2383 et
2568 2345 2778 2397 rursus,
2803 2331 2902 2397 Qui
2930 2343 3073 2386 uocat
3099 2350 3211 2404 qua:
3241 2352 3346 2389 non
3365 2346 3502 2401 sunt,
3533 2346 3751 2402 tamquam

2198 2436 2312 2490 quae
2337 2431 2452 2476 sunt
2476 2421 2494 2493 (
2521 2421 2668 2475 Rom.
2692 2425 2746 2478 4.
2779 2423 2845 2477 17
2868 2422 2885 2492 )
2908 2465 2925 2491 ,
2955 2422 3140 2479 dicens
3192 2429 3471 2496 proprium
3524 2427 3631 2496 ejus
3657 2442 3752 2479 mu-

2200 2527 2301 2567 nus
2343 2529 2357 2564 :
2405 2514 2474 2566 ita
2505 2513 2591 2567 hic
2621 2513 2803 2580 etiam,
2854 2514 2956 2580 Qui
2984 2524 3131 2569 sanat
3155 2519 3401 2571 contritos
3425 2519 3601 2586 corde,
3628 2517 3751 2581 dicit,

2199 2601 2508 2668 ostendens,
2531 2603 2742 2659 etiamsi
2786 2605 2986 2676 indigni
3016 2605 3204 2672 simus,
3233 2609 3489 2678 quoniam
3515 2623 3639 2676 opus
3661 2608 3756 2675 ejus

2197 2706 2404 2760 sumus,
2434 2707 2555 2747 eum
2603 2692 2861 2748 facturam
2904 2709 3053 2749 suam
3109 2712 3213 2751 non
3261 2698 3642 2761 relicturum,a
3678 2711 3755 2750 sua

2197 2784 2579 2840 consuetudine
2605 2798 2708 2840 non
2735 2801 3100 2841 recessurum.
3135 2787 3210 2842 ita
3242 2791 3410 2844 etiam
3438 2790 3642 2853 Paulus,
3673 2787 3760 2843 Sed

2196 2875 2283 2939 qui
2307 2876 2597 2930 consolatur
2630 2877 2846 2932 Immites
2870 2919 2886 2945 ,
2916 2894 3008 2932 nos
3033 2881 3333 2935 consolatus
3360 2890 3432 2936 est
3459 2883 3478 2948 (
3503 2882 3554 2935 2.
3583 2880 3690 2935 Cor.
3713 2880 3756 2933 7.

2196 2965 2232 3022 ϐ
2257 2966 2300 3036 ).
2332 2966 2399 3020 Et
2426 2982 2630 3034 rursus,
2679 2967 2778 3033 Qui
2805 2969 2896 3022 dat
2947 2970 3010 3022 iis
3029 3011 3042 3033 ,
3071 2971 3157 3034 qui
3210 2981 3336 3026 sunt
3379 2974 3566 3043 pusillo
3591 2974 3759 3034 animo,

2198 3057 2496 3127 patientiam
2518 3057 2538 3131 (
2557 3057 2684 3112 lsoi.
2711 3059 2801 3116 57.
2826 3059 2937 3130 l5).
2964 3060 3275 3128 Quinetiam
3322 3063 3412 3117 hic
3439 3064 3553 3132 ipse
3579 3075 3764 3132 quoque

2197 3150 2454 3221 propheta
2512 3151 2673 3218 alibi,
2725 3150 2823 3205 Cor
2866 3154 3137 3208 contritum
3177 3165 3229 3208 et
3286 3156 3611 3210 humiliatum
3651 3152 3768 3206 Deus

2197 3257 2300 3294 non
2326 3241 2565 3312 despiciet
2597 3243 2616 3314 (
2651 3240 2797 3297 Psal.
2840 3243 2929 3300 50.
2961 3243 3028 3300 l9
3049 3242 3092 3316 ).
3132 3245 3370 3312 Quando
3397 3245 3632 3301 volueris
3653 3257 3766 3299 con-

2195 3333 2507 3388 solationem
2539 3336 2955 3406 assequi,redde
2987 3339 3220 3408 teipsum
3253 3339 3768 3410 humilem,animum

2197 3434 2340 3480 tuum
2368 3435 2607 3480 contere.
2635 3425 2745 3482 lloc
2771 3435 2898 3498 ergo
2926 3429 3057 3484 dixit
3081 3429 3148 3485 de
3169 3430 3294 3500 ejus
3314 3433 3619 3497 voluntate,
3645 3428 3772 3484 beni-

2193 3516 2414 3586 gnitate,
2447 3527 2501 3572 et
2526 3517 2844 3585 clementia;
2877 3519 2994 3590 ejus
3017 3521 3226 3576 scilicet
3265 3538 3394 3580 esse
3424 3536 3618 3579 munus
3638 3519 3772 3588 ,illc:

2194 3609 2457 3664 consolari
2486 3610 2574 3680 qui
2603 3619 2727 3664 sunt
2767 3612 2820 3666 in
2850 3612 3243 3670 calamitatibus
3275 3632 3290 3668 :
3320 3615 3469 3686 quod
3498 3625 3668 3669 autem
3696 3626 3774 3665 se.

2193 3701 2394 3770 quitur,
2426 3699 2492 3756 de
2515 3702 2768 3772 potentia.
2800 3703 2854 3757 4.
2888 3703 2986 3769 Qui
3013 3715 3249 3759 numerat
3276 3706 3654 3760 multitudinem
3673 3700 3775 3756 stel-

2195 3792 2364 3846 larum
2401 3793 2542 3852 :hoc
2585 3802 2702 3860 est,
2726 3794 2816 3864 qui
2845 3800 3011 3849 novit.
3060 3794 3336 3863 Quoniam
3370 3800 3517 3854 enim
3551 3797 3778 3868 agebatur

2193 3884 2262 3941 de
2283 3884 2518 3954 dispersa
2541 3884 2901 3950 multitudine,
2933 3895 2986 3940 et
3015 3897 3306 3957 quze‘tunc
3336 3903 3608 3960 nusquam
3634 3897 3777 3956 appa-

2198 3977 2370 4042 rebat,
2397 3975 2516 4046 jure
2557 3977 2658 4031 hoc
2680 3977 2983 4047 exemplum
3033 3978 3085 4032 in
3129 3980 3379 4034 medium
3412 3979 3671 4041 adduxit,
3698 3987 3780 4044 per

2196 4067 2296 4121 hoc
2345 4067 2633 4123 ostendens
2693 4081 2816 4123 eum
2871 4081 3026 4137 posse
3093 4069 3177 4123 vel
3231 4069 3523 4141 dispersos
3588 4077 3778 4136 cogere.

2194 4159 2468 4215 Contritos
2506 4161 2648 4214 enim
2697 4159 2837 4216 solet
2869 4161 3076 4231 erigere
3105 4169 3160 4216 et
3185 4164 3471 4218 consolari
3503 4205 3519 4229 ,
3549 4171 3605 4218 et
3647 4159 3783 4215 innuo

2195 4251 2506 4307 merabilem
2552 4261 2819 4307 astrorum
2869 4253 3270 4309 multitudinem
3323 4255 3485 4309 novit
3536 4252 3780 4324 apprime.

2197 4343 2341 4414 Ergo
2391 4360 2491 4400 nus
2536 4359 2788 4414 quoque,
2837 4358 2971 4414 quos
3015 4345 3294 4413 pollicitus
3337 4356 3429 4404 est
3476 4347 3560 4402 eis
3605 4345 3786 4399 futuros

2195 4434 2426 4504 aequales
2449 4476 2464 4502 ,
2503 4435 2810 4505 plenissime
2837 4435 3076 4490 reducet.
3109 4435 3175 4489 Et
3209 4439 3466 4494 omnibus
3505 4438 3578 4492 eis
3604 4433 3786 4490 nomina

2196 4543 2402 4581 vocans.
2436 4527 2609 4593 Alius,
2643 4526 2888 4582 Omnibus
2918 4529 3126 4582 nomina
3153 4545 3376 4587 vocans.
3409 4531 3591 4594 Alius,
3625 4527 3787 4582 Omnes

2197 4635 2280 4673 eos
2306 4617 2598 4671 nominatim
2626 4618 2819 4673 uocabit
2848 4618 2950 4690 (ά).
2995 4619 3262 4675 Existimo
3295 4621 3409 4677 hoc
3458 4620 3662 4676 dictum
3686 4625 3787 4670 esse

2197 4711 2264 4765 de
2294 4709 2564 4776 lsraelitis,
2593 4719 2647 4764 et
2671 4709 2812 4764 idem
2862 4709 3042 4764 dicere
3075 4711 3436 4780 prophetam,
3467 4710 3612 4782 quod
3651 4705 3791 4763 Isaias

2197 4817 2408 4873 quoque
2434 4811 2615 4871 postea
2657 4816 2670 4851 :
2705 4799 2787 4853 Ne
2812 4801 3007 4866 timeas,
3044 4799 3214 4855 Israel
3244 4845 3261 4868 ,
3297 4819 3368 4857 ea:
3410 4801 3639 4873 speculis
3664 4805 3789 4850 terra

2199 4894 2370 4947 uocaui
2393 4901 2440 4946 te
2464 4934 2479 4958 ,
2507 4901 2554 4945 et
2578 4891 2703 4957 dixi,
2737 4890 2901 4945 Filius
2944 4908 3084 4945 meus
3110 4907 3162 4945 es
3205 4892 3227 4960 (
3253 4891 3399 4947 Isai.
3429 4893 3525 4948 ΔΙ.
3557 4889 3654 4960 9).
3675 4879 3792 4953 Quid

2197 4997 2304 5054 est,
2340 4986 2524 5041 Omnes
2553 5003 2634 5039 eos
2670 4984 2965 5039 nominatim
3011 4984 3206 5038 uocabit
3228 4984 3258 5037 .’
3307 4983 3514 5040 Nullus
3537 5026 3553 5051 ,
3599 4977 3790 5048 inquit.

2198 5095 2383 5135 eorum
2415 5079 2608 5150 peribit
2640 5121 2656 5142 ,
2708 5078 2802 5133 sed
2837 5077 3293 5148 quemadmodum
3347 5077 3447 5148 qui
3491 5067 3790 5133 nominatim

2198 5181 2412 5238 vocant,
2458 5173 2527 5226 ita
2563 5171 2725 5226 etiam
2783 5171 2896 5240 ipse
2947 5184 3137 5225 omnes
3171 5170 3430 5240 perfecte
3484 5158 3790 5224 reducens.

2264 5347 2346 5421 (n)_
2371 5353 2479 5394 Haec
2512 5345 2849 5406 interpretatio
2881 5346 2957 5394 est
2986 5343 3272 5408 Symmachi.
3324 5344 3461 5394 Vide
3498 5344 3552 5394 in
3589 5334 3792 5398 Hexaplls

2199 5415 2473 5530 nolit)?st
2505 5468 2622 5518 item
2643 5467 2984 5531 interpretatio
3002 5465 3266 5527 symmachi
3287 5473 3392 5518 est.

2256 5537 2330 5597 (ο)
2359 5533 2616 5594 Confracta
2657 5547 2842 5593 eorum,
2881 5535 3081 5585 videtur
3121 5549 3234 5586 esse
3283 5542 3452 5590 lectio
3480 5541 3673 5604 quintae
3712 5536 3779 5584 νει

2189 5609 2515 5675 sextantem
2549 5605 2702 5658 n11“;
2742 5606 2891 5654 vertit
2932 5604 3050 5654 alibi
3092 5608 3308 5671 Aquila,
3355 5610 3504 5662 labor
3549 5610 3779 5675 (διαπόνη-

2246 5697 2328 5792 ἶίὶ)
2355 5724 2449 5788 Qui
2484 5725 2585 5776 sint
2617 5726 2668 5777 hi
2694 5727 2789 5777 duo
2821 5726 3124 5791 interpretes
3157 5731 3427 5782 noscimus
