4012 6280
472 295 574 387 ιτ)

467 437 687 510 Magnus
740 439 990 496 Dominus
1023 452 1188 499 noster
1209 486 1223 508 ,
1275 455 1320 500 et
1351 464 1533 520 magna
1567 454 1721 507 virtus
1751 456 1877 525 ejus.
1908 457 2049 523 Quo-

463 532 606 585 niam
635 545 749 585 rem
777 530 909 586 dixit
927 535 1234 603 utaximam,
1263 551 1321 593 se
1349 547 1426 594 tot
1455 541 1726 599 hominum
1749 548 1934 617 millia,
1956 565 2051 619 per

461 623 768 675 universum
803 623 986 677 orbem
1027 633 1187 680 teme
1232 627 1471 698 dispersa
1496 673 1512 698 ,
1543 647 1663 690 esse
1699 650 2048 710 congregatu-

461 729 597 779 t-um,
619 714 876 783 deinceps
891 716 1107 772 disserit
1137 719 1204 775 de
1230 721 1346 789 ejus
1381 727 1636 793 potentia,
1675 727 1889 786 Iudaeos
1910 773 1926 800 ,
1953 733 2044 803 qui

456 805 617 862 valde
637 809 1117 878 conturbabantur,
1147 821 1206 866 ut
1233 814 1538 879 crederent,
1563 819 1840 876 inducens.
1875 823 1937 877 Et
1959 841 2044 879 sa—

455 897 660 967 pientia:
684 901 796 969 ejus
817 919 915 955 non
946 912 1017 956 est
1038 920 1292 959 numerus.
1322 906 1398 961 Ne
1421 924 1599 978 quaere
1629 927 1754 982 ergo
1775 917 2041 983 quomodo

453 1001 505 1044 et
547 1007 650 1061 qua
697 993 902 1047 ratione
938 1010 950 1046 :
985 1003 1068 1049 est
1110 997 1253 1051 enim
1302 998 1418 1067 ejus
1463 1002 1772 1071 magnitudo
1809 1005 2034 1060 inﬁnita.

450 1080 708 1147 Quocirca
739 1083 871 1138 dixit
911 1085 1092 1151 etiam,
1126 1086 1494 1158 Magnitudinis
1515 1093 1623 1161 eius
1664 1110 1766 1148 non
1811 1107 1884 1150 est
1920 1098 2038 1166 ﬁnis

452 1173 622 1245 (l’sal.
650 1175 770 1230 144.
807 1177 840 1229 5
867 1177 905 1245 ).
953 1176 1055 1232 Sed
1084 1179 1530 1247 quemadmodum
1572 1184 1773 1240 inﬁnita
1809 1197 1892 1241 est
1923 1204 2037 1243 ma-

447 1265 689 1333 gnitudo,
721 1268 790 1320 ita
832 1268 991 1321 etiam
1033 1269 1312 1338 sapientia.
1359 1271 1428 1325 Et
1471 1273 1591 1327 ideo
1617 1289 1736 1329 cum
1765 1275 2029 1346 dixisset,

447 1355 671 1426 Magnus
700 1354 947 1411 Dominus
983 1367 1170 1425 noster,
1203 1359 1478 1429 subjunxit
1502 1379 1516 1416 :
1544 1362 1612 1416 Et
1639 1366 1905 1435 sapientia:
1923 1369 2032 1437 ejus

445 1464 543 1501 non
565 1457 633 1501 est
655 1465 911 1502 numerus.
937 1451 1238 1518 Quinetiam
1265 1452 1595 1509 admirabilis
1611 1464 1693 1510 est
1720 1457 1837 1527 ejus
1851 1460 2029 1514 scien-

442 1539 549 1604 tia;
581 1549 633 1593 et
663 1538 782 1593 ideo
812 1539 1066 1595 dicebat:
1104 1541 1356 1597 Mirabilis
1398 1545 1534 1613 facta
1578 1557 1649 1600 est
1697 1549 1904 1603 scientia
1942 1562 2029 1606 tua

439 1647 504 1683 ea:
543 1648 619 1684 me
642 1648 661 1687 :
689 1637 972 1703 confortata
1009 1644 1110 1700 est,
1144 1652 1243 1689 non
1270 1645 1441 1704 potero
1469 1639 1537 1690 ad
1571 1655 1680 1692 eam
1705 1641 1874 1709 (Psal.
1900 1645 2022 1700 158.

439 1721 472 1774 6
494 1723 534 1791 ).
566 1721 630 1776 Et
651 1733 772 1777 sunt
800 1724 916 1790 ejus
941 1725 1137 1792 judicia
1169 1741 1358 1780 rursus
1387 1727 1751 1785 inscrutabilia
1782 1749 1795 1784 :
1823 1742 1877 1788 et
1902 1735 2025 1792 ideo

441 1812 650 1867 dicebat
680 1831 694 1865 :
727 1813 936 1867 Judicia
981 1829 1066 1868 tua
1097 1817 1305 1886 abyssus
1339 1820 1499 1872 multa
1528 1819 1546 1890 (
1579 1820 1726 1875 Psal.
1749 1824 1838 1879 55.
1859 1825 1946 1900 7).

501 1903 556 1957 2.
596 1905 728 1959 Cum
752 1907 960 1976 sitergo
983 1913 1223 1977 magnus,
1253 1919 1455 1978 potens,
1485 1921 1536 1966 et
1565 1915 1798 1982 sapiens,
1829 1933 1899 1972 ne
1933 1919 2019 1974 ni-

433 2000 534 2050 mis
559 1998 770 2052 curiose
801 1999 1056 2068 inquiras,
1089 2001 1358 2069 quomodo
1382 2002 1493 2058 haec
1517 2015 1696 2059 erunt.
1727 2007 1781 2061 6.
1835 2008 2017 2064 Susci-

430 2090 571 2157 piens
604 2099 888 2144 mansuetos
923 2089 1193 2159 Dominus,
1226 2093 1500 2148 humilians
1538 2105 1706 2150 autem
1731 2110 2016 2168 peccatores

432 2198 586 2251 usque
613 2182 682 2235 ad
702 2191 906 2238 terram.
936 2183 1012 2238 Ne
1056 2185 1197 2238 enim
1220 2185 1456 2240 dicerent
1484 2187 1643 2257 aliqui
1682 2189 2012 2261 insipientes,

427 2272 562 2339 Quid
589 2272 656 2328 ad
701 2289 818 2341 nos,
861 2275 904 2329 si
947 2275 1186 2345 perfecte
1234 2276 1382 2331 novit
1429 2287 1570 2332 astra
1613 2281 1834 2336 omnia?
1882 2283 2014 2341 dicit

423 2369 582 2421 etiam
611 2383 793 2423 curam
823 2383 985 2438 quam
1014 2369 1148 2440 gerit
1170 2369 1443 2424 hominum
1472 2387 1485 2423 :
1515 2386 1620 2426 non
1649 2372 1785 2428 dixit
1808 2384 2008 2445 autem,

423 2457 589 2526 Opem
617 2458 794 2513 ferens
822 2459 1116 2514 mansuetis
1138 2460 1416 2526 Dominus,
1443 2461 1538 2516 sed
1562 2463 1702 2532 quod
1731 2473 1814 2519 est
1843 2467 2011 2523 multo

421 2547 614 2617 majus,
643 2548 968 2620 Suscipiens:
994 2558 1258 2619 tamquam
1278 2549 1347 2606 de
1371 2552 1570 2605 amanti
1586 2562 1735 2621 patre
1759 2554 2005 2624 loquens.

418 2638 554 2704 Quid
583 2645 667 2693 est
689 2647 889 2706 autem,
917 2639 1211 2708 Suscipiens
1235 2641 1261 2695 7
1280 2640 1574 2709 Recreans,
1610 2641 1812 2712 ferens,
1844 2645 2003 2717 baju-

418 2730 555 2784 laus.
584 2729 770 2785 Vidisti
795 2746 981 2786 rursus
1013 2731 1300 2801 perfectam
1333 2733 1385 2787 in
1419 2741 1646 2806 utroque
1669 2735 1789 2806 ejus
1811 2745 2002 2804 poten-

417 2823 585 2878 tiam?
612 2839 804 2893 nempe
831 2825 883 2878 in
911 2825 1228 2880 extollendis
1255 2825 1562 2894 humilibus,
1590 2836 1645 2884 et
1668 2829 1719 2884 in
1745 2829 2002 2900 dejicien-

412 2913 496 2967 dis
532 2913 997 2986 deprimendisque
1035 2917 1426 2986 arrogantibus.
1452 2917 1565 2972 Non
1597 2919 1769 2974 solum
1818 2927 2000 2977 autem

411 3005 674 3071 lntmiliat,
701 3006 795 3062 sed
821 3007 982 3061 etiam
1010 3023 1352 3077 summopere
1381 3008 1622 3064 humiliat
1651 3027 1665 3063 :
1694 3010 1800 3066 hoc
1855 3012 1997 3067 enim

410 3098 512 3152 sibi
543 3097 655 3153 vult
684 3098 834 3163 illud,
867 3097 1038 3169 Usque
1065 3099 1133 3152 ad
1159 3108 1366 3153 terram.
1393 3100 1444 3153 7.
1477 3099 1750 3155 Prwcinite
1774 3100 1992 3158 Domino

407 3194 461 3247 in
490 3193 821 3264 confessione.
851 3192 1031 3248 Alius,
1058 3193 1360 3247 Enumerate
1401 3193 1505 3264 (τι).
1554 3193 1842 3265 Postquam
1893 3195 1994 3266 igi-

409 3296 495 3339 tur
522 3284 656 3338 dixit
681 3285 936 3354 prarclara
958 3284 1075 3354 ejus
1112 3284 1272 3351 facta,
1300 3299 1485 3340 rursus
1507 3299 1600 3340 eos
1619 3285 1684 3340 ad
1736 3286 1994 3357 hymnum

407 3386 561 3431 vocat
587 3375 818 3446 dicens_:
846 3375 1118 3429 Prtecinite
1168 3374 1384 3430 Domino
1427 3374 1481 3429 in
1501 3376 1856 3446 confessione:
1891 3375 1994 3433 hoc

403 3477 508 3533 est,
555 3468 607 3521 in
663 3467 952 3537 gratiarum
1005 3468 1232 3532 actione,
1279 3481 1400 3521 cum
1455 3482 1648 3538 magno
1694 3467 1872 3523 studio
1930 3483 1992 3524 ac

402 3559 694 3628 diligentia.
741 3557 953 3612 Psallite
1003 3556 1107 3612 Deo
1140 3569 1310 3612 nostro
1338 3561 1390 3612 in
1419 3559 1638 3612 cithara.
1667 3559 1838 3627 Alius,
1889 3559 1993 3614 Per

403 3652 567 3720 lyram
594 3649 690 3721 (b).
729 3649 781 3704 8.
812 3649 912 3716 Qui
937 3651 1096 3719 operit
1125 3649 1302 3704 cwlum
1330 3651 1558 3718 nubibus,
1585 3660 1632 3704 et
1657 3661 1804 3722 parat
1846 3660 1992 3710 terra

403 3745 641 3813 pluviam.
673 3744 749 3800 Ne
775 3746 894 3815 quis
920 3757 1096 3799 autem
1139 3746 1294 3814 plane
1343 3761 1532 3802 sensus
1580 3761 1773 3816 expers
1818 3747 1981 3814 dicat,

406 3837 469 3890 Et
513 3836 636 3906 quid
665 3837 730 3891 ad
759 3852 843 3891 me
871 3837 1150 3891 caelestia?
1191 3837 1468 3907 subjunxit
1517 3841 1696 3894 statim
1747 3841 1798 3894 in
1846 3841 1986 3911 quod

401 3943 535 3996 opus
561 3937 640 3982 est
667 3927 991 3993 hominibus,
1019 3928 1308 3984 ostendens
1333 3943 1430 3998 per
1453 3928 1503 3983 id
1529 3929 1670 4000 quod
1695 3931 1983 4002 subjungit,

400 4038 495 4076 cur
523 4023 710 4076 cmlum
736 4023 940 4090 operiat
967 4021 1219 4076 nubibus.
1245 4021 1470 4091 Propter
1490 4029 1560 4088 te,
1595 4023 1782 4092 inquit,
1812 4032 1870 4078 ut
1909 4024 1982 4078 ti-

402 4113 449 4165 bi
478 4121 631 4182 paret
653 4112 908 4183 pluviam.
954 4111 1140 4166 Pluvia
1167 4121 1348 4166 autem
1400 4120 1617 4181 propter
1661 4121 1734 4175 te,
1790 4122 1847 4168 ut
1889 4114 1983 4168 tibi

401 4203 598 4258 ﬁnitum
629 4204 901 4274 producat.
935 4203 1062 4258 Vide
1089 4212 1265 4258 autem
1294 4205 1610 4274 sapientiam
1645 4222 1658 4257 :
1686 4205 1815 4261 dicit
1839 4207 1979 4262 bona

396 4295 660 4365 generalia
690 4312 807 4365 qua:
833 4293 981 4350 dedit
1009 4295 1278 4360 omnibus,
1337 4311 1403 4350 ex
1455 4295 1774 4351 redundanti
1829 4299 1980 4367 copia

395 4402 485 4442 ora
516 4401 702 4441 eorum
729 4387 1032 4441 obstruens.
1087 4387 1141 4440 Si
1173 4386 1314 4441 enim
1363 4387 1662 4442 inﬁdelibus
1709 4384 1804 4442 fuit
1846 4389 1981 4445 adeo

397 4477 703 4540 muniﬁcus,
731 4485 788 4530 ιιι
813 4477 981 4531 nubes
1024 4485 1261 4547 cogeret,
1283 4486 1337 4532 et
1363 4477 1596 4547 pluviam
1624 4487 1884 4541 moveret,
1926 4489 1981 4535 et

396 4579 592 4624 terram
637 4570 916 4637 excitaret,
947 4570 1116 4624 multo
1142 4571 1311 4640 magis
1362 4570 1536 4638 vobis,
1581 4572 1672 4642 qui
1728 4572 1978 4642 appellati

392 4665 518 4718 estis
548 4665 773 4733 populus
801 4678 916 4732 ejus
939 4663 1240 4733 peculiaris.

462 4755 803 4808 Providentia:
849 4754 1152 4823 amplitudo.
1187 4753 1414 4824 Populus
1461 4754 1554 4808 Dei
1580 4757 1849 4825 peculiaris
1891 4759 1979 4827 qui

392 4849 570 4902 dictus.
619 4877 690 4888 ——
733 4847 833 4912 Qui
861 4848 1094 4917 producit
1131 4848 1183 4900 in
1211 4848 1463 4902 montibus
1491 4847 1680 4912 [mnum
1706 4858 1750 4901 et
1772 4849 1978 4903 herbam

388 4941 608 4994 servituti
642 4939 920 4993 hominum.
972 4939 1102 4993 Vide
1147 4937 1495 5009 providentiae
1544 4939 1972 5008 amplitudinem,

387 5031 599 5102 quando
619 5047 725 5085 non
752 5031 922 5085 solum
947 5031 996 5084 in
1015 5031 1156 5100 agris
1180 5039 1233 5084 et
1253 5030 1408 5084 cultis
1427 5029 1659 5098 praediis,
1694 5031 1787 5085 sed
1815 5032 1976 5087 etiam

389 5126 438 5179 in
472 5125 741 5178 montibus
765 5124 960 5177 lautam
986 5123 1074 5176 dat
1102 5137 1361 5186 mensam,
1421 5138 1615 5192 nempe
1661 5123 1973 5199 alimentum

384 5219 770 5282 jumentorum,
812 5230 930 5284 quze
978 5213 1042 5268 ad
1089 5213 1391 5267 hominibus
1447 5213 1787 5268 serviendum
1833 5214 1971 5270 facta

386 5315 526 5358 sunt.
559 5305 627 5359 Et
655 5304 775 5359 ideo
813 5303 1083 5374 subjungit
1113 5313 1128 5354 :
1156 5304 1210 5358 9.
1243 5303 1341 5370 Qui
1392 5303 1478 5356 dat
1522 5305 1767 5373 jumentis
1807 5323 1973 5361 escam

386 5399 630 5466 ipsorum,
657 5407 705 5451 et
735 5397 888 5467 pullis
934 5413 1198 5451 corvorum
1233 5397 1580 5451 invocantibus
1621 5415 1752 5452 eum.
1797 5400 1968 5454 Aliam

413 5546 510 5608 .(u)
549 5545 686 5610 Haut}
727 5540 996 5610 lectionem
1035 5541 1138 5610 (Gr.
1174 5537 1479 5610 καταλέξατε)
1525 5540 1815 5610 Symmacho
1863 5547 1950 5591 ινι-

379 5601 533 5674 buunt
551 5606 707 5674 C0_dd_
730 5601 922 5674 liegiii
951 5601 1144 5674 Aquila?
1166 5609 1332 5650 autem
1358 5601 1530 5674 lectiq,
1552 5601 1756 5674 jubilate
1781 5604 1948 5674 (κατᾳ-

384 5666 656 5734 Minime),
679 5663 872 5715 duobus
888 5663 1055 5725 Regiis
1079 5663 1188 5711 Mss.
1215 5665 1469 5712 asserilur.
1495 5663 1618 5725 vox,
1645 5667 1944 5725 Enumerute,

385 5738 530 5802 etiam
556 5740 746 5802 optime
767 5735 977 5802 quadrat
996 5735 1062 5802 _ad
1095 5747 1258 5802 tocetn
1515 5796 1525 5802 _
1553 5795 1560 5802 _

450 5799 516 5861 (ii)
554 5795 662 5849 ilice
688 5795 854 5856 lectio,
877 5810 966 5862 per
991 5795 1165 5858 lyram,
1190 5801 1265 5846 est
1289 5795 1582 5856 Symmathi.

1395 337 1753 398 EXPUSI'HU
1795 344 1858 400 IN
1899 345 2216 407 PSALMUM
2257 353 2483 410 CXLVI.
2529 357 2614 413 ΕΤ
2653 360 2902 418 CXLVII.

3628 380 3735 442 478

2161 479 2346 561 rursus
2375 468 2506 525 dicit
2530 475 2972 544 muniﬁcentiam,
3006 488 3065 534 ut
3090 483 3178 552 qui
3205 499 3310 542 non
3339 489 3514 548 solum
3535 493 3740 561 jumen-

2160 553 2248 654 tis,
2275 571 2395 626 qua:
2423 562 2662 618 serviunt
2686 565 3009 639 hominibus,
3038 571 3130 628 dat
3154 589 3330 632 escam
3355 553 3617 654 ipsorum,
3647 592 3739 646 sed

2155 646 2314 740 etiam
2342 648 2458 705 aliis
2483 651 2652 710 brutis
2681 673 2695 710 :
2728 654 2795 710 Et
2837 660 2991 730 pullis
3039 663 3203 734 enim,
3237 646 3426 740 inquit,
3474 646 3740 733 corvorum

2151 736 2495 795 invocantibus
2523 759 2654 798 eum.
2679 745 2733 801 Si
2759 759 2936 805 autem
2965 751 3136 811 brutis
3160 767 3214 812 et
3238 736 3420 816 brutis?
3437 767 3736 834 agrestibus

2150 838 2205 881 et
2229 845 2348 898 qua:
2373 831 2678 892 hominibus
2695 840 2914 897 minime
2943 844 3258 917 inserviunt,
3277 858 3421 906 tanta
3445 831 3730 914 adhibetur

2150 924 2480 992 providentia
2515 945 2529 982 :
2559 943 2758 1000 quanto
2781 937 2946 1006 magis
2973 937 3294 1009 hominibus,
3328 954 3380 999 et
3429 945 3730 1006 hominibus

2146 1018 2236 1086 qui
2267 1034 2388 1073 eum
2413 1020 2623 1092 hymnis
2650 1034 2704 1079 et
2755 1027 2997 1084 laudibus
3040 1033 3332 1102 celebrant,
3386 1055 3522 1108 quos
3569 1043 3728 1097 etiam

2146 1120 2427 1178 propterea
2459 1117 2666 1170 vocavit
2689 1119 2941 1187 populum
2972 1123 3314 1192 peculiarem,
3341 1137 3396 1183 et
3421 1131 3501 1186 sui
3536 1134 3730 1201 portio-

2143 1203 2310 1256 nem?
2357 1205 2556 1261 Deinde
2603 1211 2854 1278 quoniam
2907 1223 3061 1268 erant
3112 1217 3364 1275 imbecilli
3387 1232 3440 1276 et
3465 1224 3718 1289 inermes.

2141 1300 2194 1348 et
2236 1295 2416 1350 nudati
2447 1301 2716 1368 omnibus,
2751 1320 2817 1358 ne
2856 1321 2921 1360 ex
2969 1323 3036 1362 eo
3087 1313 3553 1384 conturbarentur,
3599 1305 3725 1374 vide

2137 1386 2405 1453 quomodo
2430 1388 2567 1444 hanc
2591 1406 2800 1462 quoque
2825 1410 3009 1450 eorum
3031 1400 3250 1470 corrigit
3278 1404 3720 1475 imbecillitatem,

2135 1474 2338 1543 dicens,
2370 1479 2456 1533 10.
2489 1479 2608 1534 Νοη
2635 1483 2687 1535 in
2703 1485 2999 1552 fortitudine
3025 1491 3136 1559 equi
3164 1491 3470 1549 uoluntatem
3498 1474 3716 1564 habebit,

2134 1581 2290 1636 neque
2311 1568 2364 1622 in
2401 1569 2534 1624 tibiis
2562 1573 2655 1626 viri
2694 1574 3057 1646 beneplacitum
3079 1591 3151 1635 est
3176 1584 3241 1636 ei.
3274 1585 3361 1640 11.
3411 1586 3715 1656 Beneplaci-

2131 1668 2235 1711 tum
2255 1669 2331 1714 est
2345 1659 2565 1716 Domino
2585 1681 2734 1734 super
2758 1669 2984 1724 timentes
3010 1688 3145 1740 eum,
3171 1683 3217 1727 et
3237 1675 3290 1728 in
3317 1676 3389 1729 eis
3407 1679 3493 1748 qui
3512 1691 3718 1749 sperant

2129 1767 2280 1820 super
2300 1753 2640 1810 misericordia
2665 1760 2793 1828 ejus.
2811 1761 2980 1828 Alius,
3005 1762 3402 1835 Quiexspectaut
3429 1770 3713 1825 misericor-

2128 1841 2262 1894 diam
2285 1846 2394 1914 ejus
2413 1852 2450 1898 ι.
2480 1845 2536 1900 Si
2565 1847 2698 1915 haec,
2731 1850 2921 1919 inquit,
2955 1851 3214 1920 habeatis,
3245 1869 3444 1912 metum
3485 1859 3708 1928 scilicet,

2125 1941 2180 1986 et
2206 1934 2491 2002 perfectam
2517 1937 2568 1991 in
2597 1953 2718 1994 eum
2742 1955 2913 2010 spem,
2943 1944 3220 2000 attrahetis
3250 1947 3365 2016 ejus
3393 1949 3709 2007 benevolen-

2125 2029 2251 2083 tiam
2278 2048 2289 2082 :
2320 2040 2514 2086 etcum
2554 2017 2914 2104 attraxeritis,
2945 2039 3009 2092 iis
3034 2039 3122 2110 qui
3163 2056 3329 2110 equos
3358 2053 3409 2096 et
3435 2059 3584 2099 arma
3617 2045 3715 2100 ha-

2122 2121 2250 2177 bent
2271 2124 2420 2179 eritis
2449 2128 2795 2194 potentiores.
2815 2129 2988 2185 Unum
3011 2139 3093 2185 est
3112 2147 3240 2202 ergo
3263 2135 3402 2204 quod
3427 2137 3703 2206 qumritur,

2120 2222 2177 2268 ut
2201 2231 2305 2270 non
2336 2232 2477 2288 :cgre
2506 2217 2707 2288 feratis,
2737 2237 2911 2292 neque
2931 2224 3334 2294 perturbemini,
3363 2228 3458 2284 sed
3509 2245 3703 2300 exspe-

2118 2310 2273 2363 ctetis
2296 2309 2411 2379 ejus
2438 2311 2861 2369 misericordiam
2891 2331 2905 2368 :
2933 2316 2986 2370 in
3013 2315 3116 2372 hoc
3139 2317 3280 2372 enim
3318 2333 3441 2388 spes
3471 2323 3705 2377 maxime

2117 2401 2380 2466 consistit,
2413 2410 2468 2456 ut
2510 2404 2610 2458 etsi
2665 2421 2774 2459 non
2819 2406 2998 2461 statim
3049 2411 3436 2479 acceperimus,
3486 2413 3705 2471 minime

2114 2489 2480 2561 desperemus,
2512 2510 2613 2550 nec
2660 2497 2899 2553 animum
2924 2500 3257 2570 abjiciamus.
3309 2500 3477 2560 Recte
3522 2515 3702 2562 autem

2113 2582 2268 2652 dixit,
2303 2584 2369 2638 In
2388 2587 2732 2642 misericordia
2751 2589 2878 2660 ejus.
2923 2590 3108 2662 Neque
3155 2597 3299 2652 enim
3337 2597 3603 2654 habebant
3646 2599 3700 2653 in

2110 2673 2263 2730 factis
2285 2676 2393 2731 suis
2423 2677 2690 2734 ﬁduciam.
2721 2680 2827 2736 Sed
2863 2691 3061 2750 tamen,
3091 2686 3283 2756 inquit,
3311 2690 3411 2744 etsi
3437 2705 3531 2745 vos
3557 2690 3694 2748 facta

2108 2764 2471 2836 destituerint,
2522 2773 2749 2840 speretis
2793 2781 2974 2830 autem
3023 2775 3077 2830 in
3125 2778 3241 2848 ejus
3297 2780 3684 2852 misericordia,

2106 2861 2466 2928 assequemini
2496 2863 2886 2930 providentiam
2911 2875 2967 2922 et
2985 2867 3101 2937 ejus
3131 2870 3385 2927 auxilium
3416 2890 3429 2926 :
3457 2890 3580 2944 qua:
3605 2875 3695 2931 de-

2105 2957 2193 3004 tur
2230 2951 2383 3006 nobis
2403 2955 2652 3010 omnibus
2667 2957 2944 3027 consequi,
2975 2960 3144 3027 gratia
3179 2971 3234 3015 et
3259 2963 3536 3019 clementia
3585 2966 3692 3021 Do-

2101 3041 2232 3095 mini
2258 3045 2426 3098 nostri
2449 3044 2576 3100 Jesu
2629 3046 2849 3115 Christi,
2907 3049 2993 3104 cui
3042 3052 3208 3121 gloria
3235 3061 3291 3109 et
3334 3056 3591 3124 potentia,
3640 3058 3693 3113 in

2102 3135 2297 3190 szrcula
2327 3138 2667 3192 saeculorum.
2697 3141 2887 3194 Amen.

2542 3248 2609 3304 IN
2648 3250 2972 3308 PSAIAIUM
3003 3252 3253 3310 CXLVII.

2101 3339 2153 3394 1.
2189 3339 2391 3408 Lauda,
2439 3341 2744 3412 Jerusalem,
2783 3343 3074 3413 Dominum,
3123 3347 3278 3402 lauda
3323 3349 3489 3405 Deum
3524 3362 3686 3419 tuum,

2820 3436 2972 3493 Sion.

2169 3549 2220 3602 1.
2261 3547 2376 3602 Non
2407 3547 2476 3603 ad
2507 3549 2776 3604 civitatem
2797 3590 2815 3616 ,
2845 3551 2939 3607 sed
2969 3551 3034 3606 ad
3063 3567 3157 3607 eos
3182 3555 3273 3624 qui
3317 3555 3370 3611 in
3412 3556 3501 3612 illa
3541 3557 3690 3614 habi‘

2098 3649 2232 3708 tant,
2263 3641 2444 3712 dirigit
2487 3643 2784 3703 orationem
2818 3660 2833 3698 :
2876 3645 3019 3714 quod
3053 3661 3148 3714 per
3175 3648 3342 3702 totum
3375 3649 3568 3705 librum
3611 3652 3690 3706 fa-

2094 3732 2198 3798 cit,
2233 3731 2332 3787 hoc
2362 3748 2576 3804 quoque
2608 3733 2696 3788 hic
2721 3735 2942 3790 faciens.
2970 3737 3198 3793 Assidue
3235 3751 3413 3795 autem
3444 3741 3689 3798 hortatur

2093 3830 2147 3877 et
2170 3823 2422 3891 consulit,
2460 3833 2516 3879 ut
2541 3827 2828 3890 gratiarum
2857 3828 3124 3884 actionem
3155 3830 3264 3885 Deo
3289 3845 3388 3900 pro
3413 3832 3687 3890 beneﬁciis

2092 3915 2338 3981 oﬁ'crant,
2385 3926 2441 3972 et
2479 3933 2652 3987 neque
2684 3919 2738 3972 in
2773 3919 3034 3987 :ndiﬁciis,
3063 3937 3165 3977 nec
3191 3923 3244 3976 in
3270 3923 3460 3978 validis
3486 3940 3686 3996 propu-

2090 4006 2349 4076 gnaculis,
2382 4007 2476 4062 sed
2506 4007 2557 4062 in
2602 4008 2719 4077 ejus
2765 4009 3095 4079 providentia
3137 4011 3382 4067 liduciam
3433 4013 3681 4072 habeant.

2090 4098 2202 4154 Hoc
2233 4100 2394 4154 veluti
2425 4101 2573 4170 prius
2610 4101 2756 4170 jacto
2803 4101 3174 4171 fundamento,
3202 4105 3493 4177 subjungit,
3525 4118 3580 4164 et
3603 4109 3683 4167 di-

2089 4191 2195 4244 cit:
2230 4190 2284 4244 2.
2327 4191 2580 4258 Quoniam
2625 4194 2930 4263 confortavit
2967 4211 3105 4250 seras
3151 4206 3411 4267 portarum
3456 4209 3678 4270 tuarum,

2087 4281 2338 4337 benedixit
2355 4285 2476 4352 ﬁliis
2503 4287 2602 4338 tuis
2627 4284 2679 4337 in
2707 4295 2770 4338 te.
2798 4285 2934 4352 Quid
2960 4296 3063 4354 est,
3091 4305 3228 4344 seras
3255 4290 3594 4359 confortauit.’
3620 4292 3679 4349 In

2088 4382 2222 4440 tuto,
2250 4374 2437 4445 inquit,
2471 4385 2523 4431 te
2570 4376 2871 4442 collocavit,
2903 4375 3026 4431 fecit
3050 4378 3537 4450 inexpugnabilem.
3569 4381 3674 4438 Be—

2085 4469 2278 4523 nediait
2315 4470 2436 4538 ﬁliis
2465 4470 2583 4536 tuis,
2621 4469 2722 4524 hoc
2744 4479 2847 4536 est,
2875 4471 3022 4525 auxit
3046 4470 3098 4526 in
3121 4487 3364 4543 magnam
3387 4475 3678 4531 multitudi-

2085 4577 2229 4617 nem.
2261 4561 2374 4618 Hoc
2410 4577 2574 4618 unum
2611 4571 2697 4618 est
2731 4577 2902 4632 genus
2933 4562 3174 4619 beneﬁcii
3231 4583 3244 4618 :
3291 4565 3518 4621 alterum
3550 4583 3676 4624 vero

2083 4662 2165 4709 est
2194 4653 2342 4719 illud,
2381 4652 2449 4707 In
2480 4664 2545 4708 te.
2577 4654 2691 4708 Hoc
2715 4661 2798 4708 est
2823 4664 2998 4709 autem
3028 4654 3169 4725 quod
3197 4654 3364 4711 dicit:
3402 4673 3507 4712 non
3536 4657 3674 4712 divi-

2083 4761 2189 4812 sos,
2220 4762 2320 4802 nec
2338 4747 2608 4817 dispersos
2628 4748 2673 4811 ⁸,
2702 4746 2796 4802 sed
2824 4748 2874 4801 in
2905 4759 2956 4803 te
2980 4760 3332 4820 congregatos
3360 4751 3512 4805 auxit
3541 4753 3674 4806 mul-

2087 4841 2331 4896 titudine.
2368 4841 2570 4896 Deinde
2599 4841 2740 4896 aliud
2772 4857 2984 4911 quoque
3008 4842 3299 4897 ostendens
3327 4842 3673 4912 providentur

2081 4947 2251 5003 genus
2286 4932 2452 4988 dicit:
2483 4933 2539 4986 '5.
2567 4932 2666 4997 Qui
2697 4934 2837 5002 ponit
2867 4933 2994 5000 ﬁnes
3019 4942 3130 4986 tuos
3157 4932 3504 5003 pacem.Fieri
3531 4934 3671 4986 enim

2081 5031 2257 5092 potest
2277 5030 2337 5077 ut
2361 5030 2415 5077 et
2439 5023 2492 5076 in
2524 5031 2638 5076 tuto
2668 5023 2796 5088 sint,
2829 5031 2882 5078 et
2912 5023 3063 5077 ntulti
3092 5024 3217 5089 sint,
3251 5031 3305 5076 et
3333 5029 3508 5076 tamen
3532 5023 3672 5076 bello

2080 5123 2341 5170 vexentur
2364 5132 2377 5167 :
2401 5113 2495 5169 sed
2518 5113 2586 5168 ab
2606 5113 2689 5168 his
2709 5129 2922 5184 quoque
2944 5113 3152 5168 insidiis
3173 5111 3405 5168 ostendit
3429 5127 3524 5167 eos
3551 5127 3670 5167 es~c

2081 5205 2299 5272 liberos,
2333 5221 2453 5261 cum
2484 5206 2563 5260 sic
2587 5205 2744 5274 dixit,
2771 5215 2828 5261 et
2863 5204 3111 5259 indicavit
3156 5220 3262 5258 non
3311 5204 3486 5260 solum
3533 5204 3665 5258 civi-

2085 5304 2245 5350 tatem
2277 5311 2396 5351 esse
2420 5296 2640 5350 liberam
2668 5296 2736 5350 ab
2759 5294 3178 5360 insidiatoribus,
3209 5294 3304 5349 sed
3335 5295 3479 5364 ipsos
3507 5295 3667 5350 etiam

2080 5387 2235 5442 ﬁnes.
2265 5386 2454 5442 Vidisti
2485 5397 2613 5456 quot
2642 5387 2900 5442 beneﬁcia
2931 5386 3223 5442 recenset?
3266 5385 3504 5441 Primum
3541 5387 3664 5456 qui-

2142 5523 2156 5552 ¹
2193 5519 2332 5570 Savil.
2359 5521 2482 5570 hanc
2501 5523 2813 5581 varietatem,
2839 5522 3064 5571 omissam
3097 5523 3145 5571 in
3171 5529 3338 5583 textu,
3375 5524 3420 5572 ltt
3446 5529 3663 5582 margine

2075 5583 2308 5645 reposuit.
2332 5592 2478 5641 Quam
2502 5584 2700 5645 quidem
2724 5596 2838 5633 esse
2860 5583 3121 5648 Symmachi
3147 5597 3210 5635 ex
3233 5598 3295 5635 eo
3315 5585 3662 5648 conjiciendum

2076 5643 2334 5742 est._quod
2374 5666 2467 5714 iste
2502 5643 2546 5714 1.
2585 5673 2703 5742 Reg.
2743 5665 2830 5725 15,
2866 5643 2927 5727 έν
2951 5643 3042 5722 ’ἸΠἻ
3065 5672 3226 5718 Graece
3272 5643 3444 5730 vertit,
3481 5679 3662 5730 ἆνιιιωιι,

2075 5735 2202 5799 quod
2229 5742 2305 5785 est
2321 5771 2335 5793 ,
2361 5735 2670 5797 exspectauit.

2141 5801 2159 5831 ²
2196 5805 2320 5846 Unus
2344 5798 2491 5860 addit,
2517 5810 2601 5848 nec
2625 5803 2861 5850 errantes.
