4012 6280
315 311 416 367 ιτς)

313 423 434 478 dem
455 462 470 487 ,
498 429 545 475 et
577 417 717 490 quod
745 424 827 471 est
865 412 1105 470 omnium
1146 409 1465 473 maximum,
1494 403 1634 476 quod
1682 400 1896 462 dixerit,

314 513 479 568 Deum
523 521 682 566 tuum.
714 509 817 564 Per
847 506 949 561 hoc
976 506 1118 560 enim
1147 502 1366 556 verbum
1406 497 1534 552 dicit
1561 495 1674 550 hate
1700 492 1899 548 omnia.

312 606 389 663 Te
434 606 614 662 effecit
653 603 991 662 familiarem,
1025 610 1076 653 te
1103 611 1256 652 suum
1296 594 1420 649 fecit
1463 590 1737 654 heredem,
1780 601 1902 642 eum

315 700 386 752 sit
414 696 719 751 communis
745 692 981 748 omnium
1012 688 1267 743 Dominus
1291 727 1307 751 ,
1339 692 1422 740 est
1448 682 1714 753 praecipue
1746 689 1900 734 tuus:

320 789 457 860 quod
485 788 698 860 quidem
728 794 814 841 est
845 784 1072 855 primum
1102 789 1258 848 caput
1287 777 1569 831 bonorum.
1601 771 1904 828 Secundum

316 891 520 947 autem,
579 879 846 933 civitatem
895 874 948 929 in
990 883 1102 929 tuto
1154 869 1456 925 collocavit.
1507 865 1767 928 Tertium,
1814 877 1908 916 eos

317 970 708 1039 multiplicavit.
725 965 1050 1035 Quartum,'a
1075 961 1229 1017 bellis
1245 969 1300 1014 et
1326 955 1638 1012 tumultibus
1665 953 1909 1007 liberavit

318 1080 427 1118 non
454 1063 626 1118 solum
657 1060 948 1123 civitatem,
979 1054 1072 1111 sed
1105 1053 1264 1108 etiam
1308 1051 1607 1104 universam
1647 1053 1860 1116 gentem
1892 1059 1907 1108 ;

323 1165 485 1224 atque
512 1168 616 1207 non
642 1166 752 1206 uno
781 1157 1006 1214 tantum,
1039 1153 1130 1199 aut
1151 1144 1342 1208 altero,
1371 1149 1461 1195 aut
1488 1138 1642 1194 tertio
1673 1147 1913 1206 tempore

326 1248 430 1303 hoc
455 1245 600 1308 fecit,
631 1244 724 1300 sed
756 1244 806 1298 id
838 1241 963 1297 fecit
994 1246 1249 1309 perpetuo
1282 1254 1295 1290 :
1324 1250 1431 1289 non
1459 1233 1588 1288 dicit
1614 1232 1778 1297 enim,
1809 1227 1911 1295 Qui

328 1336 524 1406 posuit,
553 1334 670 1399 sed,
702 1333 803 1401 Qui
838 1332 997 1402 ponit.
1025 1328 1177 1397 Quod
1207 1327 1250 1380 si
1280 1325 1415 1380 bella
1443 1323 1759 1394 quandoque
1783 1333 1913 1373 eve-

325 1436 545 1492 nerunt,
581 1443 683 1480 non
714 1423 855 1496 quod
885 1424 999 1492 ipse
1025 1436 1119 1476 eos
1143 1419 1499 1488 relinqueret,
1528 1412 1622 1468 sed
1646 1411 1787 1482 quod
1816 1408 1913 1479 ipsi

328 1521 616 1584 resilirent,
661 1517 709 1571 id
759 1516 954 1570 factum
1002 1522 1121 1567 est:
1169 1510 1272 1565 hoc
1309 1507 1448 1562 enim
1480 1505 1575 1560 fuit
1603 1511 1915 1574 perpetuum

327 1611 447 1680 ejus
471 1623 626 1680 Opus,
656 1607 884 1672 munire,
915 1607 966 1659 in
990 1613 1102 1659 tuto
1123 1603 1406 1667 collocare,
1433 1607 1490 1653 ut
1515 1597 1582 1652 ab
1603 1597 1746 1652 omni
1773 1593 1925 1673 bello

324 1714 386 1762 et
416 1702 642 1756 tumultu
666 1699 820 1754 liberi
844 1706 1028 1754 essent
1054 1704 1328 1765 praestare.

403 1794 576 1848 Terra:
637 1791 868 1858 fertilitas
927 1787 1022 1840 Dei
1068 1783 1395 1856 providentiae
1445 1777 1802 1833 adscribenda.
1847 1804 1920 1816 --

337 1884 544 1940 Deinde
588 1880 732 1958 aliud
761 1893 975 1950 quoque
1015 1891 1118 1930 una
1149 1889 1270 1928 eum
1302 1872 1403 1925 hoc
1427 1870 1557 1924 dicit
1581 1865 1915 1929 beneﬁcium,

335 1991 525 2044 nempe
574 1957 820 2042 magnam
853 1983 1084 2024 annuam
1123 1965 1474 2029 fertilitatem,
1504 1971 1559 2015 et
1587 1961 1784 2014 bonum
1815 1957 1922 2012 fru-

328 2079 512 2124 ctuum
544 2073 884 2136 proventum,
912 2074 1098 2115 rursus
1123 2049 1210 2113 ltie
1240 2058 1384 2126 ipsos
1410 2055 1610 2110 docens
1633 2069 1735 2106 non
1766 2061 1922 2107 terra:

335 2142 433 2216 nec
461 2160 601 2214 aeris
624 2165 848 2220 naturae,
881 2152 974 2208 sed
1002 2151 1117 2220 ejus
1149 2145 1491 2218 providenti-.1:
1517 2147 1692 2200 omnia
1718 2144 1923 2197 adseri-

334 2254 484 2308 bere.
513 2249 684 2318 Quam
728 2239 1158 2316 providentiam?
1190 2239 1320 2294 Eam
1348 2253 1506 2308 quam
1547 2235 1816 2304 subjunxit
1843 2233 1923 2286 di-

330 2359 482 2408 cens,
523 2340 590 2396 Et
629 2339 781 2409 adipe
824 2333 1063 2408 frumenti
1108 2329 1260 2385 satiat
1300 2327 1399 2382 te?
1448 2326 1576 2379 Vide
1611 2342 1624 2378 :
1656 2339 1759 2378 non
1789 2323 1924 2378 dixit

329 2435 598 2498 absolute,
639 2430 1012 2490 Frumentum,
1050 2422 1170 2490 sed,
1199 2419 1364 2491 Adipe
1385 2417 1646 2490 frumenti,
1677 2431 1921 2486 magnam

335 2525 623 2582 ostendens
653 2519 1079 2592 prosperitatem.
1114 2512 1295 2582 Adeps
1321 2503 1464 2566 enim
1495 2507 1767 2574 frumenti,
1816 2505 1926 2561 fru-

335 2599 453 2674 ctus
497 2617 683 2670 florem
725 2621 778 2668 et
811 2611 862 2666 id
897 2611 1037 2680 quod
1066 2614 1150 2662 est
1188 2604 1422 2674 opimum
1467 2599 1749 2671 signiﬁcat.
1778 2597 1923 2652 Talia

337 2719 461 2764 sunt
485 2709 627 2763 enim
657 2705 750 2760 Dei
780 2704 939 2767 dona,
968 2699 1134 2772 proba
1165 2706 1218 2754 et
1243 2692 1512 2749 ﬂorentia.
1557 2691 1773 2760 Optimo
1797 2703 1925 2758 ergo

338 2803 604 2856 frumento
633 2811 728 2852 eos
754 2794 839 2849 hic
865 2792 992 2846 dicit
1015 2786 1389 2845 liberalissime
1408 2782 1632 2853 expleri.
1650 2779 1763 2836 Hoc
1781 2779 1923 2833 enim

337 2893 643 2965 signiﬁcans
688 2903 794 2943 non
844 2886 998 2949 dixit,
1046 2882 1147 2948 Qui
1185 2880 1298 2945 dat,
1343 2876 1460 2943 sed,
1515 2875 1614 2942 Qui
1662 2884 1707 2926 te
1751 2871 1922 2926 satiat.

339 2963 406 3040 «L—
438 2983 533 3049 Qui
561 2981 740 3036 emittit
769 2977 1022 3045 eloquium
1049 2987 1196 3026 suum
1222 2981 1385 3023 terrm.
1413 2966 1566 3034 Quod
1595 2963 1774 3018 facere
1799 2977 1928 3016 con-

338 3077 531 3142 suevit,
555 3082 615 3128 ut
643 3089 673 3127 a
702 3069 925 3141 privatis
954 3054 1018 3121 ad
1045 3061 1369 3126 communia,
1401 3068 1456 3114 et
1480 3073 1510 3111 a
1549 3055 1926 3112 communibus

339 3184 525 3226 rursus
550 3166 614 3220 ad
644 3165 847 3235 privata
880 3157 1168 3215 transferat
1193 3154 1511 3218 orationem,
1551 3149 1654 3203 hoc
1681 3147 1770 3203 hic
1796 3162 1929 3217 quo-

338 3275 444 3331 que
488 3258 630 3312 facit.
659 3255 944 3323 Postquam
990 3248 1130 3303 enim
1162 3245 1322 3306 dixit,
1351 3239 1532 3296 Lauda
1572 3238 1734 3292 Deum
1766 3248 1925 3303 tuum,

344 3370 409 3407 ne
447 3348 567 3421 quis
611 3347 871 3416 insipiens
916 3341 1249 3397 existimaret
1287 3351 1409 3392 eum
1449 3348 1570 3389 esse
1600 3333 1766 3388 Deum
1810 3341 1933 3384 tan--

342 3455 454 3497 tum
479 3440 808 3500 Iudaeorum,
828 3433 1064 3488 ostendit
1093 3428 1362 3500 quomodo
1388 3428 1458 3481 sit
1480 3425 1746 3479 universae
1773 3430 1930 3478 terra:

343 3531 644 3590 communis
673 3529 835 3592 Deus,
868 3537 922 3580 et
945 3541 1042 3594 per
1071 3533 1242 3577 totum
1285 3521 1470 3575 orbem
1518 3527 1675 3572 terra:
1712 3523 1928 3570 extensa

343 3626 414 3682 sit
451 3623 568 3694 ejus
596 3605 927 3691 providentia
951 3656 966 3680 ,
993 3629 1022 3667 a
1069 3612 1289 3682 privatis
1313 3610 1380 3665 ad
1410 3608 1462 3664 id
1488 3607 1630 3678 quod
1669 3615 1753 3662 est
1782 3620 1932 3659 cont-

345 3731 505 3771 mune
533 3712 802 3768 deducens
831 3707 1124 3762 orationem
1150 3744 1165 3768 ,
1194 3712 1250 3758 et
1289 3702 1354 3756 ad
1387 3699 1705 3771 ‘generalem
1757 3696 1936 3767 provi-

351 3809 606 3866 dentiam.
658 3804 726 3859 Et
755 3802 874 3858 ideo
898 3815 1017 3854 cum
1047 3798 1303 3861 dixisset,
1339 3795 1441 3863 Qui
1470 3793 1648 3848 emittit
1678 3791 1935 3862 eloquium

345 3909 701 3962 suum'terrte,
751 3892 1063 3963 subjunxit:
1117 3888 1365 3943 Velociter
1403 3886 1560 3940 currit
1602 3899 1766 3938 sermo
1805 3883 1933 3952 ejus.

348 3992 462 4047 Hoc
499 4000 675 4044 autem
705 3985 859 4050 dixit,
895 3981 1184 4038 ostendens
1226 3993 1349 4034 eum
1389 3994 1495 4032 non
1526 3976 1700 4031 solum
1741 3983 1936 4029 nostrae

347 4083 609 4154 regionis,
636 4079 728 4134 sed
759 4075 991 4132 universi
1021 4074 1164 4128 orbis
1189 4081 1453 4126 terrarum
1506 4083 1686 4124 curam
1727 4081 1936 4137 gerere.

352 4175 634 4242 Eloquium
666 4179 842 4224 autem
873 4167 960 4222 hic
988 4167 1116 4221 dicit
1150 4165 1380 4234 jussum,
1430 4161 1792 4230 operationem
1837 4173 1940 4226 qua

350 4264 594 4335 providet
619 4272 672 4316 et
702 4259 972 4332 prospicit.
1007 4255 1210 4311 Deinde
1225 4270 1384 4324 quam
1412 4253 1481 4307 sit
1501 4251 1688 4318 facilis,
1711 4259 1765 4303 et
1781 4263 1939 4319 quam

351 4357 406 4412 in
447 4365 694 4425 promptu
729 4351 1020 4406 ostendens
1057 4364 1163 4402 non
1194 4346 1413 4401 nomine
1440 4345 1612 4399 solum
1649 4339 1938 4405 sermonis,

353 4448 446 4503 sed
490 4447 653 4502 etiam
700 4443 1054 4513 appellatione
1093 4454 1280 4494 cursus
1318 4437 1371 4492 id
1408 4434 1760 4507 signiﬁcavit:
1793 4442 1945 4488 etne

355 4541 459 4593 hoc
483 4536 695 4606 quidem
722 4533 854 4588 satis
887 4547 1009 4586 esse
1031 4530 1202 4594 duxit,
1229 4527 1324 4584 sed
1337 4529 1512 4583 etiam
1542 4524 1739 4593 adjecit
1759 4521 1940 4590 ,νειο-

353 4634 497 4684 clter.
527 4623 679 4691 Quod
712 4632 889 4675 autem
925 4620 1093 4686 dicit,
1133 4628 1216 4674 est
1242 4617 1500 4688 ejusmodi
1525 4635 1537 4670 :
1566 4615 1947 4683 Quodcumque

354 4717 592 4790 jusserit.
636 4713 696 4767 ﬁt
741 4725 865 4765 cum
903 4710 1130 4763 maxima
1178 4708 1470 4763 celeritate.
1501 4707 1601 4761 Per
1639 4705 1943 4758 universum

354 4810 498 4866 enim
525 4805 708 4861 orbem
739 4811 894 4858 terrae
920 4801 1167 4870 imperat.
1200 4799 1335 4867 Quid
1365 4811 1538 4852 autem
1573 4796 1842 4865 imperat?
1873 4796 1946 4849 Ea

356 4915 472 4972 quae
503 4905 739 4952 nostram
773 4893 932 4948 vitam
958 4891 1270 4954 continent,
1299 4905 1418 4960 qua:
1445 4897 1689 4958 spectant
1715 4888 1778 4941 ad
1807 4889 1947 4941 aeris

357 4989 899 5051 administrationem,
943 4995 1347 5052 temporumque
1387 4981 1732 5035 mutationem
1781 4988 1836 5034 et
1868 4979 1948 5032 vi-

357 5084 745 5140 cissitudinem.
779 5080 848 5135 Et
877 5078 996 5133 ideo
1025 5075 1299 5146 subjungit
1327 5072 1527 5138 dicens,
1556 5073 1610 5128 5.
1636 5072 1734 5138 Qui
1759 5071 1845 5124 dat
1874 5070 1952 5124 ni-

364 5188 479 5227 t'em
506 5177 831 5233 sicut'lanam
851 5187 870 5226 :
900 5170 1133 5226 nebulam
1171 5168 1300 5222 sicut
1337 5167 1556 5220 cinerem
1593 5165 1808 5234 spargit.
1838 5163 1952 5218 Hoc

363 5269 498 5324 alius
536 5266 752 5339 quidam
803 5264 1067 5332 interpres
1109 5259 1257 5323 dicit,
1300 5256 1488 5312 Raram
1515 5263 1819 5310 concretum.
1849 5253 1953 5308 ile-

363 5364 537 5418 brzeus
563 5369 740 5415 autem
763 5353 998 5425 Cltepltor
1019 5352 1281 5421 Chaeplter
1309 5348 1410 5421 (a).
1456 5349 1506 5404 6.
1545 5347 1704 5401 Mittit
1733 5343 1950 5417 crystal-

366 5455 468 5506 lum
493 5467 635 5506 suam
658 5449 788 5504 sicut
812 5445 1078 5500 buccellas.
1104 5443 1230 5496 Ante
1263 5440 1446 5511 faciem
1474 5439 1678 5512 frigoris
1714 5445 1822 5508 ejus
1841 5437 1952 5507 quis

435 5556 507 5616 (α)
532 5557 690 5605 Voces
731 5552 956 5603 Hebraea
995 5557 1144 5610 sunt,
1169 5552 1321 5601 1583
1348 5548 1512 5603 τε),
1548 5559 1753 5616 quarum
1790 5546 1942 5615 prima

373 5607 479 5670 sola
495 5607 714 5681 exprimi
741 5620 949 5681 debuit:
979 5631 1088 5681 nam
1117 5607 1238 5667 illud
1273 5619 1428 5671 ἾῚΞ).
1462 5607 1698 5681 διιεριιρν,
1720 5607 1944 5681 pruinam

371 5685 452 5731 vel
475 5676 697 5732 nebulam
716 5679 973 5740 signiﬁcat.
999 5680 1239 5738 lllamque
1263 5693 1429 5728 vocent
1451 5676 1603 5727 solam
1625 5676 1946 5740 Symmachus

375 5745 553 5807 vertit,
600 5736 1114 5793 rorem'attdensatum
1153 5736 1346 5803 (δρόσον
1403 5738 1751 5802 πεπηγμένην),
1799 5744 1854 5787 ut
1897 5736 1944 5785 iu

1026 299 1086 354 S.
1114 293 1394 354 JOANNIS
1430 286 1901 348 CHRYSOSTOMI
1945 279 2266 344 ARCIIIEP.
2307 274 2839 338 CONSTANTINOP.

2005 397 2307 452 sustinebit?
2327 395 2478 450 Alius
2502 401 2703 459 autem,
2733 386 2799 444 In
2830 387 3009 460 faciem
3041 394 3192 440 testas
3217 387 3326 454 eius
3351 386 3461 456 quis
3481 388 3595 440 sub-

2006 491 2143 544 sistet
2165 489 2281 559 (a)?
2311 487 2364 540 7.
2402 485 2607 540 Eminet
2639 481 2845 537 verbum
2876 494 3047 544 suum,
3091 486 3138 532 et
3181 476 3467 547 liquefaciet
3495 492 3552 531 ea
3580 493 3598 532 :

2008 583 2150 652 ﬂabit
2170 580 2376 652 spiritus
2424 579 2553 648 ejus,
2607 583 2653 630 et
2697 575 2856 644 ﬂuent
2896 587 3060 642 aqua.
3101 570 3198 626 Hie
3223 569 3353 624 mihi
3381 569 3600 638 exponit

2012 669 2476 741 inexpugnabilem
2527 673 2582 722 et
2632 665 2893 720 inﬁnitam
2941 662 3057 732 ejus
3103 662 3415 732 potentiam,
3461 662 3604 731 quod

2011 780 2104 820 eas
2141 779 2260 834 quae
2305 778 2410 817 non
2450 769 2573 815 sunt
2610 758 2870 830 producat
2913 756 3258 820 substantias,
3285 765 3340 811 et
3365 770 3457 810 eas
3485 771 3606 826 qua:

2014 858 2163 912 facta:
2189 865 2312 910 sunt
2329 861 2667 917 transmutel,
2687 859 2740 905 et
2763 849 2830 904 ad
2852 848 2902 902 id
2928 847 3071 919 quod
3098 848 3210 902 vult
3237 847 3602 902 transformet.

3491 273 3590 328 ιεο

2083 949 2138 1002 2.
2181 947 2397 1001 Natura:
2421 945 2644 1017 operatio
2681 944 2734 996 in
2765 942 3073 997 contrarium
3112 949 3326 995 mutata.
3359 971 3428 981 —
3451 941 3606 1010 Quod

2015 1042 2229 1113 quidem
2272 1040 2409 1094 alius
2457 1052 2668 1108 quoque
2715 1033 2971 1104 propheta
3010 1032 3316 1103 signiﬁcans
3345 1031 3556 1087 dicebat
3591 1049 3606 1086 :

2023 1131 2123 1198 Qui
2165 1129 2335 1184 omnia
2375 1129 2516 1199 facit,
2545 1135 2590 1181 et
2619 1143 2677 1180 ea
2704 1125 3032 1194 transformat
3071 1122 3252 1192 (Amos
3280 1124 3335 1178 5.
3380 1122 3456 1192 8).
3495 1123 3610 1177 Etsi
3691 1171 3722 1192 ί,

2021 1223 2163 1300 enim
2183 1221 2538 1277 immobilibus
2559 1229 2761 1274 natura:
2776 1217 3016 1272 terminis
3031 1216 3241 1286 alligata
3255 1216 3380 1280 sint,
3395 1217 3610 1286 quando

2022 1327 2194 1371 tamen
2221 1316 2268 1370 ei
2298 1315 2468 1368 visum
2500 1312 2679 1377 fuerit,
2702 1311 2981 1366 solvuntur
3022 1309 3077 1364 hi
3110 1309 3344 1364 termini.
3373 1309 3433 1364 Ei
3465 1311 3609 1363 enim

2026 1409 2205 1465 omnia
2232 1409 2249 1440 ¹
2277 1408 2454 1462 locum
2481 1406 2611 1461 dant
2637 1412 2691 1462 et
2714 1404 3034 1460 concedunt.
3065 1402 3364 1473 Aliquando
3394 1401 3608 1473 quidem

2021 1516 2113 1556 eas
2143 1507 2312 1553 mutat
2337 1495 2679 1562 substantias,
2709 1494 2995 1565 aliquando
3023 1508 3154 1549 vero
3182 1501 3456 1548 manentes
3488 1508 3610 1546 mu-

2025 1603 2096 1649 tat
2123 1594 2174 1648 in
2203 1593 2362 1647 aliam
2390 1591 2756 1661 operationem
2783 1631 2799 1656 ,
2827 1597 2884 1644 et
2907 1602 3025 1642 eam
3062 1586 3278 1656 quidem
3309 1601 3428 1656 qua:
3453 1595 3535 1639 est
3559 1586 3611 1640 ei

2022 1684 2276 1741 attributa
2315 1682 2440 1737 sinit
2466 1681 2766 1751 quiescere,
2797 1679 2956 1732 aliam
2989 1691 3119 1734 vero
3150 1675 3354 1730 inducit
3393 1683 3613 1729 contra-

2024 1778 2156 1848 riam
2189 1794 2202 1830 :
2235 1773 2374 1845 quod
2401 1774 2614 1844 quidem
2645 1771 2768 1827 fecit
2797 1772 2850 1824 in
2878 1771 3115 1825 fornace.
3133 1767 3276 1840 Ignis
3307 1767 3450 1822 enim
3473 1777 3611 1834 erat,

2023 1875 2082 1922 et-
2106 1882 2210 1921 non
2240 1866 2468 1920 urebat:
2502 1863 2596 1920 sed
2622 1864 2711 1934 qui
2751 1864 2802 1916 in
2834 1879 2954 1916 eum
3001 1861 3178 1932 injecti
3220 1860 3448 1927 fuerant,
3490 1876 3617 1916 sen-

2027 1958 2228 2012 tiebant
2267 1971 2443 2011 rorem
2491 1955 2646 2024 longe
2685 1953 3152 2023 jucundissimum.
3183 1952 3324 2006 Mare
3351 1961 3612 2007 eratcum

2024 2047 2193 2104 Judtci
2239 2047 2562 2116 trajicerent,
2593 2053 2644 2100 et
2670 2059 2822 2114 aqua:
2852 2059 2960 2097 non
2990 2042 3310 2108 obruebant,
3354 2041 3447 2097 sed
3480 2042 3613 2098 soli-
3711 2102 3732 2119 Ι

2026 2141 2146 2194 dius
2174 2154 2330 2209 quam
2364 2138 2416 2193 in
2445 2149 2594 2208 petra
2623 2136 2939 2191 transibant.
2959 2135 3070 2192 Sub
3097 2135 3303 2209 Datitan
3334 2144 3388 2189 et
3413 2135 3614 2190 Abiron

2029 2240 2169 2285 terra
2199 2238 2349 2296 erat,
2385 2245 2570 2284 eorum
2597 2238 2774 2284 tamen
2803 2242 3031 2298 corpora
3057 2242 3165 2282 non
3197 2227 3486 2293 sustinuit,
3519 2229 3614 2283 sed

2029 2321 2238 2376 facilius
2267 2335 2425 2390 quam
2471 2335 2622 2378 mare
2651 2319 2851 2375 obruit.
2880 2319 3035 2389 Virga
3067 2320 3244 2373 Aaron
3275 2329 3392 2374 erat
3415 2319 3617 2389 lignum

2026 2411 2257 2478 aridum,
2297 2422 2352 2467 et
2397 2411 2625 2466 fructum
2667 2425 2827 2481 quam
2867 2424 2928 2466 ea
2961 2425 3080 2479 qua:
3111 2409 3167 2464 in
3198 2419 3339 2464 terra
3382 2409 3616 2479 plantata

2027 2513 2204 2572 erant,
2245 2502 2604 2572 pulchriorem
2647 2502 2885 2572 protulit.
2917 2501 3152 2556 Balaami
3183 2509 3298 2556 erat
3323 2501 3472 2555 asina
3504 2501 3620 2554 ani-

2029 2597 2135 2652 mal
2164 2597 2400 2652 omuinm
2445 2594 2871 2660 ltebetissimum,
2919 2607 3019 2649 nec
3049 2594 3227 2648 minus
3255 2591 3393 2648 bene
3427 2609 3487 2647 se
3527 2593 3621 2647 de-

2030 2687 2199 2742 fendit
2251 2687 2388 2758 apud
2443 2701 2566 2742 eum
2612 2687 2701 2757 qui
2747 2687 2918 2757 ipsum
2965 2684 3240 2755 pulsabat,
3269 2700 3428 2755 quam
3455 2683 3620 2739 homo

2030 2779 2237 2832 ratione
2265 2777 2536 2847 praeditus.
2562 2775 2696 2832 Cum
2724 2777 2776 2831 iu
2805 2776 2976 2832 lacum
3004 2775 3279 2845 conjectus
3303 2784 3384 2829 est
3409 2775 3616 2841 Daniel,

2030 2878 2183 2925 erant
2211 2869 2396 2924 leones
2415 2910 2433 2936 ,
2463 2877 2519 2924 et
2542 2869 2889 2924 ostenderunt
2930 2869 3107 2922 ovium
3134 2867 3616 2932 mansuetudinem,

2032 2978 2137 3016 non
2159 2962 2393 3031 ipsorum
2415 2960 2628 3030 quidem
2653 2959 2830 3015 deleta
2855 2966 3062 3024 natura,
3086 2957 3180 3015 sed
3204 2968 3406 3013 mutata
3434 2974 3635 3027 eorum

2032 3055 2363 3125 operatione.
2394 3053 2557 3107 Multa
2585 3052 2688 3107 alia
2716 3061 2936 3123 pos:unt
2965 3051 3133 3106 videri
3157 3051 3435 3117 miracula,
3459 3052 3620 3105 etiam

2033 3145 2087 3200 in
2115 3145 2392 3200 creaturis.
2419 3143 2498 3199 Ne
2523 3159 2649 3214 ergo
2679 3146 2927 3214 quoniam
2977 3143 3038 3198 ﬁt
3077 3127 3302 3214 singulis
3343 3143 3498 3198 annis
3519 3185 3535 3212 ,
3567 3153 3622 3198 et

2032 3237 2131 3292 sub
2181 3245 2454 3305 aspectum
2495 3243 2734 3290 nostrum
2779 3235 2940 3302 cadit,
2991 3234 3043 3289 id
3093 3249 3314 3304 parvum
3363 3248 3487 3289 esse
3523 3233 3622 3288 mi-

2033 3329 2271 3385 raculum
2325 3327 2645 3383 existimes:
2699 3325 2976 3381 considera
3018 3326 3163 3381 enim
3215 3336 3475 3395 quantum
3530 3325 3618 3392 sit,

2034 3436 2175 3476 nunc
2218 3419 2434 3491 quidem
2489 3419 2657 3473 videri
2701 3420 2898 3483 nivem,
2949 3432 3094 3472 nunc
3142 3432 3269 3472 vero
3317 3432 3529 3487 aquam,
3571 3426 3626 3471 et

2035 3513 2182 3568 brevi
2212 3519 2484 3567 momento
2513 3510 2765 3580 temporis
2805 3517 2978 3564 tantas
3009 3509 3127 3564 ﬁeri
3172 3509 3515 3564 mutationes.
3547 3507 3626 3564 Ne

2035 3605 2153 3675 quis
2179 3605 2322 3658 enim
2358 3603 2534 3658 minus
2558 3604 2792 3672 sapiens,
2825 3603 3051 3657 naturali
3077 3603 3464 3658 elementorum
3490 3618 3623 3673 ope-

2037 3697 2241 3751 ratione
2263 3695 2376 3750 btec
2393 3694 2527 3761 ﬁeri,
2551 3703 2604 3748 et
2618 3709 2680 3750 ea
2699 3694 2941 3749 absolute
2958 3693 3168 3748 illorum
3189 3708 3377 3749 causas
3395 3708 3515 3748 esse
3531 3709 3628 3764 pu-

2041 3796 2192 3854 taret,
2206 3785 2301 3843 sed
2315 3787 2475 3842 sciret
2494 3785 2736 3855 quisnam
2751 3786 2820 3839 sit
2837 3785 2923 3854 qui
2941 3785 3184 3855 imperat,
3203 3785 3268 3840 ad
3287 3785 3492 3855 jussum
3511 3785 3628 3854 ejus

2040 3889 2204 3934 totam
2231 3878 2299 3933 de
2317 3879 2398 3932 bis
2425 3879 2584 3933 rebus
2606 3877 2816 3932 deducit
2833 3879 3149 3941 orationem,
3166 3889 3220 3935 et
3242 3879 3401 3934 dicit:
3425 3880 3627 3935 Emittet

2040 3965 2242 4026 verbum
2270 3959 2434 4035 suum,
2469 3981 2514 4024 et
2537 3972 2818 4040 tiquefaciet
2849 3987 2905 4023 ea
2927 3986 2947 4024 :
2976 3968 3076 4025 hoc
3101 3981 3201 4036 est,
3227 3971 3437 4041 jussum
3468 3989 3481 4025 :
3517 3988 3623 4027 non

2043 4066 2184 4122 enim
2215 4065 2294 4118 vis
2324 4074 2601 4119 ventorum
2634 4063 2734 4116 hoc
2773 4060 2894 4114 facit
2919 4061 3184 4136 praecipue
3207 4105 3222 4126 ,
3251 4062 3345 4117 sed
3377 4064 3518 4119 Deus
3539 4064 3626 4133 qui

2047 4159 2168 4215 fecit
2197 4167 2402 4213 ventos.
2434 4155 2737 4212 Orationem
2765 4164 2942 4209 autem
2983 4153 3204 4209 deduxit
3231 4153 3298 4208 ad
3335 4154 3624 4220 elementa,

2045 4262 2099 4308 et
2140 4252 2205 4306 ad
2238 4251 2558 4305 mutationes
2581 4263 2700 4317 qua:
2727 4256 2851 4302 sunt
2879 4246 2932 4301 in
2962 4246 3263 4310 elementis,
3297 4246 3624 4317 persuadens

2045 4360 2227 4401 crasso
2269 4353 2324 4398 ct
2367 4343 2452 4397 vix
2490 4341 2598 4396 ullo
2635 4355 2792 4395 sensu
2830 4338 3054 4409 prtedito
3089 4337 3296 4406 Judzeo,
3327 4338 3490 4406 exiis
3513 4353 3630 4408 quae

2049 4438 2182 4492 ﬁunt
2211 4435 2433 4505 singulis
2461 4433 2637 4498 annis,
2670 4446 2829 4486 nosse
2858 4431 2949 4484 Dei
2981 4429 3294 4500 potentiam.
3325 4438 3379 4484 et
3404 4429 3558 4484 facile
3583 4428 3629 4483 ei

2049 4546 2166 4598 esse
2197 4544 2282 4585 res
2306 4527 2421 4598 ejus
2448 4533 2504 4580 ut
2529 4526 2640 4579 vult
2669 4523 3043 4579 administrare
3066 4563 3082 4588 ,
3131 4529 3185 4576 et
3208 4538 3238 4576 a
3261 4519 3559 4579 contrariis
3580 4519 3627 4574 in

2050 4621 2344 4679 contrarias
2363 4628 2587 4674 mutare.
2606 4615 3061 4684 Quemadmodum
3078 4615 3219 4670 enim
3249 4616 3291 4667 si
3313 4613 3469 4668 fuerit
3499 4621 3633 4666 tem-

2051 4725 2228 4784 pestas
2270 4720 2325 4767 et
2361 4709 2558 4781 glacies
2596 4706 2982 4773 intolerabilis,
3013 4704 3166 4760 facile
3191 4716 3271 4759 est
3303 4704 3379 4758 illi
3424 4705 3634 4755 invecta

2056 4805 2438 4876 tranquillitate
2467 4802 2648 4858 omnia
2676 4799 2972 4856 dissolvere
3004 4815 3018 4851 :
3050 4799 3118 4852 ita
3150 4797 3427 4852 etiameos
3458 4794 3552 4864 qui
3584 4794 3632 4846 iu

2051 4899 2413 4971 captivitatem
2464 4893 2679 4951 abducti
2729 4891 2955 4955 fuerant,
2981 4899 3037 4944 et
3060 4889 3213 4944 bellis
3249 4887 3420 4942 vexati
3457 4896 3632 4950 erant,

2049 5065 2286 5134 i—iexaplis
2310 5065 2493 5134 videas.
2513 5064 2620 5134 Vox
2648 5071 2815 5113 autem
2837 5061 2995 5111 addita
3031 5059 3202 5110 Ἕκ),
3243 5055 3475 5120 Caépher,
3497 5052 3622 5106 sicut

2045 5125 2256 5192 cinerem
2279 5125 2537 5192 significat.

2111 5190 2128 5220 ι
2157 5190 2281 5246 Vox,
2307 5178 2489 5251 munia,
2514 5189 2658 5251 deest
2688 5188 2738 5235 in
2775 5185 2947 5251 Morel.
2989 5187 3043 5232 et
3081 5184 3145 5251 in.
3169 5186 3311 5232 textu
3337 5178 3494 5251 savii.
3534 5183 3618 5248 qui

2049 5250 2175 5299 hanc
2202 5244 2637 5300 lectionem'aﬁ‘ert
2664 5251 2714 5296 in
2752 5245 2972 5308 margine
2998 5259 3058 5294 ex
3083 5244 3521 5308 al_io_exem_plari._
3553 5244 3583 5305 '.

2116 5310 2186 5372 (a)
2214 5312 2331 5361 llaec
2366 5311 2532 5372 verba,
2564 5308 2700 5372 Alius
2730 5303 3030 5360 autem.......
3059 5303 3295 5372 subsistet.
3321 5305 3532 5372 deerant
3571 5303 3620 5372 tu

2050 5364 2353 5422 editionibus
2377 5364 2531 5423 Savill
2551 5379 2605 5420 et
2633 5371 2828 5428 Morel.,
2850 5383 3022 5418 verum
3059 5381 3086 5416 a
3134 5365 3378 5416 Gentiano
3400 5364 3623 5428 Heriveto

2053 5436 2180 5484 lecta
2220 5435 2446 5493 fuerant;
2493 5445 2659 5494 neque
2697 5426 2912 5494 suspicio
2956 5431 3054 5479 ulla
3086 5441 3199 5494 esse
3240 5434 3406 5489 potest
3427 5426 3622 5494 ,Jillaa

2056 5494 2269 5546 librariis
2321 5489 2515 5557 adjecta
2568 5489 2735 5557 fuisse.
2766 5489 2902 5557 itaet:
2924 5489 3503 5557 _autem___interpretatio
3545 5489 3624 5534 est

2057 5551 2464 5617 Symmaclii,'ti_t
2504 5559 2558 5617 in,
2587 5553 2825 5617 Hexaplis
2859 5553 3039 5617 videas.
3089 5551 3263 5617 illrum
3307 5558 3623 5617 au_tem_eum

2056 5610 2140 5669 alii
2167 5610 2360 5675 omnes,
2383 5615 2585 5682 frigoris
2607 5619 2712 5726 εἶπε
2733 5610 2939 5679 ’(ψύχους
2971 5612 3160 5674 αὐτοῦ),
3192 5610 3455 5667 verterint,
3482 5611 3622 5671 Sym-

2059 5681 2284 5726 machum
2310 5681 2538 5726 vertisse.
2569 5694 2623 5726 ca
2647 5676 2749 5726 oris
2787 5679 2891 5726 eius
2933 5676 3192 5726 (καύματοε
3230 5672 3416 5724 αὐτοῦ).
3444 5672 3621 5720 Verum

2059 5681 2284 5730 machum
2310 5672 2538 5731 vertisse.
2569 5672 2754 5728 caloris
2777 5672 2891 5739 'ejtts
2933 5672 3192 5735 (moue-ro;
3227 5672 3416 5739 gaios).
3444 5672 3621 5720 Verum

2059 5746 2160 5805 ipsa
2181 5741 2340 5792 series
2369 5741 2447 5792 hic
2479 5741 2540 5791 de
2567 5739 2766 5804 frigore,
2802 5733 2897 5788 non
2922 5733 2982 5789 de
3011 5733 3132 5787 aistu
3162 5735 3238 5801 agi
3261 5733 3440 5797 arguit.
