4012 6280
286 397 382 453 [Si

273 515 430 570 facile
467 503 628 568 ei'ad
673 523 856 581 pacem
879 517 931 564 et
959 507 1026 562 ad
1051 521 1204 562 suam
1236 505 1464 574 patriam
1493 502 1751 558 reducere
1771 541 1786 568 ,
1814 507 1870 554 et

272 605 558 661 restituere
589 603 750 673 priori
781 601 1137 672 prcsperitati.
1169 598 1282 653 Non
1331 596 1438 653 hoc
1480 596 1653 651 solum
1692 603 1867 648 autem

270 695 561 767 signiﬁcat,
586 693 680 750 sed
705 695 866 749 etiam
891 690 1035 748 aliud
1063 692 1290 746 latenter
1315 689 1511 744 innuit.
1547 686 1810 756 Quidnam
1842 685 1865 739 ?

269 786 735 856 Quemadmodum
769 786 903 851 lucc,
936 783 1061 839 licet
1104 783 1407 837 molestiam
1447 778 1694 843 aberant,
1723 791 1866 845 stupe

277 885 410 938 liunt
464 880 710 935 utiliter:
767 879 838 932 ita
886 877 1045 932 etiam
1089 891 1208 946 qua:
1249 875 1327 929 eis
1369 879 1688 936 evenerunt,
1737 868 1866 939 ipsis

275 977 488 1030 luerunt
542 973 712 1037 utilia,
765 981 819 1026 et
862 971 1084 1034 multum
1129 968 1397 1024 commodi
1438 966 1755 1021 attulerunt.
1788 964 1864 1018 Ne

273 1078 418 1124 esset
469 1076 646 1120 autem
693 1064 771 1118 eis
821 1063 1050 1132 amplius
1086 1063 1363 1126 molestus,
1397 1060 1464 1114 ad
1513 1059 1858 1128 placidiorem

273 1174 462 1214 rursus
509 1156 741 1211 traduxit
796 1155 1164 1210 mulationem.
1216 1152 1350 1220 Quid
1405 1151 1519 1206 lucc
1561 1161 1734 1204 autem
1764 1149 1862 1204 sibi

273 1250 461 1306 volunt
487 1248 768 1318 exempla?
792 1246 908 1300 Non
937 1246 1069 1300 dixit
1099 1245 1239 1300 enim
1266 1243 1624 1305 solummodo,
1653 1241 1750 1308 Qui
1775 1240 1864 1293 dat

272 1345 452 1409 nivem,
474 1342 568 1398 sed
595 1341 852 1410 adjunxit,
883 1338 1162 1410 Tamquam
1191 1338 1398 1402 lanam;
1429 1351 1621 1406 neque,
1646 1334 1746 1400 Qui
1772 1352 1861 1388 ne-

273 1436 442 1490 bulam
459 1435 672 1504 spargit,
693 1433 782 1487 sed
813 1431 1104 1499 subjunxit,
1121 1430 1263 1484 Sicut
1285 1430 1530 1492 cinerem;
1549 1441 1739 1496 neque,
1765 1425 1863 1491 Qui

271 1526 422 1580 mittit
465 1523 780 1596 crystallum,
833 1521 926 1576 sed
966 1521 1197 1589 adjecit,
1235 1518 1379 1574 Sicut
1437 1517 1679 1572 but'ellas.
1734 1515 1858 1570 Milli

271 1617 488 1672 videtur
513 1614 744 1669 voluisse
767 1629 833 1668 ex
865 1613 948 1666 his
985 1611 1289 1681 signiﬁcare
1315 1624 1473 1679 quam
1510 1606 1622 1663 sint
1664 1609 1713 1662 ei
1740 1622 1858 1661 om-

269 1709 358 1765 nia
395 1707 567 1763 facilia
594 1715 646 1761 et
674 1704 957 1774 explicata.
981 1705 1034 1758 8.
1069 1703 1168 1769 Qui
1191 1701 1462 1754 annuntiat
1479 1697 1683 1752 verbum
1712 1714 1860 1750 suum

267 1801 452 1856 Jacob.
486 1801 656 1868 Alius,
685 1798 911 1853 Statuta.
941 1797 1114 1862 Alius,
1139 1794 1314 1848 Jussa.
1337 1793 1570 1847 Justitias
1600 1801 1648 1844 et
1660 1790 1860 1861 judicia

267 1910 362 1947 sua
384 1891 568 1946 Israel.
588 1891 648 1948 9.
666 1890 785 1944 Non
807 1890 921 1959 fecit
946 1890 1110 1941 taliter
1125 1887 1263 1942 omni
1285 1885 1494 1940 nationi.
1515 1885 1686 1948 Alius,
1704 1882 1861 1936 Simi-

267 1985 339 2039 lia
360 1982 456 2057 (a).
479 1984 542 2038 Et
546 1983 742 2055 judicia
760 1999 851 2036 sua
871 1997 969 2034 non
993 1977 1326 2049 manifestavit
1346 1975 1576 2033 eis.Vide
1589 1973 1860 2046 quomodo

268 2092 458 2132 rursus
506 2089 537 2128 a
575 2074 912 2146 generalibus
945 2071 1128 2126 transit
1179 2071 1245 2125 ad
1294 2068 1605 2139 singularia,
1641 2074 1694 2120 rt
1739 2079 1858 2136 qum

267 2180 425 2226 erant
448 2168 756 2231 Judacorum
789 2167 1077 2238 prmcipua,
1107 2165 1295 2219 volens
1329 2177 1424 2217 eos
1450 2161 1515 2216 ad
1542 2160 1716 2230 majus
1741 2168 1858 2214 stu-

267 2262 415 2317 dium
446 2262 701 2316 excitare.
749 2261 924 2328 Atque
971 2258 1026 2311 in
1071 2255 1334 2327 principio
1389 2254 1604 2324 quidem
1659 2250 1855 2306 Psalnti

267 2354 523 2408 disseruit
540 2351 608 2407 de
634 2351 940 2416 sensilibus,
966 2360 1019 2404 et
1044 2366 1162 2418 qua:
1180 2345 1646 2418 prosuntcorpori,
1662 2356 1858 2411 nempe

269 2445 339 2500 de
389 2445 702 2508 securitate,
727 2443 795 2498 de
824 2443 953 2497 anni
1002 2441 1275 2498 fertilitate
1298 2481 1313 2507 ,
1345 2439 1412 2494 de
1442 2453 1572 2508 pace
1603 2455 1617 2490 :
1647 2436 1738 2490 hic
1765 2450 1859 2488 au-

270 2547 378 2594 tem
410 2538 707 2592 orationem
738 2536 804 2592 ad
831 2536 1018 2591 altiora
1046 2534 1308 2605 erigit,de
1337 2534 1452 2602 lege
1480 2545 1599 2600 quae
1624 2529 1706 2598 eis
1733 2526 1857 2582 data

272 2639 358 2685 cst
389 2638 628 2684 tractans
650 2669 665 2692 ,
688 2627 832 2698 quod
860 2627 1075 2696 quidem
1109 2636 1191 2680 est
1237 2625 1526 2679 maximum
1556 2635 1734 2693 genus
1766 2620 1857 2674 be-

271 2721 449 2778 neﬁcii
469 2764 487 2788 ,
527 2737 556 2774 a
586 2722 717 2775 vitio
745 2719 1030 2784 abducere,
1053 2718 1321 2773 deducere
1343 2716 1411 2772 ad
1437 2715 1712 2781 virtutem,
1732 2713 1857 2767 ani-

269 2829 419 2869 mum
459 2814 749 2868 illustrare.
785 2812 851 2866 Et
901 2811 1022 2866 ideo
1056 2810 1230 2865 Moses
1288 2808 1392 2864 hoc
1439 2822 1635 2877 susque
1681 2805 1857 2875 deque

272 2921 498 2960 versans
526 2903 737 2958 diccbat
772 2922 785 2957 :
833 2903 958 2968 Quis
977 2911 1049 2956 est
1080 2910 1130 2954 ut
1153 2902 1196 2954 is
1221 2901 1438 2971 populus
1461 2899 1488 2953 .9
1525 2916 1646 2971 gens
1671 2914 1857 2969 magna

268 2998 354 3052 cui
397 2996 536 3052 Deus
577 3005 649 3050 est
672 2996 742 3049 eis
777 2994 1211 3066 appropinquans,
1232 3003 1287 3046 ut
1317 2991 1562 3047 Dominus
1588 2991 1726 3046 Deus
1761 3007 1860 3050 n0-

209 3097 226 3114 ’
268 3104 374 3148 sier
395 3134 412 3157 ,
446 3093 500 3145 in
529 3091 758 3145 omnibus
785 3089 958 3158 quibus
984 3105 1096 3142 eum
1127 3088 1526 3141 invocaverimus
1574 3086 1763 3159 (Deut.
1797 3088 1850 3142 4.

271 3185 375 3256 7)?
405 3185 469 3240 Et
489 3183 650 3238 David
682 3197 866 3238 rursus
897 3198 909 3234 :
941 3179 1156 3236 Facieus
1190 3179 1557 3234 misericordias
1585 3178 1852 3241 Dominus,

271 3286 322 3329 et
349 3274 606 3346 judicium
656 3272 885 3327 omnibus
913 3272 1153 3342 injuriam
1183 3270 1506 3341 patientibus.
1542 3269 1706 3323 Notas
1737 3275 1856 3340 fecit

269 3367 378 3421 vias
408 3382 524 3419 suas
547 3363 702 3430 Mosi,
735 3365 855 3432 ﬁliis
883 3363 1051 3418 Israel
1075 3365 1354 3417 voluntates
1378 3379 1497 3417 suas
1519 3361 1539 3434 (
1565 3361 1708 3415 I’sal.
1728 3362 1849 3417 102.

268 3461 321 3516 6.
344 3458 418 3530 7).
454 3456 889 3527 Etleremias(b)
925 3474 938 3510 :
972 3454 1071 3509 Hic
1086 3464 1158 3508 est
1190 3455 1324 3509 Deus
1345 3465 1548 3520 noster;
1575 3470 1676 3507 non
1703 3469 1860 3522 repu-

266 3554 456 3608 tabitur
491 3551 623 3606 alius
640 3561 820 3621 prteter
852 3551 1042 3619 ipsum.
1068 3548 1266 3603 Invenit
1295 3563 1493 3602 omnem
1520 3546 1652 3600 viam
1690 3545 1854 3600 scien-

269 3646 373 3706 tia,
401 3655 449 3698 et
478 3643 616 3697 dedit
637 3659 748 3697 eam
771 3640 932 3697 Jacob
963 3639 1073 3710 ﬁlio
1114 3656 1226 3705 suo,
1261 3649 1308 3694 et
1329 3637 1498 3694 Israel
1543 3635 1730 3690 dilecto
1757 3646 1852 3686 suo

269 3735 496 3809 (Βανδίεᾶ
527 3736 580 3789 5.
611 3735 698 3790 56.
729 3733 842 3806 57).

340 3828 638 3882 Peccatores
657 3827 807 3879 etiam
827 3834 940 3878 ante
967 3825 1124 3895 legem
1149 3823 1512 3894 puniti.—Scd
1531 3823 1726 3879 dixerit
1752 3825 1858 3879 lor-

269 3933 412 3976 tasse
426 3920 707 3991 quispiam:
721 3916 852 3973 Cum
870 3918 1082 3986 reliquis
1099 3917 1403 3973 hominibus
1417 3933 1522 3971 non
1535 3917 1861 3988 signiﬁcave-

269 4011 630 4084 rit,quotnodo
644 4025 739 4067 eos
751 4009 932 4082 punit?
946 4011 1097 4077 Quod
1114 4011 1326 4082 quidem
1347 4011 1528 4081 puniat
1542 4013 1630 4081 qui
1645 4009 1858 4066 luerunt

267 4116 394 4160 ante
437 4105 628 4176 legem,
656 4114 709 4159 et
722 4119 818 4160 eos
844 4105 935 4174 qui
963 4115 1185 4174 peccant
1215 4121 1310 4175 per
1338 4107 1642 4160 universum
1670 4105 1854 4160 orbem

268 4207 447 4261 terrm,
461 4197 662 4252 clarum
677 4205 848 4252 estex
871 4196 935 4251 iis
955 4212 1075 4267 quae
1097 4196 1510 4253 dicitChristus:
1535 4197 1728 4269 Regina
1751 4199 1856 4251 Au-

266 4290 359 4342 stri
379 4299 571 4359 surget,
587 4298 632 4342 et
649 4288 998 4342 condemnabit
1014 4291 1144 4342 hanc
1160 4291 1526 4360 generationem
1542 4288 1754 4361 (Matth.
1767 4291 1849 4344 12.

267 4379 381 4451 42).
408 4381 474 4435 Et
495 4395 710 4434 rursus:
747 4380 850 4434 Viri
874 4381 1116 4436 Ninivita’
1140 4393 1366 4454 surgent,
1390 4393 1436 4437 et
1455 4384 1856 4438 condemnabunt

267 4475 400 4528 hanc
426 4475 794 4545 generationem
825 4473 984 4547 (Ibid.
1004 4493 1049 4530 v.
1069 4475 1182 4545 ll).
1205 4476 1436 4531 Omnino
1465 4477 1608 4532 enim
1633 4477 1756 4534 ideo
1783 4479 1852 4533 ita

267 4566 468 4622 dictum
491 4577 604 4634 est,
643 4567 784 4637 quod
813 4568 886 4622 illi
917 4582 1126 4638 quoque
1156 4570 1414 4624 rationem
1445 4570 1732 4627 redderent
1757 4589 1769 4624 :
1799 4582 1856 4627 et

241 4692 244 4696 -
269 4660 340 4714 illi
375 4659 590 4730 quidem
622 4660 982 4727 laudarentur,
1008 4660 1060 4714 hi
1086 4675 1210 4715 vero
1232 4663 1563 4731 punirentur.
1594 4663 1650 4719 Si
1673 4673 1851 4719 autem

269 4769 372 4805 non
423 4751 590 4806 fuerat
630 4752 707 4806 eis
756 4761 1028 4808 ostensum
1073 4753 1200 4823 quid
1243 4753 1341 4809 sibi
1381 4765 1521 4810 esset
1565 4758 1852 4827 agendum,

265 4841 538 4910 quomodo
587 4841 685 4895 hos
732 4843 1134 4898 condcmnaturi
1187 4845 1379 4898 erant?
1422 4846 1700 4913 Quomodo
1761 4862 1856 4903 au-

267 4943 374 4988 tem
417 4950 604 4990 rursus
655 4937 821 5000 dixit,
871 4936 1219 4992 Vindicabitur
1266 4941 1474 5010 sanguis
1525 4959 1557 4995 a
1609 4945 1855 5014 sanguine

266 5027 390 5081 Abel
423 5029 556 5096 justi
599 5044 752 5097 usque
779 5028 847 5081 ad
892 5029 1184 5100 sanguinem
1230 5030 1497 5086 Zacharias
1527 5032 1736 5102 (Matth.
1759 5035 1851 5091 25.

266 5119 400 5189 55)?
426 5119 708 5185 Quomodo
738 5129 914 5176 autem
943 5137 1129 5177 rursus
1152 5163 1168 5189 ,
1198 5122 1531 5179 Tolerabilius
1573 5127 1667 5179 erit
1708 5137 1854 5181 terra:

243 5168 616 5316 3.90dornorunt
637 5220 680 5264 et
712 5210 1005 5266 Gomorrha:

285 5303 429 5370 lixit,
461 5302 826 5369 Tolerabilius,
859 5319 964 5358 non
995 5304 1283 5374 perlectam
1327 5306 1726 5374 liberationem,
1757 5311 1851 5365 sed

236 5397 360 5469 .geos
383 5410 480 5466 pro
504 5397 618 5451 suis
643 5398 876 5467 peccatis
896 5397 1023 5452 dare
1040 5398 1208 5454 levius
1228 5401 1548 5471 supplicium
1566 5403 1848 5473 signiﬁcat.

215 5486 228 5510 "
251 5473 420 5555 'Quod
446 5489 515 5554 si,
545 5489 636 5559 qui
662 5489 834 5560 puniti
857 5499 1001 5557 sunt,
1023 5501 1127 5546 tam
1153 5507 1341 5564 graves
1370 5509 1556 5551 rursus
1585 5495 1713 5552 dant
1740 5512 1852 5568 pce-

265 5594 360 5635 nas
378 5621 395 5646 ,
425 5579 548 5650 quis
577 5594 645 5636 ex
674 5579 796 5635 aliis
826 5579 1086 5652 ell‘ugiet?

326 5731 403 5796 (ιι)
436 5732 552 5792 Quis
573 5735 642 5784 sic
667 5745 838 5784 vocem
858 5735 915 5818 ’ρ
937 5740 1234 5789 converterit
1255 5740 1552 5803 ignoramus.

322 5825 401 5889 (b)
423 5827 508 5877 uie
520 5834 597 5878 est
606 5827 806 5890 Barueh,
818 5829 1097 5894 cujus‘saepe
1115 5830 1240 5882 dicta
1251 5838 1476 5887 terentia:
1488 5837 1841 5891 adscribuntur.

1384 386 1741 446 EXPOSITIO
1780 385 1844 439 IN
1884 383 2200 443 PSALMUNI
2239 390 2492 448 CXLVII.

3452 406 3558 462 48?.

2051 502 2102 555 5.
2144 503 2393 561 Videmus
2417 515 2595 562 autem
2623 523 2715 563 eos
2738 523 2948 580 quoque
2975 513 3062 582 qui
3093 527 3278 583 poenas
3297 518 3567 579 dederunt

1976 593 2356 659 indiluvio,el
2410 600 2604 654 multos
2656 601 2818 667 alios,
2847 612 2902 657 et
2951 606 3123 674 ipsum
3169 607 3320 663 Cain.
3365 611 3566 668 Paulus

1974 701 2188 756 quoque
2209 686 2368 753 dicit,
2403 690 2504 744 hoc
2558 691 2730 762 ipsum
2779 694 3084 764 signiﬁcans
3113 715 3127 751 :
3155 697 3429 756 Revelatur
3483 705 3564 758 ira

1974 777 2070 834 Dei
2096 780 2157 832 de
2177 781 2300 835 caelo
2329 798 2480 853 super
2504 801 2701 837 onmem
2727 785 3030 854 impietatem
3062 799 3109 842 et
3137 791 3438 860 injustitiam
3467 795 3564 848 ho—

1974 872 2165 926 minum
2206 874 2294 945 qui
2321 877 2578 929 veritatem
2617 877 2668 929 in
2711 879 2963 949 injustitia
2990 881 3254 950 detinent;
3294 896 3563 956 prapterea

1971 966 2107 1034 quod
2128 967 2181 1019 id
2203 967 2337 1036 quod
2371 969 2434 1021 de
2461 968 2568 1023 Deo
2594 973 2828 1041 cognosci
2855 982 3034 1040 potest,
3063 977 3384 1047 manifestum
3413 988 3484 1033 est
3507 981 3560 1033 in

1971 1057 2114 1128 ipsis,
2140 1056 2276 1113 Deus
2297 1059 2428 1112 enim
2447 1060 2549 1115 illis
2569 1062 2924 1132 manifestavit.
2967 1062 3253 1120 Inuisibilia
3281 1069 3414 1122 enim
3443 1070 3557 1138 ejus

1972 1165 2003 1202 a
2026 1152 2280 1204 creatione
2306 1151 2484 1205 ntuudi
2515 1152 2745 1219 operibus
2790 1153 3040 1208 intellecta
3079 1159 3477 1227 conspiciuntur,
3509 1171 3557 1215 et

1969 1252 2155 1294 (eterna
2184 1243 2292 1308 eius
2335 1244 2558 1311 potentia
2592 1254 2639 1297 et
2679 1245 2915 1299 divinitas
2938 1287 2952 1313 ,
2981 1257 3037 1299 ut
3062 1248 3162 1302 sint
3201 1250 3299 1318 ipsi
3343 1255 3554 1305 inexcu-

1969 1333 2150 1387 sabiles
2175 1334 2346 1405 (Rom.
2379 1334 2430 1387 1.
2459 1333 2666 1402 18-20).
2697 1337 2893 1390 Deinde
2921 1338 2984 1391 de
3024 1339 3127 1392 vita
3147 1355 3358 1410 quoque
3389 1344 3551 1397 verba

1969 1423 2188 1490 faciens,
2213 1443 2277 1480 ne
2301 1426 2387 1482 hic
2409 1429 2620 1496 quidem
2644 1444 2736 1482 eos
2759 1430 3006 1500 relinquit
3039 1432 3227 1486 rationi
3264 1433 3550 1488 reddendae

1967 1533 2076 1570 non
2120 1519 2403 1585 obnoxios,
2435 1521 2504 1572 ita
2535 1520 2722 1574 dicens
2745 1562 2758 1586 ,
2797 1520 2895 1587 Qui
2923 1539 3032 1575 cum
3052 1524 3309 1593 justitiam
3338 1524 3435 1579 Dei
3460 1543 3551 1578 co-

1965 1608 2271 1678 gnovissent,
2299 1609 2436 1679 quod
2462 1609 2546 1677 qui
2568 1611 2692 1662 talia
2712 1621 2888 1681 agunt,
2918 1613 3060 1682 digni
3086 1624 3244 1669 morte
3262 1625 3376 1669 sunt
3405 1633 3422 1669 .'
3451 1634 3551 1671 non

1965 1707 2130 1758 solum
2181 1720 2238 1758 ea
2290 1705 2500 1775 faciunt,
2547 1704 2635 1757 sed
2680 1705 2829 1757 etiam
2886 1706 3181 1774 facientibus
3235 1711 3552 1764 consentiunt

1965 1796 2140 1865 (Rom.
2165 1793 2346 1863 1.32).
2377 1794 2652 1848 Existimas
2673 1803 2842 1847 autem
2867 1796 2978 1860 hoc,
3011 1812 3039 1849 ο
3061 1797 3232 1861 homo,
3249 1802 3334 1868 qui
3345 1801 3551 1870 judicas

1963 1903 2047 1940 eos
2091 1887 2178 1950 qui
2208 1886 2332 1940 talia
2376 1887 2592 1957 faciunt,
2613 1894 2658 1938 et
2683 1885 2810 1955 facis
2846 1902 2924 1952 ea,
2948 1888 3082 1957 quod
3107 1897 3161 1941 tu
3192 1888 3283 1942 Dei
3296 1892 3550 1960 judicium

1963 1979 2209 2051 e/fugies?
2234 1979 2312 2032 An
2333 1979 2535 2032 divitias
2564 1979 2885 2049 benignitatis
2910 1982 3047 2050 ejus,
3081 1982 3356 2048 patientite,
3374 1994 3418 2037 et
3439 1984 3552 2038 lou-

1963 2072 2271 2142 ganimitatis
2309 2072 2614 2137 contemnis,
2649 2073 2874 2126 nesciens
2899 2074 3036 2143 quod
3072 2072 3352 2144 benignitas
3378 2073 3474 2129 Dei
3501 2087 3551 2129 te

1962 2163 2030 2216 ad
2078 2164 2418 2233 paenitentiam
2463 2161 2714 2218 adducit?
2759 2161 3052 2218 Secundum
3095 2165 3334 2218 duritiam
3381 2178 3550 2219 autem

1963 2269 2120 2321 tuam,
2151 2265 2200 2310 et
2227 2272 2314 2309 cor
2341 2256 2686 2325 impaenitens,
2712 2255 3023 2310 thesaurizas
3071 2256 3158 2310 tibi
3199 2257 3330 2310 iram
3363 2258 3414 2310 in
3463 2259 3546 2312 die

1961 2349 2051 2404 irte
2073 2359 2118 2402 et
2157 2347 2470 2402 reuelationis
2498 2357 2542 2400 et
2561 2348 2691 2417 justi
2701 2347 2888 2416 judicii
2911 2346 3024 2413 Dei,
3043 2347 3128 2417 qui
3157 2349 3328 2401 reddet
3355 2351 3550 2403 unicui-

1960 2456 2056 2510 que
2079 2439 2353 2494 secundum
2378 2454 2533 2506 opera
2566 2454 2659 2491 sua
2679 2454 2698 2492 :
2717 2438 2780 2491 iis
2807 2437 3004 2507 quidem
3035 2439 3121 2508 qui
3145 2443 3421 2493 secundum
3451 2459 3548 2506 pa-

1963 2533 2186 2587 tientiam
2208 2531 2323 2585 boni
2347 2532 2529 2602 operis,
2550 2531 2764 2601 gloriam
2793 2539 2837 2583 et
2865 2531 3122 2594 honorem,
3142 2541 3188 2584 et
3214 2531 3549 2602 incorruptio-

1961 2642 2074 2679 nem
2100 2633 2360 2696 quterunt,
2392 2623 2543 2678 vitam
2564 2633 2804 2678 (sternam
2835 2625 2850 2654 ¹
2879 2641 2897 2676 :
2919 2624 2981 2677 iis
3005 2639 3120 2677 vero
3143 2624 3232 2693 qui
3259 2639 3321 2677 ea:
3343 2634 3549 2678 conten-

1961 2719 2095 2772 tione
2123 2717 2320 2772 veritati
2342 2716 2548 2787 quidem
2577 2732 2676 2769 non
2697 2723 2911 2785 parent,
2941 2724 3118 2785 parent
3147 2723 3313 2768 autem
3340 2715 3546 2784 injusti-

1962 2813 2078 2878 tice,
2101 2811 2179 2865 ira
2200 2821 2246 2866 et
2275 2810 2580 2881 indignatio,
2604 2809 2806 2880 afﬂictio
2833 2816 2878 2862 et
2916 2808 3150 2879 angustia
3181 2825 3331 2879 super
3351 2825 3548 2862 onmem

1959 2907 2183 2960 animam
2222 2905 2441 2960 hominis
2481 2902 2740 2973 aperantis
2781 2901 2998 2970 malum,
3025 2899 3200 2955 Jutltei
3218 2902 3437 2972 primum
3457 2943 3472 2966 ,
3501 2913 3548 2955 et

1963 3000 2127 3055 ϐπ·ωεὶ
2156 3000 2330 3073 (Rom.
2357 2998 2411 3053 2.
2450 2999 2594 3067 5-9).

2033 3093 2298 3146 Naturalis
2347 3093 2431 3146 lex
2468 3089 2696 3146 omnibus
2734 3090 2904 3144 insita.
2951 3090 3283 3145 Conscientia
3318 3090 3418 3144 lex.
3472 3117 3545 3130 ~-

1967 3185 2123 3240 Vides
2172 3199 2269 3254 per
2309 3185 2424 3240 haec
2466 3182 2684 3248 omnia,
2725 3180 2994 3252 quomodo
3041 3196 3262 3248 omnes,
3288 3190 3549 3251 quotquOt

1963 3279 2174 3334 luerunt
2213 3278 2457 3333 homines
2479 3319 2494 3342 ,
2525 3277 2685 3333 etiam
2721 3284 2844 3330 ante
2887 3274 3056 3344 legem
3077 3313 3093 3340 ,
3126 3274 3254 3328 dant
3299 3283 3548 3344 peccato-

1960 3388 2076 3426 rum
2104 3387 2326 3442 ptnnas:
2359 3380 2412 3426 et
2436 3369 2755 3440 quicumque
2782 3367 2989 3422 virtutis
3018 3382 3199 3422 curam
3229 3375 3508 3436 gesserunt
3527 3407 3543 3431 ,

1960 3478 2008 3521 et
2033 3465 2099 3520 ab
2122 3464 2391 3534 impietate
2411 3471 2768 3528 recesserunt,
2793 3459 3037 3516 fruuntur
3057 3460 3246 3515 bonis?
3269 3458 3549 3527 Quomodo

1960 3576 2085 3630 ergo
2105 3561 2206 3614 erit
2225 3570 2314 3612 aut
2339 3559 2441 3614 hoc
2465 3567 2554 3612 aut
2583 3555 2733 3623 illud,
2761 3556 2804 3610 si
2827 3554 2952 3626 quid
2979 3563 3120 3609 esset
3141 3553 3424 3624 agendum,
3449 3567 3546 3604 ιιιι-

1961 3650 2244 3706 sciebant?
2290 3649 2383 3706 Sin
2433 3661 2610 3705 autem
2663 3649 2941 3714 sciebant,
2990 3645 3196 3716 inquit,
3227 3645 3351 3715 quid
3404 3654 3549 3700 esset

1961 3744 2246 3815 agendum,
2269 3743 2536 3814 quomodo
2585 3741 2735 3806 dicit,
2770 3739 2892 3795 Non
2930 3740 3047 3811 fecit
3073 3738 3243 3792 taliter
3277 3738 3415 3791 οηιηί
3455 3755 3546 3788 na-

1963 3841 2105 3906 tioni,
2135 3849 2182 3893 et
2197 3839 2397 3909 judicia
2425 3853 2517 3892 sua
2547 3852 2648 3890 non
2675 3835 3013 3905 manifestavit
3037 3833 3147 3886 eis?
3170 3829 3307 3898 Quid
3332 3845 3458 3898 ergo
3479 3830 3548 3882 sit

1961 3935 2101 4005 quod
2129 3934 2383 4002 scriptum
2407 3940 2520 3996 est,
2551 3929 2755 4000 etquid
2781 3929 2880 3983 sibi
2909 3927 3038 3982 velit
3057 3925 3376 3994 signiﬁcare,
3399 3921 3543 3976 audi.

1962 4029 2224 4098 Scriptum
2250 4026 2420 4098 legem
2445 4023 2574 4079 nulli
2599 4023 2686 4077 alii
2711 4022 2858 4078 dedit
2891 4039 2904 4076 :
2927 4020 3222 4074 naturalem
3243 4019 3382 4072 enim
3406 4017 3546 4070 intus

1962 4119 2230 4174 habebant
2259 4131 2466 4181 omnes,
2493 4123 2872 4186 personantem
2914 4111 3038 4181 quid
3069 4112 3136 4166 sit
3178 4111 3396 4174 bonum,
3419 4109 3545 4179 quid

1961 4211 2282 4266 sceus.Cum
2311 4209 2453 4264 enim
2478 4208 2750 4262 hominem
2779 4206 2921 4260 Deus
2945 4204 3183 4273 ﬁngeret,
3206 4201 3362 4256 simul
3384 4202 3545 4256 etiam

1961 4303 2064 4358 hoc
2087 4303 2163 4357 illi
2189 4300 2377 4357 indidit
2399 4301 2758 4368 incorruptum
2785 4296 3043 4374 judicium
3077 4313 3090 4349 :
3125 4308 3316 4364 nempe
3355 4293 3542 4348 unius-

1961 4395 2218 4466 cujusque
2263 4408 2416 4449 suum
2457 4390 2796 4446 conscientiae
2823 4388 3106 4443 calculum.
3131 4385 3330 4442 Jndteis
3365 4394 3542 4440 autem

1962 4487 2064 4541 hoc
2092 4486 2395 4556 procuravit
2421 4483 2696 4547 eximium,
2730 4490 2788 4536 ut
2815 4497 2934 4551 quas
2954 4487 3104 4534 erant
3134 4479 3272 4548 jnsta
3312 4492 3374 4533 ac
3407 4479 3542 4548 legi-

1963 4579 2109 4642 tima,
2131 4593 2228 4649 per
2254 4577 2448 4646 scripta
2478 4581 2880 4645 cognoscerent.
2907 4573 2969 4625 Et
2990 4571 3108 4625 ideo
3129 4585 3232 4624 non
3258 4569 3540 4640 dixitipse,

1959 4672 2074 4727 Non
2095 4670 2221 4726 fecit
2248 4673 2300 4724 in
2342 4667 2486 4723 omni
2531 4675 2708 4737 gente,
2741 4664 2856 4730 sed,
2888 4662 3008 4716 Non
3053 4662 3169 4732 fecit
3211 4662 3400 4714 taliter.
3431 4659 3544 4715 Hoc

1959 4773 2062 4830 est,
2092 4761 2208 4818 Non
2250 4761 2488 4817 misiteis
2521 4759 2748 4824 tabulas,
2786 4772 2891 4812 non
2930 4756 3123 4824 scripta
3149 4795 3164 4821 ,
3214 4769 3319 4808 non
3362 4752 3545 4806 Mosen

1960 4856 2317 4928 legislatorem
2339 4895 2354 4920 ,
2383 4867 2490 4907 non
2556 4851 2657 4905 alia
2691 4865 2812 4920 qua:
2854 4848 3064 4904 luerunt
3093 4848 3143 4900 in
3171 4852 3350 4899 monte
3376 4844 3500 4898 Sina
3528 4860 3541 4904 ;

1959 4950 2052 5006 sed
2073 4947 2240 5005 Judaei
2269 4945 2369 5001 soli
2397 4944 2650 5016 peculiari
2682 4943 2908 5011 quodam
2937 4939 3210 5010 privilegio
3233 4937 3346 4989 haec
3365 4937 3555 4991 omnia

1959 5041 2270 5112 consequuti
2302 5049 2426 5096 sunt
2451 5057 2464 5094 :
2493 5053 2674 5094 verum
2708 5037 2950 5090 universa
2983 5033 3208 5085 lunnana
3238 5037 3425 5082 natura
3450 5025 3544 5078 ha-

1960 5134 2074 5188 buit
2122 5131 2472 5187 sufﬁcientem
2522 5129 2692 5197 legem
2735 5123 3097 5180 conscientiae.
3153 5115 3543 5186 Qumquident

1960 5226 2155 5281 Paulus
2184 5237 2396 5295 quoque
2423 5219 2728 5291 signiﬁcans
2753 5217 2964 5272 dicebat
2985 5232 2997 5267 :
3021 5211 3236 5277 Quando
3264 5208 3396 5260 enim
3424 5223 3546 5278 gen-

1960 5327 2032 5370 tes
2061 5318 2217 5386 legem
2245 5331 2346 5369 non
2370 5313 2605 5366 habentes
2624 5351 2638 5374 ,
2663 5317 2845 5361 natura
2872 5319 2984 5375 quae
3015 5301 3136 5371 legis
3161 5308 3278 5352 sunt
3304 5298 3499 5367 faciunt
3526 5312 3544 5349 :

1958 5409 1995 5476 ii
2022 5408 2181 5477 legem
2208 5421 2311 5458 non
2336 5403 2569 5456 habentes
2588 5441 2602 5464 ,
2633 5397 2853 5468 sibiipsis
2891 5404 3005 5447 sunt
3032 5393 3114 5447 lca:
3139 5389 3315 5464 (Rom.
3345 5389 3400 5442 2.
3432 5387 3541 5476 il).

1961 5498 2029 5553 Et
2055 5496 2176 5552 ideo
2191 5495 2358 5550 Judaei
2380 5493 2522 5564 digni
2549 5499 2676 5544 sunt
2699 5486 2886 5557 majori
2917 5483 3376 5548 eondemuatione,
3394 5488 3544 5559 quod

1959 5605 2082 5648 eum
2131 5604 2233 5644 una
2268 5602 2388 5643 cum
2419 5586 2533 5657 lege
2576 5583 2805 5640 naturali
2849 5583 3102 5651 scriptam
3129 5596 3346 5652 quoque
3365 5582 3540 5654 legem

1958 5683 2284 5752 acceperint,
2305 5689 2409 5733 tam
2436 5679 2692 5735 scelerate
2718 5683 2772 5732 et
2796 5684 2902 5730 tam
2931 5674 3131 5731 nefarie
3151 5692 3210 5734 se
3230 5687 3544 5750 gesserunt.

2023 5839 2040 5870 ¹
2075 5833 2215 5890 Savll.
2241 5837 2418 5889 omittit
2441 5835 2526 5888 has
2548 5835 2668 5888 duas
2691 5849 2852 5901 voces,
2879 5836 3023 5890 vitam
3059 5840 3314 5890 atomum.
