4012 6280
453 402 573 459 ’485

442 514 828 586 Quamobrem
867 526 1117 584 magnum
1168 509 1259 565 Dei
1296 507 1613 564 beneficium
1656 508 1736 562 eis
1783 507 2053 576 negligen-

468 611 613 665 tibus
653 608 832 663 evadit
878 605 1089 661 occasio
1123 602 1340 673 majoris
1386 599 1869 657 condetnnationis.
1905 599 2055 666 Quod

468 703 534 756 ad
565 700 726 757 verba
756 698 975 769 quidem
1004 696 1202 766 scripta
1227 694 1445 758 attinet,
1468 691 1735 747 sufﬁciunt
1780 706 1899 760 qua:
1919 691 2058 745 dicta

472 804 600 849 sunt
629 815 643 846 :
675 793 719 846 si
746 791 866 861 quis
891 797 1066 844 autem
1093 785 1364 842 desiderat
1404 784 1673 839 Psalmutn
1705 797 1918 852 quoque
1965 796 2056 835 sn-

471 900 622 943 mere
646 883 956 955 anagogice,
987 896 1095 935 non
1117 877 1482 934 recusabimus
1503 876 1605 931 hac
1629 889 1840 945 quoque
1861 874 1945 928 via
1972 874 2058 926 in-

473 978 644 1049 gredi,
669 992 775 1030 non
802 974 1077 1029 historiam
1104 969 1503 1033 labefactantes,
1526 968 1684 1034 absit,
1710 966 1805 1021 sed
1825 981 1945 1020 cum
1972 965 2057 1019 illa

475 1071 591 1124 lucc
611 1080 823 1138 quoque
852 1063 1107 1119 studiosis
1127 1061 1460 1131 adjicientes,
1481 1057 1655 1129 quoad
1676 1058 1793 1127 ejus
1821 1055 1935 1111 ﬁeri
1962 1072 2060 1125 po-

475 1160 619 1215 terit.
650 1157 852 1223 Lauda,
874 1154 1181 1218 Jerusalem,
1210 1151 1502 1215 Dominum,
1529 1148 1687 1204 lauda
1709 1146 1875 1202 Deum
1894 1154 2059 1211 luunt,

475 1252 625 1308 Sion.
658 1250 815 1307 Novit
846 1249 1035 1304 Paulus
1054 1246 1327 1302 caelestem
1347 1243 1668 1309 Jerusalem,
1690 1241 1757 1295 de
1779 1254 1882 1310 qua
1904 1239 2059 1293 dicit:

464 1345 608 1410 Qua
634 1358 837 1398 sursum
878 1349 952 1394 est
992 1351 1160 1392 autem
1196 1335 1501 1398 Jerusalem,
1535 1333 1690 1387 libera
1716 1341 1785 1385 est
1810 1374 1824 1395 ,
1852 1345 1965 1401 qua:
1993 1339 2064 1384 est

477 1447 635 1490 mater
677 1444 852 1489 nostra
877 1431 1092 1505 (σου.
1115 1430 1210 1498 26)
1236 1446 1249 1483 :
1281 1425 1730 1499 quemadmodum
1773 1424 1903 1479 Sion
1931 1438 2062 1493 quo-

473 1544 578 1598 que
604 1529 752 1582 novit
777 1526 1072 1582 Ecclesiam
1093 1565 1107 1590 ,
1141 1522 1356 1593 quando
1379 1521 1542 1584 dicit,
1591 1518 1713 1573 Non
1732 1518 1868 1573 enim
1892 1533 2063 1571 acces-

476 1622 613 1675 sistis
647 1620 715 1673 ad
753 1629 969 1673 montem
994 1618 1080 1688 qui
1103 1616 1340 1685 palpatur
1362 1654 1377 1679 ,
1398 1613 1488 1683 qui
1512 1613 1745 1666 incensus
1779 1620 1853 1665 est
1875 1611 1992 1681 igne
2018 1619 2065 1663 et

472 1710 674 1766 turbine
700 1720 747 1765 et
766 1710 984 1780 caligine
1007 1718 1055 1762 et
1079 1704 1325 1778 procella,
1347 1704 1435 1759 sed
1457 1703 1732 1758 accessistis
1747 1702 1815 1755 ad
1841 1701 1970 1757 Sion
1992 1704 2064 1754 ei-

474 1803 680 1857 oitatent
722 1810 769 1856 et
813 1800 1092 1856 Ecclesium
1131 1798 1574 1867 primogenitorum
1602 1795 1970 1865 descriptorum
2006 1794 2061 1847 in

475 1894 616 1947 cali:
643 1891 828 1965 (Hebr.
858 1890 1045 1945 12.18.
1065 1890 1155 1944 Q2.
1174 1889 1285 1959 “23).
1317 1887 1498 1942 Potest
1525 1902 1652 1957 ergo
1679 1886 1746 1941 de
1771 1901 1832 1940 ea
1857 1899 2070 1956 quoque

479 1986 586 2040 dici
633 1983 927 2054 anagogiee
974 1982 1125 2045 illttd,
1158 1980 1338 2035 Lauda
1359 2022 1375 2046 ,
1401 1978 1718 2045 Jerusalem,
1750 1977 2026 2033 Dominum
2050 2020 2065 2044 ,

478 2076 639 2131 lauda
670 2074 836 2129 Deum
867 2084 1030 2138 tuum,
1060 2074 1191 2127 Sion
1221 2086 1239 2125 :
1267 2072 1322 2124 2.
1354 2071 1590 2142 quoniam
1610 2069 1908 2140 ronfortavit
1931 2084 2069 2123 seras

479 2178 745 2239 portarum
769 2178 992 2233 tuarum,
1022 2166 1270 2219 benedixit
1304 2152 1431 2233 filiis
1449 2163 1547 2217 tuis
1574 2164 1627 2217 in
1669 2172 1734 2216 te.
1765 2162 1897 2217 Eam
1924 2163 2066 2216 enim

480 2260 676 2315 muniit
712 2239 958 2313 validius
1000 2272 1162 2328 quam
1205 2256 1536 2324 Jerusalem,
1576 2272 1683 2311 non
1729 2255 1971 2310 vectibus
2016 2264 2073 2309 et

488 2351 680 2420 portis,
709 2349 805 2404 sed
863 2362 1027 2404 cruce
1071 2347 1523 2416 circumseptam,
1571 2355 1628 2402 et
1654 2345 2068 2403 denuntiatione

484 2442 719 2514 propriae
745 2439 1050 2510 potestatis,
1078 2453 1176 2508 per
1216 2453 1377 2508 quam
1420 2436 1619 2507 ubique
1655 2437 1774 2507 ejus
1823 2433 2073 2491 excitarit

485 2534 744 2589 ambitum
768 2566 789 2597 ,ς
816 2547 937 2586 cum
964 2530 1098 2586 dixit
1126 2547 1140 2585 :
1170 2529 1346 2584 Porta
1368 2530 1648 2600 inferorum
1683 2545 1782 2582 non
1823 2526 2072 2597 prcvale-

487 2628 617 2681 bant
641 2627 883 2680 adversus
911 2640 1022 2679 eam
1044 2622 1256 2698 (Matth.
1288 2623 1373 2678 16.
1398 2623 1508 2693 18).

566 2719 622 2774 4.
663 2715 909 2771 Ecclesia
935 2718 1246 2787 oppugnatio
1267 2724 1312 2769 et
1338 2715 1718 2768 incrementum.
1744 2740 1819 2752 ε-
1845 2708 1902 2765 In
1931 2710 2076 2780 prin-

495 2810 644 2882 cipio
670 2810 852 2881 itaque
879 2808 1226 2878 imperatores
1245 2814 1301 2862 et
1327 2820 1480 2877 reges
1498 2819 1706 2871 omnes,
1728 2811 1784 2860 et
1814 2803 1995 2875 populi
2025 2814 2078 2859 et

494 2902 767 2967 civitates,
789 2910 842 2956 et
867 2900 1169 2954 daemonum
1194 2897 1504 2969 phalanges,
1532 2905 1588 2951 ct
1613 2897 1724 2967 ipsa
1751 2896 1953 2952 diaboli
1997 2909 2079 2968 ty-

492 2994 699 3058 rannis,
727 3000 783 3048 et
823 2991 928 3045 alia
965 2991 1241 3044 innumera
1289 2989 1602 3043 invaserunt
1628 2987 1921 3043 Ecclesiam
1950 3004 1965 3042 :
1991 2988 2077 3042 illa

468 3093 673 3138 -tamen
699 3082 876 3137 omnia
909 3079 1074 3135 fracta
1101 3088 1156 3135 et
1181 3077 1437 3133 dissoluta
1465 3086 1592 3133 sunt
1627 3086 1683 3132 et
1722 3077 2035 3132 interierunt
2062 3095 2075 3130 :

490 3176 613 3246 ipsa
646 3184 824 3231 autem
845 3173 1033 3238 crevit,
1056 3182 1109 3228 et
1140 3171 1193 3226 in
1219 3179 1420 3225 tantam
1463 3178 1711 3241 provecta
1741 3177 1824 3225 est
1847 3168 2081 3224 altitudi-

495 3282 636 3331 nem,
669 3274 728 3321 ut
750 3266 896 3334 ipsos
919 3264 1079 3320 etiam
1104 3261 1265 3323 caelos
1294 3262 1641 3332 superaverit.
1660 3259 1926 3316 Benedixit
1946 3261 2071 3331 ﬁliis

493 3361 596 3414 tuis
614 3359 755 3414 inite.
776 3356 1238 3426 Quemadmodum
1266 3371 1391 3412 cum
1433 3354 1656 3425 dixisset
1689 3355 1745 3410 in
1784 3355 2076 3426 principio,

493 3449 712 3504 Crescite
762 3462 809 3504 et
856 3448 1297 3521 multiplicamini,
1322 3458 1371 3504 et
1421 3449 1607 3518 replete
1643 3457 1827 3502 terram
1845 3445 1995 3518 (Gen.
2027 3448 2080 3503 1.

484 3538 588 3612 38)
609 3581 625 3606 ,
656 3541 958 3596 universam
984 3550 1183 3596 terram
1212 3553 1393 3597 sermo
1416 3539 1680 3609 pervasit:
1705 3538 1776 3593 ita
1801 3547 1854 3592 et
1877 3548 2081 3608 postea,

498 3632 585 3686 Ite
605 3641 652 3685 et
674 3632 847 3686 docete
869 3648 1041 3686 ontnes
1067 3640 1239 3702 gentes
1262 3628 1478 3704 (Matth.
1505 3629 1595 3687 28.
1624 3629 1744 3700 i9);
1773 3639 1828 3684 ct
1845 3671 1861 3695 ,
1884 3627 2086 3684 Prtedi-

466 3758 471 3761 _
494 3724 692 3778 οαθειατ
715 3722 1025 3793 eoangelium
1060 3722 1154 3791 (tot:
1181 3722 1235 3775 in
1257 3729 1358 3776 toto
1383 3721 1572 3776 mundo
1597 3720 1808 3792 (Matth.
1834 3719 1925 3776 26.
1958 3719 2082 3790 15);

495 3825 658 3887 atque
688 3815 835 3885 ipsos
861 3815 1020 3870 etiam
1061 3814 1196 3869 lines
1218 3813 1367 3870 orbis
1413 3823 1567 3869 terra:
1611 3813 1760 3869 brevi
1811 3820 2084 3868 momento

470 3910 755 3978 temporis
777 3908 959 3977 jussus
981 3906 1097 3977 ejus
1124 3906 1422 3975 occupavit.
1451 3905 1708 3974 Quocirca
1737 3905 1852 3976 ipse
1875 3920 2087 3976 quoque

495 3999 712 4055 dicebat
736 4016 750 4054 :
778 3997 838 4053 Si
861 4014 1079 4068 granum
1113 3996 1354 4066 frumenti
1389 3996 1446 4051 in
1486 4006 1676 4051 terram
1721 3996 1907 4051 cadens
1952 4011 2089 4049 mor-

494 4099 641 4143 tuum
660 4106 764 4143 non
792 4089 978 4161 fuerit,
1026 4089 1198 4159 ipsum
1241 4087 1409 4142 solum
1456 4095 1625 4143 manet
1651 4102 1673 4141 .'
1700 4087 1746 4143 si
1766 4097 1933 4141 autem
1962 4103 2088 4141 utor-

494 4191 638 4236 tanta
665 4180 838 4250 fuerit,
862 4179 1077 4234 multum
1104 4181 1330 4252 fructum
1356 4176 1507 4246 alert
1537 4177 1717 4250 (Joan.
1746 4177 1835 4233 12.
1868 4175 1984 4249 24).
2024 4177 2087 4233 Et

497 4295 686 4337 rursus
704 4323 722 4346 ,
753 4280 972 4348 Quando
1007 4280 1260 4336 exaltant
1290 4280 1647 4350 faero,entnes
1672 4277 1874 4339 traham
1896 4274 1964 4330 ad
1986 4291 2089 4331 me-

470 4375 668 4443 ;ipsmn
690 4372 847 4445 (ibid.
874 4390 924 4427 υ.
948 4373 1259 4443 32).Atque
1286 4374 1338 4426 in
1367 4371 1628 4443 principio
1647 4368 1862 4441 quidem
1884 4383 1953 4424 ex
1980 4382 2088 4423 uno

501 4462 658 4516 miti
687 4463 797 4518 nati
808 4472 961 4529 sunt,
979 4478 1102 4518 cum
1129 4463 1246 4533 lege
1269 4473 1470 4517 natura:
1487 4468 1760 4519 cresceret
1784 4458 2086 4526 multitudo,

500 4565 558 4609 et
579 4554 701 4609 ideo
716 4568 808 4608 res
828 4553 1028 4608 tardius
1050 4555 1340 4624 processit:
1359 4562 1602 4624 tempore
1620 4560 1797 4608 autem
1816 4551 2088 4622 apostolo-

504 4659 627 4700 rum
644 4658 754 4700 non
767 4643 884 4713 lege
908 4653 1131 4713 naturae,
1160 4645 1254 4701 sed
1275 4647 1443 4716 gratia
1462 4645 1739 4703 crescebat
1761 4644 2049 4711 multitudo
2073 4661 2086 4698 :

502 4744 561 4791 et
586 4733 710 4789 ideo
735 4749 840 4789 uno
858 4734 1037 4789 statim
1064 4735 1152 4791 die
1173 4736 1271 4790 tria
1302 4737 1489 4804 millia,
1508 4736 1699 4793 deinde
1716 4738 1951 4808 quinque
1970 4736 2092 4791 mil-

504 4824 712 4893 lia',dei
722 4823 824 4880 nde
840 4824 1470 4891 innumerabiles,deinde
1483 4829 1761 4887 universus
1776 4829 1922 4885 orbis
1935 4837 2090 4884 teme

459 4966 465 4977 .
502 4932 598 4986 per
626 4914 906 4987 pulchtam
925 4914 1067 4972 hanc
1093 4918 1550 4986 regenerationem
1577 4919 1739 4987 editi,
1760 4920 1900 4985 aucti
1926 4929 2052 4975 sunt
2072 4963 2087 4986 ,

498 5018 554 5066 et
565 5009 900 5079 multiplicati
916 5018 1119 5076 sunt,ct
1135 5025 1294 5078 quatn
1308 5020 1626 5080 acceperant
1640 5012 2086 5079 benedictionem,

497 5100 652 5158 lactis
681 5101 809 5172 ipsis
837 5100 1189 5157 ostenderunt
1221 5119 1233 5153 :
1273 5100 1392 5156 Non
1423 5103 1566 5158 enim
1635 5121 1699 5159 ex
1734 5105 2085 5174 sanguinibns,

497 5208 658 5264 neque
683 5208 747 5248 ea:
765 5191 1018 5247 voluntate
1043 5192 1209 5246 carnis
1226 5190 1406 5264 (Joan.
1430 5195 1481 5249 1.
1497 5194 1607 5265 15).
1633 5194 1730 5251 sed
1753 5210 1822 5250 ex
1850 5195 1943 5251 Dei
1968 5211 2089 5267 gra-

501 5281 570 5335 tia
604 5283 712 5338 nati
739 5291 885 5338 sunt.
904 5281 1069 5350 5.0a
1097 5284 1265 5353 posuit
1290 5284 1417 5353 ﬁnes
1441 5292 1552 5339 tuos
1580 5302 1775 5354 pacem.
1801 5286 1912 5341 [loc
1936 5286 2090 5342 valde

503 5376 715 5443 pmpﬁe
734 5374 839 5431 dici
860 5384 1035 5445 potest
1051 5375 1120 5432 de
1138 5376 1375 5435 Ecclesia
1401 5397 1414 5431 :
1444 5394 1584 5444 nam,
1607 5380 1749 5450 quod
1772 5391 1857 5437 est
1870 5381 2086 5439 admira-

504 5464 684 5531 bilius,
703 5480 826 5529 cum
847 5482 909 5522 ea
935 5477 1217 5538 peteretur
1239 5469 1402 5536 bello,
1425 5485 1555 5541 pace
1577 5472 1870 5538 fruebatur,
1884 5484 1942 5528 et
1965 5488 2088 5528 cum

501 5556 554 5610 ei
606 5572 797 5612 otnnes
842 5569 1107 5629 ponerent
1151 5562 1393 5631 insidias,
1438 5565 1491 5618 in
1544 5579 1753 5627 summa
1798 5565 2090 5623 securitate

568 5707 598 5781 ἰ
754 5709 905 5781 verba
922 5745 938 5770 ,
959 5712 1134 5781 deinde
1157 5716 1364 5781 quinque
1387 5717 1560 5781 millia,
1585 5721 1792 5772 deerant
1815 5722 1864 5770 in
1889 5720 2052 5771 Morel.
2072 5754 2109 5779 ,.

506 5765 869 5875 ξῃωέἐηιῗευωτ
893 5765 943 5820 in
963 5765 2087 5840 manuscripts,et5'eéaaa;.s'ti&ruia'iga;

1214 394 1274 454 s.
1313 394 1587 453 JOANNIS
1610 393 2084 450 cnttvsosrom
2124 394 2441 451 ARCHIEP.
2483 396 3015 455 CONS'I‘ANTIXOP.

3642 415 3739 471 iSl

2144 506 2449 560 maximam
2495 507 2736 576 capiebat
2782 510 3128 576 voluptatem.
3161 511 3226 566 Et
3254 512 3377 568 ideo
3412 514 3545 571 dixit
3593 518 3746 588 ipso:

2166 595 2353 651 Pacem
2394 614 2558 652 meant
2601 599 2831 670 relinquo
2875 601 3012 655 vobis
3029 641 3047 668 ,
3089 619 3265 674 patent
3303 623 3466 661 nteant
3507 611 3574 662 (ιο
3616 613 3752 665 vobis

2165 690 2341 761 (Joan.
2373 692 2460 746 M.
2486 691 2602 763 27).
2638 691 2700 745 Et
2726 693 2882 764 adipe
2907 696 3151 765 frumenti
3172 698 3324 752 satiat
3351 707 3419 754 te.
3443 700 3626 755 Potest
3654 701 3754 757 hoc

2165 782 2324 835 etiam
2354 783 2511 837 aliter
2538 784 2706 853 accipi
2732 785 2784 839 in
2814 786 3051 841 Ecclesia
3077 787 3145 842 de
3188 788 3443 844 alimento
3490 793 3717 861 spiritali
3738 837 3753 855 ,

2164 874 2307 945 quod
2338 874 2491 931 nobis
2519 876 2727 932 scilicet
2755 892 2946 948 panem
2969 881 3094 934 vitae
3123 880 3348 937 dederit.
3375 885 3425 937 «1.
3448 885 3551 951 Qui
3576 887 3757 940 emittit

2163 966 2418 1035 eloquium
2461 984 2611 1021 suum
2665 978 2814 1023 terra
2856 983 2877 1025 :
2920 971 3153 1025 uelociter
3197 983 3364 1026 curret
3412 990 3580 1029 sermo
3624 978 3757 1046 ejus.

2166 1059 2423 1126 Quisnam
2461 1062 2686 1115 sermo?
2712 1061 2833 1128 die,
2857 1077 3061 1132 quaeso.
3086 1063 3187 1131 Qui
3218 1066 3458 1134 prolatus
3491 1083 3586 1137 per
3626 1083 3759 1138 apo-

2168 1151 2334 1207 stolos
2366 1152 2553 1221 quavis
2598 1167 2778 1222 penna
2824 1153 2993 1208 levius
3027 1155 3210 1210 omnia
3249 1158 3589 1225 pervolahat.
3614 1161 3761 1227 Quo-

2167 1242 2309 1297 circa
2335 1241 2500 1296 David
2527 1258 2739 1314 quoque
2772 1245 2896 1298 alibi
2929 1244 3030 1300 hoc
3055 1247 3362 1316 signiﬁcans
3386 1248 3516 1303 dicit
3536 1290 3553 1315 ,
3584 1249 3761 1304 Domi-

2169 1349 2264 1385 nus
2294 1332 2431 1387 dabit
2456 1334 2655 1388 uerbum
2685 1335 3146 1405 euangelizantibas
3185 1338 3367 1392 uirtute
3409 1340 3760 1411 multa(Psul.

2167 1423 2260 1478 67.
2293 1424 2404 1491 12).
2433 1424 2488 1480 Si
2510 1425 2631 1495 quis
2660 1435 2839 1481 autem
2885 1426 3141 1497 insipiens
3183 1428 3420 1494 dubitet,
3450 1446 3519 1486 ex
3548 1433 3614 1487 iis
3641 1446 3765 1503 qum

2169 1513 2305 1569 ﬁunt
2332 1515 2383 1570 in
2409 1516 2692 1573 elementis
2716 1526 2892 1573 sumat
2921 1520 3286 1589 probationem
3305 1563 3320 1589 ,
3351 1532 3406 1578 et
3429 1523 3602 1579 discat
3626 1540 3766 1595 quo-

2170 1609 2331 1663 modo
2358 1609 2447 1663 nix
2475 1610 2631 1664 simul
2658 1619 2714 1666 et
2743 1612 3030 1667 acervatim
3063 1622 3117 1668 et
3160 1623 3383 1684 repente
3426 1615 3676 1679 advenit,
3706 1627 3767 1672 et

2171 1711 2443 1756 momento
2474 1704 2730 1772 temporis
2771 1714 2936 1759 totam
2983 1714 3182 1761 terram
3227 1707 3435 1777 operit,
3465 1723 3572 1762 non
3602 1708 3765 1779 longo

2172 1794 2429 1863 temporis
2458 1796 2723 1851 curriculo
2742 1797 2860 1866 ejus
2889 1797 3080 1852 faciem
3110 1798 3391 1867 invadens,
3416 1799 3510 1854 sed
3539 1813 3763 1869 repente

2170 1893 2336 1940 totam
2378 1901 2495 1941 eam
2527 1888 2822 1959 complens.
2856 1890 3120 1957 Quoniam
3156 1907 3285 1961 ergo
3308 1904 3424 1947 erat
3458 1894 3720 1964 propheta
3744 1937 3760 1961 ,

2169 1987 2226 2032 et
2265 1989 2686 2034 consentaneum
2733 1989 2852 2037 erat
2901 1981 3074 2038 futura
3124 1983 3538 2053 prtedicentem,
3567 1995 3624 2040 et
3668 2003 3766 2056 per

2170 2084 2441 2141 anagogen
2466 2070 2855 2143 signiﬁcantem
2886 2072 3000 2128 haec
3026 2074 3226 2139 dicere,
3255 2089 3352 2145 par
3378 2075 3474 2129 luit
3496 2090 3553 2130 ut
3569 2076 3766 2131 immo-

2174 2170 2382 2216 raretur
2431 2163 2484 2216 in
2513 2177 2600 2229 eo,
2645 2163 2785 2234 quod
2824 2163 3104 2221 dicebatur
3154 2166 3224 2221 de
3267 2166 3567 2222 eletnentis.
3612 2168 3765 2234 Quod

2171 2263 2351 2311 autem
2379 2255 2506 2311 dicit
2525 2296 2541 2321 ,
2568 2266 2653 2312 est
2694 2257 2958 2328 ejusmodi
2984 2276 2998 2314 :
3030 2258 3286 2314 Futurum
3315 2269 3402 2315 est
3431 2268 3491 2315 ut
3516 2261 3765 2317 universa

2175 2358 2317 2403 terra
2342 2347 2433 2403 Dei
2457 2348 2625 2404 verbo
2650 2349 2981 2417 instruatur,
3021 2350 3182 2420 idque
3207 2365 3327 2405 cum
3360 2353 3594 2406 maxima
3622 2356 3766 2408 cele-

2175 2439 2335 2494 ritate
2356 2477 2373 2506 τ
2398 2448 2457 2495 et
2484 2440 2804 2497 brevissimo
2841 2451 3104 2513 tempore.
3126 2443 3330 2499 Deinde
3356 2459 3423 2499 ne
3459 2445 3583 2516 quis
3608 2446 3765 2500 dubi-

2177 2538 2351 2596 taret,
2392 2532 2438 2587 si
2485 2530 2688 2599 Judtei,
2729 2546 2859 2604 gens
2901 2549 3003 2589 una
3049 2535 3100 2590 in
3150 2550 3310 2604 quam
3342 2544 3492 2591 tanto
3523 2548 3767 2607 tempore

2177 2626 2382 2675 tantum
2423 2621 2586 2677 studii
2625 2632 2682 2677 et
2727 2622 3016 2695 diligentias
3063 2625 3318 2680 collatum
3374 2636 3479 2692 est,
3508 2642 3619 2681 non
3670 2627 3764 2683 fuit

2180 2712 2348 2779 proba
2374 2729 2387 2766 :
2419 2713 2690 2783 quomodo
2717 2714 2752 2769 ii
2788 2716 2878 2785 qui
2911 2717 3219 2771 universum
3249 2717 3436 2772 orbem
3478 2727 3643 2773 terra
3673 2720 3761 2773 hs-

2178 2805 2369 2872 bitant,
2398 2815 2650 2877 poterunt
2679 2808 2826 2864 brevi
2853 2817 3098 2880 tempore
3140 2812 3427 2882 componi,
3454 2812 3688 2884 bonique
3712 2823 3764 2867 et

2181 2899 2444 2956 modcmti
2493 2898 2630 2957 eilici
2654 2944 2670 2968 ,
2698 2901 2765 2956 ad
2801 2904 3223 2959 conﬁrmandum
3255 2904 3305 2959 id
3329 2905 3470 2976 quod
3486 2907 3619 2961 dicit
3638 2952 3653 2974 ,
3676 2922 3762 2962 su-

2182 2992 2280 3046 mit
2306 2993 2548 3062 exempla
2576 3009 2640 3048 ex
2678 2993 2980 3061 elementis,
3009 2995 3184 3051 nivem
3229 3008 3442 3066 nempe,
3475 2999 3723 3053 nebulam
3742 3041 3761 3067 ,

2179 3086 2427 3157 glaciem,
2456 3103 2576 3156 qua:
2603 3088 2836 3144 breviter
2866 3092 2996 3146 liunt
3036 3107 3143 3146 uno
3186 3100 3463 3149 momento
3492 3097 3762 3166 temporis.

2180 3176 2261 3233 Ne
2287 3192 2417 3249 ergo
2446 3178 2566 3234 ideo
2595 3195 2701 3235 non
2729 3181 2920 3238 credas
2950 3184 2989 3250 ⁸,
3021 3185 3125 3240 etsi
3172 3201 3326 3242 mens
3352 3203 3540 3243 eorum
3573 3191 3645 3245 sit
3688 3190 3763 3245 [.1-

2180 3269 2288 3326 cile
2333 3268 2604 3325 mutanda.
2636 3273 2706 3326 At
2748 3273 2903 3328 multi
2952 3282 3078 3331 sunt
3128 3277 3221 3347 qui
3260 3279 3563 3335 resistunt?
3587 3275 3700 3338 Sed.
3733 3283 3764 3339 ii

2181 3371 2399 3428 quoque
2415 3357 2715 3416 concedent
2733 3403 2750 3429 ,
2779 3373 2834 3419 et
2876 3365 3052 3421 locum
3078 3367 3299 3424 dabunt.
3331 3370 3387 3426 Si
3416 3372 3559 3427 enim
3588 3385 3765 3443 parum

2192 3451 2431 3522 frigoris,
2460 3466 2583 3508 cum
2615 3454 2983 3511 vehementius
3002 3454 3163 3513 fuerit
3186 3500 3200 3526 ,
3228 3474 3388 3516 nemo
3414 3462 3557 3517 ferre
3578 3473 3764 3534 potest,

2186 3543 2283 3598 sed
2305 3558 2493 3599 omnes
2515 3545 2563 3599 ei
2587 3544 2807 3614 cedunt,
2827 3557 2884 3602 et
2904 3548 3078 3603 locum
3097 3549 3256 3605 dant:
3280 3553 3450 3608 multo
3471 3556 3644 3626 magis
3663 3557 3768 3626 ejus

2189 3634 2354 3690 verbo
2378 3642 2435 3690 et
2453 3636 2627 3705 jussui
2655 3635 2851 3693 cedent
2885 3639 3063 3695 omnia
3082 3683 3100 3708 ,
3126 3656 3248 3713 qua:
3275 3643 3650 3701 adversantur.
3676 3647 3769 3703 Po-

2190 3734 2295 3782 test
2322 3728 2468 3783 enim
2498 3738 2709 3786 mutare
2734 3730 3060 3788 substantias
3084 3743 3142 3789 et
3168 3751 3288 3805 qua:
3331 3751 3439 3792 non
3485 3748 3613 3793 sunt
3656 3755 3771 3809 pro-

2158 3819 2411 3888 ducere,
2440 3830 2497 3877 et
2543 3822 2610 3878 ad
2659 3830 2835 3879 tantas
2854 3824 2997 3881 vires
3048 3828 3364 3898 provehere,
3397 3840 3455 3885 ut
3507 3832 3625 3888 Ita-c
3672 3835 3771 3889 sint

2189 3915 2440 3971 omnibus
2474 3915 2844 3973 intolerabilia.
2869 3917 2923 3973 8.
2959 3919 3061 3986 Qui
3095 3924 3362 3978 annuntiat
3387 3924 3591 3980 uerbum
3633 3943 3771 3981 suum

2189 4006 2372 4074 Iacob,
2399 4008 2626 4078 iustitiae
2651 4019 2701 4064 et
2731 4010 2931 4082 judicia
2959 4026 3054 4067 sua
3075 4011 3263 4070 Israel.
3288 4015 3386 4072 Hic
3415 4033 3633 4088 quoque
3675 4035 3772 4073 non

2190 4098 2524 4155 aberraveris
2550 4142 2564 4165 ,
2588 4101 2632 4155 si
2652 4099 2823 4157 Iacob
2846 4102 3144 4172 spiritalem
3170 4105 3395 4173 dixeris,
3421 4117 3477 4163 et
3502 4108 3768 4176 lsraelent,

2190 4205 2348 4259 quem
2377 4191 2575 4246 Paulus
2591 4207 2807 4263 quoque
2848 4195 2998 4250 novit
3024 4195 3210 4252 dicens
3243 4217 3257 4252 :
3293 4197 3412 4255 Pax
3442 4201 3583 4256 vobis
3610 4211 3657 4256 et
3681 4219 3774 4256 se-

2197 4298 2291 4352 per
2313 4281 2482 4336 Israel
2508 4282 2605 4337 Dei
2624 4283 2770 4354 (Gal.
2800 4285 2854 4341 ϐ.
2889 4286 2980 4359 16)
3010 4289 3130 4343 :cui
3161 4290 3329 4360 gloria
3360 4292 3413 4346 in
3440 4295 3639 4349 Stecula
3676 4308 3769 4349 sre-

2192 4373 2455 4431 culorum.
2485 4377 2679 4433 Amen.

2609 4510 2675 4567 IN
2714 4510 3036 4572 PSALMUM
3076 4515 3352 4574 CXLVIII.

2196 4624 2247 4677 1.
2275 4621 2507 4678 Laudate
2533 4621 2810 4680 Dominum
2834 4625 2898 4681 de
2915 4627 3077 4694 caelis,
3103 4629 3309 4684 laudate
3329 4648 3445 4686 eam
3472 4633 3529 4689 in
3553 4634 3777 4690 excelsa.

2478 4715 2534 4769 2.
2564 4712 2795 4771 Laudato
2818 4733 2953 4791 eum,
2985 4736 3156 4776 omnes
3176 4723 3345 4793 angeli
3369 4724 3500 4793 eius.

2270 4829 2321 4882 l.
2352 4827 2448 4884 Est
2480 4829 2585 4885 hoc
2620 4831 2820 4885 sanctis
2861 4830 2914 4886 in
2943 4847 3094 4889 more
3123 4835 3352 4902 positum
3383 4846 3607 4908 propter
3647 4843 3783 4910 piunt

2194 4928 2250 4972 et
2274 4929 2483 4989 gratum
2507 4934 2662 4973 suum
2685 4920 2944 4987 animum,
2976 4930 3036 4977 ut
3060 4938 3182 4977 cum
3208 4924 3320 4980 Deo
3340 4925 3447 4980 sint
3472 4930 3648 4983 acturi
3672 4945 3787 5000 gra-

2196 5009 2321 5075 tias,
2342 5019 2623 5065 accersant
2664 5010 2862 5067 multos
2894 5010 3216 5070 laudationis
3260 5017 3454 5082 socios,
3485 5027 3543 5073 et
3570 5019 3787 5077 horten-

2198 5110 2301 5163 tur,
2323 5108 2383 5153 ut
2409 5099 2514 5156 hoc
2539 5100 2816 5171 pulchrum
2847 5118 3037 5159 munus
3056 5108 3473 5165 secumobeant.
3495 5111 3610 5168 Hoc
3632 5114 3783 5168 etiam

2196 5189 2436 5246 fecerunt
2462 5199 2570 5246 tres
2592 5191 2760 5262 pueri,
2789 5192 2879 5262 qui
2905 5194 3117 5263 quando
3134 5208 3290 5252 erant
3311 5198 3363 5252 in
3384 5199 3605 5258 fornace
3629 5203 3781 5273 (Dan.

2196 5282 2277 5351 3).
2305 5298 2517 5338 onmem
2543 5291 2838 5339 creaturam
2866 5284 2933 5340 ad
2962 5285 3207 5344 laudibus
3232 5289 3619 5348 celebrandum
3651 5293 3785 5363 quod

2194 5383 2513 5442 acceperant
2541 5373 2856 5430 beneﬁcium
2877 5417 2891 5442 ,
2921 5386 2978 5432 et
3022 5377 3254 5449 hymnos
3283 5380 3392 5435 Deo
3418 5384 3681 5440 dicendos
3708 5383 3790 5436 in-

2204 5464 2453 5520 vitarunt.
2482 5465 2596 5521 Hoc
2616 5467 2798 5538 ipsum,
2811 5466 2937 5525 facit
2957 5468 3047 5525 hic
3065 5486 3299 5542 quoque,
3325 5483 3615 5546 utrumque
3631 5489 3786 5534 mun-

2194 5555 2323 5611 dum
2351 5571 2570 5625 vocans,
2596 5571 2884 5628 supernum
2911 5568 2965 5615 et
2982 5560 3275 5632 infernum,
3306 5567 3636 5631 sensilemet
3662 5582 3781 5619 cum

2192 5648 2286 5717 qui
2312 5648 2605 5720 percipitur
2632 5651 2744 5706 sola
2786 5651 3155 5723 intelligentia.
3183 5653 3294 5711 Hoc
3321 5658 3483 5712 etiam
3514 5658 3633 5713 iacit
3660 5671 3781 5726 pro-

2198 5781 2477 5897 wédzt‘orel.
2520 5784 2700 5850 habet,
2742 5795 2809 5837 Ne
2849 5800 2963 5855 ergo
3020 5788 3253 5854 deﬁcias,
3282 5806 3402 5856 pro,
3441 5807 3502 5847 tte
3536 5770 3652 5854 erae
3686 5802 3781 5842 non
