  <div class='ocr_page' id='page_1' title='image "/cluster/home/n/w/nwhite01/storage/ocr_20150623/55/mdp.39015028539511/477.png"; bbox 0 0 4068 6270; ppageno 0'>
   <div class='ocr_carea' id='block_1_1' title="bbox 545 287 651 343">
    <p class='ocr_par' dir='ltr' id='par_1_1' title="bbox 545 287 651 343">
     <span class='ocr_line' id='line_1_1' title="bbox 545 287 651 343; baseline 0.019 -2"><span class='ocrx_word' id='word_1_1' title='bbox 545 287 651 343; x_wconf 66' lang='lat'>485</span> 
     </span>
    </p>
   </div>
   <div class='ocr_carea' id='block_1_2' title="bbox 539 406 2118 483">
    <p class='ocr_par' dir='ltr' id='par_1_2' title="bbox 539 406 2118 483">
     <span class='ocr_line' id='line_1_2' title="bbox 539 406 2118 483; baseline 0.004 -20"><span class='ocrx_word' id='word_1_2' title='bbox 539 410 657 474; x_wconf 71' lang='lat' dir='ltr'>r01,</span> <span class='ocrx_word' id='word_1_3' title='bbox 696 407 792 461; x_wconf 77' lang='grc' dir='ltr'>καὶ</span> <span class='ocrx_word' id='word_1_4' title='bbox 841 406 1230 479; x_wconf 68' lang='grc' dir='ltr'>ἀγαλλιᾶσθω</span> <span class='ocrx_word' id='word_1_5' title='bbox 1270 409 1309 476; x_wconf 73' lang='grc' dir='ltr'><strong><em>ἠ</em></strong></span> <span class='ocrx_word' id='word_1_6' title='bbox 1351 409 1451 478; x_wconf 79' lang='grc' dir='ltr'>γῆ,</span> <span class='ocrx_word' id='word_1_7' title='bbox 1490 411 1577 465; x_wconf 87' lang='grc' dir='ltr'>ὅτι</span> <span class='ocrx_word' id='word_1_8' title='bbox 1607 410 1874 482; x_wconf 77' lang='grc' dir='ltr'>ἠλέησεν</span> <span class='ocrx_word' id='word_1_9' title='bbox 1909 418 1943 470; x_wconf 85' lang='grc' dir='ltr'><em>ὁ</em></span> <span class='ocrx_word' id='word_1_10' title='bbox 1974 417 2118 483; x_wconf 81' lang='grc' dir='ltr'>Θεὸς</span> 
     </span>
    </p>
   </div>
   <div class='ocr_carea' id='block_1_3' title="bbox 541 500 2121 580">
    <p class='ocr_par' dir='ltr' id='par_1_3' title="bbox 541 500 2121 580">
     <span class='ocr_line' id='line_1_3' title="bbox 541 500 2121 580; baseline 0.006 -20"><span class='ocrx_word' id='word_1_11' title='bbox 541 508 649 560; x_wconf 84' lang='grc' dir='ltr'>τὸν</span> <span class='ocrx_word' id='word_1_12' title='bbox 686 506 843 560; x_wconf 79' lang='grc' dir='ltr'>λαὸν</span> <span class='ocrx_word' id='word_1_13' title='bbox 884 504 1092 560; x_wconf 81' lang='grc' dir='ltr'>αὐτοῦ.</span> <span class='ocrx_word' id='word_1_14' title='bbox 1126 506 1236 559; x_wconf 81' lang='grc' dir='ltr'>Καὶ</span> <span class='ocrx_word' id='word_1_15' title='bbox 1272 505 1435 570; x_wconf 84' lang='grc' dir='ltr'>αὐτὸς</span> <span class='ocrx_word' id='word_1_16' title='bbox 1469 507 1527 560; x_wconf 81' lang='grc' dir='ltr'>δὲ</span> <span class='ocrx_word' id='word_1_17' title='bbox 1572 500 1729 574; x_wconf 75' lang='grc' dir='ltr'>οὗτος</span> <span class='ocrx_word' id='word_1_18' title='bbox 1762 511 1955 580; x_wconf 82' lang='grc' dir='ltr'>πάλιν,</span> <span class='ocrx_word' id='word_1_19' title='bbox 1990 515 2121 569; x_wconf 78' lang='grc' dir='ltr'>ὅταν</span> 
     </span>
    </p>
   </div>
   <div class='ocr_carea' id='block_1_4' title="bbox 542 601 2125 676">
    <p class='ocr_par' dir='ltr' id='par_1_4' title="bbox 542 601 2125 676">
     <span class='ocr_line' id='line_1_4' title="bbox 542 601 2125 676; baseline 0.005 -21"><span class='ocrx_word' id='word_1_20' title='bbox 542 604 710 674; x_wconf 81' lang='grc' dir='ltr'>λέγῃ·</span> <span class='ocrx_word' id='word_1_21' title='bbox 765 604 862 657; x_wconf 87' lang='grc' dir='ltr'>Ἐν</span> <span class='ocrx_word' id='word_1_22' title='bbox 912 601 1102 667; x_wconf 81' lang='grc' dir='ltr'>ἐξόδῳ</span> <span class='ocrx_word' id='word_1_23' title='bbox 1161 603 1398 672; x_wconf 78' lang='grc' dir='ltr'>Ἰσραὴλ</span> <span class='ocrx_word' id='word_1_24' title='bbox 1443 603 1512 669; x_wconf 79' lang='grc' dir='ltr'>ἐξ</span> <span class='ocrx_word' id='word_1_25' title='bbox 1563 606 1902 676; x_wconf 71' lang='grc' dir='ltr'>Δίγύπτου,</span> <span class='ocrx_word' id='word_1_26' title='bbox 1950 609 2125 664; x_wconf 77' lang='lat' dir='ltr'>olm</span> 
     </span>
    </p>
   </div>
   <div class='ocr_carea' id='block_1_5' title="bbox 555 697 2127 774">
    <p class='ocr_par' dir='ltr' id='par_1_5' title="bbox 555 697 2127 774">
     <span class='ocr_line' id='line_1_5' title="bbox 555 697 2127 774; baseline 0.004 -21"><span class='ocrx_word' id='word_1_27' title='bbox 555 697 769 753; x_wconf 80' lang='grc' dir='ltr'>Ἰακὼϐ</span> <span class='ocrx_word' id='word_1_28' title='bbox 811 698 882 753; x_wconf 79' lang='grc' dir='ltr'>ἐκ</span> <span class='ocrx_word' id='word_1_29' title='bbox 926 698 1083 753; x_wconf 84' lang='grc' dir='ltr'>λαοῦ</span> <span class='ocrx_word' id='word_1_30' title='bbox 1114 699 1459 769; x_wconf 74' lang='grc' dir='ltr'>βαρϐάρου,</span> <span class='ocrx_word' id='word_1_31' title='bbox 1501 701 1574 756; x_wconf 82' lang='grc' dir='ltr'>τὰ</span> <span class='ocrx_word' id='word_1_32' title='bbox 1617 703 1725 771; x_wconf 79' lang='grc' dir='ltr'>ὄρη</span> <span class='ocrx_word' id='word_1_33' title='bbox 1752 704 2127 774; x_wconf 82' lang='grc' dir='ltr'>ἐσκίρτησαν</span> 
     </span>
    </p>
   </div>
   <div class='ocr_carea' id='block_1_6' title="bbox 544 795 2122 870">
    <p class='ocr_par' dir='ltr' id='par_1_6' title="bbox 544 795 2122 870">
     <span class='ocr_line' id='line_1_6' title="bbox 544 795 2122 870; baseline 0.005 -22"><span class='ocrx_word' id='word_1_34' title='bbox 544 795 690 849; x_wconf 78' lang='grc' dir='ltr'>ὡσεὶ</span> <span class='ocrx_word' id='word_1_35' title='bbox 734 796 921 864; x_wconf 80' lang='grc' dir='ltr'>κριοὶ,</span> <span class='ocrx_word' id='word_1_36' title='bbox 960 796 1057 848; x_wconf 80' lang='grc' dir='ltr'>καὶ</span> <span class='ocrx_word' id='word_1_37' title='bbox 1093 798 1148 849; x_wconf 76' lang='grc' dir='ltr'>οἱ</span> <span class='ocrx_word' id='word_1_38' title='bbox 1190 797 1410 858; x_wconf 78' lang='grc' dir='ltr'>,βουνοί</span> <span class='ocrx_word' id='word_1_39' title='bbox 1446 799 1529 864; x_wconf 85' lang='grc' dir='ltr'>ὡς</span> <span class='ocrx_word' id='word_1_40' title='bbox 1575 800 1753 868; x_wconf 81' lang='grc' dir='ltr'>ἀρνία</span> <span class='ocrx_word' id='word_1_41' title='bbox 1796 802 2122 870; x_wconf 73' lang='grc' dir='ltr'>προϐάτοιν.</span> 
     </span>
    </p>
   </div>
   <div class='ocr_carea' id='block_1_7' title="bbox 549 880 2127 966">
    <p class='ocr_par' dir='ltr' id='par_1_7' title="bbox 549 880 2127 966">
     <span class='ocr_line' id='line_1_7' title="bbox 549 880 2127 966; baseline 0.004 -20"><span class='ocrx_word' id='word_1_42' title='bbox 549 892 662 946; x_wconf 76' lang='grc' dir='ltr'>Καὶ</span> <span class='ocrx_word' id='word_1_43' title='bbox 694 892 926 963; x_wconf 82' lang='grc' dir='ltr'>ἀλλαχοῦ</span> <span class='ocrx_word' id='word_1_44' title='bbox 955 893 1116 946; x_wconf 84' lang='grc' dir='ltr'>πάλιν</span> <span class='ocrx_word' id='word_1_45' title='bbox 1142 894 1171 945; x_wconf 74' lang='grc' dir='ltr'><strong><em>δ</em></strong></span> <span class='ocrx_word' id='word_1_46' title='bbox 1210 895 1436 959; x_wconf 74' lang='grc' dir='ltr'>Ἡσαΐας</span> <span class='ocrx_word' id='word_1_47' title='bbox 1452 912 1468 928; x_wconf 80' lang='grc' dir='ltr'><strong><em>ο</em></strong></span> <span class='ocrx_word' id='word_1_48' title='bbox 1490 896 1750 965; x_wconf 72' lang='grc' dir='ltr'>Νεφέλαι</span> <span class='ocrx_word' id='word_1_49' title='bbox 1764 880 2127 966; x_wconf 78' lang='grc' dir='ltr'>ρανὰτωσαν</span> 
     </span>
    </p>
   </div>
   <div class='ocr_carea' id='block_1_8' title="bbox 548 989 2127 1067">
    <p class='ocr_par' dir='ltr' id='par_1_8' title="bbox 548 989 2127 1067">
     <span class='ocr_line' id='line_1_8' title="bbox 548 989 2127 1067; baseline 0.003 -24"><span class='ocrx_word' id='word_1_50' title='bbox 548 989 962 1058; x_wconf 82' lang='grc' dir='ltr'>δικαιοσύνην.</span> <span class='ocrx_word' id='word_1_51' title='bbox 995 991 1124 1044; x_wconf 63' lang='lat' dir='ltr'>&quot;Are</span> <span class='ocrx_word' id='word_1_52' title='bbox 1154 991 1261 1065; x_wconf 80' lang='grc' dir='ltr'>γὰρ</span> <span class='ocrx_word' id='word_1_53' title='bbox 1294 992 1395 1046; x_wconf 92' lang='grc' dir='ltr'>οὐκ</span> <span class='ocrx_word' id='word_1_54' title='bbox 1419 992 1575 1058; x_wconf 75' lang='grc' dir='ltr'>ὄντες</span> <span class='ocrx_word' id='word_1_55' title='bbox 1612 995 1787 1048; x_wconf 74' lang='grc' dir='ltr'>ἱκανοὶ</span> <span class='ocrx_word' id='word_1_56' title='bbox 1819 994 1968 1065; x_wconf 82' lang='grc' dir='ltr'>μόνοι</span> <span class='ocrx_word' id='word_1_57' title='bbox 1990 995 2127 1067; x_wconf 81' lang='grc' dir='ltr'>πρὸς</span> 
     </span>
    </p>
   </div>
   <div class='ocr_carea' id='block_1_9' title="bbox 545 1086 2128 1160">
    <p class='ocr_par' dir='ltr' id='par_1_9' title="bbox 545 1086 2128 1160">
     <span class='ocr_line' id='line_1_9' title="bbox 545 1086 2128 1160; baseline 0.003 -21"><span class='ocrx_word' id='word_1_58' title='bbox 545 1086 646 1157; x_wconf 80' lang='grc' dir='ltr'>τὴν</span> <span class='ocrx_word' id='word_1_59' title='bbox 690 1089 967 1159; x_wconf 82' lang='grc' dir='ltr'>εὐφημίαν</span> <span class='ocrx_word' id='word_1_60' title='bbox 1004 1088 1097 1140; x_wconf 83' lang='grc' dir='ltr'>τοῦ</span> <span class='ocrx_word' id='word_1_61' title='bbox 1143 1088 1450 1154; x_wconf 85' lang='grc' dir='ltr'>Δεσπότου,</span> <span class='ocrx_word' id='word_1_62' title='bbox 1501 1089 1879 1160; x_wconf 82' lang='grc' dir='ltr'>περιέρχονται</span> <span class='ocrx_word' id='word_1_63' title='bbox 1918 1092 2128 1155; x_wconf 80' lang='grc' dir='ltr'>πάντας</span> 
     </span>
    </p>
   </div>
   <div class='ocr_carea' id='block_1_10' title="bbox 548 1185 2127 1259">
    <p class='ocr_par' dir='ltr' id='par_1_10' title="bbox 548 1185 2127 1259">
     <span class='ocr_line' id='line_1_10' title="bbox 548 1185 2127 1259; baseline 0.003 -22"><span class='ocrx_word' id='word_1_64' title='bbox 548 1185 841 1248; x_wconf 85' lang='grc' dir='ltr'>κοινωνοὺς</span> <span class='ocrx_word' id='word_1_65' title='bbox 869 1185 1053 1239; x_wconf 97' lang='grc' dir='ltr'>λαϐεῖν</span> <span class='ocrx_word' id='word_1_66' title='bbox 1092 1185 1192 1255; x_wconf 83' lang='grc' dir='ltr'>τῆς</span> <span class='ocrx_word' id='word_1_67' title='bbox 1234 1186 1525 1258; x_wconf 79' lang='grc' dir='ltr'>ὑμνῳδίαις.</span> <span class='ocrx_word' id='word_1_68' title='bbox 1554 1187 1662 1240; x_wconf 81' lang='grc' dir='ltr'>Καὶ</span> <span class='ocrx_word' id='word_1_69' title='bbox 1696 1186 1853 1241; x_wconf 86' lang='grc' dir='ltr'>τοῦτο</span> <span class='ocrx_word' id='word_1_70' title='bbox 1891 1188 2127 1259; x_wconf 83' lang='grc' dir='ltr'>συνεχῶς</span> 
     </span>
    </p>
   </div>
   <div class='ocr_carea' id='block_1_11' title="bbox 554 1276 2127 1355">
    <p class='ocr_par' dir='ltr' id='par_1_11' title="bbox 554 1276 2127 1355">
     <span class='ocr_line' id='line_1_11' title="bbox 554 1276 2127 1355; baseline 0.004 -20"><span class='ocrx_word' id='word_1_71' title='bbox 554 1282 788 1352; x_wconf 86' lang='grc' dir='ltr'>μάλιστα</span> <span class='ocrx_word' id='word_1_72' title='bbox 819 1276 973 1348; x_wconf 69' lang='grc' dir='ltr'>οὗτος</span> <span class='ocrx_word' id='word_1_73' title='bbox 1004 1286 1167 1348; x_wconf 83' lang='grc' dir='ltr'>ποιεῖ,</span> <span class='ocrx_word' id='word_1_74' title='bbox 1196 1283 1269 1346; x_wconf 86' lang='grc' dir='ltr'>ὡς</span> <span class='ocrx_word' id='word_1_75' title='bbox 1295 1284 1423 1337; x_wconf 82' lang='grc' dir='ltr'>ὅταν</span> <span class='ocrx_word' id='word_1_76' title='bbox 1452 1284 1604 1355; x_wconf 75' lang='grc' dir='ltr'>λέγῃ,</span> <span class='ocrx_word' id='word_1_77' title='bbox 1634 1284 1746 1340; x_wconf 78' lang='lat' dir='ltr'><strong><em>Kal</em></strong></span> <span class='ocrx_word' id='word_1_78' title='bbox 1782 1299 2127 1355; x_wconf 81' lang='grc' dir='ltr'>προσκυνη-</span> 
     </span>
    </p>
   </div>
   <div class='ocr_carea' id='block_1_12' title="bbox 552 1379 2125 1452">
    <p class='ocr_par' dir='ltr' id='par_1_12' title="bbox 552 1379 2125 1452">
     <span class='ocr_line' id='line_1_12' title="bbox 552 1379 2125 1452; baseline 0.003 -18"><span class='ocrx_word' id='word_1_79' title='bbox 552 1379 840 1435; x_wconf 83' lang='grc' dir='ltr'>σάτωσαν</span> <span class='ocrx_word' id='word_1_80' title='bbox 869 1381 1030 1448; x_wconf 83' lang='grc' dir='ltr'>αὐτῷ</span> <span class='ocrx_word' id='word_1_81' title='bbox 1071 1379 1294 1446; x_wconf 79' lang='grc' dir='ltr'>πάντες</span> <span class='ocrx_word' id='word_1_82' title='bbox 1319 1382 1560 1452; x_wconf 73' lang='grc' dir='ltr'>ἄγγελοι</span> <span class='ocrx_word' id='word_1_83' title='bbox 1602 1382 1770 1437; x_wconf 85' lang='grc' dir='ltr'>Θεοῦ.</span> <span class='ocrx_word' id='word_1_84' title='bbox 1801 1382 1913 1438; x_wconf 80' lang='grc' dir='ltr'>Καὶ</span> <span class='ocrx_word' id='word_1_85' title='bbox 1942 1384 2125 1451; x_wconf 87' lang='grc' dir='ltr'>πάλιν,</span> 
     </span>
    </p>
   </div>
   <div class='ocr_carea' id='block_1_13' title="bbox 553 1479 1957 1550">
    <p class='ocr_par' dir='ltr' id='par_1_13' title="bbox 553 1479 1957 1550">
     <span class='ocr_line' id='line_1_13' title="bbox 553 1479 1957 1550; baseline 0.004 -19"><span class='ocrx_word' id='word_1_86' title='bbox 553 1479 801 1532; x_wconf 80' lang='grc' dir='ltr'>Δυνατοί</span> <span class='ocrx_word' id='word_1_87' title='bbox 833 1480 1020 1547; x_wconf 71' lang='grc' dir='ltr'>ἰσχύϊ,</span> <span class='ocrx_word' id='word_1_88' title='bbox 1050 1479 1364 1545; x_wconf 80' lang='grc' dir='ltr'>ποιοῦντες</span> <span class='ocrx_word' id='word_1_89' title='bbox 1394 1479 1504 1533; x_wconf 87' lang='grc' dir='ltr'>τὸν</span> <span class='ocrx_word' id='word_1_90' title='bbox 1528 1480 1717 1550; x_wconf 83' lang='grc' dir='ltr'>λόγον</span> <span class='ocrx_word' id='word_1_91' title='bbox 1747 1479 1957 1537; x_wconf 85' lang='grc' dir='ltr'>αὑτοῦ.</span> 
     </span>
    </p>
   </div>
   <div class='ocr_carea' id='block_1_14' title="bbox 622 1569 2126 1640">
    <p class='ocr_par' dir='ltr' id='par_1_14' title="bbox 622 1569 2126 1640">
     <span class='ocr_line' id='line_1_14' title="bbox 622 1569 2126 1640; baseline 0.004 -18"><span class='ocrx_word' id='word_1_92' title='bbox 622 1570 735 1622; x_wconf 80' lang='grc' dir='ltr'>Καὶ</span> <span class='ocrx_word' id='word_1_93' title='bbox 761 1569 946 1640; x_wconf 69' lang='grc' dir='ltr'>ἕτερον</span> <span class='ocrx_word' id='word_1_94' title='bbox 983 1569 1040 1623; x_wconf 85' lang='grc' dir='ltr'>δέ</span> <span class='ocrx_word' id='word_1_95' title='bbox 1081 1587 1134 1623; x_wconf 87' lang='grc' dir='ltr'>τι</span> <span class='ocrx_word' id='word_1_96' title='bbox 1164 1570 1324 1626; x_wconf 88' lang='grc' dir='ltr'>πάλιν</span> <span class='ocrx_word' id='word_1_97' title='bbox 1362 1572 1428 1625; x_wconf 82' lang='grc' dir='ltr'>ὲκ</span> <span class='ocrx_word' id='word_1_98' title='bbox 1461 1570 1665 1626; x_wconf 86' lang='grc' dir='ltr'>τούτων</span> <span class='ocrx_word' id='word_1_99' title='bbox 1709 1573 2126 1638; x_wconf 79' lang='grc' dir='ltr'>κατασκευάζει.</span> 
     </span>
    </p>
   </div>
   <div class='ocr_carea' id='block_1_15' title="bbox 551 1665 2131 1741">
    <p class='ocr_par' dir='ltr' id='par_1_15' title="bbox 551 1665 2131 1741">
     <span class='ocr_line' id='line_1_15' title="bbox 551 1665 2131 1741; baseline 0.003 -23"><span class='ocrx_word' id='word_1_100' title='bbox 551 1665 711 1719; x_wconf 84' lang='grc' dir='ltr'>Ποῖον</span> <span class='ocrx_word' id='word_1_101' title='bbox 737 1665 802 1737; x_wconf 85' lang='grc' dir='ltr'>δὴ</span> <span class='ocrx_word' id='word_1_102' title='bbox 832 1665 1026 1733; x_wconf 81' lang='grc' dir='ltr'>τοῦτο;</span> <span class='ocrx_word' id='word_1_103' title='bbox 1060 1666 1133 1720; x_wconf 84' lang='grc' dir='ltr'>Τὸ</span> <span class='ocrx_word' id='word_1_104' title='bbox 1163 1667 1368 1738; x_wconf 85' lang='grc' dir='ltr'>μηδένα</span> <span class='ocrx_word' id='word_1_105' title='bbox 1400 1667 1509 1722; x_wconf 90' lang='grc' dir='ltr'>τῶν</span> <span class='ocrx_word' id='word_1_106' title='bbox 1533 1669 1887 1741; x_wconf 86' lang='grc' dir='ltr'>ἀλογωτέρων</span> <span class='ocrx_word' id='word_1_107' title='bbox 1910 1669 2131 1740; x_wconf 77' lang='grc' dir='ltr'>νομίσαι</span> 
     </span>
    </p>
   </div>
   <div class='ocr_carea' id='block_1_16' title="bbox 551 1759 2131 1839">
    <p class='ocr_par' dir='ltr' id='par_1_16' title="bbox 551 1759 2131 1839">
     <span class='ocr_line' id='line_1_16' title="bbox 551 1759 2131 1839; baseline 0.006 -27"><span class='ocrx_word' id='word_1_108' title='bbox 551 1760 645 1814; x_wconf 86' lang='grc' dir='ltr'>δύο</span> <span class='ocrx_word' id='word_1_109' title='bbox 682 1761 1050 1835; x_wconf 80' lang='grc' dir='ltr'>δημιουργοὺς</span> <span class='ocrx_word' id='word_1_110' title='bbox 1088 1759 1248 1819; x_wconf 87' lang='grc' dir='ltr'>εἶναι.</span> <span class='ocrx_word' id='word_1_111' title='bbox 1280 1765 1495 1836; x_wconf 81' lang='grc' dir='ltr'>Ἐπειδὴ</span> <span class='ocrx_word' id='word_1_112' title='bbox 1522 1765 1631 1839; x_wconf 83' lang='grc' dir='ltr'>γὰρ</span> <span class='ocrx_word' id='word_1_113' title='bbox 1664 1765 1722 1820; x_wconf 90' lang='grc' dir='ltr'>αί</span> <span class='ocrx_word' id='word_1_114' title='bbox 1761 1765 1967 1830; x_wconf 76' lang='grc' dir='ltr'>κτίσεις</span> <span class='ocrx_word' id='word_1_115' title='bbox 2012 1766 2131 1821; x_wconf 85' lang='grc' dir='ltr'>διά-</span> 
     </span>
    </p>
   </div>
   <div class='ocr_carea' id='block_1_17' title="bbox 553 1861 2132 1935">
    <p class='ocr_par' dir='ltr' id='par_1_17' title="bbox 553 1861 2132 1935">
     <span class='ocr_line' id='line_1_17' title="bbox 553 1861 2132 1935; baseline 0.002 -22"><span class='ocrx_word' id='word_1_116' title='bbox 553 1877 733 1931; x_wconf 79' lang='grc' dir='ltr'>φοροι,</span> <span class='ocrx_word' id='word_1_117' title='bbox 763 1861 857 1915; x_wconf 76' lang='grc' dir='ltr'>καὶ</span> <span class='ocrx_word' id='word_1_118' title='bbox 884 1862 1230 1934; x_wconf 76' lang='grc' dir='ltr'>διεστήκασιν</span> <span class='ocrx_word' id='word_1_119' title='bbox 1265 1861 1508 1935; x_wconf 81' lang='grc' dir='ltr'>ἀλλήλων</span> <span class='ocrx_word' id='word_1_120' title='bbox 1537 1865 1656 1927; x_wconf 85' lang='grc' dir='ltr'>ταῖς</span> <span class='ocrx_word' id='word_1_121' title='bbox 1675 1862 1888 1928; x_wconf 75' lang='grc' dir='ltr'>οὐσίαις</span> <span class='ocrx_word' id='word_1_122' title='bbox 1921 1865 1990 1935; x_wconf 81' lang='grc' dir='ltr'><strong>(ἡ</strong></span> <span class='ocrx_word' id='word_1_123' title='bbox 2030 1863 2132 1932; x_wconf 84' lang='grc' dir='ltr'>μὲν</span> 
     </span>
    </p>
   </div>
   <div class='ocr_carea' id='block_1_18' title="bbox 554 1957 2133 2031">
    <p class='ocr_par' dir='ltr' id='par_1_18' title="bbox 554 1957 2133 2031">
     <span class='ocr_line' id='line_1_18' title="bbox 554 1957 2133 2031; baseline 0.002 -21"><span class='ocrx_word' id='word_1_124' title='bbox 554 1957 664 2028; x_wconf 86' lang='grc' dir='ltr'>γάρ</span> <span class='ocrx_word' id='word_1_125' title='bbox 699 1958 849 2011; x_wconf 74' lang='grc' dir='ltr'>ἑστιν</span> <span class='ocrx_word' id='word_1_126' title='bbox 877 1957 1139 2029; x_wconf 72' lang='grc' dir='ltr'>αἰσθητὴ,</span> <span class='ocrx_word' id='word_1_127' title='bbox 1171 1961 1204 2029; x_wconf 79' lang='grc' dir='ltr'>ἡ</span> <span class='ocrx_word' id='word_1_128' title='bbox 1250 1958 1308 2011; x_wconf 82' lang='grc' dir='ltr'>δὲ</span> <span class='ocrx_word' id='word_1_129' title='bbox 1341 1958 1540 2029; x_wconf 88' lang='grc' dir='ltr'>νοητή·</span> <span class='ocrx_word' id='word_1_130' title='bbox 1579 1960 1623 2029; x_wconf 63' lang='grc' dir='ltr'>η</span> <span class='ocrx_word' id='word_1_131' title='bbox 1643 1959 1742 2029; x_wconf 84' lang='grc' dir='ltr'>μὲν</span> <span class='ocrx_word' id='word_1_132' title='bbox 1776 1958 1965 2031; x_wconf 83' lang='grc' dir='ltr'>ὁρατὴ,</span> <span class='ocrx_word' id='word_1_133' title='bbox 2000 1963 2033 2030; x_wconf 83' lang='grc' dir='ltr'><strong>ἡ</strong></span> <span class='ocrx_word' id='word_1_134' title='bbox 2075 1959 2133 2013; x_wconf 78' lang='grc' dir='ltr'>δὲ</span> 
     </span>
    </p>
   </div>
   <div class='ocr_carea' id='block_1_19' title="bbox 553 2055 2133 2129">
    <p class='ocr_par' dir='ltr' id='par_1_19' title="bbox 553 2055 2133 2129">
     <span class='ocr_line' id='line_1_19' title="bbox 553 2055 2133 2129; baseline 0.003 -23"><span class='ocrx_word' id='word_1_135' title='bbox 553 2055 878 2126; x_wconf 80' lang='grc' dir='ltr'>ἀόρατος-ὴ</span> <span class='ocrx_word' id='word_1_136' title='bbox 927 2056 1028 2126; x_wconf 72' lang='grc' dir='ltr'>μὲν</span> <span class='ocrx_word' id='word_1_137' title='bbox 1071 2057 1341 2128; x_wconf 81' lang='grc' dir='ltr'>σωμάτων</span> <span class='ocrx_word' id='word_1_138' title='bbox 1378 2058 1846 2129; x_wconf 76' lang='grc' dir='ltr'>ὲμπέπλησται,ή</span> <span class='ocrx_word' id='word_1_139' title='bbox 1886 2057 1943 2111; x_wconf 88' lang='grc' dir='ltr'>δέ</span> <span class='ocrx_word' id='word_1_140' title='bbox 1985 2059 2133 2111; x_wconf 78' lang='grc' dir='ltr'>ἐστιν</span> 
     </span>
    </p>
   </div>
   <div class='ocr_carea' id='block_1_20' title="bbox 553 2151 2133 2225">
    <p class='ocr_par' dir='ltr' id='par_1_20' title="bbox 553 2151 2133 2225">
     <span class='ocr_line' id='line_1_20' title="bbox 553 2151 2133 2225; baseline 0.003 -22"><span class='ocrx_word' id='word_1_141' title='bbox 553 2151 902 2221; x_wconf 87' lang='grc' dir='ltr'>ἀσώματος),</span> <span class='ocrx_word' id='word_1_142' title='bbox 934 2152 1019 2207; x_wconf 83' lang='grc' dir='ltr'>ἴνα</span> <span class='ocrx_word' id='word_1_143' title='bbox 1055 2154 1132 2224; x_wconf 81' lang='grc' dir='ltr'>μή</span> <span class='ocrx_word' id='word_1_144' title='bbox 1164 2170 1247 2218; x_wconf 85' lang='grc' dir='ltr'>τις</span> <span class='ocrx_word' id='word_1_145' title='bbox 1289 2156 1354 2208; x_wconf 78' lang='grc' dir='ltr'>ἐκ</span> <span class='ocrx_word' id='word_1_146' title='bbox 1384 2155 1481 2225; x_wconf 85' lang='grc' dir='ltr'>τῆς</span> <span class='ocrx_word' id='word_1_147' title='bbox 1525 2154 1787 2224; x_wconf 80' lang='grc' dir='ltr'>διαφορᾶς</span> <span class='ocrx_word' id='word_1_148' title='bbox 1818 2153 1923 2206; x_wconf 89' lang='grc' dir='ltr'>τῶν</span> <span class='ocrx_word' id='word_1_149' title='bbox 1956 2153 2133 2224; x_wconf 77' lang='grc' dir='ltr'>ἔργων</span> 
     </span>
    </p>
   </div>
   <div class='ocr_carea' id='block_1_21' title="bbox 554 2247 2137 2323">
    <p class='ocr_par' dir='ltr' id='par_1_21' title="bbox 554 2247 2137 2323">
     <span class='ocr_line' id='line_1_21' title="bbox 554 2247 2137 2323; baseline 0.004 -23"><span class='ocrx_word' id='word_1_150' title='bbox 554 2247 845 2319; x_wconf 82' lang='grc' dir='ltr'>διαφόρους</span> <span class='ocrx_word' id='word_1_151' title='bbox 872 2249 1235 2321; x_wconf 80' lang='grc' dir='ltr'>δημιουργοὺς</span> <span class='ocrx_word' id='word_1_152' title='bbox 1276 2251 1634 2323; x_wconf 77' lang='grc' dir='ltr'>ἑπεισαγάγῃ,</span> <span class='ocrx_word' id='word_1_153' title='bbox 1676 2252 1774 2306; x_wconf 69' lang='grc' dir='ltr'>ἕνα</span> <span class='ocrx_word' id='word_1_154' title='bbox 1799 2252 1958 2323; x_wconf 82' lang='grc' dir='ltr'>χορὸν</span> <span class='ocrx_word' id='word_1_155' title='bbox 1986 2253 2137 2323; x_wconf 83' lang='grc' dir='ltr'>ἵστη-</span> 
     </span>
    </p>
   </div>
   <div class='ocr_carea' id='block_1_22' title="bbox 556 2345 2132 2422">
    <p class='ocr_par' dir='ltr' id='par_1_22' title="bbox 556 2345 2132 2422">
     <span class='ocr_line' id='line_1_22' title="bbox 556 2345 2132 2422; baseline 0.004 -26"><span class='ocrx_word' id='word_1_156' title='bbox 556 2362 661 2410; x_wconf 87' lang='grc' dir='ltr'>σιν,</span> <span class='ocrx_word' id='word_1_157' title='bbox 696 2345 757 2411; x_wconf 83' lang='grc' dir='ltr'>ὲξ</span> <span class='ocrx_word' id='word_1_158' title='bbox 793 2346 1046 2401; x_wconf 83' lang='grc' dir='ltr'>ἁπάντων</span> <span class='ocrx_word' id='word_1_159' title='bbox 1078 2348 1208 2418; x_wconf 88' lang='grc' dir='ltr'>μίαν</span> <span class='ocrx_word' id='word_1_160' title='bbox 1249 2348 1469 2417; x_wconf 80' lang='grc' dir='ltr'>ἀνάγων</span> <span class='ocrx_word' id='word_1_161' title='bbox 1515 2348 1664 2420; x_wconf 85' lang='grc' dir='ltr'>αὐτῷ</span> <span class='ocrx_word' id='word_1_162' title='bbox 1699 2349 1799 2421; x_wconf 81' lang='grc' dir='ltr'>τὴν</span> <span class='ocrx_word' id='word_1_163' title='bbox 1843 2349 2132 2422; x_wconf 82' lang='grc' dir='ltr'>μελῳδίαν,</span> 
     </span>
    </p>
   </div>
   <div class='ocr_carea' id='block_1_23' title="bbox 556 2443 2137 2518">
    <p class='ocr_par' dir='ltr' id='par_1_23' title="bbox 556 2443 2137 2518">
     <span class='ocr_line' id='line_1_23' title="bbox 556 2443 2137 2518; baseline 0.004 -23"><span class='ocrx_word' id='word_1_164' title='bbox 556 2444 651 2496; x_wconf 82' lang='grc' dir='ltr'>καὶ</span> <span class='ocrx_word' id='word_1_165' title='bbox 674 2443 765 2498; x_wconf 84' lang='grc' dir='ltr'>τὸν</span> <span class='ocrx_word' id='word_1_166' title='bbox 792 2443 954 2499; x_wconf 82' lang='grc' dir='ltr'>αὐτὸν</span> <span class='ocrx_word' id='word_1_167' title='bbox 982 2445 1155 2514; x_wconf 84' lang='grc' dir='ltr'>λέγων</span> <span class='ocrx_word' id='word_1_168' title='bbox 1185 2447 1294 2501; x_wconf 84' lang='grc' dir='ltr'>δεῖν</span> <span class='ocrx_word' id='word_1_169' title='bbox 1319 2447 1424 2500; x_wconf 88' lang='grc' dir='ltr'>ὐπό</span> <span class='ocrx_word' id='word_1_170' title='bbox 1446 2464 1505 2500; x_wconf 85' lang='grc' dir='ltr'>τε</span> <span class='ocrx_word' id='word_1_171' title='bbox 1528 2447 1629 2517; x_wconf 85' lang='grc' dir='ltr'>τῆς</span> <span class='ocrx_word' id='word_1_172' title='bbox 1655 2447 1788 2511; x_wconf 80' lang='grc' dir='ltr'>ἀνω,</span> <span class='ocrx_word' id='word_1_173' title='bbox 1819 2448 1924 2500; x_wconf 81' lang='grc' dir='ltr'>ύπό</span> <span class='ocrx_word' id='word_1_174' title='bbox 1948 2465 2009 2501; x_wconf 87' lang='grc' dir='ltr'>τε</span> <span class='ocrx_word' id='word_1_175' title='bbox 2039 2447 2137 2518; x_wconf 84' lang='grc' dir='ltr'>τῆς</span> 
     </span>
    </p>
   </div>
   <div class='ocr_carea' id='block_1_24' title="bbox 556 2539 2134 2615">
    <p class='ocr_par' dir='ltr' id='par_1_24' title="bbox 556 2539 2134 2615">
     <span class='ocr_line' id='line_1_24' title="bbox 556 2539 2134 2615; baseline 0.003 -24"><span class='ocrx_word' id='word_1_176' title='bbox 556 2539 708 2593; x_wconf 75' lang='grc' dir='ltr'>κάτω</span> <span class='ocrx_word' id='word_1_177' title='bbox 730 2540 963 2606; x_wconf 74' lang='grc' dir='ltr'>κτίσεως</span> <span class='ocrx_word' id='word_1_178' title='bbox 986 2543 1340 2614; x_wconf 84' lang='grc' dir='ltr'>ἀνυμνεῖσθαι</span> <span class='ocrx_word' id='word_1_179' title='bbox 1368 2544 1523 2607; x_wconf 85' lang='grc' dir='ltr'>Θεὸν,</span> <span class='ocrx_word' id='word_1_180' title='bbox 1550 2543 1726 2615; x_wconf 86' lang='grc' dir='ltr'>δηλῶν</span> <span class='ocrx_word' id='word_1_181' title='bbox 1746 2544 1839 2597; x_wconf 72' lang='grc' dir='ltr'>καὶ</span> <span class='ocrx_word' id='word_1_182' title='bbox 1866 2541 2134 2606; x_wconf 72' lang='grc' dir='ltr'>ἐντεῦθεν,</span> 
     </span>
    </p>
   </div>
   <div class='ocr_carea' id='block_1_25' title="bbox 556 2630 2139 2712">
    <p class='ocr_par' dir='ltr' id='par_1_25' title="bbox 556 2630 2139 2712">
     <span class='ocr_line' id='line_1_25' title="bbox 556 2630 2139 2712; baseline 0.001 -22"><span class='ocrx_word' id='word_1_183' title='bbox 556 2639 640 2690; x_wconf 80' lang='grc' dir='ltr'>ὅτι</span> <span class='ocrx_word' id='word_1_184' title='bbox 674 2630 754 2699; x_wconf 72' lang='grc' dir='ltr'>εἷς</span> <span class='ocrx_word' id='word_1_185' title='bbox 786 2638 1053 2710; x_wconf 80' lang='grc' dir='ltr'>ἑκατέρας</span> <span class='ocrx_word' id='word_1_186' title='bbox 1074 2641 1102 2694; x_wconf 98' lang='lat'>6</span> <span class='ocrx_word' id='word_1_187' title='bbox 1132 2639 1484 2712; x_wconf 87' lang='grc' dir='ltr'>δημιουργός.</span> <span class='ocrx_word' id='word_1_188' title='bbox 1509 2641 1618 2694; x_wconf 80' lang='lat' dir='ltr'><strong><em>Kal</em></strong></span> <span class='ocrx_word' id='word_1_189' title='bbox 1644 2640 1907 2711; x_wconf 89' lang='grc' dir='ltr'>πρότερον</span> <span class='ocrx_word' id='word_1_190' title='bbox 1933 2640 2139 2695; x_wconf 78' lang='grc' dir='ltr'>ἄνωθεν</span> 
     </span>
    </p>
   </div>
   <div class='ocr_carea' id='block_1_26' title="bbox 558 2732 2138 2807">
    <p class='ocr_par' dir='ltr' id='par_1_26' title="bbox 558 2732 2138 2807">
     <span class='ocr_line' id='line_1_26' title="bbox 558 2732 2138 2807; baseline 0.003 -23"><span class='ocrx_word' id='word_1_191' title='bbox 558 2732 805 2802; x_wconf 82' lang='grc' dir='ltr'>ἄρχεται,</span> <span class='ocrx_word' id='word_1_192' title='bbox 836 2733 1036 2803; x_wconf 89' lang='grc' dir='ltr'>λέγων·</span> <span class='ocrx_word' id='word_1_193' title='bbox 1070 2737 1298 2791; x_wconf 80' lang='grc' dir='ltr'>Λῖνεῖτε</span> <span class='ocrx_word' id='word_1_194' title='bbox 1328 2737 1533 2803; x_wconf 83' lang='grc' dir='ltr'>αὐτὸν,</span> <span class='ocrx_word' id='word_1_195' title='bbox 1559 2736 1778 2803; x_wconf 78' lang='grc' dir='ltr'>πάντες</span> <span class='ocrx_word' id='word_1_196' title='bbox 1814 2739 1869 2791; x_wconf 82' lang='grc' dir='ltr'>οι</span> <span class='ocrx_word' id='word_1_197' title='bbox 1896 2735 2138 2807; x_wconf 77' lang='grc' dir='ltr'>ἄγγελοι</span> 
     </span>
    </p>
   </div>
   <div class='ocr_carea' id='block_1_27' title="bbox 558 2829 2133 2903">
    <p class='ocr_par' dir='ltr' id='par_1_27' title="bbox 558 2829 2133 2903">
     <span class='ocr_line' id='line_1_27' title="bbox 558 2829 2133 2903; baseline 0.003 -23"><span class='ocrx_word' id='word_1_198' title='bbox 558 2829 745 2883; x_wconf 83' lang='grc' dir='ltr'>αὐτοῦ</span> <span class='ocrx_word' id='word_1_199' title='bbox 765 2846 778 2862; x_wconf 88' lang='grc'>·</span> <span class='ocrx_word' id='word_1_200' title='bbox 810 2831 1027 2884; x_wconf 81' lang='grc' dir='ltr'>αίνεῖτε</span> <span class='ocrx_word' id='word_1_201' title='bbox 1059 2833 1267 2897; x_wconf 82' lang='grc' dir='ltr'>αὐτὸν,</span> <span class='ocrx_word' id='word_1_202' title='bbox 1299 2832 1488 2887; x_wconf 82' lang='grc' dir='ltr'>πᾶσαι</span> <span class='ocrx_word' id='word_1_203' title='bbox 1520 2837 1580 2889; x_wconf 83' lang='grc' dir='ltr'>αἱ</span> <span class='ocrx_word' id='word_1_204' title='bbox 1611 2832 1898 2903; x_wconf 84' lang='grc' dir='ltr'>δυνάμεις</span> <span class='ocrx_word' id='word_1_205' title='bbox 1928 2831 2133 2886; x_wconf 85' lang='grc' dir='ltr'>αὐτοῦ.</span> 
     </span>
    </p>
   </div>
   <div class='ocr_carea' id='block_1_28' title="bbox 562 2926 2140 3001">
    <p class='ocr_par' dir='ltr' id='par_1_28' title="bbox 562 2926 2140 3001">
     <span class='ocr_line' id='line_1_28' title="bbox 562 2926 2140 3001; baseline 0.001 -21"><span class='ocrx_word' id='word_1_206' title='bbox 562 2926 808 2998; x_wconf 85' lang='grc' dir='ltr'>Ἕτερος,</span> <span class='ocrx_word' id='word_1_207' title='bbox 835 2926 1033 2984; x_wconf 82' lang='grc' dir='ltr'>Πᾶσαι</span> <span class='ocrx_word' id='word_1_208' title='bbox 1058 2931 1120 2982; x_wconf 79' lang='lat' dir='ltr'>al</span> <span class='ocrx_word' id='word_1_209' title='bbox 1163 2930 1439 2998; x_wconf 79' lang='grc' dir='ltr'>στρατιαὶ</span> <span class='ocrx_word' id='word_1_210' title='bbox 1484 2930 1670 2984; x_wconf 85' lang='grc' dir='ltr'>αὐτοῦ</span> <span class='ocrx_word' id='word_1_211' title='bbox 1691 2947 1705 2962; x_wconf 93' lang='grc'>·</span> <span class='ocrx_word' id='word_1_212' title='bbox 1747 2931 1818 2984; x_wconf 88' lang='grc' dir='ltr'>τά</span> <span class='ocrx_word' id='word_1_213' title='bbox 1859 2930 2140 3001; x_wconf 76' lang='grc' dir='ltr'>Χερουϐὶμ</span> 
     </span>
    </p>
   </div>
   <div class='ocr_carea' id='block_1_29' title="bbox 559 3025 2141 3101">
    <p class='ocr_par' dir='ltr' id='par_1_29' title="bbox 559 3025 2141 3101">
     <span class='ocr_line' id='line_1_29' title="bbox 559 3025 2141 3101; baseline 0.002 -23"><span class='ocrx_word' id='word_1_214' title='bbox 559 3026 754 3095; x_wconf 85' lang='grc' dir='ltr'>λέγων,</span> <span class='ocrx_word' id='word_1_215' title='bbox 777 3026 846 3080; x_wconf 81' lang='grc' dir='ltr'>τὰ</span> <span class='ocrx_word' id='word_1_216' title='bbox 869 3025 1140 3097; x_wconf 77' lang='grc' dir='ltr'>Σεραφὶμ,</span> <span class='ocrx_word' id='word_1_217' title='bbox 1168 3029 1263 3091; x_wconf 87' lang='grc' dir='ltr'>τάς</span> <span class='ocrx_word' id='word_1_218' title='bbox 1291 3025 1646 3098; x_wconf 83' lang='grc' dir='ltr'>Κυριότητας,</span> <span class='ocrx_word' id='word_1_219' title='bbox 1668 3027 1768 3091; x_wconf 81' lang='grc' dir='ltr'>τὰς</span> <span class='ocrx_word' id='word_1_220' title='bbox 1801 3028 2019 3101; x_wconf 72' lang='grc' dir='ltr'>Ἀρχὰς,</span> <span class='ocrx_word' id='word_1_221' title='bbox 2044 3028 2141 3092; x_wconf 77' lang='grc' dir='ltr'>τὰς</span> 
     </span>
    </p>
   </div>
   <div class='ocr_carea' id='block_1_30' title="bbox 574 3121 2143 3197">
    <p class='ocr_par' dir='ltr' id='par_1_30' title="bbox 574 3121 2143 3197">
     <span class='ocr_line' id='line_1_30' title="bbox 574 3121 2143 3197; baseline 0.001 -22"><span class='ocrx_word' id='word_1_222' title='bbox 574 3122 870 3186; x_wconf 80' lang='grc' dir='ltr'>Ἐξουσίας.</span> <span class='ocrx_word' id='word_1_223' title='bbox 900 3122 1073 3175; x_wconf 80' lang='grc' dir='ltr'>Τοῦτο</span> <span class='ocrx_word' id='word_1_224' title='bbox 1104 3121 1310 3197; x_wconf 87' lang='grc' dir='ltr'>σφόδρα</span> <span class='ocrx_word' id='word_1_225' title='bbox 1356 3124 1720 3194; x_wconf 68' lang='grc' dir='ltr'>ἐκκαιομένης</span> <span class='ocrx_word' id='word_1_226' title='bbox 1751 3124 1954 3194; x_wconf 78' lang='grc' dir='ltr'>ψυχῆς,</span> <span class='ocrx_word' id='word_1_227' title='bbox 1984 3123 2143 3177; x_wconf 83' lang='grc' dir='ltr'>τοῦτο</span> 
     </span>
    </p>
   </div>
   <div class='ocr_carea' id='block_1_31' title="bbox 561 3199 2142 3292">
    <p class='ocr_par' dir='ltr' id='par_1_31' title="bbox 561 3199 2142 3292">
     <span class='ocr_line' id='line_1_31' title="bbox 561 3199 2142 3292; baseline 0.003 -22"><span class='ocrx_word' id='word_1_228' title='bbox 561 3217 784 3289; x_wconf 80' lang='grc' dir='ltr'>φίλτρου</span> <span class='ocrx_word' id='word_1_229' title='bbox 811 3219 1232 3289; x_wconf 82' lang='grc' dir='ltr'>πεπυρωμένου,</span> <span class='ocrx_word' id='word_1_230' title='bbox 1257 3219 1320 3273; x_wconf 79' lang='grc' dir='ltr'>τὸ</span> <span class='ocrx_word' id='word_1_231' title='bbox 1340 3221 1549 3283; x_wconf 86' lang='grc' dir='ltr'>πάντας</span> <span class='ocrx_word' id='word_1_232' title='bbox 1576 3220 1862 3291; x_wconf 76' lang='grc' dir='ltr'>διεγείρειν</span> <span class='ocrx_word' id='word_1_233' title='bbox 1881 3220 2018 3292; x_wconf 84' lang='grc' dir='ltr'>πρὸς</span> <span class='ocrx_word' id='word_1_234' title='bbox 2043 3199 2142 3292; x_wconf 78' lang='grc' dir='ltr'>τὴν</span> 
     </span>
    </p>
   </div>
   <div class='ocr_carea' id='block_1_32' title="bbox 565 3313 2141 3388">
    <p class='ocr_par' dir='ltr' id='par_1_32' title="bbox 565 3313 2141 3388">
     <span class='ocr_line' id='line_1_32' title="bbox 565 3313 2141 3388; baseline 0.003 -23"><span class='ocrx_word' id='word_1_235' title='bbox 565 3315 841 3385; x_wconf 80' lang='grc' dir='ltr'>εὐφημίαν</span> <span class='ocrx_word' id='word_1_236' title='bbox 866 3313 963 3368; x_wconf 85' lang='grc' dir='ltr'>τοῦ</span> <span class='ocrx_word' id='word_1_237' title='bbox 995 3314 1330 3387; x_wconf 81' lang='grc' dir='ltr'>ποθουμένου</span> <span class='ocrx_word' id='word_1_238' title='bbox 1349 3331 1363 3343; x_wconf 90' lang='grc'>·</span> <span class='ocrx_word' id='word_1_239' title='bbox 1403 3316 1563 3369; x_wconf 82' lang='grc' dir='ltr'>τοῦτο</span> <span class='ocrx_word' id='word_1_240' title='bbox 1596 3314 1835 3387; x_wconf 85' lang='grc' dir='ltr'>συνεχῶς</span> <span class='ocrx_word' id='word_1_241' title='bbox 1863 3314 2141 3388; x_wconf 73' lang='grc' dir='ltr'>ἐντρυφώ-</span> 
     </span>
    </p>
   </div>
   <div class='ocr_carea' id='block_1_33' title="bbox 567 3404 2140 3489">
    <p class='ocr_par' dir='ltr' id='par_1_33' title="bbox 567 3404 2140 3489">
     <span class='ocr_line' id='line_1_33' title="bbox 567 3404 2140 3489; baseline 0.004 -24"><span class='ocrx_word' id='word_1_242' title='bbox 567 3430 667 3484; x_wconf 88' lang='grc' dir='ltr'>σης</span> <span class='ocrx_word' id='word_1_243' title='bbox 686 3404 925 3477; x_wconf 74' lang='grc' dir='ltr'>διανοίας</span> <span class='ocrx_word' id='word_1_244' title='bbox 945 3416 1012 3485; x_wconf 81' lang='grc' dir='ltr'>τῇ</span> <span class='ocrx_word' id='word_1_245' title='bbox 1039 3415 1279 3486; x_wconf 77' lang='grc' dir='ltr'>περὶτοῦ</span> <span class='ocrx_word' id='word_1_246' title='bbox 1304 3406 1440 3469; x_wconf 80' lang='grc' dir='ltr'>Θεοῦ</span> <span class='ocrx_word' id='word_1_247' title='bbox 1465 3416 1662 3488; x_wconf 74' lang='grc' dir='ltr'>ἐννοίᾳ,</span> <span class='ocrx_word' id='word_1_248' title='bbox 1681 3416 2140 3489; x_wconf 79' lang='grc' dir='ltr'>ἐκπληττομένης,</span> 
     </span>
    </p>
   </div>
   <div class='ocr_carea' id='block_1_34' title="bbox 566 3510 2140 3588">
    <p class='ocr_par' dir='ltr' id='par_1_34' title="bbox 566 3510 2140 3588">
     <span class='ocr_line' id='line_1_34' title="bbox 566 3510 2140 3588; baseline 0.004 -24"><span class='ocrx_word' id='word_1_249' title='bbox 566 3510 953 3582; x_wconf 79' lang='grc' dir='ltr'>θαυμαζούσης</span> <span class='ocrx_word' id='word_1_250' title='bbox 982 3513 1081 3583; x_wconf 86' lang='grc' dir='ltr'>τὴν</span> <span class='ocrx_word' id='word_1_251' title='bbox 1125 3511 1283 3578; x_wconf 81' lang='grc' dir='ltr'>δόξαν</span> <span class='ocrx_word' id='word_1_252' title='bbox 1326 3514 1527 3579; x_wconf 84' lang='grc' dir='ltr'>αὐτοῦ,</span> <span class='ocrx_word' id='word_1_253' title='bbox 1560 3516 1925 3588; x_wconf 83' lang='grc' dir='ltr'>ἀνακειμένης</span> <span class='ocrx_word' id='word_1_254' title='bbox 1972 3516 2140 3587; x_wconf 83' lang='grc' dir='ltr'>αὐτῷ.</span> 
     </span>
    </p>
   </div>
   <div class='ocr_carea' id='block_1_35' title="bbox 566 3608 2140 3681">
    <p class='ocr_par' dir='ltr' id='par_1_35' title="bbox 566 3608 2140 3681">
     <span class='ocr_line' id='line_1_35' title="bbox 566 3608 2140 3681; baseline 0.001 -17"><span class='ocrx_word' id='word_1_255' title='bbox 566 3609 793 3664; x_wconf 77' lang='grc' dir='ltr'>Αινεῖτε</span> <span class='ocrx_word' id='word_1_256' title='bbox 816 3609 1022 3675; x_wconf 85' lang='grc' dir='ltr'>αὑτὸν,</span> <span class='ocrx_word' id='word_1_257' title='bbox 1055 3608 1228 3678; x_wconf 82' lang='grc' dir='ltr'>ἣλιος</span> <span class='ocrx_word' id='word_1_258' title='bbox 1256 3611 1355 3664; x_wconf 78' lang='grc' dir='ltr'>καὶ</span> <span class='ocrx_word' id='word_1_259' title='bbox 1384 3611 1618 3681; x_wconf 81' lang='grc' dir='ltr'>σελήνη</span> <span class='ocrx_word' id='word_1_260' title='bbox 1648 3629 1661 3642; x_wconf 91' lang='grc'>·</span> <span class='ocrx_word' id='word_1_261' title='bbox 1687 3611 1906 3667; x_wconf 83' lang='grc' dir='ltr'>αίνεῗτε</span> <span class='ocrx_word' id='word_1_262' title='bbox 1936 3611 2140 3680; x_wconf 81' lang='grc' dir='ltr'>αὑτὸν,</span> 
     </span>
    </p>
   </div>
   <div class='ocr_carea' id='block_1_36' title="bbox 567 3704 2149 3779">
    <p class='ocr_par' dir='ltr' id='par_1_36' title="bbox 567 3704 2149 3779">
     <span class='ocr_line' id='line_1_36' title="bbox 567 3704 2149 3779; baseline 0.002 -21"><span class='ocrx_word' id='word_1_263' title='bbox 567 3704 768 3759; x_wconf 78' lang='grc' dir='ltr'>πάντα</span> <span class='ocrx_word' id='word_1_264' title='bbox 816 3705 888 3760; x_wconf 85' lang='grc' dir='ltr'>τὰ</span> <span class='ocrx_word' id='word_1_265' title='bbox 932 3707 1126 3776; x_wconf 80' lang='grc' dir='ltr'>ἄστρα</span> <span class='ocrx_word' id='word_1_266' title='bbox 1155 3708 1253 3762; x_wconf 74' lang='grc' dir='ltr'>καὶ</span> <span class='ocrx_word' id='word_1_267' title='bbox 1297 3707 1361 3761; x_wconf 90' lang='grc' dir='ltr'>τὸ</span> <span class='ocrx_word' id='word_1_268' title='bbox 1405 3706 1551 3778; x_wconf 69' lang='grc' dir='ltr'>φῶς.</span> <span class='ocrx_word' id='word_1_269' title='bbox 1593 3707 1844 3779; x_wconf 82' lang='grc' dir='ltr'>Ἕτερος,</span> <span class='ocrx_word' id='word_1_270' title='bbox 1884 3707 2149 3775; x_wconf 79' lang='grc' dir='ltr'>Ἀστέρες</span> 
     </span>
    </p>
   </div>
   <div class='ocr_carea' id='block_1_37' title="bbox 568 3792 2149 3873">
    <p class='ocr_par' dir='ltr' id='par_1_37' title="bbox 568 3792 2149 3873">
     <span class='ocr_line' id='line_1_37' title="bbox 568 3792 2149 3873; baseline 0.003 -20"><span class='ocrx_word' id='word_1_271' title='bbox 568 3800 783 3870; x_wconf 68' lang='grc' dir='ltr'>φωτός.</span> <span class='ocrx_word' id='word_1_272' title='bbox 838 3801 1069 3857; x_wconf 76' lang='grc' dir='ltr'>Αἰνεῖτε</span> <span class='ocrx_word' id='word_1_273' title='bbox 1126 3803 1313 3859; x_wconf 83' lang='grc' dir='ltr'>αὐτὸν</span> <span class='ocrx_word' id='word_1_274' title='bbox 1333 3844 1349 3870; x_wconf 97' lang='grc'>,</span> <span class='ocrx_word' id='word_1_275' title='bbox 1398 3807 1453 3858; x_wconf 83' lang='grc' dir='ltr'>οί</span> <span class='ocrx_word' id='word_1_276' title='bbox 1497 3792 1743 3872; x_wconf 78' lang='grc' dir='ltr'>οὐρανοὶ</span> <span class='ocrx_word' id='word_1_277' title='bbox 1798 3803 1916 3857; x_wconf 86' lang='grc' dir='ltr'>τῶν</span> <span class='ocrx_word' id='word_1_278' title='bbox 1968 3807 2149 3873; x_wconf 86' lang='grc' dir='ltr'>οὐρα-</span> 
     </span>
    </p>
   </div>
   <div class='ocr_carea' id='block_1_38' title="bbox 569 3899 2150 3971">
    <p class='ocr_par' dir='ltr' id='par_1_38' title="bbox 569 3899 2150 3971">
     <span class='ocr_line' id='line_1_38' title="bbox 569 3899 2150 3971; baseline 0.002 -19"><span class='ocrx_word' id='word_1_279' title='bbox 569 3900 692 3955; x_wconf 76' lang='grc' dir='ltr'>νῶν</span> <span class='ocrx_word' id='word_1_280' title='bbox 709 3917 725 3934; x_wconf 88' lang='grc'>·</span> <span class='ocrx_word' id='word_1_281' title='bbox 757 3901 854 3955; x_wconf 78' lang='grc' dir='ltr'>καὶ</span> <span class='ocrx_word' id='word_1_282' title='bbox 890 3900 957 3955; x_wconf 82' lang='grc' dir='ltr'>τὸ</span> <span class='ocrx_word' id='word_1_283' title='bbox 986 3900 1144 3971; x_wconf 77' lang='grc' dir='ltr'>ὕδωρ</span> <span class='ocrx_word' id='word_1_284' title='bbox 1172 3901 1240 3955; x_wconf 82' lang='grc' dir='ltr'>τὸ</span> <span class='ocrx_word' id='word_1_285' title='bbox 1268 3900 1542 3971; x_wconf 72' lang='grc' dir='ltr'>ὑπεράνω</span> <span class='ocrx_word' id='word_1_286' title='bbox 1556 3901 1674 3957; x_wconf 88' lang='grc' dir='ltr'>τῶν</span> <span class='ocrx_word' id='word_1_287' title='bbox 1690 3899 1966 3971; x_wconf 81' lang='grc' dir='ltr'>οὐρανῶν</span> <span class='ocrx_word' id='word_1_288' title='bbox 1994 3904 2150 3956; x_wconf 73' lang='lat' dir='ltr'><strong><em>alre-</em></strong></span> 
     </span>
    </p>
   </div>
   <div class='ocr_carea' id='block_1_39' title="bbox 568 3994 2151 4068">
    <p class='ocr_par' dir='ltr' id='par_1_39' title="bbox 568 3994 2151 4068">
     <span class='ocr_line' id='line_1_39' title="bbox 568 3994 2151 4068; baseline -0.001 -17"><span class='ocrx_word' id='word_1_289' title='bbox 568 3998 855 4052; x_wconf 83' lang='grc' dir='ltr'>σάτωσαν</span> <span class='ocrx_word' id='word_1_290' title='bbox 885 3997 950 4052; x_wconf 84' lang='grc' dir='ltr'>τὸ</span> <span class='ocrx_word' id='word_1_291' title='bbox 994 3997 1185 4068; x_wconf 82' lang='grc' dir='ltr'>ὄνομα</span> <span class='ocrx_word' id='word_1_292' title='bbox 1212 3999 1454 4067; x_wconf 81' lang='grc' dir='ltr'>Κυρίου.</span> <span class='ocrx_word' id='word_1_293' title='bbox 1483 3998 1612 4053; x_wconf 75' lang='grc' dir='ltr'>Ὀτι</span> <span class='ocrx_word' id='word_1_294' title='bbox 1648 3997 1831 4065; x_wconf 86' lang='grc' dir='ltr'>αὐτὸς</span> <span class='ocrx_word' id='word_1_295' title='bbox 1868 3994 2018 4064; x_wconf 76' lang='grc' dir='ltr'>εἶπε,</span> <span class='ocrx_word' id='word_1_296' title='bbox 2052 3996 2151 4051; x_wconf 79' lang='grc' dir='ltr'>καί</span> 
     </span>
    </p>
   </div>
   <div class='ocr_carea' id='block_1_40' title="bbox 570 4093 2151 4168">
    <p class='ocr_par' dir='ltr' id='par_1_40' title="bbox 570 4093 2151 4168">
     <span class='ocr_line' id='line_1_40' title="bbox 570 4093 2151 4168; baseline 0.001 -22"><span class='ocrx_word' id='word_1_297' title='bbox 570 4094 977 4165; x_wconf 73' lang='grc' dir='ltr'>ἐγενήθησαν·</span> <span class='ocrx_word' id='word_1_298' title='bbox 1014 4094 1199 4163; x_wconf 86' lang='grc' dir='ltr'>αὐτὸς</span> <span class='ocrx_word' id='word_1_299' title='bbox 1242 4094 1394 4168; x_wconf 69' lang='grc'><strong>[490]</strong></span> <span class='ocrx_word' id='word_1_300' title='bbox 1438 4095 1810 4162; x_wconf 80' lang='grc' dir='ltr'>ἐνετείλατο,</span> <span class='ocrx_word' id='word_1_301' title='bbox 1857 4093 1957 4147; x_wconf 75' lang='grc' dir='ltr'>καί</span> <span class='ocrx_word' id='word_1_302' title='bbox 1995 4093 2151 4147; x_wconf 76' lang='grc' dir='ltr'>ἐκτί-</span> 
     </span>
    </p>
   </div>
   <div class='ocr_carea' id='block_1_41' title="bbox 572 4188 2152 4262">
    <p class='ocr_par' dir='ltr' id='par_1_41' title="bbox 572 4188 2152 4262">
     <span class='ocr_line' id='line_1_41' title="bbox 572 4188 2152 4262; baseline -0.003 -14"><span class='ocrx_word' id='word_1_303' title='bbox 572 4197 833 4261; x_wconf 88' lang='grc' dir='ltr'>σθησαν.</span> <span class='ocrx_word' id='word_1_304' title='bbox 880 4194 1189 4262; x_wconf 84' lang='grc' dir='ltr'>Ἕστησεν</span> <span class='ocrx_word' id='word_1_305' title='bbox 1220 4196 1374 4248; x_wconf 78' lang='grc' dir='ltr'>αὐτὰ</span> <span class='ocrx_word' id='word_1_306' title='bbox 1411 4194 1498 4258; x_wconf 78' lang='grc' dir='ltr'>εἰς</span> <span class='ocrx_word' id='word_1_307' title='bbox 1528 4188 1641 4246; x_wconf 75' lang='grc' dir='ltr'>τὸν</span> <span class='ocrx_word' id='word_1_308' title='bbox 1682 4189 1888 4255; x_wconf 74' lang='grc' dir='ltr'>αἰῶνα,</span> <span class='ocrx_word' id='word_1_309' title='bbox 1918 4189 2020 4245; x_wconf 73' lang='grc' dir='ltr'>καί</span> <span class='ocrx_word' id='word_1_310' title='bbox 2064 4191 2152 4257; x_wconf 83' lang='grc' dir='ltr'>είς</span> 
     </span>
    </p>
   </div>
   <div class='ocr_carea' id='block_1_42' title="bbox 573 4288 2154 4359">
    <p class='ocr_par' dir='ltr' id='par_1_42' title="bbox 573 4288 2154 4359">
     <span class='ocr_line' id='line_1_42' title="bbox 573 4288 2154 4359; baseline -0.003 -14"><span class='ocrx_word' id='word_1_311' title='bbox 573 4293 680 4346; x_wconf 82' lang='grc' dir='ltr'>τὸν</span> <span class='ocrx_word' id='word_1_312' title='bbox 703 4292 889 4346; x_wconf 85' lang='grc' dir='ltr'>αίῶνα</span> <span class='ocrx_word' id='word_1_313' title='bbox 911 4292 1018 4346; x_wconf 89' lang='grc' dir='ltr'>τοῦ</span> <span class='ocrx_word' id='word_1_314' title='bbox 1041 4292 1275 4359; x_wconf 70' lang='grc' dir='ltr'>αἰῶνος.</span> <span class='ocrx_word' id='word_1_315' title='bbox 1301 4292 1516 4357; x_wconf 72' lang='grc' dir='ltr'>Ἄλλος,</span> <span class='ocrx_word' id='word_1_316' title='bbox 1538 4291 1841 4358; x_wconf 79' lang='grc' dir='ltr'>Ἕστησεν</span> <span class='ocrx_word' id='word_1_317' title='bbox 1863 4288 2015 4342; x_wconf 82' lang='grc' dir='ltr'>αὐτὰ</span> <span class='ocrx_word' id='word_1_318' title='bbox 2036 4288 2154 4341; x_wconf 87' lang='grc' dir='ltr'>δια-</span> 
     </span>
    </p>
   </div>
   <div class='ocr_carea' id='block_1_43' title="bbox 569 4385 2155 4459">
    <p class='ocr_par' dir='ltr' id='par_1_43' title="bbox 569 4385 2155 4459">
     <span class='ocr_line' id='line_1_43' title="bbox 569 4385 2155 4459; baseline -0.003 -17"><span class='ocrx_word' id='word_1_319' title='bbox 569 4389 776 4457; x_wconf 73' lang='grc' dir='ltr'>μένειν</span> <span class='ocrx_word' id='word_1_320' title='bbox 816 4389 1085 4455; x_wconf 81' lang='grc' dir='ltr'>ιιίωνίως.</span> <span class='ocrx_word' id='word_1_321' title='bbox 1133 4390 1491 4459; x_wconf 76' lang='grc' dir='ltr'>Πρόσταγμα</span> <span class='ocrx_word' id='word_1_322' title='bbox 1517 4387 1720 4451; x_wconf 71' lang='grc' dir='ltr'>ἔθετο,</span> <span class='ocrx_word' id='word_1_323' title='bbox 1759 4385 1859 4441; x_wconf 75' lang='grc' dir='ltr'>καὶ</span> <span class='ocrx_word' id='word_1_324' title='bbox 1905 4386 1977 4439; x_wconf 84' lang='grc' dir='ltr'>οὐ</span> <span class='ocrx_word' id='word_1_325' title='bbox 2016 4401 2155 4455; x_wconf 84' lang='grc' dir='ltr'>παρ-</span> 
     </span>
    </p>
   </div>
   <div class='ocr_carea' id='block_1_44' title="bbox 574 4483 2154 4559">
    <p class='ocr_par' dir='ltr' id='par_1_44' title="bbox 574 4483 2154 4559">
     <span class='ocr_line' id='line_1_44' title="bbox 574 4483 2154 4559; baseline -0.003 -18"><span class='ocrx_word' id='word_1_326' title='bbox 574 4488 910 4543; x_wconf 82' lang='grc' dir='ltr'>ελεύσεται.</span> <span class='ocrx_word' id='word_1_327' title='bbox 952 4487 1108 4549; x_wconf 88' lang='grc' dir='ltr'>Τίνος</span> <span class='ocrx_word' id='word_1_328' title='bbox 1143 4487 1328 4541; x_wconf 74' lang='grc' dir='ltr'>ἕνεκεν</span> <span class='ocrx_word' id='word_1_329' title='bbox 1368 4485 1525 4556; x_wconf 82' lang='grc' dir='ltr'>ὀλίγα</span> <span class='ocrx_word' id='word_1_330' title='bbox 1567 4487 1697 4559; x_wconf 83' lang='grc' dir='ltr'>περὶ</span> <span class='ocrx_word' id='word_1_331' title='bbox 1733 4484 1843 4539; x_wconf 90' lang='grc' dir='ltr'>τῶν</span> <span class='ocrx_word' id='word_1_332' title='bbox 1890 4483 2154 4555; x_wconf 85' lang='grc' dir='ltr'>οὐρανίων</span> 
     </span>
    </p>
   </div>
   <div class='ocr_carea' id='block_1_45' title="bbox 574 4580 2154 4654">
    <p class='ocr_par' dir='ltr' id='par_1_45' title="bbox 574 4580 2154 4654">
     <span class='ocr_line' id='line_1_45' title="bbox 574 4580 2154 4654; baseline -0.003 -17"><span class='ocrx_word' id='word_1_333' title='bbox 574 4584 856 4653; x_wconf 85' lang='grc' dir='ltr'>δυνάμεων</span> <span class='ocrx_word' id='word_1_334' title='bbox 878 4582 1073 4647; x_wconf 78' lang='grc' dir='ltr'>εἰπὼν,</span> <span class='ocrx_word' id='word_1_335' title='bbox 1108 4581 1317 4653; x_wconf 88' lang='grc' dir='ltr'>ταχέως</span> <span class='ocrx_word' id='word_1_336' title='bbox 1348 4580 1696 4654; x_wconf 80' lang='grc' dir='ltr'>ἀπεπήδησεν</span> <span class='ocrx_word' id='word_1_337' title='bbox 1720 4580 1948 4647; x_wconf 75' lang='grc' dir='ltr'>ἐκεῖθεν,</span> <span class='ocrx_word' id='word_1_338' title='bbox 1973 4580 2068 4633; x_wconf 78' lang='grc' dir='ltr'>καὶ</span> <span class='ocrx_word' id='word_1_339' title='bbox 2095 4580 2154 4632; x_wconf 81' lang='grc' dir='ltr'>ὲν</span> 
     </span>
    </p>
   </div>
   <div class='ocr_carea' id='block_1_46' title="bbox 575 4678 2153 4752">
    <p class='ocr_par' dir='ltr' id='par_1_46' title="bbox 575 4678 2153 4752">
     <span class='ocr_line' id='line_1_46' title="bbox 575 4678 2153 4752; baseline -0.005 -16"><span class='ocrx_word' id='word_1_340' title='bbox 575 4684 687 4746; x_wconf 82' lang='grc' dir='ltr'>τοῖς</span> <span class='ocrx_word' id='word_1_341' title='bbox 716 4681 1014 4752; x_wconf 82' lang='grc' dir='ltr'>ὁρωμένοις</span> <span class='ocrx_word' id='word_1_342' title='bbox 1038 4679 1128 4734; x_wconf 83' lang='grc' dir='ltr'>τὸν</span> <span class='ocrx_word' id='word_1_343' title='bbox 1148 4679 1302 4749; x_wconf 89' lang='grc' dir='ltr'>λόγον</span> <span class='ocrx_word' id='word_1_344' title='bbox 1331 4678 1574 4749; x_wconf 84' lang='grc' dir='ltr'>ἀγαγὼν,</span> <span class='ocrx_word' id='word_1_345' title='bbox 1597 4678 1827 4734; x_wconf 72' lang='grc' dir='ltr'>ἐνταῦθα</span> <span class='ocrx_word' id='word_1_346' title='bbox 1850 4678 2012 4733; x_wconf 84' lang='grc' dir='ltr'>αὐτὸν</span> <span class='ocrx_word' id='word_1_347' title='bbox 2047 4693 2153 4748; x_wconf 86' lang='grc' dir='ltr'>μη-</span> 
     </span>
    </p>
   </div>
   <div class='ocr_carea' id='block_1_47' title="bbox 578 4773 2150 4843">
    <p class='ocr_par' dir='ltr' id='par_1_47' title="bbox 578 4773 2150 4843">
     <span class='ocr_line' id='line_1_47' title="bbox 578 4773 2150 4843; baseline -0.005 -10"><span class='ocrx_word' id='word_1_348' title='bbox 578 4780 751 4842; x_wconf 77' lang='grc' dir='ltr'>κύνει,</span> <span class='ocrx_word' id='word_1_349' title='bbox 774 4778 952 4833; x_wconf 85' lang='grc' dir='ltr'>πάντα</span> <span class='ocrx_word' id='word_1_350' title='bbox 972 4777 1093 4832; x_wconf 89' lang='grc' dir='ltr'>καθ’</span> <span class='ocrx_word' id='word_1_351' title='bbox 1114 4776 1345 4831; x_wconf 72' lang='grc' dir='ltr'>ἕκαστον</span> <span class='ocrx_word' id='word_1_352' title='bbox 1368 4773 1621 4843; x_wconf 79' lang='grc' dir='ltr'>ἐπεξιὼν,</span> <span class='ocrx_word' id='word_1_353' title='bbox 1639 4777 1708 4830; x_wconf 90' lang='grc' dir='ltr'>τά</span> <span class='ocrx_word' id='word_1_354' title='bbox 1725 4777 1859 4840; x_wconf 84' lang='grc' dir='ltr'>άνω,</span> <span class='ocrx_word' id='word_1_355' title='bbox 1879 4773 1949 4828; x_wconf 88' lang='grc' dir='ltr'>τά</span> <span class='ocrx_word' id='word_1_356' title='bbox 1967 4774 2150 4842; x_wconf 84' lang='grc' dir='ltr'>κάτω;</span> 
     </span>
    </p>
   </div>
   <div class='ocr_carea' id='block_1_48' title="bbox 578 4858 2155 4942">
    <p class='ocr_par' dir='ltr' id='par_1_48' title="bbox 578 4858 2155 4942">
     <span class='ocr_line' id='line_1_48' title="bbox 578 4858 2155 4942; baseline -0.006 -11"><span class='ocrx_word' id='word_1_357' title='bbox 578 4880 701 4931; x_wconf 80' lang='grc' dir='ltr'>’Ότι</span> <span class='ocrx_word' id='word_1_358' title='bbox 721 4875 896 4930; x_wconf 80' lang='grc' dir='ltr'>ταῦτα</span> <span class='ocrx_word' id='word_1_359' title='bbox 916 4877 1027 4940; x_wconf 79' lang='grc' dir='ltr'>τοῖς</span> <span class='ocrx_word' id='word_1_360' title='bbox 1044 4874 1165 4928; x_wconf 86' lang='grc' dir='ltr'>τότε</span> <span class='ocrx_word' id='word_1_361' title='bbox 1188 4872 1445 4928; x_wconf 85' lang='grc' dir='ltr'>ἀκούουσι</span> <span class='ocrx_word' id='word_1_362' title='bbox 1472 4858 1783 4942; x_wconf 85' lang='grc' dir='ltr'>σαφέστερα</span> <span class='ocrx_word' id='word_1_363' title='bbox 1797 4865 1886 4942; x_wconf 83' lang='grc' dir='ltr'>ἦν,</span> <span class='ocrx_word' id='word_1_364' title='bbox 1903 4869 2155 4941; x_wconf 83' lang='grc' dir='ltr'>ὁρώμενα</span> 
     </span>
    </p>
   </div>
   <div class='ocr_carea' id='block_1_49' title="bbox 578 4966 2157 5046">
    <p class='ocr_par' dir='ltr' id='par_1_49' title="bbox 578 4966 2157 5046">
     <span class='ocr_line' id='line_1_49' title="bbox 578 4966 2157 5046; baseline -0.007 -17"><span class='ocrx_word' id='word_1_365' title='bbox 578 4976 671 5029; x_wconf 73' lang='grc' dir='ltr'>καὶ</span> <span class='ocrx_word' id='word_1_366' title='bbox 702 4973 808 5046; x_wconf 76' lang='grc' dir='ltr'>πρὸ</span> <span class='ocrx_word' id='word_1_367' title='bbox 832 4970 1130 5043; x_wconf 83' lang='grc' dir='ltr'>ὀφθαλμῶν</span> <span class='ocrx_word' id='word_1_368' title='bbox 1168 4971 1416 5042; x_wconf 79' lang='grc' dir='ltr'>κείμενα.</span> <span class='ocrx_word' id='word_1_369' title='bbox 1453 4969 1545 5022; x_wconf 74' lang='grc' dir='ltr'>Διὸ</span> <span class='ocrx_word' id='word_1_370' title='bbox 1587 4969 1679 5021; x_wconf 81' lang='grc' dir='ltr'>καὶ</span> <span class='ocrx_word' id='word_1_371' title='bbox 1720 4967 1958 5038; x_wconf 84' lang='grc' dir='ltr'>Μωῦσῆς</span> <span class='ocrx_word' id='word_1_372' title='bbox 1989 4966 2157 5036; x_wconf 84' lang='grc' dir='ltr'>ἀρχό-</span> 
     </span>
    </p>
   </div>
   <div class='ocr_carea' id='block_1_50' title="bbox 582 5061 2155 5144">
    <p class='ocr_par' dir='ltr' id='par_1_50' title="bbox 582 5061 2155 5144">
     <span class='ocr_line' id='line_1_50' title="bbox 582 5061 2155 5144; baseline -0.008 -18"><span class='ocrx_word' id='word_1_373' title='bbox 582 5089 742 5141; x_wconf 86' lang='grc' dir='ltr'>μενος</span> <span class='ocrx_word' id='word_1_374' title='bbox 767 5073 866 5144; x_wconf 80' lang='grc' dir='ltr'>τῆς</span> <span class='ocrx_word' id='word_1_375' title='bbox 893 5068 1272 5142; x_wconf 83' lang='grc' dir='ltr'>δημιουργίας,</span> <span class='ocrx_word' id='word_1_376' title='bbox 1301 5068 1398 5123; x_wconf 78' lang='grc' dir='ltr'>καὶ</span> <span class='ocrx_word' id='word_1_377' title='bbox 1427 5066 1591 5138; x_wconf 87' lang='grc' dir='ltr'>μηδὲν</span> <span class='ocrx_word' id='word_1_378' title='bbox 1616 5064 1746 5134; x_wconf 74' lang='grc' dir='ltr'>περὶ</span> <span class='ocrx_word' id='word_1_379' title='bbox 1772 5061 1879 5115; x_wconf 90' lang='grc' dir='ltr'>τῶν</span> <span class='ocrx_word' id='word_1_380' title='bbox 1898 5061 2010 5114; x_wconf 78' lang='grc' dir='ltr'>ἀνω</span> <span class='ocrx_word' id='word_1_381' title='bbox 2034 5061 2155 5116; x_wconf 88' lang='grc' dir='ltr'>δια-</span> 
     </span>
    </p>
   </div>
   <div class='ocr_carea' id='block_1_51' title="bbox 577 5157 2157 5239">
    <p class='ocr_par' dir='ltr' id='par_1_51' title="bbox 577 5157 2157 5239">
     <span class='ocr_line' id='line_1_51' title="bbox 577 5157 2157 5239; baseline -0.008 -18"><span class='ocrx_word' id='word_1_382' title='bbox 577 5169 809 5239; x_wconf 71' lang='grc' dir='ltr'>λεχθεὶς,</span> <span class='ocrx_word' id='word_1_383' title='bbox 846 5168 921 5239; x_wconf 81' lang='grc' dir='ltr'>μὴ</span> <span class='ocrx_word' id='word_1_384' title='bbox 957 5167 1171 5238; x_wconf 76' lang='grc' dir='ltr'>μικρὸν,</span> <span class='ocrx_word' id='word_1_385' title='bbox 1205 5164 1280 5237; x_wconf 80' lang='grc' dir='ltr'>μὴ</span> <span class='ocrx_word' id='word_1_386' title='bbox 1321 5163 1482 5235; x_wconf 87' lang='grc' dir='ltr'>μέγα,</span> <span class='ocrx_word' id='word_1_387' title='bbox 1511 5162 1608 5214; x_wconf 79' lang='grc' dir='ltr'>ἀπ’</span> <span class='ocrx_word' id='word_1_388' title='bbox 1655 5157 1884 5227; x_wconf 79' lang='grc' dir='ltr'>οὐρανοῦ</span> <span class='ocrx_word' id='word_1_389' title='bbox 1922 5157 2017 5210; x_wconf 75' lang='grc' dir='ltr'>καὶ</span> <span class='ocrx_word' id='word_1_390' title='bbox 2054 5157 2157 5227; x_wconf 82' lang='grc' dir='ltr'>γῆς</span> 
     </span>
    </p>
   </div>
   <div class='ocr_carea' id='block_1_52' title="bbox 512 5253 2156 5337">
    <p class='ocr_par' dir='ltr' id='par_1_52' title="bbox 512 5253 2156 5337">
     <span class='ocr_line' id='line_1_52' title="bbox 512 5253 2156 5337; baseline -0.009 -18"><span class='ocrx_word' id='word_1_391' title='bbox 512 5298 521 5301; x_wconf 50' lang='grc' dir='ltr'><strong><em>ί</em></strong></span> <span class='ocrx_word' id='word_1_392' title='bbox 578 5270 812 5320; x_wconf 73' lang='grc' dir='ltr'>ποιεῖται</span> <span class='ocrx_word' id='word_1_393' title='bbox 835 5265 933 5336; x_wconf 81' lang='grc' dir='ltr'>τὴν</span> <span class='ocrx_word' id='word_1_394' title='bbox 949 5263 1145 5337; x_wconf 76' lang='grc' dir='ltr'>ἀρχὴν,</span> <span class='ocrx_word' id='word_1_395' title='bbox 1169 5264 1264 5316; x_wconf 70' lang='grc' dir='ltr'>καὶ</span> <span class='ocrx_word' id='word_1_396' title='bbox 1289 5258 1555 5314; x_wconf 87' lang='grc' dir='ltr'>διαϐαίνει</span> <span class='ocrx_word' id='word_1_397' title='bbox 1573 5257 1757 5309; x_wconf 84' lang='grc' dir='ltr'>λοιπὸν</span> <span class='ocrx_word' id='word_1_398' title='bbox 1777 5254 1863 5308; x_wconf 81' lang='grc' dir='ltr'>διὰ</span> <span class='ocrx_word' id='word_1_399' title='bbox 1884 5253 2036 5325; x_wconf 82' lang='grc' dir='ltr'>ηλίου</span> <span class='ocrx_word' id='word_1_400' title='bbox 2061 5254 2156 5307; x_wconf 78' lang='grc' dir='ltr'>καὶ</span> 
     </span>
    </p>
   </div>
   <div class='ocr_carea' id='block_1_53' title="bbox 580 5345 2154 5435">
    <p class='ocr_par' dir='ltr' id='par_1_53' title="bbox 580 5345 2154 5435">
     <span class='ocr_line' id='line_1_53' title="bbox 580 5345 2154 5435; baseline -0.009 -17"><span class='ocrx_word' id='word_1_401' title='bbox 580 5364 834 5435; x_wconf 77' lang='grc' dir='ltr'>σελήνης,</span> <span class='ocrx_word' id='word_1_402' title='bbox 871 5363 967 5416; x_wconf 69' lang='grc' dir='ltr'>καὶ</span> <span class='ocrx_word' id='word_1_403' title='bbox 1001 5358 1261 5432; x_wconf 80' lang='grc' dir='ltr'>βοτανῶν,</span> <span class='ocrx_word' id='word_1_404' title='bbox 1290 5357 1386 5411; x_wconf 79' lang='grc' dir='ltr'>καὶ</span> <span class='ocrx_word' id='word_1_405' title='bbox 1413 5353 1645 5428; x_wconf 82' lang='grc' dir='ltr'>νηκτῶν,</span> <span class='ocrx_word' id='word_1_406' title='bbox 1670 5353 1764 5407; x_wconf 74' lang='grc' dir='ltr'>καὶ</span> <span class='ocrx_word' id='word_1_407' title='bbox 1788 5345 2154 5424; x_wconf 74' lang='grc' dir='ltr'>τετραπόδων,</span> 
     </span>
    </p>
   </div>
   <div class='ocr_carea' id='block_1_54' title="bbox 580 5448 2158 5529">
    <p class='ocr_par' dir='ltr' id='par_1_54' title="bbox 580 5448 2158 5529">
     <span class='ocr_line' id='line_1_54' title="bbox 580 5448 2158 5529; baseline -0.009 -13"><span class='ocrx_word' id='word_1_408' title='bbox 580 5465 673 5515; x_wconf 69' lang='grc' dir='ltr'>καί</span> <span class='ocrx_word' id='word_1_409' title='bbox 698 5464 777 5524; x_wconf 85' lang='grc' dir='ltr'>είς</span> <span class='ocrx_word' id='word_1_410' title='bbox 803 5460 895 5514; x_wconf 79' lang='grc' dir='ltr'>τὸν</span> <span class='ocrx_word' id='word_1_411' title='bbox 910 5458 1197 5529; x_wconf 66' lang='grc' dir='ltr'>ἄνθρωπον</span> <span class='ocrx_word' id='word_1_412' title='bbox 1226 5453 1487 5509; x_wconf 84' lang='grc' dir='ltr'>καταλύει</span> <span class='ocrx_word' id='word_1_413' title='bbox 1505 5452 1596 5505; x_wconf 86' lang='grc' dir='ltr'>τὸν</span> <span class='ocrx_word' id='word_1_414' title='bbox 1624 5450 2088 5522; x_wconf 77' lang='grc' dir='ltr'>λόγον.οὐρανούς</span> <span class='ocrx_word' id='word_1_415' title='bbox 2102 5448 2158 5502; x_wconf 84' lang='grc' dir='ltr'>δὲ</span> 
     </span>
    </p>
   </div>
   <div class='ocr_carea' id='block_1_55' title="bbox 582 5545 2158 5629">
    <p class='ocr_par' dir='ltr' id='par_1_55' title="bbox 582 5545 2158 5629">
     <span class='ocr_line' id='line_1_55' title="bbox 582 5545 2158 5629; baseline -0.008 -19"><span class='ocrx_word' id='word_1_416' title='bbox 582 5556 827 5629; x_wconf 78' lang='grc' dir='ltr'>οὐρανῶν</span> <span class='ocrx_word' id='word_1_417' title='bbox 850 5554 1084 5610; x_wconf 77' lang='grc' dir='ltr'>ἐνταῦθα</span> <span class='ocrx_word' id='word_1_418' title='bbox 1112 5552 1307 5623; x_wconf 86' lang='grc' dir='ltr'>λέγων,</span> <span class='ocrx_word' id='word_1_419' title='bbox 1329 5550 1391 5604; x_wconf 87' lang='grc' dir='ltr'>οὐ</span> <span class='ocrx_word' id='word_1_420' title='bbox 1420 5549 1622 5621; x_wconf 81' lang='grc' dir='ltr'>πλῆθος</span> <span class='ocrx_word' id='word_1_421' title='bbox 1656 5548 2013 5611; x_wconf 75' lang='grc' dir='ltr'>ἐνδείκνυται,</span> <span class='ocrx_word' id='word_1_422' title='bbox 2044 5545 2158 5600; x_wconf 86' lang='grc' dir='ltr'>ἀλλ’</span> 
     </span>
    </p>
   </div>
   <div class='ocr_carea' id='block_1_56' title="bbox 552 5647 2156 5728">
    <p class='ocr_par' dir='ltr' id='par_1_56' title="bbox 552 5647 2156 5728">
     <span class='ocr_line' id='line_1_56' title="bbox 552 5647 2156 5728; baseline -0.007 -16"><span class='ocrx_word' id='word_1_423' title='bbox 552 5702 559 5712; x_wconf 88' lang='grc'>.</span> <span class='ocrx_word' id='word_1_424' title='bbox 582 5655 808 5728; x_wconf 70' lang='grc' dir='ltr'>οὐρανὸν</span> <span class='ocrx_word' id='word_1_425' title='bbox 819 5655 880 5708; x_wconf 91' lang='grc' dir='ltr'>οὐ</span> <span class='ocrx_word' id='word_1_426' title='bbox 889 5653 1048 5726; x_wconf 83' lang='grc' dir='ltr'>ρο.νοῦ</span> <span class='ocrx_word' id='word_1_427' title='bbox 1063 5653 1154 5706; x_wconf 73' lang='grc' dir='ltr'>τὸν</span> <span class='ocrx_word' id='word_1_428' title='bbox 1166 5651 1328 5705; x_wconf 81' lang='grc' dir='ltr'>αὐτὸν</span> <span class='ocrx_word' id='word_1_429' title='bbox 1342 5649 1592 5720; x_wconf 83' lang='grc' dir='ltr'>λέγει.Τῇ</span> <span class='ocrx_word' id='word_1_430' title='bbox 1609 5648 1718 5718; x_wconf 83' lang='grc' dir='ltr'>γὰρ</span> <span class='ocrx_word' id='word_1_431' title='bbox 1729 5647 1996 5719; x_wconf 85' lang='grc' dir='ltr'>Ἐϐραίων</span> <span class='ocrx_word' id='word_1_432' title='bbox 2009 5649 2156 5719; x_wconf 79' lang='grc' dir='ltr'>φωνῇ</span> 
     </span>
    </p>
   </div>
   <div class='ocr_carea' id='block_1_57' title="bbox 588 5739 2153 5818">
    <p class='ocr_par' dir='ltr' id='par_1_57' title="bbox 588 5739 2153 5818">
     <span class='ocr_line' id='line_1_57' title="bbox 588 5739 2153 5818; baseline -0.005 -18"><span class='ocrx_word' id='word_1_433' title='bbox 588 5750 675 5804; x_wconf 70' lang='grc' dir='ltr'>τὸν</span> <span class='ocrx_word' id='word_1_434' title='bbox 697 5747 922 5818; x_wconf 76' lang='grc' dir='ltr'>οὐρανὸν</span> <span class='ocrx_word' id='word_1_435' title='bbox 952 5745 1069 5809; x_wconf 74' lang='grc' dir='ltr'>ἔθος</span> <span class='ocrx_word' id='word_1_436' title='bbox 1100 5744 1359 5816; x_wconf 77' lang='grc' dir='ltr'>οὐρανοὺς</span> <span class='ocrx_word' id='word_1_437' title='bbox 1387 5742 1596 5797; x_wconf 84' lang='grc' dir='ltr'>καλεῖν·</span> <span class='ocrx_word' id='word_1_438' title='bbox 1627 5739 1878 5810; x_wconf 81' lang='grc' dir='ltr'>καθάπερ</span> <span class='ocrx_word' id='word_1_439' title='bbox 1913 5740 2004 5795; x_wconf 73' lang='grc' dir='ltr'>καὶ</span> <span class='ocrx_word' id='word_1_440' title='bbox 2036 5741 2153 5793; x_wconf 69' lang='grc' dir='ltr'>ἐτὲο</span> 
     </span>
    </p>
   </div>
   <div class='ocr_carea' id='block_1_58' title="bbox 1228 273 3087 372">
    <p class='ocr_par' dir='ltr' id='par_1_58' title="bbox 1228 273 3087 372">
     <span class='ocr_line' id='line_1_58' title="bbox 1228 273 3087 372; baseline 0.012 -23"><span class='ocrx_word' id='word_1_441' title='bbox 1228 293 1284 350; x_wconf 92' lang='lat' dir='ltr'>s.</span> <span class='ocrx_word' id='word_1_442' title='bbox 1325 294 1609 354; x_wconf 79' lang='lat' dir='ltr'>JOANNIS</span> <span class='ocrx_word' id='word_1_443' title='bbox 1646 298 2138 361; x_wconf 71' lang='grc' dir='ltr'>οιιιιγεοετοιιι</span> <span class='ocrx_word' id='word_1_444' title='bbox 2175 307 2492 366; x_wconf 74' lang='grc' dir='ltr'>Αιιοιιιερ.</span> <span class='ocrx_word' id='word_1_445' title='bbox 2528 273 3087 372; x_wconf 71' lang='grc' dir='ltr'>ουΝετΑΝτιΝορ.</span> 
     </span>
    </p>
   </div>
   <div class='ocr_carea' id='block_1_59' title="bbox 2228 423 3755 513">
    <p class='ocr_par' dir='ltr' id='par_1_59' title="bbox 2228 423 3755 513">
     <span class='ocr_line' id='line_1_59' title="bbox 2228 423 3755 513; baseline 0.014 -39"><span class='ocrx_word' id='word_1_446' title='bbox 2228 423 2361 491; x_wconf 82' lang='grc' dir='ltr'>ρωθί</span> <span class='ocrx_word' id='word_1_447' title='bbox 2393 441 2575 496; x_wconf 86' lang='grc' dir='ltr'>φησιν·</span> <span class='ocrx_word' id='word_1_448' title='bbox 2598 426 2656 480; x_wconf 89' lang='lat'>&#39;0</span> <span class='ocrx_word' id='word_1_449' title='bbox 2672 429 2929 495; x_wconf 82' lang='grc' dir='ltr'>οὐρανὸς</span> <span class='ocrx_word' id='word_1_450' title='bbox 2947 431 3055 485; x_wconf 85' lang='grc' dir='ltr'>τοῦ</span> <span class='ocrx_word' id='word_1_451' title='bbox 3075 433 3331 501; x_wconf 83' lang='grc' dir='ltr'>οὐρανοῦ</span> <span class='ocrx_word' id='word_1_452' title='bbox 3352 433 3430 501; x_wconf 85' lang='grc' dir='ltr'>τῷ</span> <span class='ocrx_word' id='word_1_453' title='bbox 3447 439 3641 508; x_wconf 82' lang='grc' dir='ltr'>Κυρίῳ·</span> <span class='ocrx_word' id='word_1_454' title='bbox 3658 444 3755 513; x_wconf 76' lang='grc' dir='ltr'>τὴν</span> 
     </span>
    </p>
   </div>
   <div class='ocr_carea' id='block_1_60' title="bbox 2224 518 3757 607">
    <p class='ocr_par' dir='ltr' id='par_1_60' title="bbox 2224 518 3757 607">
     <span class='ocr_line' id='line_1_60' title="bbox 2224 518 3757 607; baseline 0.013 -36"><span class='ocrx_word' id='word_1_455' title='bbox 2224 518 2292 572; x_wconf 80' lang='grc' dir='ltr'>δὲ</span> <span class='ocrx_word' id='word_1_456' title='bbox 2308 518 2425 589; x_wconf 75' lang='grc' dir='ltr'>γῆν</span> <span class='ocrx_word' id='word_1_457' title='bbox 2436 521 2619 577; x_wconf 71' lang='grc' dir='ltr'>ἔδωκε</span> <span class='ocrx_word' id='word_1_458' title='bbox 2635 523 2759 590; x_wconf 85' lang='grc' dir='ltr'>τοῖς</span> <span class='ocrx_word' id='word_1_459' title='bbox 2773 525 2927 593; x_wconf 85' lang='grc' dir='ltr'>υίοῖς</span> <span class='ocrx_word' id='word_1_460' title='bbox 2946 527 3064 582; x_wconf 86' lang='grc' dir='ltr'>τῶν</span> <span class='ocrx_word' id='word_1_461' title='bbox 3083 529 3533 598; x_wconf 74' lang='grc' dir='ltr'>ἀνθρώπων-,Καὶ</span> <span class='ocrx_word' id='word_1_462' title='bbox 3552 535 3613 588; x_wconf 87' lang='grc' dir='ltr'>τὸ</span> <span class='ocrx_word' id='word_1_463' title='bbox 3627 537 3757 607; x_wconf 79' lang='grc' dir='ltr'>ὕδωρ</span> 
     </span>
    </p>
   </div>
   <div class='ocr_carea' id='block_1_61' title="bbox 2224 614 3758 699">
    <p class='ocr_par' dir='ltr' id='par_1_61' title="bbox 2224 614 3758 699">
     <span class='ocr_line' id='line_1_61' title="bbox 2224 614 3758 699; baseline 0.012 -31"><span class='ocrx_word' id='word_1_464' title='bbox 2224 614 2292 669; x_wconf 84' lang='grc' dir='ltr'>τὸ</span> <span class='ocrx_word' id='word_1_465' title='bbox 2320 616 2594 685; x_wconf 78' lang='grc' dir='ltr'>ὑπεράνω</span> <span class='ocrx_word' id='word_1_466' title='bbox 2636 619 2757 674; x_wconf 84' lang='grc' dir='ltr'>τῶν</span> <span class='ocrx_word' id='word_1_467' title='bbox 2793 622 3085 690; x_wconf 62' lang='grc' dir='ltr'>οὐρανῶν.</span> <span class='ocrx_word' id='word_1_468' title='bbox 3114 627 3349 693; x_wconf 83' lang='grc' dir='ltr'>Ἦκουες</span> <span class='ocrx_word' id='word_1_469' title='bbox 3389 630 3482 682; x_wconf 78' lang='grc' dir='ltr'>καὶ</span> <span class='ocrx_word' id='word_1_470' title='bbox 3520 632 3758 699; x_wconf 80' lang='grc' dir='ltr'>Μωύσέως</span> 
     </span>
    </p>
   </div>
   <div class='ocr_carea' id='block_1_62' title="bbox 2224 710 3761 791">
    <p class='ocr_par' dir='ltr' id='par_1_62' title="bbox 2224 710 3761 791">
     <span class='ocr_line' id='line_1_62' title="bbox 2224 710 3761 791; baseline 0.013 -28"><span class='ocrx_word' id='word_1_471' title='bbox 2224 710 2490 779; x_wconf 82' lang='grc' dir='ltr'>λέγοντος,</span> <span class='ocrx_word' id='word_1_472' title='bbox 2520 715 2603 767; x_wconf 83' lang='grc' dir='ltr'>ὅτι</span> <span class='ocrx_word' id='word_1_473' title='bbox 2641 715 2750 771; x_wconf 88' lang='grc' dir='ltr'>τῶν</span> <span class='ocrx_word' id='word_1_474' title='bbox 2779 716 2984 772; x_wconf 83' lang='grc' dir='ltr'>ὑδάτων</span> <span class='ocrx_word' id='word_1_475' title='bbox 3007 720 3078 775; x_wconf 90' lang='grc' dir='ltr'>τά</span> <span class='ocrx_word' id='word_1_476' title='bbox 3119 722 3216 791; x_wconf 86' lang='grc' dir='ltr'>μὲν</span> <span class='ocrx_word' id='word_1_477' title='bbox 3245 723 3393 778; x_wconf 84' lang='grc' dir='ltr'>είασε</span> <span class='ocrx_word' id='word_1_478' title='bbox 3423 724 3585 791; x_wconf 88' lang='grc' dir='ltr'>κάτω,</span> <span class='ocrx_word' id='word_1_479' title='bbox 3624 728 3687 782; x_wconf 78' lang='grc' dir='ltr'>τὰ</span> <span class='ocrx_word' id='word_1_480' title='bbox 3716 730 3761 784; x_wconf 78' lang='grc' dir='ltr'>δὲ</span> 
     </span>
    </p>
   </div>
   <div class='ocr_carea' id='block_1_63' title="bbox 2227 807 3760 896">
    <p class='ocr_par' dir='ltr' id='par_1_63' title="bbox 2227 807 3760 896">
     <span class='ocr_line' id='line_1_63' title="bbox 2227 807 3760 896; baseline 0.012 -37"><span class='ocrx_word' id='word_1_481' title='bbox 2227 807 2367 879; x_wconf 81' lang='grc' dir='ltr'>ὑπὲρ</span> <span class='ocrx_word' id='word_1_482' title='bbox 2392 808 2501 863; x_wconf 88' lang='grc' dir='ltr'>τῶν</span> <span class='ocrx_word' id='word_1_483' title='bbox 2535 810 2719 867; x_wconf 86' lang='grc' dir='ltr'>νώτων</span> <span class='ocrx_word' id='word_1_484' title='bbox 2749 813 2857 867; x_wconf 89' lang='grc' dir='ltr'>τῶν</span> <span class='ocrx_word' id='word_1_485' title='bbox 2893 815 3157 886; x_wconf 82' lang='grc' dir='ltr'>οὐρανίων</span> <span class='ocrx_word' id='word_1_486' title='bbox 3193 820 3606 890; x_wconf 77' lang='grc' dir='ltr'>μετεωρίζεσθαι</span> <span class='ocrx_word' id='word_1_487' title='bbox 3639 840 3760 896; x_wconf 85' lang='grc' dir='ltr'>παρ-</span> 
     </span>
    </p>
   </div>
   <div class='ocr_carea' id='block_1_64' title="bbox 2227 903 3762 989">
    <p class='ocr_par' dir='ltr' id='par_1_64' title="bbox 2227 903 3762 989">
     <span class='ocr_line' id='line_1_64' title="bbox 2227 903 3762 989; baseline 0.012 -34"><span class='ocrx_word' id='word_1_488' title='bbox 2227 903 2540 970; x_wconf 89' lang='grc' dir='ltr'>εσκεύασεν,</span> <span class='ocrx_word' id='word_1_489' title='bbox 2575 907 2635 962; x_wconf 80' lang='grc' dir='ltr'>ὲν</span> <span class='ocrx_word' id='word_1_490' title='bbox 2670 908 2749 979; x_wconf 82' lang='grc' dir='ltr'>τῷ</span> <span class='ocrx_word' id='word_1_491' title='bbox 2795 910 2945 982; x_wconf 85' lang='grc' dir='ltr'>μέσῳ</span> <span class='ocrx_word' id='word_1_492' title='bbox 2973 914 3072 984; x_wconf 81' lang='grc' dir='ltr'>τῆς</span> <span class='ocrx_word' id='word_1_493' title='bbox 3095 912 3334 969; x_wconf 88' lang='grc' dir='ltr'>ἀϐύσσου</span> <span class='ocrx_word' id='word_1_494' title='bbox 3368 918 3540 989; x_wconf 78' lang='grc' dir='ltr'>πήξας</span> <span class='ocrx_word' id='word_1_495' title='bbox 3570 920 3628 973; x_wconf 84' lang='grc' dir='ltr'>τὸ</span> <span class='ocrx_word' id='word_1_496' title='bbox 3667 936 3762 973; x_wconf 85' lang='grc' dir='ltr'>στε-</span> 
     </span>
    </p>
   </div>
   <div class='ocr_carea' id='block_1_65' title="bbox 2228 1001 3761 1088">
    <p class='ocr_par' dir='ltr' id='par_1_65' title="bbox 2228 1001 3761 1088">
     <span class='ocr_line' id='line_1_65' title="bbox 2228 1001 3761 1088; baseline 0.012 -35"><span class='ocrx_word' id='word_1_497' title='bbox 2228 1001 2439 1074; x_wconf 84' lang='grc' dir='ltr'>ρέωμα,</span> <span class='ocrx_word' id='word_1_498' title='bbox 2463 1005 2558 1057; x_wconf 82' lang='grc' dir='ltr'>καὶ</span> <span class='ocrx_word' id='word_1_499' title='bbox 2587 1004 2726 1078; x_wconf 79' lang='grc' dir='ltr'>ὑπὲρ</span> <span class='ocrx_word' id='word_1_500' title='bbox 2749 1007 2857 1061; x_wconf 90' lang='grc' dir='ltr'>τῶν</span> <span class='ocrx_word' id='word_1_501' title='bbox 2885 1008 3071 1065; x_wconf 83' lang='grc' dir='ltr'>νώτων</span> <span class='ocrx_word' id='word_1_502' title='bbox 3100 1012 3258 1082; x_wconf 70' lang='grc' dir='ltr'>ἀφεὶς</span> <span class='ocrx_word' id='word_1_503' title='bbox 3292 1014 3363 1068; x_wconf 83' lang='grc' dir='ltr'>τά</span> <span class='ocrx_word' id='word_1_504' title='bbox 3385 1014 3546 1069; x_wconf 82' lang='grc' dir='ltr'>ὕδατα</span> <span class='ocrx_word' id='word_1_505' title='bbox 3589 1017 3761 1088; x_wconf 88' lang='grc' dir='ltr'>μένειν.</span> 
     </span>
    </p>
   </div>
   <div class='ocr_carea' id='block_1_66' title="bbox 2302 1138 3764 1220">
    <p class='ocr_par' dir='ltr' id='par_1_66' title="bbox 2302 1138 3764 1220">
     <span class='ocr_line' id='line_1_66' title="bbox 2302 1138 3764 1220; baseline 0.009 -29"><span class='ocrx_word' id='word_1_506' title='bbox 2302 1138 2415 1192; x_wconf 78' lang='lat' dir='ltr'><strong><em>Kal</em></strong></span> <span class='ocrx_word' id='word_1_507' title='bbox 2446 1139 2565 1203; x_wconf 89' lang='grc' dir='ltr'>πῶς</span> <span class='ocrx_word' id='word_1_508' title='bbox 2590 1139 2762 1194; x_wconf 82' lang='grc' dir='ltr'>ταῦτα</span> <span class='ocrx_word' id='word_1_509' title='bbox 2793 1142 2950 1206; x_wconf 83' lang='grc' dir='ltr'>αἰνεῖ,</span> <span class='ocrx_word' id='word_1_510' title='bbox 2979 1144 3110 1209; x_wconf 76' lang='grc' dir='ltr'>ἴσως</span> <span class='ocrx_word' id='word_1_511' title='bbox 3139 1145 3283 1200; x_wconf 79' lang='grc' dir='ltr'>εἴποι</span> <span class='ocrx_word' id='word_1_512' title='bbox 3304 1164 3388 1212; x_wconf 87' lang='grc' dir='ltr'>τις</span> <span class='ocrx_word' id='word_1_513' title='bbox 3409 1147 3494 1211; x_wconf 78' lang='grc' dir='ltr'>ἂν,</span> <span class='ocrx_word' id='word_1_514' title='bbox 3526 1149 3585 1202; x_wconf 89' lang='grc' dir='ltr'>οὐ</span> <span class='ocrx_word' id='word_1_515' title='bbox 3611 1150 3764 1220; x_wconf 78' lang='grc' dir='ltr'>φωνὴν</span> 
     </span>
    </p>
   </div>
   <div class='ocr_carea' id='block_1_67' title="bbox 2229 1219 3763 1302">
    <p class='ocr_par' dir='ltr' id='par_1_67' title="bbox 2229 1219 3763 1302">
     <span class='ocr_line' id='line_1_67' title="bbox 2229 1219 3763 1302; baseline 0.01 -30"><span class='ocrx_word' id='word_1_516' title='bbox 2229 1219 2439 1290; x_wconf 77' lang='grc' dir='ltr'>ἔχοντα,</span> <span class='ocrx_word' id='word_1_517' title='bbox 2469 1222 2529 1275; x_wconf 81' lang='grc' dir='ltr'>οὐ</span> <span class='ocrx_word' id='word_1_518' title='bbox 2559 1222 2823 1292; x_wconf 88' lang='grc' dir='ltr'>γλῶτταν,</span> <span class='ocrx_word' id='word_1_519' title='bbox 2852 1225 2913 1278; x_wconf 89' lang='grc' dir='ltr'>οὐ</span> <span class='ocrx_word' id='word_1_520' title='bbox 2942 1225 3137 1299; x_wconf 75' lang='grc' dir='ltr'>ψυχὴν,</span> <span class='ocrx_word' id='word_1_521' title='bbox 3167 1229 3229 1282; x_wconf 87' lang='grc' dir='ltr'>οὐ</span> <span class='ocrx_word' id='word_1_522' title='bbox 3263 1228 3537 1302; x_wconf 82' lang='grc' dir='ltr'>λογισμὸν,</span> <span class='ocrx_word' id='word_1_523' title='bbox 3568 1233 3622 1285; x_wconf 86' lang='grc' dir='ltr'>οὐ</span> <span class='ocrx_word' id='word_1_524' title='bbox 3646 1219 3763 1299; x_wconf 80' lang='grc' dir='ltr'>νοῦν,</span> 
     </span>
    </p>
   </div>
   <div class='ocr_carea' id='block_1_68' title="bbox 2228 1316 3766 1392">
    <p class='ocr_par' dir='ltr' id='par_1_68' title="bbox 2228 1316 3766 1392">
     <span class='ocr_line' id='line_1_68' title="bbox 2228 1316 3766 1392; baseline 0.008 -23"><span class='ocrx_word' id='word_1_525' title='bbox 2228 1316 2290 1370; x_wconf 89' lang='grc' dir='ltr'>οὐ</span> <span class='ocrx_word' id='word_1_526' title='bbox 2335 1317 2641 1388; x_wconf 81' lang='grc' dir='ltr'>φωνητικὸν</span> <span class='ocrx_word' id='word_1_527' title='bbox 2685 1318 2936 1391; x_wconf 77' lang='grc' dir='ltr'>ὄργανον,</span> <span class='ocrx_word' id='word_1_528' title='bbox 2970 1323 3031 1376; x_wconf 87' lang='grc' dir='ltr'>οὐ</span> <span class='ocrx_word' id='word_1_529' title='bbox 3063 1322 3343 1390; x_wconf 89' lang='grc' dir='ltr'>διάνοιαν;</span> <span class='ocrx_word' id='word_1_530' title='bbox 3390 1326 3509 1381; x_wconf 89' lang='grc' dir='ltr'>Ὅτι</span> <span class='ocrx_word' id='word_1_531' title='bbox 3538 1327 3624 1381; x_wconf 91' lang='grc' dir='ltr'>δύο</span> <span class='ocrx_word' id='word_1_532' title='bbox 3648 1327 3766 1392; x_wconf 77' lang='grc' dir='ltr'>δοξο-</span> 
     </span>
    </p>
   </div>
   <div class='ocr_carea' id='block_1_69' title="bbox 2229 1410 3764 1495">
    <p class='ocr_par' dir='ltr' id='par_1_69' title="bbox 2229 1410 3764 1495">
     <span class='ocr_line' id='line_1_69' title="bbox 2229 1410 3764 1495; baseline 0.008 -30"><span class='ocrx_word' id='word_1_533' title='bbox 2229 1411 2417 1481; x_wconf 89' lang='grc' dir='ltr'>λογίας</span> <span class='ocrx_word' id='word_1_534' title='bbox 2445 1412 2664 1485; x_wconf 79' lang='grc' dir='ltr'>τρόποι·</span> <span class='ocrx_word' id='word_1_535' title='bbox 2701 1410 2783 1480; x_wconf 80' lang='grc' dir='ltr'>εἷς</span> <span class='ocrx_word' id='word_1_536' title='bbox 2810 1417 2929 1489; x_wconf 84' lang='grc' dir='ltr'>μὲν,</span> <span class='ocrx_word' id='word_1_537' title='bbox 2958 1421 2986 1472; x_wconf 91' lang='lat'>6</span> <span class='ocrx_word' id='word_1_538' title='bbox 3013 1419 3102 1475; x_wconf 80' lang='grc' dir='ltr'>διὰ</span> <span class='ocrx_word' id='word_1_539' title='bbox 3135 1422 3419 1492; x_wconf 76' lang='grc' dir='ltr'>ῥημάτων,</span> <span class='ocrx_word' id='word_1_540' title='bbox 3447 1422 3624 1495; x_wconf 71' lang='grc' dir='ltr'>ἕτερος</span> <span class='ocrx_word' id='word_1_541' title='bbox 3654 1423 3764 1492; x_wconf 73' lang='grc' dir='ltr'>δὲ,ὀ</span> 
     </span>
    </p>
   </div>
   <div class='ocr_carea' id='block_1_70' title="bbox 2229 1509 3764 1589">
    <p class='ocr_par' dir='ltr' id='par_1_70' title="bbox 2229 1509 3764 1589">
     <span class='ocr_line' id='line_1_70' title="bbox 2229 1509 3764 1589; baseline 0.005 -25"><span class='ocrx_word' id='word_1_542' title='bbox 2229 1510 2297 1564; x_wconf 82' lang='grc' dir='ltr'>δι’</span> <span class='ocrx_word' id='word_1_543' title='bbox 2318 1509 2515 1581; x_wconf 76' lang='grc' dir='ltr'>ὅψεως,</span> <span class='ocrx_word' id='word_1_544' title='bbox 2548 1511 2643 1565; x_wconf 77' lang='grc' dir='ltr'>καὶ</span> <span class='ocrx_word' id='word_1_545' title='bbox 2664 1513 2843 1585; x_wconf 90' lang='grc' dir='ltr'>τρίτος</span> <span class='ocrx_word' id='word_1_546' title='bbox 2868 1514 2924 1568; x_wconf 80' lang='grc' dir='ltr'>δὲ</span> <span class='ocrx_word' id='word_1_547' title='bbox 2955 1515 3096 1587; x_wconf 87' lang='grc' dir='ltr'>μετά</span> <span class='ocrx_word' id='word_1_548' title='bbox 3128 1517 3358 1583; x_wconf 83' lang='grc' dir='ltr'>τούτων,</span> <span class='ocrx_word' id='word_1_549' title='bbox 3386 1520 3416 1572; x_wconf 91' lang='lat'>6</span> <span class='ocrx_word' id='word_1_550' title='bbox 3445 1517 3531 1572; x_wconf 80' lang='grc' dir='ltr'>διὰ</span> <span class='ocrx_word' id='word_1_551' title='bbox 3566 1518 3667 1589; x_wconf 85' lang='grc' dir='ltr'>βίου</span> <span class='ocrx_word' id='word_1_552' title='bbox 3690 1520 3764 1573; x_wconf 80' lang='grc' dir='ltr'>καὶ</span> 
     </span>
    </p>
   </div>
   <div class='ocr_carea' id='block_1_71' title="bbox 2230 1605 3764 1687">
    <p class='ocr_par' dir='ltr' id='par_1_71' title="bbox 2230 1605 3764 1687">
     <span class='ocr_line' id='line_1_71' title="bbox 2230 1605 3764 1687; baseline 0.006 -27"><span class='ocrx_word' id='word_1_553' title='bbox 2230 1605 2429 1680; x_wconf 72' lang='grc' dir='ltr'>ἔργων.</span> <span class='ocrx_word' id='word_1_554' title='bbox 2454 1607 2566 1661; x_wconf 82' lang='grc' dir='ltr'>Καὶ</span> <span class='ocrx_word' id='word_1_555' title='bbox 2596 1608 2706 1681; x_wconf 90' lang='grc' dir='ltr'>γάρ</span> <span class='ocrx_word' id='word_1_556' title='bbox 2743 1609 2839 1664; x_wconf 75' lang='grc' dir='ltr'>καὶ</span> <span class='ocrx_word' id='word_1_557' title='bbox 2866 1610 3169 1683; x_wconf 72' lang='grc' dir='ltr'>ἀνθρώπιον</span> <span class='ocrx_word' id='word_1_558' title='bbox 3191 1614 3254 1668; x_wconf 92' lang='grc' dir='ltr'>οὐ</span> <span class='ocrx_word' id='word_1_559' title='bbox 3294 1614 3663 1687; x_wconf 76' lang='grc' dir='ltr'>φθεγγομένων</span> <span class='ocrx_word' id='word_1_560' title='bbox 3689 1615 3764 1686; x_wconf 78' lang='grc' dir='ltr'>μό·</span> 
     </span>
    </p>
   </div>
   <div class='ocr_carea' id='block_1_72' title="bbox 2231 1704 3762 1782">
    <p class='ocr_par' dir='ltr' id='par_1_72' title="bbox 2231 1704 3762 1782">
     <span class='ocr_line' id='line_1_72' title="bbox 2231 1704 3762 1782; baseline 0.005 -24"><span class='ocrx_word' id='word_1_561' title='bbox 2231 1721 2342 1773; x_wconf 90' lang='grc' dir='ltr'>νον,</span> <span class='ocrx_word' id='word_1_562' title='bbox 2379 1704 2515 1760; x_wconf 87' lang='grc' dir='ltr'>ἀλλά</span> <span class='ocrx_word' id='word_1_563' title='bbox 2558 1705 2651 1760; x_wconf 79' lang='grc' dir='ltr'>καὶ</span> <span class='ocrx_word' id='word_1_564' title='bbox 2689 1705 2987 1775; x_wconf 88' lang='grc' dir='ltr'>σιγώντων,</span> <span class='ocrx_word' id='word_1_565' title='bbox 3017 1709 3144 1778; x_wconf 82' lang='grc' dir='ltr'>δόξα</span> <span class='ocrx_word' id='word_1_566' title='bbox 3180 1711 3514 1782; x_wconf 82' lang='grc' dir='ltr'>ἀναφέρεται</span> <span class='ocrx_word' id='word_1_567' title='bbox 3543 1712 3616 1782; x_wconf 86' lang='grc' dir='ltr'>τῷ</span> <span class='ocrx_word' id='word_1_568' title='bbox 3641 1711 3762 1781; x_wconf 80' lang='grc' dir='ltr'>Θεῷ·</span> 
     </span>
    </p>
   </div>
   <div class='ocr_carea' id='block_1_73' title="bbox 2231 1800 3767 1878">
    <p class='ocr_par' dir='ltr' id='par_1_73' title="bbox 2231 1800 3767 1878">
     <span class='ocr_line' id='line_1_73' title="bbox 2231 1800 3767 1878; baseline 0.005 -23"><span class='ocrx_word' id='word_1_569' title='bbox 2231 1800 2421 1872; x_wconf 83' lang='grc' dir='ltr'>ὥσπερ</span> <span class='ocrx_word' id='word_1_570' title='bbox 2445 1801 2542 1856; x_wconf 74' lang='grc' dir='ltr'>καὶ</span> <span class='ocrx_word' id='word_1_571' title='bbox 2561 1802 2591 1855; x_wconf 91' lang='lat'>6</span> <span class='ocrx_word' id='word_1_572' title='bbox 2614 1803 2852 1873; x_wconf 84' lang='grc' dir='ltr'>Χριστός</span> <span class='ocrx_word' id='word_1_573' title='bbox 2879 1820 3012 1876; x_wconf 83' lang='grc' dir='ltr'>φησι</span> <span class='ocrx_word' id='word_1_574' title='bbox 3033 1822 3049 1838; x_wconf 97' lang='grc'>·</span> <span class='ocrx_word' id='word_1_575' title='bbox 3070 1807 3377 1877; x_wconf 71' lang='grc' dir='ltr'>Λαμψάτω</span> <span class='ocrx_word' id='word_1_576' title='bbox 3404 1807 3469 1862; x_wconf 85' lang='grc' dir='ltr'>τὸ</span> <span class='ocrx_word' id='word_1_577' title='bbox 3495 1807 3614 1878; x_wconf 71' lang='grc' dir='ltr'>φῶς</span> <span class='ocrx_word' id='word_1_578' title='bbox 3631 1806 3767 1876; x_wconf 80' lang='grc' dir='ltr'>ὑμῶν</span> 
     </span>
    </p>
   </div>
   <div class='ocr_carea' id='block_1_74' title="bbox 2230 1896 3767 1973">
    <p class='ocr_par' dir='ltr' id='par_1_74' title="bbox 2230 1896 3767 1973">
     <span class='ocr_line' id='line_1_74' title="bbox 2230 1896 3767 1973; baseline 0.001 -22"><span class='ocrx_word' id='word_1_579' title='bbox 2230 1897 2571 1967; x_wconf 77' lang='grc' dir='ltr'>ἔμπροσθεν</span> <span class='ocrx_word' id='word_1_580' title='bbox 2597 1896 2717 1973; x_wconf 84' lang='grc' dir='ltr'>τῶν</span> <span class='ocrx_word' id='word_1_581' title='bbox 2741 1899 3085 1971; x_wconf 75' lang='grc' dir='ltr'>ἀνθρώπων,</span> <span class='ocrx_word' id='word_1_582' title='bbox 3116 1902 3280 1970; x_wconf 82' lang='grc' dir='ltr'>ὅπως</span> <span class='ocrx_word' id='word_1_583' title='bbox 3307 1903 3516 1959; x_wconf 78' lang='grc' dir='ltr'>ίδωσιν</span> <span class='ocrx_word' id='word_1_584' title='bbox 3540 1901 3689 1972; x_wconf 81' lang='grc' dir='ltr'>ὑμῶν</span> <span class='ocrx_word' id='word_1_585' title='bbox 3709 1900 3767 1954; x_wconf 82' lang='grc' dir='ltr'>τὰ</span> 
     </span>
    </p>
   </div>
   <div class='ocr_carea' id='block_1_75' title="bbox 2232 1993 3769 2068">
    <p class='ocr_par' dir='ltr' id='par_1_75' title="bbox 2232 1993 3769 2068">
     <span class='ocr_line' id='line_1_75' title="bbox 2232 1993 3769 2068; baseline 0.003 -23"><span class='ocrx_word' id='word_1_586' title='bbox 2232 1993 2391 2046; x_wconf 83' lang='grc' dir='ltr'>καλὰ</span> <span class='ocrx_word' id='word_1_587' title='bbox 2430 1993 2594 2063; x_wconf 71' lang='grc' dir='ltr'>ἔργα,</span> <span class='ocrx_word' id='word_1_588' title='bbox 2622 1994 2725 2049; x_wconf 78' lang='grc' dir='ltr'>καί</span> <span class='ocrx_word' id='word_1_589' title='bbox 2752 1994 3059 2060; x_wconf 75' lang='grc' dir='ltr'>δοξάσωσι</span> <span class='ocrx_word' id='word_1_590' title='bbox 3104 1998 3216 2053; x_wconf 82' lang='grc' dir='ltr'>τὸν</span> <span class='ocrx_word' id='word_1_591' title='bbox 3253 1999 3484 2068; x_wconf 84' lang='grc' dir='ltr'>Πατέρα</span> <span class='ocrx_word' id='word_1_592' title='bbox 3508 1996 3660 2067; x_wconf 78' lang='grc' dir='ltr'>ὑμῶν</span> <span class='ocrx_word' id='word_1_593' title='bbox 3685 1995 3769 2050; x_wconf 76' lang='grc' dir='ltr'>τὸν</span> 
     </span>
    </p>
   </div>
   <div class='ocr_carea' id='block_1_76' title="bbox 2232 2087 3769 2162">
    <p class='ocr_par' dir='ltr' id='par_1_76' title="bbox 2232 2087 3769 2162">
     <span class='ocr_line' id='line_1_76' title="bbox 2232 2087 3769 2162; baseline 0.013 -22"><span class='ocrx_word' id='word_1_594' title='bbox 2232 2088 2297 2140; x_wconf 72' lang='grc' dir='ltr'>έν</span> <span class='ocrx_word' id='word_1_595' title='bbox 2339 2087 2465 2155; x_wconf 83' lang='grc' dir='ltr'>τοῖς</span> <span class='ocrx_word' id='word_1_596' title='bbox 2493 2090 2789 2158; x_wconf 86' lang='grc' dir='ltr'>οὐρανοῖς.</span> <span class='ocrx_word' id='word_1_597' title='bbox 2820 2093 2930 2146; x_wconf 82' lang='lat' dir='ltr'><strong><em>Kal</em></strong></span> <span class='ocrx_word' id='word_1_598' title='bbox 2962 2094 3145 2161; x_wconf 82' lang='grc' dir='ltr'>πάλιν,</span> <span class='ocrx_word' id='word_1_599' title='bbox 3182 2095 3334 2162; x_wconf 80' lang='grc' dir='ltr'>Τοὺς</span> <span class='ocrx_word' id='word_1_600' title='bbox 3359 2091 3690 2159; x_wconf 65' lang='grc' dir='ltr'>δοξάζοντιίς·</span> <span class='ocrx_word' id='word_1_601' title='bbox 3710 2108 3769 2161; x_wconf 76' lang='grc' dir='ltr'>με</span> 
     </span>
    </p>
   </div>
   <div class='ocr_carea' id='block_1_77' title="bbox 2233 2183 3769 2261">
    <p class='ocr_par' dir='ltr' id='par_1_77' title="bbox 2233 2183 3769 2261">
     <span class='ocr_line' id='line_1_77' title="bbox 2233 2183 3769 2261; baseline 0.001 -23"><span class='ocrx_word' id='word_1_602' title='bbox 2233 2183 2494 2249; x_wconf 78' lang='grc' dir='ltr'>δοξάσω.</span> <span class='ocrx_word' id='word_1_603' title='bbox 2543 2186 2698 2240; x_wconf 84' lang='grc' dir='ltr'>Ἔστι</span> <span class='ocrx_word' id='word_1_604' title='bbox 2743 2189 2837 2242; x_wconf 79' lang='grc' dir='ltr'>καὶ</span> <span class='ocrx_word' id='word_1_605' title='bbox 2879 2188 2971 2242; x_wconf 78' lang='grc' dir='ltr'>διὰ</span> <span class='ocrx_word' id='word_1_606' title='bbox 3004 2189 3252 2261; x_wconf 86' lang='grc' dir='ltr'>γλώττης</span> <span class='ocrx_word' id='word_1_607' title='bbox 3286 2188 3663 2260; x_wconf 79' lang='grc' dir='ltr'>δοξολογία,ώς</span> <span class='ocrx_word' id='word_1_608' title='bbox 3697 2188 3769 2240; x_wconf 76' lang='grc' dir='ltr'>καὶ</span> 
     </span>
    </p>
   </div>
   <div class='ocr_carea' id='block_1_78' title="bbox 2232 2282 3771 2359">
    <p class='ocr_par' dir='ltr' id='par_1_78' title="bbox 2232 2282 3771 2359">
     <span class='ocr_line' id='line_1_78' title="bbox 2232 2282 3771 2359; baseline 0 -23"><span class='ocrx_word' id='word_1_609' title='bbox 2232 2283 2474 2354; x_wconf 84' lang='grc' dir='ltr'>Μωῡσῆς</span> <span class='ocrx_word' id='word_1_610' title='bbox 2497 2282 2715 2348; x_wconf 79' lang='grc' dir='ltr'>ἑδόξασε</span> <span class='ocrx_word' id='word_1_611' title='bbox 2754 2285 2892 2356; x_wconf 88' lang='grc' dir='ltr'>μετά</span> <span class='ocrx_word' id='word_1_612' title='bbox 2930 2289 3030 2359; x_wconf 81' lang='grc' dir='ltr'>τῆς</span> <span class='ocrx_word' id='word_1_613' title='bbox 3056 2289 3279 2358; x_wconf 82' lang='grc' dir='ltr'>Μαρίας</span> <span class='ocrx_word' id='word_1_614' title='bbox 3312 2289 3509 2357; x_wconf 88' lang='grc' dir='ltr'>λέγων·</span> <span class='ocrx_word' id='word_1_615' title='bbox 3547 2288 3771 2356; x_wconf 79' lang='grc' dir='ltr'>’ᾼσωμεν</span> 
     </span>
    </p>
   </div>
   <div class='ocr_carea' id='block_1_79' title="bbox 2233 2377 3766 2453">
    <p class='ocr_par' dir='ltr' id='par_1_79' title="bbox 2233 2377 3766 2453">
     <span class='ocr_line' id='line_1_79' title="bbox 2233 2377 3766 2453; baseline 0.002 -20"><span class='ocrx_word' id='word_1_616' title='bbox 2233 2377 2316 2444; x_wconf 85' lang='grc' dir='ltr'>τῷ</span> <span class='ocrx_word' id='word_1_617' title='bbox 2342 2380 2567 2448; x_wconf 80' lang='grc' dir='ltr'>Κυρίῳ·</span> <span class='ocrx_word' id='word_1_618' title='bbox 2598 2380 2858 2449; x_wconf 79' lang='grc' dir='ltr'>ἐνδόξως</span> <span class='ocrx_word' id='word_1_619' title='bbox 2890 2383 3002 2453; x_wconf 70' lang='grc' dir='ltr'>γὰρ</span> <span class='ocrx_word' id='word_1_620' title='bbox 3037 2383 3420 2450; x_wconf 80' lang='grc' dir='ltr'>δεδόξασται.</span> <span class='ocrx_word' id='word_1_621' title='bbox 3451 2384 3597 2438; x_wconf 85' lang='grc' dir='ltr'>Ἐστι</span> <span class='ocrx_word' id='word_1_622' title='bbox 3638 2382 3715 2435; x_wconf 78' lang='grc' dir='ltr'>καὶ</span> <span class='ocrx_word' id='word_1_623' title='bbox 3741 2382 3766 2448; x_wconf 80' lang='grc' dir='ltr'><strong>ή</strong></span> 
     </span>
    </p>
   </div>
   <div class='ocr_carea' id='block_1_80' title="bbox 2234 2474 3769 2551">
    <p class='ocr_par' dir='ltr' id='par_1_80' title="bbox 2234 2474 3769 2551">
     <span class='ocr_line' id='line_1_80' title="bbox 2234 2474 3769 2551; baseline -0.002 -22"><span class='ocrx_word' id='word_1_624' title='bbox 2234 2474 2322 2529; x_wconf 83' lang='grc' dir='ltr'>διὰ</span> <span class='ocrx_word' id='word_1_625' title='bbox 2353 2477 2452 2547; x_wconf 84' lang='grc' dir='ltr'>τῆς</span> <span class='ocrx_word' id='word_1_626' title='bbox 2486 2476 2715 2540; x_wconf 79' lang='grc' dir='ltr'>κτίσεως</span> <span class='ocrx_word' id='word_1_627' title='bbox 2747 2480 2938 2551; x_wconf 81' lang='grc' dir='ltr'>αὐτῆς,</span> <span class='ocrx_word' id='word_1_628' title='bbox 2983 2481 3059 2544; x_wconf 91' lang='grc' dir='ltr'>ώς</span> <span class='ocrx_word' id='word_1_629' title='bbox 3112 2481 3280 2545; x_wconf 77' lang='grc' dir='ltr'>αὐτὸς</span> <span class='ocrx_word' id='word_1_630' title='bbox 3316 2475 3468 2542; x_wconf 71' lang='grc' dir='ltr'>οὗτός</span> <span class='ocrx_word' id='word_1_631' title='bbox 3512 2493 3685 2549; x_wconf 84' lang='grc' dir='ltr'>φησιν·</span> <span class='ocrx_word' id='word_1_632' title='bbox 3721 2478 3769 2527; x_wconf 84' lang='grc' dir='ltr'>οι</span> 
     </span>
    </p>
   </div>
   <div class='ocr_carea' id='block_1_81' title="bbox 2236 2572 3771 2647">
    <p class='ocr_par' dir='ltr' id='par_1_81' title="bbox 2236 2572 3771 2647">
     <span class='ocr_line' id='line_1_81' title="bbox 2236 2572 3771 2647; baseline -0.001 -23"><span class='ocrx_word' id='word_1_633' title='bbox 2236 2572 2476 2640; x_wconf 76' lang='grc' dir='ltr'>οὐρανοὶ</span> <span class='ocrx_word' id='word_1_634' title='bbox 2508 2572 2852 2643; x_wconf 77' lang='grc' dir='ltr'>διηγοῦνται</span> <span class='ocrx_word' id='word_1_635' title='bbox 2892 2575 3080 2641; x_wconf 78' lang='grc' dir='ltr'>δόξαν</span> <span class='ocrx_word' id='word_1_636' title='bbox 3108 2578 3260 2633; x_wconf 86' lang='grc' dir='ltr'>Θεοῦ</span> <span class='ocrx_word' id='word_1_637' title='bbox 3280 2595 3295 2610; x_wconf 97' lang='grc'>·</span> <span class='ocrx_word' id='word_1_638' title='bbox 3330 2578 3571 2647; x_wconf 75' lang='grc' dir='ltr'>ποίησιν</span> <span class='ocrx_word' id='word_1_639' title='bbox 3602 2574 3662 2629; x_wconf 86' lang='grc' dir='ltr'>δὲ</span> <span class='ocrx_word' id='word_1_640' title='bbox 3683 2588 3771 2641; x_wconf 84' lang='grc' dir='ltr'>χει-</span> 
     </span>
    </p>
   </div>
   <div class='ocr_carea' id='block_1_82' title="bbox 2228 2669 3770 2745">
    <p class='ocr_par' dir='ltr' id='par_1_82' title="bbox 2228 2669 3770 2745">
     <span class='ocr_line' id='line_1_82' title="bbox 2228 2669 3770 2745; baseline -0.002 -20"><span class='ocrx_word' id='word_1_641' title='bbox 2228 2669 2359 2738; x_wconf 82' lang='grc' dir='ltr'>ρῶν</span> <span class='ocrx_word' id='word_1_642' title='bbox 2408 2670 2595 2725; x_wconf 83' lang='grc' dir='ltr'>αὐτοῦ</span> <span class='ocrx_word' id='word_1_643' title='bbox 2638 2672 2997 2742; x_wconf 80' lang='grc' dir='ltr'>ἀναγγέλλει</span> <span class='ocrx_word' id='word_1_644' title='bbox 3046 2673 3113 2727; x_wconf 88' lang='grc' dir='ltr'>τὸ</span> <span class='ocrx_word' id='word_1_645' title='bbox 3157 2674 3482 2745; x_wconf 81' lang='grc' dir='ltr'>στερέωμα.</span> <span class='ocrx_word' id='word_1_646' title='bbox 3525 2672 3664 2726; x_wconf 80' lang='grc' dir='ltr'>Οὕτω</span> <span class='ocrx_word' id='word_1_647' title='bbox 3699 2669 3770 2722; x_wconf 74' lang='grc' dir='ltr'>καὶ</span> 
     </span>
    </p>
   </div>
   <div class='ocr_carea' id='block_1_83' title="bbox 2237 2765 3767 2842">
    <p class='ocr_par' dir='ltr' id='par_1_83' title="bbox 2237 2765 3767 2842">
     <span class='ocr_line' id='line_1_83' title="bbox 2237 2765 3767 2842; baseline 0.005 -21"><span class='ocrx_word' id='word_1_648' title='bbox 2237 2765 2472 2821; x_wconf 76' lang='grc' dir='ltr'>ἐνταῦθα</span> <span class='ocrx_word' id='word_1_649' title='bbox 2509 2769 2648 2821; x_wconf 76' lang='grc' dir='ltr'>αἰνεῖ</span> <span class='ocrx_word' id='word_1_650' title='bbox 2678 2768 2840 2822; x_wconf 79' lang='grc' dir='ltr'>αὐτὸν</span> <span class='ocrx_word' id='word_1_651' title='bbox 2875 2772 2909 2841; x_wconf 80' lang='grc' dir='ltr'>ἡ</span> <span class='ocrx_word' id='word_1_652' title='bbox 2953 2770 3131 2834; x_wconf 87' lang='grc' dir='ltr'>κτίσις</span> <span class='ocrx_word' id='word_1_653' title='bbox 3173 2770 3255 2842; x_wconf 83' lang='grc' dir='ltr'>τῷ</span> <span class='ocrx_word' id='word_1_654' title='bbox 3299 2771 3504 2836; x_wconf 88' lang='grc' dir='ltr'>κάλλει,</span> <span class='ocrx_word' id='word_1_655' title='bbox 3535 2771 3596 2841; x_wconf 80' lang='grc' dir='ltr'>τῇ</span> <span class='ocrx_word' id='word_1_656' title='bbox 3634 2767 3767 2828; x_wconf 70' lang='grc' dir='ltr'>θέσει.</span> 
     </span>
    </p>
   </div>
   <div class='ocr_carea' id='block_1_84' title="bbox 2236 2866 3774 2944">
    <p class='ocr_par' dir='ltr' id='par_1_84' title="bbox 2236 2866 3774 2944">
     <span class='ocr_line' id='line_1_84' title="bbox 2236 2866 3774 2944; baseline -0.001 -25"><span class='ocrx_word' id='word_1_657' title='bbox 2236 2866 2316 2937; x_wconf 85' lang='grc' dir='ltr'>τῷ</span> <span class='ocrx_word' id='word_1_658' title='bbox 2353 2867 2592 2938; x_wconf 84' lang='grc' dir='ltr'>μεγέθει,</span> <span class='ocrx_word' id='word_1_659' title='bbox 2615 2870 2680 2940; x_wconf 80' lang='grc' dir='ltr'>τῇ</span> <span class='ocrx_word' id='word_1_660' title='bbox 2707 2868 2890 2938; x_wconf 89' lang='grc' dir='ltr'>φύσει,</span> <span class='ocrx_word' id='word_1_661' title='bbox 2915 2872 2979 2940; x_wconf 82' lang='grc' dir='ltr'>τῇ</span> <span class='ocrx_word' id='word_1_662' title='bbox 3003 2873 3220 2944; x_wconf 80' lang='grc' dir='ltr'>χρήσει,</span> <span class='ocrx_word' id='word_1_663' title='bbox 3243 2875 3317 2944; x_wconf 80' lang='grc' dir='ltr'>τῇ</span> <span class='ocrx_word' id='word_1_664' title='bbox 3337 2871 3594 2942; x_wconf 71' lang='grc' dir='ltr'>διακονίᾳ,</span> <span class='ocrx_word' id='word_1_665' title='bbox 3613 2870 3671 2939; x_wconf 77' lang='grc' dir='ltr'>τῇ</span> <span class='ocrx_word' id='word_1_666' title='bbox 3687 2866 3774 2918; x_wconf 80' lang='grc' dir='ltr'>δια-</span> 
     </span>
    </p>
   </div>
   <div class='ocr_carea' id='block_1_85' title="bbox 2243 2960 3776 3041">
    <p class='ocr_par' dir='ltr' id='par_1_85' title="bbox 2243 2960 3776 3041">
     <span class='ocr_line' id='line_1_85' title="bbox 2243 2960 3776 3041; baseline 0 -25"><span class='ocrx_word' id='word_1_667' title='bbox 2243 2966 2400 3035; x_wconf 80' lang='grc' dir='ltr'>μονῇ,</span> <span class='ocrx_word' id='word_1_668' title='bbox 2428 2968 2493 3035; x_wconf 80' lang='grc' dir='ltr'>τῇ</span> <span class='ocrx_word' id='word_1_669' title='bbox 2522 2963 2825 3037; x_wconf 80' lang='grc' dir='ltr'>λυσιτελείᾳ</span> <span class='ocrx_word' id='word_1_670' title='bbox 2852 2968 2917 3037; x_wconf 78' lang='grc' dir='ltr'>τῇ</span> <span class='ocrx_word' id='word_1_671' title='bbox 2949 2967 3010 3031; x_wconf 76' lang='grc' dir='ltr'>ἐξ</span> <span class='ocrx_word' id='word_1_672' title='bbox 3036 2968 3213 3021; x_wconf 87' lang='grc' dir='ltr'>αὐτῶν</span> <span class='ocrx_word' id='word_1_673' title='bbox 3232 2970 3515 3041; x_wconf 77' lang='grc' dir='ltr'>γινομένῃ.</span> <span class='ocrx_word' id='word_1_674' title='bbox 3545 2969 3689 3021; x_wconf 83' lang='grc' dir='ltr'>Ὅταν</span> <span class='ocrx_word' id='word_1_675' title='bbox 3705 2960 3776 3017; x_wconf 70' lang='grc' dir='ltr'>οὗ)</span> 
     </span>
    </p>
   </div>
   <div class='ocr_carea' id='block_1_86' title="bbox 2239 3060 3775 3136">
    <p class='ocr_par' dir='ltr' id='par_1_86' title="bbox 2239 3060 3775 3136">
     <span class='ocr_line' id='line_1_86' title="bbox 2239 3060 3775 3136; baseline 0.001 -23"><span class='ocrx_word' id='word_1_676' title='bbox 2239 3061 2395 3134; x_wconf 80' lang='grc' dir='ltr'>λέγῃ,</span> <span class='ocrx_word' id='word_1_677' title='bbox 2426 3062 2638 3115; x_wconf 78' lang='grc' dir='ltr'>Αἰνεῖτε</span> <span class='ocrx_word' id='word_1_678' title='bbox 2671 3062 2764 3116; x_wconf 82' lang='grc' dir='ltr'>τὸν</span> <span class='ocrx_word' id='word_1_679' title='bbox 2795 3063 3021 3134; x_wconf 80' lang='grc' dir='ltr'>Κύριον,</span> <span class='ocrx_word' id='word_1_680' title='bbox 3053 3064 3306 3133; x_wconf 79' lang='grc' dir='ltr'>ἄγγελοι,</span> <span class='ocrx_word' id='word_1_681' title='bbox 3348 3066 3613 3136; x_wconf 86' lang='grc' dir='ltr'>δυνάμεις,</span> <span class='ocrx_word' id='word_1_682' title='bbox 3644 3060 3775 3133; x_wconf 70' lang='grc' dir='ltr'>οὐρα-</span> 
     </span>
    </p>
   </div>
   <div class='ocr_carea' id='block_1_87' title="bbox 2241 3157 3774 3233">
    <p class='ocr_par' dir='ltr' id='par_1_87' title="bbox 2241 3157 3774 3233">
     <span class='ocr_line' id='line_1_87' title="bbox 2241 3157 3774 3233; baseline -0.001 -24"><span class='ocrx_word' id='word_1_683' title='bbox 2241 3157 2342 3222; x_wconf 73' lang='grc' dir='ltr'>νοὶ,</span> <span class='ocrx_word' id='word_1_684' title='bbox 2370 3158 2588 3231; x_wconf 81' lang='grc' dir='ltr'>σελήνη,</span> <span class='ocrx_word' id='word_1_685' title='bbox 2615 3159 2786 3229; x_wconf 74' lang='grc' dir='ltr'>ἥλιος,</span> <span class='ocrx_word' id='word_1_686' title='bbox 2816 3160 3067 3230; x_wconf 81' lang='grc' dir='ltr'>ἀστέρες,</span> <span class='ocrx_word' id='word_1_687' title='bbox 3089 3162 3151 3214; x_wconf 84' lang='grc' dir='ltr'>τὸ</span> <span class='ocrx_word' id='word_1_688' title='bbox 3175 3161 3329 3233; x_wconf 77' lang='grc' dir='ltr'>ὕδωρ</span> <span class='ocrx_word' id='word_1_689' title='bbox 3353 3163 3413 3216; x_wconf 81' lang='grc' dir='ltr'>τὸ</span> <span class='ocrx_word' id='word_1_690' title='bbox 3442 3161 3673 3233; x_wconf 83' lang='grc' dir='ltr'>ὑπεράνω</span> <span class='ocrx_word' id='word_1_691' title='bbox 3691 3157 3774 3210; x_wconf 80' lang='grc' dir='ltr'>τῶν</span> 
     </span>
    </p>
   </div>
   <div class='ocr_carea' id='block_1_88' title="bbox 2240 3238 3775 3327">
    <p class='ocr_par' dir='ltr' id='par_1_88' title="bbox 2240 3254 3775 3327">
     <span class='ocr_line' id='line_1_88' title="bbox 2240 3254 3775 3327; baseline -0.002 -18"><span class='ocrx_word' id='word_1_692' title='bbox 2240 3254 2515 3327; x_wconf 87' lang='grc' dir='ltr'>οὐρανῶν,</span> <span class='ocrx_word' id='word_1_693' title='bbox 2546 3254 2705 3309; x_wconf 82' lang='grc' dir='ltr'>τοῦτο</span> <span class='ocrx_word' id='word_1_694' title='bbox 2758 3255 2941 3325; x_wconf 87' lang='grc' dir='ltr'>λέγει,</span> <span class='ocrx_word' id='word_1_695' title='bbox 2973 3258 3054 3312; x_wconf 83' lang='grc' dir='ltr'>ὅτι</span> <span class='ocrx_word' id='word_1_696' title='bbox 3099 3258 3339 3314; x_wconf 72' lang='grc' dir='ltr'>ἕκαστον</span> <span class='ocrx_word' id='word_1_697' title='bbox 3383 3260 3488 3312; x_wconf 89' lang='grc' dir='ltr'>τῶν</span> <span class='ocrx_word' id='word_1_698' title='bbox 3528 3254 3775 3326; x_wconf 78' lang='grc' dir='ltr'>γινομένων</span> 
     </span>
    </p>
   </div>
   <div class='ocr_carea' id='block_1_89' title="bbox 2242 3349 3774 3425">
    <p class='ocr_par' dir='ltr' id='par_1_89' title="bbox 2242 3349 3774 3425">
     <span class='ocr_line' id='line_1_89' title="bbox 2242 3349 3774 3425; baseline -0.001 -21"><span class='ocrx_word' id='word_1_699' title='bbox 2242 3349 2390 3415; x_wconf 77' lang='grc' dir='ltr'>ἄξιον</span> <span class='ocrx_word' id='word_1_700' title='bbox 2420 3351 2519 3423; x_wconf 81' lang='grc' dir='ltr'>τῆς</span> <span class='ocrx_word' id='word_1_701' title='bbox 2545 3352 2640 3406; x_wconf 83' lang='grc' dir='ltr'>τοῦ</span> <span class='ocrx_word' id='word_1_702' title='bbox 2674 3352 3036 3425; x_wconf 86' lang='grc' dir='ltr'>πεποιηκότος</span> <span class='ocrx_word' id='word_1_703' title='bbox 3064 3353 3286 3423; x_wconf 87' lang='grc' dir='ltr'>σοφίας,</span> <span class='ocrx_word' id='word_1_704' title='bbox 3320 3356 3414 3409; x_wconf 76' lang='grc' dir='ltr'>καὶ</span> <span class='ocrx_word' id='word_1_705' title='bbox 3440 3351 3621 3406; x_wconf 82' lang='grc' dir='ltr'>πολλοῦ</span> <span class='ocrx_word' id='word_1_706' title='bbox 3649 3349 3774 3419; x_wconf 82' lang='grc' dir='ltr'>γέμει</span> 
     </span>
    </p>
   </div>
   <div class='ocr_carea' id='block_1_90' title="bbox 2242 3447 3778 3523">
    <p class='ocr_par' dir='ltr' id='par_1_90' title="bbox 2242 3447 3778 3523">
     <span class='ocr_line' id='line_1_90' title="bbox 2242 3447 3778 3523; baseline -0.003 -20"><span class='ocrx_word' id='word_1_707' title='bbox 2242 3447 2337 3503; x_wconf 81' lang='grc' dir='ltr'>τοῦ</span> <span class='ocrx_word' id='word_1_708' title='bbox 2369 3448 2680 3520; x_wconf 86' lang='grc' dir='ltr'>θαύματος·</span> <span class='ocrx_word' id='word_1_709' title='bbox 2721 3450 2858 3523; x_wconf 83' lang='grc' dir='ltr'>ὅπερ</span> <span class='ocrx_word' id='word_1_710' title='bbox 2889 3450 3168 3520; x_wconf 86' lang='grc' dir='ltr'>συντόμως</span> <span class='ocrx_word' id='word_1_711' title='bbox 3195 3453 3224 3505; x_wconf 88' lang='lat'>6</span> <span class='ocrx_word' id='word_1_712' title='bbox 3276 3451 3512 3522; x_wconf 82' lang='grc' dir='ltr'>Μωῦσῆς</span> <span class='ocrx_word' id='word_1_713' title='bbox 3549 3449 3602 3501; x_wconf 72' lang='grc' dir='ltr'>ὲν</span> <span class='ocrx_word' id='word_1_714' title='bbox 3628 3462 3778 3514; x_wconf 82' lang='grc' dir='ltr'>προοι-</span> 
     </span>
    </p>
   </div>
   <div class='ocr_carea' id='block_1_91' title="bbox 2249 3536 3776 3616">
    <p class='ocr_par' dir='ltr' id='par_1_91' title="bbox 2249 3536 3776 3616">
     <span class='ocr_line' id='line_1_91' title="bbox 2249 3536 3776 3616; baseline -0.002 -18"><span class='ocrx_word' id='word_1_715' title='bbox 2249 3545 2392 3616; x_wconf 89' lang='grc' dir='ltr'>μίοις</span> <span class='ocrx_word' id='word_1_716' title='bbox 2437 3544 2591 3614; x_wconf 71' lang='grc' dir='ltr'>ἔλεγε</span> <span class='ocrx_word' id='word_1_717' title='bbox 2613 3562 2626 3576; x_wconf 90' lang='grc'>·</span> <span class='ocrx_word' id='word_1_718' title='bbox 2651 3546 2763 3601; x_wconf 79' lang='grc' dir='ltr'>Καὶ</span> <span class='ocrx_word' id='word_1_719' title='bbox 2809 3542 2973 3601; x_wconf 77' lang='grc' dir='ltr'>εἶδεν</span> <span class='ocrx_word' id='word_1_720' title='bbox 2998 3549 3031 3600; x_wconf 87' lang='grc' dir='ltr'>ό</span> <span class='ocrx_word' id='word_1_721' title='bbox 3062 3545 3208 3611; x_wconf 83' lang='grc' dir='ltr'>Θεὸς</span> <span class='ocrx_word' id='word_1_722' title='bbox 3254 3547 3380 3602; x_wconf 86' lang='grc' dir='ltr'>ὅσα</span> <span class='ocrx_word' id='word_1_723' title='bbox 3418 3545 3666 3613; x_wconf 75' lang='grc' dir='ltr'>ἐποίησε,</span> <span class='ocrx_word' id='word_1_724' title='bbox 3699 3536 3776 3592; x_wconf 71' lang='grc' dir='ltr'>καὶ</span> 
     </span>
    </p>
   </div>
   <div class='ocr_carea' id='block_1_92' title="bbox 2247 3639 3774 3713">
    <p class='ocr_par' dir='ltr' id='par_1_92' title="bbox 2247 3639 3774 3713">
     <span class='ocr_line' id='line_1_92' title="bbox 2247 3639 3774 3713; baseline -0.001 -20"><span class='ocrx_word' id='word_1_725' title='bbox 2247 3640 2377 3696; x_wconf 82' lang='grc' dir='ltr'>ίδοὺ</span> <span class='ocrx_word' id='word_1_726' title='bbox 2404 3641 2564 3713; x_wconf 69' lang='grc' dir='ltr'>καλὰ</span> <span class='ocrx_word' id='word_1_727' title='bbox 2602 3641 2748 3695; x_wconf 78' lang='grc' dir='ltr'>λίαν</span> <span class='ocrx_word' id='word_1_728' title='bbox 2767 3659 2781 3672; x_wconf 94' lang='grc'>·</span> <span class='ocrx_word' id='word_1_729' title='bbox 2821 3641 2962 3695; x_wconf 78' lang='grc' dir='ltr'>οὕτω</span> <span class='ocrx_word' id='word_1_730' title='bbox 2989 3641 3161 3707; x_wconf 88' lang='grc' dir='ltr'>καλά,</span> <span class='ocrx_word' id='word_1_731' title='bbox 3191 3643 3273 3706; x_wconf 83' lang='grc' dir='ltr'>ὡς</span> <span class='ocrx_word' id='word_1_732' title='bbox 3305 3643 3540 3710; x_wconf 79' lang='grc' dir='ltr'>δοξάζειν</span> <span class='ocrx_word' id='word_1_733' title='bbox 3580 3639 3667 3711; x_wconf 78' lang='grc' dir='ltr'>τὸν</span> <span class='ocrx_word' id='word_1_734' title='bbox 3696 3650 3774 3686; x_wconf 76' lang='grc' dir='ltr'>πε·</span> 
     </span>
    </p>
   </div>
   <div class='ocr_carea' id='block_1_93' title="bbox 2248 3728 3774 3812">
    <p class='ocr_par' dir='ltr' id='par_1_93' title="bbox 2248 3728 3774 3812">
     <span class='ocr_line' id='line_1_93' title="bbox 2248 3728 3774 3812; baseline -0.008 -17"><span class='ocrx_word' id='word_1_735' title='bbox 2248 3739 2535 3808; x_wconf 82' lang='grc' dir='ltr'>ποιηκότα,</span> <span class='ocrx_word' id='word_1_736' title='bbox 2560 3739 2657 3792; x_wconf 80' lang='grc' dir='ltr'>καὶ</span> <span class='ocrx_word' id='word_1_737' title='bbox 2698 3738 2790 3793; x_wconf 79' lang='grc' dir='ltr'>τὸν</span> <span class='ocrx_word' id='word_1_738' title='bbox 2811 3739 3010 3812; x_wconf 82' lang='grc' dir='ltr'>θεατὴν</span> <span class='ocrx_word' id='word_1_739' title='bbox 3056 3740 3284 3809; x_wconf 70' lang='grc' dir='ltr'>ἐνάγειν</span> <span class='ocrx_word' id='word_1_740' title='bbox 3315 3742 3392 3804; x_wconf 83' lang='grc' dir='ltr'>είς</span> <span class='ocrx_word' id='word_1_741' title='bbox 3427 3736 3678 3809; x_wconf 83' lang='grc' dir='ltr'>εὐφημίαν</span> <span class='ocrx_word' id='word_1_742' title='bbox 3701 3728 3774 3782; x_wconf 80' lang='grc' dir='ltr'>τοῦ</span> 
     </span>
    </p>
   </div>
   <div class='ocr_carea' id='block_1_94' title="bbox 2249 3834 3193 3906">
    <p class='ocr_par' dir='ltr' id='par_1_94' title="bbox 2249 3834 3193 3906">
     <span class='ocr_line' id='line_1_94' title="bbox 2249 3834 3193 3906; baseline 0.004 -19"><span class='ocrx_word' id='word_1_743' title='bbox 2249 3834 2681 3906; x_wconf 80' lang='grc' dir='ltr'>τεκτηναμένου.</span> <span class='ocrx_word' id='word_1_744' title='bbox 3176 3842 3193 3853; x_wconf 87' lang='grc'><strong>“</strong></span> 
     </span>
    </p>
   </div>
   <div class='ocr_carea' id='block_1_95' title="bbox 2322 3956 3774 4039">
    <p class='ocr_par' dir='ltr' id='par_1_95' title="bbox 2322 3956 3774 4039">
     <span class='ocr_line' id='line_1_95' title="bbox 2322 3956 3774 4039; baseline -0.011 -15"><span class='ocrx_word' id='word_1_745' title='bbox 2322 3967 2389 4039; x_wconf 81' lang='grc' dir='ltr'>β’.</span> <span class='ocrx_word' id='word_1_746' title='bbox 2406 3964 2566 4021; x_wconf 71' lang='grc' dir='ltr'>Λίνον</span> <span class='ocrx_word' id='word_1_747' title='bbox 2578 3961 2679 4026; x_wconf 81' lang='grc' dir='ltr'>,οὖν</span> <span class='ocrx_word' id='word_1_748' title='bbox 2694 3965 2881 4020; x_wconf 80' lang='grc' dir='ltr'>τοῦτόν</span> <span class='ocrx_word' id='word_1_749' title='bbox 2910 3982 3065 4038; x_wconf 89' lang='grc' dir='ltr'>φησι,</span> <span class='ocrx_word' id='word_1_750' title='bbox 3096 3965 3155 4019; x_wconf 82' lang='grc' dir='ltr'>τὸ</span> <span class='ocrx_word' id='word_1_751' title='bbox 3175 3963 3376 4028; x_wconf 88' lang='grc' dir='ltr'>κάλλος</span> <span class='ocrx_word' id='word_1_752' title='bbox 3392 3963 3496 4018; x_wconf 87' lang='grc' dir='ltr'>τῶν</span> <span class='ocrx_word' id='word_1_753' title='bbox 3520 3956 3774 4030; x_wconf 84' lang='grc' dir='ltr'>γενομένων</span> 
     </span>
    </p>
   </div>
   <div class='ocr_carea' id='block_1_96' title="bbox 2250 4045 3772 4137">
    <p class='ocr_par' dir='ltr' id='par_1_96' title="bbox 2250 4045 3772 4137">
     <span class='ocr_line' id='line_1_96' title="bbox 2250 4045 3772 4137; baseline -0.002 -18"><span class='ocrx_word' id='word_1_754' title='bbox 2250 4064 2434 4119; x_wconf 87' lang='grc' dir='ltr'>τίκτον</span> <span class='ocrx_word' id='word_1_755' title='bbox 2474 4063 2800 4137; x_wconf 82' lang='grc' dir='ltr'>ὐμνολογίαν</span> <span class='ocrx_word' id='word_1_756' title='bbox 2825 4061 2905 4133; x_wconf 84' lang='grc' dir='ltr'>τῷ</span> <span class='ocrx_word' id='word_1_757' title='bbox 2930 4063 3272 4130; x_wconf 79' lang='grc' dir='ltr'>πεποιηκότι.</span> <span class='ocrx_word' id='word_1_758' title='bbox 3289 4063 3464 4132; x_wconf 84' lang='grc' dir='ltr'>Ὅπερ</span> <span class='ocrx_word' id='word_1_759' title='bbox 3487 4059 3574 4113; x_wconf 74' lang='grc' dir='ltr'>καὶ</span> <span class='ocrx_word' id='word_1_760' title='bbox 3606 4056 3632 4107; x_wconf 84' lang='grc' dir='ltr'>ὁ</span> <span class='ocrx_word' id='word_1_761' title='bbox 3651 4045 3772 4125; x_wconf 70' lang='grc'><strong>[4911</strong></span> 
     </span>
    </p>
   </div>
   <div class='ocr_carea' id='block_1_97' title="bbox 2251 4151 3776 4231">
    <p class='ocr_par' dir='ltr' id='par_1_97' title="bbox 2251 4151 3776 4231">
     <span class='ocr_line' id='line_1_97' title="bbox 2251 4151 3776 4231; baseline -0.01 -13"><span class='ocrx_word' id='word_1_762' title='bbox 2251 4161 2464 4225; x_wconf 82' lang='grc' dir='ltr'>Παῦλος</span> <span class='ocrx_word' id='word_1_763' title='bbox 2485 4160 2666 4231; x_wconf 87' lang='grc' dir='ltr'>δηλοῖ·</span> <span class='ocrx_word' id='word_1_764' title='bbox 2696 4160 2771 4215; x_wconf 84' lang='grc' dir='ltr'>Τὰ</span> <span class='ocrx_word' id='word_1_765' title='bbox 2792 4159 2899 4229; x_wconf 76' lang='grc' dir='ltr'>γὰρ</span> <span class='ocrx_word' id='word_1_766' title='bbox 2923 4158 3145 4226; x_wconf 78' lang='grc' dir='ltr'>ἀόρατα</span> <span class='ocrx_word' id='word_1_767' title='bbox 3170 4157 3295 4212; x_wconf 75' lang='grc' dir='ltr'>ἀπὸ</span> <span class='ocrx_word' id='word_1_768' title='bbox 3326 4158 3565 4220; x_wconf 80' lang='grc' dir='ltr'>κτίσεως</span> <span class='ocrx_word' id='word_1_769' title='bbox 3588 4151 3776 4215; x_wconf 82' lang='grc' dir='ltr'>κόσμου</span> 
     </span>
    </p>
   </div>
   <div class='ocr_carea' id='block_1_98' title="bbox 2252 4240 3776 4326">
    <p class='ocr_par' dir='ltr' id='par_1_98' title="bbox 2252 4240 3776 4326">
     <span class='ocr_line' id='line_1_98' title="bbox 2252 4240 3776 4326; baseline -0.01 -13"><span class='ocrx_word' id='word_1_770' title='bbox 2252 4258 2379 4324; x_wconf 84' lang='grc' dir='ltr'>τοῖς</span> <span class='ocrx_word' id='word_1_771' title='bbox 2424 4256 2715 4326; x_wconf 75' lang='grc' dir='ltr'>ποιήμασι</span> <span class='ocrx_word' id='word_1_772' title='bbox 2746 4254 3044 4323; x_wconf 78' lang='grc' dir='ltr'>νοούμενα</span> <span class='ocrx_word' id='word_1_773' title='bbox 3087 4251 3430 4321; x_wconf 78' lang='grc' dir='ltr'>καθορᾶτω,</span> <span class='ocrx_word' id='word_1_774' title='bbox 3465 4249 3503 4317; x_wconf 83' lang='grc' dir='ltr'><strong><em>ἦ</em></strong></span> <span class='ocrx_word' id='word_1_775' title='bbox 3533 4263 3590 4301; x_wconf 87' lang='grc' dir='ltr'>τε</span> <span class='ocrx_word' id='word_1_776' title='bbox 3624 4240 3776 4301; x_wconf 76' lang='grc' dir='ltr'>ἀΐδιος</span> 
     </span>
    </p>
   </div>
   <div class='ocr_carea' id='block_1_99' title="bbox 2251 4334 3773 4421">
    <p class='ocr_par' dir='ltr' id='par_1_99' title="bbox 2251 4334 3773 4421">
     <span class='ocr_line' id='line_1_99' title="bbox 2251 4334 3773 4421; baseline -0.007 -10"><span class='ocrx_word' id='word_1_777' title='bbox 2251 4354 2438 4411; x_wconf 83' lang='grc' dir='ltr'>αὐτοῦ</span> <span class='ocrx_word' id='word_1_778' title='bbox 2468 4352 2721 4421; x_wconf 82' lang='grc' dir='ltr'>δύναμις</span> <span class='ocrx_word' id='word_1_779' title='bbox 2765 4350 2866 4404; x_wconf 74' lang='grc' dir='ltr'>καὶ</span> <span class='ocrx_word' id='word_1_780' title='bbox 2921 4350 3177 4416; x_wconf 84' lang='grc' dir='ltr'>θειότης.</span> <span class='ocrx_word' id='word_1_781' title='bbox 3222 4350 3336 4403; x_wconf 83' lang='lat' dir='ltr'><strong><em>Kal</em></strong></span> <span class='ocrx_word' id='word_1_782' title='bbox 3381 4350 3413 4402; x_wconf 88' lang='lat'>6</span> <span class='ocrx_word' id='word_1_783' title='bbox 3445 4343 3699 4418; x_wconf 77' lang='grc' dir='ltr'>προφήτης</span> <span class='ocrx_word' id='word_1_784' title='bbox 3728 4334 3773 4387; x_wconf 58' lang='grc' dir='ltr'>δὲ</span> 
     </span>
    </p>
   </div>
   <div class='ocr_carea' id='block_1_100' title="bbox 2252 4433 3773 4516">
    <p class='ocr_par' dir='ltr' id='par_1_100' title="bbox 2252 4433 3773 4516">
     <span class='ocr_line' id='line_1_100' title="bbox 2252 4433 3773 4516; baseline -0.01 -12"><span class='ocrx_word' id='word_1_785' title='bbox 2252 4445 2424 4516; x_wconf 74' lang='grc' dir='ltr'>οὗτος,</span> <span class='ocrx_word' id='word_1_786' title='bbox 2449 4447 2618 4502; x_wconf 82' lang='grc' dir='ltr'>εἰπὼν</span> <span class='ocrx_word' id='word_1_787' title='bbox 2644 4445 2715 4500; x_wconf 86' lang='grc' dir='ltr'>τά</span> <span class='ocrx_word' id='word_1_788' title='bbox 2734 4445 3032 4516; x_wconf 83' lang='grc' dir='ltr'>κτίσματα,</span> <span class='ocrx_word' id='word_1_789' title='bbox 3052 4447 3148 4499; x_wconf 74' lang='grc' dir='ltr'>καὶ</span> <span class='ocrx_word' id='word_1_790' title='bbox 3168 4447 3233 4516; x_wconf 81' lang='grc' dir='ltr'>τῇ</span> <span class='ocrx_word' id='word_1_791' title='bbox 3260 4445 3381 4515; x_wconf 64' lang='grc' dir='ltr'>ϐψει</span> <span class='ocrx_word' id='word_1_792' title='bbox 3407 4442 3511 4496; x_wconf 87' lang='grc' dir='ltr'>τῶν</span> <span class='ocrx_word' id='word_1_793' title='bbox 3535 4433 3773 4505; x_wconf 78' lang='grc' dir='ltr'>θεωμένων</span> 
     </span>
    </p>
   </div>
   <div class='ocr_carea' id='block_1_101' title="bbox 2253 4524 3774 4611">
    <p class='ocr_par' dir='ltr' id='par_1_101' title="bbox 2253 4524 3774 4611">
     <span class='ocr_line' id='line_1_101' title="bbox 2253 4524 3774 4611; baseline -0.016 -11"><span class='ocrx_word' id='word_1_794' title='bbox 2253 4543 2566 4601; x_wconf 86' lang='grc' dir='ltr'>καταλιπὼν</span> <span class='ocrx_word' id='word_1_795' title='bbox 2587 4541 2650 4595; x_wconf 81' lang='grc' dir='ltr'>τὸ</span> <span class='ocrx_word' id='word_1_796' title='bbox 2671 4539 2867 4604; x_wconf 88' lang='grc' dir='ltr'>κάλλος</span> <span class='ocrx_word' id='word_1_797' title='bbox 2885 4539 3067 4593; x_wconf 86' lang='grc' dir='ltr'>αὐτῶν</span> <span class='ocrx_word' id='word_1_798' title='bbox 3088 4540 3517 4611; x_wconf 79' lang='grc' dir='ltr'>καταμανθάνειν</span> <span class='ocrx_word' id='word_1_799' title='bbox 3534 4527 3686 4589; x_wconf 75' lang='grc' dir='ltr'>καὶτὸ</span> <span class='ocrx_word' id='word_1_800' title='bbox 3708 4524 3774 4596; x_wconf 85' lang='grc' dir='ltr'>μέ-</span> 
     </span>
    </p>
   </div>
   <div class='ocr_carea' id='block_1_102' title="bbox 2252 4624 3772 4712">
    <p class='ocr_par' dir='ltr' id='par_1_102' title="bbox 2252 4624 3772 4712">
     <span class='ocr_line' id='line_1_102' title="bbox 2252 4624 3772 4712; baseline -0.009 -17"><span class='ocrx_word' id='word_1_801' title='bbox 2252 4643 2410 4712; x_wconf 82' lang='grc' dir='ltr'>γεθος</span> <span class='ocrx_word' id='word_1_802' title='bbox 2442 4640 2537 4694; x_wconf 74' lang='grc' dir='ltr'>καὶ</span> <span class='ocrx_word' id='word_1_803' title='bbox 2565 4638 2666 4710; x_wconf 80' lang='grc' dir='ltr'>τὴν</span> <span class='ocrx_word' id='word_1_804' title='bbox 2714 4636 2926 4709; x_wconf 83' lang='grc' dir='ltr'>χρείαν,</span> <span class='ocrx_word' id='word_1_805' title='bbox 2958 4637 3120 4701; x_wconf 79' lang='grc' dir='ltr'>αὐτὸς</span> <span class='ocrx_word' id='word_1_806' title='bbox 3142 4636 3337 4709; x_wconf 72' lang='grc' dir='ltr'>ἑτέραν</span> <span class='ocrx_word' id='word_1_807' title='bbox 3377 4634 3577 4705; x_wconf 89' lang='grc' dir='ltr'>τίθησιν</span> <span class='ocrx_word' id='word_1_808' title='bbox 3612 4624 3772 4682; x_wconf 65' lang='grc' dir='ltr'>αἰτίαν,</span> 
     </span>
    </p>
   </div>
   <div class='ocr_carea' id='block_1_103' title="bbox 2253 4719 3773 4807">
    <p class='ocr_par' dir='ltr' id='par_1_103' title="bbox 2253 4719 3773 4807">
     <span class='ocr_line' id='line_1_103' title="bbox 2253 4719 3773 4807; baseline -0.007 -15"><span class='ocrx_word' id='word_1_809' title='bbox 2253 4737 2447 4807; x_wconf 83' lang='grc' dir='ltr'>λέγων,</span> <span class='ocrx_word' id='word_1_810' title='bbox 2495 4737 2578 4790; x_wconf 84' lang='grc' dir='ltr'>δτι</span> <span class='ocrx_word' id='word_1_811' title='bbox 2600 4722 2811 4801; x_wconf 76' lang='grc' dir='ltr'>Ἀὐτὸς</span> <span class='ocrx_word' id='word_1_812' title='bbox 2855 4729 3014 4798; x_wconf 73' lang='grc' dir='ltr'>εἷπε,</span> <span class='ocrx_word' id='word_1_813' title='bbox 3055 4734 3156 4786; x_wconf 80' lang='grc' dir='ltr'>καὶ</span> <span class='ocrx_word' id='word_1_814' title='bbox 3197 4732 3592 4803; x_wconf 76' lang='grc' dir='ltr'>ἐγενήθησαν·</span> <span class='ocrx_word' id='word_1_815' title='bbox 3628 4719 3773 4782; x_wconf 77' lang='grc' dir='ltr'>αὐτὸς</span> 
     </span>
    </p>
   </div>
   <div class='ocr_carea' id='block_1_104' title="bbox 2252 4816 3773 4900">
    <p class='ocr_par' dir='ltr' id='par_1_104' title="bbox 2252 4816 3773 4900">
     <span class='ocr_line' id='line_1_104' title="bbox 2252 4816 3773 4900; baseline -0.008 -11"><span class='ocrx_word' id='word_1_816' title='bbox 2252 4833 2611 4900; x_wconf 83' lang='grc' dir='ltr'>ἐνετείλατο,</span> <span class='ocrx_word' id='word_1_817' title='bbox 2649 4831 2749 4887; x_wconf 74' lang='grc' dir='ltr'>καὶ</span> <span class='ocrx_word' id='word_1_818' title='bbox 2789 4830 3181 4898; x_wconf 82' lang='grc' dir='ltr'>ἐκτίσθησαν.</span> <span class='ocrx_word' id='word_1_819' title='bbox 3227 4831 3520 4897; x_wconf 80' lang='grc' dir='ltr'>Ἕστησεν</span> <span class='ocrx_word' id='word_1_820' title='bbox 3549 4821 3682 4878; x_wconf 80' lang='grc' dir='ltr'>αὐτὰ</span> <span class='ocrx_word' id='word_1_821' title='bbox 3704 4816 3773 4877; x_wconf 74' lang='grc' dir='ltr'>εις</span> 
     </span>
    </p>
   </div>
   <div class='ocr_carea' id='block_1_105' title="bbox 2252 4913 3771 4996">
    <p class='ocr_par' dir='ltr' id='par_1_105' title="bbox 2252 4913 3771 4996">
     <span class='ocr_line' id='line_1_105' title="bbox 2252 4913 3771 4996; baseline -0.008 -11"><span class='ocrx_word' id='word_1_822' title='bbox 2252 4930 2363 4986; x_wconf 83' lang='grc' dir='ltr'>τὸν</span> <span class='ocrx_word' id='word_1_823' title='bbox 2397 4930 2598 4996; x_wconf 75' lang='grc' dir='ltr'>αἰῶνα,</span> <span class='ocrx_word' id='word_1_824' title='bbox 2639 4929 2738 4982; x_wconf 73' lang='grc' dir='ltr'>καὶ</span> <span class='ocrx_word' id='word_1_825' title='bbox 2770 4930 2858 4995; x_wconf 82' lang='grc' dir='ltr'>εὶς</span> <span class='ocrx_word' id='word_1_826' title='bbox 2886 4928 2993 4982; x_wconf 84' lang='grc' dir='ltr'>τὸν</span> <span class='ocrx_word' id='word_1_827' title='bbox 3018 4925 3203 4982; x_wconf 83' lang='grc' dir='ltr'>αίῶνα</span> <span class='ocrx_word' id='word_1_828' title='bbox 3232 4926 3339 4981; x_wconf 87' lang='grc' dir='ltr'>τοῦ</span> <span class='ocrx_word' id='word_1_829' title='bbox 3366 4922 3585 4987; x_wconf 69' lang='grc' dir='ltr'>αἰῶνος.</span> <span class='ocrx_word' id='word_1_830' title='bbox 3614 4913 3771 4985; x_wconf 80' lang='grc' dir='ltr'>Πρόσ-</span> 
     </span>
    </p>
   </div>
   <div class='ocr_carea' id='block_1_106' title="bbox 2261 5024 3397 5099">
    <p class='ocr_par' dir='ltr' id='par_1_106' title="bbox 2261 5024 3397 5099">
     <span class='ocr_line' id='line_1_106' title="bbox 2261 5024 3397 5099; baseline -0.006 -16"><span class='ocrx_word' id='word_1_831' title='bbox 2261 5045 2455 5099; x_wconf 57' lang='lat' dir='ltr'><strong><em>tanta</em></strong></span> <span class='ocrx_word' id='word_1_832' title='bbox 2472 5028 2664 5092; x_wconf 66' lang='grc' dir='ltr'>ἔθετο,</span> <span class='ocrx_word' id='word_1_833' title='bbox 2694 5025 2794 5080; x_wconf 75' lang='grc' dir='ltr'>καὶ</span> <span class='ocrx_word' id='word_1_834' title='bbox 2832 5026 2907 5080; x_wconf 84' lang='grc' dir='ltr'>οὐ</span> <span class='ocrx_word' id='word_1_835' title='bbox 2950 5024 3397 5093; x_wconf 78' lang='grc' dir='ltr'>παρελεύσεται.</span> 
     </span>
    </p>
   </div>
   <div class='ocr_carea' id='block_1_107' title="bbox 2328 5137 3769 5231">
    <p class='ocr_par' dir='ltr' id='par_1_107' title="bbox 2328 5137 3769 5231">
     <span class='ocr_line' id='line_1_107' title="bbox 2328 5137 3769 5231; baseline -0.008 -16"><span class='ocrx_word' id='word_1_836' title='bbox 2328 5162 2450 5216; x_wconf 87' lang='grc' dir='ltr'>Ὅτι</span> <span class='ocrx_word' id='word_1_837' title='bbox 2483 5160 2584 5231; x_wconf 82' lang='grc' dir='ltr'>μὲν</span> <span class='ocrx_word' id='word_1_838' title='bbox 2611 5153 2703 5214; x_wconf 72' lang='grc' dir='ltr'>οὖν</span> <span class='ocrx_word' id='word_1_839' title='bbox 2743 5158 2884 5212; x_wconf 84' lang='grc' dir='ltr'>καλὰ</span> <span class='ocrx_word' id='word_1_840' title='bbox 2917 5159 3013 5213; x_wconf 72' lang='grc' dir='ltr'>καὶ</span> <span class='ocrx_word' id='word_1_841' title='bbox 3039 5157 3336 5229; x_wconf 86' lang='grc' dir='ltr'>θαυμάσια,</span> <span class='ocrx_word' id='word_1_842' title='bbox 3366 5154 3455 5209; x_wconf 84' lang='grc' dir='ltr'>καὶ</span> <span class='ocrx_word' id='word_1_843' title='bbox 3475 5146 3602 5217; x_wconf 78' lang='grc' dir='ltr'>αὐτὴ</span> <span class='ocrx_word' id='word_1_844' title='bbox 3627 5137 3769 5213; x_wconf 48' lang='lat' dir='ltr'>Md!“</span> 
     </span>
    </p>
   </div>
   <div class='ocr_carea' id='block_1_108' title="bbox 2256 5239 3766 5338">
    <p class='ocr_par' dir='ltr' id='par_1_108' title="bbox 2256 5239 3766 5338">
     <span class='ocr_line' id='line_1_108' title="bbox 2256 5239 3766 5338; baseline -0.014 -25"><span class='ocrx_word' id='word_1_845' title='bbox 2256 5259 2437 5330; x_wconf 84' lang='grc' dir='ltr'>δηλοῖ·</span> <span class='ocrx_word' id='word_1_846' title='bbox 2471 5258 2553 5311; x_wconf 84' lang='grc' dir='ltr'>ὃτι</span> <span class='ocrx_word' id='word_1_847' title='bbox 2581 5257 2636 5311; x_wconf 85' lang='grc' dir='ltr'>δὲ</span> <span class='ocrx_word' id='word_1_848' title='bbox 2658 5258 2751 5310; x_wconf 71' lang='grc' dir='ltr'>καὶ</span> <span class='ocrx_word' id='word_1_849' title='bbox 2774 5253 3106 5327; x_wconf 81' lang='grc' dir='ltr'>δημιουργὸν</span> <span class='ocrx_word' id='word_1_850' title='bbox 3133 5254 3265 5324; x_wconf 72' lang='grc' dir='ltr'>ἔχει,</span> <span class='ocrx_word' id='word_1_851' title='bbox 3295 5251 3387 5306; x_wconf 76' lang='grc' dir='ltr'>καὶ</span> <span class='ocrx_word' id='word_1_852' title='bbox 3414 5248 3508 5302; x_wconf 81' lang='grc' dir='ltr'>οὐκ</span> <span class='ocrx_word' id='word_1_853' title='bbox 3532 5239 3766 5338; x_wconf 59' lang='grc' dir='ltr'>αὐτδμαξιι</span> 
     </span>
    </p>
   </div>
   <div class='ocr_carea' id='block_1_109' title="bbox 2257 5333 3767 5439">
    <p class='ocr_par' dir='ltr' id='par_1_109' title="bbox 2257 5333 3767 5439">
     <span class='ocr_line' id='line_1_109' title="bbox 2257 5333 3767 5439; baseline -0.015 -28"><span class='ocrx_word' id='word_1_854' title='bbox 2257 5357 2449 5419; x_wconf 78' lang='grc' dir='ltr'>ταῦτα,</span> <span class='ocrx_word' id='word_1_855' title='bbox 2483 5354 2602 5408; x_wconf 79' lang='grc' dir='ltr'>οὐδὲ</span> <span class='ocrx_word' id='word_1_856' title='bbox 2636 5352 2893 5423; x_wconf 86' lang='grc' dir='ltr'>ἀγένητα,</span> <span class='ocrx_word' id='word_1_857' title='bbox 2928 5351 3109 5404; x_wconf 82' lang='grc' dir='ltr'>ἱκανὸν</span> <span class='ocrx_word' id='word_1_858' title='bbox 3147 5350 3247 5420; x_wconf 81' lang='grc' dir='ltr'>μὲν</span> <span class='ocrx_word' id='word_1_859' title='bbox 3277 5346 3368 5402; x_wconf 81' lang='grc' dir='ltr'>καὶ</span> <span class='ocrx_word' id='word_1_860' title='bbox 3404 5333 3667 5439; x_wconf 37' lang='grc' dir='ltr'>τοῦτο-ἀπὸ</span> 
     </span>
    </p>
   </div>
   <div class='ocr_carea' id='block_1_110' title="bbox 2259 5433 3751 5525">
    <p class='ocr_par' dir='ltr' id='par_1_110' title="bbox 2259 5433 3751 5525">
     <span class='ocr_line' id='line_1_110' title="bbox 2259 5433 3751 5525; baseline -0.013 -19"><span class='ocrx_word' id='word_1_861' title='bbox 2259 5451 2553 5525; x_wconf 81' lang='grc' dir='ltr'>ἑρμηνείας</span> <span class='ocrx_word' id='word_1_862' title='bbox 2580 5448 2749 5518; x_wconf 82' lang='grc' dir='ltr'>αὐτῆς</span> <span class='ocrx_word' id='word_1_863' title='bbox 2781 5446 3036 5501; x_wconf 82' lang='grc' dir='ltr'>κατιδεῖν.</span> <span class='ocrx_word' id='word_1_864' title='bbox 3055 5446 3119 5498; x_wconf 85' lang='grc' dir='ltr'><strong>Εἰ</strong></span> <span class='ocrx_word' id='word_1_865' title='bbox 3145 5444 3203 5497; x_wconf 82' lang='grc' dir='ltr'>δέ</span> <span class='ocrx_word' id='word_1_866' title='bbox 3225 5459 3305 5506; x_wconf 88' lang='grc' dir='ltr'>τις</span> <span class='ocrx_word' id='word_1_867' title='bbox 3324 5433 3644 5512; x_wconf 73' lang='grc' dir='ltr'>ἀμφιϐάλλοι,</span> <span class='ocrx_word' id='word_1_868' title='bbox 3664 5435 3751 5525; x_wconf 52' lang='grc' dir='ltr'>πξιρ</span> 
     </span>
    </p>
   </div>
   <div class='ocr_carea' id='block_1_111' title="bbox 2258 5519 3760 5620">
    <p class='ocr_par' dir='ltr' id='par_1_111' title="bbox 2258 5519 3760 5620">
     <span class='ocr_line' id='line_1_111' title="bbox 2258 5519 3760 5620; baseline -0.01 -18"><span class='ocrx_word' id='word_1_869' title='bbox 2258 5519 2400 5620; x_wconf 34' lang='grc' dir='ltr'>ἐμοῦ.</span> <span class='ocrx_word' id='word_1_870' title='bbox 2425 5544 2768 5618; x_wconf 88' lang='grc' dir='ltr'>μανθανέτω,</span> <span class='ocrx_word' id='word_1_871' title='bbox 2801 5543 2883 5596; x_wconf 86' lang='grc' dir='ltr'>ὅτι</span> <span class='ocrx_word' id='word_1_872' title='bbox 2912 5541 3244 5613; x_wconf 78' lang='grc' dir='ltr'>δημιουργὸν</span> <span class='ocrx_word' id='word_1_873' title='bbox 3282 5540 3391 5609; x_wconf 74' lang='grc' dir='ltr'>ἔχει</span> <span class='ocrx_word' id='word_1_874' title='bbox 3429 5533 3515 5589; x_wconf 77' lang='grc' dir='ltr'>καὶ</span> <span class='ocrx_word' id='word_1_875' title='bbox 3556 5519 3760 5592; x_wconf 75' lang='grc' dir='ltr'>ποιητὴνι</span> 
     </span>
    </p>
   </div>
   <div class='ocr_carea' id='block_1_112' title="bbox 2260 5620 3759 5715">
    <p class='ocr_par' dir='ltr' id='par_1_112' title="bbox 2260 5620 3759 5715">
     <span class='ocr_line' id='line_1_112' title="bbox 2260 5620 3759 5715; baseline -0.019 -15"><span class='ocrx_word' id='word_1_876' title='bbox 2260 5649 2353 5700; x_wconf 75' lang='grc' dir='ltr'>καὶ</span> <span class='ocrx_word' id='word_1_877' title='bbox 2375 5642 2679 5715; x_wconf 77' lang='grc' dir='ltr'>προνοητὴν</span> <span class='ocrx_word' id='word_1_878' title='bbox 2705 5641 2797 5695; x_wconf 73' lang='grc' dir='ltr'>καὶ</span> <span class='ocrx_word' id='word_1_879' title='bbox 2817 5640 2946 5711; x_wconf 87' lang='grc' dir='ltr'>κηδε</span> <span class='ocrx_word' id='word_1_880' title='bbox 2954 5638 3110 5709; x_wconf 85' lang='grc' dir='ltr'>μόνα.</span> <span class='ocrx_word' id='word_1_881' title='bbox 3129 5637 3233 5689; x_wconf 89' lang='grc' dir='ltr'>Δύο</span> <span class='ocrx_word' id='word_1_882' title='bbox 3249 5639 3350 5705; x_wconf 80' lang='grc' dir='ltr'>γὰρ</span> <span class='ocrx_word' id='word_1_883' title='bbox 3369 5627 3582 5687; x_wconf 70' lang='grc' dir='ltr'>ἐνταῦθα</span> <span class='ocrx_word' id='word_1_884' title='bbox 3599 5620 3759 5715; x_wconf 75' lang='grc' dir='ltr'>τίθησι,</span> 
     </span>
    </p>
   </div>
   <div class='ocr_carea' id='block_1_113' title="bbox 2239 5709 3758 5815">
    <p class='ocr_par' dir='ltr' id='par_1_113' title="bbox 2239 5709 3758 5815">
     <span class='ocr_line' id='line_1_113' title="bbox 2239 5709 3758 5815; baseline -0.022 -17"><span class='ocrx_word' id='word_1_885' title='bbox 2239 5709 2462 5815; x_wconf 77' lang='grc' dir='ltr'>,μᾶλλον</span> <span class='ocrx_word' id='word_1_886' title='bbox 2489 5740 2544 5794; x_wconf 84' lang='grc' dir='ltr'>δὲ</span> <span class='ocrx_word' id='word_1_887' title='bbox 2567 5709 2696 5811; x_wconf 42' lang='grc' dir='ltr'>’τρία</span> <span class='ocrx_word' id='word_1_888' title='bbox 2716 5755 2731 5772; x_wconf 90' lang='grc'>·</span> <span class='ocrx_word' id='word_1_889' title='bbox 2762 5739 2808 5791; x_wconf 85' lang='grc' dir='ltr'>εί</span> <span class='ocrx_word' id='word_1_890' title='bbox 2834 5709 2893 5790; x_wconf 82' lang='grc' dir='ltr'>δέ</span> <span class='ocrx_word' id='word_1_891' title='bbox 2917 5752 2998 5799; x_wconf 86' lang='grc' dir='ltr'>τις</span> <span class='ocrx_word' id='word_1_892' title='bbox 3022 5733 3261 5804; x_wconf 82' lang='grc' dir='ltr'>ἀκριϐῶς</span> <span class='ocrx_word' id='word_1_893' title='bbox 3283 5730 3524 5797; x_wconf 72' lang='grc' dir='ltr'>ἐξετάζοι,</span> <span class='ocrx_word' id='word_1_894' title='bbox 3555 5720 3636 5776; x_wconf 82' lang='grc' dir='ltr'>καὶ</span> <span class='ocrx_word' id='word_1_895' title='bbox 3661 5709 3758 5766; x_wconf 80' lang='grc' dir='ltr'>τέσ-</span> 
     </span>
    </p>
   </div>
  </div>
