4012 6280
317 345 426 404 L85

314 455 482 527 pheta
506 449 688 515 Isaias,
718 455 775 502 ut
794 440 1002 515 quando
1026 437 1191 494 dicit:
1493 427 1625 496 ereti,
1652 432 1700 480 et
1727 418 1904 527 simul:

317 514 387 602 let
427 554 564 598 terra
596 557 615 596 :
642 540 880 612 quamam
920 533 1152 587 misertus
1199 534 1271 581 est
1309 521 1560 587 Dominus
1604 514 1781 617 populi

318 614 470 709 (ισοξ.
497 636 587 691 t9.
622 604 731 702 is).
759 626 1060 697 Quinetiam
1091 620 1178 676 hic
1202 619 1316 689 ipse
1342 625 1555 709 quoque
1581 606 1792 709 quando
1816 604 1904 709 di.

319 696 396 790 cit
417 750 435 785 :
458 728 485 784 1
493 747 526 783 n
544 696 875 791 exitu-Israel
897 719 961 773 de
982 714 1235 787 Egypto,
1262 709 1441 803 domus
1452 702 1614 759 Iacob
1715 696 1906 803 populo

320 824 556 886 barbaro,
584 825 776 872 utentes
802 810 1171 867 exsultauerunt
1197 812 1252 857 ut
1279 800 1478 865 arietes,
1506 804 1553 850 et
1578 793 1743 894 folles
1779 793 1909 894 sicut

319 916 439 988 agni
467 882 632 967 0......
659 905 834 978 (Psal.
867 903 989 959 us.
1022 901 1075 955 ι.
1105 897 1180 967 4).
1213 893 1283 988 ut
1318 903 1503 988 rursus
1543 883 1671 987 alibi
1699 882 1907 988 lamas:

310 970 501 1062 ίὲκινεε
530 970 709 1075 pluunt
742 996 996 1067 justitiam
1024 989 1174 1062 (lsai.
1204 985 1293 1043 ts.
1321 983 1399 1052 s).
1430 979 1503 1075 Ut
1525 973 1783 1075 qui-enim
1810 970 1910 1025 soli

325 1116 433 1158 non
465 1067 732 1152 sulliciant
754 1089 823 1145 ad
869 1087 1035 1143 Deum
1080 1067 1758 1167 laudibuscelebraudum,
1778 1076 1911 1133 quo-

324 1206 433 1261 quo
455 1198 643 1243 versus
665 1182 883 1245 obeunt,
928 1185 987 1229 ut
1013 1185 1201 1228 omnes
1228 1168 1281 1223 in
1310 1160 1549 1261 dicendis
1579 1158 1790 1261 hymnis

324 1245 440 1337 dies
464 1278 747 1348 accipiant.
778 1272 875 1339 llic
895 1276 1075 1322 autem
1104 1263 1206 1317 hoc
1226 1259 1418 1315 crebro
1446 1253 1593 1348 facit,
1618 1259 1679 1348 ut
1700 1245 1913 1348 quando

326 1375 477 1436 dicit.
508 1341 808 1426 lit-adorent
832 1378 946 1418 eum
972 1373 1143 1414 omnes
1158 1352 1325 1425 attgeli
1349 1352 1463 1422 ejus
1489 1345 1664 1419 (Psal.
1695 1341 1911 1436 96:7);

327 1477 385 1523 et
410 1432 617 1527 rursus,
643 1459 877 1514 Potentes
895 1453 1098 1515 uirtute,
1119 1447 1361 1518 facientes
1385 1439 1587 1497 uerbum
1606 1436 1714 1507 ejus
1736 1432 1912 1506 (Psal.

330 1555 602 1706 1020.033:
618 1644 949 1701 Hanicltcos.
973 1667 1045 1679 —-
1070 1636 1237 1692 Porro
1275 1627 1420 1686 aliud
1463 1637 1674 1698 quoque
1720 1636 1788 1676 ex
1834 1617 1918 1674 his

330 1742 631 1799 conﬁrmat.
662 1735 939 1804 Quodnam
959 1732 983 1784 ’ἐ
1007 1729 1084 1785 Ne
1107 1725 1229 1799 quis
1254 1736 1440 1778 eorum
1465 1716 1558 1790 qui
1582 1715 1760 1771 minus
1794 1718 1919 1766 sunt

331 1836 554 1894 rationis
578 1843 874 1900 compotes,
903 1823 1172 1882 existimet
1198 1832 1319 1874 esse
1343 1815 1481 1871 duos
1505 1810 1746 1882 opiﬁces.
1770 1804 1919 1900 Quo-

333 1933 477 1988 niam
505 1927 646 1985 enim
675 1896 903 1980 diversa:
945 1924 1069 1972 sunt
1096 1920 1377 1971 creaturae,
1423 1912 1481 1961 et
1518 1904 1661 1958 inter
1685 1912 1747 1954 se
1789 1896 1919 1988 sub-

335 1986 546 2077 stantiis
570 2015 824 2072 diﬂerunt
852 2009 992 2082 (haec
1034 2000 1321 2063 sensibilis,
1354 1995 1443 2051 illa
1472 1989 1760 2063 spiritalis;
1808 1986 1922 2039 haec

334 2109 581 2173 visibilis,
608 2106 697 2161 illa
721 2099 1037 2163 invisibilis;
1065 2094 1180 2149 haec
1207 2088 1421 2162 quidem
1450 2085 1602 2155 plena
1629 2087 1714 2137 est
1727 2092 1920 2147 corpo-

336 2206 506 2270 ribus,
551 2201 638 2256 illa
664 2210 794 2253 vero
816 2203 901 2250 est
937 2185 1309 2258 incorporea),
1332 2195 1404 2235 ne
1445 2177 1567 2248 quis
1591 2190 1657 2230 ex
1699 2183 1921 2270 operum

336 2260 636 2351 diderentia
662 2288 905 2345 diversos
946 2279 1221 2337 induceret
1247 2271 1489 2344 opiﬁces,
1520 2279 1681 2321 unum
1726 2260 1925 2317 consti-

339 2386 443 2441 tuit
465 2384 711 2446 chorum,
741 2390 906 2432 unum
936 2387 1005 2427 ex
1033 2366 1280 2423 omnibus
1302 2364 1353 2418 ei
1378 2359 1642 2416 canticum
1670 2352 1922 2415 adurens,

339 2485 398 2533 et
440 2471 685 2532 eumdem
734 2468 900 2523 Deum
930 2462 1115 2518 dicens
1157 2455 1356 2512 debere
1396 2449 1597 2506 laudari
1636 2460 1667 2500 a
1695 2455 1924 2514 superna

340 2579 584 2625 creatura
603 2571 659 2618 et
680 2559 901 2623 inferna,
928 2555 1051 2609 hinc
1069 2561 1285 2621 quoque
1305 2539 1595 2603 ostendens
1614 2549 1735 2638 esse
1761 2548 1925 2637 unum

343 2661 619 2728 utriusque
645 2651 925 2724 Opilicem.
956 2648 1001 2702 Α
1032 2639 1279 2714 supernis
1318 2645 1497 2691 autem
1528 2630 1675 2728 prius
1705 2630 1925 2695 incipit,

342 2722 574 2813 dicens:
607 2722 835 2803 Laudare
854 2750 1175 2806 eum,omnes
1184 2730 1351 2803 angeli
1375 2729 1484 2798 ejus
1505 2741 1524 2779 :
1544 2722 1751 2824 laudate
1774 2735 1887 2822 eum
1910 2755 1926 2782 ,

342 2860 516 2903 omnes
550 2842 752 2896 uirtutes
780 2837 889 2898 eius
916 2828 1011 2900 (a).
1051 2826 1235 2889 Alius,
1266 2820 1452 2876 Omnes
1492 2820 1931 2914 sacratusneiusv

343 2937 529 2991 dicens
569 2925 855 2986 Cherublm
878 2964 893 2989 ,
923 2916 1203 2987 Seraphin»
1223 2952 1238 2978 ,
1270 2908 1686 2973 Dominationes,
1728 2903 1932 2959 Princi-

345 3038 523 3100 patus,
570 3024 887 3079 Potestates.
926 3013 1041 3069 Hoc
1065 3016 1151 3065 est
1187 3004 1349 3061 animi
1376 3000 1531 3100 valde
1554 2996 1798 3100 ine-ensi,
1829 2994 1933 3048 hoc

346 3089 583 3176 ardentis
609 3111 827 3177 amoris,
870 3117 1057 3163 omnes
1081 3100 1314 3157 excitare
1350 3095 1417 3150 ad
1447 3089 1768 3148 laudandum
1808 3100 1929 3142 cum

345 3213 440 3285 qui
485 3218 691 3265 amatur
716 3222 730 3258 :
757 3203 860 3258 hoc
901 3198 1064 3255 animi
1111 3194 1199 3265 qui
1248 3203 1496 3285 magnam
1536 3183 1750 3285 assidue
1790 3180 1934 3285 capit

347 3276 675 3375 voluptatem
701 3300 754 3353 in
782 3292 1101 3365 cogitatione
1141 3287 1209 3342 de
1236 3286 1345 3340 Deo
1367 3323 1382 3346 ,
1408 3280 1520 3375 qui.
1541 3283 1723 3375 stupet
1750 3284 1803 3330 et
1828 3276 1932 3375 mi-

348 3363 500 3454 ratur
524 3395 639 3463 ejus
666 3363 909 3460 gloriam.
941 3385 994 3438 '5.
1029 3378 1260 3433 Laudato
1278 3389 1412 3436 eum,
1441 3368 1533 3467 sol
1547 3368 1744 3467 etuluna
1822 3363 1934 3467 lan-

350 3491 470 3544 date
497 3456 632 3550 eam,
656 3456 827 3535 domes
847 3475 1006 3530 stellre
1028 3480 1074 3526 et
1089 3471 1275 3524 lumen.
1300 3465 1469 3529 Alius,
1495 3460 1671 3517 Stella:
1687 3457 1811 3511 lucis
1832 3456 1931 3528 (ὁ).

349 3583 407 3636 ι.
454 3576 682 3633 Laudate
721 3586 870 3631 eum,
910 3564 1020 3620 (teli
1057 3560 1294 3616 calorum
1321 3571 1339 3609 :
1368 3561 1416 3608 et
1452 3566 1601 3623 aquae
1639 3563 1753 3620 quae
1787 3562 1938 3616 super

350 3675 503 3732 caelos
537 3677 681 3733 sunt,
728 3665 783 3720 5.
816 3660 1019 3715 laudent
1061 3669 1242 3709 nomen
1279 3646 1503 3704 Domini.
1552 3642 1807 3710 Quoniam
1832 3641 1939 3711 ipse

353 3768 503 3830 dixit,
525 3774 574 3819 et
602 3766 740 3834 facta
779 3765 894 3812 sunt
921 3769 939 3807 :
962 3752 1069 3822 ipse
1103 3744 1453 3838 mandavit,“
1496 3744 1839 3838 creatis-eunt.
1880 3733 1934 3786 6.

356 3826 550 3915 Statuit
679 3851 735 3904 in
770 3844 1032 3907 steculum,
1079 3846 1124 3890 cl
1151 3838 1207 3890 in
1246 3832 1485 3889 swculum
1518 3827 1708 3883 saeculi.
1749 3826 1898 3927 Alius
1922 3864 1935 3886 ,

356 3947 550 4007 Statuit
586 3959 643 3997 ea
687 3953 891 3994 manere
932 3940 1171 4005 perpetuo
1199 3924 1293 3999 (ο).
1339 3922 1661 3990 Prwceptum
1689 3922 1877 4007 posuit,
1895 3923 1941 3966 et

356 4005 459 4095 non
491 4030 781 4108 prateribit.
809 4027 1064 4094 Quaenam
1091 4021 1404 4112 causaest,
1424 4009 1715 4112 quod-cum

357 4098 587 4187 lestihus
630 4118 981 4195 potestatibus
1022 4126 1187 4185 pauca
1233 4106 1462 4170 dixerit,
1505 4100 1657 4195 illinc
1694 4098 1944 4195 celeriter

360 4217 612 4277 resilierit
634 4189 653 4268 Ξ
678 4223 730 4269 et
756 4227 877 4268 cum
907 4206 974 4261 ad
1003 4221 1064 4261 ea
1089 4217 1210 4274 quae
1252 4198 1502 4254 videntur
1524 4192 1820 4249 orationem
1846 4189 1943 4244 de-

361 4310 594 4374 duxerit,
637 4306 706 4362 de
739 4302 844 4359 illis
884 4297 1139 4370 prolixius
1185 4289 1422 4353 disserit,
1450 4286 1629 4343 omnia
1673 4282 1943 4386 sigillatin:

362 4412 712 4477 persequens,
760 4409 880 4466 quze
924 4387 1143 4477 inferius
1189 4388 1445 4477 sunt,het
1488 4393 1608 4477 qua:
1642 4373 1947 4477 superius?-

362 4467 625 4562 Quoniam
650 4503 712 4543 ca
757 4490 912 4541 erant
952 4475 1315 4535 manifestiora
1346 4472 1411 4527 iis
1435 4470 1524 4562 qui
1554 4467 1949 4562 audiebant,_ut

363 4556 485 4655 (pun
527 4578 860 4639 videbantur,
891 4581 942 4627 et
984 4567 1156 4639 posita
1200 4560 1467 4655 erant‘ob
1502 4559 1702 4655 oculos.
1736 4556 1804 4611 Et
1831 4556 1950 4610 ideo

366 4650 541 4732 bloses
567 4682 776 4743 quoque
801 4665 867 4720 de
892 4659 1105 4732 opiﬁcio
1140 4666 1193 4712 et
1217 4653 1488 4710 creatione
1525 4650 1812 4752 incipiens,
1828 4662 1948 4702 cum

366 4769 435 4825 de
460 4739 707 4835 supernis
735 4757 863 4814 nihil
894 4769 993 4809 nec
1029 4762 1277 4820 magnum
1305 4758 1404 4800 nec
1443 4756 1664 4835 parvum
1705 4739 1947 4835 dixisset,

368 4874 397 4913 a
428 4832 560 4912 excto
580 4863 635 4909 et
661 4862 799 4906 terra
824 4846 968 4903 ducit
992 4841 1296 4902 exordium,
1323 4838 1377 4891 et
1402 4848 1500 4906 per
1525 4832 1716 4895 solem,
1750 4832 1949 4895 lunam,

372 4950 588 5013 herbas,
611 4942 867 5004 natantia,
887 4948 938 4995 et
958 4930 1330 5008 quadrupedes
1349 4926 1631 4991 transiens,
1659 4926 1713 4979 in
1736 4923 1953 4978 homine

372 5042 587 5100 desiuit.
614 5035 787 5093 (ludos
812 5041 987 5087 autem
1015 5026 1266 5083 caelorum
1297 5021 1383 5076 hic
1407 5019 1615 5081 dicens,
1640 5031 1746 5072 nou
1772 5024 1954 5070 osten-

373 5138 450 5194 dit
476 5129 889 5192 multitudinem,
928 5110 1031 5179 sed‘
1065 5120 1207 5175 idem
1248 5115 1408 5171 etiam
1435 5112 1562 5167 dicit
1585 5109 1773 5164 caelum
1811 5106 1951 5162 cadi.

372 5229 725 5286 llebrteorum
766 5220 908 5276 enim
953 5215 1128 5284 lingua
1156 5209 1348 5266 caelum
1386 5203 1663 5261 consuevit
1703 5201 1820 5256 creli
1864 5215 1957 5268 ap-

441 5404 515 5465 (τι)
565 5409 677 5465 "se
728 5393 1066 5465 ίιξιοῐρτεεμιιίφ
1084 5378 1862 5465 est-§r3e=1°¥1-._¥.$BE?‘°22L
1873 5381 1961 5465 ,ε’ςὲ

532 5506 547 5529 ,
567 5444 797 5524 illiquod
816 5444 987 5529 Aquila
1011 5460 1063 5529 et
1083 5444 1702 5529 s‘yniniacbusﬁsercitum
1722 5473 1737 5500 ,
1763 5444 1961 5488 vertere

378 5511 560 5588 sliat
585 5511 710 5582 Vid'e
731 5511 939 5578 Lexicon
955 5511 1238 5577 tlebraicum
1260 5517 1320 5566 ad
1342 5511 1586 5588 ttexapla,

448 5595 523 5657 (ὁ)
547 5586 1005 5651 Ηωοίηιθψινθωιίο
1027 5589 1107 5633 est
1126 5577 1403 5657 Symmachi.
1418 5577 1701 5657 ttehraicum
1725 5577 1802 5622 est
1819 5574 1964 5626 ubi:

863 5667 1062 5720 quoque
1082 5642 1260 5711 vertit,
1284 5644 1436 5699 ster
1457 5642 1667 5696 luminis.

452 5755 526 5818 (a)
555 5755 668 5815 Quis
688 5753 758 5801 sic
780 5746 1131 5805 interpretatus
1152 5740 1215 5789 sit
1236 5739 1525 5800 ignoramus.

1346 307 1711 373 EXDOSITIO
1750 303 1814 359 IN
1856 297 2181 355 Ρδωιωι
2219 297 2493 356 CXLVIII.

3454 314 3457 319 ’
3487 314 3592 371 illi)

2012 416 2198 488 pellari
2227 416 2305 491 la)
2334 420 2505 475 :sicut
2545 419 2704 475 etiam
2750 419 2873 483 alibi
2911 421 3041 479 dicit
3071 440 3085 479 :
3118 423 3311 481 Culum
3350 429 3462 485 ccli
3489 429 3593 485 De-

2009 510 2145 565 nu'no
2171 525 2192 564 :
2217 520 2405 564 terrens
2426 521 2592 566 utan
2616 511 2757 568 dedit
2778 512 2902 584 ﬁliis
2921 513 3201 571 hominum.
3231 515 3299 572 Et
3316 534 3464 589 aqua
3481 537 3596 587 quis

2009 615 2161 671 super
2184 602 2334 656 celos
2353 612 2472 657 sunt
2513 602 2684 672 (Psal.
2715 607 2838 662 115.
2867 607 2976 678 16).
3007 608 3215 665 Audisti
3242 610 3418 668 Mosen
3459 630 3595 686 quo-

2010 707 2119 761 que
2158 692 2458 760 dicentem,
2499 710 2566 751 ex
2608 698 2762 768 aquis
2788 699 3002 770 quidem
3029 716 3152 756 cum
3195 700 3294 759 has
3318 704 3598 777 reliquisse

2013 781 2234 840 inferius
2264 803 2280 841 :
2310 785 2430 841 illas
2477 802 2606 843 vero
2647 790 2898 846 statuisse
2946 791 3205 847 sublimes
3247 809 3411 866 super
3452 804 3599 868 terga

2012 874 2269 944 caelestia,
2299 892 2422 932 cum
2448 877 2500 933 in
2528 878 2705 934 medio
2728 881 2907 952 abyssi
2938 883 3331 940 ﬁrmamentum
3352 887 3603 942 stabiliis-

2014 977 2118 1032 set,
2147 977 2203 1023 et
2227 983 2392 1040 aquas
2422 985 2639 1026 manere
2662 987 2824 1042 super
2862 982 3004 1045 terga
3046 975 3276 1033 sivisset.
3570 998 3575 1001 ν

2087 1057 2358 1116 Laudandi
2380 1064 2519 1117 modi
2537 1064 2699 1130 uarii;
2727 1063 2889 1121 Deum
2913 1077 2966 1121 ut
2989 1068 3161 1124 laudet
3179 1082 3414 1129 creatura
3433 1074 3601 1128 inani-

2017 1152 2135 1206 mis.
2159 1184 2232 1194 —
2254 1155 2533 1223 Quomodo
2572 1169 2749 1215 autem
2781 1171 3048 1230 poterunt,
3079 1164 3275 1221 dixerit
3299 1168 3559 1239 quispiam
3589 1213 3604 1235 ,

2019 1262 2082 1302 ea
2112 1247 2348 1315 laudare,
2376 1267 2498 1321 qua:
2526 1268 2701 1323 neque
2727 1269 2914 1310 vocem
2945 1255 3162 1324 habent,
3191 1275 3291 1315 nec
3329 1260 3560 1333 linguam
3591 1305 3606 1326 ,

2022 1353 2124 1393 nec
2145 1341 2399 1406 animam,
2444 1358 2544 1399 nec
2572 1345 2855 1411 rationem,
2885 1363 2985 1403 nec
3010 1363 3268 1421 organum
3300 1353 3444 1407 vocis
3464 1393 3480 1419 ,
3508 1368 3608 1407 nec

2020 1434 2297 1488 mentem?
2323 1435 2586 1503 Quoniam
2616 1438 2723 1494 duo
2763 1451 2889 1496 sunt
2929 1442 3071 1498 modi
3114 1445 3382 1510 laudandi,
3413 1447 3610 1518 gloria-
3658 1436 3661 1437 ⁷

2019 1538 2125 1593 que
2151 1533 2206 1579 et
2244 1523 2447 1582 honore
2482 1528 2746 1586 allicieudi
2778 1550 2791 1587 :
2820 1549 2959 1589 unus
3003 1535 3216 1605 quidem
3261 1552 3359 1608 per
3402 1524 3562 1595 verba
3591 1582 3607 1602 ,

2021 1618 2155 1672 alius
2187 1635 2318 1674 vero
2346 1635 2443 1690 per
2476 1623 2647 1678 visum
2680 1642 2693 1677 :
2726 1625 2807 1680 his
2842 1627 3048 1683 accedit
3091 1630 3251 1684 etiam
3284 1631 3491 1696 tertius,
3519 1633 3607 1702 qui

2022 1720 2106 1764 est
2135 1726 2228 1780 per
2255 1713 2417 1767 vitam
2447 1724 2500 1769 et
2529 1724 2677 1771 recte
2707 1716 2861 1774 facta.
2895 1718 3023 1773 Nam
3056 1721 3361 1776 hominibus
3392 1738 3495 1777 non
3525 1738 3612 1777 So-

2027 1803 2135 1857 lum
2184 1804 2539 1875 loquentibus,
2582 1809 2675 1863 sed
2723 1811 2883 1866 etiam
2927 1814 3243 1880 tacentibus,
3285 1815 3454 1887 gloria
3504 1818 3615 1871 Deo

2025 1897 2246 1953 uﬂ‘ertur
2277 1920 2290 1955 :
2321 1901 2767 1970 quemadmodum
2796 1904 3043 1962 Christus
3072 1924 3281 1978 quoque
3311 1910 3437 1967 dicit
3465 1930 3478 1965 :
3509 1911 3614 1966 Lu-

2025 1996 2134 2044 ceat
2159 1992 2250 2046 lum
2295 2001 2457 2049 vestra
2481 2006 2651 2051 coram
2677 1996 2987 2066 hominibus,
3016 2010 3073 2055 ut
3100 2002 3299 2056 videant
3328 2019 3484 2073 Opera
3529 2022 3612 2058 ee-

2026 2093 2134 2137 stra
2157 2085 2306 2152 bona,
2335 2097 2383 2140 et
2405 2088 2686 2160 gloriﬁcent
2715 2090 2917 2146 Patrem
2949 2104 3167 2147 vestrum
3195 2096 3282 2165 qui
3305 2108 3378 2151 est
3401 2097 3452 2151 in
3480 2099 3616 2153 caelis

2001 2175 2050 2259 ν(
2071 2175 2252 2229 Matth.
2304 2178 2338 2233 5
2386 2177 2473 2250 16)
2499 2188 2585 2234 :et
2610 2196 2813 2248 rursus,
2844 2182 3196 2253 Gloriﬁcantes
3223 2204 3301 2241 me
3322 2188 3617 2259 gloriﬁeabo

2029 2265 2105 2336 (1.
2140 2266 2265 2336 Reg.
2296 2267 2346 2321 2.
2381 2267 2493 2339 50).
2542 2270 2638 2324 Est
2660 2272 2819 2326 etiam
2850 2289 2967 2342 qua:
2997 2275 3053 2327 lit
3079 2290 3172 2344 per
3192 2275 3424 2348 linguam
3456 2278 3619 2350 glori-

2032 2358 2226 2422 ﬁcatio,
2255 2362 2394 2415 sicut
2420 2362 2581 2417 etiam
2612 2362 2787 2418 Moses
2814 2363 3128 2434 gloriﬁcavit
3156 2382 3277 2422 cum
3322 2368 3507 2443 Maria,
3538 2362 3621 2424 di'-

2030 2468 2159 2508 cens
2187 2470 2200 2506 :
2225 2451 2495 2509 Cantemus
2515 2455 2736 2511 Domino
2765 2473 2784 2511 :
2812 2457 3029 2530 gloriose
3053 2461 3183 2516 enim
3207 2462 3520 2533 gloriﬁcatus
3547 2475 3620 2518 est

2034 2542 2228 2613 (Exod.
2260 2546 2346 2601 15.
2373 2545 2448 2615 1).
2475 2547 2568 2602 Est
2590 2548 2748 2603 etiam
2771 2566 2888 2624 qua:
2911 2552 2968 2606 lit
2989 2569 3083 2621 per
3104 2553 3270 2623 ipsam
3292 2565 3617 2621 creaturam,

2034 2646 2091 2689 ut
2129 2636 2215 2691 hic
2256 2638 2370 2706 ipse
2412 2638 2542 2694 dicit
2569 2655 2582 2693 :
2612 2638 2735 2695 Cteli
2775 2654 3013 2697 enarrant
3043 2645 3256 2715 gloriam
3297 2646 3392 2700 Dei
3419 2664 3439 2702 :
3467 2666 3621 2719 opera

2033 2743 2272 2781 manuum
2313 2730 2422 2798 ejus
2463 2732 2731 2785 annuntiat
2774 2734 3144 2801 ﬁrmamentum
3178 2736 3200 2807 (
3220 2736 3363 2793 Psal.
3397 2741 3483 2795 18.
3521 2743 3542 2795 1
3577 2747 3618 2812 ).

2037 2819 2108 2873 Ita
2139 2821 2223 2875 hic
2252 2821 2411 2876 etiam
2438 2822 2618 2876 laudat
2639 2839 2762 2880 eum
2790 2837 3056 2893 creatura,
3086 2830 3500 2900 pulchritudine,
3530 2851 3624 2903 po-

2036 2913 2253 2979 sitione,
2286 2915 2672 2985 magnitudine,
2703 2927 2912 2986 natura,
2941 2937 3061 2988 usu,
3096 2924 3410 2993 ministerio,
3445 2942 3625 2997 persc-

2040 3007 2300 3073 verantia,
2350 3007 2577 3064 utilitate
2619 3026 2739 3079 qua:
2777 3027 2845 3067 ex
2887 3029 2950 3068 ea
3000 3016 3372 3080 proﬁciscitur.
3402 3018 3626 3087 Quando

2037 3111 2165 3168 ergo
2186 3097 2334 3165 dicit,
2368 3097 2603 3155 Laudate
2635 3101 2936 3168 Dominum,
2968 3106 3160 3176 angeli,
3189 3107 3433 3175 virtutes,
3462 3112 3577 3167 ca-li
3607 3155 3621 3178 ,

2037 3191 2183 3257 luna,
2205 3192 2302 3257 sol,
2324 3193 2517 3261 stellae,
2533 3208 2668 3265 aqua
2689 3211 2808 3266 qua:
2833 3207 2914 3252 est
2939 3214 3097 3269 super
3124 3201 3286 3257 cados
3311 3222 3324 3257 :
3352 3202 3453 3258 hac
3473 3205 3622 3270 dicit,

2039 3285 2454 3357 unumquodque
2494 3303 2681 3343 eorum
2732 3307 2851 3361 qua:
2897 3291 3030 3347 facta
3077 3303 3203 3351 sunt
3246 3296 3461 3368 dignum
3506 3316 3627 3355 esse

2041 3376 2298 3446 sapientia
2327 3377 2564 3448 Opilieis,
2594 3390 2649 3436 et
2692 3397 2813 3438 esse
2861 3384 3074 3454 plenum
3106 3403 3297 3458 magno
3324 3389 3583 3446 miraculo
3613 3412 3624 3443 :

2040 3470 2191 3540 quod
2225 3469 2438 3540 quidem
2470 3471 2646 3528 Moses
2687 3473 2922 3530 hrcritcr
2958 3476 3091 3532 dixit
3133 3480 3182 3533 in
3227 3478 3487 3551 principio
3516 3501 3528 3535 :
3563 3481 3630 3536 Et

2043 3559 2166 3613 vidit
2195 3558 2329 3614 Deus
2356 3577 2676 3635 quacumque
2700 3565 2836 3636 fecit,
2865 3576 2911 3621 et
2932 3585 3042 3623 cere
3064 3572 3208 3626 valde
3234 3573 3364 3628 bona
3389 3573 3544 3646 (Gen.
3579 3578 3626 3629 l.

2042 3652 2132 3721 5i)
2160 3669 2175 3706 :
2206 3652 2341 3709 adeo
2370 3654 2528 3721 bona,
2561 3666 2619 3710 ut
2643 3672 2763 3712 cum
2786 3658 2875 3729 qui
2916 3660 3039 3716 fecit
3064 3662 3232 3733 gloria
3260 3665 3553 3729 allicercut,
3577 3680 3633 3721 ct

2044 3754 2399 3814 spectatorem
2448 3748 2705 3804 ducerent
2750 3752 2815 3804 ad
2861 3769 2982 3807 eum
3029 3754 3348 3811 laudandum
3383 3759 3471 3827 qui
3519 3772 3632 3812 erat

2046 3835 2349 3893 fabricatus.
3478 3838 3491 3851 κ

2116 3930 2172 3983 2.
2208 3929 2355 3985 llane
2378 3948 2508 4003 ergo
2549 3934 2678 3988 dicit
2704 3935 2938 4002 laudem,
2971 3938 3416 4009 pulchritudinem
3446 3957 3632 4019 eorum

2046 4036 2163 4091 quzc
2187 4021 2320 4077 facta
2339 4033 2481 4091 sunt,
2506 4039 2623 4094 qua:
2644 4027 2715 4090 ei,
2738 4021 2824 4095 qui
2851 4027 2936 4081 illa
2959 4027 3103 4097 fecit,
3134 4029 3315 4087 laudes
3335 4044 3388 4087 et
3405 4030 3634 4107 hymnos

2046 4123 2340 4182 comparat.
2385 4114 2537 4180 Quod
2584 4117 2777 4171 Paulus
2814 4134 3025 4190 quoque
3068 4121 3349 4192 signiﬁcat,
3400 4125 3584 4182 dicens
3619 4146 3633 4183 :

2050 4202 2336 4259 Inuisibilia
2379 4206 2510 4260 enim
2538 4208 2649 4275 eius
2674 4225 2707 4261 a
2732 4210 2985 4264 creatione
3025 4214 3201 4268 mundi
3225 4216 3455 4287 operibus
3486 4218 3634 4274 intel-

2051 4296 2179 4350 lecta
2206 4296 2601 4367 conspiciuntur,
2634 4308 2681 4352 et
2707 4311 2897 4354 (eterna
2937 4302 3047 4373 ejus
3084 4306 3305 4372 potentia
3332 4316 3379 4360 et
3405 4308 3639 4364 divinitus

2053 4388 2230 4458 (Rom.
2274 4391 2328 4445 1.
2357 4389 2474 4462 20).
2503 4391 2804 4459 Quinetiam
2853 4392 2939 4448 hic
2967 4410 3179 4467 quoque
3209 4397 3488 4469 propheta,
3516 4416 3636 4457 eum

2053 4481 2282 4537 dixisset
2305 4491 2599 4548 creaturas,
2632 4493 2686 4539 ct
2711 4500 2775 4539 ex
2803 4500 2988 4540 eorum
3012 4502 3131 4557 qum
3157 4488 3402 4546 videntur
3422 4502 3639 4562 aspectu

2057 4576 2265 4633 illorum
2286 4577 2736 4649 pulchritudinem
2756 4578 3058 4649 reliquisset
3082 4580 3413 4650 discendam,
3441 4586 3642 4655 magni-

2057 4669 2405 4740 tudinemque
2429 4677 2484 4726 et
2513 4686 2697 4726 eorum
2731 4672 3011 4737 utilitatem
3036 4715 3051 4738 ,
3082 4675 3196 4745 ipse
3241 4675 3397 4730 aliam
3429 4677 3649 4743 adducit

2056 4775 2272 4815 causam
2302 4760 2487 4816 dicens
2518 4778 2531 4814 :
2566 4761 2686 4838 Ipse
2713 4762 2842 4816 dixit
2862 4806 2875 4828 ,
2907 4773 2955 4819 et
2995 4768 3132 4832 facta
3172 4776 3289 4820 stml
3310 4783 3330 4821 :
3355 4767 3462 4838 ipse
3496 4785 3647 4822 mau-

2057 4851 2215 4916 davit,
2243 4862 2289 4905 et
2313 4861 2484 4906 creata
2510 4862 2645 4907 sunt.
2669 4832 2884 4908 'Statnit
2911 4852 2972 4908 ea
2995 4855 3049 4909 in
3091 4856 3331 4910 saeculum
3352 4832 3441 4921 ,‘et
3470 4856 3523 4909 in
3548 4874 3643 4911 sa:-

2059 4941 2229 4997 culum
2253 4944 2444 4999 sweuli.
2475 4942 2795 5016 Prazceptum
2821 4945 3007 5014 posuit,
3040 4956 3087 5001 et
3116 4964 3218 5001 non
3245 4947 3536 5018 pra-teribit.

2131 5033 2363 5103 Mundus
2402 5045 2447 5089 et
2477 5036 2709 5106 opiﬁcem
2738 5036 2904 5103 habet,
2941 5045 2987 5089 ct
3015 5046 3212 5091 creatus
3252 5046 3363 5100 est;
3402 5036 3649 5092 stabilitas

2060 5127 2258 5189 mundi,
2287 5136 2334 5181 et
2369 5126 2682 5198 wquabilitas
2716 5127 3074 5181 vicissitudinis
3120 5137 3442 5196 temporum;
3472 5140 3650 5183 contra

2066 5216 2396 5272 Manicltmos.
2418 5247 2487 5257 —
2516 5217 2667 5284 Quod
2714 5217 2893 5288 itaque
2936 5217 3045 5270 sint
3082 5215 3296 5286 quidem
3342 5217 3560 5288 pulchra
3591 5231 3645 5276 et

2063 5308 2414 5374 admirabilia,
2448 5308 2529 5363 vel
2561 5308 2675 5377 ipse
2700 5308 2845 5361 visus
2893 5305 3091 5361 indicat
3118 5323 3132 5360 :
3165 5306 3305 5377 quod
3334 5318 3508 5364 autem
3552 5310 3647 5365 lia--

2065 5400 2225 5454 heant
2248 5398 2517 5468 opiﬁcem,
2548 5406 2602 5453 et
2623 5411 2720 5452 nec
2748 5412 2874 5452 casu
2900 5397 3026 5463 sint,
3061 5412 3159 5453 nec
3187 5397 3441 5465 inereata,
3476 5411 3647 5469 potest

2066 5492 2281 5562 quidem
2311 5490 2389 5546 vel
2420 5505 2483 5544 ex
2512 5489 2622 5560 ipsa
2667 5489 3107 5559 interpretatione
3136 5490 3384 5572 perapici.
3432 5491 3492 5560 Si
3528 5494 3650 5571 quis

2130 5648 2208 5713 (a)
2241 5647 2423 5700 Caelum
2444 5647 2678 5698 ttebraice
2703 5651 2799 5708 est,
2822 5647 2996 5701 Dm
3014 5685 3029 5714 ,
3065 5640 3200 5706 τωιε,
3228 5640 3647 5709 pluralitermina-

2066 5724 2221 5773 tione.
