  <div class='ocr_page' id='page_1' title='image "/cluster/home/n/w/nwhite01/storage/ocr_20150623/55/mdp.39015028539511/479.png"; bbox 0 0 4012 6280; ppageno 0'>
   <div class='ocr_carea' id='block_1_1' title="bbox 451 315 556 369">
    <p class='ocr_par' dir='ltr' id='par_1_1' title="bbox 451 315 556 369">
     <span class='ocr_line' id='line_1_1' title="bbox 451 315 556 369; baseline -0.019 0"><span class='ocrx_word' id='word_1_1' title='bbox 451 315 556 369; x_wconf 65' lang='grc'><strong>487</strong></span> 
     </span>
    </p>
   </div>
   <div class='ocr_carea' id='block_1_2' title="bbox 448 419 2032 489">
    <p class='ocr_par' dir='ltr' id='par_1_2' title="bbox 448 419 2032 489">
     <span class='ocr_line' id='line_1_2' title="bbox 448 419 2032 489; baseline -0.008 -6"><span class='ocrx_word' id='word_1_2' title='bbox 448 437 624 483; x_wconf 89' lang='lat' dir='ltr'><strong>autem</strong></span> <span class='ocrx_word' id='word_1_3' title='bbox 652 425 880 489; x_wconf 95' lang='lat' dir='ltr'><strong>dubitet,</strong></span> <span class='ocrx_word' id='word_1_4' title='bbox 910 436 940 477; x_wconf 91' lang='lat' dir='ltr'><strong>a</strong></span> <span class='ocrx_word' id='word_1_5' title='bbox 967 437 1054 477; x_wconf 91' lang='lat' dir='ltr'><strong>me</strong></span> <span class='ocrx_word' id='word_1_6' title='bbox 1093 421 1262 476; x_wconf 78' lang='lat' dir='ltr'><strong>discat</strong></span> <span class='ocrx_word' id='word_1_7' title='bbox 1302 421 1497 475; x_wconf 86' lang='lat' dir='ltr'><strong>habere</strong></span> <span class='ocrx_word' id='word_1_8' title='bbox 1526 419 1612 473; x_wconf 88' lang='lat' dir='ltr'><strong>illa</strong></span> <span class='ocrx_word' id='word_1_9' title='bbox 1654 426 1950 472; x_wconf 92' lang='lat' dir='ltr'><strong>creatorem</strong></span> <span class='ocrx_word' id='word_1_10' title='bbox 1978 425 2032 470; x_wconf 89' lang='lat' dir='ltr'><strong>et</strong></span> 
     </span>
    </p>
   </div>
   <div class='ocr_carea' id='block_1_3' title="bbox 446 513 2032 588">
    <p class='ocr_par' dir='ltr' id='par_1_3' title="bbox 446 513 2032 588">
     <span class='ocr_line' id='line_1_3' title="bbox 446 513 2032 588; baseline -0.008 -14"><span class='ocrx_word' id='word_1_11' title='bbox 446 520 717 588; x_wconf 89' lang='lat' dir='ltr'><strong>opificem,</strong></span> <span class='ocrx_word' id='word_1_12' title='bbox 745 527 798 574; x_wconf 87' lang='lat' dir='ltr'><strong>et</strong></span> <span class='ocrx_word' id='word_1_13' title='bbox 823 516 912 587; x_wconf 90' lang='lat' dir='ltr'><strong>qui</strong></span> <span class='ocrx_word' id='word_1_14' title='bbox 944 516 1046 570; x_wconf 91' lang='lat' dir='ltr'><strong>illis</strong></span> <span class='ocrx_word' id='word_1_15' title='bbox 1091 513 1351 584; x_wconf 84' lang='lat' dir='ltr'><strong>providet,</strong></span> <span class='ocrx_word' id='word_1_16' title='bbox 1390 525 1681 580; x_wconf 86' lang='lat' dir='ltr'><strong>earumque</strong></span> <span class='ocrx_word' id='word_1_17' title='bbox 1729 523 1910 563; x_wconf 88' lang='lat' dir='ltr'><strong>curam</strong></span> <span class='ocrx_word' id='word_1_18' title='bbox 1938 523 2032 578; x_wconf 88' lang='lat' dir='ltr'><strong>ge-</strong></span> 
     </span>
    </p>
   </div>
   <div class='ocr_carea' id='block_1_4' title="bbox 445 599 2024 674">
    <p class='ocr_par' dir='ltr' id='par_1_4' title="bbox 445 599 2024 674">
     <span class='ocr_line' id='line_1_4' title="bbox 445 599 2024 674; baseline -0.008 -8"><span class='ocrx_word' id='word_1_19' title='bbox 445 620 534 666; x_wconf 88' lang='lat' dir='ltr'><strong>rtt.</strong></span> <span class='ocrx_word' id='word_1_20' title='bbox 570 610 686 663; x_wconf 88' lang='lat' dir='ltr'><strong>Duo</strong></span> <span class='ocrx_word' id='word_1_21' title='bbox 707 609 849 663; x_wconf 91' lang='lat' dir='ltr'><strong>enim</strong></span> <span class='ocrx_word' id='word_1_22' title='bbox 881 606 968 661; x_wconf 89' lang='lat' dir='ltr'><strong>hic</strong></span> <span class='ocrx_word' id='word_1_23' title='bbox 989 605 1156 674; x_wconf 90' lang='lat' dir='ltr'><strong>ponit,</strong></span> <span class='ocrx_word' id='word_1_24' title='bbox 1183 605 1265 657; x_wconf 82' lang='lat' dir='ltr'><strong>vel</strong></span> <span class='ocrx_word' id='word_1_25' title='bbox 1291 603 1467 673; x_wconf 85' lang='lat' dir='ltr'><strong>potius</strong></span> <span class='ocrx_word' id='word_1_26' title='bbox 1493 601 1614 667; x_wconf 87' lang='lat' dir='ltr'><strong>tria,</strong></span> <span class='ocrx_word' id='word_1_27' title='bbox 1642 609 1800 670; x_wconf 86' lang='lat' dir='ltr'><strong>atque</strong></span> <span class='ocrx_word' id='word_1_28' title='bbox 1823 599 1959 654; x_wconf 88' lang='lat' dir='ltr'><strong>adeo</strong></span> <span class='ocrx_word' id='word_1_29' title='bbox 1980 599 2024 653; x_wconf 87' lang='lat' dir='ltr'><strong>si</strong></span> 
     </span>
    </p>
   </div>
   <div class='ocr_carea' id='block_1_5' title="bbox 441 689 2030 770">
    <p class='ocr_par' dir='ltr' id='par_1_5' title="bbox 441 689 2030 770">
     <span class='ocr_line' id='line_1_5' title="bbox 441 689 2030 770; baseline -0.006 -16"><span class='ocrx_word' id='word_1_30' title='bbox 441 701 560 770; x_wconf 92' lang='lat' dir='ltr'><strong>quis</strong></span> <span class='ocrx_word' id='word_1_31' title='bbox 598 706 742 754; x_wconf 87' lang='lat' dir='ltr'><strong>recte</strong></span> <span class='ocrx_word' id='word_1_32' title='bbox 771 697 1088 767; x_wconf 88' lang='lat' dir='ltr'><strong>perpendat,</strong></span> <span class='ocrx_word' id='word_1_33' title='bbox 1134 696 1292 750; x_wconf 90' lang='lat' dir='ltr'><strong>etiam</strong></span> <span class='ocrx_word' id='word_1_34' title='bbox 1337 701 1565 762; x_wconf 86' lang='lat' dir='ltr'><strong>quatuor</strong></span> <span class='ocrx_word' id='word_1_35' title='bbox 1595 709 1610 744; x_wconf 91' lang='lat'>:</span> <span class='ocrx_word' id='word_1_36' title='bbox 1642 690 1783 761; x_wconf 88' lang='lat' dir='ltr'><strong>quod</strong></span> <span class='ocrx_word' id='word_1_37' title='bbox 1813 689 1864 745; x_wconf 88' lang='lat' dir='ltr'><strong>id</strong></span> <span class='ocrx_word' id='word_1_38' title='bbox 1890 690 2030 759; x_wconf 90' lang='lat' dir='ltr'><strong>quod</strong></span> 
     </span>
    </p>
   </div>
   <div class='ocr_carea' id='block_1_6' title="bbox 413 779 2030 854">
    <p class='ocr_par' dir='ltr' id='par_1_6' title="bbox 413 779 2030 854">
     <span class='ocr_line' id='line_1_6' title="bbox 413 779 2030 854; baseline -0.007 -11"><span class='ocrx_word' id='word_1_39' title='bbox 413 833 415 835; x_wconf 89' lang='lat'><strong>.</strong></span> <span class='ocrx_word' id='word_1_40' title='bbox 443 796 526 843; x_wconf 86' lang='lat' dir='ltr'><strong>est</strong></span> <span class='ocrx_word' id='word_1_41' title='bbox 553 788 758 852; x_wconf 80' lang='lat' dir='ltr'><strong>fecerit,</strong></span> <span class='ocrx_word' id='word_1_42' title='bbox 784 795 838 841; x_wconf 88' lang='lat' dir='ltr'><strong>et</strong></span> <span class='ocrx_word' id='word_1_43' title='bbox 863 802 926 841; x_wconf 77' lang='lat' dir='ltr'><strong>ex</strong></span> <span class='ocrx_word' id='word_1_44' title='bbox 955 786 1017 842; x_wconf 87' lang='lat' dir='ltr'><strong>iis</strong></span> <span class='ocrx_word' id='word_1_45' title='bbox 1061 802 1178 854; x_wconf 67' lang='lat' dir='ltr'><strong>qua:</strong></span> <span class='ocrx_word' id='word_1_46' title='bbox 1209 799 1313 838; x_wconf 89' lang='lat' dir='ltr'><strong>non</strong></span> <span class='ocrx_word' id='word_1_47' title='bbox 1355 790 1512 838; x_wconf 89' lang='lat' dir='ltr'><strong>erant</strong></span> <span class='ocrx_word' id='word_1_48' title='bbox 1560 781 1761 846; x_wconf 82' lang='lat' dir='ltr'><strong>fecerit,</strong></span> <span class='ocrx_word' id='word_1_49' title='bbox 1793 790 1846 835; x_wconf 89' lang='lat' dir='ltr'><strong>et</strong></span> <span class='ocrx_word' id='word_1_50' title='bbox 1875 779 2030 834; x_wconf 79' lang='lat' dir='ltr'><strong>facile</strong></span> 
     </span>
    </p>
   </div>
   <div class='ocr_carea' id='block_1_7' title="bbox 441 869 2030 943">
    <p class='ocr_par' dir='ltr' id='par_1_7' title="bbox 441 869 2030 943">
     <span class='ocr_line' id='line_1_7' title="bbox 441 869 2030 943; baseline -0.007 -9"><span class='ocrx_word' id='word_1_51' title='bbox 441 878 663 943; x_wconf 82' lang='lat' dir='ltr'><strong>fecerit,</strong></span> <span class='ocrx_word' id='word_1_52' title='bbox 696 887 802 932; x_wconf 87' lang='lat' dir='ltr'><strong>eta</strong></span> <span class='ocrx_word' id='word_1_53' title='bbox 845 891 904 930; x_wconf 89' lang='lat' dir='ltr'><strong>se</strong></span> <span class='ocrx_word' id='word_1_54' title='bbox 949 873 1083 929; x_wconf 83' lang='lat' dir='ltr'><strong>facta</strong></span> <span class='ocrx_word' id='word_1_55' title='bbox 1133 885 1278 943; x_wconf 88' lang='lat' dir='ltr'><strong>regat</strong></span> <span class='ocrx_word' id='word_1_56' title='bbox 1306 882 1361 929; x_wconf 92' lang='lat' dir='ltr'><strong>et</strong></span> <span class='ocrx_word' id='word_1_57' title='bbox 1404 871 1756 926; x_wconf 87' lang='lat' dir='ltr'><strong>administret.</strong></span> <span class='ocrx_word' id='word_1_58' title='bbox 1797 869 2030 924; x_wconf 84' lang='lat' dir='ltr'><strong>Dicenda</strong></span> 
     </span>
    </p>
   </div>
   <div class='ocr_carea' id='block_1_8' title="bbox 441 959 2024 1032">
    <p class='ocr_par' dir='ltr' id='par_1_8' title="bbox 441 959 2024 1032">
     <span class='ocr_line' id='line_1_8' title="bbox 441 959 2024 1032; baseline -0.006 -11"><span class='ocrx_word' id='word_1_59' title='bbox 441 969 606 1031; x_wconf 87' lang='lat' dir='ltr'><strong>enim,</strong></span> <span class='ocrx_word' id='word_1_60' title='bbox 647 965 812 1032; x_wconf 76' lang='lat' dir='ltr'><strong>Dixit,</strong></span> <span class='ocrx_word' id='word_1_61' title='bbox 861 965 1093 1020; x_wconf 89' lang='lat' dir='ltr'><strong>ostendit</strong></span> <span class='ocrx_word' id='word_1_62' title='bbox 1135 963 1444 1018; x_wconf 85' lang='lat' dir='ltr'><strong>facilitatem</strong></span> <span class='ocrx_word' id='word_1_63' title='bbox 1474 978 1490 1018; x_wconf 83' lang='lat'><strong>:</strong></span> <span class='ocrx_word' id='word_1_64' title='bbox 1519 969 1577 1016; x_wconf 89' lang='lat' dir='ltr'><strong>ut</strong></span> <span class='ocrx_word' id='word_1_65' title='bbox 1621 961 1780 1016; x_wconf 89' lang='lat' dir='ltr'><strong>etiam</strong></span> <span class='ocrx_word' id='word_1_66' title='bbox 1828 959 2024 1014; x_wconf 85' lang='lat' dir='ltr'><strong>Paulus</strong></span> 
     </span>
    </p>
   </div>
   <div class='ocr_carea' id='block_1_9' title="bbox 439 1054 2027 1129">
    <p class='ocr_par' dir='ltr' id='par_1_9' title="bbox 439 1054 2027 1129">
     <span class='ocr_line' id='line_1_9' title="bbox 439 1054 2027 1129; baseline -0.006 -17"><span class='ocrx_word' id='word_1_67' title='bbox 439 1057 762 1129; x_wconf 83' lang='lat' dir='ltr'><strong>signiﬁcans,</strong></span> <span class='ocrx_word' id='word_1_68' title='bbox 803 1056 1014 1110; x_wconf 88' lang='lat' dir='ltr'><strong>dicebat</strong></span> <span class='ocrx_word' id='word_1_69' title='bbox 1046 1075 1058 1108; x_wconf 91' lang='lat'>:</span> <span class='ocrx_word' id='word_1_70' title='bbox 1095 1055 1195 1120; x_wconf 85' lang='lat' dir='ltr'><strong>Qui</strong></span> <span class='ocrx_word' id='word_1_71' title='bbox 1240 1054 1456 1122; x_wconf 76' lang='lat' dir='ltr'><strong>uivi/icat</strong></span> <span class='ocrx_word' id='word_1_72' title='bbox 1490 1061 1711 1106; x_wconf 86' lang='lat' dir='ltr'><strong>mortuos</strong></span> <span class='ocrx_word' id='word_1_73' title='bbox 1733 1093 1748 1118; x_wconf 96' lang='lat'><strong>,</strong></span> <span class='ocrx_word' id='word_1_74' title='bbox 1794 1059 1843 1104; x_wconf 82' lang='lat' dir='ltr'><strong>et</strong></span> <span class='ocrx_word' id='word_1_75' title='bbox 1882 1059 2027 1104; x_wconf 78' lang='lat' dir='ltr'><strong>vocat</strong></span> 
     </span>
    </p>
   </div>
   <div class='ocr_carea' id='block_1_10' title="bbox 436 1143 2029 1218">
    <p class='ocr_par' dir='ltr' id='par_1_10' title="bbox 436 1143 2029 1218">
     <span class='ocr_line' id='line_1_10' title="bbox 436 1143 2029 1218; baseline -0.004 -16"><span class='ocrx_word' id='word_1_76' title='bbox 436 1165 546 1218; x_wconf 77' lang='lat' dir='ltr'><strong>qttte</strong></span> <span class='ocrx_word' id='word_1_77' title='bbox 583 1163 683 1202; x_wconf 88' lang='lat' dir='ltr'><strong>non</strong></span> <span class='ocrx_word' id='word_1_78' title='bbox 710 1157 844 1210; x_wconf 84' lang='lat' dir='ltr'><strong>sunt,</strong></span> <span class='ocrx_word' id='word_1_79' title='bbox 875 1157 1128 1217; x_wconf 81' lang='lat' dir='ltr'><strong>tamquam</strong></span> <span class='ocrx_word' id='word_1_80' title='bbox 1157 1161 1272 1216; x_wconf 73' lang='grc' dir='ltr'><strong>ᾳυω</strong></span> <span class='ocrx_word' id='word_1_81' title='bbox 1306 1154 1424 1200; x_wconf 81' lang='lat' dir='ltr'><strong>sunt</strong></span> <span class='ocrx_word' id='word_1_82' title='bbox 1467 1143 1644 1215; x_wconf 81' lang='lat' dir='ltr'><strong>(Rom.</strong></span> <span class='ocrx_word' id='word_1_83' title='bbox 1683 1143 1737 1198; x_wconf 64' lang='grc'><strong>4.</strong></span> <span class='ocrx_word' id='word_1_84' title='bbox 1769 1143 1862 1213; x_wconf 76' lang='grc'><strong>17)</strong></span> <span class='ocrx_word' id='word_1_85' title='bbox 1887 1160 1901 1196; x_wconf 89' lang='lat'><strong>:</strong></span> <span class='ocrx_word' id='word_1_86' title='bbox 1929 1156 2029 1196; x_wconf 85' lang='lat' dir='ltr'><strong>no-</strong></span> 
     </span>
    </p>
   </div>
   <div class='ocr_carea' id='block_1_11' title="bbox 437 1232 2025 1300">
    <p class='ocr_par' dir='ltr' id='par_1_11' title="bbox 437 1232 2025 1300">
     <span class='ocr_line' id='line_1_11' title="bbox 437 1232 2025 1300; baseline -0.006 -5"><span class='ocrx_word' id='word_1_87' title='bbox 437 1245 582 1296; x_wconf 88' lang='lat' dir='ltr'><strong>mine</strong></span> <span class='ocrx_word' id='word_1_88' title='bbox 647 1241 942 1296; x_wconf 87' lang='lat' dir='ltr'><strong>vocationis</strong></span> <span class='ocrx_word' id='word_1_89' title='bbox 1000 1239 1153 1294; x_wconf 92' lang='lat' dir='ltr'><strong>nobis</strong></span> <span class='ocrx_word' id='word_1_90' title='bbox 1207 1237 1516 1292; x_wconf 80' lang='lat' dir='ltr'><strong>facilitatem</strong></span> <span class='ocrx_word' id='word_1_91' title='bbox 1560 1234 1822 1290; x_wconf 84' lang='lat' dir='ltr'><strong>indicans.</strong></span> <span class='ocrx_word' id='word_1_92' title='bbox 1870 1232 2025 1300; x_wconf 87' lang='lat' dir='ltr'><strong>Quod</strong></span> 
     </span>
    </p>
   </div>
   <div class='ocr_carea' id='block_1_12' title="bbox 435 1324 2018 1401">
    <p class='ocr_par' dir='ltr' id='par_1_12' title="bbox 435 1324 2018 1401">
     <span class='ocr_line' id='line_1_12' title="bbox 435 1324 2018 1401; baseline -0.004 -19"><span class='ocrx_word' id='word_1_93' title='bbox 435 1341 613 1385; x_wconf 89' lang='lat' dir='ltr'><strong>autem</strong></span> <span class='ocrx_word' id='word_1_94' title='bbox 644 1345 763 1401; x_wconf 86' lang='lat' dir='ltr'><strong>quae</strong></span> <span class='ocrx_word' id='word_1_95' title='bbox 805 1329 940 1385; x_wconf 87' lang='lat' dir='ltr'><strong>facta</strong></span> <span class='ocrx_word' id='word_1_96' title='bbox 983 1339 1105 1383; x_wconf 89' lang='lat' dir='ltr'><strong>sunt</strong></span> <span class='ocrx_word' id='word_1_97' title='bbox 1129 1337 1279 1397; x_wconf 88' lang='lat' dir='ltr'><strong>regat</strong></span> <span class='ocrx_word' id='word_1_98' title='bbox 1319 1336 1376 1380; x_wconf 89' lang='lat' dir='ltr'><strong>et</strong></span> <span class='ocrx_word' id='word_1_99' title='bbox 1401 1325 1693 1388; x_wconf 86' lang='lat' dir='ltr'><strong>contineat,</strong></span> <span class='ocrx_word' id='word_1_100' title='bbox 1746 1324 1862 1393; x_wconf 88' lang='lat' dir='ltr'><strong>ipse</strong></span> <span class='ocrx_word' id='word_1_101' title='bbox 1891 1337 2018 1393; x_wconf 90' lang='lat' dir='ltr'><strong>pro-</strong></span> 
     </span>
    </p>
   </div>
   <div class='ocr_carea' id='block_1_13' title="bbox 437 1411 2024 1488">
    <p class='ocr_par' dir='ltr' id='par_1_13' title="bbox 437 1411 2024 1488">
     <span class='ocr_line' id='line_1_13' title="bbox 437 1411 2024 1488; baseline -0.002 -20"><span class='ocrx_word' id='word_1_102' title='bbox 437 1421 590 1488; x_wconf 82' lang='lat' dir='ltr'><strong>pheta</strong></span> <span class='ocrx_word' id='word_1_103' title='bbox 644 1433 828 1474; x_wconf 86' lang='lat' dir='ltr'><strong>rursus</strong></span> <span class='ocrx_word' id='word_1_104' title='bbox 873 1417 1140 1484; x_wconf 84' lang='lat' dir='ltr'><strong>ostendit,</strong></span> <span class='ocrx_word' id='word_1_105' title='bbox 1191 1416 1516 1487; x_wconf 89' lang='lat' dir='ltr'><strong>suhjungeus</strong></span> <span class='ocrx_word' id='word_1_106' title='bbox 1556 1432 1572 1468; x_wconf 86' lang='lat'><strong>:</strong></span> <span class='ocrx_word' id='word_1_107' title='bbox 1619 1414 1811 1470; x_wconf 82' lang='lat' dir='ltr'><strong>Statuit</strong></span> <span class='ocrx_word' id='word_1_108' title='bbox 1864 1429 1925 1467; x_wconf 85' lang='lat' dir='ltr'><strong>ea</strong></span> <span class='ocrx_word' id='word_1_109' title='bbox 1971 1411 2024 1465; x_wconf 90' lang='lat' dir='ltr'><strong>in</strong></span> 
     </span>
    </p>
   </div>
   <div class='ocr_carea' id='block_1_14' title="bbox 434 1503 2025 1576">
    <p class='ocr_par' dir='ltr' id='par_1_14' title="bbox 434 1503 2025 1576">
     <span class='ocr_line' id='line_1_14' title="bbox 434 1503 2025 1576; baseline -0.006 -11"><span class='ocrx_word' id='word_1_110' title='bbox 434 1521 672 1565; x_wconf 66' lang='lat' dir='ltr'><strong>etet-num</strong></span> <span class='ocrx_word' id='word_1_111' title='bbox 701 1521 748 1565; x_wconf 86' lang='lat' dir='ltr'><strong>et</strong></span> <span class='ocrx_word' id='word_1_112' title='bbox 776 1512 828 1564; x_wconf 87' lang='lat' dir='ltr'><strong>in</strong></span> <span class='ocrx_word' id='word_1_113' title='bbox 865 1510 1108 1564; x_wconf 68' lang='lat' dir='ltr'><strong>saeculum</strong></span> <span class='ocrx_word' id='word_1_114' title='bbox 1144 1508 1338 1563; x_wconf 72' lang='lat' dir='ltr'><strong>siccati.</strong></span> <span class='ocrx_word' id='word_1_115' title='bbox 1391 1505 1709 1576; x_wconf 65' lang='lat' dir='ltr'><strong>Praeceptum</strong></span> <span class='ocrx_word' id='word_1_116' title='bbox 1752 1503 1946 1575; x_wconf 84' lang='lat' dir='ltr'><strong>posuit,</strong></span> <span class='ocrx_word' id='word_1_117' title='bbox 1977 1512 2025 1556; x_wconf 82' lang='lat' dir='ltr'><strong>et</strong></span> 
     </span>
    </p>
   </div>
   <div class='ocr_carea' id='block_1_15' title="bbox 434 1597 2023 1673">
    <p class='ocr_par' dir='ltr' id='par_1_15' title="bbox 434 1597 2023 1673">
     <span class='ocr_line' id='line_1_15' title="bbox 434 1597 2023 1673; baseline -0.004 -19"><span class='ocrx_word' id='word_1_118' title='bbox 434 1618 540 1656; x_wconf 90' lang='lat' dir='ltr'><strong>non</strong></span> <span class='ocrx_word' id='word_1_119' title='bbox 588 1603 884 1673; x_wconf 67' lang='lat' dir='ltr'><strong>praeteribit.</strong></span> <span class='ocrx_word' id='word_1_120' title='bbox 942 1601 1076 1657; x_wconf 84' lang='lat' dir='ltr'><strong>Vide</strong></span> <span class='ocrx_word' id='word_1_121' title='bbox 1116 1598 1382 1670; x_wconf 89' lang='lat' dir='ltr'><strong>quomodo</strong></span> <span class='ocrx_word' id='word_1_122' title='bbox 1434 1597 1522 1653; x_wconf 89' lang='lat' dir='ltr'><strong>hic</strong></span> <span class='ocrx_word' id='word_1_123' title='bbox 1579 1611 1789 1667; x_wconf 90' lang='lat' dir='ltr'><strong>quoque</strong></span> <span class='ocrx_word' id='word_1_124' title='bbox 1838 1609 2023 1650; x_wconf 88' lang='lat' dir='ltr'><strong>rursus</strong></span> 
     </span>
    </p>
   </div>
   <div class='ocr_carea' id='block_1_16' title="bbox 435 1685 2022 1763">
    <p class='ocr_par' dir='ltr' id='par_1_16' title="bbox 435 1685 2022 1763">
     <span class='ocr_line' id='line_1_16' title="bbox 435 1685 2022 1763; baseline -0.005 -17"><span class='ocrx_word' id='word_1_125' title='bbox 435 1693 726 1750; x_wconf 91' lang='lat' dir='ltr'><strong>ostenderit</strong></span> <span class='ocrx_word' id='word_1_126' title='bbox 793 1701 1152 1763; x_wconf 88' lang='lat' dir='ltr'><strong>potestatem,</strong></span> <span class='ocrx_word' id='word_1_127' title='bbox 1209 1690 1610 1754; x_wconf 89' lang='lat' dir='ltr'><strong>auctoritatem,</strong></span> <span class='ocrx_word' id='word_1_128' title='bbox 1679 1701 1787 1742; x_wconf 89' lang='lat' dir='ltr'><strong>non</strong></span> <span class='ocrx_word' id='word_1_129' title='bbox 1847 1685 2022 1740; x_wconf 88' lang='lat' dir='ltr'><strong>solum</strong></span> 
     </span>
    </p>
   </div>
   <div class='ocr_carea' id='block_1_17' title="bbox 433 1774 2019 1854">
    <p class='ocr_par' dir='ltr' id='par_1_17' title="bbox 433 1774 2019 1854">
     <span class='ocr_line' id='line_1_17' title="bbox 433 1774 2019 1854; baseline -0.006 -17"><span class='ocrx_word' id='word_1_130' title='bbox 433 1784 574 1854; x_wconf 90' lang='lat' dir='ltr'><strong>quod</strong></span> <span class='ocrx_word' id='word_1_131' title='bbox 620 1785 887 1848; x_wconf 86' lang='lat' dir='ltr'><strong>statuerit,</strong></span> <span class='ocrx_word' id='word_1_132' title='bbox 932 1782 1027 1837; x_wconf 90' lang='lat' dir='ltr'><strong>sed</strong></span> <span class='ocrx_word' id='word_1_133' title='bbox 1056 1781 1216 1836; x_wconf 90' lang='lat' dir='ltr'><strong>etiam</strong></span> <span class='ocrx_word' id='word_1_134' title='bbox 1265 1779 1408 1850; x_wconf 87' lang='lat' dir='ltr'><strong>quod</strong></span> <span class='ocrx_word' id='word_1_135' title='bbox 1447 1779 1761 1847; x_wconf 78' lang='lat' dir='ltr'><strong>Prceceptunt</strong></span> <span class='ocrx_word' id='word_1_136' title='bbox 1787 1774 2019 1841; x_wconf 83' lang='lat' dir='ltr'><strong>dixerit,</strong></span> 
     </span>
    </p>
   </div>
   <div class='ocr_carea' id='block_1_18' title="bbox 435 1865 2021 1940">
    <p class='ocr_par' dir='ltr' id='par_1_18' title="bbox 435 1865 2021 1940">
     <span class='ocr_line' id='line_1_18' title="bbox 435 1865 2021 1940; baseline -0.005 -12"><span class='ocrx_word' id='word_1_137' title='bbox 435 1875 682 1929; x_wconf 83' lang='lat' dir='ltr'><strong>humanis</strong></span> <span class='ocrx_word' id='word_1_138' title='bbox 706 1873 1028 1928; x_wconf 88' lang='lat' dir='ltr'><strong>dictionibus</strong></span> <span class='ocrx_word' id='word_1_139' title='bbox 1049 1873 1166 1940; x_wconf 89' lang='lat' dir='ltr'><strong>ejus</strong></span> <span class='ocrx_word' id='word_1_140' title='bbox 1193 1870 1556 1940; x_wconf 89' lang='lat' dir='ltr'><strong>operationem</strong></span> <span class='ocrx_word' id='word_1_141' title='bbox 1584 1867 1842 1922; x_wconf 87' lang='lat' dir='ltr'><strong>indicans.</strong></span> <span class='ocrx_word' id='word_1_142' title='bbox 1873 1865 2021 1922; x_wconf 88' lang='lat' dir='ltr'><strong>Sicut</strong></span> 
     </span>
    </p>
   </div>
   <div class='ocr_carea' id='block_1_19' title="bbox 435 1956 2017 2030">
    <p class='ocr_par' dir='ltr' id='par_1_19' title="bbox 435 1956 2017 2030">
     <span class='ocr_line' id='line_1_19' title="bbox 435 1956 2017 2030; baseline -0.006 -12"><span class='ocrx_word' id='word_1_143' title='bbox 435 1966 576 2019; x_wconf 85' lang='lat' dir='ltr'><strong>enim</strong></span> <span class='ocrx_word' id='word_1_144' title='bbox 606 1965 697 2019; x_wconf 90' lang='lat' dir='ltr'><strong>tibi</strong></span> <span class='ocrx_word' id='word_1_145' title='bbox 739 1964 917 2018; x_wconf 88' lang='lat' dir='ltr'><strong>dicere</strong></span> <span class='ocrx_word' id='word_1_146' title='bbox 942 1971 997 2018; x_wconf 90' lang='lat' dir='ltr'><strong>et</strong></span> <span class='ocrx_word' id='word_1_147' title='bbox 1039 1962 1328 2030; x_wconf 75' lang='lat' dir='ltr'><strong>przccipere</strong></span> <span class='ocrx_word' id='word_1_148' title='bbox 1356 1970 1437 2015; x_wconf 91' lang='lat' dir='ltr'><strong>est</strong></span> <span class='ocrx_word' id='word_1_149' title='bbox 1467 1959 1622 2014; x_wconf 83' lang='lat' dir='ltr'><strong>facile</strong></span> <span class='ocrx_word' id='word_1_150' title='bbox 1653 1976 1665 2008; x_wconf 93' lang='lat'><strong>:</strong></span> <span class='ocrx_word' id='word_1_151' title='bbox 1700 1957 1772 2014; x_wconf 88' lang='lat' dir='ltr'><strong>ita</strong></span> <span class='ocrx_word' id='word_1_152' title='bbox 1799 1957 1911 2012; x_wconf 89' lang='lat' dir='ltr'><strong>Deo</strong></span> <span class='ocrx_word' id='word_1_153' title='bbox 1941 1956 2017 2010; x_wconf 86' lang='lat' dir='ltr'><strong>fa-</strong></span> 
     </span>
    </p>
   </div>
   <div class='ocr_carea' id='block_1_20' title="bbox 435 2052 2020 2127">
    <p class='ocr_par' dir='ltr' id='par_1_20' title="bbox 435 2052 2020 2127">
     <span class='ocr_line' id='line_1_20' title="bbox 435 2052 2020 2127; baseline -0.004 -15"><span class='ocrx_word' id='word_1_154' title='bbox 435 2073 556 2112; x_wconf 86' lang='lat' dir='ltr'><strong>cere</strong></span> <span class='ocrx_word' id='word_1_155' title='bbox 597 2072 714 2127; x_wconf 62' lang='lat' dir='ltr'><strong>qua;</strong></span> <span class='ocrx_word' id='word_1_156' title='bbox 763 2072 869 2110; x_wconf 91' lang='lat' dir='ltr'><strong>non</strong></span> <span class='ocrx_word' id='word_1_157' title='bbox 915 2064 1059 2121; x_wconf 90' lang='lat' dir='ltr'><strong>sunt,</strong></span> <span class='ocrx_word' id='word_1_158' title='bbox 1090 2069 1274 2124; x_wconf 85' lang='lat' dir='ltr'><strong>regere</strong></span> <span class='ocrx_word' id='word_1_159' title='bbox 1318 2061 1374 2108; x_wconf 91' lang='lat' dir='ltr'><strong>et</strong></span> <span class='ocrx_word' id='word_1_160' title='bbox 1413 2053 1727 2108; x_wconf 90' lang='lat' dir='ltr'><strong>continere:</strong></span> <span class='ocrx_word' id='word_1_161' title='bbox 1760 2052 1870 2106; x_wconf 91' lang='lat' dir='ltr'><strong>imo</strong></span> <span class='ocrx_word' id='word_1_162' title='bbox 1893 2067 2020 2106; x_wconf 88' lang='lat' dir='ltr'><strong>vero</strong></span> 
     </span>
    </p>
   </div>
   <div class='ocr_carea' id='block_1_21' title="bbox 435 2142 2017 2214">
    <p class='ocr_par' dir='ltr' id='par_1_21' title="bbox 435 2142 2017 2214">
     <span class='ocr_line' id='line_1_21' title="bbox 435 2142 2017 2214; baseline -0.003 -14"><span class='ocrx_word' id='word_1_163' title='bbox 435 2163 541 2202; x_wconf 90' lang='lat' dir='ltr'><strong>non</strong></span> <span class='ocrx_word' id='word_1_164' title='bbox 593 2152 665 2202; x_wconf 84' lang='lat' dir='ltr'><strong>ita</strong></span> <span class='ocrx_word' id='word_1_165' title='bbox 713 2145 891 2211; x_wconf 90' lang='lat' dir='ltr'><strong>habet,</strong></span> <span class='ocrx_word' id='word_1_166' title='bbox 917 2146 1011 2201; x_wconf 89' lang='lat' dir='ltr'><strong>sed</strong></span> <span class='ocrx_word' id='word_1_167' title='bbox 1060 2154 1143 2200; x_wconf 91' lang='lat' dir='ltr'><strong>est</strong></span> <span class='ocrx_word' id='word_1_168' title='bbox 1190 2145 1348 2214; x_wconf 89' lang='lat' dir='ltr'><strong>longe</strong></span> <span class='ocrx_word' id='word_1_169' title='bbox 1396 2142 1622 2198; x_wconf 88' lang='lat' dir='ltr'><strong>facilius.</strong></span> <span class='ocrx_word' id='word_1_170' title='bbox 1666 2142 1850 2214; x_wconf 85' lang='lat' dir='ltr'><strong>Neque</strong></span> <span class='ocrx_word' id='word_1_171' title='bbox 1876 2143 2017 2197; x_wconf 88' lang='lat' dir='ltr'><strong>enim</strong></span> 
     </span>
    </p>
   </div>
   <div class='ocr_carea' id='block_1_22' title="bbox 435 2233 2021 2312">
    <p class='ocr_par' dir='ltr' id='par_1_22' title="bbox 435 2233 2021 2312">
     <span class='ocr_line' id='line_1_22' title="bbox 435 2233 2021 2312; baseline -0.007 -16"><span class='ocrx_word' id='word_1_172' title='bbox 435 2241 611 2298; x_wconf 85' lang='lat' dir='ltr'><strong>verbis</strong></span> <span class='ocrx_word' id='word_1_173' title='bbox 634 2248 811 2312; x_wconf 85' lang='lat' dir='ltr'><strong>potest</strong></span> <span class='ocrx_word' id='word_1_174' title='bbox 834 2239 1088 2308; x_wconf 78' lang='lat' dir='ltr'><strong>explicari</strong></span> <span class='ocrx_word' id='word_1_175' title='bbox 1124 2253 1330 2293; x_wconf 89' lang='lat' dir='ltr'><strong>summa</strong></span> <span class='ocrx_word' id='word_1_176' title='bbox 1354 2235 1579 2291; x_wconf 83' lang='lat' dir='ltr'><strong>facilitas</strong></span> <span class='ocrx_word' id='word_1_177' title='bbox 1606 2250 1726 2289; x_wconf 91' lang='lat' dir='ltr'><strong>cum</strong></span> <span class='ocrx_word' id='word_1_178' title='bbox 1753 2249 1856 2304; x_wconf 89' lang='lat' dir='ltr'><strong>qua</strong></span> <span class='ocrx_word' id='word_1_179' title='bbox 1899 2233 2021 2288; x_wconf 92' lang='lat' dir='ltr'><strong>fecit</strong></span> 
     </span>
    </p>
   </div>
   <div class='ocr_carea' id='block_1_23' title="bbox 432 2326 2021 2405">
    <p class='ocr_par' dir='ltr' id='par_1_23' title="bbox 432 2326 2021 2405">
     <span class='ocr_line' id='line_1_23' title="bbox 432 2326 2021 2405; baseline -0.008 -15"><span class='ocrx_word' id='word_1_180' title='bbox 432 2334 628 2390; x_wconf 89' lang='lat' dir='ltr'><strong>omnia.</strong></span> <span class='ocrx_word' id='word_1_181' title='bbox 660 2333 844 2405; x_wconf 86' lang='lat' dir='ltr'><strong>Neque</strong></span> <span class='ocrx_word' id='word_1_182' title='bbox 871 2348 998 2388; x_wconf 87' lang='lat' dir='ltr'><strong>vero</strong></span> <span class='ocrx_word' id='word_1_183' title='bbox 1027 2340 1109 2386; x_wconf 90' lang='lat' dir='ltr'><strong>est</strong></span> <span class='ocrx_word' id='word_1_184' title='bbox 1157 2331 1329 2385; x_wconf 89' lang='lat' dir='ltr'><strong>solum</strong></span> <span class='ocrx_word' id='word_1_185' title='bbox 1369 2329 1682 2384; x_wconf 85' lang='lat' dir='ltr'><strong>admirabile</strong></span> <span class='ocrx_word' id='word_1_186' title='bbox 1711 2326 1854 2398; x_wconf 91' lang='lat' dir='ltr'><strong>quod</strong></span> <span class='ocrx_word' id='word_1_187' title='bbox 1885 2326 2021 2395; x_wconf 87' lang='lat' dir='ltr'><strong>regit</strong></span> 
     </span>
    </p>
   </div>
   <div class='ocr_carea' id='block_1_24' title="bbox 433 2415 2019 2493">
    <p class='ocr_par' dir='ltr' id='par_1_24' title="bbox 433 2415 2019 2493">
     <span class='ocr_line' id='line_1_24' title="bbox 433 2415 2019 2493; baseline -0.008 -11"><span class='ocrx_word' id='word_1_188' title='bbox 433 2437 488 2483; x_wconf 87' lang='lat' dir='ltr'><strong>et</strong></span> <span class='ocrx_word' id='word_1_189' title='bbox 529 2427 784 2490; x_wconf 89' lang='lat' dir='ltr'><strong>continet,</strong></span> <span class='ocrx_word' id='word_1_190' title='bbox 834 2439 935 2479; x_wconf 90' lang='lat' dir='ltr'><strong>nec</strong></span> <span class='ocrx_word' id='word_1_191' title='bbox 974 2421 1116 2493; x_wconf 91' lang='lat' dir='ltr'><strong>quod</strong></span> <span class='ocrx_word' id='word_1_192' title='bbox 1162 2422 1372 2476; x_wconf 87' lang='lat' dir='ltr'><strong>termini</strong></span> <span class='ocrx_word' id='word_1_193' title='bbox 1417 2428 1619 2474; x_wconf 71' lang='lat' dir='ltr'><strong>natura:</strong></span> <span class='ocrx_word' id='word_1_194' title='bbox 1660 2425 1805 2472; x_wconf 85' lang='lat' dir='ltr'><strong>stant</strong></span> <span class='ocrx_word' id='word_1_195' title='bbox 1846 2415 1941 2471; x_wconf 79' lang='lat' dir='ltr'><strong>fixi</strong></span> <span class='ocrx_word' id='word_1_196' title='bbox 1966 2425 2019 2470; x_wconf 88' lang='lat' dir='ltr'><strong>et</strong></span> 
     </span>
    </p>
   </div>
   <div class='ocr_carea' id='block_1_25' title="bbox 433 2509 2018 2587">
    <p class='ocr_par' dir='ltr' id='par_1_25' title="bbox 433 2509 2018 2587">
     <span class='ocr_line' id='line_1_25' title="bbox 433 2509 2018 2587; baseline -0.006 -15"><span class='ocrx_word' id='word_1_197' title='bbox 433 2518 752 2582; x_wconf 89' lang='lat' dir='ltr'><strong>immobiles,</strong></span> <span class='ocrx_word' id='word_1_198' title='bbox 782 2518 877 2573; x_wconf 90' lang='lat' dir='ltr'><strong>sed</strong></span> <span class='ocrx_word' id='word_1_199' title='bbox 898 2516 1038 2587; x_wconf 89' lang='lat' dir='ltr'><strong>quod</strong></span> <span class='ocrx_word' id='word_1_200' title='bbox 1060 2524 1298 2585; x_wconf 83' lang='lat' dir='ltr'><strong>tempore</strong></span> <span class='ocrx_word' id='word_1_201' title='bbox 1319 2512 1456 2568; x_wconf 85' lang='lat' dir='ltr'><strong>adeo</strong></span> <span class='ocrx_word' id='word_1_202' title='bbox 1477 2511 1702 2566; x_wconf 88' lang='lat' dir='ltr'><strong>infinito.</strong></span> <span class='ocrx_word' id='word_1_203' title='bbox 1729 2509 2018 2566; x_wconf 86' lang='lat' dir='ltr'><strong>Considera</strong></span> 
     </span>
    </p>
   </div>
   <div class='ocr_carea' id='block_1_26' title="bbox 431 2603 2017 2687">
    <p class='ocr_par' dir='ltr' id='par_1_26' title="bbox 431 2603 2017 2687">
     <span class='ocr_line' id='line_1_26' title="bbox 431 2603 2017 2687; baseline -0.008 -16"><span class='ocrx_word' id='word_1_204' title='bbox 431 2625 684 2687; x_wconf 88' lang='lat' dir='ltr'><strong>quantum</strong></span> <span class='ocrx_word' id='word_1_205' title='bbox 727 2623 807 2670; x_wconf 89' lang='lat' dir='ltr'><strong>est</strong></span> <span class='ocrx_word' id='word_1_206' title='bbox 852 2614 948 2668; x_wconf 64' lang='lat' dir='ltr'><strong>aivi</strong></span> <span class='ocrx_word' id='word_1_207' title='bbox 979 2611 1233 2682; x_wconf 88' lang='lat' dir='ltr'><strong>spatium,</strong></span> <span class='ocrx_word' id='word_1_208' title='bbox 1265 2619 1319 2665; x_wconf 92' lang='lat' dir='ltr'><strong>et</strong></span> <span class='ocrx_word' id='word_1_209' title='bbox 1345 2623 1530 2664; x_wconf 87' lang='lat' dir='ltr'><strong>corum</strong></span> <span class='ocrx_word' id='word_1_210' title='bbox 1559 2623 1678 2678; x_wconf 81' lang='lat' dir='ltr'><strong>quac</strong></span> <span class='ocrx_word' id='word_1_211' title='bbox 1723 2613 1849 2661; x_wconf 90' lang='lat' dir='ltr'><strong>sunt</strong></span> <span class='ocrx_word' id='word_1_212' title='bbox 1889 2603 2017 2658; x_wconf 83' lang='lat' dir='ltr'><strong>nihil</strong></span> 
     </span>
    </p>
   </div>
   <div class='ocr_carea' id='block_1_27' title="bbox 431 2697 2014 2766">
    <p class='ocr_par' dir='ltr' id='par_1_27' title="bbox 431 2697 2014 2766">
     <span class='ocr_line' id='line_1_27' title="bbox 431 2697 2014 2766; baseline -0.009 -2"><span class='ocrx_word' id='word_1_213' title='bbox 431 2722 514 2766; x_wconf 86' lang='lat' dir='ltr'><strong>est</strong></span> <span class='ocrx_word' id='word_1_214' title='bbox 541 2709 759 2766; x_wconf 88' lang='lat' dir='ltr'><strong>omnino</strong></span> <span class='ocrx_word' id='word_1_215' title='bbox 787 2706 1064 2764; x_wconf 87' lang='lat' dir='ltr'><strong>confusum</strong></span> <span class='ocrx_word' id='word_1_216' title='bbox 1097 2724 1111 2760; x_wconf 91' lang='lat'><strong>:</strong></span> <span class='ocrx_word' id='word_1_217' title='bbox 1139 2720 1244 2760; x_wconf 90' lang='lat' dir='ltr'><strong>non</strong></span> <span class='ocrx_word' id='word_1_218' title='bbox 1285 2718 1432 2758; x_wconf 90' lang='lat' dir='ltr'><strong>mare</strong></span> <span class='ocrx_word' id='word_1_219' title='bbox 1460 2711 1656 2756; x_wconf 89' lang='lat' dir='ltr'><strong>terram</strong></span> <span class='ocrx_word' id='word_1_220' title='bbox 1701 2697 2014 2763; x_wconf 80' lang='lat' dir='ltr'><strong>inundavit,</strong></span> 
     </span>
    </p>
   </div>
   <div class='ocr_carea' id='block_1_28' title="bbox 434 2788 2016 2872">
    <p class='ocr_par' dir='ltr' id='par_1_28' title="bbox 434 2788 2016 2872">
     <span class='ocr_line' id='line_1_28' title="bbox 434 2788 2016 2872; baseline -0.01 -14"><span class='ocrx_word' id='word_1_221' title='bbox 434 2819 536 2859; x_wconf 90' lang='lat' dir='ltr'><strong>non</strong></span> <span class='ocrx_word' id='word_1_222' title='bbox 567 2802 647 2857; x_wconf 90' lang='lat' dir='ltr'><strong>sol</strong></span> <span class='ocrx_word' id='word_1_223' title='bbox 673 2816 734 2857; x_wconf 88' lang='lat' dir='ltr'><strong>ea</strong></span> <span class='ocrx_word' id='word_1_224' title='bbox 761 2817 879 2872; x_wconf 64' lang='lat' dir='ltr'><strong>quae</strong></span> <span class='ocrx_word' id='word_1_225' title='bbox 919 2799 1166 2854; x_wconf 90' lang='lat' dir='ltr'><strong>videntur</strong></span> <span class='ocrx_word' id='word_1_226' title='bbox 1195 2796 1418 2859; x_wconf 85' lang='lat' dir='ltr'><strong>exussit,</strong></span> <span class='ocrx_word' id='word_1_227' title='bbox 1451 2809 1555 2849; x_wconf 91' lang='lat' dir='ltr'><strong>non</strong></span> <span class='ocrx_word' id='word_1_228' title='bbox 1583 2793 1772 2848; x_wconf 67' lang='lat' dir='ltr'><strong>caelum</strong></span> <span class='ocrx_word' id='word_1_229' title='bbox 1814 2788 2016 2845; x_wconf 89' lang='lat' dir='ltr'><strong>labefa-</strong></span> 
     </span>
    </p>
   </div>
   <div class='ocr_carea' id='block_1_29' title="bbox 430 2881 2014 2959">
    <p class='ocr_par' dir='ltr' id='par_1_29' title="bbox 430 2881 2014 2959">
     <span class='ocr_line' id='line_1_29' title="bbox 430 2881 2014 2959; baseline -0.01 -11"><span class='ocrx_word' id='word_1_230' title='bbox 430 2908 572 2948; x_wconf 79' lang='lat' dir='ltr'><strong>ctum</strong></span> <span class='ocrx_word' id='word_1_231' title='bbox 604 2902 707 2959; x_wconf 92' lang='lat' dir='ltr'><strong>est,</strong></span> <span class='ocrx_word' id='word_1_232' title='bbox 741 2906 846 2945; x_wconf 92' lang='lat' dir='ltr'><strong>non</strong></span> <span class='ocrx_word' id='word_1_233' title='bbox 893 2889 1084 2953; x_wconf 88' lang='lat' dir='ltr'><strong>noctis,</strong></span> <span class='ocrx_word' id='word_1_234' title='bbox 1117 2903 1216 2943; x_wconf 93' lang='lat' dir='ltr'><strong>nec</strong></span> <span class='ocrx_word' id='word_1_235' title='bbox 1241 2886 1344 2942; x_wconf 91' lang='lat' dir='ltr'><strong>diei</strong></span> <span class='ocrx_word' id='word_1_236' title='bbox 1377 2883 1587 2940; x_wconf 89' lang='lat' dir='ltr'><strong>termini</strong></span> <span class='ocrx_word' id='word_1_237' title='bbox 1614 2881 1820 2938; x_wconf 73' lang='lat' dir='ltr'><strong>wnfusi</strong></span> <span class='ocrx_word' id='word_1_238' title='bbox 1849 2888 2014 2946; x_wconf 89' lang='lat' dir='ltr'><strong>sunt,</strong></span> 
     </span>
    </p>
   </div>
   <div class='ocr_carea' id='block_1_30' title="bbox 430 2970 2010 3055">
    <p class='ocr_par' dir='ltr' id='par_1_30' title="bbox 430 2970 2010 3055">
     <span class='ocr_line' id='line_1_30' title="bbox 430 2970 2010 3055; baseline -0.011 -14"><span class='ocrx_word' id='word_1_239' title='bbox 430 3003 534 3041; x_wconf 86' lang='lat' dir='ltr'><strong>non</strong></span> <span class='ocrx_word' id='word_1_240' title='bbox 563 2998 857 3055; x_wconf 84' lang='lat' dir='ltr'><strong>temporum</strong></span> <span class='ocrx_word' id='word_1_241' title='bbox 887 2979 1286 3046; x_wconf 88' lang='lat' dir='ltr'><strong>conversiones,</strong></span> <span class='ocrx_word' id='word_1_242' title='bbox 1316 2991 1416 3032; x_wconf 92' lang='lat' dir='ltr'><strong>nec</strong></span> <span class='ocrx_word' id='word_1_243' title='bbox 1454 2973 1652 3044; x_wconf 90' lang='lat' dir='ltr'><strong>aliquid</strong></span> <span class='ocrx_word' id='word_1_244' title='bbox 1694 2970 1839 3026; x_wconf 88' lang='lat' dir='ltr'><strong>aliud</strong></span> <span class='ocrx_word' id='word_1_245' title='bbox 1865 2971 2010 3039; x_wconf 85' lang='lat' dir='ltr'><strong>ejus-</strong></span> 
     </span>
    </p>
   </div>
   <div class='ocr_carea' id='block_1_31' title="bbox 433 3069 2018 3142">
    <p class='ocr_par' dir='ltr' id='par_1_31' title="bbox 433 3069 2018 3142">
     <span class='ocr_line' id='line_1_31' title="bbox 433 3069 2018 3142; baseline -0.011 -10"><span class='ocrx_word' id='word_1_246' title='bbox 433 3076 610 3140; x_wconf 83' lang='lat' dir='ltr'><strong>modi;</strong></span> <span class='ocrx_word' id='word_1_247' title='bbox 641 3073 733 3130; x_wconf 87' lang='lat' dir='ltr'><strong>sed</strong></span> <span class='ocrx_word' id='word_1_248' title='bbox 755 3071 1169 3142; x_wconf 86' lang='lat' dir='ltr'><strong>unumquodque</strong></span> <span class='ocrx_word' id='word_1_249' title='bbox 1215 3083 1397 3124; x_wconf 90' lang='lat' dir='ltr'><strong>eorum</strong></span> <span class='ocrx_word' id='word_1_250' title='bbox 1423 3080 1541 3135; x_wconf 84' lang='lat' dir='ltr'><strong>quae</strong></span> <span class='ocrx_word' id='word_1_251' title='bbox 1564 3070 1688 3117; x_wconf 91' lang='lat' dir='ltr'><strong>sunt</strong></span> <span class='ocrx_word' id='word_1_252' title='bbox 1711 3069 1766 3116; x_wconf 91' lang='lat' dir='ltr'><strong>et</strong></span> <span class='ocrx_word' id='word_1_253' title='bbox 1787 3073 2018 3128; x_wconf 88' lang='lat' dir='ltr'><strong>superne</strong></span> 
     </span>
    </p>
   </div>
   <div class='ocr_carea' id='block_1_32' title="bbox 435 3149 2016 3232">
    <p class='ocr_par' dir='ltr' id='par_1_32' title="bbox 435 3149 2016 3232">
     <span class='ocr_line' id='line_1_32' title="bbox 435 3149 2016 3232; baseline -0.014 -9"><span class='ocrx_word' id='word_1_254' title='bbox 435 3179 488 3222; x_wconf 88' lang='lat' dir='ltr'><strong>ct</strong></span> <span class='ocrx_word' id='word_1_255' title='bbox 518 3166 722 3222; x_wconf 90' lang='lat' dir='ltr'><strong>inferne</strong></span> <span class='ocrx_word' id='word_1_256' title='bbox 751 3165 916 3231; x_wconf 90' lang='lat' dir='ltr'><strong>stetit,</strong></span> <span class='ocrx_word' id='word_1_257' title='bbox 945 3158 1349 3232; x_wconf 78' lang='lat' dir='ltr'><strong>diligentissime</strong></span> <span class='ocrx_word' id='word_1_258' title='bbox 1373 3153 1648 3224; x_wconf 88' lang='lat' dir='ltr'><strong>impositos</strong></span> <span class='ocrx_word' id='word_1_259' title='bbox 1677 3151 1778 3206; x_wconf 88' lang='lat' dir='ltr'><strong>sibi</strong></span> <span class='ocrx_word' id='word_1_260' title='bbox 1817 3150 1886 3204; x_wconf 88' lang='lat' dir='ltr'><strong>ab</strong></span> <span class='ocrx_word' id='word_1_261' title='bbox 1913 3149 2016 3202; x_wconf 89' lang='lat' dir='ltr'><strong>ini-</strong></span> 
     </span>
    </p>
   </div>
   <div class='ocr_carea' id='block_1_33' title="bbox 433 3240 2018 3327">
    <p class='ocr_par' dir='ltr' id='par_1_33' title="bbox 433 3240 2018 3327">
     <span class='ocr_line' id='line_1_33' title="bbox 433 3240 2018 3327; baseline -0.011 -12"><span class='ocrx_word' id='word_1_262' title='bbox 433 3265 505 3317; x_wconf 88' lang='lat' dir='ltr'><strong>tio</strong></span> <span class='ocrx_word' id='word_1_263' title='bbox 532 3260 663 3316; x_wconf 87' lang='lat' dir='ltr'><strong>lines</strong></span> <span class='ocrx_word' id='word_1_264' title='bbox 687 3257 753 3314; x_wconf 91' lang='lat' dir='ltr'><strong>ad</strong></span> <span class='ocrx_word' id='word_1_265' title='bbox 785 3271 1012 3327; x_wconf 89' lang='lat' dir='ltr'><strong>unguem</strong></span> <span class='ocrx_word' id='word_1_266' title='bbox 1042 3266 1280 3308; x_wconf 88' lang='lat' dir='ltr'><strong>servans.</strong></span> <span class='ocrx_word' id='word_1_267' title='bbox 1315 3249 1598 3317; x_wconf 88' lang='lat' dir='ltr'><strong>Postquam</strong></span> <span class='ocrx_word' id='word_1_268' title='bbox 1627 3258 1757 3310; x_wconf 81' lang='lat' dir='ltr'><strong>ergo</strong></span> <span class='ocrx_word' id='word_1_269' title='bbox 1793 3240 1927 3297; x_wconf 89' lang='lat' dir='ltr'><strong>dixit</strong></span> <span class='ocrx_word' id='word_1_270' title='bbox 1950 3241 2018 3297; x_wconf 88' lang='lat' dir='ltr'><strong>de</strong></span> 
     </span>
    </p>
   </div>
   <div class='ocr_carea' id='block_1_34' title="bbox 432 3332 2018 3422">
    <p class='ocr_par' dir='ltr' id='par_1_34' title="bbox 432 3332 2018 3422">
     <span class='ocr_line' id='line_1_34' title="bbox 432 3332 2018 3422; baseline -0.015 -14"><span class='ocrx_word' id='word_1_271' title='bbox 432 3352 678 3422; x_wconf 85' lang='lat' dir='ltr'><strong>supernis</strong></span> <span class='ocrx_word' id='word_1_272' title='bbox 702 3348 979 3412; x_wconf 84' lang='lat' dir='ltr'><strong>creaturis,</strong></span> <span class='ocrx_word' id='word_1_273' title='bbox 1001 3344 1142 3402; x_wconf 91' lang='lat' dir='ltr'><strong>etde</strong></span> <span class='ocrx_word' id='word_1_274' title='bbox 1165 3343 1227 3396; x_wconf 90' lang='lat' dir='ltr'><strong>iis</strong></span> <span class='ocrx_word' id='word_1_275' title='bbox 1248 3355 1368 3412; x_wconf 66' lang='lat' dir='ltr'><strong>quae</strong></span> <span class='ocrx_word' id='word_1_276' title='bbox 1395 3337 1591 3394; x_wconf 87' lang='lat' dir='ltr'><strong>suntin</strong></span> <span class='ocrx_word' id='word_1_277' title='bbox 1611 3334 1765 3398; x_wconf 69' lang='lat' dir='ltr'><strong>crclo,</strong></span> <span class='ocrx_word' id='word_1_278' title='bbox 1793 3332 2018 3387; x_wconf 82' lang='lat' dir='ltr'><strong>descen-</strong></span> 
     </span>
    </p>
   </div>
   <div class='ocr_carea' id='block_1_35' title="bbox 433 3422 2013 3507">
    <p class='ocr_par' dir='ltr' id='par_1_35' title="bbox 433 3422 2013 3507">
     <span class='ocr_line' id='line_1_35' title="bbox 433 3422 2013 3507; baseline -0.016 -8"><span class='ocrx_word' id='word_1_279' title='bbox 433 3445 510 3498; x_wconf 87' lang='lat' dir='ltr'><strong>dit</strong></span> <span class='ocrx_word' id='word_1_280' title='bbox 534 3446 586 3497; x_wconf 92' lang='lat' dir='ltr'><strong>in</strong></span> <span class='ocrx_word' id='word_1_281' title='bbox 616 3451 832 3497; x_wconf 87' lang='lat' dir='ltr'><strong>terram.</strong></span> <span class='ocrx_word' id='word_1_282' title='bbox 856 3437 1008 3507; x_wconf 85' lang='lat' dir='ltr'><strong>Quod</strong></span> <span class='ocrx_word' id='word_1_283' title='bbox 1036 3443 1212 3490; x_wconf 87' lang='lat' dir='ltr'><strong>autem</strong></span> <span class='ocrx_word' id='word_1_284' title='bbox 1237 3432 1360 3486; x_wconf 89' lang='lat' dir='ltr'><strong>fecit</strong></span> <span class='ocrx_word' id='word_1_285' title='bbox 1381 3432 1436 3483; x_wconf 91' lang='lat' dir='ltr'><strong>in</strong></span> <span class='ocrx_word' id='word_1_286' title='bbox 1460 3425 1708 3498; x_wconf 88' lang='lat' dir='ltr'><strong>supernis</strong></span> <span class='ocrx_word' id='word_1_287' title='bbox 1734 3422 2013 3486; x_wconf 84' lang='lat' dir='ltr'><strong>creaturis,</strong></span> 
     </span>
    </p>
   </div>
   <div class='ocr_carea' id='block_1_36' title="bbox 435 3514 2018 3602">
    <p class='ocr_par' dir='ltr' id='par_1_36' title="bbox 435 3514 2018 3602">
     <span class='ocr_line' id='line_1_36' title="bbox 435 3514 2018 3602; baseline -0.015 -12"><span class='ocrx_word' id='word_1_288' title='bbox 435 3547 492 3590; x_wconf 89' lang='lat' dir='ltr'><strong>ttt</strong></span> <span class='ocrx_word' id='word_1_289' title='bbox 538 3533 796 3602; x_wconf 84' lang='lat' dir='ltr'><strong>inciperet</strong></span> <span class='ocrx_word' id='word_1_290' title='bbox 825 3528 1038 3598; x_wconf 87' lang='lat' dir='ltr'><strong>quidem</strong></span> <span class='ocrx_word' id='word_1_291' title='bbox 1082 3521 1623 3594; x_wconf 63' lang='lat' dir='ltr'><strong>asupercaalestibus,</strong></span> <span class='ocrx_word' id='word_1_292' title='bbox 1671 3514 2018 3572; x_wconf 88' lang='lat' dir='ltr'><strong>descenderet</strong></span> 
     </span>
    </p>
   </div>
   <div class='ocr_carea' id='block_1_37' title="bbox 434 3603 2018 3684">
    <p class='ocr_par' dir='ltr' id='par_1_37' title="bbox 434 3603 2018 3684">
     <span class='ocr_line' id='line_1_37' title="bbox 434 3603 2018 3684; baseline -0.015 -4"><span class='ocrx_word' id='word_1_293' title='bbox 434 3635 608 3680; x_wconf 89' lang='lat' dir='ltr'><strong>autem</strong></span> <span class='ocrx_word' id='word_1_294' title='bbox 637 3622 704 3676; x_wconf 88' lang='lat' dir='ltr'><strong>ad</strong></span> <span class='ocrx_word' id='word_1_295' title='bbox 730 3619 982 3684; x_wconf 79' lang='lat' dir='ltr'><strong>caelestia,</strong></span> <span class='ocrx_word' id='word_1_296' title='bbox 1011 3617 1112 3671; x_wconf 86' lang='lat' dir='ltr'><strong>hoc</strong></span> <span class='ocrx_word' id='word_1_297' title='bbox 1153 3615 1312 3669; x_wconf 89' lang='lat' dir='ltr'><strong>etiam</strong></span> <span class='ocrx_word' id='word_1_298' title='bbox 1339 3612 1426 3667; x_wconf 88' lang='lat' dir='ltr'><strong>hic</strong></span> <span class='ocrx_word' id='word_1_299' title='bbox 1455 3610 1612 3673; x_wconf 87' lang='lat' dir='ltr'><strong>facit,</strong></span> <span class='ocrx_word' id='word_1_300' title='bbox 1642 3624 1671 3663; x_wconf 89' lang='lat' dir='ltr'><strong>a</strong></span> <span class='ocrx_word' id='word_1_301' title='bbox 1714 3603 2018 3662; x_wconf 77' lang='lat' dir='ltr'><strong>caelestibus</strong></span> 
     </span>
    </p>
   </div>
   <div class='ocr_carea' id='block_1_38' title="bbox 435 3694 2016 3773">
    <p class='ocr_par' dir='ltr' id='par_1_38' title="bbox 435 3694 2016 3773">
     <span class='ocr_line' id='line_1_38' title="bbox 435 3694 2016 3773; baseline -0.016 0"><span class='ocrx_word' id='word_1_302' title='bbox 435 3719 498 3773; x_wconf 84' lang='lat' dir='ltr'><strong>ad</strong></span> <span class='ocrx_word' id='word_1_303' title='bbox 529 3728 724 3772; x_wconf 86' lang='lat' dir='ltr'><strong>terram</strong></span> <span class='ocrx_word' id='word_1_304' title='bbox 770 3709 1095 3766; x_wconf 83' lang='lat' dir='ltr'><strong>transiliens.</strong></span> <span class='ocrx_word' id='word_1_305' title='bbox 1140 3705 1400 3772; x_wconf 84' lang='lat' dir='ltr'><strong>Quoniam</strong></span> <span class='ocrx_word' id='word_1_306' title='bbox 1430 3701 1571 3756; x_wconf 91' lang='lat' dir='ltr'><strong>enim</strong></span> <span class='ocrx_word' id='word_1_307' title='bbox 1616 3707 1741 3752; x_wconf 90' lang='lat' dir='ltr'><strong>sunt</strong></span> <span class='ocrx_word' id='word_1_308' title='bbox 1781 3694 2016 3752; x_wconf 88' lang='lat' dir='ltr'><strong>nonnulli</strong></span> 
     </span>
    </p>
   </div>
   <div class='ocr_carea' id='block_1_39' title="bbox 433 3788 2017 3880">
    <p class='ocr_par' dir='ltr' id='par_1_39' title="bbox 433 3788 2017 3880">
     <span class='ocr_line' id='line_1_39' title="bbox 433 3788 2017 3880; baseline -0.016 -15"><span class='ocrx_word' id='word_1_309' title='bbox 433 3811 522 3880; x_wconf 90' lang='lat' dir='ltr'><strong>qui</strong></span> <span class='ocrx_word' id='word_1_310' title='bbox 565 3809 748 3863; x_wconf 90' lang='lat' dir='ltr'><strong>dicunt</strong></span> <span class='ocrx_word' id='word_1_311' title='bbox 789 3821 850 3859; x_wconf 90' lang='lat' dir='ltr'><strong>ea</strong></span> <span class='ocrx_word' id='word_1_312' title='bbox 897 3802 1111 3873; x_wconf 88' lang='lat' dir='ltr'><strong>quidem</strong></span> <span class='ocrx_word' id='word_1_313' title='bbox 1152 3814 1270 3868; x_wconf 71' lang='lat' dir='ltr'><strong>quae</strong></span> <span class='ocrx_word' id='word_1_314' title='bbox 1295 3807 1419 3853; x_wconf 90' lang='lat' dir='ltr'><strong>sunt</strong></span> <span class='ocrx_word' id='word_1_315' title='bbox 1450 3796 1503 3848; x_wconf 92' lang='lat' dir='ltr'><strong>in</strong></span> <span class='ocrx_word' id='word_1_316' title='bbox 1545 3793 1689 3859; x_wconf 68' lang='lat' dir='ltr'><strong>caalis</strong></span> <span class='ocrx_word' id='word_1_317' title='bbox 1715 3804 1833 3845; x_wconf 89' lang='lat' dir='ltr'><strong>esse</strong></span> <span class='ocrx_word' id='word_1_318' title='bbox 1860 3788 2017 3858; x_wconf 89' lang='lat' dir='ltr'><strong>digna</strong></span> 
     </span>
    </p>
   </div>
   <div class='ocr_carea' id='block_1_40' title="bbox 438 3879 2014 3970">
    <p class='ocr_par' dir='ltr' id='par_1_40' title="bbox 438 3879 2014 3970">
     <span class='ocr_line' id='line_1_40' title="bbox 438 3879 2014 3970; baseline -0.017 -13"><span class='ocrx_word' id='word_1_319' title='bbox 438 3879 529 3956; x_wconf 70' lang='lat' dir='ltr'><strong>fici</strong></span> <span class='ocrx_word' id='word_1_320' title='bbox 555 3899 764 3970; x_wconf 86' lang='lat' dir='ltr'><strong>opilleio</strong></span> <span class='ocrx_word' id='word_1_321' title='bbox 797 3914 810 3950; x_wconf 92' lang='lat'>:</span> <span class='ocrx_word' id='word_1_322' title='bbox 841 3910 960 3965; x_wconf 70' lang='lat' dir='ltr'><strong>qua:</strong></span> <span class='ocrx_word' id='word_1_323' title='bbox 980 3901 1106 3948; x_wconf 89' lang='lat' dir='ltr'><strong>sunt</strong></span> <span class='ocrx_word' id='word_1_324' title='bbox 1121 3899 1295 3944; x_wconf 89' lang='lat' dir='ltr'><strong>autem</strong></span> <span class='ocrx_word' id='word_1_325' title='bbox 1317 3889 1368 3942; x_wconf 94' lang='lat' dir='ltr'><strong>in</strong></span> <span class='ocrx_word' id='word_1_326' title='bbox 1393 3887 1572 3949; x_wconf 87' lang='lat' dir='ltr'><strong>terris,</strong></span> <span class='ocrx_word' id='word_1_327' title='bbox 1598 3879 2014 3952; x_wconf 89' lang='lat' dir='ltr'><strong>reprehendunt,</strong></span> 
     </span>
    </p>
   </div>
   <div class='ocr_carea' id='block_1_41' title="bbox 433 3974 2015 4065">
    <p class='ocr_par' dir='ltr' id='par_1_41' title="bbox 433 3974 2015 4065">
     <span class='ocr_line' id='line_1_41' title="bbox 433 3974 2015 4065; baseline -0.015 -17"><span class='ocrx_word' id='word_1_328' title='bbox 433 3993 684 4065; x_wconf 82' lang='lat' dir='ltr'><strong>quoniam</strong></span> <span class='ocrx_word' id='word_1_329' title='bbox 731 3989 800 4042; x_wconf 90' lang='lat' dir='ltr'><strong>ibi</strong></span> <span class='ocrx_word' id='word_1_330' title='bbox 831 3994 958 4041; x_wconf 92' lang='lat' dir='ltr'><strong>sunt</strong></span> <span class='ocrx_word' id='word_1_331' title='bbox 983 3983 1203 4053; x_wconf 90' lang='lat' dir='ltr'><strong>scorpii,</strong></span> <span class='ocrx_word' id='word_1_332' title='bbox 1234 3981 1437 4043; x_wconf 87' lang='lat' dir='ltr'><strong>leones,</strong></span> <span class='ocrx_word' id='word_1_333' title='bbox 1483 3979 1700 4048; x_wconf 65' lang='lat' dir='ltr'><strong>viperae,</strong></span> <span class='ocrx_word' id='word_1_334' title='bbox 1731 3974 2015 4039; x_wconf 87' lang='lat' dir='ltr'><strong>dracones,</strong></span> 
     </span>
    </p>
   </div>
   <div class='ocr_carea' id='block_1_42' title="bbox 435 4064 2012 4153">
    <p class='ocr_par' dir='ltr' id='par_1_42' title="bbox 435 4064 2012 4153">
     <span class='ocr_line' id='line_1_42' title="bbox 435 4064 2012 4153; baseline -0.015 -13"><span class='ocrx_word' id='word_1_335' title='bbox 435 4064 490 4140; x_wconf 88' lang='lat' dir='ltr'><strong>et</strong></span> <span class='ocrx_word' id='word_1_336' title='bbox 517 4084 721 4153; x_wconf 88' lang='lat' dir='ltr'><strong>reliqua</strong></span> <span class='ocrx_word' id='word_1_337' title='bbox 748 4079 1041 4135; x_wconf 89' lang='lat' dir='ltr'><strong>belluarum</strong></span> <span class='ocrx_word' id='word_1_338' title='bbox 1084 4087 1300 4145; x_wconf 89' lang='lat' dir='ltr'><strong>genera,</strong></span> <span class='ocrx_word' id='word_1_339' title='bbox 1328 4080 1384 4127; x_wconf 92' lang='lat' dir='ltr'><strong>et</strong></span> <span class='ocrx_word' id='word_1_340' title='bbox 1417 4069 1640 4124; x_wconf 87' lang='lat' dir='ltr'><strong>arbores</strong></span> <span class='ocrx_word' id='word_1_341' title='bbox 1669 4064 2012 4136; x_wconf 71' lang='lat' dir='ltr'><strong>infrugifertc,</strong></span> 
     </span>
    </p>
   </div>
   <div class='ocr_carea' id='block_1_43' title="bbox 435 4156 2016 4240">
    <p class='ocr_par' dir='ltr' id='par_1_43' title="bbox 435 4156 2016 4240">
     <span class='ocr_line' id='line_1_43' title="bbox 435 4156 2016 4240; baseline -0.014 -10"><span class='ocrx_word' id='word_1_342' title='bbox 435 4175 515 4230; x_wconf 90' lang='lat' dir='ltr'><strong>eis</strong></span> <span class='ocrx_word' id='word_1_343' title='bbox 543 4173 704 4229; x_wconf 88' lang='lat' dir='ltr'><strong>veluti</strong></span> <span class='ocrx_word' id='word_1_344' title='bbox 735 4167 1084 4240; x_wconf 85' lang='lat' dir='ltr'><strong>respondens,</strong></span> <span class='ocrx_word' id='word_1_345' title='bbox 1116 4165 1218 4219; x_wconf 90' lang='lat' dir='ltr'><strong>alia</strong></span> <span class='ocrx_word' id='word_1_346' title='bbox 1259 4176 1444 4217; x_wconf 88' lang='lat' dir='ltr'><strong>rursus</strong></span> <span class='ocrx_word' id='word_1_347' title='bbox 1482 4159 1688 4215; x_wconf 84' lang='lat' dir='ltr'><strong>ratione</strong></span> <span class='ocrx_word' id='word_1_348' title='bbox 1724 4156 2016 4211; x_wconf 89' lang='lat' dir='ltr'><strong>orationem</strong></span> 
     </span>
    </p>
   </div>
   <div class='ocr_carea' id='block_1_44' title="bbox 435 4247 2018 4338">
    <p class='ocr_par' dir='ltr' id='par_1_44' title="bbox 435 4247 2018 4338">
     <span class='ocr_line' id='line_1_44' title="bbox 435 4247 2018 4338; baseline -0.014 -16"><span class='ocrx_word' id='word_1_349' title='bbox 435 4267 758 4338; x_wconf 81' lang='lat' dir='ltr'><strong>aggreditur.</strong></span> <span class='ocrx_word' id='word_1_350' title='bbox 788 4262 919 4318; x_wconf 82' lang='lat' dir='ltr'><strong>Vide</strong></span> <span class='ocrx_word' id='word_1_351' title='bbox 943 4269 1118 4315; x_wconf 90' lang='lat' dir='ltr'><strong>autem</strong></span> <span class='ocrx_word' id='word_1_352' title='bbox 1149 4255 1274 4328; x_wconf 91' lang='lat' dir='ltr'><strong>quid</strong></span> <span class='ocrx_word' id='word_1_353' title='bbox 1307 4255 1427 4309; x_wconf 88' lang='lat' dir='ltr'><strong>facit</strong></span> <span class='ocrx_word' id='word_1_354' title='bbox 1454 4269 1468 4306; x_wconf 90' lang='lat'><strong>:</strong></span> <span class='ocrx_word' id='word_1_355' title='bbox 1498 4251 1650 4306; x_wconf 92' lang='lat' dir='ltr'><strong>bonis</strong></span> <span class='ocrx_word' id='word_1_356' title='bbox 1677 4264 1798 4320; x_wconf 68' lang='lat' dir='ltr'><strong>quae</strong></span> <span class='ocrx_word' id='word_1_357' title='bbox 1823 4247 2018 4304; x_wconf 88' lang='lat' dir='ltr'><strong>suntin</strong></span> 
     </span>
    </p>
   </div>
   <div class='ocr_carea' id='block_1_45' title="bbox 437 4346 2019 4428">
    <p class='ocr_par' dir='ltr' id='par_1_45' title="bbox 437 4346 2019 4428">
     <span class='ocr_line' id='line_1_45' title="bbox 437 4346 2019 4428; baseline -0.016 -12"><span class='ocrx_word' id='word_1_358' title='bbox 437 4361 684 4416; x_wconf 88' lang='lat' dir='ltr'><strong>confesso</strong></span> <span class='ocrx_word' id='word_1_359' title='bbox 710 4353 1111 4428; x_wconf 66' lang='lat' dir='ltr'><strong>prmtcrmissis,</strong></span> <span class='ocrx_word' id='word_1_360' title='bbox 1138 4349 1347 4416; x_wconf 85' lang='lat' dir='ltr'><strong>ovibus,</strong></span> <span class='ocrx_word' id='word_1_361' title='bbox 1375 4346 1564 4409; x_wconf 91' lang='lat' dir='ltr'><strong>bobus,</strong></span> <span class='ocrx_word' id='word_1_362' title='bbox 1610 4356 1836 4412; x_wconf 90' lang='lat' dir='ltr'><strong>quorum</strong></span> <span class='ocrx_word' id='word_1_363' title='bbox 1865 4353 2019 4394; x_wconf 90' lang='lat' dir='ltr'><strong>usum</strong></span> 
     </span>
    </p>
   </div>
   <div class='ocr_carea' id='block_1_46' title="bbox 442 4434 2021 4516">
    <p class='ocr_par' dir='ltr' id='par_1_46' title="bbox 442 4434 2021 4516">
     <span class='ocr_line' id='line_1_46' title="bbox 442 4434 2021 4516; baseline -0.016 -9"><span class='ocrx_word' id='word_1_364' title='bbox 442 4450 676 4507; x_wconf 87' lang='lat' dir='ltr'><strong>ostendit</strong></span> <span class='ocrx_word' id='word_1_365' title='bbox 718 4448 828 4516; x_wconf 87' lang='lat' dir='ltr'><strong>ipsa</strong></span> <span class='ocrx_word' id='word_1_366' title='bbox 879 4441 1227 4515; x_wconf 78' lang='lat' dir='ltr'><strong>experientia,</strong></span> <span class='ocrx_word' id='word_1_367' title='bbox 1277 4437 1464 4503; x_wconf 90' lang='lat' dir='ltr'><strong>asinis,</strong></span> <span class='ocrx_word' id='word_1_368' title='bbox 1512 4434 1752 4498; x_wconf 88' lang='lat' dir='ltr'><strong>camelis,</strong></span> <span class='ocrx_word' id='word_1_369' title='bbox 1793 4440 1848 4487; x_wconf 89' lang='lat' dir='ltr'><strong>et</strong></span> <span class='ocrx_word' id='word_1_370' title='bbox 1875 4445 2021 4500; x_wconf 66' lang='lat' dir='ltr'><strong>quie-</strong></span> 
     </span>
    </p>
   </div>
   <div class='ocr_carea' id='block_1_47' title="bbox 439 4521 2022 4612">
    <p class='ocr_par' dir='ltr' id='par_1_47' title="bbox 439 4521 2022 4612">
     <span class='ocr_line' id='line_1_47' title="bbox 439 4521 2022 4612; baseline -0.014 -15"><span class='ocrx_word' id='word_1_371' title='bbox 439 4556 670 4612; x_wconf 87' lang='lat' dir='ltr'><strong>cumque</strong></span> <span class='ocrx_word' id='word_1_372' title='bbox 699 4547 817 4607; x_wconf 88' lang='lat' dir='ltr'><strong>apta</strong></span> <span class='ocrx_word' id='word_1_373' title='bbox 862 4543 987 4590; x_wconf 89' lang='lat' dir='ltr'><strong>sunt</strong></span> <span class='ocrx_word' id='word_1_374' title='bbox 1032 4532 1187 4588; x_wconf 86' lang='lat' dir='ltr'><strong>nobis</strong></span> <span class='ocrx_word' id='word_1_375' title='bbox 1226 4530 1292 4584; x_wconf 87' lang='lat' dir='ltr'><strong>ad</strong></span> <span class='ocrx_word' id='word_1_376' title='bbox 1339 4543 1501 4585; x_wconf 86' lang='lat' dir='ltr'><strong>onera</strong></span> <span class='ocrx_word' id='word_1_377' title='bbox 1549 4523 1788 4580; x_wconf 88' lang='lat' dir='ltr'><strong>vehenda</strong></span> <span class='ocrx_word' id='word_1_378' title='bbox 1822 4522 1916 4577; x_wconf 88' lang='lat' dir='ltr'><strong>:in</strong></span> <span class='ocrx_word' id='word_1_379' title='bbox 1959 4521 2022 4575; x_wconf 89' lang='lat' dir='ltr'><strong>iis</strong></span> 
     </span>
    </p>
   </div>
   <div class='ocr_carea' id='block_1_48' title="bbox 441 4613 2020 4706">
    <p class='ocr_par' dir='ltr' id='par_1_48' title="bbox 441 4613 2020 4706">
     <span class='ocr_line' id='line_1_48' title="bbox 441 4613 2020 4706; baseline -0.014 -18"><span class='ocrx_word' id='word_1_380' title='bbox 441 4650 558 4706; x_wconf 70' lang='lat' dir='ltr'><strong>qua:</strong></span> <span class='ocrx_word' id='word_1_381' title='bbox 585 4631 832 4686; x_wconf 90' lang='lat' dir='ltr'><strong>videntur</strong></span> <span class='ocrx_word' id='word_1_382' title='bbox 871 4641 992 4682; x_wconf 90' lang='lat' dir='ltr'><strong>esse</strong></span> <span class='ocrx_word' id='word_1_383' title='bbox 1023 4623 1248 4685; x_wconf 90' lang='lat' dir='ltr'><strong>inutilia,</strong></span> <span class='ocrx_word' id='word_1_384' title='bbox 1275 4628 1454 4675; x_wconf 79' lang='lat' dir='ltr'><strong>versat</strong></span> <span class='ocrx_word' id='word_1_385' title='bbox 1478 4616 1796 4682; x_wconf 89' lang='lat' dir='ltr'><strong>orationem,</strong></span> <span class='ocrx_word' id='word_1_386' title='bbox 1827 4613 2020 4668; x_wconf 87' lang='lat' dir='ltr'><strong>draco-</strong></span> 
     </span>
    </p>
   </div>
   <div class='ocr_carea' id='block_1_49' title="bbox 443 4704 2022 4782">
    <p class='ocr_par' dir='ltr' id='par_1_49' title="bbox 443 4704 2022 4782">
     <span class='ocr_line' id='line_1_49' title="bbox 443 4704 2022 4782; baseline -0.016 -1"><span class='ocrx_word' id='word_1_387' title='bbox 443 4704 537 4781; x_wconf 84' lang='lat' dir='ltr'><strong>nes</strong></span> <span class='ocrx_word' id='word_1_388' title='bbox 569 4723 622 4777; x_wconf 94' lang='lat' dir='ltr'><strong>in</strong></span> <span class='ocrx_word' id='word_1_389' title='bbox 650 4719 880 4776; x_wconf 89' lang='lat' dir='ltr'><strong>medium</strong></span> <span class='ocrx_word' id='word_1_390' title='bbox 925 4714 1216 4781; x_wconf 88' lang='lat' dir='ltr'><strong>adducens,</strong></span> <span class='ocrx_word' id='word_1_391' title='bbox 1259 4720 1461 4782; x_wconf 89' lang='lat' dir='ltr'><strong>partem</strong></span> <span class='ocrx_word' id='word_1_392' title='bbox 1501 4709 1663 4764; x_wconf 90' lang='lat' dir='ltr'><strong>maris</strong></span> <span class='ocrx_word' id='word_1_393' title='bbox 1697 4704 2022 4776; x_wconf 85' lang='lat' dir='ltr'><strong>innavigabi-</strong></span> 
     </span>
    </p>
   </div>
   <div class='ocr_carea' id='block_1_50' title="bbox 439 4799 2019 4883">
    <p class='ocr_par' dir='ltr' id='par_1_50' title="bbox 439 4799 2019 4883">
     <span class='ocr_line' id='line_1_50' title="bbox 439 4799 2019 4883; baseline -0.013 -11"><span class='ocrx_word' id='word_1_394' title='bbox 439 4820 568 4881; x_wconf 75' lang='lat' dir='ltr'><strong>letn,</strong></span> <span class='ocrx_word' id='word_1_395' title='bbox 597 4825 651 4870; x_wconf 91' lang='lat' dir='ltr'><strong>et</strong></span> <span class='ocrx_word' id='word_1_396' title='bbox 691 4826 808 4883; x_wconf 70' lang='lat' dir='ltr'><strong>qua:</strong></span> <span class='ocrx_word' id='word_1_397' title='bbox 843 4807 1089 4862; x_wconf 85' lang='lat' dir='ltr'><strong>videntur</strong></span> <span class='ocrx_word' id='word_1_398' title='bbox 1125 4804 1314 4860; x_wconf 77' lang='lat' dir='ltr'><strong>afferre</strong></span> <span class='ocrx_word' id='word_1_399' title='bbox 1361 4801 1678 4866; x_wconf 90' lang='lat' dir='ltr'><strong>molestiam,</strong></span> <span class='ocrx_word' id='word_1_400' title='bbox 1725 4809 1782 4854; x_wconf 87' lang='lat' dir='ltr'><strong>ut</strong></span> <span class='ocrx_word' id='word_1_401' title='bbox 1806 4799 1977 4868; x_wconf 88' lang='lat' dir='ltr'><strong>ignem</strong></span> <span class='ocrx_word' id='word_1_402' title='bbox 2004 4838 2019 4863; x_wconf 93' lang='lat'><strong>,</strong></span> 
     </span>
    </p>
   </div>
   <div class='ocr_carea' id='block_1_51' title="bbox 439 4887 2022 4979">
    <p class='ocr_par' dir='ltr' id='par_1_51' title="bbox 439 4887 2022 4979">
     <span class='ocr_line' id='line_1_51' title="bbox 439 4887 2022 4979; baseline -0.016 -15"><span class='ocrx_word' id='word_1_403' title='bbox 439 4906 776 4979; x_wconf 79' lang='lat' dir='ltr'><strong>grandinem,</strong></span> <span class='ocrx_word' id='word_1_404' title='bbox 808 4900 1006 4959; x_wconf 83' lang='lat' dir='ltr'><strong>nivem,</strong></span> <span class='ocrx_word' id='word_1_405' title='bbox 1035 4894 1293 4966; x_wconf 76' lang='lat' dir='ltr'><strong>glaciem;</strong></span> <span class='ocrx_word' id='word_1_406' title='bbox 1325 4892 1517 4949; x_wconf 89' lang='lat' dir='ltr'><strong>deinde</strong></span> <span class='ocrx_word' id='word_1_407' title='bbox 1555 4890 1777 4945; x_wconf 89' lang='lat' dir='ltr'><strong>arbores</strong></span> <span class='ocrx_word' id='word_1_408' title='bbox 1800 4887 2022 4956; x_wconf 86' lang='lat' dir='ltr'><strong>infrugi-</strong></span> 
     </span>
    </p>
   </div>
   <div class='ocr_carea' id='block_1_52' title="bbox 449 4978 2028 5066">
    <p class='ocr_par' dir='ltr' id='par_1_52' title="bbox 449 4978 2028 5066">
     <span class='ocr_line' id='line_1_52' title="bbox 449 4978 2028 5066; baseline -0.016 -11"><span class='ocrx_word' id='word_1_409' title='bbox 449 4978 612 5066; x_wconf 77' lang='lat' dir='ltr'><strong>feras,</strong></span> <span class='ocrx_word' id='word_1_410' title='bbox 645 5004 856 5052; x_wconf 89' lang='lat' dir='ltr'><strong>montes</strong></span> <span class='ocrx_word' id='word_1_411' title='bbox 889 5009 902 5045; x_wconf 92' lang='lat'>:</span> <span class='ocrx_word' id='word_1_412' title='bbox 931 4989 1124 5045; x_wconf 86' lang='lat' dir='ltr'><strong>deinde</strong></span> <span class='ocrx_word' id='word_1_413' title='bbox 1167 4999 1351 5041; x_wconf 87' lang='lat' dir='ltr'><strong>rursus</strong></span> <span class='ocrx_word' id='word_1_414' title='bbox 1375 4983 1494 5037; x_wconf 90' lang='lat' dir='ltr'><strong>latis</strong></span> <span class='ocrx_word' id='word_1_415' title='bbox 1523 4980 1722 5049; x_wconf 86' lang='lat' dir='ltr'><strong>campis</strong></span> <span class='ocrx_word' id='word_1_416' title='bbox 1747 4978 1947 5033; x_wconf 86' lang='lat' dir='ltr'><strong>relictis</strong></span> <span class='ocrx_word' id='word_1_417' title='bbox 1973 4984 2028 5031; x_wconf 89' lang='lat' dir='ltr'><strong>et</strong></span> 
     </span>
    </p>
   </div>
   <div class='ocr_carea' id='block_1_53' title="bbox 442 5068 2028 5162">
    <p class='ocr_par' dir='ltr' id='par_1_53' title="bbox 442 5068 2028 5162">
     <span class='ocr_line' id='line_1_53' title="bbox 442 5068 2028 5162; baseline -0.018 -15"><span class='ocrx_word' id='word_1_418' title='bbox 442 5092 581 5162; x_wconf 84' lang='lat' dir='ltr'><strong>aptis</strong></span> <span class='ocrx_word' id='word_1_419' title='bbox 625 5088 690 5143; x_wconf 88' lang='lat' dir='ltr'><strong>ad</strong></span> <span class='ocrx_word' id='word_1_420' title='bbox 720 5083 1113 5157; x_wconf 85' lang='lat' dir='ltr'><strong>agriculturam,</strong></span> <span class='ocrx_word' id='word_1_421' title='bbox 1157 5086 1315 5148; x_wconf 88' lang='lat' dir='ltr'><strong>atque</strong></span> <span class='ocrx_word' id='word_1_422' title='bbox 1356 5073 1423 5129; x_wconf 91' lang='lat' dir='ltr'><strong>ad</strong></span> <span class='ocrx_word' id='word_1_423' title='bbox 1467 5069 1670 5126; x_wconf 89' lang='lat' dir='ltr'><strong>utilium</strong></span> <span class='ocrx_word' id='word_1_424' title='bbox 1716 5068 2028 5136; x_wconf 90' lang='lat' dir='ltr'><strong>mitiumque</strong></span> 
     </span>
    </p>
   </div>
   <div class='ocr_carea' id='block_1_54' title="bbox 445 5159 2029 5249">
    <p class='ocr_par' dir='ltr' id='par_1_54' title="bbox 445 5159 2029 5249">
     <span class='ocr_line' id='line_1_54' title="bbox 445 5159 2029 5249; baseline -0.018 -11"><span class='ocrx_word' id='word_1_425' title='bbox 445 5159 711 5238; x_wconf 79' lang='lat' dir='ltr'><strong>frttctuum</strong></span> <span class='ocrx_word' id='word_1_426' title='bbox 756 5184 1072 5249; x_wconf 80' lang='lat' dir='ltr'><strong>proventum</strong></span> <span class='ocrx_word' id='word_1_427' title='bbox 1094 5213 1108 5235; x_wconf 92' lang='lat'><strong>,</strong></span> <span class='ocrx_word' id='word_1_428' title='bbox 1142 5168 1334 5225; x_wconf 90' lang='lat' dir='ltr'><strong>transit</strong></span> <span class='ocrx_word' id='word_1_429' title='bbox 1377 5164 1442 5220; x_wconf 89' lang='lat' dir='ltr'><strong>ad</strong></span> <span class='ocrx_word' id='word_1_430' title='bbox 1489 5170 1725 5226; x_wconf 89' lang='lat' dir='ltr'><strong>montes,</strong></span> <span class='ocrx_word' id='word_1_431' title='bbox 1756 5159 1941 5219; x_wconf 85' lang='lat' dir='ltr'><strong>colles,</strong></span> <span class='ocrx_word' id='word_1_432' title='bbox 1975 5167 2029 5210; x_wconf 83' lang='lat' dir='ltr'><strong>et</strong></span> 
     </span>
    </p>
   </div>
   <div class='ocr_carea' id='block_1_55' title="bbox 445 5253 2030 5338">
    <p class='ocr_par' dir='ltr' id='par_1_55' title="bbox 445 5253 2030 5338">
     <span class='ocr_line' id='line_1_55' title="bbox 445 5253 2030 5338; baseline -0.016 -8"><span class='ocrx_word' id='word_1_433' title='bbox 445 5277 560 5331; x_wconf 86' lang='lat' dir='ltr'><strong>loca</strong></span> <span class='ocrx_word' id='word_1_434' title='bbox 590 5274 824 5335; x_wconf 86' lang='lat' dir='ltr'><strong>deserta,</strong></span> <span class='ocrx_word' id='word_1_435' title='bbox 855 5279 909 5325; x_wconf 90' lang='lat' dir='ltr'><strong>et</strong></span> <span class='ocrx_word' id='word_1_436' title='bbox 939 5274 1242 5338; x_wconf 88' lang='lat' dir='ltr'><strong>serpentum</strong></span> <span class='ocrx_word' id='word_1_437' title='bbox 1271 5259 1531 5317; x_wconf 90' lang='lat' dir='ltr'><strong>meminit.</strong></span> <span class='ocrx_word' id='word_1_438' title='bbox 1569 5255 1636 5312; x_wconf 85' lang='lat' dir='ltr'><strong>Ut</strong></span> <span class='ocrx_word' id='word_1_439' title='bbox 1662 5253 1777 5309; x_wconf 64' lang='lat' dir='ltr'><strong>hrcc</strong></span> <span class='ocrx_word' id='word_1_440' title='bbox 1799 5253 2030 5307; x_wconf 87' lang='lat' dir='ltr'><strong>sciamus</strong></span> 
     </span>
    </p>
   </div>
   <div class='ocr_carea' id='block_1_56' title="bbox 444 5344 2026 5438">
    <p class='ocr_par' dir='ltr' id='par_1_56' title="bbox 444 5344 2026 5438">
     <span class='ocr_line' id='line_1_56' title="bbox 444 5344 2026 5438; baseline -0.018 -14"><span class='ocrx_word' id='word_1_441' title='bbox 444 5368 701 5438; x_wconf 80' lang='lat' dir='ltr'><strong>apertius,</strong></span> <span class='ocrx_word' id='word_1_442' title='bbox 733 5365 846 5435; x_wconf 88' lang='lat' dir='ltr'><strong>ipsa</strong></span> <span class='ocrx_word' id='word_1_443' title='bbox 871 5361 1030 5417; x_wconf 82' lang='lat' dir='ltr'><strong>verba</strong></span> <span class='ocrx_word' id='word_1_444' title='bbox 1055 5357 1352 5414; x_wconf 89' lang='lat' dir='ltr'><strong>audiamus.</strong></span> <span class='ocrx_word' id='word_1_445' title='bbox 1380 5353 1670 5422; x_wconf 79' lang='lat' dir='ltr'><strong>Poetquam</strong></span> <span class='ocrx_word' id='word_1_446' title='bbox 1699 5347 1849 5412; x_wconf 82' lang='lat' dir='ltr'><strong>dixit,</strong></span> <span class='ocrx_word' id='word_1_447' title='bbox 1881 5344 2026 5398; x_wconf 74' lang='lat' dir='ltr'><strong>Prte-</strong></span> 
     </span>
    </p>
   </div>
   <div class='ocr_carea' id='block_1_57' title="bbox 447 5437 2030 5532">
    <p class='ocr_par' dir='ltr' id='par_1_57' title="bbox 447 5437 2030 5532">
     <span class='ocr_line' id='line_1_57' title="bbox 447 5437 2030 5532; baseline -0.018 -15"><span class='ocrx_word' id='word_1_448' title='bbox 447 5437 650 5532; x_wconf 79' lang='lat' dir='ltr'><strong>ceptunt</strong></span> <span class='ocrx_word' id='word_1_449' title='bbox 695 5456 881 5528; x_wconf 81' lang='lat' dir='ltr'><strong>posuit,</strong></span> <span class='ocrx_word' id='word_1_450' title='bbox 909 5465 956 5509; x_wconf 88' lang='lat' dir='ltr'><strong>et</strong></span> <span class='ocrx_word' id='word_1_451' title='bbox 991 5470 1092 5507; x_wconf 85' lang='lat' dir='ltr'><strong>non</strong></span> <span class='ocrx_word' id='word_1_452' title='bbox 1132 5447 1425 5522; x_wconf 76' lang='lat' dir='ltr'><strong>prwteribit,</strong></span> <span class='ocrx_word' id='word_1_453' title='bbox 1470 5443 1778 5515; x_wconf 85' lang='lat' dir='ltr'><strong>subjunxit:</strong></span> <span class='ocrx_word' id='word_1_454' title='bbox 1807 5439 1858 5494; x_wconf 89' lang='lat'><strong>7.</strong></span> <span class='ocrx_word' id='word_1_455' title='bbox 1891 5437 2030 5490; x_wconf 81' lang='lat' dir='ltr'><strong>Latt-</strong></span> 
     </span>
    </p>
   </div>
   <div class='ocr_carea' id='block_1_58' title="bbox 450 5533 2030 5609">
    <p class='ocr_par' dir='ltr' id='par_1_58' title="bbox 450 5533 2030 5609">
     <span class='ocr_line' id='line_1_58' title="bbox 450 5533 2030 5609; baseline -0.013 -3"><span class='ocrx_word' id='word_1_456' title='bbox 450 5554 574 5606; x_wconf 82' lang='lat' dir='ltr'><strong>date</strong></span> <span class='ocrx_word' id='word_1_457' title='bbox 613 5549 881 5604; x_wconf 84' lang='lat' dir='ltr'><strong>Dominum</strong></span> <span class='ocrx_word' id='word_1_458' title='bbox 911 5549 973 5601; x_wconf 87' lang='lat' dir='ltr'><strong>de</strong></span> <span class='ocrx_word' id='word_1_459' title='bbox 999 5557 1152 5609; x_wconf 76' lang='lat' dir='ltr'><strong>terra,</strong></span> <span class='ocrx_word' id='word_1_460' title='bbox 1181 5545 1424 5598; x_wconf 79' lang='lat' dir='ltr'><strong>dracones</strong></span> <span class='ocrx_word' id='word_1_461' title='bbox 1463 5549 1510 5594; x_wconf 89' lang='lat' dir='ltr'><strong>et</strong></span> <span class='ocrx_word' id='word_1_462' title='bbox 1542 5552 1713 5593; x_wconf 88' lang='lat' dir='ltr'><strong>omnes</strong></span> <span class='ocrx_word' id='word_1_463' title='bbox 1741 5534 1909 5606; x_wconf 80' lang='lat' dir='ltr'><strong>abyssi</strong></span> <span class='ocrx_word' id='word_1_464' title='bbox 1935 5548 1953 5586; x_wconf 92' lang='lat'><strong><em>:</em></strong></span> <span class='ocrx_word' id='word_1_465' title='bbox 1977 5533 2030 5587; x_wconf 89' lang='lat'><strong>8.</strong></span> 
     </span>
    </p>
   </div>
   <div class='ocr_carea' id='block_1_59' title="bbox 450 5629 2036 5715">
    <p class='ocr_par' dir='ltr' id='par_1_59' title="bbox 450 5629 2036 5715">
     <span class='ocr_line' id='line_1_59' title="bbox 450 5629 2036 5715; baseline -0.012 -17"><span class='ocrx_word' id='word_1_466' title='bbox 450 5644 606 5715; x_wconf 75' lang='lat' dir='ltr'><strong>ignis,</strong></span> <span class='ocrx_word' id='word_1_467' title='bbox 634 5642 844 5711; x_wconf 82' lang='lat' dir='ltr'><strong>grando,</strong></span> <span class='ocrx_word' id='word_1_468' title='bbox 892 5640 996 5705; x_wconf 67' lang='lat' dir='ltr'><strong>nix,</strong></span> <span class='ocrx_word' id='word_1_469' title='bbox 1049 5639 1253 5708; x_wconf 82' lang='lat' dir='ltr'><strong>glacies,</strong></span> <span class='ocrx_word' id='word_1_470' title='bbox 1304 5635 1511 5705; x_wconf 77' lang='lat' dir='ltr'><strong>spiritus</strong></span> <span class='ocrx_word' id='word_1_471' title='bbox 1537 5629 1888 5702; x_wconf 84' lang='lat' dir='ltr'><strong>procellarum,</strong></span> <span class='ocrx_word' id='word_1_472' title='bbox 1925 5639 2036 5696; x_wconf 79' lang='lat' dir='ltr'><strong>qua:</strong></span> 
     </span>
    </p>
   </div>
   <div class='ocr_carea' id='block_1_60' title="bbox 1193 301 3015 372">
    <p class='ocr_par' dir='ltr' id='par_1_60' title="bbox 1193 301 3015 372">
     <span class='ocr_line' id='line_1_60' title="bbox 1193 301 3015 372; baseline 0.003 -8"><span class='ocrx_word' id='word_1_473' title='bbox 1193 309 1250 364; x_wconf 90' lang='lat' dir='ltr'><strong>S.</strong></span> <span class='ocrx_word' id='word_1_474' title='bbox 1291 306 1567 364; x_wconf 78' lang='lat' dir='ltr'><strong>JO.\NNIS</strong></span> <span class='ocrx_word' id='word_1_475' title='bbox 1603 301 2082 360; x_wconf 72' lang='lat' dir='ltr'><strong>CIIRYSOSTOMI</strong></span> <span class='ocrx_word' id='word_1_476' title='bbox 2125 303 2439 361; x_wconf 78' lang='lat' dir='ltr'><strong>ARCHIEP.</strong></span> <span class='ocrx_word' id='word_1_477' title='bbox 2480 309 3015 372; x_wconf 78' lang='lat' dir='ltr'><strong>CONSTANTINOP.</strong></span> 
     </span>
    </p>
   </div>
   <div class='ocr_carea' id='block_1_61' title="bbox 3625 324 3731 382">
    <p class='ocr_par' dir='ltr' id='par_1_61' title="bbox 3625 324 3731 382">
     <span class='ocr_line' id='line_1_61' title="bbox 3625 324 3731 382; baseline 0.019 -2"><span class='ocrx_word' id='word_1_478' title='bbox 3625 324 3731 382; x_wconf 57' lang='lat'><strong>183</strong></span> 
     </span>
    </p>
   </div>
   <div class='ocr_carea' id='block_1_62' title="bbox 2144 419 3729 505">
    <p class='ocr_par' dir='ltr' id='par_1_62' title="bbox 2144 419 3729 505">
     <span class='ocr_line' id='line_1_62' title="bbox 2144 419 3729 505; baseline 0.015 -36"><span class='ocrx_word' id='word_1_479' title='bbox 2144 419 2338 488; x_wconf 75' lang='lat' dir='ltr'><strong>faciunt</strong></span> <span class='ocrx_word' id='word_1_480' title='bbox 2385 421 2583 475; x_wconf 84' lang='lat' dir='ltr'><strong>uerbum</strong></span> <span class='ocrx_word' id='word_1_481' title='bbox 2629 426 2759 494; x_wconf 84' lang='lat' dir='ltr'><strong>ejus.</strong></span> <span class='ocrx_word' id='word_1_482' title='bbox 2804 426 2976 491; x_wconf 77' lang='lat' dir='ltr'><strong>Alius,</strong></span> <span class='ocrx_word' id='word_1_483' title='bbox 3019 427 3205 484; x_wconf 83' lang='lat' dir='ltr'><strong>Ventus</strong></span> <span class='ocrx_word' id='word_1_484' title='bbox 3247 430 3509 502; x_wconf 76' lang='lat' dir='ltr'><strong>Typhonis</strong></span> <span class='ocrx_word' id='word_1_485' title='bbox 3539 436 3635 505; x_wconf 82' lang='grc' dir='ltr'><strong>(α).</strong></span> <span class='ocrx_word' id='word_1_486' title='bbox 3673 437 3729 493; x_wconf 84' lang='lat'><strong>9.</strong></span> 
     </span>
    </p>
   </div>
   <div class='ocr_carea' id='block_1_63' title="bbox 2143 508 3733 590">
    <p class='ocr_par' dir='ltr' id='par_1_63' title="bbox 2143 508 3733 590">
     <span class='ocr_line' id='line_1_63' title="bbox 2143 508 3733 590; baseline 0.012 -28"><span class='ocrx_word' id='word_1_487' title='bbox 2143 508 2344 565; x_wconf 71' lang='lat' dir='ltr'><strong>Montes</strong></span> <span class='ocrx_word' id='word_1_488' title='bbox 2370 523 2419 566; x_wconf 87' lang='lat' dir='ltr'><strong>et</strong></span> <span class='ocrx_word' id='word_1_489' title='bbox 2442 529 2612 569; x_wconf 86' lang='lat' dir='ltr'><strong>omnes</strong></span> <span class='ocrx_word' id='word_1_490' title='bbox 2632 517 2802 584; x_wconf 89' lang='lat' dir='ltr'><strong>colles,</strong></span> <span class='ocrx_word' id='word_1_491' title='bbox 2827 519 2965 586; x_wconf 85' lang='lat' dir='ltr'><strong>ligna</strong></span> <span class='ocrx_word' id='word_1_492' title='bbox 2987 523 3271 590; x_wconf 76' lang='lat' dir='ltr'><strong>fructifera,</strong></span> <span class='ocrx_word' id='word_1_493' title='bbox 3300 533 3347 576; x_wconf 86' lang='lat' dir='ltr'><strong>et</strong></span> <span class='ocrx_word' id='word_1_494' title='bbox 3371 540 3542 579; x_wconf 87' lang='lat' dir='ltr'><strong>omnes</strong></span> <span class='ocrx_word' id='word_1_495' title='bbox 3562 528 3733 582; x_wconf 81' lang='lat' dir='ltr'><strong>cedri:</strong></span> 
     </span>
    </p>
   </div>
   <div class='ocr_carea' id='block_1_64' title="bbox 2141 600 3737 682">
    <p class='ocr_par' dir='ltr' id='par_1_64' title="bbox 2141 600 3737 682">
     <span class='ocr_line' id='line_1_64' title="bbox 2141 600 3737 682; baseline 0.011 -28"><span class='ocrx_word' id='word_1_496' title='bbox 2141 600 2231 654; x_wconf 70' lang='lat'><strong>10.</strong></span> <span class='ocrx_word' id='word_1_497' title='bbox 2261 603 2448 669; x_wconf 69' lang='lat' dir='ltr'><strong>bestia,</strong></span> <span class='ocrx_word' id='word_1_498' title='bbox 2496 613 2544 658; x_wconf 85' lang='lat' dir='ltr'><strong>et</strong></span> <span class='ocrx_word' id='word_1_499' title='bbox 2587 607 2818 660; x_wconf 83' lang='lat' dir='ltr'><strong>universa</strong></span> <span class='ocrx_word' id='word_1_500' title='bbox 2862 625 3044 677; x_wconf 83' lang='lat' dir='ltr'><strong>pecora</strong></span> <span class='ocrx_word' id='word_1_501' title='bbox 3064 651 3078 673; x_wconf 92' lang='lat'><strong>,</strong></span> <span class='ocrx_word' id='word_1_502' title='bbox 3107 623 3379 682; x_wconf 84' lang='lat' dir='ltr'><strong>serpentes,</strong></span> <span class='ocrx_word' id='word_1_503' title='bbox 3420 625 3466 669; x_wconf 87' lang='lat' dir='ltr'><strong>et</strong></span> <span class='ocrx_word' id='word_1_504' title='bbox 3506 618 3737 672; x_wconf 85' lang='lat' dir='ltr'><strong>volucres</strong></span> 
     </span>
    </p>
   </div>
   <div class='ocr_carea' id='block_1_65' title="bbox 2138 695 3739 768">
    <p class='ocr_par' dir='ltr' id='par_1_65' title="bbox 2138 695 3739 768">
     <span class='ocr_line' id='line_1_65' title="bbox 2138 695 3739 768; baseline 0.012 -24"><span class='ocrx_word' id='word_1_505' title='bbox 2138 704 2400 760; x_wconf 73' lang='lat' dir='ltr'><strong>pennam.</strong></span> <span class='ocrx_word' id='word_1_506' title='bbox 2431 695 2669 762; x_wconf 83' lang='lat' dir='ltr'><strong>Quanam</strong></span> <span class='ocrx_word' id='word_1_507' title='bbox 2719 713 2846 768; x_wconf 87' lang='lat' dir='ltr'><strong>ergo</strong></span> <span class='ocrx_word' id='word_1_508' title='bbox 2893 700 2961 756; x_wconf 91' lang='lat' dir='ltr'><strong>de</strong></span> <span class='ocrx_word' id='word_1_509' title='bbox 3003 715 3162 756; x_wconf 87' lang='lat' dir='ltr'><strong>causa</strong></span> <span class='ocrx_word' id='word_1_510' title='bbox 3203 713 3392 760; x_wconf 86' lang='lat' dir='ltr'><strong>tractat</strong></span> <span class='ocrx_word' id='word_1_511' title='bbox 3431 706 3534 761; x_wconf 87' lang='lat' dir='ltr'><strong>hoc</strong></span> <span class='ocrx_word' id='word_1_512' title='bbox 3573 708 3739 763; x_wconf 90' lang='lat' dir='ltr'><strong>modo</strong></span> 
     </span>
    </p>
   </div>
   <div class='ocr_carea' id='block_1_66' title="bbox 2138 785 3739 868">
    <p class='ocr_par' dir='ltr' id='par_1_66' title="bbox 2138 785 3739 868">
     <span class='ocr_line' id='line_1_66' title="bbox 2138 785 3739 868; baseline 0.011 -34"><span class='ocrx_word' id='word_1_513' title='bbox 2138 785 2474 840; x_wconf 85' lang='lat' dir='ltr'><strong>orationem?</strong></span> <span class='ocrx_word' id='word_1_514' title='bbox 2505 787 2581 841; x_wconf 80' lang='lat' dir='ltr'><strong>Ex</strong></span> <span class='ocrx_word' id='word_1_515' title='bbox 2611 788 2932 846; x_wconf 87' lang='lat' dir='ltr'><strong>redundanti</strong></span> <span class='ocrx_word' id='word_1_516' title='bbox 2953 793 3104 862; x_wconf 88' lang='lat' dir='ltr'><strong>copia</strong></span> <span class='ocrx_word' id='word_1_517' title='bbox 3127 796 3414 850; x_wconf 89' lang='lat' dir='ltr'><strong>ostendens</strong></span> <span class='ocrx_word' id='word_1_518' title='bbox 3440 797 3530 852; x_wconf 88' lang='lat' dir='ltr'><strong>Dei</strong></span> <span class='ocrx_word' id='word_1_519' title='bbox 3557 801 3739 868; x_wconf 88' lang='lat' dir='ltr'><strong>provi-</strong></span> 
     </span>
    </p>
   </div>
   <div class='ocr_carea' id='block_1_67' title="bbox 2143 872 3734 958">
    <p class='ocr_par' dir='ltr' id='par_1_67' title="bbox 2143 872 3734 958">
     <span class='ocr_line' id='line_1_67' title="bbox 2143 872 3734 958; baseline 0.011 -32"><span class='ocrx_word' id='word_1_520' title='bbox 2143 872 2402 932; x_wconf 84' lang='lat' dir='ltr'><strong>dentiam.</strong></span> <span class='ocrx_word' id='word_1_521' title='bbox 2423 876 2476 930; x_wconf 90' lang='lat' dir='ltr'><strong>Si</strong></span> <span class='ocrx_word' id='word_1_522' title='bbox 2501 876 2642 932; x_wconf 90' lang='lat' dir='ltr'><strong>enim</strong></span> <span class='ocrx_word' id='word_1_523' title='bbox 2670 893 2790 947; x_wconf 73' lang='lat' dir='ltr'><strong>qua:</strong></span> <span class='ocrx_word' id='word_1_524' title='bbox 2809 880 3057 937; x_wconf 90' lang='lat' dir='ltr'><strong>videntur</strong></span> <span class='ocrx_word' id='word_1_525' title='bbox 3080 897 3200 939; x_wconf 91' lang='lat' dir='ltr'><strong>esse</strong></span> <span class='ocrx_word' id='word_1_526' title='bbox 3223 885 3446 951; x_wconf 88' lang='lat' dir='ltr'><strong>inutilia,</strong></span> <span class='ocrx_word' id='word_1_527' title='bbox 3474 896 3527 940; x_wconf 92' lang='lat' dir='ltr'><strong>et</strong></span> <span class='ocrx_word' id='word_1_528' title='bbox 3546 891 3734 958; x_wconf 82' lang='lat' dir='ltr'><strong>generi</strong></span> 
     </span>
    </p>
   </div>
   <div class='ocr_carea' id='block_1_68' title="bbox 2142 962 3733 1049">
    <p class='ocr_par' dir='ltr' id='par_1_68' title="bbox 2142 962 3733 1049">
     <span class='ocr_line' id='line_1_68' title="bbox 2142 962 3733 1049; baseline 0.012 -32"><span class='ocrx_word' id='word_1_529' title='bbox 2142 962 2415 1020; x_wconf 88' lang='lat' dir='ltr'><strong>hominum</strong></span> <span class='ocrx_word' id='word_1_530' title='bbox 2444 966 2656 1032; x_wconf 87' lang='lat' dir='ltr'><strong>infesta,</strong></span> <span class='ocrx_word' id='word_1_531' title='bbox 2683 969 2818 1025; x_wconf 89' lang='lat' dir='ltr'><strong>adeo</strong></span> <span class='ocrx_word' id='word_1_532' title='bbox 2843 981 2968 1026; x_wconf 91' lang='lat' dir='ltr'><strong>sunt</strong></span> <span class='ocrx_word' id='word_1_533' title='bbox 2991 972 3148 1038; x_wconf 87' lang='lat' dir='ltr'><strong>bona,</strong></span> <span class='ocrx_word' id='word_1_534' title='bbox 3179 976 3314 1031; x_wconf 88' lang='lat' dir='ltr'><strong>adeo</strong></span> <span class='ocrx_word' id='word_1_535' title='bbox 3339 977 3506 1042; x_wconf 87' lang='lat' dir='ltr'><strong>utilia,</strong></span> <span class='ocrx_word' id='word_1_536' title='bbox 3535 989 3590 1034; x_wconf 91' lang='lat' dir='ltr'><strong>ut</strong></span> <span class='ocrx_word' id='word_1_537' title='bbox 3613 980 3733 1049; x_wconf 86' lang='lat' dir='ltr'><strong>ipsa</strong></span> 
     </span>
    </p>
   </div>
   <div class='ocr_carea' id='block_1_69' title="bbox 2135 1058 3736 1140">
    <p class='ocr_par' dir='ltr' id='par_1_69' title="bbox 2135 1058 3736 1140">
     <span class='ocr_line' id='line_1_69' title="bbox 2135 1058 3736 1140; baseline 0.011 -30"><span class='ocrx_word' id='word_1_538' title='bbox 2135 1071 2349 1127; x_wconf 88' lang='lat' dir='ltr'><strong>quoque</strong></span> <span class='ocrx_word' id='word_1_539' title='bbox 2368 1058 2578 1114; x_wconf 87' lang='lat' dir='ltr'><strong>laudem</strong></span> <span class='ocrx_word' id='word_1_540' title='bbox 2609 1061 2721 1116; x_wconf 93' lang='lat' dir='ltr'><strong>Deo</strong></span> <span class='ocrx_word' id='word_1_541' title='bbox 2741 1061 2988 1130; x_wconf 80' lang='lat' dir='ltr'><strong>oﬂ&#39;erant,</strong></span> <span class='ocrx_word' id='word_1_542' title='bbox 3012 1073 3206 1120; x_wconf 88' lang='lat' dir='ltr'><strong>etcum</strong></span> <span class='ocrx_word' id='word_1_543' title='bbox 3226 1067 3393 1136; x_wconf 89' lang='lat' dir='ltr'><strong>gloria</strong></span> <span class='ocrx_word' id='word_1_544' title='bbox 3418 1068 3736 1140; x_wconf 79' lang='lat' dir='ltr'><strong>honoreque</strong></span> 
     </span>
    </p>
   </div>
   <div class='ocr_carea' id='block_1_70' title="bbox 2132 1146 3734 1229">
    <p class='ocr_par' dir='ltr' id='par_1_70' title="bbox 2132 1146 3734 1229">
     <span class='ocr_line' id='line_1_70' title="bbox 2132 1146 3734 1229; baseline 0.011 -29"><span class='ocrx_word' id='word_1_545' title='bbox 2132 1146 2368 1202; x_wconf 83' lang='lat' dir='ltr'><strong>afﬁciant</strong></span> <span class='ocrx_word' id='word_1_546' title='bbox 2419 1160 2641 1219; x_wconf 88' lang='lat' dir='ltr'><strong>propter</strong></span> <span class='ocrx_word' id='word_1_547' title='bbox 2687 1165 2842 1208; x_wconf 86' lang='lat' dir='ltr'><strong>suum</strong></span> <span class='ocrx_word' id='word_1_548' title='bbox 2888 1155 3157 1224; x_wconf 80' lang='lat' dir='ltr'><strong>opificium</strong></span> <span class='ocrx_word' id='word_1_549' title='bbox 3206 1173 3221 1216; x_wconf 90' lang='lat'>:</span> <span class='ocrx_word' id='word_1_550' title='bbox 3267 1160 3440 1226; x_wconf 81' lang='lat' dir='ltr'><strong>cegita</strong></span> <span class='ocrx_word' id='word_1_551' title='bbox 3488 1161 3627 1229; x_wconf 89' lang='lat' dir='ltr'><strong>apud</strong></span> <span class='ocrx_word' id='word_1_552' title='bbox 3677 1171 3734 1218; x_wconf 89' lang='lat' dir='ltr'><strong>te</strong></span> 
     </span>
    </p>
   </div>
   <div class='ocr_carea' id='block_1_71' title="bbox 2140 1239 3732 1319">
    <p class='ocr_par' dir='ltr' id='par_1_71' title="bbox 2140 1239 3732 1319">
     <span class='ocr_line' id='line_1_71' title="bbox 2140 1239 3732 1319; baseline 0.011 -28"><span class='ocrx_word' id='word_1_553' title='bbox 2140 1239 2313 1308; x_wconf 85' lang='lat' dir='ltr'><strong>qualia</strong></span> <span class='ocrx_word' id='word_1_554' title='bbox 2345 1251 2468 1294; x_wconf 86' lang='lat' dir='ltr'><strong>sunt</strong></span> <span class='ocrx_word' id='word_1_555' title='bbox 2514 1243 2636 1297; x_wconf 89' lang='lat' dir='ltr'><strong>alia.</strong></span> <span class='ocrx_word' id='word_1_556' title='bbox 2667 1243 2732 1298; x_wconf 88' lang='lat' dir='ltr'><strong>Et</strong></span> <span class='ocrx_word' id='word_1_557' title='bbox 2759 1246 2802 1299; x_wconf 92' lang='lat' dir='ltr'><strong>si</strong></span> <span class='ocrx_word' id='word_1_558' title='bbox 2854 1245 3061 1301; x_wconf 83' lang='lat' dir='ltr'><strong>videtur</strong></span> <span class='ocrx_word' id='word_1_559' title='bbox 3080 1288 3096 1313; x_wconf 92' lang='lat'><strong>,</strong></span> <span class='ocrx_word' id='word_1_560' title='bbox 3125 1262 3506 1319; x_wconf 80' lang='lat' dir='ltr'><strong>persequamur</strong></span> <span class='ocrx_word' id='word_1_561' title='bbox 3535 1269 3732 1307; x_wconf 89' lang='lat' dir='ltr'><strong>unum-</strong></span> 
     </span>
    </p>
   </div>
   <div class='ocr_carea' id='block_1_72' title="bbox 2129 1328 3730 1412">
    <p class='ocr_par' dir='ltr' id='par_1_72' title="bbox 2129 1328 3730 1412">
     <span class='ocr_line' id='line_1_72' title="bbox 2129 1328 3730 1412; baseline 0.009 -30"><span class='ocrx_word' id='word_1_562' title='bbox 2129 1328 2377 1400; x_wconf 90' lang='lat' dir='ltr'><strong>quodque</strong></span> <span class='ocrx_word' id='word_1_563' title='bbox 2407 1347 2592 1387; x_wconf 90' lang='lat' dir='ltr'><strong>eorum</strong></span> <span class='ocrx_word' id='word_1_564' title='bbox 2622 1350 2742 1404; x_wconf 67' lang='lat' dir='ltr'><strong>quae</strong></span> <span class='ocrx_word' id='word_1_565' title='bbox 2785 1336 2928 1390; x_wconf 89' lang='lat' dir='ltr'><strong>dicta</strong></span> <span class='ocrx_word' id='word_1_566' title='bbox 2967 1347 3110 1392; x_wconf 92' lang='lat' dir='ltr'><strong>sunt.</strong></span> <span class='ocrx_word' id='word_1_567' title='bbox 3145 1339 3424 1406; x_wconf 84' lang='lat' dir='ltr'><strong>Dracones,</strong></span> <span class='ocrx_word' id='word_1_568' title='bbox 3462 1341 3653 1412; x_wconf 87' lang='lat' dir='ltr'><strong>inquit,</strong></span> <span class='ocrx_word' id='word_1_569' title='bbox 3675 1355 3730 1396; x_wconf 79' lang='lat' dir='ltr'><strong>es</strong></span> 
     </span>
    </p>
   </div>
   <div class='ocr_carea' id='block_1_73' title="bbox 2127 1421 3725 1494">
    <p class='ocr_par' dir='ltr' id='par_1_73' title="bbox 2127 1421 3725 1494">
     <span class='ocr_line' id='line_1_73' title="bbox 2127 1421 3725 1494; baseline 0.009 -19"><span class='ocrx_word' id='word_1_570' title='bbox 2127 1438 2300 1476; x_wconf 87' lang='lat' dir='ltr'><strong>omnes</strong></span> <span class='ocrx_word' id='word_1_571' title='bbox 2329 1421 2518 1494; x_wconf 84' lang='lat' dir='ltr'><strong>abyssi.</strong></span> <span class='ocrx_word' id='word_1_572' title='bbox 2570 1425 2839 1482; x_wconf 88' lang='lat' dir='ltr'><strong>Dracones</strong></span> <span class='ocrx_word' id='word_1_573' title='bbox 2885 1427 2972 1482; x_wconf 90' lang='lat' dir='ltr'><strong>hic</strong></span> <span class='ocrx_word' id='word_1_574' title='bbox 3019 1429 3149 1484; x_wconf 90' lang='lat' dir='ltr'><strong>dicit</strong></span> <span class='ocrx_word' id='word_1_575' title='bbox 3184 1441 3303 1485; x_wconf 89' lang='lat' dir='ltr'><strong>cete</strong></span> <span class='ocrx_word' id='word_1_576' title='bbox 3335 1447 3350 1484; x_wconf 91' lang='lat'><strong>:</strong></span> <span class='ocrx_word' id='word_1_577' title='bbox 3377 1432 3516 1486; x_wconf 91' lang='lat' dir='ltr'><strong>sicut</strong></span> <span class='ocrx_word' id='word_1_578' title='bbox 3559 1435 3725 1489; x_wconf 84' lang='lat' dir='ltr'><strong>etiam</strong></span> 
     </span>
    </p>
   </div>
   <div class='ocr_carea' id='block_1_74' title="bbox 2127 1513 3726 1590">
    <p class='ocr_par' dir='ltr' id='par_1_74' title="bbox 2127 1513 3726 1590">
     <span class='ocr_line' id='line_1_74' title="bbox 2127 1513 3726 1590; baseline 0.006 -24"><span class='ocrx_word' id='word_1_579' title='bbox 2127 1513 2273 1578; x_wconf 89' lang='lat' dir='ltr'><strong>alibi,</strong></span> <span class='ocrx_word' id='word_1_580' title='bbox 2305 1513 2518 1582; x_wconf 86' lang='lat' dir='ltr'><strong>quando</strong></span> <span class='ocrx_word' id='word_1_581' title='bbox 2543 1514 2693 1582; x_wconf 89' lang='lat' dir='ltr'><strong>dicit,</strong></span> <span class='ocrx_word' id='word_1_582' title='bbox 2721 1516 2890 1571; x_wconf 82' lang='lat' dir='ltr'><strong>Draco</strong></span> <span class='ocrx_word' id='word_1_583' title='bbox 2919 1518 3020 1584; x_wconf 79' lang='lat' dir='ltr'><strong>hic,</strong></span> <span class='ocrx_word' id='word_1_584' title='bbox 3066 1535 3214 1588; x_wconf 88' lang='lat' dir='ltr'><strong>quem</strong></span> <span class='ocrx_word' id='word_1_585' title='bbox 3243 1522 3472 1590; x_wconf 81' lang='lat' dir='ltr'><strong>formasti</strong></span> <span class='ocrx_word' id='word_1_586' title='bbox 3511 1523 3578 1575; x_wconf 86' lang='lat' dir='ltr'><strong>ad</strong></span> <span class='ocrx_word' id='word_1_587' title='bbox 3599 1523 3726 1576; x_wconf 76' lang='lat' dir='ltr'><strong>illu-</strong></span> 
     </span>
    </p>
   </div>
   <div class='ocr_carea' id='block_1_75' title="bbox 2127 1604 3722 1682">
    <p class='ocr_par' dir='ltr' id='par_1_75' title="bbox 2127 1604 3722 1682">
     <span class='ocr_line' id='line_1_75' title="bbox 2127 1604 3722 1682; baseline 0.008 -25"><span class='ocrx_word' id='word_1_588' title='bbox 2127 1605 2348 1659; x_wconf 84' lang='lat' dir='ltr'><strong>dendum</strong></span> <span class='ocrx_word' id='word_1_589' title='bbox 2375 1607 2421 1659; x_wconf 80' lang='lat' dir='ltr'><strong>ei</strong></span> <span class='ocrx_word' id='word_1_590' title='bbox 2444 1604 2616 1680; x_wconf 83' lang='lat' dir='ltr'><strong>(Psal.</strong></span> <span class='ocrx_word' id='word_1_591' title='bbox 2638 1608 2761 1664; x_wconf 74' lang='grc'><strong>105.</strong></span> <span class='ocrx_word' id='word_1_592' title='bbox 2789 1607 2905 1682; x_wconf 71' lang='grc'><strong>26).</strong></span> <span class='ocrx_word' id='word_1_593' title='bbox 2927 1609 3103 1665; x_wconf 77' lang='lat' dir='ltr'><strong>Multis</strong></span> <span class='ocrx_word' id='word_1_594' title='bbox 3126 1620 3302 1666; x_wconf 88' lang='lat' dir='ltr'><strong>autem</strong></span> <span class='ocrx_word' id='word_1_595' title='bbox 3322 1613 3374 1666; x_wconf 89' lang='lat' dir='ltr'><strong>itt</strong></span> <span class='ocrx_word' id='word_1_596' title='bbox 3395 1614 3528 1669; x_wconf 85' lang='lat' dir='ltr'><strong>locis</strong></span> <span class='ocrx_word' id='word_1_597' title='bbox 3549 1614 3722 1670; x_wconf 83' lang='lat' dir='ltr'><strong>videri</strong></span> 
     </span>
    </p>
   </div>
   <div class='ocr_carea' id='block_1_76' title="bbox 2127 1695 2984 1764">
    <p class='ocr_par' dir='ltr' id='par_1_76' title="bbox 2127 1695 2984 1764">
     <span class='ocr_line' id='line_1_76' title="bbox 2127 1695 2984 1764; baseline 0.001 -13"><span class='ocrx_word' id='word_1_598' title='bbox 2127 1703 2302 1764; x_wconf 84' lang='lat' dir='ltr'><strong>p0test</strong></span> <span class='ocrx_word' id='word_1_599' title='bbox 2329 1695 2433 1751; x_wconf 86' lang='lat' dir='ltr'><strong>hoc</strong></span> <span class='ocrx_word' id='word_1_600' title='bbox 2457 1697 2653 1752; x_wconf 85' lang='lat' dir='ltr'><strong>animal</strong></span> <span class='ocrx_word' id='word_1_601' title='bbox 2682 1699 2753 1754; x_wconf 87' lang='lat' dir='ltr'><strong>ita</strong></span> <span class='ocrx_word' id='word_1_602' title='bbox 2781 1700 2984 1754; x_wconf 90' lang='lat' dir='ltr'><strong>vocari.</strong></span> 
     </span>
    </p>
   </div>
   <div class='ocr_carea' id='block_1_77' title="bbox 2197 1787 3713 1862">
    <p class='ocr_par' dir='ltr' id='par_1_77' title="bbox 2197 1787 3713 1862">
     <span class='ocr_line' id='line_1_77' title="bbox 2197 1787 3713 1862; baseline 0.005 -20"><span class='ocrx_word' id='word_1_603' title='bbox 2197 1787 2250 1842; x_wconf 78' lang='lat'><strong>3.</strong></span> <span class='ocrx_word' id='word_1_604' title='bbox 2293 1787 2362 1841; x_wconf 87' lang='lat' dir='ltr'><strong>Et</strong></span> <span class='ocrx_word' id='word_1_605' title='bbox 2387 1789 2677 1858; x_wconf 87' lang='lat' dir='ltr'><strong>quomodo,</strong></span> <span class='ocrx_word' id='word_1_606' title='bbox 2711 1791 2910 1861; x_wconf 89' lang='lat' dir='ltr'><strong>inquiet</strong></span> <span class='ocrx_word' id='word_1_607' title='bbox 2938 1792 3220 1862; x_wconf 82' lang='lat' dir='ltr'><strong>quispiam,</strong></span> <span class='ocrx_word' id='word_1_608' title='bbox 3251 1793 3429 1849; x_wconf 87' lang='lat' dir='ltr'><strong>laudat</strong></span> <span class='ocrx_word' id='word_1_609' title='bbox 3459 1794 3562 1850; x_wconf 89' lang='lat' dir='ltr'><strong>hoc</strong></span> <span class='ocrx_word' id='word_1_610' title='bbox 3587 1811 3713 1850; x_wconf 89' lang='lat' dir='ltr'><strong>eum</strong></span> 
     </span>
    </p>
   </div>
   <div class='ocr_carea' id='block_1_78' title="bbox 2127 1877 3716 1952">
    <p class='ocr_par' dir='ltr' id='par_1_78' title="bbox 2127 1877 3716 1952">
     <span class='ocr_line' id='line_1_78' title="bbox 2127 1877 3716 1952; baseline 0.008 -21"><span class='ocrx_word' id='word_1_611' title='bbox 2127 1877 2221 1947; x_wconf 89' lang='lat' dir='ltr'><strong>qui</strong></span> <span class='ocrx_word' id='word_1_612' title='bbox 2243 1878 2414 1947; x_wconf 87' lang='lat' dir='ltr'><strong>ipsum</strong></span> <span class='ocrx_word' id='word_1_613' title='bbox 2436 1879 2599 1934; x_wconf 81' lang='lat' dir='ltr'><strong>fecit?</strong></span> <span class='ocrx_word' id='word_1_614' title='bbox 2623 1880 2902 1949; x_wconf 84' lang='lat' dir='ltr'><strong>Quomodo</strong></span> <span class='ocrx_word' id='word_1_615' title='bbox 2921 1894 3097 1938; x_wconf 86' lang='lat' dir='ltr'><strong>autem</strong></span> <span class='ocrx_word' id='word_1_616' title='bbox 3119 1899 3225 1938; x_wconf 91' lang='lat' dir='ltr'><strong>non</strong></span> <span class='ocrx_word' id='word_1_617' title='bbox 3249 1885 3468 1940; x_wconf 83' lang='lat' dir='ltr'><strong>laudat?</strong></span> <span class='ocrx_word' id='word_1_618' title='bbox 3490 1887 3716 1952; x_wconf 86' lang='lat' dir='ltr'><strong>Quando</strong></span> 
     </span>
    </p>
   </div>
   <div class='ocr_carea' id='block_1_79' title="bbox 2127 1969 3714 2044">
    <p class='ocr_par' dir='ltr' id='par_1_79' title="bbox 2127 1969 3714 2044">
     <span class='ocr_line' id='line_1_79' title="bbox 2127 1969 3714 2044; baseline 0.006 -22"><span class='ocrx_word' id='word_1_619' title='bbox 2127 1971 2272 2023; x_wconf 89' lang='lat' dir='ltr'><strong>enim</strong></span> <span class='ocrx_word' id='word_1_620' title='bbox 2298 1969 2490 2025; x_wconf 87' lang='lat' dir='ltr'><strong>videris</strong></span> <span class='ocrx_word' id='word_1_621' title='bbox 2515 1972 2955 2041; x_wconf 82' lang='lat' dir='ltr'><strong>magnitudinem,</strong></span> <span class='ocrx_word' id='word_1_622' title='bbox 2981 1975 3222 2044; x_wconf 88' lang='lat' dir='ltr'><strong>corporis</strong></span> <span class='ocrx_word' id='word_1_623' title='bbox 3245 1977 3714 2044; x_wconf 85' lang='lat' dir='ltr'><strong>compositionem,</strong></span> 
     </span>
    </p>
   </div>
   <div class='ocr_carea' id='block_1_80' title="bbox 2125 2062 3710 2136">
    <p class='ocr_par' dir='ltr' id='par_1_80' title="bbox 2125 2062 3710 2136">
     <span class='ocr_line' id='line_1_80' title="bbox 2125 2062 3710 2136; baseline 0.004 -22"><span class='ocrx_word' id='word_1_624' title='bbox 2125 2076 2283 2128; x_wconf 86' lang='lat' dir='ltr'><strong>quam</strong></span> <span class='ocrx_word' id='word_1_625' title='bbox 2310 2062 2643 2130; x_wconf 85' lang='lat' dir='ltr'><strong>apertissime</strong></span> <span class='ocrx_word' id='word_1_626' title='bbox 2681 2064 2953 2133; x_wconf 86' lang='lat' dir='ltr'><strong>Scriptura</strong></span> <span class='ocrx_word' id='word_1_627' title='bbox 2997 2074 3180 2120; x_wconf 88' lang='lat' dir='ltr'><strong>narrat</strong></span> <span class='ocrx_word' id='word_1_628' title='bbox 3220 2066 3274 2120; x_wconf 85' lang='lat' dir='ltr'><strong>in</strong></span> <span class='ocrx_word' id='word_1_629' title='bbox 3302 2065 3403 2120; x_wconf 82' lang='lat' dir='ltr'><strong>Job</strong></span> <span class='ocrx_word' id='word_1_630' title='bbox 3433 2066 3586 2136; x_wconf 85' lang='lat' dir='ltr'><strong>(Job.</strong></span> <span class='ocrx_word' id='word_1_631' title='bbox 3617 2067 3710 2122; x_wconf 77' lang='grc'><strong>40.</strong></span> 
     </span>
    </p>
   </div>
   <div class='ocr_carea' id='block_1_81' title="bbox 2125 2151 3714 2226">
    <p class='ocr_par' dir='ltr' id='par_1_81' title="bbox 2125 2151 3714 2226">
     <span class='ocr_line' id='line_1_81' title="bbox 2125 2151 3714 2226; baseline 0.006 -22"><span class='ocrx_word' id='word_1_632' title='bbox 2125 2151 2216 2204; x_wconf 73' lang='lat' dir='ltr'><strong>ll.</strong></span> <span class='ocrx_word' id='word_1_633' title='bbox 2253 2151 2399 2222; x_wconf 80' lang='lat' dir='ltr'><strong>sqq.)</strong></span> <span class='ocrx_word' id='word_1_634' title='bbox 2431 2169 2444 2206; x_wconf 91' lang='lat'>:</span> <span class='ocrx_word' id='word_1_635' title='bbox 2478 2152 2748 2222; x_wconf 90' lang='lat' dir='ltr'><strong>quomodo</strong></span> <span class='ocrx_word' id='word_1_636' title='bbox 2788 2170 2894 2207; x_wconf 85' lang='lat' dir='ltr'><strong>non</strong></span> <span class='ocrx_word' id='word_1_637' title='bbox 2923 2154 3274 2211; x_wconf 83' lang='lat' dir='ltr'><strong>admiraberis</strong></span> <span class='ocrx_word' id='word_1_638' title='bbox 3301 2154 3591 2226; x_wconf 82' lang='lat' dir='ltr'><strong>Opiﬁccm,</strong></span> <span class='ocrx_word' id='word_1_639' title='bbox 3622 2160 3714 2226; x_wconf 86' lang='lat' dir='ltr'><strong>qui</strong></span> 
     </span>
    </p>
   </div>
   <div class='ocr_carea' id='block_1_82' title="bbox 2127 2243 3713 2316">
    <p class='ocr_par' dir='ltr' id='par_1_82' title="bbox 2127 2243 3713 2316">
     <span class='ocr_line' id='line_1_82' title="bbox 2127 2243 3713 2316; baseline 0.006 -22"><span class='ocrx_word' id='word_1_640' title='bbox 2127 2250 2331 2296; x_wconf 89' lang='lat' dir='ltr'><strong>tantum</strong></span> <span class='ocrx_word' id='word_1_641' title='bbox 2359 2244 2558 2298; x_wconf 87' lang='lat' dir='ltr'><strong>animal</strong></span> <span class='ocrx_word' id='word_1_642' title='bbox 2590 2243 2884 2312; x_wconf 80' lang='lat' dir='ltr'><strong>produxit?</strong></span> <span class='ocrx_word' id='word_1_643' title='bbox 2919 2243 3103 2315; x_wconf 84' lang='lat' dir='ltr'><strong>Neque</strong></span> <span class='ocrx_word' id='word_1_644' title='bbox 3131 2261 3260 2301; x_wconf 86' lang='lat' dir='ltr'><strong>vero</strong></span> <span class='ocrx_word' id='word_1_645' title='bbox 3289 2256 3506 2316; x_wconf 84' lang='lat' dir='ltr'><strong>prepter</strong></span> <span class='ocrx_word' id='word_1_646' title='bbox 3542 2249 3713 2303; x_wconf 89' lang='lat' dir='ltr'><strong>solam</strong></span> 
     </span>
    </p>
   </div>
   <div class='ocr_carea' id='block_1_83' title="bbox 2124 2333 3709 2410">
    <p class='ocr_par' dir='ltr' id='par_1_83' title="bbox 2124 2333 3709 2410">
     <span class='ocr_line' id='line_1_83' title="bbox 2124 2333 3709 2410; baseline 0.004 -25"><span class='ocrx_word' id='word_1_647' title='bbox 2124 2333 2542 2402; x_wconf 87' lang='lat' dir='ltr'><strong>magnitudinem</strong></span> <span class='ocrx_word' id='word_1_648' title='bbox 2562 2375 2577 2399; x_wconf 92' lang='lat'><strong>,</strong></span> <span class='ocrx_word' id='word_1_649' title='bbox 2610 2333 2704 2388; x_wconf 88' lang='lat' dir='ltr'><strong>sed</strong></span> <span class='ocrx_word' id='word_1_650' title='bbox 2728 2334 2888 2389; x_wconf 88' lang='lat' dir='ltr'><strong>etiam</strong></span> <span class='ocrx_word' id='word_1_651' title='bbox 2917 2336 3058 2404; x_wconf 91' lang='lat' dir='ltr'><strong>quod</strong></span> <span class='ocrx_word' id='word_1_652' title='bbox 3075 2347 3212 2405; x_wconf 70' lang='lat' dir='ltr'><strong>‘pars</strong></span> <span class='ocrx_word' id='word_1_653' title='bbox 3241 2338 3402 2392; x_wconf 87' lang='lat' dir='ltr'><strong>maris</strong></span> <span class='ocrx_word' id='word_1_654' title='bbox 3431 2337 3709 2410; x_wconf 87' lang='lat' dir='ltr'><strong>innaviga-</strong></span> 
     </span>
    </p>
   </div>
   <div class='ocr_carea' id='block_1_84' title="bbox 2123 2422 3710 2498">
    <p class='ocr_par' dir='ltr' id='par_1_84' title="bbox 2123 2422 3710 2498">
     <span class='ocr_line' id='line_1_84' title="bbox 2123 2422 3710 2498; baseline 0.005 -22"><span class='ocrx_word' id='word_1_655' title='bbox 2123 2422 2278 2488; x_wconf 89' lang='lat' dir='ltr'><strong>bilis,</strong></span> <span class='ocrx_word' id='word_1_656' title='bbox 2321 2424 2373 2479; x_wconf 91' lang='lat' dir='ltr'><strong>in</strong></span> <span class='ocrx_word' id='word_1_657' title='bbox 2399 2439 2506 2493; x_wconf 84' lang='lat' dir='ltr'><strong>quo</strong></span> <span class='ocrx_word' id='word_1_658' title='bbox 2531 2435 2748 2495; x_wconf 85' lang='lat' dir='ltr'><strong>ageret,</strong></span> <span class='ocrx_word' id='word_1_659' title='bbox 2778 2427 2826 2480; x_wconf 88' lang='lat' dir='ltr'><strong>ei</strong></span> <span class='ocrx_word' id='word_1_660' title='bbox 2859 2427 3116 2482; x_wconf 83' lang='lat' dir='ltr'><strong>attributa</strong></span> <span class='ocrx_word' id='word_1_661' title='bbox 3143 2429 3231 2482; x_wconf 88' lang='lat' dir='ltr'><strong>sit.</strong></span> <span class='ocrx_word' id='word_1_662' title='bbox 3268 2429 3359 2482; x_wconf 80' lang='lat' dir='ltr'><strong>Est</strong></span> <span class='ocrx_word' id='word_1_663' title='bbox 3386 2439 3563 2484; x_wconf 89' lang='lat' dir='ltr'><strong>autem</strong></span> <span class='ocrx_word' id='word_1_664' title='bbox 3586 2430 3710 2498; x_wconf 90' lang='lat' dir='ltr'><strong>jure</strong></span> 
     </span>
    </p>
   </div>
   <div class='ocr_carea' id='block_1_85' title="bbox 2125 2513 3708 2586">
    <p class='ocr_par' dir='ltr' id='par_1_85' title="bbox 2125 2513 3708 2586">
     <span class='ocr_line' id='line_1_85' title="bbox 2125 2513 3708 2586; baseline 0.006 -21"><span class='ocrx_word' id='word_1_665' title='bbox 2125 2513 2428 2567; x_wconf 88' lang='lat' dir='ltr'><strong>mirandum</strong></span> <span class='ocrx_word' id='word_1_666' title='bbox 2453 2515 2592 2584; x_wconf 91' lang='lat' dir='ltr'><strong>quod</strong></span> <span class='ocrx_word' id='word_1_667' title='bbox 2623 2516 2862 2584; x_wconf 89' lang='lat' dir='ltr'><strong>pr0prios</strong></span> <span class='ocrx_word' id='word_1_668' title='bbox 2899 2516 3098 2572; x_wconf 88' lang='lat' dir='ltr'><strong>limites</strong></span> <span class='ocrx_word' id='word_1_669' title='bbox 3127 2533 3230 2573; x_wconf 91' lang='lat' dir='ltr'><strong>non</strong></span> <span class='ocrx_word' id='word_1_670' title='bbox 3263 2519 3557 2586; x_wconf 88' lang='lat' dir='ltr'><strong>transiliat,</strong></span> <span class='ocrx_word' id='word_1_671' title='bbox 3586 2534 3708 2575; x_wconf 90' lang='lat' dir='ltr'><strong>cum</strong></span> 
     </span>
    </p>
   </div>
   <div class='ocr_carea' id='block_1_86' title="bbox 2122 2604 3706 2678">
    <p class='ocr_par' dir='ltr' id='par_1_86' title="bbox 2122 2604 3706 2678">
     <span class='ocr_line' id='line_1_86' title="bbox 2122 2604 3706 2678; baseline 0.003 -19"><span class='ocrx_word' id='word_1_672' title='bbox 2122 2604 2194 2659; x_wconf 88' lang='lat' dir='ltr'><strong>sit</strong></span> <span class='ocrx_word' id='word_1_673' title='bbox 2219 2604 2440 2659; x_wconf 83' lang='lat' dir='ltr'><strong>efferum</strong></span> <span class='ocrx_word' id='word_1_674' title='bbox 2485 2620 2548 2659; x_wconf 92' lang='lat' dir='ltr'><strong>ac</strong></span> <span class='ocrx_word' id='word_1_675' title='bbox 2587 2620 2788 2660; x_wconf 68' lang='lat' dir='ltr'><strong>sazvum</strong></span> <span class='ocrx_word' id='word_1_676' title='bbox 2831 2607 3064 2672; x_wconf 88' lang='lat' dir='ltr'><strong>animal,</strong></span> <span class='ocrx_word' id='word_1_677' title='bbox 3097 2617 3150 2661; x_wconf 92' lang='lat' dir='ltr'><strong>et</strong></span> <span class='ocrx_word' id='word_1_678' title='bbox 3193 2608 3350 2678; x_wconf 88' lang='lat' dir='ltr'><strong>longe</strong></span> <span class='ocrx_word' id='word_1_679' title='bbox 3378 2609 3706 2674; x_wconf 82' lang='lat' dir='ltr'><strong>maximum;</strong></span> 
     </span>
    </p>
   </div>
   <div class='ocr_carea' id='block_1_87' title="bbox 2121 2695 3710 2765">
    <p class='ocr_par' dir='ltr' id='par_1_87' title="bbox 2121 2695 3710 2765">
     <span class='ocr_line' id='line_1_87' title="bbox 2121 2695 3710 2765; baseline 0.003 -15"><span class='ocrx_word' id='word_1_680' title='bbox 2121 2695 2216 2750; x_wconf 88' lang='lat' dir='ltr'><strong>sed</strong></span> <span class='ocrx_word' id='word_1_681' title='bbox 2247 2697 2299 2750; x_wconf 92' lang='lat' dir='ltr'><strong>in</strong></span> <span class='ocrx_word' id='word_1_682' title='bbox 2341 2696 2451 2750; x_wconf 86' lang='lat' dir='ltr'><strong>suis</strong></span> <span class='ocrx_word' id='word_1_683' title='bbox 2477 2696 2676 2765; x_wconf 81' lang='lat' dir='ltr'><strong>degens</strong></span> <span class='ocrx_word' id='word_1_684' title='bbox 2718 2697 2853 2752; x_wconf 90' lang='lat' dir='ltr'><strong>locis</strong></span> <span class='ocrx_word' id='word_1_685' title='bbox 2892 2713 2954 2755; x_wconf 88' lang='lat' dir='ltr'><strong>se</strong></span> <span class='ocrx_word' id='word_1_686' title='bbox 2981 2698 3250 2754; x_wconf 89' lang='lat' dir='ltr'><strong>contineat</strong></span> <span class='ocrx_word' id='word_1_687' title='bbox 3272 2740 3289 2763; x_wconf 91' lang='lat'><strong>,</strong></span> <span class='ocrx_word' id='word_1_688' title='bbox 3321 2707 3375 2754; x_wconf 86' lang='lat' dir='ltr'><strong>et</strong></span> <span class='ocrx_word' id='word_1_689' title='bbox 3402 2714 3505 2754; x_wconf 91' lang='lat' dir='ltr'><strong>non</strong></span> <span class='ocrx_word' id='word_1_690' title='bbox 3535 2701 3710 2754; x_wconf 89' lang='lat' dir='ltr'><strong>solum</strong></span> 
     </span>
    </p>
   </div>
   <div class='ocr_carea' id='block_1_88' title="bbox 2123 2787 3706 2860">
    <p class='ocr_par' dir='ltr' id='par_1_88' title="bbox 2123 2787 3706 2860">
     <span class='ocr_line' id='line_1_88' title="bbox 2123 2787 3706 2860; baseline 0.003 -18"><span class='ocrx_word' id='word_1_691' title='bbox 2123 2787 2175 2842; x_wconf 93' lang='lat' dir='ltr'><strong>in</strong></span> <span class='ocrx_word' id='word_1_692' title='bbox 2207 2797 2400 2844; x_wconf 88' lang='lat' dir='ltr'><strong>terram</strong></span> <span class='ocrx_word' id='word_1_693' title='bbox 2429 2804 2533 2842; x_wconf 90' lang='lat' dir='ltr'><strong>non</strong></span> <span class='ocrx_word' id='word_1_694' title='bbox 2561 2788 2895 2858; x_wconf 86' lang='lat' dir='ltr'><strong>egrediatur,</strong></span> <span class='ocrx_word' id='word_1_695' title='bbox 2931 2805 3102 2860; x_wconf 89' lang='lat' dir='ltr'><strong>neque</strong></span> <span class='ocrx_word' id='word_1_696' title='bbox 3144 2790 3198 2844; x_wconf 93' lang='lat' dir='ltr'><strong>in</strong></span> <span class='ocrx_word' id='word_1_697' title='bbox 3228 2791 3401 2845; x_wconf 90' lang='lat' dir='ltr'><strong>locum</strong></span> <span class='ocrx_word' id='word_1_698' title='bbox 3444 2792 3706 2848; x_wconf 89' lang='lat' dir='ltr'><strong>habitabi-</strong></span> 
     </span>
    </p>
   </div>
   <div class='ocr_carea' id='block_1_89' title="bbox 2123 2881 3706 2953">
    <p class='ocr_par' dir='ltr' id='par_1_89' title="bbox 2123 2881 3706 2953">
     <span class='ocr_line' id='line_1_89' title="bbox 2123 2881 3706 2953; baseline 0.001 -18"><span class='ocrx_word' id='word_1_699' title='bbox 2123 2881 2246 2947; x_wconf 88' lang='lat' dir='ltr'><strong>lem,</strong></span> <span class='ocrx_word' id='word_1_700' title='bbox 2279 2881 2374 2936; x_wconf 88' lang='lat' dir='ltr'><strong>scd</strong></span> <span class='ocrx_word' id='word_1_701' title='bbox 2402 2896 2468 2937; x_wconf 90' lang='lat' dir='ltr'><strong>ne</strong></span> <span class='ocrx_word' id='word_1_702' title='bbox 2495 2881 2547 2935; x_wconf 92' lang='lat' dir='ltr'><strong>in</strong></span> <span class='ocrx_word' id='word_1_703' title='bbox 2578 2890 2780 2951; x_wconf 89' lang='lat' dir='ltr'><strong>partem</strong></span> <span class='ocrx_word' id='word_1_704' title='bbox 2815 2882 3027 2951; x_wconf 88' lang='lat' dir='ltr'><strong>quidem</strong></span> <span class='ocrx_word' id='word_1_705' title='bbox 3059 2885 3221 2938; x_wconf 90' lang='lat' dir='ltr'><strong>maris</strong></span> <span class='ocrx_word' id='word_1_706' title='bbox 3248 2899 3366 2953; x_wconf 83' lang='lat' dir='ltr'><strong>qtne</strong></span> <span class='ocrx_word' id='word_1_707' title='bbox 3393 2893 3513 2952; x_wconf 89' lang='lat' dir='ltr'><strong>apta</strong></span> <span class='ocrx_word' id='word_1_708' title='bbox 3548 2887 3617 2939; x_wconf 89' lang='lat' dir='ltr'><strong>sit</strong></span> <span class='ocrx_word' id='word_1_709' title='bbox 3642 2886 3706 2938; x_wconf 84' lang='lat' dir='ltr'><strong>ad</strong></span> 
     </span>
    </p>
   </div>
   <div class='ocr_carea' id='block_1_90' title="bbox 2122 2972 3704 3044">
    <p class='ocr_par' dir='ltr' id='par_1_90' title="bbox 2122 2972 3704 3044">
     <span class='ocr_line' id='line_1_90' title="bbox 2122 2972 3704 3044; baseline 0.002 -18"><span class='ocrx_word' id='word_1_710' title='bbox 2122 2972 2508 3043; x_wconf 85' lang='lat' dir='ltr'><strong>navigationem</strong></span> <span class='ocrx_word' id='word_1_711' title='bbox 2537 2991 2551 3027; x_wconf 89' lang='lat'><strong>:</strong></span> <span class='ocrx_word' id='word_1_712' title='bbox 2585 2989 2688 3028; x_wconf 92' lang='lat' dir='ltr'><strong>non</strong></span> <span class='ocrx_word' id='word_1_713' title='bbox 2724 2982 2998 3028; x_wconf 90' lang='lat' dir='ltr'><strong>consumat</strong></span> <span class='ocrx_word' id='word_1_714' title='bbox 3028 2974 3044 3005; x_wconf 74' lang='grc'>⁸</span> <span class='ocrx_word' id='word_1_715' title='bbox 3088 2988 3281 3043; x_wconf 85' lang='lat' dir='ltr'><strong>genera</strong></span> <span class='ocrx_word' id='word_1_716' title='bbox 3325 2975 3546 3044; x_wconf 89' lang='lat' dir='ltr'><strong>piscium</strong></span> <span class='ocrx_word' id='word_1_717' title='bbox 3571 3015 3587 3040; x_wconf 92' lang='lat'><strong>,</strong></span> <span class='ocrx_word' id='word_1_718' title='bbox 3614 2976 3704 3029; x_wconf 87' lang='lat' dir='ltr'><strong>sed</strong></span> 
     </span>
    </p>
   </div>
   <div class='ocr_carea' id='block_1_91' title="bbox 2123 3063 3706 3137">
    <p class='ocr_par' dir='ltr' id='par_1_91' title="bbox 2123 3063 3706 3137">
     <span class='ocr_line' id='line_1_91' title="bbox 2123 3063 3706 3137; baseline 0 -19"><span class='ocrx_word' id='word_1_719' title='bbox 2123 3065 2263 3119; x_wconf 88' lang='lat' dir='ltr'><strong>intra</strong></span> <span class='ocrx_word' id='word_1_720' title='bbox 2306 3078 2456 3137; x_wconf 78' lang='lat' dir='ltr'><strong>suam</strong></span> <span class='ocrx_word' id='word_1_721' title='bbox 2500 3063 2770 3134; x_wconf 86' lang='lat' dir='ltr'><strong>regionem</strong></span> <span class='ocrx_word' id='word_1_722' title='bbox 2799 3065 2960 3118; x_wconf 87' lang='lat' dir='ltr'><strong>vitam</strong></span> <span class='ocrx_word' id='word_1_723' title='bbox 2999 3065 3174 3135; x_wconf 88' lang='lat' dir='ltr'><strong>degat.</strong></span> <span class='ocrx_word' id='word_1_724' title='bbox 3223 3064 3332 3119; x_wconf 88' lang='lat' dir='ltr'><strong>Nec</strong></span> <span class='ocrx_word' id='word_1_725' title='bbox 3377 3067 3491 3120; x_wconf 78' lang='lat' dir='ltr'><strong>haec</strong></span> <span class='ocrx_word' id='word_1_726' title='bbox 3531 3065 3706 3120; x_wconf 85' lang='lat' dir='ltr'><strong>solum</strong></span> 
     </span>
    </p>
   </div>
   <div class='ocr_carea' id='block_1_92' title="bbox 2123 3155 3706 3226">
    <p class='ocr_par' dir='ltr' id='par_1_92' title="bbox 2123 3155 3706 3226">
     <span class='ocr_line' id='line_1_92' title="bbox 2123 3155 3706 3226; baseline -0.001 -15"><span class='ocrx_word' id='word_1_727' title='bbox 2123 3155 2366 3212; x_wconf 87' lang='lat' dir='ltr'><strong>miranda</strong></span> <span class='ocrx_word' id='word_1_728' title='bbox 2397 3163 2554 3221; x_wconf 90' lang='lat' dir='ltr'><strong>sunt,</strong></span> <span class='ocrx_word' id='word_1_729' title='bbox 2598 3156 2693 3210; x_wconf 89' lang='lat' dir='ltr'><strong>sed</strong></span> <span class='ocrx_word' id='word_1_730' title='bbox 2734 3155 2913 3226; x_wconf 87' lang='lat' dir='ltr'><strong>abyssi</strong></span> <span class='ocrx_word' id='word_1_731' title='bbox 2956 3155 3114 3212; x_wconf 85' lang='lat' dir='ltr'><strong>etiam</strong></span> <span class='ocrx_word' id='word_1_732' title='bbox 3155 3155 3504 3225; x_wconf 85' lang='lat' dir='ltr'><strong>profunditas.</strong></span> <span class='ocrx_word' id='word_1_733' title='bbox 3552 3156 3706 3224; x_wconf 89' lang='lat' dir='ltr'><strong>Quod</strong></span> 
     </span>
    </p>
   </div>
   <div class='ocr_carea' id='block_1_93' title="bbox 2120 3245 3702 3314">
    <p class='ocr_par' dir='ltr' id='par_1_93' title="bbox 2120 3245 3702 3314">
     <span class='ocr_line' id='line_1_93' title="bbox 2120 3245 3702 3314; baseline -0.003 -12"><span class='ocrx_word' id='word_1_734' title='bbox 2120 3256 2296 3302; x_wconf 89' lang='lat' dir='ltr'><strong>autem</strong></span> <span class='ocrx_word' id='word_1_735' title='bbox 2339 3247 2390 3300; x_wconf 91' lang='lat' dir='ltr'><strong>in</strong></span> <span class='ocrx_word' id='word_1_736' title='bbox 2433 3245 2680 3312; x_wconf 87' lang='lat' dir='ltr'><strong>animali,</strong></span> <span class='ocrx_word' id='word_1_737' title='bbox 2713 3245 2815 3300; x_wconf 86' lang='lat' dir='ltr'><strong>hoc</strong></span> <span class='ocrx_word' id='word_1_738' title='bbox 2857 3247 3020 3300; x_wconf 92' lang='lat' dir='ltr'><strong>etiam</strong></span> <span class='ocrx_word' id='word_1_739' title='bbox 3048 3247 3194 3300; x_wconf 89' lang='lat' dir='ltr'><strong>cerni</strong></span> <span class='ocrx_word' id='word_1_740' title='bbox 3241 3255 3415 3314; x_wconf 72' lang='lat' dir='ltr'><strong>potest</strong></span> <span class='ocrx_word' id='word_1_741' title='bbox 3459 3247 3512 3299; x_wconf 88' lang='lat' dir='ltr'><strong>in</strong></span> <span class='ocrx_word' id='word_1_742' title='bbox 3551 3248 3702 3300; x_wconf 87' lang='lat' dir='ltr'><strong>mari.</strong></span> 
     </span>
    </p>
   </div>
   <div class='ocr_carea' id='block_1_94' title="bbox 2121 3335 3702 3400">
    <p class='ocr_par' dir='ltr' id='par_1_94' title="bbox 2121 3335 3702 3400">
     <span class='ocr_line' id='line_1_94' title="bbox 2121 3335 3702 3400; baseline -0.003 -8"><span class='ocrx_word' id='word_1_743' title='bbox 2121 3337 2253 3392; x_wconf 84' lang='lat' dir='ltr'><strong>Nam</strong></span> <span class='ocrx_word' id='word_1_744' title='bbox 2281 3352 2401 3392; x_wconf 93' lang='lat' dir='ltr'><strong>cum</strong></span> <span class='ocrx_word' id='word_1_745' title='bbox 2433 3346 2712 3392; x_wconf 89' lang='lat' dir='ltr'><strong>ventorum</strong></span> <span class='ocrx_word' id='word_1_746' title='bbox 2751 3335 2962 3390; x_wconf 81' lang='lat' dir='ltr'><strong>ﬂatibus</strong></span> <span class='ocrx_word' id='word_1_747' title='bbox 2989 3336 3059 3388; x_wconf 89' lang='lat' dir='ltr'><strong>sit</strong></span> <span class='ocrx_word' id='word_1_748' title='bbox 3106 3335 3472 3400; x_wconf 87' lang='lat' dir='ltr'><strong>intolerabile,</strong></span> <span class='ocrx_word' id='word_1_749' title='bbox 3503 3345 3555 3390; x_wconf 92' lang='lat' dir='ltr'><strong>et</strong></span> <span class='ocrx_word' id='word_1_750' title='bbox 3586 3345 3702 3388; x_wconf 88' lang='lat' dir='ltr'><strong>tau-</strong></span> 
     </span>
    </p>
   </div>
   <div class='ocr_carea' id='block_1_95' title="bbox 2129 3425 3702 3496">
    <p class='ocr_par' dir='ltr' id='par_1_95' title="bbox 2129 3425 3702 3496">
     <span class='ocr_line' id='line_1_95' title="bbox 2129 3425 3702 3496; baseline -0.003 -15"><span class='ocrx_word' id='word_1_751' title='bbox 2129 3438 2233 3482; x_wconf 88' lang='lat' dir='ltr'><strong>tam</strong></span> <span class='ocrx_word' id='word_1_752' title='bbox 2266 3429 2457 3482; x_wconf 88' lang='lat' dir='ltr'><strong>habeat</strong></span> <span class='ocrx_word' id='word_1_753' title='bbox 2484 3441 2741 3496; x_wconf 87' lang='lat' dir='ltr'><strong>aquarum</strong></span> <span class='ocrx_word' id='word_1_754' title='bbox 2785 3427 2994 3496; x_wconf 90' lang='lat' dir='ltr'><strong>copiam</strong></span> <span class='ocrx_word' id='word_1_755' title='bbox 3016 3465 3033 3492; x_wconf 91' lang='lat'><strong>,</strong></span> <span class='ocrx_word' id='word_1_756' title='bbox 3065 3441 3170 3480; x_wconf 93' lang='lat' dir='ltr'><strong>non</strong></span> <span class='ocrx_word' id='word_1_757' title='bbox 3214 3425 3450 3494; x_wconf 88' lang='lat' dir='ltr'><strong>erumpit</strong></span> <span class='ocrx_word' id='word_1_758' title='bbox 3479 3440 3544 3479; x_wconf 83' lang='lat' dir='ltr'><strong>ex</strong></span> <span class='ocrx_word' id='word_1_759' title='bbox 3581 3440 3702 3493; x_wconf 84' lang='lat' dir='ltr'><strong>pro-</strong></span> 
     </span>
    </p>
   </div>
   <div class='ocr_carea' id='block_1_96' title="bbox 2125 3514 3702 3589">
    <p class='ocr_par' dir='ltr' id='par_1_96' title="bbox 2125 3514 3702 3589">
     <span class='ocr_line' id='line_1_96' title="bbox 2125 3514 3702 3589; baseline -0.003 -18"><span class='ocrx_word' id='word_1_760' title='bbox 2125 3520 2256 3589; x_wconf 81' lang='lat' dir='ltr'><strong>priis</strong></span> <span class='ocrx_word' id='word_1_761' title='bbox 2278 3519 2538 3582; x_wconf 86' lang='lat' dir='ltr'><strong>terminis,</strong></span> <span class='ocrx_word' id='word_1_762' title='bbox 2563 3533 2667 3570; x_wconf 90' lang='lat' dir='ltr'><strong>non</strong></span> <span class='ocrx_word' id='word_1_763' title='bbox 2691 3514 2910 3570; x_wconf 89' lang='lat' dir='ltr'><strong>inundat</strong></span> <span class='ocrx_word' id='word_1_764' title='bbox 2931 3525 3122 3570; x_wconf 89' lang='lat' dir='ltr'><strong>terram</strong></span> <span class='ocrx_word' id='word_1_765' title='bbox 3139 3515 3388 3579; x_wconf 88' lang='lat' dir='ltr'><strong>vicinam,</strong></span> <span class='ocrx_word' id='word_1_766' title='bbox 3413 3515 3507 3568; x_wconf 88' lang='lat' dir='ltr'><strong>sed</strong></span> <span class='ocrx_word' id='word_1_767' title='bbox 3533 3515 3702 3583; x_wconf 85' lang='lat' dir='ltr'><strong>ipsum</strong></span> 
     </span>
    </p>
   </div>
   <div class='ocr_carea' id='block_1_97' title="bbox 2122 3603 3703 3680">
    <p class='ocr_par' dir='ltr' id='par_1_97' title="bbox 2122 3603 3703 3680">
     <span class='ocr_line' id='line_1_97' title="bbox 2122 3603 3703 3680; baseline -0.006 -16"><span class='ocrx_word' id='word_1_768' title='bbox 2122 3624 2334 3680; x_wconf 89' lang='lat' dir='ltr'><strong>quoque</strong></span> <span class='ocrx_word' id='word_1_769' title='bbox 2373 3618 2456 3664; x_wconf 89' lang='lat' dir='ltr'><strong>est</strong></span> <span class='ocrx_word' id='word_1_770' title='bbox 2493 3608 2761 3676; x_wconf 89' lang='lat' dir='ltr'><strong>alligatum</strong></span> <span class='ocrx_word' id='word_1_771' title='bbox 2789 3605 3010 3660; x_wconf 88' lang='lat' dir='ltr'><strong>vinculis</strong></span> <span class='ocrx_word' id='word_1_772' title='bbox 3051 3603 3444 3668; x_wconf 88' lang='lat' dir='ltr'><strong>immobilibus,</strong></span> <span class='ocrx_word' id='word_1_773' title='bbox 3477 3604 3598 3657; x_wconf 91' lang='lat' dir='ltr'><strong>licet</strong></span> <span class='ocrx_word' id='word_1_774' title='bbox 3637 3603 3703 3655; x_wconf 89' lang='lat' dir='ltr'><strong>sit</strong></span> 
     </span>
    </p>
   </div>
   <div class='ocr_carea' id='block_1_98' title="bbox 2121 3693 3703 3770">
    <p class='ocr_par' dir='ltr' id='par_1_98' title="bbox 2121 3693 3703 3770">
     <span class='ocr_line' id='line_1_98' title="bbox 2121 3693 3703 3770; baseline -0.006 -15"><span class='ocrx_word' id='word_1_775' title='bbox 2121 3701 2318 3770; x_wconf 87' lang='lat' dir='ltr'><strong>alioqui</strong></span> <span class='ocrx_word' id='word_1_776' title='bbox 2362 3711 2547 3754; x_wconf 88' lang='lat' dir='ltr'><strong>natura</strong></span> <span class='ocrx_word' id='word_1_777' title='bbox 2589 3711 2844 3768; x_wconf 86' lang='lat' dir='ltr'><strong>aquarum</strong></span> <span class='ocrx_word' id='word_1_778' title='bbox 2888 3694 3144 3749; x_wconf 88' lang='lat' dir='ltr'><strong>insolens.</strong></span> <span class='ocrx_word' id='word_1_779' title='bbox 3187 3693 3317 3747; x_wconf 87' lang='lat' dir='ltr'><strong>Cum</strong></span> <span class='ocrx_word' id='word_1_780' title='bbox 3352 3702 3532 3748; x_wconf 89' lang='lat' dir='ltr'><strong>autem</strong></span> <span class='ocrx_word' id='word_1_781' title='bbox 3564 3701 3703 3746; x_wconf 87' lang='lat' dir='ltr'><strong>tanta</strong></span> 
     </span>
    </p>
   </div>
   <div class='ocr_carea' id='block_1_99' title="bbox 2123 3785 3698 3863">
    <p class='ocr_par' dir='ltr' id='par_1_99' title="bbox 2123 3785 3698 3863">
     <span class='ocr_line' id='line_1_99' title="bbox 2123 3785 3698 3863; baseline -0.011 -12"><span class='ocrx_word' id='word_1_782' title='bbox 2123 3797 2194 3851; x_wconf 91' lang='lat' dir='ltr'><strong>sit</strong></span> <span class='ocrx_word' id='word_1_783' title='bbox 2225 3792 2624 3863; x_wconf 89' lang='lat' dir='ltr'><strong>magnitudine,</strong></span> <span class='ocrx_word' id='word_1_784' title='bbox 2667 3799 2722 3845; x_wconf 92' lang='lat' dir='ltr'><strong>et</strong></span> <span class='ocrx_word' id='word_1_785' title='bbox 2765 3804 2796 3842; x_wconf 88' lang='lat' dir='ltr'><strong>a</strong></span> <span class='ocrx_word' id='word_1_786' title='bbox 2844 3787 3003 3843; x_wconf 87' lang='lat' dir='ltr'><strong>tantis</strong></span> <span class='ocrx_word' id='word_1_787' title='bbox 3044 3787 3313 3858; x_wconf 87' lang='lat' dir='ltr'><strong>spiritibus</strong></span> <span class='ocrx_word' id='word_1_788' title='bbox 3358 3785 3698 3855; x_wconf 88' lang='lat' dir='ltr'><strong>impellatur:</strong></span> 
     </span>
    </p>
   </div>
   <div class='ocr_carea' id='block_1_100' title="bbox 2122 3877 3701 3955">
    <p class='ocr_par' dir='ltr' id='par_1_100' title="bbox 2122 3877 3701 3955">
     <span class='ocr_line' id='line_1_100' title="bbox 2122 3877 3701 3955; baseline -0.01 -11"><span class='ocrx_word' id='word_1_789' title='bbox 2122 3889 2399 3944; x_wconf 81' lang='lat' dir='ltr'><strong>considera</strong></span> <span class='ocrx_word' id='word_1_790' title='bbox 2449 3885 2633 3955; x_wconf 87' lang='lat' dir='ltr'><strong>quanti</strong></span> <span class='ocrx_word' id='word_1_791' title='bbox 2673 3884 2743 3939; x_wconf 88' lang='lat' dir='ltr'><strong>sit</strong></span> <span class='ocrx_word' id='word_1_792' title='bbox 2785 3880 3060 3948; x_wconf 84' lang='lat' dir='ltr'><strong>miraculi,</strong></span> <span class='ocrx_word' id='word_1_793' title='bbox 3102 3893 3200 3934; x_wconf 90' lang='lat' dir='ltr'><strong>nec</strong></span> <span class='ocrx_word' id='word_1_794' title='bbox 3243 3893 3339 3949; x_wconf 86' lang='lat' dir='ltr'><strong>per</strong></span> <span class='ocrx_word' id='word_1_795' title='bbox 3384 3877 3701 3932; x_wconf 84' lang='lat' dir='ltr'><strong>inconditam</strong></span> 
     </span>
    </p>
   </div>
   <div class='ocr_carea' id='block_1_101' title="bbox 2128 3969 3704 4047">
    <p class='ocr_par' dir='ltr' id='par_1_101' title="bbox 2128 3969 3704 4047">
     <span class='ocr_line' id='line_1_101' title="bbox 2128 3969 3704 4047; baseline -0.01 -11"><span class='ocrx_word' id='word_1_796' title='bbox 2128 3981 2347 4047; x_wconf 90' lang='lat' dir='ltr'><strong>molem,</strong></span> <span class='ocrx_word' id='word_1_797' title='bbox 2377 3993 2478 4034; x_wconf 87' lang='lat' dir='ltr'><strong>nec</strong></span> <span class='ocrx_word' id='word_1_798' title='bbox 2505 3993 2600 4047; x_wconf 89' lang='lat' dir='ltr'><strong>per</strong></span> <span class='ocrx_word' id='word_1_799' title='bbox 2625 3973 3042 4046; x_wconf 87' lang='lat' dir='ltr'><strong>magnitudinem</strong></span> <span class='ocrx_word' id='word_1_800' title='bbox 3065 4011 3082 4036; x_wconf 89' lang='lat'><strong>,</strong></span> <span class='ocrx_word' id='word_1_801' title='bbox 3128 3985 3226 4026; x_wconf 90' lang='lat' dir='ltr'><strong>nec</strong></span> <span class='ocrx_word' id='word_1_802' title='bbox 3249 3985 3348 4041; x_wconf 88' lang='lat' dir='ltr'><strong>per</strong></span> <span class='ocrx_word' id='word_1_803' title='bbox 3373 3970 3479 4024; x_wconf 86' lang='lat' dir='ltr'><strong>vim</strong></span> <span class='ocrx_word' id='word_1_804' title='bbox 3521 3969 3704 4023; x_wconf 88' lang='lat' dir='ltr'><strong>intole-</strong></span> 
     </span>
    </p>
   </div>
   <div class='ocr_carea' id='block_1_102' title="bbox 2125 4060 3703 4131">
    <p class='ocr_par' dir='ltr' id='par_1_102' title="bbox 2125 4060 3703 4131">
     <span class='ocr_line' id='line_1_102' title="bbox 2125 4060 3703 4131; baseline -0.009 -3"><span class='ocrx_word' id='word_1_805' title='bbox 2125 4072 2349 4128; x_wconf 86' lang='lat' dir='ltr'><strong>rabilem</strong></span> <span class='ocrx_word' id='word_1_806' title='bbox 2370 4085 2470 4126; x_wconf 88' lang='lat' dir='ltr'><strong>suo</strong></span> <span class='ocrx_word' id='word_1_807' title='bbox 2493 4069 2614 4125; x_wconf 91' lang='lat' dir='ltr'><strong>loco</strong></span> <span class='ocrx_word' id='word_1_808' title='bbox 2637 4067 2918 4131; x_wconf 85' lang='lat' dir='ltr'><strong>excedere,</strong></span> <span class='ocrx_word' id='word_1_809' title='bbox 2944 4064 3036 4120; x_wconf 88' lang='lat' dir='ltr'><strong>sed</strong></span> <span class='ocrx_word' id='word_1_810' title='bbox 3062 4065 3114 4117; x_wconf 92' lang='lat' dir='ltr'><strong>in</strong></span> <span class='ocrx_word' id='word_1_811' title='bbox 3139 4070 3283 4117; x_wconf 87' lang='lat' dir='ltr'><strong>tanta</strong></span> <span class='ocrx_word' id='word_1_812' title='bbox 3307 4060 3703 4131; x_wconf 77' lang='lat' dir='ltr'><strong>perturbatione</strong></span> 
     </span>
    </p>
   </div>
   <div class='ocr_carea' id='block_1_103' title="bbox 2124 4152 3704 4228">
    <p class='ocr_par' dir='ltr' id='par_1_103' title="bbox 2124 4152 3704 4228">
     <span class='ocr_line' id='line_1_103' title="bbox 2124 4152 3704 4228; baseline -0.009 -8"><span class='ocrx_word' id='word_1_813' title='bbox 2124 4165 2367 4221; x_wconf 86' lang='lat' dir='ltr'><strong>ordinem</strong></span> <span class='ocrx_word' id='word_1_814' title='bbox 2394 4173 2450 4219; x_wconf 90' lang='lat' dir='ltr'><strong>et</strong></span> <span class='ocrx_word' id='word_1_815' title='bbox 2476 4161 2693 4217; x_wconf 89' lang='lat' dir='ltr'><strong>modum</strong></span> <span class='ocrx_word' id='word_1_816' title='bbox 2735 4158 2952 4228; x_wconf 87' lang='lat' dir='ltr'><strong>pulchre</strong></span> <span class='ocrx_word' id='word_1_817' title='bbox 2978 4170 3215 4212; x_wconf 88' lang='lat' dir='ltr'><strong>servare.</strong></span> <span class='ocrx_word' id='word_1_818' title='bbox 3260 4154 3386 4209; x_wconf 68' lang='lat' dir='ltr'><strong>Hmc</strong></span> <span class='ocrx_word' id='word_1_819' title='bbox 3413 4169 3540 4223; x_wconf 85' lang='lat' dir='ltr'><strong>ergo</strong></span> <span class='ocrx_word' id='word_1_820' title='bbox 3569 4152 3704 4223; x_wconf 89' lang='lat' dir='ltr'><strong>apud</strong></span> 
     </span>
    </p>
   </div>
   <div class='ocr_carea' id='block_1_104' title="bbox 2128 4244 3704 4325">
    <p class='ocr_par' dir='ltr' id='par_1_104' title="bbox 2128 4244 3704 4325">
     <span class='ocr_line' id='line_1_104' title="bbox 2128 4244 3704 4325; baseline -0.011 -13"><span class='ocrx_word' id='word_1_821' title='bbox 2128 4266 2181 4312; x_wconf 89' lang='lat' dir='ltr'><strong>te</strong></span> <span class='ocrx_word' id='word_1_822' title='bbox 2209 4264 2461 4325; x_wconf 87' lang='lat' dir='ltr'><strong>reputans</strong></span> <span class='ocrx_word' id='word_1_823' title='bbox 2491 4252 2692 4323; x_wconf 81' lang='lat' dir='ltr'><strong>poteris</strong></span> <span class='ocrx_word' id='word_1_824' title='bbox 2719 4251 2841 4304; x_wconf 90' lang='lat' dir='ltr'><strong>hinc</strong></span> <span class='ocrx_word' id='word_1_825' title='bbox 2867 4262 3078 4318; x_wconf 89' lang='lat' dir='ltr'><strong>quoque</strong></span> <span class='ocrx_word' id='word_1_826' title='bbox 3110 4247 3220 4301; x_wconf 91' lang='lat' dir='ltr'><strong>Deo</strong></span> <span class='ocrx_word' id='word_1_827' title='bbox 3263 4244 3472 4299; x_wconf 88' lang='lat' dir='ltr'><strong>laudem</strong></span> <span class='ocrx_word' id='word_1_828' title='bbox 3513 4255 3566 4299; x_wconf 86' lang='lat' dir='ltr'><strong>et</strong></span> <span class='ocrx_word' id='word_1_829' title='bbox 3608 4245 3704 4314; x_wconf 81' lang='lat' dir='ltr'><strong>hy-</strong></span> 
     </span>
    </p>
   </div>
   <div class='ocr_carea' id='block_1_105' title="bbox 2127 4335 3702 4416">
    <p class='ocr_par' dir='ltr' id='par_1_105' title="bbox 2127 4335 3702 4416">
     <span class='ocr_line' id='line_1_105' title="bbox 2127 4335 3702 4416; baseline -0.013 -12"><span class='ocrx_word' id='word_1_830' title='bbox 2127 4363 2310 4404; x_wconf 88' lang='lat' dir='ltr'><strong>mnum</strong></span> <span class='ocrx_word' id='word_1_831' title='bbox 2334 4357 2536 4411; x_wconf 82' lang='lat' dir='ltr'><strong>texere,</strong></span> <span class='ocrx_word' id='word_1_832' title='bbox 2557 4353 2614 4399; x_wconf 89' lang='lat' dir='ltr'><strong>et</strong></span> <span class='ocrx_word' id='word_1_833' title='bbox 2631 4343 2748 4412; x_wconf 83' lang='lat' dir='ltr'><strong>ejus</strong></span> <span class='ocrx_word' id='word_1_834' title='bbox 2767 4339 3016 4396; x_wconf 88' lang='lat' dir='ltr'><strong>admirari</strong></span> <span class='ocrx_word' id='word_1_835' title='bbox 3039 4337 3347 4416; x_wconf 72' lang='lat' dir='ltr'><strong>potentiam,</strong></span> <span class='ocrx_word' id='word_1_836' title='bbox 3371 4335 3702 4406; x_wconf 77' lang='lat' dir='ltr'><strong>sapientiam,</strong></span> 
     </span>
    </p>
   </div>
   <div class='ocr_carea' id='block_1_106' title="bbox 2129 4427 3706 4507">
    <p class='ocr_par' dir='ltr' id='par_1_106' title="bbox 2129 4427 3706 4507">
     <span class='ocr_line' id='line_1_106' title="bbox 2129 4427 3706 4507; baseline -0.013 -12"><span class='ocrx_word' id='word_1_837' title='bbox 2129 4442 2399 4502; x_wconf 90' lang='lat' dir='ltr'><strong>virtutem,</strong></span> <span class='ocrx_word' id='word_1_838' title='bbox 2433 4442 2770 4507; x_wconf 75' lang='lat' dir='ltr'><strong>potestatem.</strong></span> <span class='ocrx_word' id='word_1_839' title='bbox 2803 4433 2940 4488; x_wconf 89' lang='lat' dir='ltr'><strong>Sunt</strong></span> <span class='ocrx_word' id='word_1_840' title='bbox 2962 4432 3120 4484; x_wconf 85' lang='lat' dir='ltr'><strong>etiam</strong></span> <span class='ocrx_word' id='word_1_841' title='bbox 3143 4427 3439 4483; x_wconf 75' lang='lat' dir='ltr'><strong>iuelfabiles</strong></span> <span class='ocrx_word' id='word_1_842' title='bbox 3468 4428 3585 4479; x_wconf 68' lang='lat' dir='ltr'><strong>alia:</strong></span> <span class='ocrx_word' id='word_1_843' title='bbox 3617 4427 3706 4478; x_wconf 82' lang='lat' dir='ltr'><strong>ho-</strong></span> 
     </span>
    </p>
   </div>
   <div class='ocr_carea' id='block_1_107' title="bbox 2128 4517 3706 4595">
    <p class='ocr_par' dir='ltr' id='par_1_107' title="bbox 2128 4517 3706 4595">
     <span class='ocr_line' id='line_1_107' title="bbox 2128 4517 3706 4595; baseline -0.012 -8"><span class='ocrx_word' id='word_1_844' title='bbox 2128 4546 2244 4588; x_wconf 90' lang='lat' dir='ltr'><strong>rum</strong></span> <span class='ocrx_word' id='word_1_845' title='bbox 2275 4530 2529 4592; x_wconf 86' lang='lat' dir='ltr'><strong>rationes,</strong></span> <span class='ocrx_word' id='word_1_846' title='bbox 2567 4540 2700 4595; x_wconf 82' lang='lat' dir='ltr'><strong>quas</strong></span> <span class='ocrx_word' id='word_1_847' title='bbox 2729 4525 2842 4593; x_wconf 88' lang='lat' dir='ltr'><strong>ipse</strong></span> <span class='ocrx_word' id='word_1_848' title='bbox 2867 4521 3012 4576; x_wconf 89' lang='lat' dir='ltr'><strong>novit</strong></span> <span class='ocrx_word' id='word_1_849' title='bbox 3035 4520 3123 4590; x_wconf 88' lang='lat' dir='ltr'><strong>qui</strong></span> <span class='ocrx_word' id='word_1_850' title='bbox 3154 4519 3300 4574; x_wconf 86' lang='lat' dir='ltr'><strong>fecit.</strong></span> <span class='ocrx_word' id='word_1_851' title='bbox 3341 4519 3407 4572; x_wconf 80' lang='lat' dir='ltr'><strong>Et</strong></span> <span class='ocrx_word' id='word_1_852' title='bbox 3436 4517 3556 4570; x_wconf 89' lang='lat' dir='ltr'><strong>ideo</strong></span> <span class='ocrx_word' id='word_1_853' title='bbox 3579 4517 3706 4571; x_wconf 75' lang='lat' dir='ltr'><strong>dixit</strong></span> 
     </span>
    </p>
   </div>
   <div class='ocr_carea' id='block_1_108' title="bbox 2128 4609 3706 4696">
    <p class='ocr_par' dir='ltr' id='par_1_108' title="bbox 2128 4609 3706 4696">
     <span class='ocr_line' id='line_1_108' title="bbox 2128 4609 3706 4696; baseline -0.012 -17"><span class='ocrx_word' id='word_1_854' title='bbox 2128 4624 2412 4696; x_wconf 89' lang='lat' dir='ltr'><strong>quispiam,</strong></span> <span class='ocrx_word' id='word_1_855' title='bbox 2437 4619 2519 4674; x_wconf 86' lang='lat' dir='ltr'><strong>Ne</strong></span> <span class='ocrx_word' id='word_1_856' title='bbox 2543 4618 2753 4684; x_wconf 67' lang='lat' dir='ltr'><strong>dixeris,</strong></span> <span class='ocrx_word' id='word_1_857' title='bbox 2783 4616 2952 4684; x_wconf 86' lang='lat' dir='ltr'><strong>Quare</strong></span> <span class='ocrx_word' id='word_1_858' title='bbox 2971 4614 3110 4667; x_wconf 70' lang='lat' dir='ltr'><strong>hoc!</strong></span> <span class='ocrx_word' id='word_1_859' title='bbox 3138 4613 3205 4665; x_wconf 85' lang='lat' dir='ltr'><strong>ad</strong></span> <span class='ocrx_word' id='word_1_860' title='bbox 3225 4611 3346 4681; x_wconf 84' lang='lat' dir='ltr'><strong>quid</strong></span> <span class='ocrx_word' id='word_1_861' title='bbox 3369 4613 3464 4664; x_wconf 82' lang='lat' dir='ltr'><strong>hoc</strong></span> <span class='ocrx_word' id='word_1_862' title='bbox 3480 4610 3506 4662; x_wconf 70' lang='grc' dir='ltr'><strong><em>Ρ</em></strong></span> <span class='ocrx_word' id='word_1_863' title='bbox 3530 4609 3620 4662; x_wconf 73' lang='lat' dir='ltr'><strong>0n.</strong></span> <span class='ocrx_word' id='word_1_864' title='bbox 3630 4612 3706 4660; x_wconf 84' lang='lat' dir='ltr'><strong>nia</strong></span> 
     </span>
    </p>
   </div>
   <div class='ocr_carea' id='block_1_109' title="bbox 2129 4702 3706 4781">
    <p class='ocr_par' dir='ltr' id='par_1_109' title="bbox 2129 4702 3706 4781">
     <span class='ocr_line' id='line_1_109' title="bbox 2129 4702 3706 4781; baseline -0.013 -9"><span class='ocrx_word' id='word_1_865' title='bbox 2129 4719 2263 4774; x_wconf 88' lang='lat' dir='ltr'><strong>enim</strong></span> <span class='ocrx_word' id='word_1_866' title='bbox 2301 4713 2369 4768; x_wconf 84' lang='lat' dir='ltr'><strong>ad</strong></span> <span class='ocrx_word' id='word_1_867' title='bbox 2407 4729 2556 4768; x_wconf 83' lang='lat' dir='ltr'><strong>usum</strong></span> <span class='ocrx_word' id='word_1_868' title='bbox 2579 4712 2738 4781; x_wconf 86' lang='lat' dir='ltr'><strong>ipsius</strong></span> <span class='ocrx_word' id='word_1_869' title='bbox 2783 4713 2918 4778; x_wconf 82' lang='lat' dir='ltr'><strong>facta</strong></span> <span class='ocrx_word' id='word_1_870' title='bbox 2955 4714 3089 4760; x_wconf 88' lang='lat' dir='ltr'><strong>sunt.</strong></span> <span class='ocrx_word' id='word_1_871' title='bbox 3132 4703 3312 4774; x_wconf 78' lang='lat' dir='ltr'><strong>Ignis,</strong></span> <span class='ocrx_word' id='word_1_872' title='bbox 3340 4702 3575 4772; x_wconf 82' lang='lat' dir='ltr'><strong>grando,</strong></span> <span class='ocrx_word' id='word_1_873' title='bbox 3604 4703 3706 4760; x_wconf 66' lang='lat' dir='ltr'><strong>nia,</strong></span> 
     </span>
    </p>
   </div>
   <div class='ocr_carea' id='block_1_110' title="bbox 2131 4794 3710 4883">
    <p class='ocr_par' dir='ltr' id='par_1_110' title="bbox 2131 4794 3710 4883">
     <span class='ocr_line' id='line_1_110' title="bbox 2131 4794 3710 4883; baseline -0.015 -17"><span class='ocrx_word' id='word_1_874' title='bbox 2131 4811 2315 4883; x_wconf 80' lang='lat' dir='ltr'><strong>glacies</strong></span> <span class='ocrx_word' id='word_1_875' title='bbox 2335 4849 2350 4874; x_wconf 93' lang='lat'><strong>,</strong></span> <span class='ocrx_word' id='word_1_876' title='bbox 2376 4807 2584 4876; x_wconf 81' lang='lat' dir='ltr'><strong>spiritus</strong></span> <span class='ocrx_word' id='word_1_877' title='bbox 2613 4803 2970 4874; x_wconf 84' lang='lat' dir='ltr'><strong>procellarum,</strong></span> <span class='ocrx_word' id='word_1_878' title='bbox 2999 4813 3116 4868; x_wconf 67' lang='lat' dir='ltr'><strong>qua:</strong></span> <span class='ocrx_word' id='word_1_879' title='bbox 3154 4797 3350 4866; x_wconf 78' lang='lat' dir='ltr'><strong>faciunt</strong></span> <span class='ocrx_word' id='word_1_880' title='bbox 3377 4794 3580 4848; x_wconf 77' lang='lat' dir='ltr'><strong>uerbum</strong></span> <span class='ocrx_word' id='word_1_881' title='bbox 3610 4794 3710 4862; x_wconf 80' lang='lat' dir='ltr'><strong>ejus</strong></span> 
     </span>
    </p>
   </div>
   <div class='ocr_carea' id='block_1_111' title="bbox 2132 4883 3712 4974">
    <p class='ocr_par' dir='ltr' id='par_1_111' title="bbox 2132 4883 3712 4974">
     <span class='ocr_line' id='line_1_111' title="bbox 2132 4883 3712 4974; baseline -0.015 -17"><span class='ocrx_word' id='word_1_882' title='bbox 2132 4901 2321 4974; x_wconf 84' lang='lat' dir='ltr'><strong>(Eccli.</strong></span> <span class='ocrx_word' id='word_1_883' title='bbox 2343 4899 2435 4955; x_wconf 78' lang='lat'><strong>39.</strong></span> <span class='ocrx_word' id='word_1_884' title='bbox 2457 4897 2548 4968; x_wconf 75' lang='lat'><strong>2).</strong></span> <span class='ocrx_word' id='word_1_885' title='bbox 2575 4893 2774 4963; x_wconf 79' lang='lat' dir='ltr'><strong>Adjicit</strong></span> <span class='ocrx_word' id='word_1_886' title='bbox 2799 4891 2888 4946; x_wconf 84' lang='lat' dir='ltr'><strong>hic</strong></span> <span class='ocrx_word' id='word_1_887' title='bbox 2913 4904 3124 4960; x_wconf 89' lang='lat' dir='ltr'><strong>quoque</strong></span> <span class='ocrx_word' id='word_1_888' title='bbox 3147 4886 3291 4941; x_wconf 85' lang='lat' dir='ltr'><strong>aliud</strong></span> <span class='ocrx_word' id='word_1_889' title='bbox 3315 4887 3381 4941; x_wconf 91' lang='lat' dir='ltr'><strong>iis</strong></span> <span class='ocrx_word' id='word_1_890' title='bbox 3409 4899 3530 4954; x_wconf 67' lang='lat' dir='ltr'><strong>qua:</strong></span> <span class='ocrx_word' id='word_1_891' title='bbox 3573 4883 3712 4936; x_wconf 79' lang='lat' dir='ltr'><strong>dicta</strong></span> 
     </span>
    </p>
   </div>
   <div class='ocr_carea' id='block_1_112' title="bbox 2133 4973 3712 5054">
    <p class='ocr_par' dir='ltr' id='par_1_112' title="bbox 2133 4973 3712 5054">
     <span class='ocr_line' id='line_1_112' title="bbox 2133 4973 3712 5054; baseline -0.015 -7"><span class='ocrx_word' id='word_1_892' title='bbox 2133 5003 2277 5047; x_wconf 89' lang='lat' dir='ltr'><strong>sunt.</strong></span> <span class='ocrx_word' id='word_1_893' title='bbox 2313 4991 2423 5046; x_wconf 89' lang='lat' dir='ltr'><strong>lloc</strong></span> <span class='ocrx_word' id='word_1_894' title='bbox 2451 4987 2593 5042; x_wconf 91' lang='lat' dir='ltr'><strong>enim</strong></span> <span class='ocrx_word' id='word_1_895' title='bbox 2637 4985 2690 5039; x_wconf 91' lang='lat' dir='ltr'><strong>in</strong></span> <span class='ocrx_word' id='word_1_896' title='bbox 2721 4982 2883 5054; x_wconf 90' lang='lat' dir='ltr'><strong>priori</strong></span> <span class='ocrx_word' id='word_1_897' title='bbox 2913 4979 3123 5035; x_wconf 85' lang='lat' dir='ltr'><strong>Psalmo</strong></span> <span class='ocrx_word' id='word_1_898' title='bbox 3149 4976 3541 5037; x_wconf 87' lang='lat' dir='ltr'><strong>admirabatur,</strong></span> <span class='ocrx_word' id='word_1_899' title='bbox 3575 4973 3712 5043; x_wconf 87' lang='lat' dir='ltr'><strong>quod</strong></span> 
     </span>
    </p>
   </div>
   <div class='ocr_carea' id='block_1_113' title="bbox 2135 5066 3713 5146">
    <p class='ocr_par' dir='ltr' id='par_1_113' title="bbox 2135 5066 3713 5146">
     <span class='ocr_line' id='line_1_113' title="bbox 2135 5066 3713 5146; baseline -0.016 -6"><span class='ocrx_word' id='word_1_900' title='bbox 2135 5083 2284 5140; x_wconf 86' lang='lat' dir='ltr'><strong>brevi</strong></span> <span class='ocrx_word' id='word_1_901' title='bbox 2312 5086 2583 5136; x_wconf 90' lang='lat' dir='ltr'><strong>momento</strong></span> <span class='ocrx_word' id='word_1_902' title='bbox 2609 5073 2863 5146; x_wconf 88' lang='lat' dir='ltr'><strong>temporis</strong></span> <span class='ocrx_word' id='word_1_903' title='bbox 2897 5079 3059 5128; x_wconf 90' lang='lat' dir='ltr'><strong>totam</strong></span> <span class='ocrx_word' id='word_1_904' title='bbox 3097 5082 3290 5124; x_wconf 88' lang='lat' dir='ltr'><strong>terram</strong></span> <span class='ocrx_word' id='word_1_905' title='bbox 3315 5066 3571 5138; x_wconf 84' lang='lat' dir='ltr'><strong>pervadat</strong></span> <span class='ocrx_word' id='word_1_906' title='bbox 3607 5067 3713 5130; x_wconf 83' lang='lat' dir='ltr'><strong>nix,</strong></span> 
     </span>
    </p>
   </div>
   <div class='ocr_carea' id='block_1_114' title="bbox 2135 5155 3714 5246">
    <p class='ocr_par' dir='ltr' id='par_1_114' title="bbox 2135 5155 3714 5246">
     <span class='ocr_line' id='line_1_114' title="bbox 2135 5155 3714 5246; baseline -0.016 -17"><span class='ocrx_word' id='word_1_907' title='bbox 2135 5173 2352 5246; x_wconf 87' lang='lat' dir='ltr'><strong>glacies,</strong></span> <span class='ocrx_word' id='word_1_908' title='bbox 2377 5168 2519 5240; x_wconf 89' lang='lat' dir='ltr'><strong>quod</strong></span> <span class='ocrx_word' id='word_1_909' title='bbox 2544 5171 2871 5238; x_wconf 82' lang='lat' dir='ltr'><strong>concrescat,</strong></span> <span class='ocrx_word' id='word_1_910' title='bbox 2896 5159 3037 5232; x_wconf 89' lang='lat' dir='ltr'><strong>quod</strong></span> <span class='ocrx_word' id='word_1_911' title='bbox 3063 5168 3316 5223; x_wconf 88' lang='lat' dir='ltr'><strong>mutetur,</strong></span> <span class='ocrx_word' id='word_1_912' title='bbox 3344 5155 3486 5227; x_wconf 89' lang='lat' dir='ltr'><strong>quod</strong></span> <span class='ocrx_word' id='word_1_913' title='bbox 3513 5156 3565 5209; x_wconf 93' lang='lat' dir='ltr'><strong>in</strong></span> <span class='ocrx_word' id='word_1_914' title='bbox 3592 5169 3714 5208; x_wconf 80' lang='lat' dir='ltr'><strong>con-</strong></span> 
     </span>
    </p>
   </div>
   <div class='ocr_carea' id='block_1_115' title="bbox 2139 5251 3712 5322">
    <p class='ocr_par' dir='ltr' id='par_1_115' title="bbox 2139 5251 3712 5322">
     <span class='ocr_line' id='line_1_115' title="bbox 2139 5251 3712 5322; baseline -0.017 0"><span class='ocrx_word' id='word_1_915' title='bbox 2139 5268 2299 5322; x_wconf 88' lang='lat' dir='ltr'><strong>traria</strong></span> <span class='ocrx_word' id='word_1_916' title='bbox 2343 5268 2684 5319; x_wconf 86' lang='lat' dir='ltr'><strong>convertatur</strong></span> <span class='ocrx_word' id='word_1_917' title='bbox 2729 5275 2742 5312; x_wconf 94' lang='lat'><strong>:</strong></span> <span class='ocrx_word' id='word_1_918' title='bbox 2788 5257 2874 5310; x_wconf 89' lang='lat' dir='ltr'><strong>hic</strong></span> <span class='ocrx_word' id='word_1_919' title='bbox 2915 5263 3130 5319; x_wconf 88' lang='lat' dir='ltr'><strong>autem,</strong></span> <span class='ocrx_word' id='word_1_920' title='bbox 3173 5251 3316 5322; x_wconf 88' lang='lat' dir='ltr'><strong>quod</strong></span> <span class='ocrx_word' id='word_1_921' title='bbox 3356 5259 3413 5305; x_wconf 86' lang='lat' dir='ltr'><strong>et</strong></span> <span class='ocrx_word' id='word_1_922' title='bbox 3452 5264 3573 5318; x_wconf 73' lang='lat' dir='ltr'><strong>qua:</strong></span> <span class='ocrx_word' id='word_1_923' title='bbox 3614 5261 3712 5299; x_wconf 83' lang='lat' dir='ltr'><strong>non</strong></span> 
     </span>
    </p>
   </div>
   <div class='ocr_carea' id='block_1_116' title="bbox 2204 5379 3713 5462">
    <p class='ocr_par' dir='ltr' id='par_1_116' title="bbox 2204 5379 3713 5462">
     <span class='ocr_line' id='line_1_116' title="bbox 2204 5379 3713 5462; baseline -0.018 -12"><span class='ocrx_word' id='word_1_924' title='bbox 2204 5404 2219 5435; x_wconf 78' lang='grc' dir='ltr'><strong>ι</strong></span> <span class='ocrx_word' id='word_1_925' title='bbox 2255 5400 2554 5462; x_wconf 80' lang='lat' dir='ltr'><strong>Scripsimus,</strong></span> <span class='ocrx_word' id='word_1_926' title='bbox 2575 5403 2670 5462; x_wconf 87' lang='lat' dir='ltr'><strong>non</strong></span> <span class='ocrx_word' id='word_1_927' title='bbox 2693 5392 2956 5462; x_wconf 77' lang='lat' dir='ltr'><strong>consumat,</strong></span> <span class='ocrx_word' id='word_1_928' title='bbox 2978 5398 3090 5436; x_wconf 87' lang='lat' dir='ltr'><strong>cum</strong></span> <span class='ocrx_word' id='word_1_929' title='bbox 3111 5381 3294 5442; x_wconf 73' lang='lat' dir='ltr'><strong>Morel.,</strong></span> <span class='ocrx_word' id='word_1_930' title='bbox 3318 5379 3460 5431; x_wconf 79' lang='lat' dir='ltr'><strong>Saril.</strong></span> <span class='ocrx_word' id='word_1_931' title='bbox 3485 5387 3538 5430; x_wconf 89' lang='lat' dir='ltr'><strong>et</strong></span> <span class='ocrx_word' id='word_1_932' title='bbox 3566 5379 3713 5428; x_wconf 73' lang='lat' dir='ltr'><strong>inter-</strong></span> 
     </span>
    </p>
   </div>
   <div class='ocr_carea' id='block_1_117' title="bbox 2144 5456 3344 5528">
    <p class='ocr_par' dir='ltr' id='par_1_117' title="bbox 2144 5456 3344 5528">
     <span class='ocr_line' id='line_1_117' title="bbox 2144 5456 3344 5528; baseline -0.008 -20"><span class='ocrx_word' id='word_1_933' title='bbox 2144 5456 2603 5528; x_wconf 69' lang='lat' dir='ltr'><strong>prete;_t\totttcl&#39;._et</strong></span> <span class='ocrx_word' id='word_1_934' title='bbox 2625 5456 2916 5528; x_wconf 67' lang='lat' dir='ltr'><strong>consumat._</strong></span> <span class='ocrx_word' id='word_1_935' title='bbox 2945 5508 3233 5528; x_wconf 41' lang='grc' dir='ltr'><strong>Δηώ-ε.-.-</strong></span> <span class='ocrx_word' id='word_1_936' title='bbox 3286 5504 3344 5528; x_wconf 53' lang='grc' dir='ltr'>ω</span> 
     </span>
    </p>
   </div>
   <div class='ocr_carea' id='block_1_118' title="bbox 2207 5505 3714 5587">
    <p class='ocr_par' dir='ltr' id='par_1_118' title="bbox 2207 5505 3714 5587">
     <span class='ocr_line' id='line_1_118' title="bbox 2207 5505 3714 5587; baseline 0.001 -1"><span class='ocrx_word' id='word_1_937' title='bbox 2207 5505 2284 5587; x_wconf 62' lang='lat' dir='ltr'><strong>illi</strong></span> <span class='ocrx_word' id='word_1_938' title='bbox 2299 5505 2603 5587; x_wconf 56' lang='grc' dir='ltr'><strong>’[ὺὶέέὺέθὲίε</strong></span> <span class='ocrx_word' id='word_1_939' title='bbox 2623 5526 2802 5587; x_wconf 60' lang='lat' dir='ltr'><strong>“om?”</strong></span> <span class='ocrx_word' id='word_1_940' title='bbox 2825 5523 2922 5560; x_wconf 66' lang='grc' dir='ltr'><strong>που</strong></span> <span class='ocrx_word' id='word_1_941' title='bbox 2943 5505 3714 5587; x_wconf 49' lang='lat' dir='ltr'><strong>anPfiﬁt-J‘LWEﬁi&#39;lﬁfi?</strong></span> 
     </span>
    </p>
   </div>
   <div class='ocr_carea' id='block_1_119' title="bbox 2143 5565 3714 5650">
    <p class='ocr_par' dir='ltr' id='par_1_119' title="bbox 2143 5565 3714 5650">
     <span class='ocr_line' id='line_1_119' title="bbox 2143 5565 3714 5650; baseline -0.018 -13"><span class='ocrx_word' id='word_1_942' title='bbox 2143 5565 2414 5650; x_wconf 49' lang='lat' dir='ltr'><strong>Atj‘tilllzi-fl‘i:,‘</strong></span> <span class='ocrx_word' id='word_1_943' title='bbox 2424 5565 2507 5630; x_wconf 61' lang='lat' dir='ltr'><strong>aut</strong></span> <span class='ocrx_word' id='word_1_944' title='bbox 2520 5565 2862 5650; x_wconf 25' lang='lat' dir='ltr'><strong>iéymtnacltunt</strong></span> <span class='ocrx_word' id='word_1_945' title='bbox 2876 5609 2890 5630; x_wconf 91' lang='lat'><strong>,</strong></span> <span class='ocrx_word' id='word_1_946' title='bbox 2929 5572 3022 5650; x_wconf 47' lang='lat' dir='ltr'><strong>vel.</strong></span> <span class='ocrx_word' id='word_1_947' title='bbox 3043 5565 3714 5650; x_wconf 60' lang='lat' dir='ltr'><strong>ips</strong></span> 
     </span>
    </p>
   </div>
   <div class='ocr_carea' id='block_1_120' title="bbox 2144 5624 3714 5701">
    <p class='ocr_par' dir='ltr' id='par_1_120' title="bbox 2144 5624 3714 5701">
     <span class='ocr_line' id='line_1_120' title="bbox 2144 5624 3714 5701; baseline -0.019 -3"><span class='ocrx_word' id='word_1_948' title='bbox 2144 5624 2674 5698; x_wconf 57' lang='lat' dir='ltr'><strong>FESJt&#39;ciéit’m&#39;éés‘e‘vet</strong></span> <span class='ocrx_word' id='word_1_949' title='bbox 2697 5624 2906 5701; x_wconf 57' lang='lat' dir='ltr'><strong>quintio,</strong></span> <span class='ocrx_word' id='word_1_950' title='bbox 2945 5631 3028 5683; x_wconf 87' lang='lat' dir='ltr'><strong>vel</strong></span> <span class='ocrx_word' id='word_1_951' title='bbox 3057 5637 3240 5689; x_wconf 76' lang='lat' dir='ltr'><strong>sextae,</strong></span> <span class='ocrx_word' id='word_1_952' title='bbox 3273 5627 3354 5678; x_wconf 75' lang='lat' dir='ltr'><strong>vel</strong></span> <span class='ocrx_word' id='word_1_953' title='bbox 3376 5628 3596 5687; x_wconf 80' lang='lat' dir='ltr'><strong>septima:</strong></span> <span class='ocrx_word' id='word_1_954' title='bbox 3619 5624 3714 5671; x_wconf 66' lang='lat' dir='ltr'><strong>tul;-</strong></span> 
     </span>
    </p>
   </div>
   <div class='ocr_carea' id='block_1_121' title="bbox 2149 5712 2306 5763">
    <p class='ocr_par' dir='ltr' id='par_1_121' title="bbox 2149 5712 2306 5763">
     <span class='ocr_line' id='line_1_121' title="bbox 2149 5712 2306 5763; baseline -0.032 0"><span class='ocrx_word' id='word_1_955' title='bbox 2149 5712 2306 5763; x_wconf 85' lang='lat' dir='ltr'><strong>tionis.</strong></span> 
     </span>
    </p>
   </div>
  </div>
