  <div class='ocr_page' id='page_1' title='image "/cluster/home/n/w/nwhite01/storage/ocr_20150623/55/mdp.39015028539511/480.png"; bbox 0 0 4012 6280; ppageno 0'>
   <div class='ocr_carea' id='block_1_1' title="bbox 376 422 478 477">
    <p class='ocr_par' dir='ltr' id='par_1_1' title="bbox 376 422 478 477">
     <span class='ocr_line' id='line_1_1' title="bbox 376 422 478 477; baseline 0.02 -2"><span class='ocrx_word' id='word_1_1' title='bbox 376 422 478 477; x_wconf 71' lang='grc' dir='ltr'>48Ἰ</span> 
     </span>
    </p>
   </div>
   <div class='ocr_carea' id='block_1_2' title="bbox 380 531 1946 608">
    <p class='ocr_par' dir='ltr' id='par_1_2' title="bbox 380 531 1946 608">
     <span class='ocr_line' id='line_1_2' title="bbox 380 531 1946 608; baseline -0.004 -17"><span class='ocrx_word' id='word_1_2' title='bbox 380 552 522 608; x_wconf 82' lang='grc' dir='ltr'>σαρα</span> <span class='ocrx_word' id='word_1_3' title='bbox 546 553 558 565; x_wconf 97' lang='grc'><strong>·</strong></span> <span class='ocrx_word' id='word_1_4' title='bbox 583 535 664 589; x_wconf 76' lang='grc' dir='ltr'>ὅτι</span> <span class='ocrx_word' id='word_1_5' title='bbox 686 551 746 588; x_wconf 86' lang='grc' dir='ltr'>τε</span> <span class='ocrx_word' id='word_1_6' title='bbox 779 532 1022 604; x_wconf 70' lang='grc' dir='ltr'>ἐποίησε,</span> <span class='ocrx_word' id='word_1_7' title='bbox 1046 531 1139 586; x_wconf 74' lang='grc' dir='ltr'>καὶ</span> <span class='ocrx_word' id='word_1_8' title='bbox 1166 532 1225 599; x_wconf 75' lang='grc' dir='ltr'>ἐξ</span> <span class='ocrx_word' id='word_1_9' title='bbox 1252 532 1351 586; x_wconf 86' lang='grc' dir='ltr'>οὐκ</span> <span class='ocrx_word' id='word_1_10' title='bbox 1382 532 1550 586; x_wconf 76' lang='grc' dir='ltr'>ὅντων</span> <span class='ocrx_word' id='word_1_11' title='bbox 1578 533 1822 604; x_wconf 71' lang='grc' dir='ltr'>ἐποίησε,</span> <span class='ocrx_word' id='word_1_12' title='bbox 1850 531 1946 587; x_wconf 70' lang='grc' dir='ltr'>καὶ⁵</span> 
     </span>
    </p>
   </div>
   <div class='ocr_carea' id='block_1_3' title="bbox 378 627 1947 704">
    <p class='ocr_par' dir='ltr' id='par_1_3' title="bbox 378 627 1947 704">
     <span class='ocr_line' id='line_1_3' title="bbox 378 627 1947 704; baseline -0.003 -20"><span class='ocrx_word' id='word_1_13' title='bbox 378 632 499 704; x_wconf 82' lang='grc' dir='ltr'>μετ’</span> <span class='ocrx_word' id='word_1_14' title='bbox 535 629 786 693; x_wconf 76' lang='grc' dir='ltr'>εὐκολίας</span> <span class='ocrx_word' id='word_1_15' title='bbox 815 628 1069 700; x_wconf 75' lang='grc' dir='ltr'>ἐποίησε,</span> <span class='ocrx_word' id='word_1_16' title='bbox 1098 629 1193 683; x_wconf 74' lang='grc' dir='ltr'>καὶ</span> <span class='ocrx_word' id='word_1_17' title='bbox 1233 628 1498 699; x_wconf 87' lang='grc' dir='ltr'>γενόμενα</span> <span class='ocrx_word' id='word_1_18' title='bbox 1537 628 1839 700; x_wconf 79' lang='grc' dir='ltr'>διακρατεῖ.</span> <span class='ocrx_word' id='word_1_19' title='bbox 1873 627 1947 680; x_wconf 81' lang='grc' dir='ltr'>Τὸ</span> 
     </span>
    </p>
   </div>
   <div class='ocr_carea' id='block_1_4' title="bbox 378 721 1944 802">
    <p class='ocr_par' dir='ltr' id='par_1_4' title="bbox 378 721 1944 802">
     <span class='ocr_line' id='line_1_4' title="bbox 378 721 1944 802; baseline -0.004 -18"><span class='ocrx_word' id='word_1_20' title='bbox 378 730 479 802; x_wconf 69' lang='grc' dir='ltr'>μὲν</span> <span class='ocrx_word' id='word_1_21' title='bbox 508 730 617 799; x_wconf 85' lang='grc' dir='ltr'>γὰρ</span> <span class='ocrx_word' id='word_1_22' title='bbox 659 728 869 792; x_wconf 82' lang='grc' dir='ltr'>εἰπεῖν,</span> <span class='ocrx_word' id='word_1_23' title='bbox 912 724 1105 792; x_wconf 76' lang='grc' dir='ltr'>Αὐτὸς</span> <span class='ocrx_word' id='word_1_24' title='bbox 1134 721 1264 779; x_wconf 79' lang='grc' dir='ltr'>εἷπε</span> <span class='ocrx_word' id='word_1_25' title='bbox 1285 765 1299 789; x_wconf 91' lang='grc'>,</span> <span class='ocrx_word' id='word_1_26' title='bbox 1340 726 1440 797; x_wconf 85' lang='grc' dir='ltr'>τὴν</span> <span class='ocrx_word' id='word_1_27' title='bbox 1483 724 1731 778; x_wconf 80' lang='grc' dir='ltr'>εὐκολίαν</span> <span class='ocrx_word' id='word_1_28' title='bbox 1762 723 1944 796; x_wconf 75' lang='grc' dir='ltr'>δηλοῖ·</span> 
     </span>
    </p>
   </div>
   <div class='ocr_carea' id='block_1_5' title="bbox 375 820 1947 893">
    <p class='ocr_par' dir='ltr' id='par_1_5' title="bbox 375 820 1947 893">
     <span class='ocr_line' id='line_1_5' title="bbox 375 820 1947 893; baseline -0.004 -13"><span class='ocrx_word' id='word_1_29' title='bbox 375 828 451 890; x_wconf 83' lang='grc' dir='ltr'>ὡς</span> <span class='ocrx_word' id='word_1_30' title='bbox 469 825 565 879; x_wconf 75' lang='grc' dir='ltr'>καὶ</span> <span class='ocrx_word' id='word_1_31' title='bbox 581 823 792 886; x_wconf 89' lang='grc' dir='ltr'>Παῦλος</span> <span class='ocrx_word' id='word_1_32' title='bbox 811 820 983 893; x_wconf 84' lang='grc' dir='ltr'>δηλῶν</span> <span class='ocrx_word' id='word_1_33' title='bbox 1012 821 1165 891; x_wconf 75' lang='grc' dir='ltr'>ἔλεγε</span> <span class='ocrx_word' id='word_1_34' title='bbox 1180 839 1194 851; x_wconf 79' lang='grc'><em>’</em></span> <span class='ocrx_word' id='word_1_35' title='bbox 1218 821 1327 876; x_wconf 85' lang='grc' dir='ltr'>Τοῦ</span> <span class='ocrx_word' id='word_1_36' title='bbox 1355 821 1779 887; x_wconf 76' lang='grc' dir='ltr'>ζωοποιοῦντος</span> <span class='ocrx_word' id='word_1_37' title='bbox 1804 821 1947 887; x_wconf 85' lang='grc' dir='ltr'>τοὺς</span> 
     </span>
    </p>
   </div>
   <div class='ocr_carea' id='block_1_6' title="bbox 376 903 1946 990">
    <p class='ocr_par' dir='ltr' id='par_1_6' title="bbox 376 903 1946 990">
     <span class='ocr_line' id='line_1_6' title="bbox 376 903 1946 990; baseline -0.003 -14"><span class='ocrx_word' id='word_1_38' title='bbox 376 919 648 990; x_wconf 80' lang='grc' dir='ltr'>νεκροὺς,</span> <span class='ocrx_word' id='word_1_39' title='bbox 671 918 771 973; x_wconf 75' lang='grc' dir='ltr'>καί</span> <span class='ocrx_word' id='word_1_40' title='bbox 799 903 1133 984; x_wconf 76' lang='grc' dir='ltr'>καλοῦντος</span> <span class='ocrx_word' id='word_1_41' title='bbox 1162 917 1234 971; x_wconf 84' lang='grc' dir='ltr'>τὰ</span> <span class='ocrx_word' id='word_1_42' title='bbox 1258 916 1345 986; x_wconf 78' lang='grc' dir='ltr'>μὴ</span> <span class='ocrx_word' id='word_1_43' title='bbox 1376 914 1521 970; x_wconf 82' lang='grc' dir='ltr'>ὄντα</span> <span class='ocrx_word' id='word_1_44' title='bbox 1546 917 1627 982; x_wconf 84' lang='grc' dir='ltr'>ὡς</span> <span class='ocrx_word' id='word_1_45' title='bbox 1663 916 1804 971; x_wconf 76' lang='grc' dir='ltr'>ὄντα</span> <span class='ocrx_word' id='word_1_46' title='bbox 1822 934 1836 947; x_wconf 89' lang='grc'><strong>·</strong></span> <span class='ocrx_word' id='word_1_47' title='bbox 1867 916 1946 989; x_wconf 82' lang='grc' dir='ltr'>τῷ</span> 
     </span>
    </p>
   </div>
   <div class='ocr_carea' id='block_1_7' title="bbox 375 1014 1941 1089">
    <p class='ocr_par' dir='ltr' id='par_1_7' title="bbox 375 1014 1941 1089">
     <span class='ocr_line' id='line_1_7' title="bbox 375 1014 1941 1089; baseline 0.001 -19"><span class='ocrx_word' id='word_1_48' title='bbox 375 1017 598 1089; x_wconf 74' lang='grc' dir='ltr'>ὀνόματι</span> <span class='ocrx_word' id='word_1_49' title='bbox 619 1017 717 1089; x_wconf 83' lang='grc' dir='ltr'>τῆς</span> <span class='ocrx_word' id='word_1_50' title='bbox 736 1015 980 1086; x_wconf 83' lang='grc' dir='ltr'>κλήσεως</span> <span class='ocrx_word' id='word_1_51' title='bbox 1000 1014 1097 1086; x_wconf 82' lang='grc' dir='ltr'>τὴν</span> <span class='ocrx_word' id='word_1_52' title='bbox 1119 1014 1368 1070; x_wconf 75' lang='grc' dir='ltr'>εὐκολίαν</span> <span class='ocrx_word' id='word_1_53' title='bbox 1394 1016 1528 1086; x_wconf 84' lang='grc' dir='ltr'>ἡμῖν</span> <span class='ocrx_word' id='word_1_54' title='bbox 1557 1015 1941 1086; x_wconf 74' lang='grc' dir='ltr'>αἰνιττόμενος.</span> 
     </span>
    </p>
   </div>
   <div class='ocr_carea' id='block_1_8' title="bbox 379 1109 1946 1181">
    <p class='ocr_par' dir='ltr' id='par_1_8' title="bbox 379 1109 1946 1181">
     <span class='ocr_line' id='line_1_8' title="bbox 379 1109 1946 1181; baseline -0.003 -15"><span class='ocrx_word' id='word_1_55' title='bbox 379 1113 502 1166; x_wconf 86' lang='grc' dir='ltr'>Ὅτι</span> <span class='ocrx_word' id='word_1_56' title='bbox 527 1112 583 1166; x_wconf 81' lang='grc' dir='ltr'>δὲ</span> <span class='ocrx_word' id='word_1_57' title='bbox 619 1113 713 1167; x_wconf 79' lang='grc' dir='ltr'>καὶ</span> <span class='ocrx_word' id='word_1_58' title='bbox 759 1110 1026 1181; x_wconf 87' lang='grc' dir='ltr'>γενόμενα</span> <span class='ocrx_word' id='word_1_59' title='bbox 1064 1109 1365 1180; x_wconf 85' lang='grc' dir='ltr'>διακρατεῖ,</span> <span class='ocrx_word' id='word_1_60' title='bbox 1392 1109 1557 1173; x_wconf 81' lang='grc' dir='ltr'>αὐτὸς</span> <span class='ocrx_word' id='word_1_61' title='bbox 1585 1110 1615 1162; x_wconf 86' lang='grc' dir='ltr'>ὁ</span> <span class='ocrx_word' id='word_1_62' title='bbox 1661 1111 1946 1181; x_wconf 78' lang='grc' dir='ltr'>προφήτης</span> 
     </span>
    </p>
   </div>
   <div class='ocr_carea' id='block_1_9' title="bbox 376 1202 1946 1272">
    <p class='ocr_par' dir='ltr' id='par_1_9' title="bbox 376 1202 1946 1272">
     <span class='ocr_line' id='line_1_9' title="bbox 376 1202 1946 1272; baseline -0.003 -12"><span class='ocrx_word' id='word_1_63' title='bbox 376 1207 538 1261; x_wconf 83' lang='grc' dir='ltr'>πάλιν</span> <span class='ocrx_word' id='word_1_64' title='bbox 567 1205 836 1259; x_wconf 84' lang='grc' dir='ltr'>δείκνυσιν</span> <span class='ocrx_word' id='word_1_65' title='bbox 864 1202 1180 1272; x_wconf 77' lang='grc' dir='ltr'>ἐπαγαγὼν,</span> <span class='ocrx_word' id='word_1_66' title='bbox 1210 1205 1516 1271; x_wconf 75' lang='grc' dir='ltr'>Ἕστησεν</span> <span class='ocrx_word' id='word_1_67' title='bbox 1541 1203 1695 1258; x_wconf 78' lang='grc' dir='ltr'>αὐτὰ</span> <span class='ocrx_word' id='word_1_68' title='bbox 1726 1205 1813 1268; x_wconf 83' lang='grc' dir='ltr'>εἰς</span> <span class='ocrx_word' id='word_1_69' title='bbox 1838 1202 1946 1257; x_wconf 78' lang='grc' dir='ltr'>τὸν</span> 
     </span>
    </p>
   </div>
   <div class='ocr_carea' id='block_1_10' title="bbox 377 1296 1946 1366">
    <p class='ocr_par' dir='ltr' id='par_1_10' title="bbox 377 1296 1946 1366">
     <span class='ocr_line' id='line_1_10' title="bbox 377 1296 1946 1366; baseline -0.002 -12"><span class='ocrx_word' id='word_1_70' title='bbox 377 1299 581 1365; x_wconf 78' lang='grc' dir='ltr'>αὶῶνα,</span> <span class='ocrx_word' id='word_1_71' title='bbox 609 1299 708 1354; x_wconf 82' lang='grc' dir='ltr'>καί</span> <span class='ocrx_word' id='word_1_72' title='bbox 736 1302 824 1366; x_wconf 82' lang='grc' dir='ltr'>είς</span> <span class='ocrx_word' id='word_1_73' title='bbox 848 1299 955 1353; x_wconf 78' lang='grc' dir='ltr'>τὸν</span> <span class='ocrx_word' id='word_1_74' title='bbox 982 1297 1168 1352; x_wconf 76' lang='grc' dir='ltr'>αἰῶνα</span> <span class='ocrx_word' id='word_1_75' title='bbox 1192 1297 1301 1353; x_wconf 81' lang='grc' dir='ltr'>τοῦ</span> <span class='ocrx_word' id='word_1_76' title='bbox 1328 1296 1560 1363; x_wconf 76' lang='grc' dir='ltr'>αἰῶνος.</span> <span class='ocrx_word' id='word_1_77' title='bbox 1591 1297 1946 1366; x_wconf 79' lang='grc' dir='ltr'>Πρόσταγμα</span> 
     </span>
    </p>
   </div>
   <div class='ocr_carea' id='block_1_11' title="bbox 376 1391 1947 1465">
    <p class='ocr_par' dir='ltr' id='par_1_11' title="bbox 376 1391 1947 1465">
     <span class='ocr_line' id='line_1_11' title="bbox 376 1391 1947 1465; baseline -0.005 -12"><span class='ocrx_word' id='word_1_78' title='bbox 376 1400 564 1465; x_wconf 76' lang='grc' dir='ltr'>ἔθετο,</span> <span class='ocrx_word' id='word_1_79' title='bbox 589 1396 687 1452; x_wconf 84' lang='grc' dir='ltr'>καί</span> <span class='ocrx_word' id='word_1_80' title='bbox 705 1397 778 1450; x_wconf 87' lang='grc' dir='ltr'>οὐ</span> <span class='ocrx_word' id='word_1_81' title='bbox 811 1395 1261 1463; x_wconf 73' lang='grc' dir='ltr'>παρελεύσεται.</span> <span class='ocrx_word' id='word_1_82' title='bbox 1291 1393 1436 1465; x_wconf 86' lang='grc' dir='ltr'>Ὅρα</span> <span class='ocrx_word' id='word_1_83' title='bbox 1463 1391 1557 1446; x_wconf 78' lang='grc' dir='ltr'>καὶ</span> <span class='ocrx_word' id='word_1_84' title='bbox 1582 1391 1814 1447; x_wconf 71' lang='grc' dir='ltr'>ἐνταῦθα</span> <span class='ocrx_word' id='word_1_85' title='bbox 1842 1393 1947 1446; x_wconf 87' lang='grc' dir='ltr'>πά-</span> 
     </span>
    </p>
   </div>
   <div class='ocr_carea' id='block_1_12' title="bbox 375 1487 1942 1565">
    <p class='ocr_par' dir='ltr' id='par_1_12' title="bbox 375 1487 1942 1565">
     <span class='ocr_line' id='line_1_12' title="bbox 375 1487 1942 1565; baseline -0.004 -18"><span class='ocrx_word' id='word_1_86' title='bbox 375 1494 462 1547; x_wconf 92' lang='grc' dir='ltr'>λιν</span> <span class='ocrx_word' id='word_1_87' title='bbox 492 1493 591 1565; x_wconf 79' lang='grc' dir='ltr'>τὴν</span> <span class='ocrx_word' id='word_1_88' title='bbox 629 1490 898 1557; x_wconf 72' lang='grc' dir='ltr'>ἐξουσίαν,</span> <span class='ocrx_word' id='word_1_89' title='bbox 930 1488 1029 1560; x_wconf 83' lang='grc' dir='ltr'>τήν</span> <span class='ocrx_word' id='word_1_90' title='bbox 1059 1488 1345 1543; x_wconf 87' lang='grc' dir='ltr'>αὐθεντίαν</span> <span class='ocrx_word' id='word_1_91' title='bbox 1381 1487 1499 1551; x_wconf 79' lang='grc' dir='ltr'>πῶς</span> <span class='ocrx_word' id='word_1_92' title='bbox 1538 1487 1942 1560; x_wconf 81' lang='grc' dir='ltr'>παρεδήλωσεν,</span> 
     </span>
    </p>
   </div>
   <div class='ocr_carea' id='block_1_13' title="bbox 373 1577 1945 1657">
    <p class='ocr_par' dir='ltr' id='par_1_13' title="bbox 373 1577 1945 1657">
     <span class='ocr_line' id='line_1_13' title="bbox 373 1577 1945 1657; baseline -0.006 -17"><span class='ocrx_word' id='word_1_93' title='bbox 373 1587 436 1640; x_wconf 86' lang='grc' dir='ltr'>οὐ</span> <span class='ocrx_word' id='word_1_94' title='bbox 481 1584 560 1657; x_wconf 81' lang='grc' dir='ltr'>τῷ</span> <span class='ocrx_word' id='word_1_95' title='bbox 592 1586 781 1655; x_wconf 78' lang='grc' dir='ltr'>στῆναι</span> <span class='ocrx_word' id='word_1_96' title='bbox 808 1595 835 1624; x_wconf 80' lang='grc' dir='ltr'>ι</span> <span class='ocrx_word' id='word_1_97' title='bbox 879 1582 1058 1653; x_wconf 84' lang='grc' dir='ltr'>μόνον,</span> <span class='ocrx_word' id='word_1_98' title='bbox 1100 1578 1239 1635; x_wconf 85' lang='grc' dir='ltr'>ἀλλά</span> <span class='ocrx_word' id='word_1_99' title='bbox 1269 1578 1367 1633; x_wconf 76' lang='grc' dir='ltr'>καὶ</span> <span class='ocrx_word' id='word_1_100' title='bbox 1397 1577 1475 1649; x_wconf 84' lang='grc' dir='ltr'>τῷ</span> <span class='ocrx_word' id='word_1_101' title='bbox 1500 1580 1674 1632; x_wconf 85' lang='grc' dir='ltr'>εἰπεῖν</span> <span class='ocrx_word' id='word_1_102' title='bbox 1693 1617 1707 1642; x_wconf 91' lang='grc'>,</span> <span class='ocrx_word' id='word_1_103' title='bbox 1751 1578 1945 1645; x_wconf 67' lang='lat' dir='ltr'>Hdeo</span> 
     </span>
    </p>
   </div>
   <div class='ocr_carea' id='block_1_14' title="bbox 375 1671 1945 1750">
    <p class='ocr_par' dir='ltr' id='par_1_14' title="bbox 375 1671 1945 1750">
     <span class='ocr_line' id='line_1_14' title="bbox 375 1671 1945 1750; baseline -0.006 -14"><span class='ocrx_word' id='word_1_104' title='bbox 375 1696 587 1750; x_wconf 82' lang='grc' dir='ltr'>ταγμα,</span> <span class='ocrx_word' id='word_1_105' title='bbox 604 1680 722 1742; x_wconf 78' lang='grc' dir='ltr'>ταῖς</span> <span class='ocrx_word' id='word_1_106' title='bbox 743 1676 1112 1748; x_wconf 81' lang='grc' dir='ltr'>ἀνθρωπίναις</span> <span class='ocrx_word' id='word_1_107' title='bbox 1143 1674 1321 1739; x_wconf 79' lang='grc' dir='ltr'>λέξεσι</span> <span class='ocrx_word' id='word_1_108' title='bbox 1339 1674 1439 1745; x_wconf 81' lang='grc' dir='ltr'>τήν</span> <span class='ocrx_word' id='word_1_109' title='bbox 1467 1672 1746 1745; x_wconf 72' lang='grc' dir='ltr'>ἐνέργειαν</span> <span class='ocrx_word' id='word_1_110' title='bbox 1778 1671 1945 1729; x_wconf 81' lang='grc' dir='ltr'>αὐτοῦ</span> 
     </span>
    </p>
   </div>
   <div class='ocr_carea' id='block_1_15' title="bbox 375 1760 1948 1847">
    <p class='ocr_par' dir='ltr' id='par_1_15' title="bbox 375 1760 1948 1847">
     <span class='ocr_line' id='line_1_15' title="bbox 375 1760 1948 1847; baseline -0.003 -21"><span class='ocrx_word' id='word_1_111' title='bbox 375 1774 722 1847; x_wconf 81' lang='grc' dir='ltr'>παραδηλῶν.</span> <span class='ocrx_word' id='word_1_112' title='bbox 753 1773 961 1843; x_wconf 80' lang='grc' dir='ltr'>Ὠσπερ</span> <span class='ocrx_word' id='word_1_113' title='bbox 1004 1770 1114 1841; x_wconf 81' lang='grc' dir='ltr'>γὰρ</span> <span class='ocrx_word' id='word_1_114' title='bbox 1152 1769 1235 1823; x_wconf 82' lang='grc' dir='ltr'>σο).</span> <span class='ocrx_word' id='word_1_115' title='bbox 1270 1769 1332 1822; x_wconf 84' lang='grc' dir='ltr'>τὸ</span> <span class='ocrx_word' id='word_1_116' title='bbox 1375 1769 1553 1821; x_wconf 87' lang='grc' dir='ltr'>εἰπεῖν</span> <span class='ocrx_word' id='word_1_117' title='bbox 1578 1760 1818 1833; x_wconf 75' lang='grc' dir='ltr'>εὔκολον,</span> <span class='ocrx_word' id='word_1_118' title='bbox 1850 1768 1948 1824; x_wconf 78' lang='grc' dir='ltr'>καὶ</span> 
     </span>
    </p>
   </div>
   <div class='ocr_carea' id='block_1_16' title="bbox 373 1864 1948 1942">
    <p class='ocr_par' dir='ltr' id='par_1_16' title="bbox 373 1864 1948 1942">
     <span class='ocr_line' id='line_1_16' title="bbox 373 1864 1948 1942; baseline -0.003 -17"><span class='ocrx_word' id='word_1_119' title='bbox 373 1872 436 1925; x_wconf 76' lang='grc' dir='ltr'>τὸ</span> <span class='ocrx_word' id='word_1_120' title='bbox 464 1869 756 1942; x_wconf 79' lang='grc' dir='ltr'>προστάξαι</span> <span class='ocrx_word' id='word_1_121' title='bbox 794 1867 1005 1939; x_wconf 77' lang='grc' dir='ltr'>ῥᾴδιονο</span> <span class='ocrx_word' id='word_1_122' title='bbox 1040 1865 1184 1921; x_wconf 77' lang='grc' dir='ltr'>οὕτω</span> <span class='ocrx_word' id='word_1_123' title='bbox 1210 1864 1298 1937; x_wconf 79' lang='grc' dir='ltr'>τῷ</span> <span class='ocrx_word' id='word_1_124' title='bbox 1334 1864 1454 1938; x_wconf 85' lang='grc' dir='ltr'>Θεῷ</span> <span class='ocrx_word' id='word_1_125' title='bbox 1497 1866 1558 1919; x_wconf 83' lang='grc' dir='ltr'>τὸ</span> <span class='ocrx_word' id='word_1_126' title='bbox 1596 1868 1820 1935; x_wconf 82' lang='grc' dir='ltr'>ποιῆσαι</span> <span class='ocrx_word' id='word_1_127' title='bbox 1845 1865 1948 1920; x_wconf 84' lang='grc' dir='ltr'>οὐκ</span> 
     </span>
    </p>
   </div>
   <div class='ocr_carea' id='block_1_17' title="bbox 372 1959 1946 2035">
    <p class='ocr_par' dir='ltr' id='par_1_17' title="bbox 372 1959 1946 2035">
     <span class='ocr_line' id='line_1_17' title="bbox 372 1959 1946 2035; baseline -0.005 -14"><span class='ocrx_word' id='word_1_128' title='bbox 372 1968 532 2032; x_wconf 71' lang='grc' dir='ltr'>ὅντα,</span> <span class='ocrx_word' id='word_1_129' title='bbox 587 1966 683 2019; x_wconf 75' lang='grc' dir='ltr'>καὶ</span> <span class='ocrx_word' id='word_1_130' title='bbox 736 1963 1000 2035; x_wconf 87' lang='grc' dir='ltr'>γενόμενα</span> <span class='ocrx_word' id='word_1_131' title='bbox 1049 1962 1444 2033; x_wconf 66' lang='grc' dir='ltr'>διακρατῆσαν</span> <span class='ocrx_word' id='word_1_132' title='bbox 1496 1959 1696 2032; x_wconf 85' lang='grc' dir='ltr'>μᾶλλον</span> <span class='ocrx_word' id='word_1_133' title='bbox 1742 1960 1801 2014; x_wconf 83' lang='grc' dir='ltr'>δὲ</span> <span class='ocrx_word' id='word_1_134' title='bbox 1849 1961 1946 2032; x_wconf 85' lang='grc' dir='ltr'>οὐχ</span> 
     </span>
    </p>
   </div>
   <div class='ocr_carea' id='block_1_18' title="bbox 371 2056 1948 2130">
    <p class='ocr_par' dir='ltr' id='par_1_18' title="bbox 371 2056 1948 2130">
     <span class='ocr_line' id='line_1_18' title="bbox 371 2056 1948 2130; baseline -0.003 -12"><span class='ocrx_word' id='word_1_135' title='bbox 371 2062 566 2128; x_wconf 80' lang='grc' dir='ltr'>οὕτως,</span> <span class='ocrx_word' id='word_1_136' title='bbox 591 2056 727 2115; x_wconf 84' lang='grc' dir='ltr'>ἀλλά</span> <span class='ocrx_word' id='word_1_137' title='bbox 758 2059 851 2114; x_wconf 73' lang='grc' dir='ltr'>καὶ</span> <span class='ocrx_word' id='word_1_138' title='bbox 873 2057 1053 2130; x_wconf 83' lang='grc' dir='ltr'>πολλῷ</span> <span class='ocrx_word' id='word_1_139' title='bbox 1083 2058 1265 2112; x_wconf 80' lang='grc' dir='ltr'>πλέον.</span> <span class='ocrx_word' id='word_1_140' title='bbox 1295 2058 1429 2112; x_wconf 82' lang='grc' dir='ltr'>Οὐδὲ</span> <span class='ocrx_word' id='word_1_141' title='bbox 1459 2056 1568 2129; x_wconf 82' lang='grc' dir='ltr'>γὰρ</span> <span class='ocrx_word' id='word_1_142' title='bbox 1593 2058 1816 2113; x_wconf 86' lang='grc' dir='ltr'>δυνατὸν</span> <span class='ocrx_word' id='word_1_143' title='bbox 1840 2076 1948 2114; x_wconf 78' lang='grc' dir='ltr'>παο</span> 
     </span>
    </p>
   </div>
   <div class='ocr_carea' id='block_1_19' title="bbox 376 2150 1946 2231">
    <p class='ocr_par' dir='ltr' id='par_1_19' title="bbox 376 2150 1946 2231">
     <span class='ocr_line' id='line_1_19' title="bbox 376 2150 1946 2231; baseline 0 -21"><span class='ocrx_word' id='word_1_144' title='bbox 376 2159 642 2231; x_wconf 79' lang='grc' dir='ltr'>ραστῆσαι</span> <span class='ocrx_word' id='word_1_145' title='bbox 664 2157 763 2226; x_wconf 86' lang='grc' dir='ltr'>τῆς</span> <span class='ocrx_word' id='word_1_146' title='bbox 793 2155 1042 2218; x_wconf 76' lang='grc' dir='ltr'>εὐκολίας</span> <span class='ocrx_word' id='word_1_147' title='bbox 1061 2155 1159 2224; x_wconf 81' lang='grc' dir='ltr'>τὴν</span> <span class='ocrx_word' id='word_1_148' title='bbox 1188 2154 1514 2225; x_wconf 77' lang='grc' dir='ltr'>ὑπερϐολὴν,</span> <span class='ocrx_word' id='word_1_149' title='bbox 1538 2154 1654 2226; x_wconf 86' lang='grc' dir='ltr'>μεθ’</span> <span class='ocrx_word' id='word_1_150' title='bbox 1673 2150 1743 2228; x_wconf 85' lang='grc' dir='ltr'>ἦς</span> <span class='ocrx_word' id='word_1_151' title='bbox 1773 2156 1946 2210; x_wconf 89' lang='grc' dir='ltr'>ταῦτα</span> 
     </span>
    </p>
   </div>
   <div class='ocr_carea' id='block_1_20' title="bbox 370 2248 1948 2324">
    <p class='ocr_par' dir='ltr' id='par_1_20' title="bbox 370 2248 1948 2324">
     <span class='ocr_line' id='line_1_20' title="bbox 370 2248 1948 2324; baseline -0.003 -16"><span class='ocrx_word' id='word_1_152' title='bbox 370 2254 616 2324; x_wconf 77' lang='grc' dir='ltr'>εποίησε.</span> <span class='ocrx_word' id='word_1_153' title='bbox 653 2251 766 2305; x_wconf 87' lang='lat' dir='ltr'>Kal</span> <span class='ocrx_word' id='word_1_154' title='bbox 808 2249 871 2303; x_wconf 83' lang='grc' dir='ltr'>τὸ</span> <span class='ocrx_word' id='word_1_155' title='bbox 907 2249 972 2321; x_wconf 82' lang='grc' dir='ltr'>δή</span> <span class='ocrx_word' id='word_1_156' title='bbox 1010 2248 1357 2320; x_wconf 81' lang='grc' dir='ltr'>θαυμαστὸν,</span> <span class='ocrx_word' id='word_1_157' title='bbox 1402 2251 1499 2320; x_wconf 84' lang='grc' dir='ltr'>οὐχ</span> <span class='ocrx_word' id='word_1_158' title='bbox 1538 2249 1621 2304; x_wconf 85' lang='grc' dir='ltr'>δτι</span> <span class='ocrx_word' id='word_1_159' title='bbox 1666 2249 1948 2322; x_wconf 82' lang='grc' dir='ltr'>διακρατεί</span> 
     </span>
    </p>
   </div>
   <div class='ocr_carea' id='block_1_21' title="bbox 375 2334 1942 2420">
    <p class='ocr_par' dir='ltr' id='par_1_21' title="bbox 375 2334 1942 2420">
     <span class='ocr_line' id='line_1_21' title="bbox 375 2334 1942 2420; baseline -0.001 -17"><span class='ocrx_word' id='word_1_160' title='bbox 375 2349 556 2420; x_wconf 88' lang='grc' dir='ltr'>μόνον,</span> <span class='ocrx_word' id='word_1_161' title='bbox 578 2347 697 2401; x_wconf 79' lang='grc' dir='ltr'>οὐδὲ</span> <span class='ocrx_word' id='word_1_162' title='bbox 722 2346 804 2400; x_wconf 84' lang='grc' dir='ltr'>δτι</span> <span class='ocrx_word' id='word_1_163' title='bbox 827 2346 1121 2417; x_wconf 76' lang='grc' dir='ltr'>ἑστήκασιν</span> <span class='ocrx_word' id='word_1_164' title='bbox 1160 2347 1408 2416; x_wconf 87' lang='grc' dir='ltr'>ἀκίνητοι</span> <span class='ocrx_word' id='word_1_165' title='bbox 1439 2347 1492 2398; x_wconf 85' lang='grc' dir='ltr'>οί</span> <span class='ocrx_word' id='word_1_166' title='bbox 1526 2347 1680 2418; x_wconf 89' lang='grc' dir='ltr'>νόμοι</span> <span class='ocrx_word' id='word_1_167' title='bbox 1708 2334 1806 2416; x_wconf 78' lang='grc' dir='ltr'>τῆς</span> <span class='ocrx_word' id='word_1_168' title='bbox 1845 2346 1942 2416; x_wconf 83' lang='grc' dir='ltr'>φύ-</span> 
     </span>
    </p>
   </div>
   <div class='ocr_carea' id='block_1_22' title="bbox 373 2441 1948 2513">
    <p class='ocr_par' dir='ltr' id='par_1_22' title="bbox 373 2441 1948 2513">
     <span class='ocr_line' id='line_1_22' title="bbox 373 2441 1948 2513; baseline 0 -16"><span class='ocrx_word' id='word_1_169' title='bbox 373 2459 533 2510; x_wconf 76' lang='grc' dir='ltr'>σεως,</span> <span class='ocrx_word' id='word_1_170' title='bbox 563 2443 678 2497; x_wconf 84' lang='grc' dir='ltr'>ἀλλ’</span> <span class='ocrx_word' id='word_1_171' title='bbox 704 2444 788 2496; x_wconf 82' lang='grc' dir='ltr'>ὅτι</span> <span class='ocrx_word' id='word_1_172' title='bbox 826 2442 922 2495; x_wconf 80' lang='grc' dir='ltr'>καὶ</span> <span class='ocrx_word' id='word_1_173' title='bbox 949 2441 1141 2512; x_wconf 85' lang='grc' dir='ltr'>χρόνον</span> <span class='ocrx_word' id='word_1_174' title='bbox 1184 2441 1357 2506; x_wconf 75' lang='grc' dir='ltr'>οὕτως</span> <span class='ocrx_word' id='word_1_175' title='bbox 1377 2442 1623 2513; x_wconf 80' lang='grc' dir='ltr'>ἄπειρον.</span> <span class='ocrx_word' id='word_1_176' title='bbox 1665 2442 1948 2513; x_wconf 81' lang='grc' dir='ltr'>Ἐννόησον</span> 
     </span>
    </p>
   </div>
   <div class='ocr_carea' id='block_1_23' title="bbox 371 2537 1944 2610">
    <p class='ocr_par' dir='ltr' id='par_1_23' title="bbox 371 2537 1944 2610">
     <span class='ocr_line' id='line_1_23' title="bbox 371 2537 1944 2610; baseline 0.001 -17"><span class='ocrx_word' id='word_1_177' title='bbox 371 2539 503 2608; x_wconf 89' lang='grc' dir='ltr'>γοῦν</span> <span class='ocrx_word' id='word_1_178' title='bbox 529 2540 695 2603; x_wconf 82' lang='grc' dir='ltr'>πόσος</span> <span class='ocrx_word' id='word_1_179' title='bbox 738 2537 893 2602; x_wconf 78' lang='grc' dir='ltr'>αἰὼν,</span> <span class='ocrx_word' id='word_1_180' title='bbox 924 2538 1021 2592; x_wconf 77' lang='grc' dir='ltr'>καὶ</span> <span class='ocrx_word' id='word_1_181' title='bbox 1048 2538 1203 2592; x_wconf 86' lang='grc' dir='ltr'>οὐδὲν</span> <span class='ocrx_word' id='word_1_182' title='bbox 1229 2538 1495 2610; x_wconf 80' lang='grc' dir='ltr'>συνεχύθη</span> <span class='ocrx_word' id='word_1_183' title='bbox 1520 2540 1628 2593; x_wconf 85' lang='grc' dir='ltr'>τῶν</span> <span class='ocrx_word' id='word_1_184' title='bbox 1653 2539 1822 2594; x_wconf 74' lang='grc' dir='ltr'>ὄντων</span> <span class='ocrx_word' id='word_1_185' title='bbox 1839 2556 1855 2571; x_wconf 74' lang='grc' dir='ltr'>ο</span> <span class='ocrx_word' id='word_1_186' title='bbox 1885 2540 1944 2594; x_wconf 88' lang='grc' dir='ltr'>ού</span> 
     </span>
    </p>
   </div>
   <div class='ocr_carea' id='block_1_24' title="bbox 370 2633 1950 2707">
    <p class='ocr_par' dir='ltr' id='par_1_24' title="bbox 370 2633 1950 2707">
     <span class='ocr_line' id='line_1_24' title="bbox 370 2633 1950 2707; baseline -0.001 -17"><span class='ocrx_word' id='word_1_187' title='bbox 370 2635 610 2690; x_wconf 78' lang='grc' dir='ltr'>Θάλαττα</span> <span class='ocrx_word' id='word_1_188' title='bbox 638 2635 737 2707; x_wconf 80' lang='grc' dir='ltr'>τὴν</span> <span class='ocrx_word' id='word_1_189' title='bbox 764 2638 870 2705; x_wconf 82' lang='grc' dir='ltr'>γῆν</span> <span class='ocrx_word' id='word_1_190' title='bbox 908 2633 1228 2701; x_wconf 73' lang='grc' dir='ltr'>ἐπέκλυσεν,</span> <span class='ocrx_word' id='word_1_191' title='bbox 1257 2635 1358 2706; x_wconf 90' lang='grc' dir='ltr'>οὐχ</span> <span class='ocrx_word' id='word_1_192' title='bbox 1385 2634 1536 2705; x_wconf 74' lang='grc' dir='ltr'>ἥλιος</span> <span class='ocrx_word' id='word_1_193' title='bbox 1568 2634 1686 2688; x_wconf 89' lang='grc' dir='ltr'>τόδε</span> <span class='ocrx_word' id='word_1_194' title='bbox 1723 2635 1788 2690; x_wconf 84' lang='grc' dir='ltr'>τὸ</span> <span class='ocrx_word' id='word_1_195' title='bbox 1810 2636 1950 2706; x_wconf 83' lang='grc' dir='ltr'>ὀρώ-</span> 
     </span>
    </p>
   </div>
   <div class='ocr_carea' id='block_1_25' title="bbox 374 2728 1948 2802">
    <p class='ocr_par' dir='ltr' id='par_1_25' title="bbox 374 2728 1948 2802">
     <span class='ocr_line' id='line_1_25' title="bbox 374 2728 1948 2802; baseline 0 -18"><span class='ocrx_word' id='word_1_196' title='bbox 374 2748 541 2800; x_wconf 88' lang='grc' dir='ltr'>μενον</span> <span class='ocrx_word' id='word_1_197' title='bbox 565 2729 923 2793; x_wconf 81' lang='grc' dir='ltr'>κατέκαυσεν,</span> <span class='ocrx_word' id='word_1_198' title='bbox 953 2730 1055 2783; x_wconf 87' lang='grc' dir='ltr'>οὐκ</span> <span class='ocrx_word' id='word_1_199' title='bbox 1078 2729 1306 2799; x_wconf 80' lang='grc' dir='ltr'>οὐρανὸς</span> <span class='ocrx_word' id='word_1_200' title='bbox 1336 2728 1742 2802; x_wconf 85' lang='grc' dir='ltr'>παρεσαλεύθη,</span> <span class='ocrx_word' id='word_1_201' title='bbox 1766 2731 1827 2784; x_wconf 82' lang='grc' dir='ltr'>οὐ</span> <span class='ocrx_word' id='word_1_202' title='bbox 1856 2748 1948 2784; x_wconf 84' lang='grc' dir='ltr'>νυ-</span> 
     </span>
    </p>
   </div>
   <div class='ocr_carea' id='block_1_26' title="bbox 372 2826 1948 2901">
    <p class='ocr_par' dir='ltr' id='par_1_26' title="bbox 372 2826 1948 2901">
     <span class='ocr_line' id='line_1_26' title="bbox 372 2826 1948 2901; baseline -0.001 -20"><span class='ocrx_word' id='word_1_203' title='bbox 372 2826 521 2891; x_wconf 74' lang='grc' dir='ltr'>κτὸς,</span> <span class='ocrx_word' id='word_1_204' title='bbox 547 2827 668 2881; x_wconf 81' lang='grc' dir='ltr'>οὐδὲ</span> <span class='ocrx_word' id='word_1_205' title='bbox 695 2827 906 2897; x_wconf 77' lang='grc' dir='ltr'>ἡμέρας</span> <span class='ocrx_word' id='word_1_206' title='bbox 942 2827 1059 2899; x_wconf 81' lang='grc' dir='ltr'>ὅροι</span> <span class='ocrx_word' id='word_1_207' title='bbox 1093 2826 1484 2898; x_wconf 82' lang='grc' dir='ltr'>συνεχύθησαν,</span> <span class='ocrx_word' id='word_1_208' title='bbox 1512 2828 1611 2898; x_wconf 77' lang='grc' dir='ltr'>οὐχ</span> <span class='ocrx_word' id='word_1_209' title='bbox 1633 2828 1790 2901; x_wconf 86' lang='grc' dir='ltr'>ὡρῶν</span> <span class='ocrx_word' id='word_1_210' title='bbox 1825 2845 1948 2900; x_wconf 89' lang='grc' dir='ltr'>τρο-</span> 
     </span>
    </p>
   </div>
   <div class='ocr_carea' id='block_1_27' title="bbox 374 2921 1949 2989">
    <p class='ocr_par' dir='ltr' id='par_1_27' title="bbox 374 2921 1949 2989">
     <span class='ocr_line' id='line_1_27' title="bbox 374 2921 1949 2989; baseline 0.001 -12"><span class='ocrx_word' id='word_1_211' title='bbox 374 2925 499 2989; x_wconf 83' lang='grc' dir='ltr'>παὶ,</span> <span class='ocrx_word' id='word_1_212' title='bbox 522 2924 625 2976; x_wconf 86' lang='grc' dir='ltr'>οὐκ</span> <span class='ocrx_word' id='word_1_213' title='bbox 662 2922 790 2976; x_wconf 81' lang='grc' dir='ltr'>ἄλλο</span> <span class='ocrx_word' id='word_1_214' title='bbox 810 2921 919 2976; x_wconf 82' lang='grc' dir='ltr'>τῶν</span> <span class='ocrx_word' id='word_1_215' title='bbox 948 2921 1206 2977; x_wconf 82' lang='grc' dir='ltr'>τοιούτων</span> <span class='ocrx_word' id='word_1_216' title='bbox 1240 2921 1421 2977; x_wconf 87' lang='grc' dir='ltr'>οὐδέν·</span> <span class='ocrx_word' id='word_1_217' title='bbox 1454 2924 1566 2978; x_wconf 87' lang='grc' dir='ltr'>ἀλλ’</span> <span class='ocrx_word' id='word_1_218' title='bbox 1599 2924 1828 2979; x_wconf 77' lang='grc' dir='ltr'>ἕκαστον</span> <span class='ocrx_word' id='word_1_219' title='bbox 1854 2927 1949 2980; x_wconf 76' lang='grc' dir='ltr'>καὶ</span> 
     </span>
    </p>
   </div>
   <div class='ocr_carea' id='block_1_28' title="bbox 379 3008 1950 3097">
    <p class='ocr_par' dir='ltr' id='par_1_28' title="bbox 379 3008 1950 3097">
     <span class='ocr_line' id='line_1_28' title="bbox 379 3008 1950 3097; baseline 0.003 -25"><span class='ocrx_word' id='word_1_220' title='bbox 379 3021 489 3073; x_wconf 79' lang='grc' dir='ltr'>τῶν</span> <span class='ocrx_word' id='word_1_221' title='bbox 509 3020 655 3097; x_wconf 85' lang='grc' dir='ltr'>κάτω</span> <span class='ocrx_word' id='word_1_222' title='bbox 677 3022 771 3073; x_wconf 70' lang='grc' dir='ltr'>καὶ</span> <span class='ocrx_word' id='word_1_223' title='bbox 796 3018 906 3073; x_wconf 85' lang='grc' dir='ltr'>τῶν</span> <span class='ocrx_word' id='word_1_224' title='bbox 936 3018 1048 3073; x_wconf 83' lang='grc' dir='ltr'>ἄνω</span> <span class='ocrx_word' id='word_1_225' title='bbox 1079 3019 1215 3090; x_wconf 89' lang='grc' dir='ltr'>μετά</span> <span class='ocrx_word' id='word_1_226' title='bbox 1236 3020 1416 3091; x_wconf 83' lang='grc' dir='ltr'>πάσης</span> <span class='ocrx_word' id='word_1_227' title='bbox 1439 3021 1636 3092; x_wconf 78' lang='grc' dir='ltr'>ἕστηκε</span> <span class='ocrx_word' id='word_1_228' title='bbox 1664 3008 1763 3093; x_wconf 81' lang='grc' dir='ltr'>τῆς</span> <span class='ocrx_word' id='word_1_229' title='bbox 1790 3024 1950 3094; x_wconf 87' lang='grc' dir='ltr'>ἀκρι-</span> 
     </span>
    </p>
   </div>
   <div class='ocr_carea' id='block_1_29' title="bbox 381 3114 1947 3189">
    <p class='ocr_par' dir='ltr' id='par_1_29' title="bbox 381 3114 1947 3189">
     <span class='ocr_line' id='line_1_29' title="bbox 381 3114 1947 3189; baseline 0.002 -21"><span class='ocrx_word' id='word_1_230' title='bbox 381 3117 529 3179; x_wconf 89' lang='grc' dir='ltr'>ϐείας</span> <span class='ocrx_word' id='word_1_231' title='bbox 560 3115 683 3178; x_wconf 75' lang='grc' dir='ltr'>τοὺς</span> <span class='ocrx_word' id='word_1_232' title='bbox 709 3116 852 3182; x_wconf 76' lang='grc' dir='ltr'>ἅπαξ</span> <span class='ocrx_word' id='word_1_233' title='bbox 881 3114 1137 3178; x_wconf 84' lang='grc' dir='ltr'>τεθέντας</span> <span class='ocrx_word' id='word_1_234' title='bbox 1173 3115 1331 3187; x_wconf 81' lang='grc' dir='ltr'>ὄρους</span> <span class='ocrx_word' id='word_1_235' title='bbox 1365 3115 1423 3182; x_wconf 74' lang='grc' dir='ltr'>ἐξ</span> <span class='ocrx_word' id='word_1_236' title='bbox 1448 3116 1622 3188; x_wconf 83' lang='grc' dir='ltr'>ἀρχῆς</span> <span class='ocrx_word' id='word_1_237' title='bbox 1651 3116 1799 3189; x_wconf 85' lang='grc' dir='ltr'>αὐτῷ</span> <span class='ocrx_word' id='word_1_238' title='bbox 1830 3118 1947 3172; x_wconf 87' lang='grc' dir='ltr'>δια-</span> 
     </span>
    </p>
   </div>
   <div class='ocr_carea' id='block_1_30' title="bbox 375 3208 1949 3283">
    <p class='ocr_par' dir='ltr' id='par_1_30' title="bbox 375 3208 1949 3283">
     <span class='ocr_line' id='line_1_30' title="bbox 375 3208 1949 3283; baseline 0.003 -20"><span class='ocrx_word' id='word_1_239' title='bbox 375 3209 597 3283; x_wconf 77' lang='grc' dir='ltr'>τηροῦν.</span> <span class='ocrx_word' id='word_1_240' title='bbox 629 3208 812 3264; x_wconf 83' lang='grc' dir='ltr'>Εἰπὼν</span> <span class='ocrx_word' id='word_1_241' title='bbox 849 3208 1026 3263; x_wconf 85' lang='grc' dir='ltr'>τοίνυν</span> <span class='ocrx_word' id='word_1_242' title='bbox 1052 3211 1180 3283; x_wconf 78' lang='grc' dir='ltr'>περὶ</span> <span class='ocrx_word' id='word_1_243' title='bbox 1207 3211 1307 3281; x_wconf 83' lang='grc' dir='ltr'>τῆς</span> <span class='ocrx_word' id='word_1_244' title='bbox 1328 3211 1441 3265; x_wconf 84' lang='grc' dir='ltr'>ἀνω</span> <span class='ocrx_word' id='word_1_245' title='bbox 1464 3213 1695 3277; x_wconf 84' lang='grc' dir='ltr'>κτίσεως</span> <span class='ocrx_word' id='word_1_246' title='bbox 1725 3215 1819 3269; x_wconf 74' lang='grc' dir='ltr'>καὶ</span> <span class='ocrx_word' id='word_1_247' title='bbox 1840 3214 1949 3268; x_wconf 87' lang='grc' dir='ltr'>τῶν</span> 
     </span>
    </p>
   </div>
   <div class='ocr_carea' id='block_1_31' title="bbox 374 3305 1948 3381">
    <p class='ocr_par' dir='ltr' id='par_1_31' title="bbox 374 3305 1948 3381">
     <span class='ocr_line' id='line_1_31' title="bbox 374 3305 1948 3381; baseline 0.003 -20"><span class='ocrx_word' id='word_1_248' title='bbox 374 3309 496 3362; x_wconf 80' lang='grc' dir='ltr'>κατ’</span> <span class='ocrx_word' id='word_1_249' title='bbox 516 3306 764 3376; x_wconf 76' lang='grc' dir='ltr'>οὐρανὸν,</span> <span class='ocrx_word' id='word_1_250' title='bbox 777 3305 1020 3359; x_wconf 85' lang='grc' dir='ltr'>κάτεισιν</span> <span class='ocrx_word' id='word_1_251' title='bbox 1043 3306 1134 3358; x_wconf 73' lang='grc' dir='ltr'>ἐπὶ</span> <span class='ocrx_word' id='word_1_252' title='bbox 1155 3307 1255 3377; x_wconf 83' lang='grc' dir='ltr'>τὴν</span> <span class='ocrx_word' id='word_1_253' title='bbox 1274 3305 1399 3376; x_wconf 82' lang='grc' dir='ltr'>γῆν.</span> <span class='ocrx_word' id='word_1_254' title='bbox 1419 3307 1594 3380; x_wconf 85' lang='grc' dir='ltr'>Ὅπερ</span> <span class='ocrx_word' id='word_1_255' title='bbox 1613 3308 1670 3362; x_wconf 73' lang='grc' dir='ltr'>δὲ</span> <span class='ocrx_word' id='word_1_256' title='bbox 1694 3310 1948 3381; x_wconf 74' lang='grc' dir='ltr'>ἐποίησεν</span> 
     </span>
    </p>
   </div>
   <div class='ocr_carea' id='block_1_32' title="bbox 373 3401 1947 3476">
    <p class='ocr_par' dir='ltr' id='par_1_32' title="bbox 373 3401 1947 3476">
     <span class='ocr_line' id='line_1_32' title="bbox 373 3401 1947 3476; baseline 0.002 -20"><span class='ocrx_word' id='word_1_257' title='bbox 373 3404 467 3456; x_wconf 70' lang='grc' dir='ltr'>ἐπὶ</span> <span class='ocrx_word' id='word_1_258' title='bbox 489 3401 599 3456; x_wconf 86' lang='grc' dir='ltr'>τῶν</span> <span class='ocrx_word' id='word_1_259' title='bbox 626 3402 758 3469; x_wconf 80' lang='grc' dir='ltr'>άνω,</span> <span class='ocrx_word' id='word_1_260' title='bbox 786 3401 1090 3472; x_wconf 81' lang='grc' dir='ltr'>ἀρξάμενος</span> <span class='ocrx_word' id='word_1_261' title='bbox 1118 3402 1216 3472; x_wconf 84' lang='grc' dir='ltr'>μὲν</span> <span class='ocrx_word' id='word_1_262' title='bbox 1248 3402 1356 3455; x_wconf 84' lang='grc' dir='ltr'>ἀπὸ</span> <span class='ocrx_word' id='word_1_263' title='bbox 1385 3401 1494 3456; x_wconf 81' lang='grc' dir='ltr'>τῶν</span> <span class='ocrx_word' id='word_1_264' title='bbox 1519 3404 1947 3476; x_wconf 83' lang='grc' dir='ltr'>ὕπερουρανίων,</span> 
     </span>
    </p>
   </div>
   <div class='ocr_carea' id='block_1_33' title="bbox 268 3495 1951 3570">
    <p class='ocr_par' dir='ltr' id='par_1_33' title="bbox 268 3495 1951 3570">
     <span class='ocr_line' id='line_1_33' title="bbox 268 3495 1951 3570; baseline 0.006 -23"><span class='ocrx_word' id='word_1_265' title='bbox 268 3534 275 3547; x_wconf 83' lang='grc'>,</span> <span class='ocrx_word' id='word_1_266' title='bbox 372 3496 618 3560; x_wconf 81' lang='grc' dir='ltr'>καταϐάς</span> <span class='ocrx_word' id='word_1_267' title='bbox 647 3498 704 3550; x_wconf 82' lang='grc' dir='ltr'>δὲ</span> <span class='ocrx_word' id='word_1_268' title='bbox 735 3499 815 3560; x_wconf 86' lang='grc' dir='ltr'>εἰς</span> <span class='ocrx_word' id='word_1_269' title='bbox 844 3497 914 3549; x_wconf 85' lang='grc' dir='ltr'>τά</span> <span class='ocrx_word' id='word_1_270' title='bbox 940 3496 1188 3568; x_wconf 86' lang='grc' dir='ltr'>οὐράνια,</span> <span class='ocrx_word' id='word_1_271' title='bbox 1224 3496 1375 3570; x_wconf 71' lang='grc'>[492]</span> <span class='ocrx_word' id='word_1_272' title='bbox 1409 3495 1568 3553; x_wconf 83' lang='grc' dir='ltr'>τοῦτο</span> <span class='ocrx_word' id='word_1_273' title='bbox 1595 3503 1689 3553; x_wconf 77' lang='grc' dir='ltr'>καὶ</span> <span class='ocrx_word' id='word_1_274' title='bbox 1717 3501 1951 3557; x_wconf 81' lang='grc' dir='ltr'>ἐνταῦθα</span> 
     </span>
    </p>
   </div>
   <div class='ocr_carea' id='block_1_34' title="bbox 374 3593 1946 3671">
    <p class='ocr_par' dir='ltr' id='par_1_34' title="bbox 374 3593 1946 3671">
     <span class='ocr_line' id='line_1_34' title="bbox 374 3593 1946 3671; baseline 0.005 -23"><span class='ocrx_word' id='word_1_275' title='bbox 374 3594 520 3648; x_wconf 85' lang='grc' dir='ltr'>ποιεῖ</span> <span class='ocrx_word' id='word_1_276' title='bbox 567 3594 677 3648; x_wconf 83' lang='grc' dir='ltr'>ἀπὸ</span> <span class='ocrx_word' id='word_1_277' title='bbox 720 3593 826 3647; x_wconf 86' lang='grc' dir='ltr'>τῶν</span> <span class='ocrx_word' id='word_1_278' title='bbox 872 3595 1135 3665; x_wconf 86' lang='grc' dir='ltr'>οὐρανίων</span> <span class='ocrx_word' id='word_1_279' title='bbox 1182 3597 1274 3650; x_wconf 74' lang='grc' dir='ltr'>ἐπὶ</span> <span class='ocrx_word' id='word_1_280' title='bbox 1317 3598 1414 3668; x_wconf 78' lang='grc' dir='ltr'>τὴν</span> <span class='ocrx_word' id='word_1_281' title='bbox 1462 3600 1564 3668; x_wconf 79' lang='grc' dir='ltr'>γῆν</span> <span class='ocrx_word' id='word_1_282' title='bbox 1603 3600 1946 3671; x_wconf 78' lang='grc' dir='ltr'>μεταπηδῶν.</span> 
     </span>
    </p>
   </div>
   <div class='ocr_carea' id='block_1_35' title="bbox 385 3670 1952 3767">
    <p class='ocr_par' dir='ltr' id='par_1_35' title="bbox 385 3670 1952 3767">
     <span class='ocr_line' id='line_1_35' title="bbox 385 3670 1952 3767; baseline 0.004 -22"><span class='ocrx_word' id='word_1_283' title='bbox 385 3690 608 3761; x_wconf 77' lang='grc' dir='ltr'>Ἐπειδὴ</span> <span class='ocrx_word' id='word_1_284' title='bbox 634 3690 744 3761; x_wconf 90' lang='grc' dir='ltr'>γάρ</span> <span class='ocrx_word' id='word_1_285' title='bbox 766 3688 909 3753; x_wconf 82' lang='grc' dir='ltr'>τινές</span> <span class='ocrx_word' id='word_1_286' title='bbox 938 3691 1045 3744; x_wconf 83' lang='grc' dir='ltr'>είσι</span> <span class='ocrx_word' id='word_1_287' title='bbox 1073 3689 1323 3759; x_wconf 87' lang='grc' dir='ltr'>λέγοντες</span> <span class='ocrx_word' id='word_1_288' title='bbox 1349 3693 1418 3747; x_wconf 85' lang='grc' dir='ltr'>τά</span> <span class='ocrx_word' id='word_1_289' title='bbox 1454 3694 1552 3765; x_wconf 66' lang='grc' dir='ltr'>μὲν</span> <span class='ocrx_word' id='word_1_290' title='bbox 1580 3697 1696 3749; x_wconf 85' lang='grc' dir='ltr'>κατ’</span> <span class='ocrx_word' id='word_1_291' title='bbox 1725 3670 1952 3767; x_wconf 79' lang='grc' dir='ltr'>οὐρανὸν</span> 
     </span>
    </p>
   </div>
   <div class='ocr_carea' id='block_1_36' title="bbox 374 3785 1953 3863">
    <p class='ocr_par' dir='ltr' id='par_1_36' title="bbox 374 3785 1953 3863">
     <span class='ocr_line' id='line_1_36' title="bbox 374 3785 1953 3863; baseline 0.002 -21"><span class='ocrx_word' id='word_1_292' title='bbox 374 3789 475 3858; x_wconf 76' lang='grc' dir='ltr'>τῆς</span> <span class='ocrx_word' id='word_1_293' title='bbox 506 3787 602 3842; x_wconf 81' lang='grc' dir='ltr'>τοῦ</span> <span class='ocrx_word' id='word_1_294' title='bbox 628 3786 761 3841; x_wconf 88' lang='grc' dir='ltr'>Θεοῦ</span> <span class='ocrx_word' id='word_1_295' title='bbox 790 3787 1149 3859; x_wconf 81' lang='grc' dir='ltr'>δημιουργίας</span> <span class='ocrx_word' id='word_1_296' title='bbox 1172 3788 1298 3854; x_wconf 81' lang='grc' dir='ltr'>ἄξια</span> <span class='ocrx_word' id='word_1_297' title='bbox 1326 3785 1487 3855; x_wconf 89' lang='grc' dir='ltr'>εἷναι,</span> <span class='ocrx_word' id='word_1_298' title='bbox 1512 3791 1622 3845; x_wconf 86' lang='grc' dir='ltr'>τῶν</span> <span class='ocrx_word' id='word_1_299' title='bbox 1645 3791 1703 3845; x_wconf 79' lang='grc' dir='ltr'>δὲ</span> <span class='ocrx_word' id='word_1_300' title='bbox 1725 3794 1818 3846; x_wconf 72' lang='grc' dir='ltr'>ἐπὶ</span> <span class='ocrx_word' id='word_1_301' title='bbox 1847 3793 1953 3863; x_wconf 82' lang='grc' dir='ltr'>γῆς</span> 
     </span>
    </p>
   </div>
   <div class='ocr_carea' id='block_1_37' title="bbox 375 3881 1953 3959">
    <p class='ocr_par' dir='ltr' id='par_1_37' title="bbox 375 3881 1953 3959">
     <span class='ocr_line' id='line_1_37' title="bbox 375 3881 1953 3959; baseline 0.003 -21"><span class='ocrx_word' id='word_1_302' title='bbox 375 3882 862 3954; x_wconf 76' lang='grc' dir='ltr'>ἐπιλαμϐάνονται,</span> <span class='ocrx_word' id='word_1_303' title='bbox 888 3882 978 3936; x_wconf 82' lang='grc' dir='ltr'>διὰ</span> <span class='ocrx_word' id='word_1_304' title='bbox 1003 3883 1066 3937; x_wconf 76' lang='grc' dir='ltr'>τὸ</span> <span class='ocrx_word' id='word_1_305' title='bbox 1100 3885 1158 3936; x_wconf 78' lang='grc' dir='ltr'>ἐν</span> <span class='ocrx_word' id='word_1_306' title='bbox 1199 3885 1337 3956; x_wconf 74' lang='grc' dir='ltr'>αὐτῇ</span> <span class='ocrx_word' id='word_1_307' title='bbox 1362 3881 1502 3938; x_wconf 74' lang='grc' dir='ltr'>εἶναι</span> <span class='ocrx_word' id='word_1_308' title='bbox 1541 3888 1832 3959; x_wconf 85' lang='grc' dir='ltr'>σκορπίους</span> <span class='ocrx_word' id='word_1_309' title='bbox 1863 3888 1953 3941; x_wconf 87' lang='grc' dir='ltr'>λέ-</span> 
     </span>
    </p>
   </div>
   <div class='ocr_carea' id='block_1_38' title="bbox 382 3978 1955 4054">
    <p class='ocr_par' dir='ltr' id='par_1_38' title="bbox 382 3978 1955 4054">
     <span class='ocr_line' id='line_1_38' title="bbox 382 3978 1955 4054; baseline 0.003 -21"><span class='ocrx_word' id='word_1_310' title='bbox 382 3997 592 4049; x_wconf 84' lang='grc' dir='ltr'>γοντες,</span> <span class='ocrx_word' id='word_1_311' title='bbox 632 3978 797 4050; x_wconf 77' lang='grc' dir='ltr'>ἔχεις,</span> <span class='ocrx_word' id='word_1_312' title='bbox 825 3978 1143 4050; x_wconf 86' lang='grc' dir='ltr'>δράκοντας,</span> <span class='ocrx_word' id='word_1_313' title='bbox 1174 3982 1268 4034; x_wconf 78' lang='grc' dir='ltr'>καὶ</span> <span class='ocrx_word' id='word_1_314' title='bbox 1309 3981 1369 4034; x_wconf 86' lang='grc' dir='ltr'>τὸ</span> <span class='ocrx_word' id='word_1_315' title='bbox 1406 3980 1589 4035; x_wconf 84' lang='grc' dir='ltr'>λοιπὸν</span> <span class='ocrx_word' id='word_1_316' title='bbox 1616 3982 1724 4035; x_wconf 87' lang='grc' dir='ltr'>τῶν</span> <span class='ocrx_word' id='word_1_317' title='bbox 1751 3981 1955 4054; x_wconf 85' lang='grc' dir='ltr'>θηρίων</span> 
     </span>
    </p>
   </div>
   <div class='ocr_carea' id='block_1_39' title="bbox 381 4073 1955 4149">
    <p class='ocr_par' dir='ltr' id='par_1_39' title="bbox 381 4073 1955 4149">
     <span class='ocr_line' id='line_1_39' title="bbox 381 4073 1955 4149; baseline 0.017 -29"><span class='ocrx_word' id='word_1_318' title='bbox 381 4077 557 4143; x_wconf 78' lang='grc' dir='ltr'>γένος,</span> <span class='ocrx_word' id='word_1_319' title='bbox 597 4076 692 4131; x_wconf 75' lang='grc' dir='ltr'>καὶ</span> <span class='ocrx_word' id='word_1_320' title='bbox 732 4074 805 4128; x_wconf 81' lang='grc' dir='ltr'>τὰ</span> <span class='ocrx_word' id='word_1_321' title='bbox 838 4075 1060 4146; x_wconf 83' lang='grc' dir='ltr'>ἄκαρπα</span> <span class='ocrx_word' id='word_1_322' title='bbox 1100 4073 1215 4129; x_wconf 83' lang='grc' dir='ltr'>τῶν</span> <span class='ocrx_word' id='word_1_323' title='bbox 1249 4074 1517 4147; x_wconf 78' lang='grc' dir='ltr'>δένδρων,</span> <span class='ocrx_word' id='word_1_324' title='bbox 1549 4078 1685 4149; x_wconf 81' lang='grc' dir='ltr'>πρὸς</span> <span class='ocrx_word' id='word_1_325' title='bbox 1731 4080 1955 4145; x_wconf 76' lang='grc' dir='ltr'>τούτους</span> 
     </span>
    </p>
   </div>
   <div class='ocr_carea' id='block_1_40' title="bbox 383 4169 1958 4246">
    <p class='ocr_par' dir='ltr' id='par_1_40' title="bbox 383 4169 1958 4246">
     <span class='ocr_line' id='line_1_40' title="bbox 383 4169 1958 4246; baseline 0.003 -22"><span class='ocrx_word' id='word_1_326' title='bbox 383 4169 573 4242; x_wconf 84' lang='grc' dir='ltr'>ὥσπερ</span> <span class='ocrx_word' id='word_1_327' title='bbox 617 4169 1093 4242; x_wconf 83' lang='grc' dir='ltr'>ἀπολογούμενος,</span> <span class='ocrx_word' id='word_1_328' title='bbox 1128 4170 1329 4242; x_wconf 82' lang='grc' dir='ltr'>ἑτέρως</span> <span class='ocrx_word' id='word_1_329' title='bbox 1381 4171 1543 4226; x_wconf 84' lang='grc' dir='ltr'>πάλιν</span> <span class='ocrx_word' id='word_1_330' title='bbox 1592 4175 1958 4246; x_wconf 76' lang='grc' dir='ltr'>μεταχειρίζει</span> 
     </span>
    </p>
   </div>
   <div class='ocr_carea' id='block_1_41' title="bbox 379 4266 1961 4344">
    <p class='ocr_par' dir='ltr' id='par_1_41' title="bbox 379 4266 1961 4344">
     <span class='ocr_line' id='line_1_41' title="bbox 379 4266 1961 4344; baseline 0.004 -22"><span class='ocrx_word' id='word_1_331' title='bbox 379 4268 476 4322; x_wconf 82' lang='grc' dir='ltr'>τὸν</span> <span class='ocrx_word' id='word_1_332' title='bbox 505 4266 683 4337; x_wconf 91' lang='grc' dir='ltr'>λόγον.</span> <span class='ocrx_word' id='word_1_333' title='bbox 716 4268 828 4322; x_wconf 86' lang='lat' dir='ltr'>Kal</span> <span class='ocrx_word' id='word_1_334' title='bbox 857 4269 959 4340; x_wconf 82' lang='grc' dir='ltr'>ὅρα</span> <span class='ocrx_word' id='word_1_335' title='bbox 990 4268 1043 4321; x_wconf 90' lang='grc' dir='ltr'>τί</span> <span class='ocrx_word' id='word_1_336' title='bbox 1077 4270 1249 4322; x_wconf 85' lang='grc' dir='ltr'>ποιεῖ·</span> <span class='ocrx_word' id='word_1_337' title='bbox 1282 4269 1362 4323; x_wconf 81' lang='grc' dir='ltr'>Τὰ</span> <span class='ocrx_word' id='word_1_338' title='bbox 1386 4269 1778 4344; x_wconf 73' lang='grc' dir='ltr'>ὡμολογημένα</span> <span class='ocrx_word' id='word_1_339' title='bbox 1818 4273 1961 4328; x_wconf 89' lang='grc' dir='ltr'>καλά</span> 
     </span>
    </p>
   </div>
   <div class='ocr_carea' id='block_1_42' title="bbox 383 4358 1958 4442">
    <p class='ocr_par' dir='ltr' id='par_1_42' title="bbox 383 4358 1958 4442">
     <span class='ocr_line' id='line_1_42' title="bbox 383 4358 1958 4442; baseline 0.003 -23"><span class='ocrx_word' id='word_1_340' title='bbox 383 4365 566 4434; x_wconf 75' lang='grc' dir='ltr'>ἀφεὶς,</span> <span class='ocrx_word' id='word_1_341' title='bbox 590 4364 838 4435; x_wconf 86' lang='grc' dir='ltr'>πρόϐατα</span> <span class='ocrx_word' id='word_1_342' title='bbox 865 4365 960 4419; x_wconf 78' lang='grc' dir='ltr'>καὶ</span> <span class='ocrx_word' id='word_1_343' title='bbox 990 4365 1138 4436; x_wconf 80' lang='grc' dir='ltr'>βόας,</span> <span class='ocrx_word' id='word_1_344' title='bbox 1156 4358 1232 4421; x_wconf 83' lang='grc' dir='ltr'>ὧν</span> <span class='ocrx_word' id='word_1_345' title='bbox 1259 4368 1353 4420; x_wconf 81' lang='grc' dir='ltr'>καὶ</span> <span class='ocrx_word' id='word_1_346' title='bbox 1385 4368 1419 4439; x_wconf 93' lang='grc' dir='ltr'>ή</span> <span class='ocrx_word' id='word_1_347' title='bbox 1448 4369 1612 4439; x_wconf 85' lang='grc' dir='ltr'>πεῖρα</span> <span class='ocrx_word' id='word_1_348' title='bbox 1637 4370 1737 4440; x_wconf 84' lang='grc' dir='ltr'>τήν</span> <span class='ocrx_word' id='word_1_349' title='bbox 1767 4371 1958 4442; x_wconf 84' lang='grc' dir='ltr'>χρείαν</span> 
     </span>
    </p>
   </div>
   <div class='ocr_carea' id='block_1_43' title="bbox 380 4459 1959 4538">
    <p class='ocr_par' dir='ltr' id='par_1_43' title="bbox 380 4459 1959 4538">
     <span class='ocr_line' id='line_1_43' title="bbox 380 4459 1959 4538; baseline 0.004 -24"><span class='ocrx_word' id='word_1_350' title='bbox 380 4459 674 4526; x_wconf 86' lang='grc' dir='ltr'>δείκνυσιν,</span> <span class='ocrx_word' id='word_1_351' title='bbox 711 4460 886 4528; x_wconf 73' lang='grc' dir='ltr'>θνους,</span> <span class='ocrx_word' id='word_1_352' title='bbox 924 4462 1227 4534; x_wconf 85' lang='grc' dir='ltr'>καμήλους,</span> <span class='ocrx_word' id='word_1_353' title='bbox 1262 4464 1357 4517; x_wconf 80' lang='grc' dir='ltr'>καὶ</span> <span class='ocrx_word' id='word_1_354' title='bbox 1394 4465 1494 4519; x_wconf 85' lang='grc' dir='ltr'>ὅσα</span> <span class='ocrx_word' id='word_1_355' title='bbox 1539 4464 1676 4537; x_wconf 85' lang='grc' dir='ltr'>πρὸς</span> <span class='ocrx_word' id='word_1_356' title='bbox 1711 4467 1809 4538; x_wconf 77' lang='grc' dir='ltr'>τὴν</span> <span class='ocrx_word' id='word_1_357' title='bbox 1850 4469 1959 4522; x_wconf 85' lang='grc' dir='ltr'>τῶν</span> 
     </span>
    </p>
   </div>
   <div class='ocr_carea' id='block_1_44' title="bbox 380 4555 1961 4633">
    <p class='ocr_par' dir='ltr' id='par_1_44' title="bbox 380 4555 1961 4633">
     <span class='ocr_line' id='line_1_44' title="bbox 380 4555 1961 4633; baseline 0.006 -24"><span class='ocrx_word' id='word_1_358' title='bbox 380 4555 681 4626; x_wconf 81' lang='grc' dir='ltr'>ἀγωγίμων</span> <span class='ocrx_word' id='word_1_359' title='bbox 720 4558 850 4628; x_wconf 88' lang='grc' dir='ltr'>ήμῖν</span> <span class='ocrx_word' id='word_1_360' title='bbox 894 4558 1259 4627; x_wconf 83' lang='grc' dir='ltr'>μετακομιδὴν</span> <span class='ocrx_word' id='word_1_361' title='bbox 1287 4561 1568 4633; x_wconf 80' lang='grc' dir='ltr'>ἐπιτήδεια</span> <span class='ocrx_word' id='word_1_362' title='bbox 1586 4603 1600 4627; x_wconf 95' lang='grc'>,</span> <span class='ocrx_word' id='word_1_363' title='bbox 1640 4565 1702 4616; x_wconf 85' lang='grc' dir='ltr'>ὲν</span> <span class='ocrx_word' id='word_1_364' title='bbox 1734 4567 1845 4628; x_wconf 85' lang='grc' dir='ltr'>τοῖς</span> <span class='ocrx_word' id='word_1_365' title='bbox 1875 4565 1961 4618; x_wconf 83' lang='grc' dir='ltr'>δο-</span> 
     </span>
    </p>
   </div>
   <div class='ocr_carea' id='block_1_45' title="bbox 383 4643 1961 4725">
    <p class='ocr_par' dir='ltr' id='par_1_45' title="bbox 383 4643 1961 4725">
     <span class='ocr_line' id='line_1_45' title="bbox 383 4643 1961 4725; baseline 0.008 -26"><span class='ocrx_word' id='word_1_366' title='bbox 383 4646 570 4700; x_wconf 87' lang='grc' dir='ltr'>κοῦσιν</span> <span class='ocrx_word' id='word_1_367' title='bbox 591 4647 886 4718; x_wconf 81' lang='grc' dir='ltr'>ἀχρήστοις</span> <span class='ocrx_word' id='word_1_368' title='bbox 912 4643 1049 4701; x_wconf 75' lang='grc' dir='ltr'>εἶναι</span> <span class='ocrx_word' id='word_1_369' title='bbox 1076 4650 1327 4720; x_wconf 82' lang='grc' dir='ltr'>περιάγει</span> <span class='ocrx_word' id='word_1_370' title='bbox 1350 4650 1440 4705; x_wconf 71' lang='grc' dir='ltr'>τὸν</span> <span class='ocrx_word' id='word_1_371' title='bbox 1467 4653 1643 4722; x_wconf 91' lang='grc' dir='ltr'>λόγον,</span> <span class='ocrx_word' id='word_1_372' title='bbox 1663 4655 1961 4725; x_wconf 85' lang='grc' dir='ltr'>δράκοντας</span> 
     </span>
    </p>
   </div>
   <div class='ocr_carea' id='block_1_46' title="bbox 382 4738 1962 4822">
    <p class='ocr_par' dir='ltr' id='par_1_46' title="bbox 382 4738 1962 4822">
     <span class='ocr_line' id='line_1_46' title="bbox 382 4738 1962 4822; baseline 0.007 -30"><span class='ocrx_word' id='word_1_373' title='bbox 382 4742 465 4804; x_wconf 86' lang='grc' dir='ltr'>εἰς</span> <span class='ocrx_word' id='word_1_374' title='bbox 490 4738 658 4812; x_wconf 86' lang='grc' dir='ltr'>μέσον</span> <span class='ocrx_word' id='word_1_375' title='bbox 690 4740 859 4808; x_wconf 75' lang='grc' dir='ltr'>ἄγων,</span> <span class='ocrx_word' id='word_1_376' title='bbox 899 4743 993 4796; x_wconf 73' lang='grc' dir='ltr'>καὶ</span> <span class='ocrx_word' id='word_1_377' title='bbox 1021 4742 1084 4796; x_wconf 82' lang='grc' dir='ltr'>τὸ</span> <span class='ocrx_word' id='word_1_378' title='bbox 1114 4743 1359 4797; x_wconf 76' lang='grc' dir='ltr'>ἄπλωτον</span> <span class='ocrx_word' id='word_1_379' title='bbox 1382 4745 1411 4785; x_wconf 68' lang='grc' dir='ltr'>ιι</span> <span class='ocrx_word' id='word_1_380' title='bbox 1443 4746 1536 4799; x_wconf 86' lang='grc' dir='ltr'>τοῦ</span> <span class='ocrx_word' id='word_1_381' title='bbox 1570 4747 1837 4818; x_wconf 87' lang='grc' dir='ltr'>πελάγους</span> <span class='ocrx_word' id='word_1_382' title='bbox 1865 4754 1962 4822; x_wconf 81' lang='grc' dir='ltr'>μέ-</span> 
     </span>
    </p>
   </div>
   <div class='ocr_carea' id='block_1_47' title="bbox 386 4829 1962 4910">
    <p class='ocr_par' dir='ltr' id='par_1_47' title="bbox 386 4829 1962 4910">
     <span class='ocr_line' id='line_1_47' title="bbox 386 4829 1962 4910; baseline 0 -25"><span class='ocrx_word' id='word_1_383' title='bbox 386 4849 501 4903; x_wconf 82' lang='grc' dir='ltr'>ρος,</span> <span class='ocrx_word' id='word_1_384' title='bbox 532 4832 629 4885; x_wconf 72' lang='grc' dir='ltr'>καὶ</span> <span class='ocrx_word' id='word_1_385' title='bbox 652 4832 728 4886; x_wconf 72' lang='grc' dir='ltr'>τά</span> <span class='ocrx_word' id='word_1_386' title='bbox 752 4832 1012 4886; x_wconf 86' lang='grc' dir='ltr'>δοκοῦντα</span> <span class='ocrx_word' id='word_1_387' title='bbox 1037 4832 1247 4895; x_wconf 84' lang='grc' dir='ltr'>λυπεῖν,</span> <span class='ocrx_word' id='word_1_388' title='bbox 1277 4829 1389 4887; x_wconf 79' lang='grc' dir='ltr'>οἷον</span> <span class='ocrx_word' id='word_1_389' title='bbox 1416 4835 1477 4888; x_wconf 83' lang='grc' dir='ltr'>τὸ</span> <span class='ocrx_word' id='word_1_390' title='bbox 1507 4836 1636 4907; x_wconf 89' lang='grc' dir='ltr'>πῦρ,</span> <span class='ocrx_word' id='word_1_391' title='bbox 1668 4840 1767 4909; x_wconf 80' lang='grc' dir='ltr'>τήν</span> <span class='ocrx_word' id='word_1_392' title='bbox 1797 4841 1962 4910; x_wconf 76' lang='grc' dir='ltr'>χάλα..</span> 
     </span>
    </p>
   </div>
   <div class='ocr_carea' id='block_1_48' title="bbox 383 4924 1962 5002">
    <p class='ocr_par' dir='ltr' id='par_1_48' title="bbox 383 4924 1962 5002">
     <span class='ocr_line' id='line_1_48' title="bbox 383 4924 1962 5002; baseline 0.004 -19"><span class='ocrx_word' id='word_1_393' title='bbox 383 4928 504 4993; x_wconf 83' lang='grc' dir='ltr'>ζαν,</span> <span class='ocrx_word' id='word_1_394' title='bbox 533 4928 635 4999; x_wconf 83' lang='grc' dir='ltr'>τὴν</span> <span class='ocrx_word' id='word_1_395' title='bbox 661 4926 834 4998; x_wconf 87' lang='grc' dir='ltr'>χιόνα,</span> <span class='ocrx_word' id='word_1_396' title='bbox 864 4928 956 4980; x_wconf 83' lang='grc' dir='ltr'>τὸν</span> <span class='ocrx_word' id='word_1_397' title='bbox 980 4927 1313 4999; x_wconf 85' lang='grc' dir='ltr'>κρύσταλλον</span> <span class='ocrx_word' id='word_1_398' title='bbox 1336 4945 1349 4959; x_wconf 90' lang='grc'><strong>·</strong></span> <span class='ocrx_word' id='word_1_399' title='bbox 1374 4924 1495 4983; x_wconf 78' lang='grc' dir='ltr'>εἶτα</span> <span class='ocrx_word' id='word_1_400' title='bbox 1514 4932 1585 4984; x_wconf 86' lang='grc' dir='ltr'>τά</span> <span class='ocrx_word' id='word_1_401' title='bbox 1605 4932 1830 5002; x_wconf 77' lang='grc' dir='ltr'>ἄκαρπα</span> <span class='ocrx_word' id='word_1_402' title='bbox 1853 4937 1962 4989; x_wconf 84' lang='grc' dir='ltr'>τῶν</span> 
     </span>
    </p>
   </div>
   <div class='ocr_carea' id='block_1_49' title="bbox 380 5019 1964 5093">
    <p class='ocr_par' dir='ltr' id='par_1_49' title="bbox 380 5019 1964 5093">
     <span class='ocr_line' id='line_1_49' title="bbox 380 5019 1964 5093; baseline 0.005 -18"><span class='ocrx_word' id='word_1_403' title='bbox 380 5020 639 5092; x_wconf 82' lang='grc' dir='ltr'>δένδρων,</span> <span class='ocrx_word' id='word_1_404' title='bbox 668 5020 737 5073; x_wconf 80' lang='grc' dir='ltr'>τὰ</span> <span class='ocrx_word' id='word_1_405' title='bbox 761 5019 861 5091; x_wconf 72' lang='grc' dir='ltr'>ὅρη</span> <span class='ocrx_word' id='word_1_406' title='bbox 880 5036 896 5053; x_wconf 80' lang='grc' dir='ltr'><strong><em>ο</em></strong></span> <span class='ocrx_word' id='word_1_407' title='bbox 924 5021 1018 5074; x_wconf 78' lang='grc' dir='ltr'>καὶ</span> <span class='ocrx_word' id='word_1_408' title='bbox 1053 5020 1216 5076; x_wconf 88' lang='grc' dir='ltr'>πάλιν</span> <span class='ocrx_word' id='word_1_409' title='bbox 1236 5021 1306 5075; x_wconf 85' lang='grc' dir='ltr'>τὰ</span> <span class='ocrx_word' id='word_1_410' title='bbox 1339 5022 1499 5078; x_wconf 75' lang='grc' dir='ltr'>πεδία</span> <span class='ocrx_word' id='word_1_411' title='bbox 1529 5025 1865 5093; x_wconf 86' lang='grc' dir='ltr'>καταλιπὼν,</span> <span class='ocrx_word' id='word_1_412' title='bbox 1895 5030 1964 5084; x_wconf 84' lang='grc' dir='ltr'>τά</span> 
     </span>
    </p>
   </div>
   <div class='ocr_carea' id='block_1_50' title="bbox 383 5112 1964 5192">
    <p class='ocr_par' dir='ltr' id='par_1_50' title="bbox 383 5112 1964 5192">
     <span class='ocr_line' id='line_1_50' title="bbox 383 5112 1964 5192; baseline 0.007 -28"><span class='ocrx_word' id='word_1_413' title='bbox 383 5112 556 5165; x_wconf 79' lang='grc' dir='ltr'>ῦπτια</span> <span class='ocrx_word' id='word_1_414' title='bbox 586 5113 679 5165; x_wconf 81' lang='grc' dir='ltr'>καὶ</span> <span class='ocrx_word' id='word_1_415' title='bbox 700 5117 837 5183; x_wconf 84' lang='grc' dir='ltr'>πρὸς</span> <span class='ocrx_word' id='word_1_416' title='bbox 859 5114 1134 5185; x_wconf 84' lang='grc' dir='ltr'>γεωργίαν</span> <span class='ocrx_word' id='word_1_417' title='bbox 1155 5114 1433 5185; x_wconf 73' lang='grc' dir='ltr'>ιπιτήδεια</span> <span class='ocrx_word' id='word_1_418' title='bbox 1462 5117 1556 5171; x_wconf 74' lang='grc' dir='ltr'>καὶ</span> <span class='ocrx_word' id='word_1_419' title='bbox 1576 5119 1803 5190; x_wconf 81' lang='grc' dir='ltr'>καρπῶν</span> <span class='ocrx_word' id='word_1_420' title='bbox 1825 5122 1964 5192; x_wconf 80' lang='grc' dir='ltr'>ήμέ-</span> 
     </span>
    </p>
   </div>
   <div class='ocr_carea' id='block_1_51' title="bbox 287 5207 1964 5284">
    <p class='ocr_par' dir='ltr' id='par_1_51' title="bbox 287 5207 1964 5284">
     <span class='ocr_line' id='line_1_51' title="bbox 287 5207 1964 5284; baseline 0.017 -42"><span class='ocrx_word' id='word_1_421' title='bbox 287 5232 301 5242; x_wconf 71' lang='grc'>.</span> <span class='ocrx_word' id='word_1_422' title='bbox 387 5226 498 5280; x_wconf 79' lang='grc' dir='ltr'>ρων</span> <span class='ocrx_word' id='word_1_423' title='bbox 538 5207 732 5278; x_wconf 78' lang='grc' dir='ltr'>φορὰν,</span> <span class='ocrx_word' id='word_1_424' title='bbox 762 5208 857 5261; x_wconf 72' lang='grc' dir='ltr'>ἐπὶ</span> <span class='ocrx_word' id='word_1_425' title='bbox 884 5208 953 5263; x_wconf 77' lang='grc' dir='ltr'>τὰ</span> <span class='ocrx_word' id='word_1_426' title='bbox 994 5209 1097 5281; x_wconf 75' lang='grc' dir='ltr'>ὄρη</span> <span class='ocrx_word' id='word_1_427' title='bbox 1127 5210 1441 5279; x_wconf 84' lang='grc' dir='ltr'>μεταϐαίνει</span> <span class='ocrx_word' id='word_1_428' title='bbox 1467 5212 1712 5276; x_wconf 75' lang='grc' dir='ltr'>καὶτοὺς</span> <span class='ocrx_word' id='word_1_429' title='bbox 1740 5213 1964 5284; x_wconf 75' lang='grc' dir='ltr'>βουνοὺς</span> 
     </span>
    </p>
   </div>
   <div class='ocr_carea' id='block_1_52' title="bbox 389 5300 1966 5380">
    <p class='ocr_par' dir='ltr' id='par_1_52' title="bbox 389 5300 1966 5380">
     <span class='ocr_line' id='line_1_52' title="bbox 389 5300 1966 5380; baseline 0.005 -26"><span class='ocrx_word' id='word_1_430' title='bbox 389 5303 486 5354; x_wconf 75' lang='grc' dir='ltr'>καὶ</span> <span class='ocrx_word' id='word_1_431' title='bbox 513 5300 583 5355; x_wconf 81' lang='grc' dir='ltr'>τά</span> <span class='ocrx_word' id='word_1_432' title='bbox 614 5301 922 5372; x_wconf 67' lang='grc' dir='ltr'>ἐρημότερα</span> <span class='ocrx_word' id='word_1_433' title='bbox 942 5301 1052 5355; x_wconf 84' lang='grc' dir='ltr'>τῶν</span> <span class='ocrx_word' id='word_1_434' title='bbox 1080 5303 1318 5374; x_wconf 84' lang='grc' dir='ltr'>χωρίων,</span> <span class='ocrx_word' id='word_1_435' title='bbox 1347 5306 1442 5359; x_wconf 75' lang='grc' dir='ltr'>καὶ</span> <span class='ocrx_word' id='word_1_436' title='bbox 1467 5305 1573 5359; x_wconf 81' lang='grc' dir='ltr'>τῶν</span> <span class='ocrx_word' id='word_1_437' title='bbox 1601 5307 1845 5378; x_wconf 79' lang='grc' dir='ltr'>ἑρπετῶν</span> <span class='ocrx_word' id='word_1_438' title='bbox 1872 5312 1966 5380; x_wconf 85' lang='grc' dir='ltr'>μέ-</span> 
     </span>
    </p>
   </div>
   <div class='ocr_carea' id='block_1_53' title="bbox 388 5394 1962 5471">
    <p class='ocr_par' dir='ltr' id='par_1_53' title="bbox 388 5394 1962 5471">
     <span class='ocr_line' id='line_1_53' title="bbox 388 5394 1962 5471; baseline 0.007 -27"><span class='ocrx_word' id='word_1_439' title='bbox 388 5410 590 5464; x_wconf 85' lang='grc' dir='ltr'>μνηται</span> <span class='ocrx_word' id='word_1_440' title='bbox 630 5394 870 5448; x_wconf 82' lang='grc' dir='ltr'>πάντων.</span> <span class='ocrx_word' id='word_1_441' title='bbox 903 5395 1066 5447; x_wconf 81' lang='grc' dir='ltr'>Ὥστε</span> <span class='ocrx_word' id='word_1_442' title='bbox 1099 5395 1158 5449; x_wconf 77' lang='grc' dir='ltr'>δὲ</span> <span class='ocrx_word' id='word_1_443' title='bbox 1194 5397 1524 5467; x_wconf 81' lang='grc' dir='ltr'>σαφέστερον</span> <span class='ocrx_word' id='word_1_444' title='bbox 1553 5398 1728 5452; x_wconf 88' lang='grc' dir='ltr'>ταῦτα</span> <span class='ocrx_word' id='word_1_445' title='bbox 1754 5402 1962 5471; x_wconf 82' lang='grc' dir='ltr'>μαθεῖν,</span> 
     </span>
    </p>
   </div>
   <div class='ocr_carea' id='block_1_54' title="bbox 387 5483 1967 5565">
    <p class='ocr_par' dir='ltr' id='par_1_54' title="bbox 387 5483 1967 5565">
     <span class='ocr_line' id='line_1_54' title="bbox 387 5483 1967 5565; baseline 0.006 -28"><span class='ocrx_word' id='word_1_446' title='bbox 387 5483 536 5551; x_wconf 78' lang='grc' dir='ltr'>ἄξιον</span> <span class='ocrx_word' id='word_1_447' title='bbox 573 5484 877 5539; x_wconf 79' lang='grc' dir='ltr'>ἐπακοῦσαι</span> <span class='ocrx_word' id='word_1_448' title='bbox 907 5485 1086 5540; x_wconf 83' lang='grc' dir='ltr'>αὐτῶν</span> <span class='ocrx_word' id='word_1_449' title='bbox 1112 5486 1222 5540; x_wconf 80' lang='grc' dir='ltr'>τῶν</span> <span class='ocrx_word' id='word_1_450' title='bbox 1248 5489 1529 5560; x_wconf 78' lang='grc' dir='ltr'>ῥημάτων.</span> <span class='ocrx_word' id='word_1_451' title='bbox 1580 5491 1736 5546; x_wconf 82' lang='grc' dir='ltr'>Μετὰ</span> <span class='ocrx_word' id='word_1_452' title='bbox 1764 5492 1873 5565; x_wconf 79' lang='grc' dir='ltr'>γὰρ</span> <span class='ocrx_word' id='word_1_453' title='bbox 1904 5494 1967 5547; x_wconf 81' lang='grc' dir='ltr'>τὸ</span> 
     </span>
    </p>
   </div>
   <div class='ocr_carea' id='block_1_55' title="bbox 388 5577 1965 5655">
    <p class='ocr_par' dir='ltr' id='par_1_55' title="bbox 388 5577 1965 5655">
     <span class='ocr_line' id='line_1_55' title="bbox 388 5577 1965 5655; baseline 0.008 -27"><span class='ocrx_word' id='word_1_454' title='bbox 388 5577 582 5636; x_wconf 76' lang='grc' dir='ltr'>εἰπεῖν.</span> <span class='ocrx_word' id='word_1_455' title='bbox 630 5577 989 5646; x_wconf 81' lang='grc' dir='ltr'>Πρόσταγμα</span> <span class='ocrx_word' id='word_1_456' title='bbox 1033 5579 1218 5643; x_wconf 72' lang='grc' dir='ltr'>ἔθετο,</span> <span class='ocrx_word' id='word_1_457' title='bbox 1250 5583 1348 5636; x_wconf 78' lang='grc' dir='ltr'>καὶ</span> <span class='ocrx_word' id='word_1_458' title='bbox 1394 5585 1465 5638; x_wconf 87' lang='grc' dir='ltr'>οὐ</span> <span class='ocrx_word' id='word_1_459' title='bbox 1511 5587 1965 5655; x_wconf 74' lang='grc' dir='ltr'>παρελεύσεται,</span> 
     </span>
    </p>
   </div>
   <div class='ocr_carea' id='block_1_56' title="bbox 394 5665 1969 5749">
    <p class='ocr_par' dir='ltr' id='par_1_56' title="bbox 394 5665 1969 5749">
     <span class='ocr_line' id='line_1_56' title="bbox 394 5665 1969 5749; baseline 0.011 -32"><span class='ocrx_word' id='word_1_460' title='bbox 394 5665 670 5737; x_wconf 78' lang='grc' dir='ltr'>ἐπήγαγεν</span> <span class='ocrx_word' id='word_1_461' title='bbox 694 5683 708 5699; x_wconf 72' lang='grc'><strong><em>⁸</em></strong></span> <span class='ocrx_word' id='word_1_462' title='bbox 755 5667 983 5722; x_wconf 76' lang='grc' dir='ltr'>Αἰνεῖτε</span> <span class='ocrx_word' id='word_1_463' title='bbox 1023 5669 1130 5724; x_wconf 76' lang='grc' dir='ltr'>τὸν</span> <span class='ocrx_word' id='word_1_464' title='bbox 1161 5675 1381 5741; x_wconf 73' lang='grc' dir='ltr'>Κύριοι⁴</span> <span class='ocrx_word' id='word_1_465' title='bbox 1410 5675 1479 5730; x_wconf 79' lang='grc' dir='ltr'>ἐκ</span> <span class='ocrx_word' id='word_1_466' title='bbox 1514 5674 1623 5747; x_wconf 81' lang='grc' dir='ltr'>τῆς</span> <span class='ocrx_word' id='word_1_467' title='bbox 1653 5676 1787 5747; x_wconf 72' lang='grc' dir='ltr'>γῆς,</span> <span class='ocrx_word' id='word_1_468' title='bbox 1833 5678 1969 5749; x_wconf 78' lang='grc' dir='ltr'>δρά-</span> 
     </span>
    </p>
   </div>
   <div class='ocr_carea' id='block_1_57' title="bbox 453 5790 1317 5860">
    <p class='ocr_par' dir='ltr' id='par_1_57' title="bbox 453 5790 1317 5860">
     <span class='ocr_line' id='line_1_57' title="bbox 453 5790 1317 5860; baseline 0.007 -19"><span class='ocrx_word' id='word_1_469' title='bbox 453 5792 479 5860; x_wconf 74' lang='lat' dir='ltr'>f&#39;</span> <span class='ocrx_word' id='word_1_470' title='bbox 502 5790 949 5860; x_wconf 59' lang='lat' dir='ltr'>§avil._lqgendum</span> <span class='ocrx_word' id='word_1_471' title='bbox 970 5805 1107 5860; x_wconf 74' lang='lat' dir='ltr'>putat</span> <span class='ocrx_word' id='word_1_472' title='bbox 1127 5805 1317 5860; x_wconf 80' lang='grc' dir='ltr'>στῆσαι.</span> 
     </span>
    </p>
   </div>
   <div class='ocr_carea' id='block_1_58' title="bbox 453 5850 871 5904">
    <p class='ocr_par' dir='ltr' id='par_1_58' title="bbox 453 5850 871 5904">
     <span class='ocr_line' id='line_1_58' title="bbox 453 5850 871 5904; baseline 0.007 -3"><span class='ocrx_word' id='word_1_473' title='bbox 453 5850 480 5893; x_wconf 64' lang='grc' dir='ltr'>ὶῖ</span> <span class='ocrx_word' id='word_1_474' title='bbox 501 5851 635 5902; x_wconf 79' lang='lat' dir='ltr'>Unus</span> <span class='ocrx_word' id='word_1_475' title='bbox 655 5850 871 5904; x_wconf 66' lang='grc' dir='ltr'>ἇπῗετον.</span> 
     </span>
    </p>
   </div>
   <div class='ocr_carea' id='block_1_59' title="bbox 1450 414 2607 475">
    <p class='ocr_par' dir='ltr' id='par_1_59' title="bbox 1450 414 2607 475">
     <span class='ocr_line' id='line_1_59' title="bbox 1450 414 2607 475; baseline -0.005 -3"><span class='ocrx_word' id='word_1_476' title='bbox 1450 415 1816 475; x_wconf 76' lang='lat' dir='ltr'>EXPOSITIO</span> <span class='ocrx_word' id='word_1_477' title='bbox 1852 417 1919 471; x_wconf 79' lang='lat' dir='ltr'>IN</span> <span class='ocrx_word' id='word_1_478' title='bbox 1957 415 2290 473; x_wconf 66' lang='grc' dir='ltr'>Ρδέιωιυιι</span> <span class='ocrx_word' id='word_1_479' title='bbox 2327 414 2607 472; x_wconf 66' lang='lat' dir='ltr'>CXLVIII.</span> 
     </span>
    </p>
   </div>
   <div class='ocr_carea' id='block_1_60' title="bbox 3517 410 3623 466">
    <p class='ocr_par' dir='ltr' id='par_1_60' title="bbox 3517 410 3623 466">
     <span class='ocr_line' id='line_1_60' title="bbox 3517 410 3623 466; baseline 0.009 -1"><span class='ocrx_word' id='word_1_480' title='bbox 3517 410 3623 466; x_wconf 63' lang='lat'>488</span> 
     </span>
    </p>
   </div>
   <div class='ocr_carea' id='block_1_61' title="bbox 2056 519 3623 596">
    <p class='ocr_par' dir='ltr' id='par_1_61' title="bbox 2056 519 3623 596">
     <span class='ocr_line' id='line_1_61' title="bbox 2056 519 3623 596; baseline -0.006 -12"><span class='ocrx_word' id='word_1_481' title='bbox 2056 547 2265 596; x_wconf 72' lang='grc' dir='ltr'>κον-τες</span> <span class='ocrx_word' id='word_1_482' title='bbox 2314 528 2413 582; x_wconf 81' lang='grc' dir='ltr'>καί</span> <span class='ocrx_word' id='word_1_483' title='bbox 2451 526 2640 583; x_wconf 77' lang='grc' dir='ltr'>πᾶσαι</span> <span class='ocrx_word' id='word_1_484' title='bbox 2675 525 2930 579; x_wconf 77' lang='grc' dir='ltr'>ἄϐυσσοι</span> <span class='ocrx_word' id='word_1_485' title='bbox 2949 537 2973 549; x_wconf 45' lang='grc' dir='ltr'>’δ</span> <span class='ocrx_word' id='word_1_486' title='bbox 3009 521 3151 590; x_wconf 82' lang='grc' dir='ltr'>πῦρ,</span> <span class='ocrx_word' id='word_1_487' title='bbox 3185 519 3431 590; x_wconf 59' lang='grc' dir='ltr'>χάλαζα,</span> <span class='ocrx_word' id='word_1_488' title='bbox 3455 521 3623 591; x_wconf 78' lang='grc' dir='ltr'>χιὼν,</span> 
     </span>
    </p>
   </div>
   <div class='ocr_carea' id='block_1_62' title="bbox 2052 612 3628 689">
    <p class='ocr_par' dir='ltr' id='par_1_62' title="bbox 2052 612 3628 689">
     <span class='ocr_line' id='line_1_62' title="bbox 2052 612 3628 689; baseline -0.008 -12"><span class='ocrx_word' id='word_1_489' title='bbox 2052 623 2453 689; x_wconf 70' lang='grc' dir='ltr'>κρύσταλλος,</span> <span class='ocrx_word' id='word_1_490' title='bbox 2476 618 2712 687; x_wconf 77' lang='grc' dir='ltr'>πνεῦμα</span> <span class='ocrx_word' id='word_1_491' title='bbox 2731 612 3088 684; x_wconf 78' lang='grc' dir='ltr'>καταιγίδος,</span> <span class='ocrx_word' id='word_1_492' title='bbox 3107 612 3180 665; x_wconf 83' lang='grc' dir='ltr'>τὰ</span> <span class='ocrx_word' id='word_1_493' title='bbox 3205 612 3491 666; x_wconf 77' lang='grc' dir='ltr'>ποιοῦντα</span> <span class='ocrx_word' id='word_1_494' title='bbox 3518 613 3628 665; x_wconf 78' lang='grc' dir='ltr'>τὸν</span> 
     </span>
    </p>
   </div>
   <div class='ocr_carea' id='block_1_63' title="bbox 2051 701 3625 782">
    <p class='ocr_par' dir='ltr' id='par_1_63' title="bbox 2051 701 3625 782">
     <span class='ocr_line' id='line_1_63' title="bbox 2051 701 3625 782; baseline -0.01 -15"><span class='ocrx_word' id='word_1_495' title='bbox 2051 714 2238 782; x_wconf 76' lang='grc' dir='ltr'>λόγον</span> <span class='ocrx_word' id='word_1_496' title='bbox 2273 711 2480 767; x_wconf 86' lang='grc' dir='ltr'>αὐτοῦ.</span> <span class='ocrx_word' id='word_1_497' title='bbox 2513 710 2761 779; x_wconf 85' lang='grc' dir='ltr'>Ἕτερος,</span> <span class='ocrx_word' id='word_1_498' title='bbox 2792 708 3036 775; x_wconf 74' lang='grc' dir='ltr'>Ἄνεμος</span> <span class='ocrx_word' id='word_1_499' title='bbox 3062 702 3354 772; x_wconf 68' lang='grc' dir='ltr'>τυφῶνος.</span> <span class='ocrx_word' id='word_1_500' title='bbox 3403 701 3485 755; x_wconf 82' lang='grc' dir='ltr'><em>Τὰ</em></span> <span class='ocrx_word' id='word_1_501' title='bbox 3520 702 3625 769; x_wconf 82' lang='grc' dir='ltr'>ὄρη</span> 
     </span>
    </p>
   </div>
   <div class='ocr_carea' id='block_1_64' title="bbox 2052 791 3627 868">
    <p class='ocr_par' dir='ltr' id='par_1_64' title="bbox 2052 791 3627 868">
     <span class='ocr_line' id='line_1_64' title="bbox 2052 791 3627 868; baseline -0.008 -11"><span class='ocrx_word' id='word_1_502' title='bbox 2052 803 2149 858; x_wconf 78' lang='grc' dir='ltr'>καὶ</span> <span class='ocrx_word' id='word_1_503' title='bbox 2179 801 2402 868; x_wconf 77' lang='grc' dir='ltr'>πάντες</span> <span class='ocrx_word' id='word_1_504' title='bbox 2420 799 2723 867; x_wconf 78' lang='grc' dir='ltr'>οἱβουνοὶ,</span> <span class='ocrx_word' id='word_1_505' title='bbox 2753 798 2908 863; x_wconf 74' lang='grc' dir='ltr'>ξύλα</span> <span class='ocrx_word' id='word_1_506' title='bbox 2928 796 3296 865; x_wconf 67' lang='grc' dir='ltr'>καρποφόρα,</span> <span class='ocrx_word' id='word_1_507' title='bbox 3317 791 3415 846; x_wconf 76' lang='grc' dir='ltr'>καί</span> <span class='ocrx_word' id='word_1_508' title='bbox 3438 793 3627 847; x_wconf 78' lang='grc' dir='ltr'>πᾶσαι</span> 
     </span>
    </p>
   </div>
   <div class='ocr_carea' id='block_1_65' title="bbox 2052 881 3627 961">
    <p class='ocr_par' dir='ltr' id='par_1_65' title="bbox 2052 881 3627 961">
     <span class='ocr_line' id='line_1_65' title="bbox 2052 881 3627 961; baseline -0.008 -14"><span class='ocrx_word' id='word_1_509' title='bbox 2052 893 2278 961; x_wconf 81' lang='grc' dir='ltr'>κέδροι·</span> <span class='ocrx_word' id='word_1_510' title='bbox 2318 891 2391 946; x_wconf 88' lang='grc' dir='ltr'>τὰ</span> <span class='ocrx_word' id='word_1_511' title='bbox 2414 892 2588 959; x_wconf 82' lang='grc' dir='ltr'>θηρία</span> <span class='ocrx_word' id='word_1_512' title='bbox 2610 890 2709 945; x_wconf 82' lang='grc' dir='ltr'>καί</span> <span class='ocrx_word' id='word_1_513' title='bbox 2732 888 2930 942; x_wconf 77' lang='grc' dir='ltr'>πάντα</span> <span class='ocrx_word' id='word_1_514' title='bbox 2955 890 3029 942; x_wconf 80' lang='grc' dir='ltr'>τὰ</span> <span class='ocrx_word' id='word_1_515' title='bbox 3051 886 3265 955; x_wconf 77' lang='grc' dir='ltr'>κτήνη,</span> <span class='ocrx_word' id='word_1_516' title='bbox 3291 881 3506 953; x_wconf 72' lang='grc' dir='ltr'>ἑρπετὰ</span> <span class='ocrx_word' id='word_1_517' title='bbox 3527 881 3627 936; x_wconf 75' lang='grc' dir='ltr'>καί</span> 
     </span>
    </p>
   </div>
   <div class='ocr_carea' id='block_1_66' title="bbox 2051 974 3627 1051">
    <p class='ocr_par' dir='ltr' id='par_1_66' title="bbox 2051 974 3627 1051">
     <span class='ocr_line' id='line_1_66' title="bbox 2051 974 3627 1051; baseline -0.009 -12"><span class='ocrx_word' id='word_1_518' title='bbox 2051 984 2293 1039; x_wconf 79' lang='grc' dir='ltr'>πετεινὰ</span> <span class='ocrx_word' id='word_1_519' title='bbox 2335 981 2620 1051; x_wconf 78' lang='grc' dir='ltr'>πτερωτά.</span> <span class='ocrx_word' id='word_1_520' title='bbox 2658 982 2815 1044; x_wconf 85' lang='grc' dir='ltr'>Τίνος</span> <span class='ocrx_word' id='word_1_521' title='bbox 2857 980 3046 1033; x_wconf 73' lang='grc' dir='ltr'>ἕνεκεν</span> <span class='ocrx_word' id='word_1_522' title='bbox 3075 977 3220 1031; x_wconf 75' lang='grc' dir='ltr'>οὕτω</span> <span class='ocrx_word' id='word_1_523' title='bbox 3264 974 3627 1047; x_wconf 73' lang='grc' dir='ltr'>μεταχειρίζει</span> 
     </span>
    </p>
   </div>
   <div class='ocr_carea' id='block_1_67' title="bbox 2049 1065 3628 1144">
    <p class='ocr_par' dir='ltr' id='par_1_67' title="bbox 2049 1065 3628 1144">
     <span class='ocr_line' id='line_1_67' title="bbox 2049 1065 3628 1144; baseline -0.007 -15"><span class='ocrx_word' id='word_1_524' title='bbox 2049 1076 2144 1129; x_wconf 84' lang='grc' dir='ltr'>τὸν</span> <span class='ocrx_word' id='word_1_525' title='bbox 2166 1075 2356 1143; x_wconf 84' lang='grc' dir='ltr'>λόγον;</span> <span class='ocrx_word' id='word_1_526' title='bbox 2395 1076 2491 1128; x_wconf 88' lang='grc' dir='ltr'>Ἐκ</span> <span class='ocrx_word' id='word_1_527' title='bbox 2510 1073 2827 1144; x_wconf 87' lang='grc' dir='ltr'>περιουσίας</span> <span class='ocrx_word' id='word_1_528' title='bbox 2847 1073 3061 1133; x_wconf 76' lang='grc' dir='ltr'>δεικνὺς</span> <span class='ocrx_word' id='word_1_529' title='bbox 3084 1069 3179 1123; x_wconf 90' lang='grc' dir='ltr'>τοῦ</span> <span class='ocrx_word' id='word_1_530' title='bbox 3204 1066 3339 1122; x_wconf 87' lang='grc' dir='ltr'>Θεοῦ</span> <span class='ocrx_word' id='word_1_531' title='bbox 3364 1067 3463 1137; x_wconf 78' lang='grc' dir='ltr'>τήν</span> <span class='ocrx_word' id='word_1_532' title='bbox 3497 1065 3628 1137; x_wconf 85' lang='grc' dir='ltr'>πρό-</span> 
     </span>
    </p>
   </div>
   <div class='ocr_carea' id='block_1_68' title="bbox 2051 1155 3625 1234">
    <p class='ocr_par' dir='ltr' id='par_1_68' title="bbox 2051 1155 3625 1234">
     <span class='ocr_line' id='line_1_68' title="bbox 2051 1155 3625 1234; baseline -0.007 -15"><span class='ocrx_word' id='word_1_533' title='bbox 2051 1182 2221 1221; x_wconf 90' lang='grc' dir='ltr'>νοιαν.</span> <span class='ocrx_word' id='word_1_534' title='bbox 2246 1165 2311 1219; x_wconf 75' lang='lat' dir='ltr'>EI</span> <span class='ocrx_word' id='word_1_535' title='bbox 2343 1164 2451 1234; x_wconf 81' lang='grc' dir='ltr'>γὰρ</span> <span class='ocrx_word' id='word_1_536' title='bbox 2480 1162 2549 1216; x_wconf 79' lang='grc' dir='ltr'>τὰ</span> <span class='ocrx_word' id='word_1_537' title='bbox 2576 1163 2840 1216; x_wconf 86' lang='grc' dir='ltr'>δοκοῦντα</span> <span class='ocrx_word' id='word_1_538' title='bbox 2873 1161 3122 1233; x_wconf 82' lang='grc' dir='ltr'>ἀχρηστα</span> <span class='ocrx_word' id='word_1_539' title='bbox 3150 1155 3311 1224; x_wconf 76' lang='grc' dir='ltr'>εἶναι,</span> <span class='ocrx_word' id='word_1_540' title='bbox 3341 1158 3434 1212; x_wconf 76' lang='grc' dir='ltr'>καὶ</span> <span class='ocrx_word' id='word_1_541' title='bbox 3465 1155 3625 1209; x_wconf 83' lang='grc' dir='ltr'>πολέ-</span> 
     </span>
    </p>
   </div>
   <div class='ocr_carea' id='block_1_69' title="bbox 2054 1245 3629 1328">
    <p class='ocr_par' dir='ltr' id='par_1_69' title="bbox 2054 1245 3629 1328">
     <span class='ocr_line' id='line_1_69' title="bbox 2054 1245 3629 1328; baseline -0.008 -17"><span class='ocrx_word' id='word_1_542' title='bbox 2054 1274 2153 1326; x_wconf 88' lang='grc' dir='ltr'>μια</span> <span class='ocrx_word' id='word_1_543' title='bbox 2176 1256 2255 1328; x_wconf 83' lang='grc' dir='ltr'>τῷ</span> <span class='ocrx_word' id='word_1_544' title='bbox 2280 1257 2427 1324; x_wconf 83' lang='grc' dir='ltr'>γένει</span> <span class='ocrx_word' id='word_1_545' title='bbox 2455 1255 2564 1309; x_wconf 81' lang='grc' dir='ltr'>τῶν</span> <span class='ocrx_word' id='word_1_546' title='bbox 2592 1253 2910 1327; x_wconf 85' lang='grc' dir='ltr'>ἀνθρώπων,</span> <span class='ocrx_word' id='word_1_547' title='bbox 2945 1251 3115 1314; x_wconf 79' lang='grc' dir='ltr'>οὓτως</span> <span class='ocrx_word' id='word_1_548' title='bbox 3145 1252 3261 1304; x_wconf 72' lang='grc' dir='ltr'>ἐστὶ</span> <span class='ocrx_word' id='word_1_549' title='bbox 3290 1247 3453 1312; x_wconf 85' lang='grc' dir='ltr'>καλὰ,</span> <span class='ocrx_word' id='word_1_550' title='bbox 3486 1245 3629 1300; x_wconf 84' lang='grc' dir='ltr'>οῦτω</span> 
     </span>
    </p>
   </div>
   <div class='ocr_carea' id='block_1_70' title="bbox 2051 1338 3630 1421">
    <p class='ocr_par' dir='ltr' id='par_1_70' title="bbox 2051 1338 3630 1421">
     <span class='ocr_line' id='line_1_70' title="bbox 2051 1338 3630 1421; baseline -0.009 -17"><span class='ocrx_word' id='word_1_551' title='bbox 2051 1350 2317 1421; x_wconf 82' lang='grc' dir='ltr'>χρήσιμα,</span> <span class='ocrx_word' id='word_1_552' title='bbox 2341 1347 2416 1410; x_wconf 82' lang='grc' dir='ltr'>ὡς</span> <span class='ocrx_word' id='word_1_553' title='bbox 2447 1347 2542 1401; x_wconf 76' lang='grc' dir='ltr'>καὶ</span> <span class='ocrx_word' id='word_1_554' title='bbox 2576 1345 2715 1399; x_wconf 83' lang='grc' dir='ltr'>αὐτὰ</span> <span class='ocrx_word' id='word_1_555' title='bbox 2755 1344 2922 1414; x_wconf 74' lang='grc' dir='ltr'>ὕμνον</span> <span class='ocrx_word' id='word_1_556' title='bbox 2943 1342 3235 1414; x_wconf 79' lang='grc' dir='ltr'>ἀναφέρειν</span> <span class='ocrx_word' id='word_1_557' title='bbox 3276 1339 3353 1409; x_wconf 85' lang='grc' dir='ltr'>τῷ</span> <span class='ocrx_word' id='word_1_558' title='bbox 3381 1338 3500 1410; x_wconf 88' lang='grc' dir='ltr'>Θεῷ</span> <span class='ocrx_word' id='word_1_559' title='bbox 3535 1339 3630 1391; x_wconf 73' lang='grc' dir='ltr'>καὶ</span> 
     </span>
    </p>
   </div>
   <div class='ocr_carea' id='block_1_71' title="bbox 2048 1424 3627 1508">
    <p class='ocr_par' dir='ltr' id='par_1_71' title="bbox 2048 1424 3627 1508">
     <span class='ocr_line' id='line_1_71' title="bbox 2048 1424 3627 1508; baseline -0.008 -15"><span class='ocrx_word' id='word_1_560' title='bbox 2048 1439 2352 1506; x_wconf 80' lang='grc' dir='ltr'>δοξολογίαν</span> <span class='ocrx_word' id='word_1_561' title='bbox 2380 1436 2471 1492; x_wconf 82' lang='grc' dir='ltr'>διὰ</span> <span class='ocrx_word' id='word_1_562' title='bbox 2493 1437 2593 1507; x_wconf 80' lang='grc' dir='ltr'>τῆς</span> <span class='ocrx_word' id='word_1_563' title='bbox 2616 1437 2823 1500; x_wconf 76' lang='grc' dir='ltr'>οἰκείας</span> <span class='ocrx_word' id='word_1_564' title='bbox 2844 1435 3203 1508; x_wconf 85' lang='grc' dir='ltr'>δημιουργίας</span> <span class='ocrx_word' id='word_1_565' title='bbox 3225 1452 3237 1464; x_wconf 68' lang='grc' dir='ltr'>ε</span> <span class='ocrx_word' id='word_1_566' title='bbox 3261 1432 3511 1503; x_wconf 73' lang='grc' dir='ltr'>ἐννόησον</span> <span class='ocrx_word' id='word_1_567' title='bbox 3538 1424 3627 1482; x_wconf 79' lang='grc' dir='ltr'>οἷα</span> 
     </span>
    </p>
   </div>
   <div class='ocr_carea' id='block_1_72' title="bbox 2050 1529 3627 1606">
    <p class='ocr_par' dir='ltr' id='par_1_72' title="bbox 2050 1529 3627 1606">
     <span class='ocr_line' id='line_1_72' title="bbox 2050 1529 3627 1606; baseline -0.008 -14"><span class='ocrx_word' id='word_1_568' title='bbox 2050 1538 2120 1592; x_wconf 77' lang='grc' dir='ltr'>τὰ</span> <span class='ocrx_word' id='word_1_569' title='bbox 2143 1538 2299 1593; x_wconf 84' lang='grc' dir='ltr'>ἀλλα.</span> <span class='ocrx_word' id='word_1_570' title='bbox 2323 1537 2436 1592; x_wconf 85' lang='lat' dir='ltr'>Kal</span> <span class='ocrx_word' id='word_1_571' title='bbox 2465 1538 2514 1590; x_wconf 86' lang='grc' dir='ltr'>εἰ</span> <span class='ocrx_word' id='word_1_572' title='bbox 2543 1536 2709 1600; x_wconf 79' lang='grc' dir='ltr'>δοκεῖ,</span> <span class='ocrx_word' id='word_1_573' title='bbox 2741 1535 3054 1606; x_wconf 72' lang='grc' dir='ltr'>ἐπέλθωμεν</span> <span class='ocrx_word' id='word_1_574' title='bbox 3074 1534 3304 1587; x_wconf 74' lang='grc' dir='ltr'>ἕκαστον</span> <span class='ocrx_word' id='word_1_575' title='bbox 3335 1530 3444 1583; x_wconf 85' lang='grc' dir='ltr'>τῶν</span> <span class='ocrx_word' id='word_1_576' title='bbox 3475 1529 3627 1598; x_wconf 88' lang='grc' dir='ltr'>εἰρη-</span> 
     </span>
    </p>
   </div>
   <div class='ocr_carea' id='block_1_73' title="bbox 2053 1619 3627 1701">
    <p class='ocr_par' dir='ltr' id='par_1_73' title="bbox 2053 1619 3627 1701">
     <span class='ocr_line' id='line_1_73' title="bbox 2053 1619 3627 1701; baseline -0.006 -19"><span class='ocrx_word' id='word_1_577' title='bbox 2053 1631 2250 1701; x_wconf 82' lang='grc' dir='ltr'>μένων.</span> <span class='ocrx_word' id='word_1_578' title='bbox 2279 1628 2629 1697; x_wconf 73' lang='grc' dir='ltr'>Δράκοντες,</span> <span class='ocrx_word' id='word_1_579' title='bbox 2656 1627 2810 1697; x_wconf 67' lang='grc' dir='ltr'>φησι,</span> <span class='ocrx_word' id='word_1_580' title='bbox 2837 1627 2936 1681; x_wconf 77' lang='grc' dir='ltr'>καί</span> <span class='ocrx_word' id='word_1_581' title='bbox 2963 1624 3155 1682; x_wconf 80' lang='grc' dir='ltr'>πᾶσαι</span> <span class='ocrx_word' id='word_1_582' title='bbox 3185 1623 3466 1678; x_wconf 76' lang='grc' dir='ltr'>ἄϐυσσοι.</span> <span class='ocrx_word' id='word_1_583' title='bbox 3489 1619 3627 1690; x_wconf 84' lang='grc' dir='ltr'>Δρά-</span> 
     </span>
    </p>
   </div>
   <div class='ocr_carea' id='block_1_74' title="bbox 2050 1714 3628 1790">
    <p class='ocr_par' dir='ltr' id='par_1_74' title="bbox 2050 1714 3628 1790">
     <span class='ocr_line' id='line_1_74' title="bbox 2050 1714 3628 1790; baseline -0.007 -15"><span class='ocrx_word' id='word_1_584' title='bbox 2050 1736 2246 1782; x_wconf 84' lang='grc' dir='ltr'>κοντας</span> <span class='ocrx_word' id='word_1_585' title='bbox 2277 1719 2508 1775; x_wconf 73' lang='grc' dir='ltr'>ἐνταῦθα</span> <span class='ocrx_word' id='word_1_586' title='bbox 2538 1721 2607 1774; x_wconf 86' lang='grc' dir='ltr'>τὰ</span> <span class='ocrx_word' id='word_1_587' title='bbox 2631 1722 2771 1790; x_wconf 82' lang='grc' dir='ltr'>κήτη</span> <span class='ocrx_word' id='word_1_588' title='bbox 2800 1719 2970 1787; x_wconf 86' lang='grc' dir='ltr'>λέγει,</span> <span class='ocrx_word' id='word_1_589' title='bbox 2989 1718 3065 1782; x_wconf 80' lang='grc' dir='ltr'>ὡς</span> <span class='ocrx_word' id='word_1_590' title='bbox 3093 1718 3188 1773; x_wconf 77' lang='grc' dir='ltr'>καὶ</span> <span class='ocrx_word' id='word_1_591' title='bbox 3216 1714 3472 1787; x_wconf 79' lang='grc' dir='ltr'>ἀλλαχοῦ,</span> <span class='ocrx_word' id='word_1_592' title='bbox 3497 1715 3628 1768; x_wconf 80' lang='grc' dir='ltr'>ὅταν</span> 
     </span>
    </p>
   </div>
   <div class='ocr_carea' id='block_1_75' title="bbox 2049 1802 3624 1883">
    <p class='ocr_par' dir='ltr' id='par_1_75' title="bbox 2049 1802 3624 1883">
     <span class='ocr_line' id='line_1_75' title="bbox 2049 1802 3624 1883; baseline -0.004 -19"><span class='ocrx_word' id='word_1_593' title='bbox 2049 1811 2204 1883; x_wconf 74' lang='grc' dir='ltr'>λέγῃ,</span> <span class='ocrx_word' id='word_1_594' title='bbox 2229 1810 2474 1879; x_wconf 74' lang='grc' dir='ltr'>Δράκων</span> <span class='ocrx_word' id='word_1_595' title='bbox 2500 1805 2698 1875; x_wconf 81' lang='grc' dir='ltr'>οὗτος,</span> <span class='ocrx_word' id='word_1_596' title='bbox 2723 1810 2796 1863; x_wconf 80' lang='grc' dir='ltr'>ὃν</span> <span class='ocrx_word' id='word_1_597' title='bbox 2815 1810 3094 1874; x_wconf 72' lang='grc' dir='ltr'>ἔπλασας</span> <span class='ocrx_word' id='word_1_598' title='bbox 3124 1804 3424 1877; x_wconf 75' lang='grc' dir='ltr'>ἐμπαίζειν</span> <span class='ocrx_word' id='word_1_599' title='bbox 3443 1802 3624 1869; x_wconf 84' lang='grc' dir='ltr'>αὐτῷ.</span> 
     </span>
    </p>
   </div>
   <div class='ocr_carea' id='block_1_76' title="bbox 2046 1898 3630 1976">
    <p class='ocr_par' dir='ltr' id='par_1_76' title="bbox 2046 1898 3630 1976">
     <span class='ocr_line' id='line_1_76' title="bbox 2046 1898 3630 1976; baseline -0.006 -15"><span class='ocrx_word' id='word_1_600' title='bbox 2046 1905 2160 1961; x_wconf 84' lang='lat' dir='ltr'>Kal</span> <span class='ocrx_word' id='word_1_601' title='bbox 2189 1903 2457 1976; x_wconf 88' lang='grc' dir='ltr'>πολλαχοῦ</span> <span class='ocrx_word' id='word_1_602' title='bbox 2497 1904 2595 1958; x_wconf 82' lang='grc' dir='ltr'>ίδοι</span> <span class='ocrx_word' id='word_1_603' title='bbox 2620 1921 2705 1967; x_wconf 90' lang='grc' dir='ltr'>τις</span> <span class='ocrx_word' id='word_1_604' title='bbox 2734 1903 2801 1958; x_wconf 81' lang='grc' dir='ltr'>ἂν</span> <span class='ocrx_word' id='word_1_605' title='bbox 2823 1903 2886 1957; x_wconf 76' lang='grc' dir='ltr'>τὸ</span> <span class='ocrx_word' id='word_1_606' title='bbox 2917 1901 3056 1974; x_wconf 75' lang='grc' dir='ltr'>ζῶον</span> <span class='ocrx_word' id='word_1_607' title='bbox 3078 1902 3236 1955; x_wconf 83' lang='grc' dir='ltr'>τοῦτο</span> <span class='ocrx_word' id='word_1_608' title='bbox 3258 1900 3400 1954; x_wconf 71' lang='grc' dir='ltr'>οὕτω</span> <span class='ocrx_word' id='word_1_609' title='bbox 3427 1898 3630 1953; x_wconf 84' lang='grc' dir='ltr'>καλού-</span> 
     </span>
    </p>
   </div>
   <div class='ocr_carea' id='block_1_77' title="bbox 2052 2015 3183 2070">
    <p class='ocr_par' dir='ltr' id='par_1_77' title="bbox 2052 2015 3183 2070">
     <span class='ocr_line' id='line_1_77' title="bbox 2052 2015 3183 2070; baseline 0 -19"><span class='ocrx_word' id='word_1_610' title='bbox 2052 2015 2237 2070; x_wconf 80' lang='grc' dir='ltr'>μενον.</span> <span class='ocrx_word' id='word_1_611' title='bbox 2572 2028 2585 2039; x_wconf 93' lang='grc'><strong><em>-</em></strong></span> <span class='ocrx_word' id='word_1_612' title='bbox 3180 2064 3183 2067; x_wconf 20' lang='grc' dir='ltr'>η</span> 
     </span>
    </p>
   </div>
   <div class='ocr_carea' id='block_1_78' title="bbox 2120 2081 3632 2160">
    <p class='ocr_par' dir='ltr' id='par_1_78' title="bbox 2120 2081 3632 2160">
     <span class='ocr_line' id='line_1_78' title="bbox 2120 2081 3632 2160; baseline -0.006 -16"><span class='ocrx_word' id='word_1_613' title='bbox 2120 2097 2189 2160; x_wconf 90' lang='grc' dir='ltr'>γ’.</span> <span class='ocrx_word' id='word_1_614' title='bbox 2219 2090 2330 2144; x_wconf 89' lang='lat' dir='ltr'>Kal</span> <span class='ocrx_word' id='word_1_615' title='bbox 2364 2088 2482 2154; x_wconf 79' lang='grc' dir='ltr'>πῶς</span> <span class='ocrx_word' id='word_1_616' title='bbox 2514 2089 2669 2143; x_wconf 83' lang='grc' dir='ltr'>τοῦτο</span> <span class='ocrx_word' id='word_1_617' title='bbox 2689 2091 2826 2143; x_wconf 80' lang='grc' dir='ltr'>αἰνεῖ</span> <span class='ocrx_word' id='word_1_618' title='bbox 2843 2088 2935 2141; x_wconf 81' lang='grc' dir='ltr'>τὸν</span> <span class='ocrx_word' id='word_1_619' title='bbox 2974 2087 3303 2159; x_wconf 77' lang='grc' dir='ltr'>ποιήσαντας</span> <span class='ocrx_word' id='word_1_620' title='bbox 3330 2083 3490 2154; x_wconf 77' lang='grc' dir='ltr'>φησί.</span> <span class='ocrx_word' id='word_1_621' title='bbox 3521 2081 3632 2136; x_wconf 82' lang='grc' dir='ltr'>Καὶ</span> 
     </span>
    </p>
   </div>
   <div class='ocr_carea' id='block_1_79' title="bbox 2056 2173 3630 2250">
    <p class='ocr_par' dir='ltr' id='par_1_79' title="bbox 2056 2173 3630 2250">
     <span class='ocr_line' id='line_1_79' title="bbox 2056 2173 3630 2250; baseline 0.005 -17"><span class='ocrx_word' id='word_1_622' title='bbox 2056 2180 2172 2245; x_wconf 83' lang='grc' dir='ltr'>πῶς</span> <span class='ocrx_word' id='word_1_623' title='bbox 2203 2182 2305 2234; x_wconf 87' lang='grc' dir='ltr'>οὐκ</span> <span class='ocrx_word' id='word_1_624' title='bbox 2332 2180 2692 2244; x_wconf 75' lang='grc' dir='ltr'>αἰνεῖςὌταν</span> <span class='ocrx_word' id='word_1_625' title='bbox 2713 2179 2820 2250; x_wconf 83' lang='grc' dir='ltr'>γὰρ</span> <span class='ocrx_word' id='word_1_626' title='bbox 2851 2178 2968 2250; x_wconf 71' lang='grc' dir='ltr'>ἴδῃς</span> <span class='ocrx_word' id='word_1_627' title='bbox 2995 2177 3056 2231; x_wconf 81' lang='grc' dir='ltr'>τδ</span> <span class='ocrx_word' id='word_1_628' title='bbox 3091 2177 3337 2248; x_wconf 81' lang='grc' dir='ltr'>μέγεθος,</span> <span class='ocrx_word' id='word_1_629' title='bbox 3368 2174 3472 2244; x_wconf 75' lang='grc' dir='ltr'>τὴν</span> <span class='ocrx_word' id='word_1_630' title='bbox 3496 2173 3630 2246; x_wconf 80' lang='grc' dir='ltr'>σύμ·</span> 
     </span>
    </p>
   </div>
   <div class='ocr_carea' id='block_1_80' title="bbox 2052 2267 3629 2344">
    <p class='ocr_par' dir='ltr' id='par_1_80' title="bbox 2052 2267 3629 2344">
     <span class='ocr_line' id='line_1_80' title="bbox 2052 2267 3629 2344; baseline -0.007 -18"><span class='ocrx_word' id='word_1_631' title='bbox 2052 2272 2214 2344; x_wconf 80' lang='grc' dir='ltr'>πηξιν</span> <span class='ocrx_word' id='word_1_632' title='bbox 2242 2270 2336 2326; x_wconf 81' lang='grc' dir='ltr'>τοῦ</span> <span class='ocrx_word' id='word_1_633' title='bbox 2372 2270 2643 2342; x_wconf 78' lang='grc' dir='ltr'>σώματος,</span> <span class='ocrx_word' id='word_1_634' title='bbox 2664 2270 2730 2341; x_wconf 75' lang='grc' dir='ltr'>ἣν</span> <span class='ocrx_word' id='word_1_635' title='bbox 2754 2272 2812 2324; x_wconf 79' lang='grc' dir='ltr'>ἐν</span> <span class='ocrx_word' id='word_1_636' title='bbox 2841 2270 2920 2341; x_wconf 83' lang='grc' dir='ltr'>τῷ</span> <span class='ocrx_word' id='word_1_637' title='bbox 2949 2267 3068 2322; x_wconf 81' lang='grc' dir='ltr'>Ἰὼϐ</span> <span class='ocrx_word' id='word_1_638' title='bbox 3092 2271 3124 2340; x_wconf 85' lang='grc' dir='ltr'>ή</span> <span class='ocrx_word' id='word_1_639' title='bbox 3149 2267 3338 2339; x_wconf 76' lang='grc' dir='ltr'>Γραφὴ</span> <span class='ocrx_word' id='word_1_640' title='bbox 3364 2267 3629 2336; x_wconf 80' lang='grc' dir='ltr'>διηγεῖται</span> 
     </span>
    </p>
   </div>
   <div class='ocr_carea' id='block_1_81' title="bbox 2055 2355 3635 2433">
    <p class='ocr_par' dir='ltr' id='par_1_81' title="bbox 2055 2355 3635 2433">
     <span class='ocr_line' id='line_1_81' title="bbox 2055 2355 3635 2433; baseline -0.004 -19"><span class='ocrx_word' id='word_1_641' title='bbox 2055 2361 2195 2433; x_wconf 81' lang='grc' dir='ltr'>μετὰ</span> <span class='ocrx_word' id='word_1_642' title='bbox 2227 2359 2470 2424; x_wconf 87' lang='grc' dir='ltr'>πλείονος</span> <span class='ocrx_word' id='word_1_643' title='bbox 2497 2363 2598 2431; x_wconf 80' lang='grc' dir='ltr'>τῆς</span> <span class='ocrx_word' id='word_1_644' title='bbox 2626 2361 2923 2431; x_wconf 71' lang='grc' dir='ltr'>σαφηνείας</span> <span class='ocrx_word' id='word_1_645' title='bbox 2943 2378 2956 2391; x_wconf 90' lang='grc'><strong>·</strong></span> <span class='ocrx_word' id='word_1_646' title='bbox 2983 2359 3099 2422; x_wconf 81' lang='grc' dir='ltr'>πῶς</span> <span class='ocrx_word' id='word_1_647' title='bbox 3126 2360 3186 2411; x_wconf 86' lang='grc' dir='ltr'>οὐ</span> <span class='ocrx_word' id='word_1_648' title='bbox 3214 2357 3514 2427; x_wconf 80' lang='grc' dir='ltr'>θαυμάσεις</span> <span class='ocrx_word' id='word_1_649' title='bbox 3539 2355 3635 2408; x_wconf 80' lang='grc' dir='ltr'>τὸν</span> 
     </span>
    </p>
   </div>
   <div class='ocr_carea' id='block_1_82' title="bbox 2051 2446 3632 2525">
    <p class='ocr_par' dir='ltr' id='par_1_82' title="bbox 2051 2446 3632 2525">
     <span class='ocr_line' id='line_1_82' title="bbox 2051 2446 3632 2525; baseline -0.005 -17"><span class='ocrx_word' id='word_1_650' title='bbox 2051 2456 2554 2525; x_wconf 79' lang='grc' dir='ltr'>δημιουργήσαντα,</span> <span class='ocrx_word' id='word_1_651' title='bbox 2578 2451 2767 2524; x_wconf 84' lang='grc' dir='ltr'>ἡλίκον</span> <span class='ocrx_word' id='word_1_652' title='bbox 2799 2450 2936 2516; x_wconf 81' lang='grc' dir='ltr'>ζῶον</span> <span class='ocrx_word' id='word_1_653' title='bbox 2963 2453 3317 2523; x_wconf 73' lang='grc' dir='ltr'>παρήγαγενς</span> <span class='ocrx_word' id='word_1_654' title='bbox 3349 2449 3425 2502; x_wconf 85' lang='grc' dir='ltr'>Οὐ</span> <span class='ocrx_word' id='word_1_655' title='bbox 3455 2446 3545 2501; x_wconf 86' lang='grc' dir='ltr'>διὰ</span> <span class='ocrx_word' id='word_1_656' title='bbox 3570 2448 3632 2500; x_wconf 87' lang='grc' dir='ltr'>τὸ</span> 
     </span>
    </p>
   </div>
   <div class='ocr_carea' id='block_1_83' title="bbox 2057 2538 3629 2617">
    <p class='ocr_par' dir='ltr' id='par_1_83' title="bbox 2057 2538 3629 2617">
     <span class='ocr_line' id='line_1_83' title="bbox 2057 2538 3629 2617; baseline -0.004 -18"><span class='ocrx_word' id='word_1_657' title='bbox 2057 2545 2286 2617; x_wconf 86' lang='grc' dir='ltr'>μέγεθος</span> <span class='ocrx_word' id='word_1_658' title='bbox 2317 2545 2376 2599; x_wconf 85' lang='grc' dir='ltr'>δὲ</span> <span class='ocrx_word' id='word_1_659' title='bbox 2408 2544 2589 2616; x_wconf 86' lang='grc' dir='ltr'>μόνον,</span> <span class='ocrx_word' id='word_1_660' title='bbox 2617 2545 2731 2600; x_wconf 86' lang='grc' dir='ltr'>ἀλλ’</span> <span class='ocrx_word' id='word_1_661' title='bbox 2762 2545 2845 2599; x_wconf 80' lang='grc' dir='ltr'>ὅτι</span> <span class='ocrx_word' id='word_1_662' title='bbox 2881 2545 2974 2598; x_wconf 73' lang='grc' dir='ltr'>καὶ</span> <span class='ocrx_word' id='word_1_663' title='bbox 3003 2543 3199 2615; x_wconf 86' lang='grc' dir='ltr'>χωρίον</span> <span class='ocrx_word' id='word_1_664' title='bbox 3231 2539 3378 2611; x_wconf 84' lang='grc' dir='ltr'>αὐτῷ</span> <span class='ocrx_word' id='word_1_665' title='bbox 3401 2539 3500 2609; x_wconf 84' lang='grc' dir='ltr'>τῆς</span> <span class='ocrx_word' id='word_1_666' title='bbox 3532 2538 3629 2592; x_wconf 85' lang='grc' dir='ltr'>θα·-</span> 
     </span>
    </p>
   </div>
   <div class='ocr_carea' id='block_1_84' title="bbox 2052 2630 3632 2708">
    <p class='ocr_par' dir='ltr' id='par_1_84' title="bbox 2052 2630 3632 2708">
     <span class='ocr_line' id='line_1_84' title="bbox 2052 2630 3632 2708; baseline -0.004 -18"><span class='ocrx_word' id='word_1_667' title='bbox 2052 2638 2256 2708; x_wconf 84' lang='grc' dir='ltr'>λάσσης</span> <span class='ocrx_word' id='word_1_668' title='bbox 2297 2636 2360 2691; x_wconf 83' lang='grc' dir='ltr'>τὸ</span> <span class='ocrx_word' id='word_1_669' title='bbox 2397 2636 2644 2692; x_wconf 78' lang='grc' dir='ltr'>ἄπλωτον</span> <span class='ocrx_word' id='word_1_670' title='bbox 2690 2635 3052 2708; x_wconf 84' lang='grc' dir='ltr'>ἀπεκλήρωσε</span> <span class='ocrx_word' id='word_1_671' title='bbox 3102 2634 3285 2707; x_wconf 86' lang='grc' dir='ltr'>μέρος.</span> <span class='ocrx_word' id='word_1_672' title='bbox 3339 2632 3451 2685; x_wconf 88' lang='lat' dir='ltr'>Kal</span> <span class='ocrx_word' id='word_1_673' title='bbox 3485 2630 3632 2695; x_wconf 80' lang='grc' dir='ltr'>ἄξιον</span> 
     </span>
    </p>
   </div>
   <div class='ocr_carea' id='block_1_85' title="bbox 2054 2725 3624 2802">
    <p class='ocr_par' dir='ltr' id='par_1_85' title="bbox 2054 2725 3624 2802">
     <span class='ocr_line' id='line_1_85' title="bbox 2054 2725 3624 2802; baseline -0.006 -17"><span class='ocrx_word' id='word_1_674' title='bbox 2054 2729 2376 2802; x_wconf 74' lang='grc' dir='ltr'>θαυμάζειν,</span> <span class='ocrx_word' id='word_1_675' title='bbox 2407 2730 2524 2793; x_wconf 86' lang='grc' dir='ltr'>πῶς</span> <span class='ocrx_word' id='word_1_676' title='bbox 2548 2729 2647 2800; x_wconf 91' lang='grc' dir='ltr'>οὐχ</span> <span class='ocrx_word' id='word_1_677' title='bbox 2673 2729 2989 2801; x_wconf 84' lang='grc' dir='ltr'>ὑπερϐαίνει</span> <span class='ocrx_word' id='word_1_678' title='bbox 3022 2728 3147 2790; x_wconf 84' lang='grc' dir='ltr'>τοὺς</span> <span class='ocrx_word' id='word_1_679' title='bbox 3173 2726 3409 2789; x_wconf 70' lang='grc' dir='ltr'>οἰκείους,</span> <span class='ocrx_word' id='word_1_680' title='bbox 3440 2725 3624 2794; x_wconf 84' lang='grc' dir='ltr'>ὄρους,</span> 
     </span>
    </p>
   </div>
   <div class='ocr_carea' id='block_1_86' title="bbox 2054 2815 3632 2893">
    <p class='ocr_par' dir='ltr' id='par_1_86' title="bbox 2054 2815 3632 2893">
     <span class='ocr_line' id='line_1_86' title="bbox 2054 2815 3632 2893; baseline -0.004 -18"><span class='ocrx_word' id='word_1_681' title='bbox 2054 2821 2194 2887; x_wconf 79' lang='grc' dir='ltr'>ζῶον</span> <span class='ocrx_word' id='word_1_682' title='bbox 2222 2824 2412 2893; x_wconf 84' lang='grc' dir='ltr'>άγριον</span> <span class='ocrx_word' id='word_1_683' title='bbox 2446 2820 2506 2876; x_wconf 80' lang='grc' dir='ltr'>ὒν</span> <span class='ocrx_word' id='word_1_684' title='bbox 2527 2823 2622 2877; x_wconf 70' lang='grc' dir='ltr'>καὶ</span> <span class='ocrx_word' id='word_1_685' title='bbox 2644 2821 2847 2891; x_wconf 81' lang='grc' dir='ltr'>σφόδρα</span> <span class='ocrx_word' id='word_1_686' title='bbox 2876 2820 3151 2891; x_wconf 85' lang='grc' dir='ltr'>μέγιστον,</span> <span class='ocrx_word' id='word_1_687' title='bbox 3177 2817 3313 2872; x_wconf 85' lang='grc' dir='ltr'>ἀλλά</span> <span class='ocrx_word' id='word_1_688' title='bbox 3352 2815 3501 2888; x_wconf 89' lang='grc' dir='ltr'>μένει</span> <span class='ocrx_word' id='word_1_689' title='bbox 3522 2818 3632 2878; x_wconf 80' lang='grc' dir='ltr'>τοῖς</span> 
     </span>
    </p>
   </div>
   <div class='ocr_carea' id='block_1_87' title="bbox 2053 2906 3634 2984">
    <p class='ocr_par' dir='ltr' id='par_1_87' title="bbox 2053 2906 3634 2984">
     <span class='ocr_line' id='line_1_87' title="bbox 2053 2906 3634 2984; baseline -0.006 -15"><span class='ocrx_word' id='word_1_690' title='bbox 2053 2916 2271 2978; x_wconf 87' lang='grc' dir='ltr'>οἰκείοις</span> <span class='ocrx_word' id='word_1_691' title='bbox 2318 2915 2502 2979; x_wconf 82' lang='grc' dir='ltr'>τόποις</span> <span class='ocrx_word' id='word_1_692' title='bbox 2542 2911 2983 2984; x_wconf 79' lang='grc' dir='ltr'>ὲνδιαιτὼμενον,</span> <span class='ocrx_word' id='word_1_693' title='bbox 3009 2911 3100 2964; x_wconf 71' lang='grc' dir='ltr'>καὶ</span> <span class='ocrx_word' id='word_1_694' title='bbox 3124 2910 3185 2964; x_wconf 85' lang='grc' dir='ltr'>ού</span> <span class='ocrx_word' id='word_1_695' title='bbox 3226 2910 3384 2981; x_wconf 89' lang='grc' dir='ltr'>μόνον</span> <span class='ocrx_word' id='word_1_696' title='bbox 3415 2908 3514 2961; x_wconf 84' lang='grc' dir='ltr'>οὐκ</span> <span class='ocrx_word' id='word_1_697' title='bbox 3552 2906 3634 2972; x_wconf 71' lang='grc' dir='ltr'>εξ-</span> 
     </span>
    </p>
   </div>
   <div class='ocr_carea' id='block_1_88' title="bbox 2053 2999 3633 3078">
    <p class='ocr_par' dir='ltr' id='par_1_88' title="bbox 2053 2999 3633 3078">
     <span class='ocr_line' id='line_1_88' title="bbox 2053 2999 3633 3078; baseline -0.006 -17"><span class='ocrx_word' id='word_1_698' title='bbox 2053 3025 2160 3061; x_wconf 89' lang='grc' dir='ltr'>εισι</span> <span class='ocrx_word' id='word_1_699' title='bbox 2181 3007 2316 3078; x_wconf 67' lang='grc' dir='ltr'>πρὸς</span> <span class='ocrx_word' id='word_1_700' title='bbox 2341 3006 2439 3078; x_wconf 85' lang='grc' dir='ltr'>τὴν</span> <span class='ocrx_word' id='word_1_701' title='bbox 2474 3005 2600 3075; x_wconf 80' lang='grc' dir='ltr'>γῆν,</span> <span class='ocrx_word' id='word_1_702' title='bbox 2640 3005 2761 3059; x_wconf 84' lang='grc' dir='ltr'>οὐδὲ</span> <span class='ocrx_word' id='word_1_703' title='bbox 2790 3003 2926 3075; x_wconf 79' lang='grc' dir='ltr'>πρὸς</span> <span class='ocrx_word' id='word_1_704' title='bbox 2956 3004 3054 3075; x_wconf 79' lang='grc' dir='ltr'>τὴν</span> <span class='ocrx_word' id='word_1_705' title='bbox 3084 3003 3406 3072; x_wconf 79' lang='grc' dir='ltr'>οἰκουμένην</span> <span class='ocrx_word' id='word_1_706' title='bbox 3430 2999 3633 3072; x_wconf 82' lang='grc' dir='ltr'>χώραν,</span> 
     </span>
    </p>
   </div>
   <div class='ocr_carea' id='block_1_89' title="bbox 2053 3092 3638 3168">
    <p class='ocr_par' dir='ltr' id='par_1_89' title="bbox 2053 3092 3638 3168">
     <span class='ocr_line' id='line_1_89' title="bbox 2053 3092 3638 3168; baseline -0.006 -15"><span class='ocrx_word' id='word_1_707' title='bbox 2053 3098 2169 3153; x_wconf 80' lang='grc' dir='ltr'>ἀλλ’</span> <span class='ocrx_word' id='word_1_708' title='bbox 2191 3097 2310 3151; x_wconf 78' lang='grc' dir='ltr'>οὐδὲ</span> <span class='ocrx_word' id='word_1_709' title='bbox 2337 3097 2436 3168; x_wconf 83' lang='grc' dir='ltr'>τῆς</span> <span class='ocrx_word' id='word_1_710' title='bbox 2468 3095 2740 3167; x_wconf 87' lang='grc' dir='ltr'>θαλάττης</span> <span class='ocrx_word' id='word_1_711' title='bbox 2758 3096 2825 3149; x_wconf 84' lang='grc' dir='ltr'>τὺ</span> <span class='ocrx_word' id='word_1_712' title='bbox 2863 3096 2999 3167; x_wconf 81' lang='grc' dir='ltr'>πρὸς</span> <span class='ocrx_word' id='word_1_713' title='bbox 3031 3093 3307 3149; x_wconf 88' lang='grc' dir='ltr'>ναυτιλίαν</span> <span class='ocrx_word' id='word_1_714' title='bbox 3334 3092 3638 3162; x_wconf 73' lang='grc' dir='ltr'>ἐπιτήδειον</span> 
     </span>
    </p>
   </div>
   <div class='ocr_carea' id='block_1_90' title="bbox 2053 3183 3636 3260">
    <p class='ocr_par' dir='ltr' id='par_1_90' title="bbox 2053 3183 3636 3260">
     <span class='ocr_line' id='line_1_90' title="bbox 2053 3183 3636 3260; baseline -0.003 -18"><span class='ocrx_word' id='word_1_715' title='bbox 2053 3189 2371 3260; x_wconf 87' lang='grc' dir='ltr'>λυμαίνεται</span> <span class='ocrx_word' id='word_1_716' title='bbox 2406 3188 2573 3260; x_wconf 85' lang='grc' dir='ltr'>μέρος</span> <span class='ocrx_word' id='word_1_717' title='bbox 2593 3204 2606 3220; x_wconf 82' lang='lat'><strong>&#39;</strong></span> <span class='ocrx_word' id='word_1_718' title='bbox 2640 3189 2701 3243; x_wconf 91' lang='grc' dir='ltr'>οὐ</span> <span class='ocrx_word' id='word_1_719' title='bbox 2724 3188 2937 3260; x_wconf 77' lang='grc' dir='ltr'>δαπανᾷ</span> <span class='ocrx_word' id='word_1_720' title='bbox 2962 3202 2983 3228; x_wconf 74' lang='grc' dir='ltr'>ε</span> <span class='ocrx_word' id='word_1_721' title='bbox 3017 3187 3126 3242; x_wconf 84' lang='grc' dir='ltr'>τῶν</span> <span class='ocrx_word' id='word_1_722' title='bbox 3163 3185 3359 3257; x_wconf 86' lang='grc' dir='ltr'>ἰχθύων</span> <span class='ocrx_word' id='word_1_723' title='bbox 3383 3184 3453 3238; x_wconf 85' lang='grc' dir='ltr'>τά</span> <span class='ocrx_word' id='word_1_724' title='bbox 3480 3183 3636 3254; x_wconf 87' lang='grc' dir='ltr'>γένη,</span> 
     </span>
    </p>
   </div>
   <div class='ocr_carea' id='block_1_91' title="bbox 2058 3273 3638 3349">
    <p class='ocr_par' dir='ltr' id='par_1_91' title="bbox 2058 3273 3638 3349">
     <span class='ocr_line' id='line_1_91' title="bbox 2058 3273 3638 3349; baseline -0.005 -16"><span class='ocrx_word' id='word_1_725' title='bbox 2058 3279 2175 3334; x_wconf 76' lang='grc' dir='ltr'>ἀλλ’</span> <span class='ocrx_word' id='word_1_726' title='bbox 2199 3278 2332 3333; x_wconf 74' lang='grc' dir='ltr'>εἵσω</span> <span class='ocrx_word' id='word_1_727' title='bbox 2369 3280 2466 3349; x_wconf 85' lang='grc' dir='ltr'>τῆς</span> <span class='ocrx_word' id='word_1_728' title='bbox 2499 3278 2708 3341; x_wconf 87' lang='grc' dir='ltr'>οἰκείας</span> <span class='ocrx_word' id='word_1_729' title='bbox 2749 3279 3079 3333; x_wconf 77' lang='grc' dir='ltr'>ἐνδιαιτᾶται</span> <span class='ocrx_word' id='word_1_730' title='bbox 3113 3276 3263 3348; x_wconf 78' lang='grc'>[495]</span> <span class='ocrx_word' id='word_1_731' title='bbox 3291 3274 3491 3347; x_wconf 85' lang='grc' dir='ltr'>χώρας.</span> <span class='ocrx_word' id='word_1_732' title='bbox 3530 3273 3638 3327; x_wconf 87' lang='lat' dir='ltr'>Kal</span> 
     </span>
    </p>
   </div>
   <div class='ocr_carea' id='block_1_92' title="bbox 2054 3365 3640 3442">
    <p class='ocr_par' dir='ltr' id='par_1_92' title="bbox 2054 3365 3640 3442">
     <span class='ocr_line' id='line_1_92' title="bbox 2054 3365 3640 3442; baseline -0.004 -17"><span class='ocrx_word' id='word_1_733' title='bbox 2054 3372 2116 3426; x_wconf 84' lang='grc' dir='ltr'>οὐ</span> <span class='ocrx_word' id='word_1_734' title='bbox 2143 3370 2314 3425; x_wconf 87' lang='grc' dir='ltr'>ταῦτα</span> <span class='ocrx_word' id='word_1_735' title='bbox 2350 3370 2509 3442; x_wconf 86' lang='grc' dir='ltr'>μόνον</span> <span class='ocrx_word' id='word_1_736' title='bbox 2546 3366 2695 3435; x_wconf 77' lang='grc' dir='ltr'>ἄξιον</span> <span class='ocrx_word' id='word_1_737' title='bbox 2717 3367 3036 3442; x_wconf 74' lang='grc' dir='ltr'>θαυμάζειν,</span> <span class='ocrx_word' id='word_1_738' title='bbox 3069 3369 3204 3422; x_wconf 83' lang='grc' dir='ltr'>ἀλλὰ</span> <span class='ocrx_word' id='word_1_739' title='bbox 3231 3368 3324 3424; x_wconf 80' lang='grc' dir='ltr'>καὶ</span> <span class='ocrx_word' id='word_1_740' title='bbox 3348 3367 3446 3439; x_wconf 80' lang='grc' dir='ltr'>τὴν</span> <span class='ocrx_word' id='word_1_741' title='bbox 3479 3365 3640 3420; x_wconf 77' lang='grc' dir='ltr'>ἄϐυσ-</span> 
     </span>
    </p>
   </div>
   <div class='ocr_carea' id='block_1_93' title="bbox 2057 3456 3635 3533">
    <p class='ocr_par' dir='ltr' id='par_1_93' title="bbox 2057 3456 3635 3533">
     <span class='ocr_line' id='line_1_93' title="bbox 2057 3456 3635 3533; baseline -0.005 -16"><span class='ocrx_word' id='word_1_742' title='bbox 2057 3481 2170 3525; x_wconf 90' lang='grc' dir='ltr'>σον,</span> <span class='ocrx_word' id='word_1_743' title='bbox 2199 3463 2301 3532; x_wconf 81' lang='grc' dir='ltr'>ὅση</span> <span class='ocrx_word' id='word_1_744' title='bbox 2339 3461 2400 3515; x_wconf 84' lang='grc' dir='ltr'>τὺ</span> <span class='ocrx_word' id='word_1_745' title='bbox 2436 3460 2599 3533; x_wconf 79' lang='grc' dir='ltr'>βάθος</span> <span class='ocrx_word' id='word_1_746' title='bbox 2630 3461 2799 3516; x_wconf 81' lang='grc' dir='ltr'>ἐστίν.</span> <span class='ocrx_word' id='word_1_747' title='bbox 2834 3461 3012 3533; x_wconf 84' lang='grc' dir='ltr'>Ὅπερ</span> <span class='ocrx_word' id='word_1_748' title='bbox 3048 3461 3108 3513; x_wconf 72' lang='grc' dir='ltr'>δὲ</span> <span class='ocrx_word' id='word_1_749' title='bbox 3153 3460 3246 3513; x_wconf 75' lang='grc' dir='ltr'>ἐπὶ</span> <span class='ocrx_word' id='word_1_750' title='bbox 3292 3456 3384 3512; x_wconf 86' lang='grc' dir='ltr'>τοῦ</span> <span class='ocrx_word' id='word_1_751' title='bbox 3423 3456 3635 3528; x_wconf 89' lang='grc' dir='ltr'>θηρίου,</span> 
     </span>
    </p>
   </div>
   <div class='ocr_carea' id='block_1_94' title="bbox 2057 3548 3639 3625">
    <p class='ocr_par' dir='ltr' id='par_1_94' title="bbox 2057 3548 3639 3625">
     <span class='ocr_line' id='line_1_94' title="bbox 2057 3548 3639 3625; baseline -0.004 -16"><span class='ocrx_word' id='word_1_752' title='bbox 2057 3555 2215 3609; x_wconf 87' lang='grc' dir='ltr'>τοῦτο</span> <span class='ocrx_word' id='word_1_753' title='bbox 2241 3555 2336 3607; x_wconf 74' lang='grc' dir='ltr'>καὶ</span> <span class='ocrx_word' id='word_1_754' title='bbox 2357 3554 2450 3607; x_wconf 79' lang='grc' dir='ltr'>ἐπὶ</span> <span class='ocrx_word' id='word_1_755' title='bbox 2481 3553 2584 3624; x_wconf 84' lang='grc' dir='ltr'>τῆς</span> <span class='ocrx_word' id='word_1_756' title='bbox 2611 3552 2887 3625; x_wconf 87' lang='grc' dir='ltr'>θαλάσσης</span> <span class='ocrx_word' id='word_1_757' title='bbox 2913 3551 3060 3606; x_wconf 75' lang='grc' dir='ltr'>ἔστιν</span> <span class='ocrx_word' id='word_1_758' title='bbox 3093 3553 3241 3607; x_wconf 82' lang='grc' dir='ltr'>ἰδεῖν.</span> <span class='ocrx_word' id='word_1_759' title='bbox 3268 3552 3380 3613; x_wconf 82' lang='lat' dir='ltr'>Kal</span> <span class='ocrx_word' id='word_1_760' title='bbox 3406 3550 3514 3622; x_wconf 86' lang='grc' dir='ltr'>γὰρ</span> <span class='ocrx_word' id='word_1_761' title='bbox 3544 3548 3639 3603; x_wconf 83' lang='grc' dir='ltr'>καί</span> 
     </span>
    </p>
   </div>
   <div class='ocr_carea' id='block_1_95' title="bbox 2058 3643 3641 3718">
    <p class='ocr_par' dir='ltr' id='par_1_95' title="bbox 2058 3643 3641 3718">
     <span class='ocr_line' id='line_1_95' title="bbox 2058 3643 3641 3718; baseline -0.004 -17"><span class='ocrx_word' id='word_1_762' title='bbox 2058 3647 2197 3717; x_wconf 86' lang='grc' dir='ltr'>αῦτη</span> <span class='ocrx_word' id='word_1_763' title='bbox 2231 3648 2352 3710; x_wconf 86' lang='grc' dir='ltr'>ταῖς</span> <span class='ocrx_word' id='word_1_764' title='bbox 2372 3648 2480 3700; x_wconf 86' lang='grc' dir='ltr'>τῶν</span> <span class='ocrx_word' id='word_1_765' title='bbox 2511 3646 2837 3717; x_wconf 85' lang='grc' dir='ltr'>πνευμάτων</span> <span class='ocrx_word' id='word_1_766' title='bbox 2860 3646 3004 3718; x_wconf 82' lang='grc' dir='ltr'>βίαις</span> <span class='ocrx_word' id='word_1_767' title='bbox 3046 3643 3185 3701; x_wconf 84' lang='grc' dir='ltr'>οὖσα</span> <span class='ocrx_word' id='word_1_768' title='bbox 3222 3644 3512 3716; x_wconf 80' lang='grc' dir='ltr'>ἀφόρητος,</span> <span class='ocrx_word' id='word_1_769' title='bbox 3545 3643 3641 3696; x_wconf 72' lang='grc' dir='ltr'>καὶ</span> 
     </span>
    </p>
   </div>
   <div class='ocr_carea' id='block_1_96' title="bbox 2057 3734 3639 3810">
    <p class='ocr_par' dir='ltr' id='par_1_96' title="bbox 2057 3734 3639 3810">
     <span class='ocr_line' id='line_1_96' title="bbox 2057 3734 3639 3810; baseline -0.006 -17"><span class='ocrx_word' id='word_1_770' title='bbox 2057 3738 2314 3793; x_wconf 87' lang='grc' dir='ltr'>τοσοῦτον</span> <span class='ocrx_word' id='word_1_771' title='bbox 2339 3738 2542 3810; x_wconf 82' lang='grc' dir='ltr'>πλῆθος</span> <span class='ocrx_word' id='word_1_772' title='bbox 2574 3739 2781 3794; x_wconf 80' lang='grc' dir='ltr'>ὑδάτων</span> <span class='ocrx_word' id='word_1_773' title='bbox 2802 3738 3022 3810; x_wconf 74' lang='grc' dir='ltr'>ἔχουσα,</span> <span class='ocrx_word' id='word_1_774' title='bbox 3043 3739 3143 3793; x_wconf 84' lang='grc' dir='ltr'>οὐκ</span> <span class='ocrx_word' id='word_1_775' title='bbox 3163 3740 3498 3810; x_wconf 75' lang='grc' dir='ltr'>ἐκρήγνυται</span> <span class='ocrx_word' id='word_1_776' title='bbox 3529 3734 3639 3786; x_wconf 82' lang='grc' dir='ltr'>τῶν</span> 
     </span>
    </p>
   </div>
   <div class='ocr_carea' id='block_1_97' title="bbox 2058 3825 3639 3905">
    <p class='ocr_par' dir='ltr' id='par_1_97' title="bbox 2058 3825 3639 3905">
     <span class='ocr_line' id='line_1_97' title="bbox 2058 3825 3639 3905; baseline -0.004 -19"><span class='ocrx_word' id='word_1_777' title='bbox 2058 3833 2273 3887; x_wconf 79' lang='grc' dir='ltr'>οἰκείων</span> <span class='ocrx_word' id='word_1_778' title='bbox 2304 3832 2481 3905; x_wconf 79' lang='grc' dir='ltr'>ὅρων,</span> <span class='ocrx_word' id='word_1_779' title='bbox 2516 3832 2617 3885; x_wconf 91' lang='grc' dir='ltr'>οὐκ</span> <span class='ocrx_word' id='word_1_780' title='bbox 2649 3831 2927 3897; x_wconf 81' lang='grc' dir='ltr'>ἐπικλύζει</span> <span class='ocrx_word' id='word_1_781' title='bbox 2965 3832 3062 3903; x_wconf 77' lang='grc' dir='ltr'>τὴν</span> <span class='ocrx_word' id='word_1_782' title='bbox 3094 3831 3306 3900; x_wconf 86' lang='grc' dir='ltr'>γείτονα</span> <span class='ocrx_word' id='word_1_783' title='bbox 3342 3828 3467 3898; x_wconf 77' lang='grc' dir='ltr'>γῆν,</span> <span class='ocrx_word' id='word_1_784' title='bbox 3505 3825 3639 3881; x_wconf 82' lang='grc' dir='ltr'>ἀλλά</span> 
     </span>
    </p>
   </div>
   <div class='ocr_carea' id='block_1_98' title="bbox 2060 3920 3640 3995">
    <p class='ocr_par' dir='ltr' id='par_1_98' title="bbox 2060 3920 3640 3995">
     <span class='ocr_line' id='line_1_98' title="bbox 2060 3920 3640 3995; baseline -0.006 -16"><span class='ocrx_word' id='word_1_785' title='bbox 2060 3927 2155 3979; x_wconf 82' lang='grc' dir='ltr'>καὶ</span> <span class='ocrx_word' id='word_1_786' title='bbox 2197 3923 2336 3995; x_wconf 83' lang='grc' dir='ltr'>αὑτὴ</span> <span class='ocrx_word' id='word_1_787' title='bbox 2391 3923 2611 3993; x_wconf 86' lang='grc' dir='ltr'>δεσμοῖς</span> <span class='ocrx_word' id='word_1_788' title='bbox 2659 3925 2936 3995; x_wconf 79' lang='grc' dir='ltr'>ἀκινήτοις</span> <span class='ocrx_word' id='word_1_789' title='bbox 2979 3923 3316 3994; x_wconf 78' lang='grc' dir='ltr'>πεπέδηταιο</span> <span class='ocrx_word' id='word_1_790' title='bbox 3358 3920 3532 3974; x_wconf 89' lang='grc' dir='ltr'>καίτοι</span> <span class='ocrx_word' id='word_1_791' title='bbox 3575 3935 3640 3987; x_wconf 89' lang='grc' dir='ltr'>γε</span> 
     </span>
    </p>
   </div>
   <div class='ocr_carea' id='block_1_99' title="bbox 2059 4010 3643 4085">
    <p class='ocr_par' dir='ltr' id='par_1_99' title="bbox 2059 4010 3643 4085">
     <span class='ocr_line' id='line_1_99' title="bbox 2059 4010 3643 4085; baseline -0.006 -13"><span class='ocrx_word' id='word_1_792' title='bbox 2059 4016 2294 4079; x_wconf 67' lang='grc' dir='ltr'>ἄτακτος</span> <span class='ocrx_word' id='word_1_793' title='bbox 2326 4016 2361 4085; x_wconf 90' lang='grc' dir='ltr'>ή</span> <span class='ocrx_word' id='word_1_794' title='bbox 2409 4014 2519 4068; x_wconf 83' lang='grc' dir='ltr'>τῶν</span> <span class='ocrx_word' id='word_1_795' title='bbox 2549 4015 2754 4070; x_wconf 78' lang='grc' dir='ltr'>ὑδάτων</span> <span class='ocrx_word' id='word_1_796' title='bbox 2792 4016 2974 4085; x_wconf 83' lang='grc' dir='ltr'>φύσις.</span> <span class='ocrx_word' id='word_1_797' title='bbox 3009 4016 3177 4069; x_wconf 80' lang='grc' dir='ltr'>Ὅταν</span> <span class='ocrx_word' id='word_1_798' title='bbox 3205 4014 3266 4066; x_wconf 80' lang='grc' dir='ltr'>δὲ</span> <span class='ocrx_word' id='word_1_799' title='bbox 3304 4014 3399 4066; x_wconf 73' lang='grc' dir='ltr'>καὶ</span> <span class='ocrx_word' id='word_1_800' title='bbox 3439 4010 3643 4082; x_wconf 81' lang='grc' dir='ltr'>πλῆθος</span> 
     </span>
    </p>
   </div>
   <div class='ocr_carea' id='block_1_100' title="bbox 2061 4101 3641 4180">
    <p class='ocr_par' dir='ltr' id='par_1_100' title="bbox 2061 4101 3641 4180">
     <span class='ocr_line' id='line_1_100' title="bbox 2061 4101 3641 4180; baseline -0.003 -21"><span class='ocrx_word' id='word_1_801' title='bbox 2061 4106 2312 4160; x_wconf 88' lang='grc' dir='ltr'>τοσοῦτον</span> <span class='ocrx_word' id='word_1_802' title='bbox 2353 4101 2412 4180; x_wconf 80' lang='grc' dir='ltr'>ᾖ,</span> <span class='ocrx_word' id='word_1_803' title='bbox 2451 4105 2547 4159; x_wconf 74' lang='grc' dir='ltr'>καὶ</span> <span class='ocrx_word' id='word_1_804' title='bbox 2594 4107 2697 4160; x_wconf 80' lang='grc' dir='ltr'>ὑπὸ</span> <span class='ocrx_word' id='word_1_805' title='bbox 2735 4106 3003 4161; x_wconf 85' lang='grc' dir='ltr'>τοσούτων</span> <span class='ocrx_word' id='word_1_806' title='bbox 3043 4105 3366 4177; x_wconf 88' lang='grc' dir='ltr'>πνευμάτων</span> <span class='ocrx_word' id='word_1_807' title='bbox 3402 4101 3641 4172; x_wconf 82' lang='grc' dir='ltr'>ὼθῆται,</span> 
     </span>
    </p>
   </div>
   <div class='ocr_carea' id='block_1_101' title="bbox 2067 4194 3643 4270">
    <p class='ocr_par' dir='ltr' id='par_1_101' title="bbox 2067 4194 3643 4270">
     <span class='ocr_line' id='line_1_101' title="bbox 2067 4194 3643 4270; baseline -0.004 -18"><span class='ocrx_word' id='word_1_808' title='bbox 2067 4198 2320 4270; x_wconf 71' lang='grc' dir='ltr'>ἐννόησον</span> <span class='ocrx_word' id='word_1_809' title='bbox 2346 4197 2534 4270; x_wconf 85' lang='grc' dir='ltr'>ήλίκου</span> <span class='ocrx_word' id='word_1_810' title='bbox 2564 4198 2843 4270; x_wconf 88' lang='grc' dir='ltr'>θαύματος</span> <span class='ocrx_word' id='word_1_811' title='bbox 2873 4199 2933 4253; x_wconf 83' lang='grc' dir='ltr'>τὸ</span> <span class='ocrx_word' id='word_1_812' title='bbox 2963 4200 3100 4269; x_wconf 85' lang='grc' dir='ltr'>μήτε</span> <span class='ocrx_word' id='word_1_813' title='bbox 3133 4197 3275 4251; x_wconf 84' lang='grc' dir='ltr'>κατὰ</span> <span class='ocrx_word' id='word_1_814' title='bbox 3297 4196 3394 4267; x_wconf 78' lang='grc' dir='ltr'>τήν</span> <span class='ocrx_word' id='word_1_815' title='bbox 3416 4194 3643 4261; x_wconf 81' lang='grc' dir='ltr'>ἀταξίαν</span> 
     </span>
    </p>
   </div>
   <div class='ocr_carea' id='block_1_102' title="bbox 2068 4287 3641 4364">
    <p class='ocr_par' dir='ltr' id='par_1_102' title="bbox 2068 4287 3641 4364">
     <span class='ocr_line' id='line_1_102' title="bbox 2068 4287 3641 4364; baseline -0.003 -20"><span class='ocrx_word' id='word_1_816' title='bbox 2068 4293 2205 4364; x_wconf 88' lang='grc' dir='ltr'>μήτε</span> <span class='ocrx_word' id='word_1_817' title='bbox 2229 4291 2319 4346; x_wconf 85' lang='grc' dir='ltr'>τὸν</span> <span class='ocrx_word' id='word_1_818' title='bbox 2345 4289 2509 4359; x_wconf 74' lang='grc' dir='ltr'>ὄγκον</span> <span class='ocrx_word' id='word_1_819' title='bbox 2551 4295 2687 4361; x_wconf 86' lang='grc' dir='ltr'>μήτε</span> <span class='ocrx_word' id='word_1_820' title='bbox 2710 4290 2809 4363; x_wconf 80' lang='grc' dir='ltr'>τὴν</span> <span class='ocrx_word' id='word_1_821' title='bbox 2838 4290 2959 4362; x_wconf 72' lang='grc' dir='ltr'>βίαν</span> <span class='ocrx_word' id='word_1_822' title='bbox 2994 4289 3280 4346; x_wconf 74' lang='grc' dir='ltr'>ἐκπίπτειν</span> <span class='ocrx_word' id='word_1_823' title='bbox 3311 4289 3410 4359; x_wconf 82' lang='grc' dir='ltr'>τῆς</span> <span class='ocrx_word' id='word_1_824' title='bbox 3439 4287 3641 4353; x_wconf 85' lang='grc' dir='ltr'>οἰκείας</span> 
     </span>
    </p>
   </div>
   <div class='ocr_carea' id='block_1_103' title="bbox 2063 4379 3643 4456">
    <p class='ocr_par' dir='ltr' id='par_1_103' title="bbox 2063 4379 3643 4456">
     <span class='ocr_line' id='line_1_103' title="bbox 2063 4379 3643 4456; baseline -0.004 -19"><span class='ocrx_word' id='word_1_825' title='bbox 2063 4383 2281 4455; x_wconf 86' lang='grc' dir='ltr'>χώρας,</span> <span class='ocrx_word' id='word_1_826' title='bbox 2330 4381 2466 4437; x_wconf 86' lang='grc' dir='ltr'>ἀλλά</span> <span class='ocrx_word' id='word_1_827' title='bbox 2513 4385 2692 4437; x_wconf 83' lang='grc' dir='ltr'>πᾶσαν</span> <span class='ocrx_word' id='word_1_828' title='bbox 2742 4384 2800 4436; x_wconf 81' lang='grc' dir='ltr'>ὲν</span> <span class='ocrx_word' id='word_1_829' title='bbox 2847 4379 3042 4455; x_wconf 81' lang='grc' dir='ltr'>ἀταξίᾳ</span> <span class='ocrx_word' id='word_1_830' title='bbox 3085 4382 3323 4456; x_wconf 81' lang='grc' dir='ltr'>τοσαύτῃ</span> <span class='ocrx_word' id='word_1_831' title='bbox 3366 4379 3643 4452; x_wconf 82' lang='grc' dir='ltr'>διατηρεῖν</span> 
     </span>
    </p>
   </div>
   <div class='ocr_carea' id='block_1_104' title="bbox 2065 4474 3643 4548">
    <p class='ocr_par' dir='ltr' id='par_1_104' title="bbox 2065 4474 3643 4548">
     <span class='ocr_line' id='line_1_104' title="bbox 2065 4474 3643 4548; baseline -0.001 -18"><span class='ocrx_word' id='word_1_832' title='bbox 2065 4476 2337 4541; x_wconf 83' lang='grc' dir='ltr'>εὐταξίαν.</span> <span class='ocrx_word' id='word_1_833' title='bbox 2382 4474 2567 4529; x_wconf 90' lang='grc' dir='ltr'>Ταῦτα</span> <span class='ocrx_word' id='word_1_834' title='bbox 2605 4475 2784 4530; x_wconf 87' lang='grc' dir='ltr'>τοίνυν</span> <span class='ocrx_word' id='word_1_835' title='bbox 2824 4474 3273 4547; x_wconf 81' lang='grc' dir='ltr'>ἀναλογιζόμενος</span> <span class='ocrx_word' id='word_1_836' title='bbox 3310 4475 3518 4548; x_wconf 87' lang='grc' dir='ltr'>δυνήσῃ</span> <span class='ocrx_word' id='word_1_837' title='bbox 3549 4476 3643 4529; x_wconf 73' lang='grc' dir='ltr'>καὶ</span> 
     </span>
    </p>
   </div>
   <div class='ocr_carea' id='block_1_105' title="bbox 2065 4565 3642 4639">
    <p class='ocr_par' dir='ltr' id='par_1_105' title="bbox 2065 4565 3642 4639">
     <span class='ocr_line' id='line_1_105' title="bbox 2065 4565 3642 4639; baseline 0 -19"><span class='ocrx_word' id='word_1_838' title='bbox 2065 4566 2314 4622; x_wconf 79' lang='grc' dir='ltr'>ἐντεῦθεν</span> <span class='ocrx_word' id='word_1_839' title='bbox 2345 4565 2513 4638; x_wconf 84' lang='grc' dir='ltr'>ῦμνον</span> <span class='ocrx_word' id='word_1_840' title='bbox 2537 4567 2785 4637; x_wconf 79' lang='grc' dir='ltr'>ὑφαίνειν</span> <span class='ocrx_word' id='word_1_841' title='bbox 2806 4567 2883 4639; x_wconf 89' lang='grc' dir='ltr'>τῷ</span> <span class='ocrx_word' id='word_1_842' title='bbox 2915 4565 3058 4639; x_wconf 83' lang='grc' dir='ltr'>Θεῷ,</span> <span class='ocrx_word' id='word_1_843' title='bbox 3088 4569 3180 4621; x_wconf 79' lang='grc' dir='ltr'>καὶ</span> <span class='ocrx_word' id='word_1_844' title='bbox 3213 4567 3512 4639; x_wconf 78' lang='grc' dir='ltr'>θαυμάζειν</span> <span class='ocrx_word' id='word_1_845' title='bbox 3542 4567 3642 4621; x_wconf 88' lang='grc' dir='ltr'>αὐ-</span> 
     </span>
    </p>
   </div>
   <div class='ocr_carea' id='block_1_106' title="bbox 2065 4656 3642 4730">
    <p class='ocr_par' dir='ltr' id='par_1_106' title="bbox 2065 4656 3642 4730">
     <span class='ocr_line' id='line_1_106' title="bbox 2065 4656 3642 4730; baseline 0 -19"><span class='ocrx_word' id='word_1_846' title='bbox 2065 4658 2159 4711; x_wconf 88' lang='grc' dir='ltr'>τοῦ</span> <span class='ocrx_word' id='word_1_847' title='bbox 2185 4661 2285 4729; x_wconf 82' lang='grc' dir='ltr'>τὴν</span> <span class='ocrx_word' id='word_1_848' title='bbox 2307 4657 2554 4728; x_wconf 84' lang='grc' dir='ltr'>δύναμιν,</span> <span class='ocrx_word' id='word_1_849' title='bbox 2571 4658 2672 4729; x_wconf 81' lang='grc' dir='ltr'>τὴν</span> <span class='ocrx_word' id='word_1_850' title='bbox 2692 4657 2905 4729; x_wconf 78' lang='grc' dir='ltr'>σοφίαν,</span> <span class='ocrx_word' id='word_1_851' title='bbox 2925 4657 3024 4730; x_wconf 74' lang='grc' dir='ltr'>τὴν</span> <span class='ocrx_word' id='word_1_852' title='bbox 3051 4658 3223 4730; x_wconf 74' lang='grc' dir='ltr'>ἰσχὺν,</span> <span class='ocrx_word' id='word_1_853' title='bbox 3245 4659 3346 4729; x_wconf 82' lang='grc' dir='ltr'>τὴν</span> <span class='ocrx_word' id='word_1_854' title='bbox 3373 4656 3642 4725; x_wconf 75' lang='grc' dir='ltr'>ἐξουσίαν.</span> 
     </span>
    </p>
   </div>
   <div class='ocr_carea' id='block_1_107' title="bbox 2069 4750 3645 4826">
    <p class='ocr_par' dir='ltr' id='par_1_107' title="bbox 2069 4750 3645 4826">
     <span class='ocr_line' id='line_1_107' title="bbox 2069 4750 3645 4826; baseline -0.004 -19"><span class='ocrx_word' id='word_1_855' title='bbox 2069 4753 2190 4808; x_wconf 77' lang='grc' dir='ltr'>Εἰσὶ</span> <span class='ocrx_word' id='word_1_856' title='bbox 2215 4752 2273 4806; x_wconf 81' lang='grc' dir='ltr'>δὲ</span> <span class='ocrx_word' id='word_1_857' title='bbox 2318 4754 2413 4807; x_wconf 76' lang='grc' dir='ltr'>καὶ</span> <span class='ocrx_word' id='word_1_858' title='bbox 2457 4752 2635 4822; x_wconf 70' lang='grc' dir='ltr'>ἕτεροι</span> <span class='ocrx_word' id='word_1_859' title='bbox 2683 4753 2833 4821; x_wconf 86' lang='grc' dir='ltr'>λόγοι</span> <span class='ocrx_word' id='word_1_860' title='bbox 2882 4753 3189 4826; x_wconf 68' lang='grc' dir='ltr'>ἀπόρρητοι</span> <span class='ocrx_word' id='word_1_861' title='bbox 3232 4752 3457 4815; x_wconf 85' lang='grc' dir='ltr'>τούτων,</span> <span class='ocrx_word' id='word_1_862' title='bbox 3489 4750 3582 4814; x_wconf 80' lang='grc' dir='ltr'>οὒς</span> <span class='ocrx_word' id='word_1_863' title='bbox 3618 4751 3645 4800; x_wconf 80' lang='grc' dir='ltr'>ὁ</span> 
     </span>
    </p>
   </div>
   <div class='ocr_carea' id='block_1_108' title="bbox 2069 4841 3643 4915">
    <p class='ocr_par' dir='ltr' id='par_1_108' title="bbox 2069 4841 3643 4915">
     <span class='ocr_line' id='line_1_108' title="bbox 2069 4841 3643 4915; baseline 0 -14"><span class='ocrx_word' id='word_1_864' title='bbox 2069 4845 2301 4915; x_wconf 83' lang='grc' dir='ltr'>ποιήσας</span> <span class='ocrx_word' id='word_1_865' title='bbox 2327 4841 2465 4898; x_wconf 77' lang='grc' dir='ltr'>οἶδεν</span> <span class='ocrx_word' id='word_1_866' title='bbox 2509 4843 2692 4908; x_wconf 83' lang='grc' dir='ltr'>αὐτός.</span> <span class='ocrx_word' id='word_1_867' title='bbox 2723 4845 2814 4898; x_wconf 82' lang='grc' dir='ltr'>Διὸ</span> <span class='ocrx_word' id='word_1_868' title='bbox 2846 4846 2937 4899; x_wconf 85' lang='grc' dir='ltr'>καί</span> <span class='ocrx_word' id='word_1_869' title='bbox 2983 4864 3067 4911; x_wconf 91' lang='grc' dir='ltr'>τις</span> <span class='ocrx_word' id='word_1_870' title='bbox 3099 4845 3284 4915; x_wconf 82' lang='grc' dir='ltr'>έλεγε·</span> <span class='ocrx_word' id='word_1_871' title='bbox 3317 4844 3414 4912; x_wconf 75' lang='grc' dir='ltr'>Μὴ</span> <span class='ocrx_word' id='word_1_872' title='bbox 3446 4843 3643 4909; x_wconf 66' lang='grc' dir='ltr'>εἴπῃς,</span> 
     </span>
    </p>
   </div>
   <div class='ocr_carea' id='block_1_109' title="bbox 2067 4935 3646 5008">
    <p class='ocr_par' dir='ltr' id='par_1_109' title="bbox 2067 4935 3646 5008">
     <span class='ocr_line' id='line_1_109' title="bbox 2067 4935 3646 5008; baseline -0.003 -17"><span class='ocrx_word' id='word_1_873' title='bbox 2067 4938 2171 4993; x_wconf 85' lang='grc' dir='ltr'>Διὰ</span> <span class='ocrx_word' id='word_1_874' title='bbox 2194 4938 2251 4991; x_wconf 85' lang='grc' dir='ltr'>τί</span> <span class='ocrx_word' id='word_1_875' title='bbox 2270 4937 2481 5001; x_wconf 86' lang='grc' dir='ltr'>τοῦτο;</span> <span class='ocrx_word' id='word_1_876' title='bbox 2508 4941 2611 5004; x_wconf 88' lang='grc' dir='ltr'>Εὶς</span> <span class='ocrx_word' id='word_1_877' title='bbox 2635 4939 2694 4993; x_wconf 79' lang='grc' dir='ltr'>τί</span> <span class='ocrx_word' id='word_1_878' title='bbox 2713 4939 2928 5002; x_wconf 82' lang='grc' dir='ltr'>τοῦτο;</span> <span class='ocrx_word' id='word_1_879' title='bbox 2960 4938 3164 4994; x_wconf 78' lang='grc' dir='ltr'>Πάντα</span> <span class='ocrx_word' id='word_1_880' title='bbox 3194 4940 3303 5008; x_wconf 74' lang='grc' dir='ltr'>γὰρ</span> <span class='ocrx_word' id='word_1_881' title='bbox 3330 4939 3418 5001; x_wconf 84' lang='grc' dir='ltr'>είς</span> <span class='ocrx_word' id='word_1_882' title='bbox 3439 4935 3646 5005; x_wconf 77' lang='grc' dir='ltr'>χρείαν</span> 
     </span>
    </p>
   </div>
   <div class='ocr_carea' id='block_1_110' title="bbox 2068 5028 3647 5100">
    <p class='ocr_par' dir='ltr' id='par_1_110' title="bbox 2068 5028 3647 5100">
     <span class='ocr_line' id='line_1_110' title="bbox 2068 5028 3647 5100; baseline -0.003 -16"><span class='ocrx_word' id='word_1_883' title='bbox 2068 5029 2255 5084; x_wconf 86' lang='grc' dir='ltr'>αὐτοῦ</span> <span class='ocrx_word' id='word_1_884' title='bbox 2290 5029 2548 5100; x_wconf 73' lang='grc' dir='ltr'>ἐγένετο.</span> <span class='ocrx_word' id='word_1_885' title='bbox 2588 5030 2735 5098; x_wconf 88' lang='grc' dir='ltr'>Πῦρ,</span> <span class='ocrx_word' id='word_1_886' title='bbox 2768 5029 3012 5100; x_wconf 70' lang='grc' dir='ltr'>χάλαζα,</span> <span class='ocrx_word' id='word_1_887' title='bbox 3042 5030 3207 5099; x_wconf 83' lang='grc' dir='ltr'>χιὼν,</span> <span class='ocrx_word' id='word_1_888' title='bbox 3242 5028 3647 5096; x_wconf 68' lang='grc' dir='ltr'>κρύσταλλος,</span> 
     </span>
    </p>
   </div>
   <div class='ocr_carea' id='block_1_111' title="bbox 2074 5119 3648 5190">
    <p class='ocr_par' dir='ltr' id='par_1_111' title="bbox 2074 5119 3648 5190">
     <span class='ocr_line' id='line_1_111' title="bbox 2074 5119 3648 5190; baseline -0.001 -17"><span class='ocrx_word' id='word_1_889' title='bbox 2074 5120 2311 5190; x_wconf 80' lang='grc' dir='ltr'>πνεῦμα</span> <span class='ocrx_word' id='word_1_890' title='bbox 2340 5120 2700 5189; x_wconf 77' lang='grc' dir='ltr'>καταιγίδος,</span> <span class='ocrx_word' id='word_1_891' title='bbox 2740 5120 2815 5174; x_wconf 84' lang='grc' dir='ltr'>τὰ</span> <span class='ocrx_word' id='word_1_892' title='bbox 2853 5120 3142 5175; x_wconf 79' lang='grc' dir='ltr'>ποιοῦντα</span> <span class='ocrx_word' id='word_1_893' title='bbox 3186 5121 3293 5173; x_wconf 80' lang='grc' dir='ltr'>τὸν</span> <span class='ocrx_word' id='word_1_894' title='bbox 3324 5119 3511 5185; x_wconf 72' lang='grc' dir='ltr'>λόγον</span> <span class='ocrx_word' id='word_1_895' title='bbox 3543 5120 3648 5172; x_wconf 81' lang='grc' dir='ltr'>αὐ-</span> 
     </span>
    </p>
   </div>
   <div class='ocr_carea' id='block_1_112' title="bbox 2069 5209 3649 5282">
    <p class='ocr_par' dir='ltr' id='par_1_112' title="bbox 2069 5209 3649 5282">
     <span class='ocr_line' id='line_1_112' title="bbox 2069 5209 3649 5282; baseline -0.003 -17"><span class='ocrx_word' id='word_1_896' title='bbox 2069 5212 2198 5267; x_wconf 81' lang='grc' dir='ltr'>τοῦ.</span> <span class='ocrx_word' id='word_1_897' title='bbox 2236 5212 2499 5267; x_wconf 82' lang='grc' dir='ltr'>Ἐνταῦθα</span> <span class='ocrx_word' id='word_1_898' title='bbox 2537 5213 2631 5267; x_wconf 70' lang='grc' dir='ltr'>καὶ</span> <span class='ocrx_word' id='word_1_899' title='bbox 2683 5212 2871 5282; x_wconf 68' lang='grc' dir='ltr'>ἕτερόν</span> <span class='ocrx_word' id='word_1_900' title='bbox 2918 5230 2971 5265; x_wconf 87' lang='grc' dir='ltr'>τι</span> <span class='ocrx_word' id='word_1_901' title='bbox 3021 5210 3159 5281; x_wconf 84' lang='grc' dir='ltr'>μετά</span> <span class='ocrx_word' id='word_1_902' title='bbox 3203 5209 3313 5264; x_wconf 86' lang='grc' dir='ltr'>τῶν</span> <span class='ocrx_word' id='word_1_903' title='bbox 3346 5211 3649 5280; x_wconf 83' lang='grc' dir='ltr'>εἰρημένων</span> 
     </span>
    </p>
   </div>
   <div class='ocr_carea' id='block_1_113' title="bbox 2073 5300 3651 5375">
    <p class='ocr_par' dir='ltr' id='par_1_113' title="bbox 2073 5300 3651 5375">
     <span class='ocr_line' id='line_1_113' title="bbox 2073 5300 3651 5375; baseline -0.002 -19"><span class='ocrx_word' id='word_1_904' title='bbox 2073 5303 2447 5375; x_wconf 83' lang='grc' dir='ltr'>προστίθησιν.</span> <span class='ocrx_word' id='word_1_905' title='bbox 2481 5303 2571 5355; x_wconf 84' lang='grc' dir='ltr'>Ἐν</span> <span class='ocrx_word' id='word_1_906' title='bbox 2605 5303 2705 5372; x_wconf 81' lang='grc' dir='ltr'>μὲν</span> <span class='ocrx_word' id='word_1_907' title='bbox 2731 5303 2840 5372; x_wconf 87' lang='grc' dir='ltr'>γὰρ</span> <span class='ocrx_word' id='word_1_908' title='bbox 2872 5301 2950 5372; x_wconf 80' lang='grc' dir='ltr'>τῷ</span> <span class='ocrx_word' id='word_1_909' title='bbox 2994 5301 3244 5375; x_wconf 81' lang='grc' dir='ltr'>προτέρῳ</span> <span class='ocrx_word' id='word_1_910' title='bbox 3269 5300 3468 5371; x_wconf 68' lang='grc' dir='ltr'>ψαλμῷ</span> <span class='ocrx_word' id='word_1_911' title='bbox 3496 5301 3651 5354; x_wconf 79' lang='grc' dir='ltr'>τοῦτο</span> 
     </span>
    </p>
   </div>
   <div class='ocr_carea' id='block_1_114' title="bbox 2073 5392 3652 5465">
    <p class='ocr_par' dir='ltr' id='par_1_114' title="bbox 2073 5392 3652 5465">
     <span class='ocr_line' id='line_1_114' title="bbox 2073 5392 3652 5465; baseline -0.001 -19"><span class='ocrx_word' id='word_1_912' title='bbox 2073 5393 2404 5464; x_wconf 67' lang='grc' dir='ltr'>ἐθαύμαζεν,</span> <span class='ocrx_word' id='word_1_913' title='bbox 2435 5394 2518 5447; x_wconf 83' lang='grc' dir='ltr'>δτι</span> <span class='ocrx_word' id='word_1_914' title='bbox 2540 5395 2598 5446; x_wconf 84' lang='grc' dir='ltr'>ὲν</span> <span class='ocrx_word' id='word_1_915' title='bbox 2629 5393 2858 5465; x_wconf 80' lang='grc' dir='ltr'>βραχείᾳ</span> <span class='ocrx_word' id='word_1_916' title='bbox 2879 5392 3071 5465; x_wconf 88' lang='grc' dir='ltr'>καιροῦ</span> <span class='ocrx_word' id='word_1_917' title='bbox 3104 5395 3243 5465; x_wconf 82' lang='grc' dir='ltr'>ῥοπῇ</span> <span class='ocrx_word' id='word_1_918' title='bbox 3269 5394 3451 5447; x_wconf 77' lang='grc' dir='ltr'>πᾶσαν</span> <span class='ocrx_word' id='word_1_919' title='bbox 3473 5392 3652 5445; x_wconf 75' lang='grc' dir='ltr'>ἔπεισι</span> 
     </span>
    </p>
   </div>
   <div class='ocr_carea' id='block_1_115' title="bbox 2073 5485 3651 5559">
    <p class='ocr_par' dir='ltr' id='par_1_115' title="bbox 2073 5485 3651 5559">
     <span class='ocr_line' id='line_1_115' title="bbox 2073 5485 3651 5559; baseline 0 -19"><span class='ocrx_word' id='word_1_920' title='bbox 2073 5487 2174 5559; x_wconf 85' lang='grc' dir='ltr'>τὴν</span> <span class='ocrx_word' id='word_1_921' title='bbox 2204 5489 2308 5556; x_wconf 85' lang='grc' dir='ltr'>γῆν</span> <span class='ocrx_word' id='word_1_922' title='bbox 2334 5488 2369 5558; x_wconf 88' lang='grc' dir='ltr'>ή</span> <span class='ocrx_word' id='word_1_923' title='bbox 2389 5485 2543 5556; x_wconf 86' lang='grc' dir='ltr'>χιὼν,</span> <span class='ocrx_word' id='word_1_924' title='bbox 2565 5488 2594 5539; x_wconf 85' lang='grc' dir='ltr'>ὁ</span> <span class='ocrx_word' id='word_1_925' title='bbox 2619 5486 2971 5557; x_wconf 86' lang='grc' dir='ltr'>κρύσταλλος,</span> <span class='ocrx_word' id='word_1_926' title='bbox 3002 5487 3084 5540; x_wconf 83' lang='grc' dir='ltr'>ὅτι</span> <span class='ocrx_word' id='word_1_927' title='bbox 3117 5487 3408 5557; x_wconf 85' lang='grc' dir='ltr'>πήγνυται,</span> <span class='ocrx_word' id='word_1_928' title='bbox 3438 5486 3521 5540; x_wconf 83' lang='grc' dir='ltr'>ὅτι</span> <span class='ocrx_word' id='word_1_929' title='bbox 3556 5503 3651 5558; x_wconf 84' lang='grc' dir='ltr'>με·</span> 
     </span>
    </p>
   </div>
   <div class='ocr_carea' id='block_1_116' title="bbox 2073 5577 3648 5651">
    <p class='ocr_par' dir='ltr' id='par_1_116' title="bbox 2073 5577 3648 5651">
     <span class='ocr_line' id='line_1_116' title="bbox 2073 5577 3648 5651; baseline 0 -18"><span class='ocrx_word' id='word_1_930' title='bbox 2073 5577 2417 5642; x_wconf 89' lang='grc' dir='ltr'>ταϐάλλεται,</span> <span class='ocrx_word' id='word_1_931' title='bbox 2440 5579 2522 5632; x_wconf 82' lang='grc' dir='ltr'>ὅτι</span> <span class='ocrx_word' id='word_1_932' title='bbox 2552 5578 2690 5649; x_wconf 80' lang='grc' dir='ltr'>πρὸς</span> <span class='ocrx_word' id='word_1_933' title='bbox 2711 5577 2779 5632; x_wconf 74' lang='grc' dir='ltr'>τὰ</span> <span class='ocrx_word' id='word_1_934' title='bbox 2800 5578 3016 5633; x_wconf 73' lang='grc' dir='ltr'>ἐναντία</span> <span class='ocrx_word' id='word_1_935' title='bbox 3041 5578 3358 5651; x_wconf 87' lang='grc' dir='ltr'>μεθίσταται</span> <span class='ocrx_word' id='word_1_936' title='bbox 3377 5596 3391 5610; x_wconf 79' lang='grc'><strong><em>⁸</em></strong></span> <span class='ocrx_word' id='word_1_937' title='bbox 3419 5579 3648 5634; x_wconf 76' lang='grc' dir='ltr'>ἐνταῦθα</span> 
     </span>
    </p>
   </div>
   <div class='ocr_carea' id='block_1_117' title="bbox 2075 5669 3649 5746">
    <p class='ocr_par' dir='ltr' id='par_1_117' title="bbox 2075 5669 3649 5746">
     <span class='ocr_line' id='line_1_117' title="bbox 2075 5669 3649 5746; baseline 0.004 -25"><span class='ocrx_word' id='word_1_938' title='bbox 2075 5672 2157 5735; x_wconf 84' lang='grc' dir='ltr'>δὲ,</span> <span class='ocrx_word' id='word_1_939' title='bbox 2193 5671 2274 5724; x_wconf 81' lang='grc' dir='ltr'>ὅτι</span> <span class='ocrx_word' id='word_1_940' title='bbox 2315 5686 2376 5721; x_wconf 88' lang='grc' dir='ltr'>τε</span> <span class='ocrx_word' id='word_1_941' title='bbox 2409 5671 2509 5723; x_wconf 84' lang='grc' dir='ltr'>οὐκ</span> <span class='ocrx_word' id='word_1_942' title='bbox 2534 5669 2662 5723; x_wconf 80' lang='grc' dir='ltr'>ὄντα</span> <span class='ocrx_word' id='word_1_943' title='bbox 2694 5670 2905 5740; x_wconf 87' lang='grc' dir='ltr'>γέγονε,</span> <span class='ocrx_word' id='word_1_944' title='bbox 2936 5671 3030 5726; x_wconf 74' lang='grc' dir='ltr'>καὶ</span> <span class='ocrx_word' id='word_1_945' title='bbox 3070 5672 3150 5726; x_wconf 80' lang='grc' dir='ltr'>ὅτι</span> <span class='ocrx_word' id='word_1_946' title='bbox 3183 5671 3448 5745; x_wconf 86' lang='grc' dir='ltr'>γενόμενα</span> <span class='ocrx_word' id='word_1_947' title='bbox 3475 5673 3649 5746; x_wconf 83' lang='grc' dir='ltr'>μένει,</span> 
     </span>
    </p>
   </div>
   <div class='ocr_carea' id='block_1_118' title="bbox 2142 5807 3650 5873">
    <p class='ocr_par' dir='ltr' id='par_1_118' title="bbox 2142 5807 3650 5873">
     <span class='ocr_line' id='line_1_118' title="bbox 2142 5807 3650 5873; baseline 0.001 -18"><span class='ocrx_word' id='word_1_948' title='bbox 2142 5809 2163 5837; x_wconf 69' lang='grc' dir='ltr'><strong><em>ο</em></strong></span> <span class='ocrx_word' id='word_1_949' title='bbox 2190 5807 2499 5873; x_wconf 58' lang='lat' dir='ltr'>Rgscrjglum</span> <span class='ocrx_word' id='word_1_950' title='bbox 2523 5807 2577 5854; x_wconf 83' lang='grc' dir='ltr'>οὐ</span> <span class='ocrx_word' id='word_1_951' title='bbox 2601 5807 2786 5873; x_wconf 64' lang='grc' dir='ltr'>δαπανᾷ</span> <span class='ocrx_word' id='word_1_952' title='bbox 2804 5821 2916 5859; x_wconf 86' lang='lat' dir='ltr'>cum</span> <span class='ocrx_word' id='word_1_953' title='bbox 2939 5808 3132 5873; x_wconf 66' lang='grc' dir='ltr'>Μοτειη</span> <span class='ocrx_word' id='word_1_954' title='bbox 3155 5809 3305 5861; x_wconf 73' lang='lat' dir='ltr'>Savil.</span> <span class='ocrx_word' id='word_1_955' title='bbox 3327 5816 3380 5861; x_wconf 79' lang='lat' dir='ltr'><strong>et</strong></span> <span class='ocrx_word' id='word_1_956' title='bbox 3410 5809 3650 5872; x_wconf 54' lang='lat' dir='ltr'>intuma;</span> 
     </span>
    </p>
   </div>
   <div class='ocr_carea' id='block_1_119' title="bbox 2091 5865 2731 5923">
    <p class='ocr_par' dir='ltr' id='par_1_119' title="bbox 2091 5865 2731 5923">
     <span class='ocr_line' id='line_1_119' title="bbox 2091 5865 2731 5923; baseline 0 -7"><span class='ocrx_word' id='word_1_957' title='bbox 2091 5865 2252 5918; x_wconf 75' lang='lat' dir='ltr'>Monlf.</span> <span class='ocrx_word' id='word_1_958' title='bbox 2277 5870 2356 5917; x_wconf 80' lang='grc' dir='ltr'>καὶ</span> <span class='ocrx_word' id='word_1_959' title='bbox 2367 5865 2575 5923; x_wconf 56' lang='lat' dir='ltr'>Batavi.</span> <span class='ocrx_word' id='word_1_960' title='bbox 2607 5869 2731 5918; x_wconf 75' lang='lat' dir='ltr'>Enn.</span> 
     </span>
    </p>
   </div>
  </div>
