4068 6270
561 366 665 427 489

561 486 652 540 zeal
678 486 760 540 δτι
790 486 1017 558 μένοντα
1041 489 1309 545 διακόνων
1337 492 1493 557 τάξιν
1516 495 1842 568 ἀναπληροῖ,
1867 497 2043 554 καίτοι
2069 515 2134 569 γε

559 594 728 663 ἄλογα
772 593 923 661 ὄντα,
958 596 1053 651 zeal
1092 597 1155 652 τὸ
1191 601 1518 673 πρόσταγμα
1551 603 1718 657 αὐτοῦ
1765 604 1905 674 μετά
1938 604 2137 675 πολλῆς

558 699 659 771 τῆς
686 701 933 772 ὑπακοῆς
949 703 1030 768 είς
1051 702 1210 776 ἔργον
1236 704 1439 776 ἐξάγει.
1462 708 1679 764 Μᾶλλον
1703 709 1760 763 δέ
1797 711 1890 764 zeal
1919 710 2137 765 ἐναντία

558 807 628 877 τῇ
674 804 834 875 φύσει
874 804 933 860 ἐν
970 806 1229 873 πολλάκις
1269 810 1548 882 ἐπίταγμα
1575 812 1796 883 ἡνυσεν,
1824 813 2013 885 ὥσπερ
2043 815 2139 868 ἐπὶ

558 910 659 982 τῆς
678 909 1027 976 Βαϐυλωνίας
1058 914 1289 986 καμίνου
1316 916 1380 970 τό
1412 933 1472 970 τε
1495 919 1648 971 καῖον
1669 917 1730 971 τὸ
1761 917 1872 991 πῦρ
1904 921 1997 974 καὶ
2017 920 2140 993 δρο-

561 1021 730 1086 σίζον,
758 1019 994 1092 ἑκάτερα
1021 1023 1258 1094 πρᾶττον
1287 1025 1577 1083 ἐδείκνυτο.
1608 1029 1782 1082 Τοῦτο
1804 1023 1917 1096 οὖν,
1948 1030 2136 1102 φησὶν,

560 1124 908 1195 εὐχαριστίας
929 1127 1078 1193 ἀξιον
1100 1144 1116 1196 ;
1136 1130 1247 1183 Kal
1273 1130 1473 1201 πολλῆς
1494 1131 1595 1202 μὲν
1614 1128 1729 1185 οὖν.
1753 1132 1857 1186 Τὸν
1876 1133 1988 1204 γάρ
2006 1133 2138 1187 Θεὸν

559 1231 762 1301 ὁμοίως
807 1236 1067 1306 ἀνυμνεῖν
1112 1236 1220 1309 χρὴ
1238 1278 1253 1305 ,
1280 1239 1376 1290 zeal
1429 1236 1728 1301 κολάζοντα
1777 1237 1872 1293 καὶ
1922 1237 2138 1292 ἀνιέντα

560 1330 853 1402 κολάσεως.
917 1339 1228 1412 Ἀμφότερα
1276 1339 1385 1411 γὰρ
1436 1341 1794 1413 κηδεμονίας,
1853 1343 2177 1419 ἀμφότερα,

560 1441 913 1514 ἁγαθότητος.
960 1442 1268 1517 Ἄνθρωποι
1320 1444 1419 1515 μὲν
1458 1443 1567 1515 γὰρ
1610 1444 1672 1499 τὸ
1703 1445 1805 1515 μὲν
1842 1444 2138 1518 ἀγαθότητι

561 1547 792 1616 ποιοῦσι,
818 1550 881 1603 τὸ
906 1548 965 1603 δέ
998 1549 1233 1621 πονηρίᾳ
1275 1549 1371 1603 zeal
1398 1548 1588 1621 θυμῷ·
1636 1550 1666 1603 ὁ
1704 1550 1762 1604 δέ
1785 1550 1919 1615 Θεὸς
1953 1552 2137 1622 ἀμφό-

558 1669 692 1724 τερα
720 1653 1121 1727 φιλανθρωπίᾳ.
1150 1653 1383 1726 ὀμοίως
1409 1653 1540 1724 γοῦν
1561 1655 1728 1709 αὐτὸν
1756 1656 2013 1728 ἀνυμνεῖν
2034 1656 2135 1724 δεῖ,

560 1759 655 1813 zeal
686 1760 769 1813 ὅτι
797 1758 992 1831 ἔθηκεν
1018 1760 1076 1813 ἐν
1104 1758 1420 1831 παραδείσῳ
1456 1764 1548 1813 τὸν
1574 1759 1769 1832 Ἀδὰμ,
1806 1762 1906 1816 zeal
1935 1763 2018 1817 ὅτι
2048 1762 2137 1828 ἐξ-

561 1865 742 1931 έϐαλε,
776 1865 871 1920 zeal
894 1866 1055 1936 χάριν
1083 1865 1283 1920 εἰδέναι
1310 1866 1409 1937 οὐχ
1439 1867 1580 1939 ὑπὲρ
1598 1866 1701 1938 τῆς
1737 1867 2012 1940 βασιλείας
2040 1869 2137 1941 μό-

562 1987 671 2037 νον,
701 1970 836 2025 ἀλλά
860 1971 956 2025 zeal
978 1971 1117 2043 ὑπὲρ
1145 1970 1245 2042 τῆς
1272 1970 1517 2044 γεέννης.
1535 1974 1645 2027 Kal
1671 1972 1782 2046 γὰρ
1812 1975 1907 2028 zeal
1934 1974 2137 2047 ταύτην

560 2077 784 2148 ἐποίησέ
828 2094 889 2131 τε
920 2077 1014 2131 zeal
1042 2076 1357 2149 ἠπείλησεν,
1395 2076 1535 2132 ὥστε
1566 2079 1763 2144 κακίας
1804 2080 2133 2146 ἀπαλλάξαι.

562 2184 773 2255 Ὥσπερ
810 2179 904 2238 οῦν
955 2183 1135 2256 ἰατρὸν
1181 2183 1244 2236 οὐ
1289 2182 1559 2256 τρέφοντα
1608 2182 1808 2257 μόνον,
1862 2185 1999 2240 ἀλλά
2043 2190 2136 2242 zeal

558 2290 798 2361 ἄγχοντα
822 2287 985 2360 λιμῷ,
1015 2288 1116 2342 οὐκ
1147 2288 1228 2352 εἰς
1257 2288 1464 2360 ἀγορὰν
1496 2289 1657 2361 μόνον
1687 2290 1971 2360 ἐξάγοντα,
1999 2292 2137 2347 ἀλλά

559 2394 654 2447 καὶ
676 2394 735 2447 ἐν
763 2392 932 2459 οἴκοις
958 2410 1059 2446 που
1082 2392 1494 2459 κατακλείοντα,
1512 2394 1613 2448 οὐκ
1640 2394 1929 2465 ἀλείφοντα
1953 2395 2131 2466 μόνον,

559 2498 696 2553 ἀλλά
728 2499 821 2553 zeal
853 2498 1078 2553 καίοντα
1112 2499 1206 2551 zeal
1230 2498 1498 2569 τέμνοντα
1528 2498 1904 2570 θαυμάζομεν·
1935 2502 1985 2553 εἰ
2025 2501 2134 2575 γὰρ

560 2605 655 2657 καὶ
698 2604 914 2658 ἐναντία
951 2604 1020 2657 τά
1048 2603 1334 2675 γινόμενα,
1375 2602 1510 2658 ἀλλά
1551 2604 1687 2676 πρὸς
1719 2605 1778 2659 ἐν
1812 2607 1915 2679 ὁρᾷ
1948 2606 2132 2670 τέλοςο

558 2711 701 2765 οὕτω
737 2711 831 2765 zeal
871 2710 962 2764 τὸν
988 2710 1121 2764 Θεὸν
1156 2709 1296 2782 ὑπὲρ
1320 2709 1574 2765 ἁπάντων
1597 2711 1856 2782 ἀνυμνεῖν
1886 2712 2014 2785 χρὴ,
2040 2713 2135 2767 καὶ

560 2816 739 2888 πολλῷ
763 2814 915 2889 μοι]
955 2814 1136 2879 πλέον,
1170 2815 1280 2885 ὅσῳ
1314 2816 1343 2867 ὁ
1369 2814 1467 2885 μὲν
1495 2815 1648 2882 Θεὸς,
1676 2818 1705 2870 ὁ
1732 2816 1790 2870 δέ
1814 2816 2096 2890 ἄνθρωπος
2116 2834 2133 2852 ο

558 2926 653 2980 καὶ
690 2926 772 2978 ὅτι
802 2922 871 2976 τά
909 2923 1008 2994 μὲν
1035 2919 1237 2977 τούτων
1284 2920 1544 2986 πολλάκις
1581 2924 1675 2975 καὶ
1707 2924 1788 2987 εἰς
1823 2924 2135 2981 τούναντίον

558 3025 740 3096 ἐξέδη,
768 3024 837 3077 τά
865 3022 923 3077 δὲ
945 3020 1039 3076 τοῦ
1062 3022 1198 3076 Θεοῦ
1229 3021 1367 3093 μετά
1398 3022 1497 3093 τῆς
1523 3024 1906 3096 προσηκούσης
1929 3026 2134 3095 γίνεται

556 3132 747 3201 σοφίας
776 3130 869 3185 zeal
900 3127 1243 3201 κηδεμονίας.
1278 3128 1354 3183 Οὐ
1382 3132 1700 3202 τιμωρεῖται
1745 3131 1804 3184 δέ
1840 3131 2002 3203 μόνον
2034 3131 2134 3203 χά-

553 3238 694 3302 λαζα
719 3237 812 3291 zeal
838 3235 971 3308 πῦρ,
993 3234 1129 3289 ἀλλὰ
1151 3235 1246 3288 καὶ
1286 3235 1556 3306 τιμωρίας
1583 3234 1881 3307 ἀπήλλαξε,
1922 3238 2017 3290 καί
2038 3256 2135 3292 πο-

553 3342 614 3398 λέ
623 3359 753 3413 μους
775 3341 992 3412 ἔστησε,
1009 3339 1103 3392 zeal
1123 3340 1351 3411 ἐχθροὺς
1370 3339 1622 3403 ἐπιόντας
1640 3340 2038 3413 ἀπεκρούσατο.
2062 3344 2134 3397 Ἦ

553 3450 654 3503 οὒκ
674 3441 830 3501 οἶσθα
857 3448 914 3500 ἐν
937 3445 1198 3516 Αἰγύπτῳ
1223 3445 1325 3500 ὅσα
1346 3443 1435 3499 διά
1457 3443 1662 3500 τούτων
1685 3444 2136 3521 ἐθαυματουργή-

554 3553 624 3625 θη
656 3549 764 3604 τῶν
794 3548 1091 3619 στοιχείων,
1117 3549 1213 3602 zeal
1239 3548 1455 3603 ἐπὶτῶν
1483 3549 1771 3616 Ἰουδαίων,
1800 3553 1894 3606 zeal
1920 3553 2012 3607 ἐπὶ
2037 3554 2133 3625 τῆς

553 3657 746 3727 γενεᾶς
769 3655 870 3729 τῆς
900 3654 1194 3727 ἡμετέραςς
1224 3654 1334 3709 Kal
1363 3654 1597 3727 τοσαύτη
1628 3657 1662 3727 ἡ
1690 3654 1784 3710 τοῦ
1824 3657 2135 3723 κελεύοντος

551 3764 800 3834 δύναμις,
837 3763 921 3816 ὅτι
951 3763 1093 3834 άπερ
1129 3761 1197 3815 δι’
1227 3761 1472 3830 ἀγγέλων
1529 3761 1722 3831 ἐποίει,
1768 3764 1878 3818 τῶν
1931 3765 2133 3837 νοερῶν

552 3869 780 3922 ἐκείνων
798 3868 894 3921 καὶ
919 3866 1168 3937 μεγάλων
1186 3865 1485 3936 δυνάμεων.
1526 3865 1701 3922 ταῦτα
1756 3867 2018 3934 πολλάκις
2038 3871 2134 3925 καὶ

550 3974 639 4029 διά
668 3973 781 4027 τῶν
811 3972 1087 4043 στοιχείων
1112 3968 1570 4043 ἐθαυματούργει,
1596 3973 1681 4026 ἵνα
1703 3974 1830 4028 ὅταν
1852 3973 1947 4027 zeal
1967 3974 2133 4044 ἀγγε-

550 4081 641 4141 λος
659 4078 834 4133 ταῦτα
855 4078 1175 4150 ἐργάσηται,
1197 4075 1386 4148 μηδεὶς
1413 4065 1520 4130 τῶ¹ν
1544 4075 1914 4149 ἀνοητοτέρων
1938 4079 2133 4152 ἐκείνῳ

548 4184 851 4257 λογίζηται,
877 4182 1011 4239 άλλά
1046 4181 1127 4253 τῷ
1166 4180 1501 4247 ἐπιτάξαντι.
1535 4179 1803 4252 Ἐστησεν
1843 4178 1935 4237 οὖν
1969 4184 2132 4254 ἄγγε-

550 4291 643 4355 λος
687 4289 919 4361 πόλεμον
943 4306 959 4356 ;
989 4289 1225 4360 Ἔστησε
1255 4288 1349 4341 zeal
1395 4286 1627 4358 χάλαζα.
1671 4287 1871 4341 Ἀνεῖλε
1899 4288 1968 4342 τά
1985 4307 2133 4362 πρωο

549 4396 748 4450 τότοκα
783 4395 1047 4465 ἀγγελος;
1088 4394 1287 4448 Ἀνεῖλε
1321 4395 1415 4449 zeal
1444 4395 1696 4464 καταιγίς
1737 4394 2004 4468 θαλάττης
2040 4397 2135 4451 τὸν

550 4499 722 4570 δῆμον
762 4499 995 4554 ἅπαντα.
1030 4499 1200 4572 ’Υπέρ
1231 4501 1484 4554 ἁπάντων
1501 4499 1681 4553 τοίνυν
1708 4499 2016 4572 εὐχαρίστει
2053 4502 2132 4575 τῷ

552 4605 918 4678 φιλανθρώπῳ
936 4604 1161 4676 Θειῖιπὰ
1180 4605 1284 4674 ὅρη
1299 4605 1399 4659 zeal
1417 4604 1641 4671 πάντες
1655 4608 1708 4661 οι
1719 4607 1959 4674 ,βουνσί,
1975 4608 2134 4673 ξύλα

551 4709 904 4782 καρποφόρα
932 4709 1032 4763 zeal
1061 4706 1250 4764 πᾶσαι
1277 4706 1493 4777 κέδροι.⁸
1526 4708 1596 4764 τὰ
1612 4709 1788 4779 θηρία
1808 4710 1907 4764 zeal
1933 4710 2132 4766 πάντα

549 4818 626 4875 τὰ
662 4815 872 4885 κτήνη,
897 4814 1134 4883 ἑρπετὰ,
1167 4813 1266 4868 zeal
1297 4813 1536 4869 πετεινὰ
1558 4815 1993 4888 πτερωτὰἶυρα
2013 4816 2131 4881 πῶς

550 4927 663 4990 τοῖς
702 4920 1124 4995 ἀχρηστοτέροις
1183 4919 1384 4991 μᾶλλον
1421 4920 1805 4993 ἐμφιλοχωρεί,
1846 4923 1997 4994 ὄρεσι
2035 4925 2130 4978 zeal

549 5036 773 5097 νάπαις,
829 5031 922 5088 zeal
953 5028 1182 5103 βουνοῖς,
1228 5030 1323 5084 zeal
1351 5028 1558 5101 θηρίοις
1606 5031 1874 5101 ἑρπετοῖς,
1913 5034 2007 5086 καὶ
2038 5032 2132 5101 ξύ-

549 5143 664 5204 λοις
696 5139 986 5211 ἀκάρποις.
1018 5135 1101 5190 Τά
1147 5134 1248 5206 μὲν
1282 5134 1391 5206 γὰρ
1427 5136 1752 5207 καρποφόρα
1779 5137 2005 5194 αὐτόθεν
2029 5140 2130 5213 δήο

549 5247 650 5317 λην
706 5244 820 5316 εχει
867 5242 965 5315 τὴν
1017 5241 1228 5312 χρείαν,
1276 5238 1467 5310 ὥσπερ
1528 5241 1623 5293 zeal
1656 5241 1724 5296 τά
1750 5239 1918 5297 ῦπτια
1971 5244 2130 5299 πεδία

552 5354 647 5408 zeal
684 5355 754 5405 τά
799 5351 984 5423 ἥμερα
1015 5348 1151 5415 ζῶα·
1199 5346 1267 5401 τὰ
1308 5347 1365 5402 δὲ
1399 5347 1587 5420 θηρία,
1631 5349 1728 5404 zeal
1773 5349 1840 5404 τὰ
1882 5353 2127 5424 ἑρπετὰ,

553 5460 646 5513 zeal
696 5457 766 5511 τά
817 5457 942 5530 ὅρη.
975 5455 1068 5509 zeal
1116 5455 1187 5509 τά
1245 5456 1469 5526 άκαρπα
1512 5454 1702 5527 δένδρα
1758 5458 1918 5512 ποίαν
1973 5459 2127 5515 ἀνύει

556 5566 776 5636 χρείαν;
801 5563 933 5633 φησί
942 5606 955 5619 .
997 5561 1201 5634 Πολλὴν
1231 5563 1328 5632 μὲν
1351 5558 1464 5627 οὖν,
1496 5564 1589 5618 zeal
1618 5565 1821 5638 σφόδρα
1852 5567 1950 5639 τὴν
1983 5569 2129 5642 ζωὴν

557 5667 883 5737 συνέχουσαν
911 5666 1007 5737 τὴν
1041 5667 1333 5738 ἡμετέραν.
1368 5665 1479 5720 Kal
1520 5669 1628 5740 γὰρ
1660 5670 1794 5741 πρὸς
1821 5673 2130 5746 οἰκοδομίας

557 5772 659 5846 ὄρη
688 5772 777 5826 zeal
812 5772 986 5842 βουνοὶ
1010 5773 1097 5825 zeal
1139 5771 1266 5836 ξύλα
1295 5774 1513 5845 ἄκαρπα
1547 5776 1748 5847 σφόδρα
1780 5780 1909 5850 ημῖν
1941 5783 2129 5857 ἐπιτή-

1286 377 1345 432 S.
1384 377 1673 435 JOANNIS
1709 380 2200 456 CIIRYSOSTOMI
2239 387 2560 448 ARCIIIEP.
2601 391 3152 452 CONSTANTINOP.
3657 407 3739 463 l9!)

2238 501 2374 570 δεια,
2408 505 2501 559 zeal
2551 507 2599 559 εἰ
2632 507 2710 578 μὴ
2756 508 2961 563 τούτων
3005 508 3357 580 ἀπελαύομεν,
3397 511 3536 566 οὐδὲν
3575 514 3738 570 ἐκώλυε

2237 592 2641 683 διαφθείρεσθαι
2681 615 2745 668 τὸ
2768 615 2922 684 γένος
2949 616 3008 669 τὸ
3029 615 3313 688 ἡμέτερον.
3344 617 3536 688 Ὠσπερ
3554 615 3633 674 οῦν
3649 622 3742 676 ἐπι-

2237 712 2468 786 δεόμεθα
2502 717 2610 773 τῶν
2640 719 2862 791 ἡμέρων
2889 722 3106 792 χωρίων
3127 722 3209 785 εἰς
3228 721 3287 774 τὸ
3313 722 3602 793 τρέφεσθαι,
3627 723 3740 780 οὓτω

2237 817 2472 889 δεόμεθα
2519 823 2614 876 zeal
2644 823 2753 877 τῶν
2786 825 3050 896 ἀκάρπων
3088 825 3257 893 ξύλων
3302 829 3390 882 zeal
3422 828 3571 882 λίθων
3602 832 3667 895 εἰς
3698 833 3747 888 τὸ

2237 920 2338 985 τάς
2373 924 2549 989 οἰκίας
2575 927 2896 999 οἰκοδομεῖν,
2921 929 3015 982 zeal
3045 928 3212 1001 μυρία
3234 929 3393 1002 ἐτερα
3424 931 3644 986 ἐντεῦθεν
3668 951 3746 989 zea-

2237 1027 2611 1093 τασκευὰζειν.

2307 1127 2370 1182 δ’.
2403 1127 2544 1181 Ἀλλ’
2557 1132 2604 1183 οἰ
2634 1130 2804 1199 ὸφεις,
2831 1135 2985 1205 φησὶ,
3007 1135 3101 1187 zeal
3119 1136 3165 1189 οί
3191 1136 3447 1207 σκορπίοι,
3471 1138 3556 1191 zeal
3577 1139 3617 1190 οἰ
3642 1139 3746 1210 δρά-

2239 1249 2444 1297 κοντες.
2502 1235 2595 1288 zeal
2629 1236 2678 1289 οἱ
2715 1236 2947 1304 λέοντες,
2997 1239 3051 1293 τί
3082 1241 3347 1312 χρήσιμον
3397 1243 3667 1310 εἰσάγουσιν
3686 1246 3747 1307 εἰς

2238 1336 2330 1390 τὸν
2364 1337 2479 1409 βίον
2504 1355 2520 1405 ;
2550 1340 2603 1393 τί
2630 1340 2689 1395 δὲ
2711 1343 2890 1396 αὐτῶν
2915 1344 2979 1397 τὸ
2996 1345 3204 1416 κέρδοςῖ
3254 1346 3393 1400 Πολὺ
3432 1349 3520 1401 zeal
3551 1348 3745 1416 ἄφατον,

2241 1442 2335 1496 zeal
2364 1442 2475 1498 τῶν
2500 1444 2722 1516 ἡμέρων
2751 1447 2851 1501 οὐκ
2876 1447 3117 1505 ἔλαττον.
3160 1451 3368 1504 Ἐκεῖνα
3401 1452 3493 1523 μὲν
3519 1454 3614 1523 γάρ
3638 1452 3748 1523 πρὸς

2237 1549 2339 1620 τὴν
2368 1550 2462 1604 τοῦ
2508 1548 2758 1622 σώματος
2803 1553 2991 1625 χρείαν
3030 1555 3181 1610 ἐστὶν
3204 1532 3503 1628 ἐπιτήδεια·
3532 1557 3676 1612 ταῦτα
3702 1557 3748 1611 δέ

2241 1670 2323 1708 σοι
2347 1654 2441 1708 zeal
2461 1654 2623 1726 φόϐον
2654 1657 2992 1729 ἐπιτειχίζει,
3013 1660 3107 1714 zeal
3130 1665 3426 1734 σωφρονεῖν
3451 1662 3751 1731 παρασκευά-

2239 1755 2341 1823 ζει,
2381 1759 2477 1814 zeal
2506 1759 2796 1830 ἐναγώνιον
2824 1765 2987 1829 ποιεῖ,
3035 1763 3128 1819 zeal
3164 1766 3553 1837 ἀναμιμνήσκει
3599 1781 3649 1818 σε
3673 1766 3750 1836 τῆς

2237 1862 2298 1917 ἐν
2349 1861 2428 1935 τῷ
2476 1864 2789 1938 παραδείσῳ
2836 1865 2929 1920 τοῦ
2982 1868 3328 1942 προπάτορος
3371 1870 3648 1942 ἁμαρτίας,
3679 1869 3751 1923 zeal

2238 1966 2506 2023 δείκνυσιν
2537 1970 2678 2049 ὅσων
2734 1971 2922 2026 κακῶν
2967 1973 3115 2027 αἰτία
3169 1974 3203 2045 ή
3249 1975 3516 2047 παρακοὴ.
3567 1974 3630 2028 οὐ
3669 1973 3753 2044 γάρ

2237 2075 2462 2129 τοιαῦτα
2481 2070 2551 2147 ἦν
2582 2076 2688 2149 πρὸ
2718 2076 2908 2132 τούτου
2935 2078 3007 2132 τὰ
3037 2079 3224 2150 θηρία,
3250 2078 3455 2152 φοϐερά
3485 2079 3570 2133 zeal
3589 2075 3754 2148 φευκτά

2237 2177 2315 2250 τῷ
2365 2179 2655 2251 ἀνθρώπῳ,
2689 2180 2824 2235 ἀλλά
2860 2182 3093 2237 τιθασσά
3139 2183 3235 2237 zeal
3281 2183 3546 2254 χειροήθη.
3584 2185 3753 2251 Ἥγαγε

2238 2284 2368 2354 γοῦν
2384 2285 2535 2361 αὐτά
2565 2287 2704 2358 πρὸς
2733 2286 2823 2341 τὸν
2865 2288 3037 2359 ’Δδάμ
3057 2290 3086 2342 ὁ
3105 2288 3237 2353 Θεὸς
3262 2331 3280 2357 ,
3308 2288 3400 2344 καὶ
3426 2289 3574 2350 αὐτὸς
3600 2286 3755 2356 ἐπέθη-

2237 2404 2333 2443 κεν
2352 2390 2533 2455 αὐτοῖς
2557 2391 2627 2445 τὰ
2647 2390 2905 2461 ὀνόματα.
2929 2389 3081 2464 [495]
3111 2393 3168 2447 '0
3200 2392 3329 2462 ὄφις
3363 2396 3429 2464 τῇ
3453 2391 3644 2461 γυναικὶ
3664 2390 3754 2443 δια-

2236 2492 2492 2562 λέγεται,
2543 2494 2641 2549 zeal
2677 2495 2777 2548 οὐκ
2798 2496 3052 2568 ἀποπηδᾷ
3086 2498 3120 2569 η
3151 2495 3292 2552 Εὕα.
3331 2496 3535 2568 Ἐπειδὴ
3562 2495 3614 2548 δὲ
3648 2509 3755 2563 παρα

2237 2599 2405 2671 εσάθη
2420 2602 2453 2672 ἡ
2467 2601 2673 2674 ἐντολὴ,
2690 2602 2785 2656 zeal
2799 2603 2828 2655 ὁ
2845 2602 2979 2667 Θεὸς
2993 2603 3246 2675 παρηκού
3255 2602 3377 2674 σθη,
3392 2596 3757 2675 ἠκρωτηριάσθιι

2236 2705 2303 2759 τὰ
2317 2706 2418 2777 τῆς
2431 2707 2617 2778 τιμῆς.
2641 2707 2812 2762 Ὅταν
2829 2706 3007 2761 τοίνυν
3024 2707 3142 2781 ῖδῃς
3158 2706 3375 2772 λέοντα,
3392 2708 3513 2761 ὅταν
3528 2705 3629 2778 ἴδῃς
3643 2703 3755 2772 ὅφιν,

2236 2811 2512 2884 ἀναμιμνή
2519 2828 2649 2865 σκου
2665 2812 2774 2866 τῶν
2784 2811 3154 2885 διηγημάτων,
3166 2814 3268 2866 zeal
3279 2812 3341 2866 οὐ
3364 2811 3552 2884 μικράν
3566 2826 3635 2862 σοι
3649 2823 3759 2876 παρ-

2236 2915 2346 2981 έξει
2379 2915 2552 2973 ταῦτα
2599 2916 2914 2987 φιλοσοφίας
2957 2917 3235 2973 ὑπόθεσιν.
3288 2917 3686 2990 ’Δναμιμνήσκου
3715 2910 3758 2964 δέ

2235 3021 2330 3075 zeal
2355 3021 2448 3075 τοῦ
2482 3021 2701 3095 Δανιὴλ,
2731 3021 2870 3088 πῶς,
2902 3023 3091 3096 ἐπειδὴ
3107 3022 3246 3097 πρὸς
3271 3024 3366 3097 τὴν
3386 3020 3604 3079 παλαιὰν
3632 3020 3760 3071 ἐπανο

2233 3126 2396 3199 ἦλθεν
2418 3128 2630 3194 εἰκόνα,
2668 3128 3117 3201 εὐκαταφρόνητα
3142 3124 3212 3201 ἧν
3236 3128 3389 3201 αὑτῷ
3407 3127 3475 3183 τὰ
3493 3122 3675 3198 φοϐερά
3690 3121 3761 3191 θη·

2239 3234 2331 3305 ρία
2350 3252 2363 3265 °
2383 3233 2573 3308 ὥσπερ
2592 3234 2686 3291 zeal
2703 3234 2902 3307 Παύλῳ
2930 3237 2965 3306 ὴ
3002 3234 3117 3307 ἔχις
3139 3252 3153 3268 ·
3179 3237 3281 3291 zeal
3305 3237 3367 3291 οὒ
3399 3233 3586 3307 μικρὰν
3624 3225 3763 3284 ἐντεῦ·

2236 3338 2330 3393 θεν
2376 3338 2652 3414 καρπώσῃ
2673 3340 2913 3413 σπουδὴν
2955 3340 3052 3396 zeal
3083 3341 3406 3412 ἐπιμέλειαν
3444 3338 3625 3411 ψυχῆς.
3643 3330 3763 3391 Μετὰ

2236 3443 2439 3499 τούτων
2460 3443 2519 3497 δέ
2546 3443 2639 3499 zeal
2662 3443 2929 3515 ἑτέρωθεν
2959 3443 3074 3498 ἐστι
3123 3444 3408 3517 θαυμάσαι
3429 3443 3520 3497 τοῦ
3551 3439 3667 3494 Θεοῦ
3686 3435 3762 3506 τὴν

2235 3549 2547 3620 οἰκονομίαν
2574 3548 2674 3621 τὴν
2703 3550 2790 3603 ἐπ’
2808 3549 2992 3614 αὐτοῖς
3018 3549 3113 3603 zeal
3134 3548 3236 3621 τὴν
3268 3548 3524 3615 διάταξιν.
3561 3543 3703 3600 Ποίαν
3719 3538 3765 3594 δὲ

2235 3654 2438 3727 ταύτην
2459 3672 2473 3720 ;
2505 3655 2628 3709 Ὅτι
2655 3656 2750 3709 zeal
2767 3655 2978 3719 τούτοις
2996 3654 3244 3726 ἀφώρισε
3268 3656 3443 3728 χωρία
3460 3646 3762 3721 ἀπῳκισμένα

2234 3761 2343 3814 τῶν
2367 3760 2598 3824 πόλεων,
2628 3759 2729 3825 τὰς
2752 3761 2986 3832 ἐρημίας
3012 3776 3027 3793 ο
3054 3760 3149 3816 zeal
3175 3761 3326 3816 οὕτω
3346 3760 3544 3831 φοϐερά
3561 3757 3672 3812 ὂντα
3686 3752 3762 3805 οὐκ

2235 3863 2600 3935 ἐμφιλοχωρεῖ
2632 3863 2752 3926 ταῖς
2784 3862 3022 3926 πόλεσιν,
3064 3863 3184 3917 οὐδὲ
3223 3863 3541 3936 κατατρέχει
3565 3859 3675 3921 τοὺς
3698 3855 3764 3907 ἓν·

2234 3963 2324 4017 δον
2343 3961 2654 4026 οἰκοῦντας,
2694 3959 2832 4015 ἀλλά
2861 3960 3077 4032 στέργει
3110 3963 3203 4015 zeal
3250 3962 3438 4033 ἀγαπᾷ
3466 3961 3558 4030 τὴν
3580 3957 3761 4028 ἔρημον,

2235 4062 2441 4118 ἀνωθεν
2467 4060 2562 4116 τοῦ
2593 4061 2727 4117 Θεοῦ
2759 4059 2916 4116 τοῦτο
2935 4062 3124 4126 αὐτοῖς
3168 4059 3640 4134 συγκληρῶσαντος
3658 4094 3671 4118 ν
3689 4050 3763 4106 καὶ

2233 4165 2398 4220 τόπον
2445 4166 2745 4236 ἐπιτήδειον
2776 4165 2917 4236 ἐχειν
2974 4166 3072 4220 zeal
3135 4164 3343 4239 κλῆρον
3386 4164 3600 4234 διαίτης.
3630 4159 3764 4210 ὀταν

2234 4268 2344 4340 γὰρ
2379 4269 2442 4323 σὺ
2480 4268 2777 4342 καθεύδῃς,
2800 4269 2921 4322 τότε
2957 4268 3141 4322 ἐκεῖνα
3201 4268 3305 4340 τὴν
3327 4269 3524 4341 ἔρημον
3575 4262 3760 4316 ἔπεισιν.

2236 4369 2414 4443 Ὅπερ
2451 4373 2545 4425 zeal
2574 4369 2807 4441 ἀλλαχοῦ
2831 4369 3100 4424 δείκνυσιν
3130 4371 3158 4424 ὁ
3191 4372 3502 4443 προφήτης,
3533 4365 3658 4420 οὕτω
3694 4358 3764 4412 λέ-

2234 4486 2365 4541 γων·
2395 4472 2572 4527 Ἕθου
2600 4473 2841 4538 σκότος,
2869 4471 2967 4526 καί
2995 4470 3233 4541 ἐγένετο
3272 4470 3390 4536 νύξ
3403 4487 3416 4501 ο
3444 4470 3512 4524 ἐν
3529 4461 3665 4532 αὐτῇ
3696 4458 3763 4511 διο

2232 4573 2584 4627 ελεὺσονται
2605 4570 2802 4627 πάντα
2830 4570 2900 4626 τὰ
2925 4572 3099 4641 θηρία
3125 4572 3232 4627 τοῦ
3253 4570 3495 4644 δρυμοῦ.
3520 4564 3653 4628 Εἶδες
3672 4559 3762 4620 πῶς

2234 4673 2329 4727 zeal
2357 4672 2452 4727 νῦν
2486 4671 2640 4745 μένει
2664 4689 2747 4727 σοι
2769 4671 2868 4743 τῆς
2892 4670 3068 4745 ἀρχῆς
3097 4674 3166 4726 τά
3192 4672 3315 4744 ἴχνη
3338 4713 3356 4741 ,
3376 4672 3425 4725 εἰ
3447 4669 3537 4725 zeal
3555 4669 3763 4737 ἠκρωτη·

2238 4776 2537 4846 ριασμένα,
2565 4772 2679 4828 ἀλλ’
2723 4774 2870 4843 ὅμως
2924 4772 3115 4844 ἔχοντα
3156 4773 3389 4844 αἴνιγμα
3437 4771 3531 4841 τῆς
3572 4761 3763 4822 παλαιᾶς

2230 4876 2428 4947 τιμῆςς
2457 4874 2667 4946 Ὠσπερ
2697 4873 2805 4946 γὰρ
2842 4872 3023 4940 δοῦλα,
3066 4873 3239 4938 οὕτως
3261 4873 3563 4946 ἀπῴκισται
3601 4864 3684 4921 zeal
3703 4857 3763 4930 τῷ

2231 4974 2412 5047 καιρῷ
2440 4974 2534 5028 zeal
2564 4973 2643 5045 τῷ
2688 4973 2859 5046 τόπῳο
2900 4973 3002 5028 κᾶν
3054 4978 3130 5045 μὴ
3161 4975 3227 5028 σὺ
3276 4973 3485 5035 τούτοις
3527 4966 3727 5037 ἐπέλθῃς
3747 4997 3760 5019 ν

2232 5076 2374 5130 αὐτὰ
2402 5076 2505 5129 οὐκ
2532 5074 2759 5138 ἔπεισιν,
2793 5074 2907 5128 ἀλλ’
2935 5074 3263 5128 ἐνδιαιτᾶται
3294 5075 3413 5136 ταῖς
3453 5071 3684 5143 ἐρήμοις.
3712 5057 3761 5112 Εἰ

2231 5178 2288 5231 δὲ
2310 5176 2539 5249 ἀθυμεῖς
2566 5177 2660 5233 zeal
2701 5176 3092 5249 δυσχεραίνεις,
3123 5176 3267 5240 τίνος
3299 5176 3482 5230 ἕνεκεν
3499 5172 3668 5242 γέγονε
3686 5163 3760 5227 θη·

2234 5280 2326 5352 ρία
2343 5320 2358 5345 ,
2383 5279 2584 5352 σφόδρα
2613 5278 2969 5351 ἀνοηταίνεις.
3002 5279 3099 5331 Ἂν
3128 5279 3234 5348 γάρ
3265 5279 3331 5332 σὺ
3354 5275 3426 5330 τὰ
3450 5271 3582 5330 κατά
3601 5262 3758 5322 σαυτὸν

2232 5380 2410 5445 καλῶς
2468 5380 2826 5451 οἰκονομήσῃς
2849 5417 2864 5442 ,
2893 5378 3045 5432 οὐδὲν
3093 5376 3337 5431 ἐντεῦθεν
3367 5374 3617 5445 βλαϐήσῃ*
3647 5365 3688 5416 εἰ
3712 5357 3756 5410 ὃἒ

2231 5481 2339 5536 ἀπὸ
2357 5481 2558 5553 θηρίων
2573 5481 2705 5554 δέχῃ
2754 5479 2978 5551 βλάϐην,
3009 5479 3255 5550 ἐννόησον
3286 5480 3368 5530 ὅτι
3400 5474 3492 5529 zeal
3532 5462 3756 5538 παρὰάν-

2233 5582 2467 5654 θρὼπων
2511 5581 2768 5645 πολλάκις
2817 5579 3201 5652 χαλεπωτέραν
3251 5578 3435 5642 ἐδέξω.
3488 5573 3627 5625 Ἔστι
3670 5560 3756 5630 γάρ

2232 5685 2325 5738 zeal
2352 5684 2541 5757 θηρίου
2569 5679 2849 5755 ἄνθρωπος
2878 5681 3267 5754 χαλεπώτερος.
3315 5677 3387 5732 Τὸ
3415 5674 3511 5746 μὲν
3533 5669 3629 5740 γὰρ
3651 5674 3755 5732 πίίν

2233 5789 2377 5861 φανῆ
2408 5787 2503 5860 τὴν
2534 5786 2824 5860 θηριωδίαν
2847 5784 2978 5857 ἔχει,
3004 5780 3154 5851 οὗτος
3178 5784 3231 5839 δέ
3256 5782 3482 5854 κρύπτει
3509 5772 3595 5844 τὴν
3619 5775 3752 5828 πονη-
