4012 6280
366 356 470 414 689

364 481 538 536 erant,
572 471 707 528 facta
735 470 842 528 sint
870 489 883 526 :
911 471 1050 543 quod
1079 486 1196 542 quae
1228 470 1363 527 facta
1393 483 1514 527 sunt
1535 513 1550 538 ,
1581 481 1868 536 maneant,
1899 477 1954 523 et

366 565 509 634 quod
536 566 803 620 manentia
836 564 1119 636 fungantur
1148 579 1367 620 munere
1398 565 1763 620 ministrorum
1784 607 1799 631 ,
1834 565 1957 619 licet

364 658 474 711 sint
497 657 736 725 expertia
765 657 1017 723 rationis,
1059 666 1110 712 et
1136 655 1345 726 jussum
1376 656 1492 724 ejus
1523 656 1715 710 educat
1744 656 1795 710 in
1820 671 1954 725 opus

363 760 488 800 cum
519 747 746 800 maxima
784 745 1083 801 obedientia
1117 745 1294 817 (Psal.
1327 747 1448 801 M7.
1478 746 1532 801 5.
1558 745 1653 817 6).
1681 746 1796 801 lmo
1826 761 1954 801 vero

366 853 533 892 unum
561 853 704 908 saepe
723 837 933 908 jussum
960 854 1030 895 ea-
1049 838 1269 909 perfecit
1297 855 1415 909 quae
1441 849 1568 894 sunt
1593 849 1781 911 suapte
1808 849 1954 894 natus

365 948 424 986 ra
454 932 718 986 contraria
739 974 754 998 ,
792 932 1241 1002 quemadmodum
1289 933 1340 987 in
1387 933 1598 989 fornace
1630 933 1950 1004 Babylonica

364 1024 500 1094 ignis
525 1033 579 1080 et
608 1040 770 1080 urens
797 1034 852 1079 et
883 1025 1118 1080 irrorans
1149 1026 1306 1081 simul
1332 1025 1503 1080 factus
1527 1034 1628 1082 est.
1661 1025 1774 1080 Iloc
1798 1041 1946 1094 ergo,

365 1118 570 1186 inquit,
614 1127 849 1172 meretur
874 1118 1162 1187 gratiarum
1192 1117 1502 1172 actionem?
1539 1117 1776 1188 Eamque
1804 1126 1950 1172 certe

367 1207 674 1260 maximam.
722 1206 864 1262 Deus
890 1207 1034 1262 enim
1077 1223 1229 1278 aeque
1272 1218 1354 1264 est
1397 1207 1691 1263 laudandus
1734 1217 1788 1263 et
1826 1223 1948 1263 cum

365 1296 548 1364 punit,
579 1304 636 1351 et
674 1312 794 1352 cum
820 1313 850 1350 a
877 1299 1137 1368 supplicio
1161 1299 1365 1354 eximit.
1399 1297 1631 1368 Utraque
1656 1301 1804 1354 enim
1825 1309 1950 1355 sunt

360 1388 676 1453 curationis,
701 1397 928 1457 utraque
954 1398 1078 1444 sunt
1096 1389 1368 1446 bonitatis.
1399 1389 1654 1446 Homines
1677 1392 1820 1446 enim
1849 1391 1949 1447 hoc

361 1480 577 1549 quidem
621 1477 818 1535 faciunt
863 1490 1078 1550 prapter
1125 1481 1456 1548 bonitatem,
1505 1482 1636 1538 illud
1681 1498 1810 1539 vero
1853 1498 1948 1552 per

363 1572 498 1625 iram
527 1580 582 1626 et
624 1571 1016 1642 improbitatem
1048 1592 1061 1628 :
1092 1574 1230 1628 Deus
1267 1583 1446 1630 autem
1474 1583 1695 1646 utraque
1733 1585 1948 1645 propter

363 1663 720 1718 clementiam.
748 1662 971 1734 Oportet
992 1680 1121 1736 ergo
1140 1682 1262 1721 eum
1288 1682 1439 1737 aeque
1467 1667 1701 1733 laudare,
1724 1677 1779 1725 et
1801 1669 1944 1740 quod

363 1756 604 1824 posuerit
642 1755 811 1810 Adam
856 1757 908 1810 in
938 1757 1217 1828 paradiso,
1249 1767 1305 1813 et
1337 1758 1478 1826 quod
1508 1775 1631 1814 eum
1659 1762 1941 1830 expulerit,

361 1855 418 1900 et
444 1861 603 1916 agere
629 1849 826 1917 gratias
854 1863 960 1902 non
987 1849 1156 1902 solum
1190 1865 1285 1918 pro
1321 1865 1506 1920 regno,
1535 1851 1631 1906 sed
1656 1853 1814 1907 etiam
1847 1869 1943 1923 pro

360 1936 626 2005 gehenna.
655 1936 786 1990 Eam
811 1939 952 1992 enim
981 1948 1036 1994 et
1063 1938 1187 1995 fecit
1210 1949 1267 1995 et
1291 1941 1520 1997 minatus
1547 1952 1648 2008 est,
1679 1952 1735 1998 ut
1758 1959 1787 1997 a
1814 1945 1942 2000 vitio

358 2026 632 2082 liberaret.
665 2028 1120 2096 Quemadmodum
1160 2046 1288 2102 ergo
1314 2033 1578 2088 medicum
1621 2051 1726 2090 non
1765 2035 1939 2091 solum

360 2119 704 2185 uutrientem,
727 2121 821 2176 sed
842 2121 1002 2176 etiam
1029 2123 1166 2178 fame
1185 2126 1574 2182 excruciantem
1597 2145 1612 2194 ;
1642 2145 1746 2183 non
1768 2131 1940 2186 solum

360 2214 413 2267 in
445 2213 623 2282 forum.
647 2214 958 2270 educentem
979 2257 994 2282 ,
1039 2216 1132 2270 sed
1175 2220 1336 2273 etiam
1376 2218 1518 2274 domi
1548 2220 1740 2276 alicubi
1768 2223 1940 2277 inclu-

358 2305 613 2371 dentem;
652 2320 756 2359 non
799 2307 969 2361 solum
998 2316 1320 2378 angentem,
1362 2310 1456 2365 sed
1500 2312 1658 2368 etiam
1698 2324 1938 2373 urentem

358 2405 416 2450 et
457 2404 724 2452 secantem
769 2397 1131 2464 admiramur;
1175 2402 1274 2455 etsi
1314 2402 1456 2458 enim
1505 2412 1631 2458 sunt
1673 2411 1938 2464 contraria

360 2503 480 2558 quae
509 2487 662 2556 llum,
692 2504 854 2543 unum
884 2497 1060 2545 tamen
1094 2490 1250 2547 linem
1281 2495 1569 2564 respiciunt
1611 2516 1626 2553 :
1667 2498 1738 2553 ita
1778 2502 1937 2555 etiam

355 2587 572 2646 oportet
594 2579 761 2635 Deum
790 2580 1008 2636 laudare
1029 2597 1124 2651 pro
1147 2585 1417 2654 omnibus,
1437 2597 1595 2659 atque
1615 2590 1749 2646 adeo
1772 2594 1940 2648 multo

360 2671 531 2740 magis
550 2710 565 2735 ,
605 2680 862 2742 quatenus
901 2674 987 2729 hic
1011 2674 1223 2744 quidem
1251 2678 1423 2744 Deus,
1464 2682 1554 2736 ille
1580 2700 1707 2740 vero
1737 2687 1896 2742 homo
1922 2707 1936 2743 :

359 2769 415 2813 et
442 2761 584 2829 quod
616 2776 703 2816 res
728 2765 936 2832 quidem
963 2783 1146 2823 eorum
1171 2784 1315 2841 saepe
1342 2773 1496 2829 aliter
1520 2779 1791 2846 eveniunt,
1819 2796 1938 2850 qua:

359 2859 537 2906 autem
566 2855 706 2909 Deus
735 2855 856 2911 facit
883 2857 1016 2914 fiunt
1038 2875 1156 2916 cum
1186 2879 1390 2920 summa
1425 2869 1678 2938 sapientia
1706 2880 1760 2926 et
1789 2888 1936 2928 cura.

363 2943 578 3000 Grando
603 2957 782 3003 autem
809 2960 864 3005 et
893 2952 1028 3022 ignis
1055 2972 1160 3010 non
1188 2959 1357 3013 solum
1385 2964 1624 3030 punivit,
1651 2966 1745 3020 sed
1775 2969 1935 3022 etiam

367 3036 620 3092 liberavit
641 3055 668 3092 a
689 3042 949 3111 supplicio
971 3085 986 3108 ,
1016 3055 1070 3101 et
1099 3049 1249 3104 bellis
1280 3051 1436 3107 linem
1467 3055 1748 3125 imposuit,
1779 3068 1833 3113 et
1860 3061 1939 3115 in-

364 3127 614 3184 vadentes
637 3132 879 3190 inimicos
903 3141 1112 3208 repulit.
1139 3144 1217 3197 An
1240 3146 1414 3202 nescis
1438 3164 1680 3218 quaenam
1702 3151 1754 3206 in
1771 3150 1939 3225 Egy-

357 3229 454 3288 pto
481 3234 576 3290 per
600 3222 720 3278 hinc
755 3227 1019 3284 elementa
1048 3234 1296 3290 tniracula
1327 3237 1461 3293 facta
1490 3250 1632 3307 sunt,
1664 3252 1717 3298 et
1760 3245 1809 3297 in
1838 3222 1936 3300 Ju-

355 3310 526 3375 daeis,
565 3320 625 3368 et'
662 3315 713 3370 iu
754 3319 853 3374 hac
895 3331 1073 3378 nostra
1114 3330 1456 3394 generatione
1484 3331 1604 3404 (a)?
1648 3334 1814 3391 Tanta
1856 3348 1938 3394 est

354 3411 534 3458 autem
558 3410 792 3475 potentia
818 3411 1076 3482 jubentis,
1107 3426 1164 3472 ut
1181 3435 1299 3488 qua:
1323 3437 1418 3490 per
1436 3426 1652 3494 angelos
1680 3427 1816 3494 illos,
1843 3431 1934 3500 qui

356 3493 410 3547 in
437 3496 607 3552 solam
635 3501 831 3558 cadunt
860 3507 1288 3580 intelligentiam,
1321 3525 1374 3572 et
1401 3533 1620 3590 magnas
1639 3493 1938 3593 potestates

356 3583 615 3656 faciebat,
645 3608 705 3645 ea
736 3610 878 3666 smpe
906 3600 1064 3654 etiam
1095 3618 1191 3673 per
1217 3609 1476 3665 elementa
1491 3583 1665 3670 faciat
1699 3613 1933 3672 admira-

357 3677 573 3776 biliter;
606 3692 664 3776 ut
687 3689 898 3755 quando
927 3691 1041 3748 haec
1067 3698 1284 3766 angelus
1308 3718 1518 3773 quoque
1543 3705 1746 3776 fecerit,
1776 3726 1934 3766 nemo

356 3769 519 3836 paulo
545 3772 882 3844 insipientior
907 3782 958 3836 id
985 3785 1058 3840 illi
1083 3769 1359 3857 attribuat,
1390 3769 1484 3851 sed
1512 3799 1561 3852 ei
1585 3801 1674 3870 qui
1702 3769 1932 3872 impera-

360 3862 453 3916 vit.
485 3867 718 3937 Angelus
743 3870 886 3929 bello
914 3876 1072 3933 linem
1115 3882 1408 3952 imposuit?
1435 3862 1692 3960 Imposuit
1725 3862 1935 3968 quoque

353 3960 577 4025 grando.
620 3962 891 4023 Iuteremit
922 3973 1267 4044 primogenita
1308 3982 1571 4050 angelus?
1610 3960 1772 4045 Maris
1796 3960 1932 4061 quo-

353 4067 459 4120 que
503 4058 734 4122 procella
780 4065 1030 4142 papulum
1080 4067 1364 4126 interemit.
1402 4074 1504 4129 Pro
1532 4080 1779 4136 omnibus
1805 4058 1933 4152 ergo

351 4142 599 4200 clementi
631 4147 738 4204 Deo
755 4166 852 4223 age
875 4156 1091 4224 gratias.
1119 4159 1316 4217 Montes
1336 4174 1382 4219 et
1403 4182 1574 4223 anines
1593 4171 1764 4239 colles,
1794 4142 1934 4245 ligna

353 4238 648 4308 fructifera,
681 4253 728 4297 et
755 4263 925 4302 omnes
963 4252 1101 4306 cedri
1124 4270 1144 4308 :
1170 4255 1338 4312 bestia:
1355 4300 1370 4325 ,
1397 4269 1442 4314 et
1473 4263 1700 4318 universa
1727 4284 1933 4337 pecora,

349 4342 604 4399 serpentes
622 4373 636 4398 ,
671 4344 717 4388 et
745 4338 968 4396 volucres
997 4356 1246 4412 pennata.
1283 4350 1413 4407 Vide
1447 4357 1714 4424 quomodo
1743 4360 1932 4417 luben

352 4418 458 4474 tius
487 4420 801 4482 immoratur
831 4429 882 4484 in
915 4431 996 4486 his
1023 4452 1142 4504 quae
1171 4449 1293 4496 sunt
1320 4418 1606 4513 inutiliora,
1637 4452 1928 4523 montibus,

349 4511 571 4568 saltibus
592 4555 606 4580 ,
639 4519 880 4588 collibus,
913 4527 1264 4597 animalibus,
1295 4511 1663 4608 serpentibus,
1693 4553 1747 4599 et
1777 4511 1932 4616 lignis

350 4603 695 4677 iufrugileris.
723 4613 852 4682 Qua:
873 4619 1014 4672 enim
1035 4632 1159 4677 sunt
1178 4603 1448 4697 frugifera,
1471 4647 1538 4686 ex
1565 4603 1756 4706 seipsis
1775 4603 1932 4709 aper-

349 4703 458 4751 tam
497 4703 786 4758 ostendunt
831 4710 1132 4780 utilitatem,
1177 4716 1314 4772 sicut
1349 4729 1404 4776 et
1446 4724 1586 4792 pla-ui
1632 4703 1834 4801 campi,
1875 4743 1930 4788 et

347 4801 625 4847 mansueta
654 4797 900 4855 animalia
930 4819 945 4856 :
986 4802 1114 4859 ferae
1140 4817 1316 4863 autem
1348 4821 1402 4866 et
1429 4829 1704 4885 serpentes
1723 4797 1926 4887 ,tmon-

348 4889 430 4934 tes
448 4921 464 4943 ,
496 4892 551 4937 et
587 4883 906 4958 infrugifera:
934 4896 1154 4952 arbores
1181 4917 1463 4970 quamnam
1485 4947 1498 4970 ,
1520 4883 1746 4982 inquit,
1777 4927 1930 4985 putas

347 4971 626 5030 utilitatem
663 4979 934 5039 allerunt?
973 4987 1187 5053 Multam
1228 5004 1406 5063 certe,
1450 5007 1505 5054 et
1544 4971 1662 5072 qua:
1692 4971 1924 5065 nostram

346 5063 509 5118 vitam
539 5069 691 5125 valde
717 5077 1005 5134 contineat.
1046 5080 1179 5139 Nam
1209 5095 1262 5140 et
1297 5086 1364 5142 ad
1391 5063 1610 5146 aedilicia
1638 5108 1846 5155 montes

345 5157 515 5263 colles
542 5171 596 5216 et
626 5165 763 5235 ligna
801 5170 1128 5233 infructifcra
1158 5193 1283 5237 sunt
1313 5185 1466 5241 nobis
1499 5191 1648 5246 valde
1674 5205 1796 5263 apta
1828 5213 1842 5249 :
1872 5157 1929 5252 et

347 5251 448 5307 nisi
498 5270 560 5310 ea
607 5260 760 5316 nobis
801 5280 1177 5342 suppeterent,
1227 5277 1356 5334 nihil
1400 5292 1605 5341 vetaret
1644 5251 1927 5359 quominus

400 5367 760 5470 iifli''lfi
778 5383 862 5470 1'12
886 5393 1278 5470 Etmediasm
1304 5405 1361 5470 et.
1381 5401 1546 5470 isnon!
1617 5412 1716 5455 Deo

346 5432 585 5534 tcttitraeulal
599 5439 746 5534 etiam
778 5459 864 5534 sua
887 5432 1042 5500 Etsi;

373 5502 399 5534 a
459 5507 567 5534 (tum
609 5511 664 5534 gn
733 5510 776 5534 In
801 5507 907 5534 hu...
939 5511 1149 5534 A-.-_._._
1187 5532 1227 5534 ,
1273 5523 1302 5534 -.
1344 5525 1371 5534 ,
1546 5530 1555 5534 -
1686 5533 1694 5534 ,

802 5507 809 5516 .
947 5497 1035 5500 ,,,__
1063 5497 1291 5507 _---.......v
1309 5497 1324 5516 ,
1350 5497 1394 5509 ,
1739 5497 1923 5534 -

345 5497 1161 5593 Iggjttll-tauopostata'
1174 5523 1404 5593 contigit,
1429 5530 1658 5591 quodque
1681 5533 1787 5593 ipse
1811 5547 1923 5583 nar-

445 5559 454 5562 _
975 5559 984 5572 ,
1011 5559 1153 5565 __-_-_
1181 5559 1404 5583 ---,
1811 5559 1918 5583 uar-

1289 5593 1455 5654 contra
1713 5603 1843 5643 -

453 5629 564 5667 cum
583 5630 670 5672 te.
872 5614 1004 5658 ""f'
1026 5614 1139 5660 -:v-:J
1219 5614 1270 5631 --
1479 5614 1657 5667 aetates
1673 5631 1685 5650 ,
1725 5614 1843 5670 tom:
1870 5614 1918 5654 ,

735 5643 815 5682 um
1305 5652 1564 5716 rgum?"
1583 5659 1808 5716 JUSSISSet
1832 5673 1922 5708 tm-

953 5690 965 5695 -
1023 5690 1040 5699 -
1337 5690 1564 5700 ---...
1607 5690 1808 5706 -...
1833 5690 1922 5708 ...-

349 5690 461 5759 pius
500 5695 884 5789 pr'ticeps._xtai
1202 5727 1280 5765 .
1323 5705 1499 5776 inquib
1521 5690 1913 5789 Chlrysoslomtts,

613 5772 728 5789 vnuu
847 5777 887 5789 ..
903 5779 955 5789 ,
994 5782 1159 5789 -.---.,,.
1211 5788 1214 5789 ,
1362 5775 1385 5786 ~
1485 5782 1505 5789 ..
1579 5786 1590 5789 _

356 5751 363 5759 '
1033 5751 1078 5753 "7
1099 5751 1161 5776 1."
1324 5751 1482 5776 1
1521 5751 1913 5789 .,

599 5772 728 5847 Jfonv
994 5782 1178 5842 ,
1834 5791 1914 5840 -

588 5834 615 5847 N
635 5829 754 5847 .1
812 5839 984 5847 ..-.--
1027 5845 1062 5847 ,

1023 5817 1190 5887 adscite
1223 5817 1573 5890 .

1393 354 1752 413 EXPOSITIO
1793 355 1854 409 IN
1895 349 2218 408 PSALMUM
2257 353 2526 412 CXLVIII.

2066 474 2304 522 nostrum
2343 485 2511 540 genus
2554 473 2813 532 interiret.
2860 479 3318 548 Quemadmodum
3345 508 3474 564 ergo
3496 501 3653 556 cultis

2066 559 2208 629 agris
2228 564 2640 632 opushabemus
2665 571 2730 624 ad
2754 571 2874 637 hoc,
2902 584 2956 628 ut
2976 577 3196 643 alamur,
3223 582 3290 636 ita
3316 559 3474 640 etiam
3497 590 3654 660 lignis

2062 651 2382 723 iulrugil'eris
2424 667 2480 712 et
2521 658 2784 729 lapidibus
2830 680 3048 734 egemus
3091 670 3156 724 ad
3205 672 3325 739 hoc,
3368 687 3422 732 ut
3460 651 3652 738 domos

2058 742 2384 801 :edilicemus
2425 757 2480 803 et
2517 749 2621 804 alia
2668 752 3070 813 innumerabilia
3124 777 3190 816 ex
3234 765 3312 818 eis
3357 782 3648 839 compona-

2060 849 2199 890 mus.

2127 931 2182 984 4.
2225 932 2362 998 Quid
2396 939 2647 992 commodi
2695 951 2950 1011 serpentes
2995 954 3042 998 et
3079 951 3264 1021 scorpii
3300 952 3538 1019 a/I'erant.
3578 989 3648 1000 --

2059 1021 2128 1074 At
2154 1034 2464 1092 serpentes,
2497 1029 2738 1099 inquies,
2769 1035 2984 1102 scorpii,
3019 1037 3300 1110 dracones,
3346 1053 3400 1099 et
3439 1047 3644 1114 leones,

2056 1112 2181 1181 quid
2222 1114 2286 1169 ad
2319 1118 2480 1171 vitam
2521 1119 2649 1175 utile
2676 1121 2947 1187 afferunt?
2988 1136 3042 1181 et
3084 1129 3336 1199 quidnam
3377 1112 3645 1195 commodi

2055 1215 2119 1256 ex
2145 1202 2226 1258 eis
2250 1206 2585 1276 percipitur?
2612 1209 2924 1278 Plurimum,
2954 1214 3111 1285 idque
3139 1220 3516 1294 inenarrabile,
3545 1245 3644 1285 nec

2055 1293 2231 1350 minus
2271 1308 2418 1354 certe
2462 1315 2622 1370 quam
2666 1318 2733 1358 ex
2779 1310 3073 1365 mansuetis
3120 1322 3172 1366 et
3217 1315 3504 1372 cicuribus.
3555 1321 3643 1377 Ilia

2053 1385 2198 1440 enim
2227 1398 2352 1450 sunt
2380 1399 2504 1458 apta
2541 1391 2608 1447 ad
2637 1409 2792 1448 usum
2820 1401 3060 1467 corporis
3097 1417 3114 1456 :
3151 1403 3266 1460 tunc
3290 1422 3420 1464 vero
3448 1419 3503 1465 et
3549 1413 3643 1468 tibi

2051 1487 2251 1532 metum
2294 1479 2551 1550 all'erunt,
2593 1494 2647 1540 et
2688 1495 2747 1540 ut
2788 1489 2862 1543 sis
2905 1492 3179 1550 modestus
3218 1507 3272 1552 et
3317 1508 3642 1572 temperatus

2051 1567 2310 1638 efficiunt,
2333 1583 2389 1628 et
2411 1575 2478 1630 ad
2503 1587 2771 1634 certamen
2804 1581 3086 1650 instruunt,
3112 1598 3165 1642 et
3185 1567 3459 1659 peccatum
3485 1597 3637 1664 primi

2050 1662 2287 1728 parentis
2318 1664 2510 1721 tibi.in
2558 1671 2868 1726 memoriam
2919 1675 3203 1747 redigunt,
3253 1691 3306 1737 et
3349 1662 3639 1744 ostendunt

2049 1763 2368 1821 quantorum
2415 1759 2673 1815 malorum
2717 1777 2876 1819 causa
2922 1767 2992 1821 sit
3033 1767 3410 1830 inobedicntia.
3455 1777 3637 1849 Neque

2048 1844 2191 1898 enim
2216 1846 2478 1914 ejusmodi
2508 1851 2631 1905 ferae
2673 1861 2826 1908 antea
2873 1855 3076 1913 homini
3107 1863 3400 1932 terribiles,
3429 1885 3529 1925 nec
3565 1872 3635 1925 ab

2047 1949 2114 1989 eo
2157 1935 2439 2006 fugiendzr,
2474 1941 2570 1995 sed
2611 1943 2817 2000 cicures
2856 1956 2910 2002 et
2951 1961 3260 2007 mansuetae.
3308 1956 3411 2012 Eas
3457 1959 3635 2030 itaque

2047 2029 2266 2086 deduxit
2296 2032 2436 2088 Dens
2464 2035 2530 2089 ad
2559 2036 2726 2092 Adam
2745 2081 2760 2102 ,
2792 2051 2846 2094 et
2871 2041 2983 2111 ipse
3011 2043 3089 2098 eis
3114 2047 3326 2102 nomina
3361 2029 3630 2120 imposuit.

2047 2119 2284 2190 Serpens
2324 2123 2489 2178 Evam
2538 2127 2858 2198 alloquitur,
2907 2141 2964 2187 et
3009 2134 3118 2190 Eva
3163 2154 3268 2194 non
3317 2119 3506 2213 refugit
3532 2145 3628 2217 (a).

2052 2213 2334 2283 Postquam
2357 2225 2537 2272 autem
2570 2223 2894 2289 prmteritum
2923 2233 3007 2280 est
3046 2231 3381 2300 mandatum,
3423 2246 3476 2291 et
3523 2213 3632 2293 Deo

2046 2319 2152 2357 non
2179 2315 2262 2361 est
2287 2307 2593 2376 obeditum,
2627 2312 2911 2380 plurimum
2957 2317 3141 2374 honori
3187 2321 3481 2382 detractum
3525 2341 3625 2384 est.

2045 2393 2272 2460 Quando
2299 2412 2427 2466 ergo
2452 2399 2650 2455 videris
2679 2402 2910 2471 leonem,
2942 2409 3158 2476 quando
3183 2412 3378 2470 videris
3405 2432 3626 2488 serpen-

2046 2494 2182 2552 tem,
2230 2489 2282 2543 in
2327 2499 2562 2545 mentem
2592 2509 2800 2559 revoca,
2833 2513 2950 2566 qua:
2982 2499 3031 2553 in
3059 2517 3210 2557 sacra
3242 2519 3524 2564 narrantur
3549 2513 3629 2564 hi-

2042 2581 2226 2644 storia,
2257 2590 2310 2636 et
2339 2582 2454 2638 lucc
2495 2584 2822 2641 exhibebunt
2863 2589 2953 2644 tibi
3000 2609 3103 2648 non
3134 2610 3352 2664 parvum
3397 2600 3627 2669 philoso-

2045 2671 2184 2739 phia:
2210 2686 2600 2742 argumentum.
2630 2677 2735 2732 Fac
2756 2695 2967 2751 quoque
2993 2682 3043 2736 in
3067 2696 3298 2742 tuentem
3327 2691 3418 2746 tibi
3445 2695 3631 2750 redeat

2043 2761 2248 2828 Daniel,
2280 2766 2549 2834 quomodo
2577 2778 2854 2839 postquam
2883 2773 2947 2826 ad
2976 2775 3245 2845 antiquam
3277 2796 3521 2838 reversus
3547 2795 3634 2842 est

2044 2853 2360 2924 imaginem,
2409 2863 2732 2929 contemptui
2782 2863 2853 2918 illi
2895 2875 3048 2921 erant
3096 2871 3356 2928 terribiles
3401 2875 3624 2934 bestiae:

2041 2946 2488 3014 quemadmodum
2529 2959 2584 3005 ct
2623 2951 2789 3007 Paulo
2818 2954 2997 3024 vipera
3026 2958 3176 3026 (Act.
3202 2963 3307 3034 28)
3337 2982 3350 3017 :
3384 2983 3482 3022 nec
3510 2986 3628 3037 par-

2043 3052 2166 3090 vum
2195 3037 2319 3093 hinc
2362 3040 2580 3112 colliges
2620 3045 2784 3098 animi
2823 3047 3078 3116 studium,
3113 3068 3294 3108 curam
3321 3067 3374 3110 et
3399 3059 3625 3131 diligen-

2042 3129 2190 3184 tiam.
2223 3130 2353 3184 Cum
2397 3130 2480 3186 his
2521 3142 2696 3189 autem
2741 3137 2956 3195 aliunde
2998 3157 3208 3213 quoque
3252 3161 3533 3215 possumus
3575 3155 3625 3209 in

2040 3218 2126 3276 his
2151 3221 2400 3276 admirari
2447 3225 2723 3294 providum
2752 3227 2846 3283 Dei
2874 3233 3150 3288 consilium
3186 3245 3241 3291 et
3272 3239 3625 3309 dispensatio-

2040 3328 2184 3366 nem.
2215 3314 2538 3380 Quodnam?
2575 3317 2724 3383 Quoil
2751 3319 2833 3374 his
2860 3322 3145 3393 assignavit
3185 3327 3298 3384 loca
3326 3344 3528 3395 remota
3558 3339 3626 3391 ab

2041 3404 2281 3471 urbibus,
2313 3423 2506 3477 nempe
2533 3410 2844 3467 solitudines
2876 3430 2888 3465 :
2919 3423 2972 3468 ct
2996 3431 3116 3471 cum
3143 3419 3248 3474 sint
3286 3422 3420 3478 adeo
3466 3430 3622 3495 terri-

2039 3491 2196 3558 biles,
2222 3512 2329 3550 non
2358 3509 2638 3556 versantur
2664 3502 2715 3555 in
2740 3503 3066 3574 civitatibus,
3097 3526 3193 3565 nec
3219 3511 3428 3569 irruunt
3453 3518 3502 3572 in
3530 3537 3622 3575 eos

2038 3587 2126 3656 qui
2170 3588 2222 3641 in
2255 3589 2358 3645 illis
2389 3591 2668 3659 habitant,
2709 3595 2802 3651 scd
2843 3598 2923 3652 eis
2961 3600 3135 3670 placet
3177 3605 3408 3663 Solitudo
3431 3649 3447 3674 ,
3480 3622 3538 3666 et
3561 3631 3622 3666 ea

2039 3681 2276 3736 contenti
2304 3692 2458 3750 sunt,
2487 3701 2607 3740 cum
2639 3687 2778 3743 Deus
2801 3689 2870 3744 ab
2899 3689 3051 3746 initio
3085 3693 3185 3749 hoc
3207 3697 3286 3751 eis
3313 3701 3622 3771 assignare-

2039 3772 2143 3837 rit,
2186 3780 2244 3825 ut
2283 3773 2455 3828 locum
2494 3785 2674 3846 aptum
2719 3780 2770 3833 in
2801 3796 2907 3850 quo
2931 3781 3202 3853 degerent.
3235 3789 3456 3854 Quando
3481 3795 3621 3850 enim

2039 3873 2093 3918 tu
2124 3863 2362 3932 dormis,
2400 3868 2502 3922 illm
2531 3871 2825 3938 pervadunt
2867 3875 3224 3932 solitudinem.
3270 3880 3420 3946 Quod
3463 3886 3620 3941 etiam

2040 3956 2294 4024 pr0pheta
2321 3959 2442 4011 alibi
2471 3961 2737 4027 ostendit,
2770 3964 2848 4018 sic
2872 3964 3054 4020 dicens
3081 3985 3094 4020 :
3125 3966 3350 4024 Posuisti
3376 3977 3620 4036 tenebras.

2038 4059 2084 4100 et
2111 4048 2246 4116 facta
2271 4058 2342 4103 est
2494 4066 2510 4105 :
2535 4051 2585 4103 in
2613 4067 2671 4105 ea
2691 4057 3065 4119 pertransibunt
3086 4075 3257 4114 omnes
3283 4063 3450 4118 bestia:
3469 4069 3622 4136 sylva:

2039 4137 2220 4209 (Psal.
2250 4139 2372 4194 105.
2401 4140 2535 4210 20).
2569 4141 2756 4198 Vidisti
2795 4147 3065 4215 quomodo
3109 4166 3246 4205 nunc
3273 4169 3483 4224 quoque
3529 4161 3619 4213 tibi

2038 4242 2258 4288 manent
2287 4234 2358 4287 tui
2386 4235 2605 4304 vestigia
2647 4236 2885 4306 imperii,
2915 4253 3034 4308 qua:
3061 4242 3160 4296 etsi
3200 4244 3304 4297 sint
3329 4250 3540 4304 concisa
3567 4261 3622 4306 ct

2036 4324 2244 4388 mutila,
2275 4324 2466 4380 habent
2501 4334 2676 4381 tamen
2707 4328 2935 4398 aliquam
2963 4333 3196 4399 speciem
3226 4337 3426 4393 veteris.
3453 4340 3619 4396 hono-

2037 4414 2148 4470 ris?
2168 4415 2459 4487 Tamquam
2488 4418 2629 4472 enim
2656 4434 2824 4475 serva:
2854 4420 3100 4491 relegata:
3129 4436 3271 4491 sunt,
3299 4437 3353 4483 et
3379 4440 3620 4502 tempore

2034 4518 2088 4563 et
2117 4509 2235 4564 loco
2259 4525 2289 4564 a
2318 4509 2472 4565 nobis
2497 4511 2682 4580 procul
2721 4521 2940 4568 remota:
2969 4533 2983 4568 :
3014 4529 3077 4570 ac
3103 4517 3205 4571 nisi
3241 4527 3298 4573 tu
3334 4536 3436 4577 cas
3468 4525 3618 4579 inva-

2035 4599 2200 4664 seris,
2229 4615 2309 4654 )
2334 4609 2385 4655 te
2413 4616 2518 4655 non
2550 4601 2834 4670 invadunt,
2862 4605 2956 4658 sed
2982 4618 3262 4663 verSantur
3289 4611 3339 4666 in
3371 4614 3618 4672 solitudi-

2034 4690 2212 4745 nibus.
2240 4691 2392 4759 Quod
2434 4693 2478 4746 si
2507 4694 2717 4764 angeris
2758 4705 2812 4750 et
2853 4695 3126 4753 alllictaris
3161 4718 3258 4758 cur
3299 4704 3424 4761 fera:
3467 4711 3617 4766 laetae

2032 4789 2180 4847 sunt,
2204 4782 2359 4839 valde
2385 4782 2601 4854 desipis.
2630 4785 2684 4840 Si
2711 4787 2852 4841 enim
2887 4798 2937 4842 te
2962 4798 3106 4845 recte
3132 4795 3384 4862 gesseris,
3410 4801 3612 4855 ttttllunt

2032 4873 2285 4930 damnum
2315 4892 2380 4930 cx
2421 4877 2500 4931 eis
2541 4877 2772 4947 accipies
2803 4897 2817 4933 :
2847 4879 2894 4934 si
2921 4891 3098 4936 autem
3128 4899 3158 4938 a
3199 4884 3329 4941 feris
3361 4888 3614 4947 damnum

2033 4968 2254 5038 accipis,
2283 4970 2457 5040 cogita
2485 4979 2540 5025 te
2563 4985 2705 5050 saepe
2734 4972 2901 5026 multo
2931 4974 3101 5042 majus
3125 4976 3397 5044 accepisse
3425 4979 3494 5034 ab
3522 4981 3616 5034 lm-

2031 5061 2284 5119 minibus.
2329 5063 2426 5118 Est
2468 5063 2610 5118 enim
2659 5063 2818 5118 homo
2847 5064 3034 5132 quavis
3081 5065 3188 5119 fera
3233 5067 3484 5125 deterior.
3539 5073 3613 5129 Ea

2030 5154 2172 5208 enim
2197 5154 2364 5224 ipsam
2389 5170 2499 5224 pra:
2523 5169 2583 5209 se
2609 5152 2713 5208 fert
2735 5154 2995 5209 feritatem
3023 5173 3036 5208 :
3063 5155 3150 5210 hic
3171 5166 3348 5213 autem
3370 5161 3471 5215 sub
3496 5181 3614 5233 per.

2029 5261 2161 5301 sona
2191 5247 2532 5300 humanitatis
2554 5245 2694 5300 celat
2721 5245 3113 5316 improbitatem
3141 5263 3158 5300 :
3186 5249 3326 5304 unde
3363 5252 3523 5309 etiam
3555 5256 3616 5313 lit

2092 5358 2166 5420 (a)
2197 5358 2329 5417 Quod
2353 5364 2443 5406 Eva
2467 5357 2797 5431 aid-serpentis
2832 5370 3085 5431 occursum
3119 5372 3216 5431 non
3250 5361 3522 5431 aufugerit,
3547 5371 3612 5419 nil

2029 5418 2204 5468 mirum
2230 5434 2242 5468 :
2264 5433 2390 5475 cum,
2418 5418 2628 5483 nondum
2650 5419 2856 5467 admisso
2879 5426 3104 5483 peccato,
3131 5418 3392 5483 imperium
3411 5426 3460 5476 in
3484 5418 3613 5480 feras

2030 5433 2204 5468 mirum
2230 5434 2242 5468 :
2264 5433 2390 5475 cum,
2418 5433 2628 5466 nondum
2650 5433 2856 5467 admisso
2913 5433 3104 5476 eccato,
3131 5434 3386 5483 Imperium
3411 5433 3460 5476 in
3484 5433 3613 5480 feras

2115 5482 2300 5531 bestias
2321 5433 3376 5562 rarissimoadgregassem
3409 5488 3613 5562 etdiem

2027 5551 2340 5608 serpentem,
2353 5555 2447 5590 non
2473 5541 2729 5608 exterrita,
2755 5553 2850 5608 non
2874 5541 3203 5608 obStupefagia
3219 5547 3400 5608 fuerit,
3426 5551 3471 5598 id
3494 5541 3612 5603 vero

2028 5600 2129 5654 non
2151 5602 2376 5666 itaifacile
2399 5600 2645 5666 explicant
2668 5610 2761 5666 est.
2785 5607 2894 5666 Eam
2919 5600 3036 5666 vero
3057 5600 3489 5661 dillicultatem'hic
3505 5600 3610 5666 non

2029 5666 2185 5728 tangit
2206 5664 2594 5728 (.
2611 5663 2728 5718 Sed,
2745 5663 2882 5728 quod
2909 5665 3054 5713 etiam
3078 5667 3144 5716 ait
3169 5674 3302 5717 l-lom.
3327 5671 3357 5720 9
3381 5672 3430 5720 in
3454 5663 3608 5724 (-

2027 5716 2150 5784 Sim,
2177 5716 2518 5798 argumentum
2549 5716 2890 5802 luncas/alidum
2913 5716 3223 5802 nulttuamur,
3238 5716 3368 5802 feras
3388 5734 3451 5802 ab
3476 5736 3611 5802 initio

2028 5803 2123 5838 non
2143 5781 2307 5838 fuisse
2341 5787 2519 5860 homini
2553 5785 2833 5860 terribiles,
2855 5787 2985 5850 quod
3018 5795 3106 5860 Eva
3130 5781 3415 5860 serpentem
3432 5781 3610 5846 infulis

2027 5853 2273 5907 niauserit,
2301 5855 2351 5900 et
2375 5849 2432 5897 ad
2454 5849 2560 5911 ejus
2578 5849 2888 5912 conspectum
2912 5862 3008 5898 non
3023 5849 3355 5906 exituri-(terit.
