4068 6270
513 359 609 414 491

514 482 572 526 ιιι
600 484 743 542 saepe
775 469 992 528 difﬁcile
1033 480 1302 526 caveatur.
1337 469 1440 525 Sed
1465 469 1511 524 si
1541 471 1810 540 sapueris,
1841 484 1940 525 nec
1969 469 2100 536 fera,

517 578 618 618 nec
645 559 809 616 homo
836 561 1031 632 aliquid
1062 561 1186 615 mali
1227 559 1418 626 faciet,
1459 559 1556 616 sed
1594 561 1758 616 etiam
1799 561 2029 617 maxime
2055 571 2109 618 te

515 656 741 723 juvabit.
785 655 922 722 Quid
969 655 1120 720 dico,
1150 655 1259 709 tera
1286 661 1343 708 et
1367 653 1548 720 homo,
1579 669 1699 710 cum
1744 655 1857 726 ipse
1897 670 2112 725 quoque

520 747 767 802 diabolus
801 761 908 801 non
935 747 1096 802 modo
1130 761 1236 801 non
1267 747 1457 802 lasserit
1481 745 1614 813 Job,
1640 747 1734 802 sed
1762 748 1920 802 etiam
1963 748 2110 803 mille

518 855 852 897 coronarum
879 840 1090 895 occasio
1126 839 1326 895 fuerit?
1359 840 1486 910 quid
1525 840 1676 906 dico,
1708 840 1813 895 fera
1845 851 1898 897 et
1925 840 2108 909 homo,

523 952 646 990 cum
673 937 833 990 etiam
859 935 927 990 ab
954 936 1018 990 iis
1039 949 1160 1004 quae
1189 935 1242 989 in
1271 944 1322 990 te
1359 945 1486 989 sunt
1513 933 1814 998 elementis,
1861 935 1904 990 si
1946 934 2112 990 fueris

527 1026 821 1096 negligens,
853 1026 1008 1096 longe
1033 1026 1110 1080 sis
1147 1025 1390 1096 graviora
1415 1038 1692 1095 passurus,
1734 1039 1926 1096 nempe
1949 1040 1978 1080 a
2007 1025 2115 1083 bile

527 1119 609 1173 vel
657 1119 880 1190 pituita,
927 1120 972 1174 si
1019 1118 1460 1174 immoderatione
1505 1117 1681 1190 aliqua
1726 1119 2112 1174 redundantem

524 1225 715 1265 etmtm
757 1211 965 1280 copiam
1005 1209 1356 1280 despexeris?
1399 1209 1550 1266 Adeo
1590 1209 1766 1265 sobria
1804 1209 2116 1280 etvigilanti

531 1310 708 1356 mente
736 1301 932 1370 ubique
971 1315 1106 1370 opus
1129 1310 1230 1356 est.
1267 1298 1374 1356 Sed
1399 1300 1850 1371 quemadmodum
1881 1301 1928 1356 si
1953 1299 2117 1356 fueris

532 1393 834 1463 negligens,
875 1393 1166 1447 maximum
1209 1393 1333 1448 inde
1375 1392 1627 1448 damnum
1655 1394 1887 1464 accipies
1919 1411 1932 1448 :
1965 1393 2036 1447 ita
2072 1391 2118 1448 sl

531 1497 768 1543 attentus
795 1488 869 1541 sis
895 1496 950 1543 et
975 1487 1197 1557 vigilans
1219 1529 1232 1552 ,
1270 1501 1376 1542 non
1405 1487 1522 1543 leve
1546 1501 1646 1543 nec
1668 1485 2120 1543 contemnendum

531 1579 1178 1648 accipiet-commodum:
1213 1579 1520 1635 universum
1563 1579 1706 1635 enim
1751 1578 1804 1633 in
1844 1577 2015 1633 libero
2045 1577 2119 1632 tui

531 1673 697 1728 animi
723 1672 946 1727 arbitrio
987 1673 1148 1727 situm
1188 1681 1288 1726 est.
1321 1671 1478 1738 Quod
1511 1680 1596 1727 est
1635 1685 1764 1742 ergo
1796 1671 1886 1726 nix
1920 1673 1971 1725 in
1999 1669 2120 1724 uni-

535 1779 715 1832 verso,
759 1773 814 1820 et
854 1764 1027 1834 ignis,
1057 1773 1110 1819 et
1153 1763 1372 1833 spiritus
1397 1761 1749 1833 procellarum
1774 1802 1788 1827 ,
1819 1761 1922 1815 hoc
1947 1769 2030 1816 est
2067 1760 2122 1814 in

535 1871 763 1926 corpore
786 1858 993 1927 pituita,
1018 1857 1254 1926 sanguis,
1280 1865 1332 1910 et
1357 1856 1508 1920 bills;
1537 1861 1591 1910 et
1609 1868 1668 1910 ea
1691 1861 1900 1922 Oportet
1921 1854 2125 1923 sapien-

539 1947 745 2000 tissime
775 1961 963 2016 regere
985 1956 1039 2001 et
1063 1946 1456 2013 administrare,
1486 1955 1542 2000 ut
1561 1957 1628 2001 ex
1654 1945 1733 2001 eis
1757 1946 1928 2016 aliqua
1949 1945 2129 2015 Capia-

541 2047 627 2089 tur
650 2035 874 2101 utilitas,
903 2050 1009 2090 non
1038 2044 1220 2091 autem
1247 2035 1644 2092 detrimentum.
1678 2036 1744 2090 Et
1766 2034 1889 2106 qttid
1915 2033 2037 2090 dico
2060 2035 2128 2092 de

544 2143 791 2200 corpore,
814 2143 935 2184 cum
961 2129 1136 2183 anima
1172 2143 1382 2199 quoque
1415 2129 1605 2184 habeat
1633 2127 1906 2191 nonnulla,
1937 2143 2056 2197 qua:
2082 2126 2127 2182 si

541 2221 730 2276 siveris
773 2221 1060 2290 pervenire
1093 2220 1160 2274 ad
1200 2220 1715 2285 immoderationem,
1761 2218 1935 2274 morbi
1972 2219 2125 2284 ﬁunt,

542 2312 636 2367 sed
661 2311 706 2367 si
734 2326 797 2367 ea
825 2313 1052 2382 castiges
1075 2320 1130 2367 et
1157 2311 1483 2378 modereris,
1503 2311 1633 2366 llunt
1659 2310 2023 2367 adminicula?
2047 2311 2131 2366 Ira

452 2473 457 2479 Ι
544 2404 711 2468 enim,
729 2404 774 2457 si
797 2418 857 2458 ea
881 2412 938 2458 ut
961 2413 1170 2474 oportet
1191 2405 1374 2466 utaris,
1398 2413 1481 2459 est
1501 2404 1732 2459 salutare
1753 2405 2128 2476 pharmacum:

551 2494 644 2550 sed
675 2495 720 2548 si
748 2495 1126 2562 immoderate,
1158 2510 1316 2550 causa
1346 2503 1427 2550 est
1461 2497 1632 2572 exitii.
1675 2495 1742 2550 Et
1775 2495 2058 2566 cupiditas,
2087 2495 2132 2550 si

546 2587 821 2642 moderate
845 2603 963 2643 eam
1002 2602 1189 2658 regas,
1220 2597 1272 2643 te
1297 2597 1504 2659 patrem
1547 2587 1749 2655 elllcit;
1791 2596 1875 2643 est
1899 2588 2042 2643 enim
2067 2587 2134 2642 ad

547 2681 684 2734 tilios
711 2679 1070 2750 procreandus
1100 2680 1284 2745 utilis;
1316 2679 1410 2735 sed
1445 2679 1490 2734 si
1516 2695 1633 2734 eam
1660 2695 1942 2749 erumpere
1967 2681 2134 2748 sinas,

547 2775 599 2828 in
638 2780 821 2844 stupra
860 2783 914 2829 et
954 2773 1215 2830 adulteria
1259 2784 1310 2829 te
1351 2789 1494 2844 sche
1531 2773 1767 2844 conjicit.
1806 2773 1885 2830 Ne
1923 2773 2136 2844 culpam

547 2882 676 2938 ergo
707 2869 758 2922 in
800 2881 886 2923 res
915 2867 1188 2930 conferas,
1234 2866 1328 2922 sed
1356 2882 1570 2936 semper
1607 2867 1659 2921 iu
1691 2876 1833 2920 tuam
1876 2875 2137 2923 mentem.

547 2960 602 3013 Si
629 2975 750 3015 eam
770 2959 912 3014 enim
941 2959 1258 3030 neglexeris,
1283 2973 1314 3011 a
1345 2958 1514 3028 teipso
1537 2971 1749 3027 quoque
1772 2956 2003 3025 hederis,
2027 2967 2082 3012 et
2106 2971 2138 3012 a

549 3052 764 3123 proprio
808 3067 1034 3122 corpore
1079 3051 1358 3121 pcrderis;
1400 3049 1495 3106 sed
1527 3050 1571 3105 si
1599 3049 1717 3120 ejus
1740 3064 1923 3105 curam
1957 3064 2142 3120 gesse-

549 3145 623 3196 ris
643 3185 658 3209 ,
693 3157 792 3198 nec
821 3159 848 3196 a
879 3142 1212 3198 daemonibus
1254 3141 1492 3211 quidem,
1532 3155 1632 3196 nec
1659 3156 1688 3194 a
1727 3141 1939 3196 diabolo
1959 3183 1974 3207 ,
2019 3149 2140 3195 tan-

551 3246 660 3288 tum
699 3234 885 3302 abest,
928 3245 985 3289 ut
1023 3248 1052 3288 a
1095 3231 1246 3301 leris,
1288 3232 1486 3303 aliquid
1524 3246 1687 3302 grave
1724 3240 1816 3286 aut
1854 3231 2140 3287 molestum

550 3327 806 3397 patiaris.
1171 3347 1176 3352 ’

628 3418 1016 3490 Magistratuttm
1042 3419 1324 3473 necessitas.
1337 3447 1411 3459 —
1427 3418 1511 3473 11.
1537 3417 1696 3489 Reges
1713 3427 1878 3484 teme,
1902 3426 1950 3470 et
1969 3433 2143 3473 omnes

557 3513 753 3582 populi.
785 3513 930 3567 Alius
951 3555 968 3580 ,
1011 3513 1076 3566 Et
1103 3529 1275 3567 omnes
1302 3511 1570 3583 tribus(a).
1603 3512 1873 3582 Principes
1898 3522 1942 3566 et
1972 3527 2145 3567 omnes

548 3603 751 3674 jndices
780 3612 944 3657 term.
993 3602 1083 3658 l2.
1127 3601 1346 3658 Iuvenes
1373 3615 1420 3658 et
1446 3605 1679 3676 virgines.
1731 3605 1911 3668 Alius,
1959 3603 2141 3660 Electi.

556 3694 715 3749 Senes
755 3710 870 3748 cum
899 3695 1211 3766 junioribus.
1237 3695 1419 3762 Alius,
1449 3693 1576 3750 Cum
1597 3695 1884 3766 juvenibus.
1913 3694 2146 3750 Laudent

558 3803 741 3842 nomen
782 3786 1008 3842 Domini.
1059 3787 1156 3842 llic
1196 3802 1384 3843 rursus
1429 3787 1660 3859 loquitur
1696 3786 1764 3844 de
1808 3787 1913 3842 alio
1950 3803 2147 3860 genere

559 3877 907 3946 providentia:
937 3920 952 3946 ,
1005 3894 1198 3949 nempe
1245 3879 1314 3934 de
1363 3878 1688 3949 principibus
1723 3896 1736 3934 :
1768 3879 1911 3950 quod
1952 3879 2147 3935 Paulus

557 3983 770 4039 quoque
801 3968 853 4022 in
885 3969 1109 4039 epistola
1139 3968 1206 4023 ad
1251 3967 1520 4025 Romanos
1545 3969 1715 4040 ponit,
1757 3969 2149 4036 sapientissime

557 4061 846 4116 ostendens
877 4061 977 4116 hoc
1013 4059 1178 4116 fuisse
1219 4075 1355 4131 opus
1397 4061 1491 4117 Dei
1530 4061 1909 4132 providentiae,
1954 4062 2007 4116 in
2055 4076 2150 4118 eos

558 4153 650 4222 qui
680 4155 1020 4224 magistratus
1049 4160 1279 4225 gerunt,
1324 4164 1379 4209 et
1416 4154 1470 4208 in
1517 4167 1613 4210 eos
1649 4155 1739 4225 qui
1783 4154 1887 4209 illis
1928 4162 2147 4226 parcnt,

563 4243 868 4299 universum
895 4243 1160 4300 divisisse.
1189 4242 1288 4298 Dei
1315 4245 1447 4299 enim
1475 4245 1702 4298 minister
1721 4254 1794 4299 est
1820 4245 1928 4311 tibi,
1959 4245 2149 4316 ittqttit,

559 4337 612 4390 in
655 4337 840 4390 bonum
879 4337 1053 4410 (Rom.
1103 4338 1190 4393 15.
1235 4338 1310 4408 4).
1355 4337 1410 4393 Si
1460 4338 1561 4392 hoc
1607 4346 1786 4393 autem
1832 4338 2150 4408 sustuleris,

563 4426 876 4482 universum
909 4427 1108 4482 interit.
1139 4427 1196 4484 Si
1227 4429 1369 4483 enim
1409 4443 1530 4483 cum
1561 4441 1704 4483 nunc
1735 4437 1860 4483 sunt
1886 4429 2153 4500 principes

563 4526 618 4570 et
647 4519 986 4587 magistratus
1009 4559 1025 4585 ,
1075 4519 1333 4588 multique
1361 4528 1485 4574 sunt
1515 4519 1568 4574 in
1596 4521 1674 4575 eis
1701 4520 1938 4590 corrupti
1967 4533 2030 4576 ac
2054 4521 2152 4576 de-

566 4608 788 4675 pravati,
819 4615 997 4664 tantus
1025 4619 1199 4663 tamen
1225 4610 1301 4664 rei
1327 4619 1410 4665 est
1435 4625 1582 4678 usus,
1615 4613 1854 4668 utetiam
1881 4627 2000 4668 cum
2029 4614 2153 4669 mali

561 4701 699 4765 sint,
734 4715 924 4769 magna
951 4717 1016 4756 ex
1052 4700 1132 4756 eis
1165 4703 1405 4770 capiatur
1428 4703 1625 4758 utilitas
1647 4745 1663 4770 ,
1707 4707 1879 4774 cogita
1906 4705 2042 4776 apud
2070 4715 2152 4773 te,

567 4796 611 4849 si
645 4795 680 4849 ii
707 4795 899 4865 quibus
928 4803 1054 4849 sunt
1080 4795 1266 4850 crediti
1299 4795 1666 4865 magistratus,
1706 4813 1800 4854 eos
1831 4808 1978 4855 recte
2002 4815 2156 4869 gere-

571 4897 708 4950 rent,
740 4901 899 4958 quam
929 4887 1065 4943 bene
1093 4901 1215 4940 cum
1242 4902 1439 4958 genere
1474 4887 1706 4945 humano
1747 4903 2016 4962 ageretur.
2048 4894 2155 4949 Sed

572 4981 912 5050 magistratus
939 4978 1156 5050 quidem
1187 4978 1511 5033 constituere
1531 5020 1547 5044 ,
1578 4980 1673 5034 iuit
1703 4981 1795 5037 Dei
1820 4997 1956 5052 opus
1979 5003 1992 5037 :
2015 4985 2155 5055 quod

566 5083 742 5127 autem
788 5072 1016 5143 improbi
1057 5072 1124 5126 ad
1174 5087 1267 5127 eos
1303 5070 1698 5143 provehantur,
1736 5083 1792 5129 et
1829 5076 1908 5130 eis
1952 5089 2057 5132 non
2100 5087 2160 5134 ut

567 5167 724 5221 decet
749 5174 983 5231 utantur,
1011 5175 1094 5219 est
1119 5163 1394 5218 hominum
1428 5165 1799 5233 improbitatis.

643 5258 697 5314 5.
735 5256 870 5311 Dicit
899 5272 1026 5328 ergo
1053 5269 1303 5327 oportere
1343 5273 1561 5328 magnas
1605 5257 1714 5313 Deo
1740 5257 1936 5328 gratias
1965 5275 2122 5332 agerc
2140 5303 2156 5326 ,

566 5351 706 5422 quod
740 5352 846 5406 sint
873 5361 928 5408 et
965 5367 1122 5424 reges
1146 5393 1159 5409 .
1191 5361 1245 5406 et
1269 5351 1492 5421 judices.
1523 5351 1682 5407 Certo
1709 5353 1850 5408 enim
1887 5355 2073 5411 ordine
2102 5365 2158 5412 ct

569 5446 730 5502 modo
777 5446 1080 5501 constituta:
1125 5445 1396 5501 hominum
1450 5445 1924 5503 administrationis
1973 5464 2154 5505 curam

630 5580 705 5642 (a)
739 5583 887 5632 Hebr.
923 5558 1214 5639 amab-5:
1231 5626 1244 5647 ,
1282 5597 1429 5647 quam
1450 5597 1620 5633 vocetn
1639 5581 1756 5632 Psal.
1783 5583 1831 5639 2,
1850 5599 1894 5632 v.
1925 5584 1966 5641 l,
1985 5583 2157 5648 Aquila

569 5654 724 5718 vertit
743 5653 1077 5718 ob).u,_tt'ilnts.
1107 5653 1222 5700 Haec
1243 5654 1411 5718 igitur
1442 5651 1790 5718 interpretatio
1815 5650 2008 5718 Videtur
2031 5661 2143 5718 esse

572 5713 796 5777 Aquilus,
819 5714 1069 5777 qui__s_olet
1097 5715 1252 5777 semel
1283 5713 1562 5777 usurpatam
1600 5713 2062 5777 interpretationem
2088 5714 2146 5759 ut

574 5773 1113 5844 plurimumadhibere.
1152 5773 1433 5836 Sequentes
1469 5774 1906 5835 interpretationes
1936 5783 2143 5833 quorum

575 5842 671 5888 sint
697 5842 965 5900 ignoratur.

1226 357 1280 411 S.
1325 355 1603 411 JOANNJS
1639 355 2120 412 CHRYSOSTOMI
2160 355 2478 412 AllClllEP.
2520 358 3065 418 CONSTANTINOP.

3679 371 3762 426 i9i

2213 481 2407 538 gerens
2425 511 2445 540 ,
2472 480 2527 527 et
2557 486 2625 526 ne
2652 472 2772 541 plus
2795 489 2955 543 quam
2997 474 3170 530 ferino
3197 477 3302 532 ritu
3332 482 3482 538 multi
3523 486 3764 553 viverent,

2216 562 2522 631 providens,
2551 564 2711 618 veluti
2741 567 3024 635 quamdam
3051 582 3238 624 currus
3267 573 3486 641 regendi
3517 583 3703 646 artem,
3723 591 3768 634 et

2217 657 2366 710 navis
2393 656 2757 727 gubernanda:
2795 659 3109 726 scientiam,
3161 663 3502 733 magistratus
3548 677 3599 724 et
3633 684 3768 740 regna

2217 749 2436 819 largitus
2472 759 2573 804 est.
2615 750 2670 806 Si
2710 766 2839 822 ergo
2873 752 2951 808 sis
2993 753 3273 825 princeps,
3319 766 3412 811 aut
3440 761 3772 828 magistratum

2217 855 2372 910 geras
2393 882 2409 907 ,
2437 841 2670 912 benigno
2711 843 2821 898 Deo
2856 858 2955 915 age
2991 846 3209 914 gratias,
3238 847 3382 916 quod
3409 858 3565 906 tanta:
3583 866 3710 906 cum
3731 864 3774 909 et

2215 931 2507 1003 diligentiae
2535 934 2627 988 tibi
2664 934 2786 988 data
2823 935 2893 989 sit
2930 938 3186 992 occasio:
3215 938 3264 992 si
3305 940 3572 1008 privatus,
3618 957 3776 998 rursus

2218 1039 2317 1094 age
2354 1024 2583 1094 gratias,
2623 1026 2764 1096 quod
2794 1026 2992 1082 habeas
3033 1029 3122 1098 qui
3173 1029 3245 1083 tui
3291 1044 3476 1084 curam
3501 1042 3672 1101 gerat,
3695 1049 3777 1090 nec

2219 1116 2512 1185 permittat,
2535 1125 2596 1171 ut
2615 1124 2667 1171 te
2684 1118 2916 1187 improbi
2946 1118 3155 1174 insidiis
3171 1120 3588 1177 circumventum
3617 1125 3775 1194 oppri-

2221 1209 2423 1263 mant‘.
2462 1209 2568 1264 Seu
2614 1203 2679 1264 id
2728 1218 3059 1266 senectutem
3101 1214 3439 1281 perveneris,
3471 1228 3562 1270 seu
3596 1215 3666 1270 sis
3701 1216 3772 1284 ju-

2225 1299 2400 1363 venis,
2432 1298 2542 1355 Deo
2569 1315 2667 1371 age
2695 1303 2912 1372 gratias.
2947 1301 3058 1357 Hoc
3086 1303 3228 1357 enim
3259 1305 3493 1361 maxime
3514 1305 3687 1375 probat
3709 1306 3779 1362 bis

2224 1391 2470 1449 Psalmus
2494 1407 2591 1464 per
2613 1394 2812 1460 omnia,
2839 1395 2984 1464 quod
3013 1404 3260 1466 oporteat
3288 1396 3456 1450 Deum
3483 1397 3681 1453 laudare
3699 1413 3780 1468 pro

2225 1484 2511 1550 omnibus,
2553 1499 2648 1540 seu
2674 1486 2750 1541 sis
2775 1487 3151 1557 magistratus,
3191 1503 3288 1544 seu
3317 1490 3584 1558 privatus:
3605 1498 3654 1544 et
3679 1491 3779 1546 ideo

2231 1577 2339 1633 hoc
2375 1576 2683 1648 signiﬁcans
2724 1578 2886 1644 dixit,
2928 1578 2998 1633 Et
3044 1595 3215 1635 omnes
3257 1582 3458 1652 populi.
3482 1581 3584 1638 Seu
3613 1582 3778 1650 lueris,

2227 1669 2436 1738 inquit,
2466 1683 2654 1736 senex,
2684 1684 2777 1724 seu
2805 1669 3018 1739 juvenis
3041 1712 3057 1737 ,
3089 1685 3184 1726 seu
3212 1672 3330 1738 vir,
3363 1686 3458 1727 seu
3487 1675 3681 1732 mulier.
3706 1675 3780 1730 t3.

2231 1763 2364 1829 Quia
2384 1763 2666 1820 exaltatum
2692 1770 2762 1816 est
2788 1777 2971 1817 nomen
2996 1767 3109 1833 eius
3140 1765 3322 1818 solius.
3352 1765 3504 1820 Alius
3521 1804 3536 1827 ,
3566 1765 3684 1833 Quia
3706 1781 3779 1821 stt-

2228 1855 2562 1926 pereminens.
2608 1854 2696 1908 l4.
2727 1852 2986 1914 Confessio
3019 1855 3130 1916 eius
3156 1870 3312 1923 super
3339 1865 3522 1909 terram
3543 1865 3588 1908 et
3613 1857 3776 1910 celum.

2229 1947 2402 2014 Alius,
2433 1943 2502 2000 Et
2527 1947 2744 2017 hymnus
2771 1946 2900 2018 ejus.
2931 1945 2997 2000 Et
3026 1947 3272 2001 exaltabit
3314 1963 3474 2000 cornu
3511 1948 3672 2016 pepuli
3697 1947 3776 2000 sui.

2235 2037 2472 2110 Hymnus
2491 2038 2725 2093 omnibus
2752 2040 2940 2094 sanctis
2965 2040 3098 2110 ejus,
3129 2040 3255 2109 ﬁliis
3295 2039 3487 2106 Israel,
3517 2041 3684 2110 populo
3699 2057 3778 2107 ιρι

2233 2130 2592 2202 propinquanti
2635 2130 2750 2184 sibi.
2798 2129 2949 2198 Quod
2996 2139 3172 2186 autem
3221 2130 3356 2186 dicit
3399 2139 3482 2185 est
3521 2129 3778 2198 ejusmodi:

2235 2220 2458 2278 Ostendi
2486 2236 2552 2277 ex
2577 2221 2644 2277 iis
2667 2236 2788 2291 qua:
2812 2221 3061 2276 videntur
3087 2221 3340 2276 omnibus
3359 2262 3376 2290 ,
3407 2221 3522 2285 ejus
3543 2219 3779 2289 providen-

2235 2313 2363 2368 tiam
2387 2355 2403 2380 ,
2451 2313 2674 2384 gloriam
2699 2354 2714 2378 ,
2767 2313 3100 2382 majestatem
3131 2329 3145 2367 :
3171 2321 3390 2382 oportet
3429 2322 3599 2366 autem
3640 2311 3778 2380 ipsum

2235 2406 2457 2462 laudare
2483 2421 2590 2462 non
2633 2408 2702 2462 ob
2729 2406 2844 2462 hinc
2887 2407 3057 2463 solum
3081 2443 3098 2472 ,
3144 2405 3241 2461 sed
3281 2404 3440 2460 etiam
3471 2403 3657 2474 absque
3681 2403 3775 2456 bis:

2236 2513 2360 2553 nam
2385 2507 2509 2553 ante
2536 2497 2650 2553 haec
2675 2540 2690 2563 ,
2718 2507 2772 2552 et
2799 2499 2916 2552 sine
2947 2497 3028 2550 his
3052 2497 3100 2550 ei
3127 2497 3319 2566 obtigit
3342 2493 3590 2559 altitudo,
3615 2493 3780 2563 gloria,

2237 2599 2293 2646 et
2339 2589 2407 2645 ab
2449 2590 2696 2646 omnibus
2732 2589 3020 2660 gratiarum
3063 2586 3228 2642 actio.
3276 2585 3408 2640 illud
3449 2594 3647 2647 autem,
3680 2580 3780 2646 Eius

2236 2683 2414 2746 solius,
2439 2681 2593 2746 dixit,
2623 2689 2683 2736 ttt
2725 2683 2793 2735 ab
2819 2681 2904 2747 iis,
2935 2681 3024 2749 qui
3053 2694 3178 2735 vere
3203 2678 3282 2732 dii
3315 2692 3422 2732 non
3451 2685 3588 2741 sunt,
3627 2674 3781 2729 distin-

2236 2781 2509 2845 gueretur.
2547 2772 2748 2828 Deinde
2782 2771 3015 2828 evehens
3059 2784 3245 2824 rursus
3304 2767 3592 2824 auditorem
3631 2763 3687 2819 ad
3723 2763 3784 2816 al-

2241 2868 2433 2922 tiorem
2461 2865 2982 2934 contemplationem,
3005 2879 3033 2916 a
3055 2872 3194 2917 terra
3217 2877 3410 2917 rursus
3430 2875 3546 2915 eum
3567 2860 3616 2912 in
3632 2855 3784 2911 caaluut

2242 2959 2513 3014 translert.
2545 2955 3003 3026 Quemadmodum
3046 2955 3187 3009 enim
3233 2955 3296 3008 in
3341 2951 3591 3023 principio
3625 2965 3654 3004 e
3685 2945 3786 3003 calo

2242 3051 2295 3104 itt
2327 3057 2522 3104 terram
2563 3046 2882 3102 descendit:
2913 3047 2982 3100 ita
3021 3045 3090 3098 ab
3131 3045 3389 3098 omnibus
3431 3057 3545 3112 qua:
3581 3038 3786 3094 videntur

2242 3141 2398 3198 ell'ert
2434 3153 2619 3196 rursus
2670 3139 2938 3192 hominem
2979 3150 3138 3205 supra
3185 3136 3418 3200 caelum,
3453 3132 3626 3188 dicens
3650 3147 3661 3182 :
3685 3127 3787 3181 Cott-

2245 3235 2396 3304 fessio
2423 3233 2534 3303 ejus
2575 3249 2729 3302 super
2753 3230 2933 3284 caelum
2972 3239 3020 3282 et
3059 3237 3276 3281 terram.
3317 3227 3429 3281 Hoc
3466 3233 3576 3287 est,
3608 3214 3786 3275 Etiamsi

2243 3339 2490 3395 superna:
2521 3332 2808 3394 potestates
2829 3363 2846 3387 ,
2875 3335 2995 3391 quae
3036 3319 3136 3374 sub
3159 3329 3442 3389 ssPcctum
3473 3329 3576 3370 non
3595 3311 3786 3369 cadunt.

2245 3425 2300 3471 et
2331 3415 2673 3485 intelligentia
2708 3414 2822 3468 sola
2865 3413 3405 3481 comprehenduntur
3426 3449 3442 3473 ,
3485 3423 3583 3462 non
3617 3408 3786 3459 cessant

2248 3510 2360 3564 Deo
2385 3509 2582 3578 gratias
2609 3521 2767 3577 agere
2807 3514 2862 3560 et
2909 3503 3163 3559 laudare:
3189 3504 3338 3556 Deus
3366 3513 3533 3556 tamen
3553 3539 3566 3558 ,
3591 3496 3670 3566 qui
3696 3491 3788 3546 talis

2248 3609 2332 3654 est
2351 3607 2406 3653 et
2433 3606 2630 3659 tantus,
2656 3610 2755 3650 nos
2779 3610 2992 3666 quoque
3017 3593 3271 3664 dignatus
3297 3600 3382 3648 est
3407 3605 3553 3646 suum
3581 3583 3786 3656 populum

2249 3707 2477 3748 vocare:
2501 3706 2600 3746 nec
2619 3691 2792 3744 solum
2818 3703 3030 3752 vocare,
3053 3687 3147 3744 sed
3173 3687 3340 3742 etiam
3366 3686 3564 3756 erigere
3584 3689 3632 3736 et
3648 3672 3786 3733 extolc

2250 3785 2382 3839 lere.
2408 3783 2478 3839 Et
2504 3782 2624 3838 ideo
2648 3780 2919 3851 sultjunxit
2940 3795 2955 3833 :
2979 3778 3044 3833 Et
3071 3777 3499 3854 exaltabitcornu
3523 3769 3678 3844 populi
3693 3765 3784 3820 sui:

2252 3878 2354 3933 hac
2376 3890 2560 3932 rursus
2579 3874 2784 3930 ratione
2807 3872 2876 3927 ad
2895 3871 3158 3940 majorem
3174 3870 3297 3938 ejus
3318 3869 3514 3924 cultum
3539 3859 3786 3918 attrahcns.

2253 3980 2308 4027 et
2331 3968 2620 4026 ostendens
2658 3982 2717 4023 se
2746 3981 2852 4021 non
2883 3979 3068 4020 eorum
3095 3963 3240 4018 cultu
3278 3971 3334 4018 et
3376 3957 3688 4016 veneratione
3723 3949 3785 4002 in-

2252 4062 2521 4133 digentem
2564 4058 2860 4131 (quomodo
2907 4057 3052 4112 enim
3099 4054 3186 4109 cui
3226 4061 3417 4108 natura
3468 4057 3545 4103 est
3581 4041 3787 4133 attributa

2252 4129 2442 4226 gloria,
2471 4163 2525 4212 et
2545 4129 2625 4208 tot
2649 4162 2705 4208 et
2726 4161 2886 4206 tanta:
2920 4149 3175 4218 subjecta:
3203 4157 3334 4201 sunt
3357 4134 3692 4206 et'eaturati),
3715 4129 3787 4185 sed

2261 4225 2478 4320 propter
2503 4248 2673 4302 solam
2713 4245 3007 4300 bonitatem
3037 4256 3132 4298 eos
3159 4240 3262 4294 sibi
3293 4237 3575 4309 peculiares
3592 4225 3787 4286 ell‘ecissc

2256 4352 2312 4399 et
2349 4341 2666 4404 lamiliares,
2714 4337 2995 4405 clarosque
3035 4342 3090 4389 et
3132 4332 3372 4402 insignes
3419 4324 3686 4384 reddidisse
3719 4327 3790 4385 per

2258 4433 2566 4488 universum
2606 4431 2792 4486 orbem
2846 4439 3026 4483 terrai.
3079 4423 3232 4494 Quod
3285 4422 3496 4494 quidem
3534 4410 3787 4484 signiﬁcatis

2257 4525 2424 4582 dixit:
2447 4523 2681 4595 Hymnus
2701 4520 2933 4576 omnibus
2952 4517 3139 4572 sanctis
3159 4516 3292 4586 ejus,
3313 4515 3432 4585 ﬁliis
3446 4506 3620 4570 Israel,
3641 4495 3789 4574 ρορειίο

2257 4614 2691 4687 αρρνορὶηιιααηιὶ
2730 4613 2843 4668 sibi.
2874 4611 2953 4668 Ne
2989 4625 3086 4667 eos
3107 4609 3250 4664 enim
3285 4607 3406 4662 ideo
3432 4598 3727 4658 socordiorcs
3749 4595 3790 4642 et

2260 4709 2563 4781 supiniores
2588 4706 2862 4772 redderet,
2892 4701 3035 4775 quod
3057 4716 3152 4758 eos
3186 4699 3436 4770 populum
3459 4693 3570 4764 ejus
3595 4688 3784 4784 diceret.

2261 4811 2318 4858 et
2359 4802 2412 4857 in
2445 4801 2547 4857 hoc
2574 4799 2690 4856 solo
2716 4799 2933 4854 nomine
2973 4794 3218 4849 ﬁduciam
3261 4790 3610 4846 collocantes,
3635 4783 3787 4868 ammte

2259 4897 2509 4950 virtutem
2534 4893 2865 4964 negligerent
2889 4909 2900 4944 :
2923 4899 3204 4959 postquam
3233 4884 3384 4948 dixit,

2264 4989 2375 5050 but.
2402 5002 2512 5048 non
2535 4985 2670 5040 dixit
2689 4982 2952 5045 absolute,
2977 4978 3311 5037 Hominibus,
3339 4973 3450 5036 sed,
3475 4967 3659 5024 Sanctis
3673 4967 3789 5050 ejus:

2261 5089 2318 5135 et
2335 5046 2531 5134 rursus
2555 5087 2833 5147 postquam
2862 5074 3014 5135 dixit,
3035 5071 3187 5126 Filiis
3209 5067 3392 5131 Israel,
3411 5059 3607 5132 adjecit,
3631 5046 3789 5147 Ρορνίῗ

2264 5135 2825 5245 αρρνορί,ιηὶιαιιιίόίιιί.
2847 5169 2996 5223 Alius
3015 5175 3193 5222 autem
3217 5164 3471 5230 interpres
3492 5167 3581 5226 ιπο

2399 5239 2655 5337 Iiymnus,
2702 5262 2854 5325 dixit,
2897 5258 3036 5314 Laus
3081 5257 3181 5330 (a).
3227 5253 3377 5324 Quod
3421 5263 3542 5318 ergo
3583 5239 3784 5337 dicit

2265 5334 2529 5426 ejusmodi
2551 5374 2564 5410 :
2582 5355 2636 5411 Si
2653 5354 2817 5408 sancti
2840 5352 2976 5418 sitis,
3004 5351 3046 5404 si
3065 5349 3114 5405 ei
3131 5340 3565 5419 appropinquetis,
3590 5334 3785 5426 magn-ill1

2266 5451 2491 5525 gloriam
2508 5446 2930 5518 consequetnini.
2949 5446 3084 5501 Sunt
3100 5443 3241 5499 enim
3263 5440 3373 5509 ejus
3393 5433 3558 5491 omnia
3580 5425 3784 5498 perenn"

2331 5656 2344 5687 ³
2384 5659 2494 5702 Post
2527 5651 2635 5700 hate
2668 5649 2852 5703 verba,
2892 5644 3084 5696 insidiis
3128 5642 3512 5700 csrcumventmd
3532 5614 3782 5703 '

2331 5678 2344 5687 '
2386 5678 2494 5702 ιὐδι
2528 5678 2635 5700 nam;
2674 5678 2820 5700 vomu
2839 5688 2852 5703 ,
2895 5678 3083 5696 ιηοιιηιη
3128 5678 3187 5693 ων
3204 5678 3512 5700 νων-ι
3647 5682 3655 5690 ,

2265 5730 2394 5767 unus
2414 5715 2571 5772 addit,
2587 5711 2790 5775 juvetur;
2819 5715 2866 5761 et
2889 5708 3114 5770 uirgines,
3135 5706 3341 5756 seniores
3365 5708 3469 5748 cum
3490 5678 3738 5775 parturibat;

2337 5749 2394 5766 ι.
2414 5749 2790 5775 “unum...”
2819 5749 2866 5761 η
2963 5749 3114 5770 ηψπ,
3135 5749 3275 5756 _-----.
3296 5749 3334 5751 η
3490 5749 3502 5753 _

2335 5809 2411 5874 (a)
2444 5809 2555 5869 Quis
2579 5808 2644 5857 ita
2669 5806 2873 5857 verterit
2899 5804 3188 5866 ignoramus.
3218 5795 3490 5846 Itebraictuu
3513 5787 3596 5837 est,
