4012 6280
504 324 598 379 ιρι

508 434 625 504 ρίαν
636 429 730 509 ’τῷ
750 430 851 501 τῆς
882 431 1179 496 ἐπιεικείας
1194 433 1539 505 προσωπείῳ,
1559 433 1682 488 ὅθεν
1703 436 1800 490 καὶ
1822 433 2084 497 πολλάκις

1524 319 1892 380 EXPOSITIO
1929 319 1996 375 IN
2034 319 2365 381 PSALMUM
2407 324 2687 385 CXLVIII.
2760 378 2768 383 .

3657 341 3764 400 492

2184 436 2371 507 ἄρχων
2387 418 2568 496 τοίνυν
2586 438 2671 515 ᾖς,
2699 442 3009 516 εὐχαρίστει
3034 445 3109 519 τῷ
3132 448 3497 523 φιλανθρώπῳ
3517 451 3657 525 Θεῷ,
3677 456 3762 513 δτι

505 523 624 579 ἐστὶ
653 523 1042 593 δυσφύλακτος.
1074 525 1212 579 Ἀλλ’
1231 524 1326 579 ἐὰν
1347 527 1543 597 νήφῃς,
1573 526 1696 580 οὐτε
1717 526 1928 598 θηρίον,
1959 523 2086 580 οὔτε
2181 525 2373 595 ἔλαϐες
2415 533 2670 608 ἀφορμὴν
2704 539 2974 612 τοσαύτης
3008 543 3345 615 ἐπιμελείας·
3378 547 3486 601 κᾶν
3524 523 3763 621 ἀρχόμε-

509 615 793 687 ἄνθρωπός
821 631 880 669 σε
919 615 1088 670 δεινόν
1133 634 1184 670 τι
1215 615 1529 687 ἐργάσεται,
1563 617 1700 671 ἀλλὰ
1717 618 1812 671 καὶ
1833 617 1902 672 τὰ
1930 617 2086 689 μέγιο

511 725 613 761 στα
642 707 953 777 ὠφελήσειν
986 708 1098 763 Καὶ
1124 708 1176 763 τί
1228 708 1371 778 λέγω
1396 709 1583 780 θηρίον
1631 711 1724 764 καὶ
1772 709 2097 797 ἄνθρωποςη

505 798 638 854 ὅπου
668 817 732 868 γε
766 800 857 856 καὶ
885 800 1047 865 αὐτὸς
1082 803 1112 854 ό
1140 800 1381 865 διάϐολος
1410 803 1470 855 οὐ
1505 804 1665 864 μόνον
1702 803 1852 858 οὐδὲν
1882 801 2080 872 έόλαψε

502 892 595 947 τὸν
632 892 772 956 Ἰὼϐ,
803 893 938 946 ἀλλά
976 895 1068 947 καὶ
1097 896 1305 966 μυρίων
1359 896 1635 965 στεφάνων
1674 896 1819 967 αὐτῷ
1856 898 2081 965 γέγονεν

502 985 757 1056 ἁφορμή;
790 984 843 1038 τί
874 986 1018 1054 λέγω
1045 986 1232 1059 θηρίον
1260 987 1353 1041 καὶ
1388 987 1695 1059 ἄνθρωπον,
1721 990 1853 1043 ὅπου
1878 1005 1941 1057 γε
1986 989 2080 1043 καὶ

502 1078 606 1131 ὐπὸ
624 1077 732 1133 τῶν
756 1080 814 1132 ὲν
858 1078 941 1132 σοὶ
978 1079 1242 1149 κειμένων
1284 1080 1559 1151 στοιχείων
1608 1082 1705 1136 ὲάν
1757 1082 2081 1157 ρᾳθυμήσῃς

500 1169 680 1241 πολλῷ
703 1170 1060 1244 χαλεπώτερα
1085 1172 1249 1243 πείσῃ
1270 1211 1285 1236 ,
1317 1168 1431 1227 οἷον
1459 1173 1565 1228 ὐπδ
1595 1173 1757 1245 χολῆς
1780 1174 1814 1246 ἦ
1836 1175 2079 1247 φλέγμα-

495 1279 608 1326 τος,
630 1261 699 1316 ἂν
722 1263 957 1334 ἀμετρίᾳ
979 1262 1085 1316 τινὶ
1104 1264 1204 1335 τὴν
1225 1261 1430 1317 τούτων
1449 1264 1760 1329 πλεονεξίαν
1787 1266 2036 1339 περιίδῃς
2058 1284 2074 1331 ;

495 1351 654 1406 Οὐτω
692 1351 1029 1423 πανταχόθεν
1073 1350 1349 1423 νηφούσης
1410 1354 1569 1424 χρεία
1637 1353 1893 1420 διανοίας.
1935 1354 2077 1410 Ἀλλ’

494 1445 685 1519 ὥσπερ
702 1446 959 1523 ῥᾳθυμῶν
981 1446 1248 1520 μεγίστην
1274 1446 1524 1502 ἐντεῦθεν
1543 1449 1827 1525 ὐποστήσῃ
1847 1449 2072 1522 βλάσην,

492 1539 638 1594 οὕτω
662 1542 846 1612 νήφων
872 1539 968 1593 καὶ
1021 1539 1340 1612 ἐγρηγορὼς
1366 1541 1430 1594 οὐ
1476 1539 1578 1611 τὴν
1632 1540 1903 1612 τυχοῦσαν
1935 1558 2075 1612 καρο

494 1630 655 1706 πώσῃ
691 1630 852 1686 πάλιν
879 1629 1145 1699 ὠφέλειαν
1168 1647 1181 1660 ο
1211 1629 1271 1683 τὸ
1305 1627 1415 1707 γὰρ
1444 1631 1553 1685 πᾶν
1587 1630 1681 1684 ἐπὶ
1704 1633 1770 1703 τῇ
1807 1633 1874 1702 σῇ
1901 1632 2076 1685 κεῖται

491 1720 893 1797 γνώμῃ.”οπερ
922 1717 1016 1776 οὖν
1045 1721 1160 1775 ἐστι
1185 1720 1316 1791 χιὼν
1337 1724 1396 1778 ἐν
1428 1722 1504 1794 τῷ
1524 1723 1704 1787 παντὶ,
1727 1722 1823 1778 καὶ
1850 1722 1962 1794 πῦρ
1980 1722 2075 1777 καὶ

492 1818 726 1889 πνεῦμα,
755 1816 913 1871 τοῦτο
937 1818 1029 1871 καὶ
1058 1819 1116 1871 ἐν
1148 1816 1225 1888 τῷ
1254 1816 1467 1889 σώματι
1504 1818 1744 1890 φλέγμα,
1775 1818 1868 1873 καὶ
1907 1814 2071 1891 αἷμα,

489 1911 584 1963 καὶ
619 1908 771 1980 χολή.
802 1907 953 1982 [496]
988 1908 1100 1962 Kal
1134 1909 1216 1962 δεῖ
1254 1909 1392 1979 μετά
1424 1910 1653 1983 ἀρίστου
1702 1911 1862 1980 λόγου
1899 1910 2076 1966 ταῦτα

489 2005 809 2072 οἰκονομεῖν,
858 2002 937 2065 ὡς
988 2001 1331 2073 καρποῦσθαί
1366 2020 1420 2057 τι
1470 2006 1599 2074 παρ’
1640 2003 1820 2059 αὐτῶν
1856 2003 2070 2074 όφελος,

488 2092 628 2146 ἀλλὰ
657 2093 732 2165 μὴ
763 2092 1112 2163 βλάπτεσθαι.
1135 2094 1244 2148 Kal
1260 2093 1315 2147 τί
1345 2093 1488 2163 λέγω
1515 2096 1652 2168 περὶ
1667 2093 1760 2149 τοῦ
1795 2096 2069 2164 σώματος,

488 2185 621 2239 ὅπου
650 2200 714 2253 γε
751 2185 847 2238 καὶ
888 2187 920 2256 ἡ
953 2183 1096 2256 ψυχὴ
1125 2184 1238 2256 ἔχει
1273 2185 1427 2253 τινὰ,
1452 2185 1601 2258 ᾇπερ
1650 2185 1748 2240 ἐὰν
1795 2187 1942 2257 ἀφῇς
1991 2189 2073 2250 είς

488 2278 755 2348 ἀμετρίαν
783 2276 1038 2342 ἐξελθεῖν,
1066 2279 1347 2349 νοσήματα
1368 2278 1595 2348 γίνεται,
1625 2278 1963 2349 κολαζόμενα
1987 2277 2066 2342 δὲ,

490 2372 839 2444 βοηθήματας
864 2374 974 2427 Kal
999 2374 1107 2445 γὰρ
1133 2376 1163 2427 ὁ
1185 2373 1372 2443 θυμὸς,
1400 2374 1467 2428 ἂν
1496 2375 1593 2445 μὲν
1620 2376 1701 2438 τίς
1729 2374 1845 2428 δέον
1867 2375 2071 2447 χρήσῃ,

487 2465 678 2535 γέγονέ
714 2481 796 2518 σοι
842 2464 1131 2536 φάρμακον
1164 2465 1432 2537 σωτηρίας
1452 2483 1467 2496 ·
1502 2465 1568 2519 ἂν
1590 2466 1648 2519 δὲ
1676 2465 1949 2539 ἀμέτρως,
1974 2468 2068 2536 γέ-

486 2573 641 2625 γονεν
669 2555 941 2620 ἀπωλείας
972 2555 1248 2619 ὑπόθεσις.
1278 2555 1389 2609 Kal
1421 2557 1455 2626 ἡ
1485 2556 1753 2627 ἐπιθυμία
1772 2556 1934 2627 ,μετὰ
1970 2556 2070 2629 μέ-

487 2672 620 2727 τρου
678 2654 777 2725 μὲν
812 2646 1239 2726 οίκονομουμένη
1261 2691 1278 2718 ,
1297 2653 1509 2724 πατέρα
1546 2670 1605 2706 σε
1648 2657 1809 2708 ποιεῖ’
1841 2655 1937 2709 καὶ
1961 2655 2069 2728 μὴν

486 2753 568 2814 είς
602 2749 946 2804 παιδοποιίαν
983 2750 1172 2818 γέγονε
1234 2750 1504 2820 χρήσιμος
1528 2765 1540 2779 ’
1570 2748 1840 2821 ἀφιεμένη
1863 2750 1942 2817 δὲ,
1984 2752 2066 2814 είς

489 2841 749 2912 πορνείαν
781 2841 878 2894 καὶ
912 2841 1155 2911 μοιχείαν
1204 2856 1263 2894 σε
1306 2840 1634 2895 καταϐάλλει
1660 2842 1940 2908 πολλάκις.
1971 2844 2064 2915 Μὴ

492 2931 560 3002 δὴ
607 2931 675 2986 τὰ
726 2933 1025 3004 πράγματα
1074 2932 1251 2997 αἰτιῶ,
1301 2932 1436 2986 ἀλλά
1480 2932 1755 3003 πανταχοῦ
1806 2937 1907 3005 τὴν
1966 2937 2067 3008 σὴν

487 3021 730 3095 γνώμην,
767 3023 833 3080 ἂν
874 3025 984 3096 γὰρ
1035 3022 1237 3096 ταύτης
1295 3024 1523 3096 ἀμελῇς,
1559 3025 1654 3078 καὶ
1705 3024 1811 3080 ὐπὸ
1865 3028 2064 3082 σαυτοῦ

486 3118 747 3192 βλαϐήσῃ,
780 3119 875 3174 καὶ
901 3119 1007 3174 ὑπὸ
1032 3118 1126 3173 τοῦ
1159 3118 1360 3172 οίκείου
1391 3118 1641 3190 σώματος
1669 3120 1843 3192 ἀπολῇ
1868 3136 1882 3151 '
1918 3120 1986 3175 ἂν
2007 3121 2064 3176 δὲ

484 3209 689 3280 ταύτης
722 3209 977 3281 ἐπιμελῇ,
1006 3208 1127 3263 οὐδὲ
1150 3209 1256 3263 ὐπὸ
1277 3209 1386 3262 τῶν
1451 3210 1741 3282 δαιμόνων,
1789 3212 1909 3267 οὐδὲ
1958 3213 2064 3267 ὐπδ

481 3297 576 3353 τοῦ
610 3297 879 3364 διαϐόλου,
910 3299 1038 3370 μήτι
1058 3315 1122 3368 γε
1149 3297 1254 3352 ὑπὸ
1304 3297 1530 3369 θηρίων,
1563 3300 1725 3373 πείσῃ
1775 3318 1832 3356 τι
1892 3302 2062 3357 δεινὸν

490 3392 587 3446 καὶ
614 3390 800 3463 ἀηδές.

549 3490 836 3557 Βασιλεῖς
848 3489 961 3560 τῆς
976 3490 1109 3561 γῆς,
1125 3490 1226 3545 καί
1240 3490 1465 3558 πάντες
1474 3493 1632 3547 λαοί.
1643 3493 2064 3559 ’Δλλος,Πάντα

478 3584 989 3654 φῦλα.Ἄρχοντσς
1010 3585 1107 3639 καί
1125 3584 1348 3651 πάντες
1368 3585 1561 3653 κριταὶ
1581 3586 1715 3655 τῆς.
1738 3589 2062 3645 Νεανίσκοι

481 3677 580 3731 καί
603 3676 906 3747 παρθένοι.
923 3676 1136 3742 Ἄλλος,
1153 3678 1472 3732 Ἐκλειιτοί.
1499 3680 1895 3749 Πρεσϐύτεροι
1910 3682 2062 3752 μετὰ

480 3771 796 3841 νεωτέρων,
805 3770 1178 3837 mmmam
1185 3771 1788 3827 νέων.Αίνεσάτωσαν
1797 3773 1864 3828 τό
1875 3775 2061 3846 ὄνομα

481 3867 723 3932 Κυρίου.
743 3864 913 3919 Πάλιν
931 3864 1116 3935 ἕτερον
1135 3863 1369 3918 ἐνταῦθα
1388 3867 1527 3917 κινεῖ
1545 3866 1798 3937 προνοίας
1822 3862 1981 3933 εἶδος,
1998 3870 2061 3922 τὸ

479 3957 588 4009 τῶν
615 3955 909 4028 ἀρχόντωνο
950 3954 980 4007 6
1017 3954 1110 4009 καὶ
1148 3953 1354 4019 Παῦλος
1383 3956 1441 4008 ἐν
1469 3958 1536 4028 τῇ
1578 3956 1715 4024 πρὸς
1755 3958 2060 4028 Ῥωμαίους

478 4048 681 4121 τίθησι,
725 4046 868 4120 μετά
906 4047 1107 4119 πολλῆς
1136 4048 1235 4118 τῆς
1277 4051 1545 4113 συνέσεως
1571 4047 1803 4115 δεικνὺς,
1839 4052 1919 4105 ὅτι
1960 4052 2059 4125 τῆς

481 4138 577 4193 τοῦ
605 4136 739 4193 Θεοῦ
767 4139 962 4208 σοφίας
993 4138 1154 4211 ἔργον
1182 4139 1318 4206 ἐστὶ,
1349 4139 1410 4193 τὸ
1438 4142 1517 4205 εἰς
1558 4140 1821 4213 ἄρχοντας
1851 4142 1946 4196 καὶ
1978 4146 2058 4208 εὶς

477 4231 813 4303 ἀρχομένους
832 4231 951 4284 τόδε
973 4230 1035 4285 τὸ
1059 4233 1167 4286 πᾶν
1186 4231 1453 4297 διατάξαι.
1475 4233 1623 4289 Θεοῦ
1646 4233 1755 4302 γὰρ
1779 4233 2058 4302 διάκονός

476 4326 612 4379 ἐστι
637 4339 758 4388 σοι,
791 4329 974 4397 φησὶν,
998 4326 1088 4391 είς
1107 4324 1174 4379 τὸ
1197 4325 1442 4395 ἀγαθόν.
1476 4327 1574 4378 Ἂν
1590 4324 1646 4378 δὲ
1666 4324 1821 4380 τοῦτο
1838 4326 2054 4400 ἀνέλῃς,

476 4416 539 4469 :6
574 4418 683 4471 πᾶν
699 4417 923 4487 οἴχεται.
953 4417 1017 4470 El
1037 4414 1148 4486 γὰρ
1180 4415 1276 4471 νῦν
1301 4416 1468 4471 όντων
1493 4418 1772 4488 ἀρχόντων
1799 4418 1896 4472 καὶ⁸
1925 4419 2054 4473 πολ-

476 4508 584 4562 λῶν
608 4511 668 4562 ἐν
695 4508 879 4570 αὐτοῖς
904 4506 1332 4578 διεφθαρμένων,
1357 4509 1589 4581 τοσαύτη
1610 4509 1705 4563 τοῦ
1732 4510 2055 4581 πράγματός

477 4604 626 4655 ἐστιν
652 4602 686 4672 ἡ
709 4599 887 4672 χρεία,
918 4598 994 4662 ὡς
1017 4599 1112 4651 καὶ
1143 4597 1328 4662 κακῶς
1351 4597 1707 4672 διακειμένων
1736 4602 1938 4671 πολλὴν
1964 4603 2052 4670 γί-

473 4694 659 4748 νεσθαι
687 4695 786 4766 τὴν
811 4691 1099 4761 ὠφέλειαν,
1130 4690 1380 4759 ἐννόησον
1408 4691 1457 4743 εί
1476 4692 1658 4756 καλῶς
1686 4693 2054 4766 μετεχείριζον

474 4789 524 4840 of
554 4784 651 4850 τὰς
678 4787 851 4858 ἀρχὰς
891 4779 1342 4855 ἐγχειριζόμενοι,
1370 4781 1546 4852 πόσης
1585 4783 1652 4836 ἂν
1680 4784 1741 4837 τὸ
1765 4785 1918 4854 γένος
1949 4787 2055 4839 ἀπ-

476 4878 711 4947 ήλαυσεν
746 4875 1066 4947 εὐημερίας.
1108 4873 1268 4928 Ἀλλά
1310 4873 1371 4926 τὸ
1405 4875 1505 4944 μὲν
1542 4875 1790 4931 τυπώσαι
1826 4879 1925 4944 τὰς
1951 4882 2054 4953 ἀρ-

476 4974 600 5042 χὰς,
623 4970 717 5024 τοῦ
737 4969 873 5023 Θεοῦ
896 4968 1118 5038 γέγονεν
1140 4965 1317 5037 ἔργον·
1342 4965 1404 5018 τὸ
1421 4965 1477 5019 δὲ
1499 4970 1765 5039 πονηροὺς
1785 4971 2053 5027 ἐπὶτοῦτο

473 5063 725 5130 ἄγεσθαι,
756 5063 852 5116 καὶ
887 5063 962 5133 μὴ
986 5061 1066 5124 είς
1090 5060 1210 5114 δέον
1237 5059 1428 5123 αὐταῖς
1465 5061 1785 5133 κεχρῆσθαι,
1818 5063 1915 5135 τῆς
1943 5067 2053 5119 τών

477 5156 783 5228 ἀνθρώπων
804 5154 1086 5226 πονηρίας.

546 5252 610 5300 ε’.
651 5245 814 5314 Λέγει
839 5245 1040 5307 τοίνυν,
1066 5244 1149 5297 ὅτι
1192 5243 1287 5297 καὶ
1309 5242 1450 5313 ὑπὲρ
1479 5240 1574 5295 τοῦ
1607 5241 1860 5313 βασιλέας
1890 5242 2048 5312 εἶναι,

478 5338 570 5393 καὶ
596 5339 737 5411 ὐπὲρ
763 5336 858 5392 τοῦ
886 5336 1143 5400 δικαστὰς
1158 5329 1318 5402 εἶναι,
1338 5335 1418 5388 δεῖ
1444 5335 1684 5406 μεγάλας
1703 5337 2053 5409 εὐχαριστίας

479 5432 768 5503 ἀναφέρειν
788 5428 865 5500 τῷ
884 5427 1024 5499 Θεῷ.
1056 5429 1166 5499 Τῆς
1185 5427 1295 5499 γὰρ
1320 5427 1571 5494 εὐταξίας
1593 5428 1693 5499 τῆς
1715 5430 1822 5483 τῶν
1843 5431 2053 5502 ἀνθρὼ-

485 5543 596 5579 πων
637 5520 1081 5594 ἐπιμελούμενος,
1111 5520 1206 5575 καὶ
1243 5520 1337 5574 τοῦ
1370 5521 1443 5592 μὴ
1478 5520 1680 5593 θηρίων
1716 5523 2051 5596 ἀλογώτερον

479 5619 776 5672 διακεῖσθαι
799 5616 926 5678 τοὺς
947 5613 1194 5675 πολλοὺς,
1220 5613 1407 5685 ὥσπερ
1435 5616 1703 5685 ἡνιοχείαν
1730 5616 1824 5670 καὶ
1853 5618 2050 5690 1:116:9-

479 5711 723 5783 νητικὴν,
751 5709 924 5771 οὕτως
953 5705 1126 5778 ἀρχὰς
1152 5706 1246 5760 καὶ
1278 5705 1550 5775 βασιλείας
1581 5708 1892 5780 ἐχαρίσατο.
1927 5711 2046 5765 Κᾶν

2180 637 2290 689 νος,
2321 624 2483 681 πάλιν
2508 629 2838 701 εὐχαρίστει,
2881 633 2964 687 δτι
3001 634 3146 707 ἔχεις
3175 636 3267 690 τὸν
3311 636 3757 710 ἐπιμελούμενον,

2180 715 2276 769 ual
2322 718 2423 772 οὐκ
2455 721 2682 789 ἀφιέντα
2735 741 2796 778 σε
2841 725 2946 780 ὑπὸ
2981 727 3091 781 τῶν
3119 728 3370 801 πονηρῶν
3413 729 3759 785 ἐπιϐουλεύε-

2181 807 2305 862 σθαι
2332 822 2378 863 ι.
2411 811 2528 866 Κᾶν
2553 815 2634 879 είς
2651 815 2828 889 γῆρας
2854 818 3036 892 ἔλθῃς,
3056 820 3161 874 κᾶν
3187 822 3306 885 νέος
3327 817 3416 893 ᾖς,
3447 822 3758 892 εὐχαρίστει

2177 898 2256 971 τῷ
2293 902 2433 962 Θεῷ.
2473 905 2645 961 Τοῦτο
2673 909 2784 982 γὰρ
2815 910 3051 981 μάλιστα
3094 913 3185 966 διὰ
3232 914 3449 967 πάντων
3479 914 3509 967 ό
3544 912 3758 982 ψαλμὸς

2176 988 2331 1059 οὗτος
2357 1000 2777 1066 κατασκευάζει,
2800 1003 2882 1057 ὅτι
2915 1004 2996 1057 δεῖ
3026 1004 3167 1078 ὑπὲρ
3186 1006 3441 1061 ἁπάντων
3472 1007 3642 1059 αἰνεῖν
3661 1005 3754 1058 αὐ-

2174 1087 2286 1152 τὸν,
2328 1089 2429 1144 κᾶν
2459 1092 2642 1163 ἄρχων
2671 1089 2758 1168 ᾖς,
2800 1095 2902 1150 κᾶν
2930 1097 3026 1151 τοῦ
3057 1097 3186 1152 λαοῦ
3218 1095 3309 1174 ᾖς.
3329 1101 3435 1152 ,Διὸ
3472 1100 3568 1152 καὶ
3597 1097 3758 1152 τοῦτο

2174 1175 2371 1249 δηλῶν,
2398 1181 2508 1235 Καὶ
2535 1182 2777 1251 πάντες,
2804 1182 2944 1252 εἷπε,
2961 1188 3121 1242 λαοί.
3153 1188 3274 1243 Κᾶν
3301 1189 3440 1254 νέος,
3474 1184 3625 1260 [497]
3654 1203 3758 1257 φη-

2177 1272 2281 1338 σὶν,
2318 1270 2406 1346 ᾗς,
2440 1275 2542 1330 κᾶν
2583 1279 2933 1350 γεγηρακὼς,
2970 1280 3072 1335 κᾶν
3106 1282 3265 1352 γυνὴ,
3301 1282 3402 1336 κᾶν
3440 1282 3601 1353 ἀνήρ.
3634 1281 3755 1335 ’Ὁτι

2172 1366 2385 1435 ὑψώθη
2419 1366 2486 1422 τὸ
2516 1367 2703 1439 ὄνομα
2731 1371 2918 1427 αὐτοῦ
2941 1373 3153 1443 μόνου.
3182 1373 3394 1440 Ἀλλος,
3430 1374 3551 1428 Ὅτι
3578 1375 3758 1442 ὑπερ-

2171 1456 2319 1527 έχον
2338 1459 2386 1507 1³.
2420 1459 2490 1514 Ἠ
2513 1459 2948 1533 ἐξομολόγησις
2973 1463 3160 1520 αὑτοῦ
3187 1465 3286 1520 ἐπὶ
3312 1465 3427 1536 γῆς
3456 1464 3552 1519 καί
3580 1466 3756 1532 οὐρα·

2171 1549 2304 1604 νοῦ.
2345 1549 2556 1613 Ἄλλος,
2583 1552 2696 1608 Καὶ
2725 1557 2759 1608 ὁ
2791 1555 2981 1625 ὕμνος
3006 1557 3213 1613 αὐτοῦ.
3244 1556 3355 1613 Καὶ
3392 1556 3629 1625 ὑψώσει
3664 1554 3757 1609 κέ-

2168 1656 2281 1708 ρας
2305 1641 2456 1696 λαοῦ
2483 1644 2690 1699 αὐτοῦ.
2725 1646 2941 1714 Ὗμνος
2973 1647 3125 1704 πᾶσι
3161 1650 3286 1716 τοῖς
3316 1648 3507 1714 ὁσίοις
3542 1647 3751 1711 αὐτοῦ,

2171 1731 2297 1799 τοῖς
2325 1733 2478 1800 υἱοῖς
2499 1734 2769 1805 Ἰσραὴλ,
2798 1737 2925 1817 λαῷ
2956 1738 3242 1809 ἐγγίζοντι
3275 1738 3454 1805 αὐτῷ.
3486 1740 3551 1793 Ὀ
3583 1739 3640 1794 δὲ
3667 1737 3755 1791 λέ-

2171 1839 2279 1892 γει,
2307 1824 2544 1881 τοιοῦτόν
2572 1828 2740 1882 ἐστιν’
2774 1828 2990 1897 Ἕδειξα
3019 1829 3119 1902 μὲν
3147 1831 3242 1883 καὶ
3271 1831 3379 1886 ἀπὸ
3404 1831 3515 1885 τῶν
3550 1828 3754 1900 ὁρωμέ-

2169 1932 2277 1969 νων
2307 1917 2562 1974 ἀπάντων
2590 1918 2755 1975 αὐτοῦ
2782 1919 2883 1994 τὴν
2918 1922 3267 1994 κηδεμονίαν,
3304 1922 3402 1994 τὴν
3450 1922 3626 1989 δόξαν,
3653 1921 3753 1992 τὴν

2172 2007 2581 2081 μεγαλωσύνην·
2610 2010 2764 2066 δεῖδὲ
2789 2013 2953 2069 αὐτὸν
2972 2015 3144 2069 αίνεῖν
3167 2015 3228 2068 οὐ
3262 2012 3351 2068 διὰ
3374 2013 3546 2068 ταῦτα
3570 2015 3750 2084 μόνον,

2167 2099 2304 2156 ἀλλά
2335 2103 2428 2157 καὶ
2459 2103 2664 2159 τούτων
2704 2106 2894 2178 χωρίς.
2940 2107 3052 2162 Kal
3094 2107 3204 2178 γάρ
3250 2108 3344 2163 καὶ
3388 2108 3496 2179 πρὸ
3525 2106 3750 2171 τούτων,

2170 2191 2490 2249 καὶτούτων
2511 2197 2660 2262 ἄνευ,
2683 2200 3131 2272 συγκεκλήρωται
3155 2199 3303 2271 αὐτῷ
3332 2198 3396 2253 τὸ
3421 2200 3553 2270 64/0;
3589 2200 3682 2254 καὶ
3713 2201 3754 2271 ἦ

2166 2282 2296 2350 δόξα
2320 2285 2414 2339 καὶ
2443 2288 2476 2356 ή
2505 2287 2659 2358 παρά
2692 2289 2913 2344 πάντων
2938 2290 3271 2363 εὐχαριστία.
3311 2292 3385 2346 T6
3416 2292 3531 2354 καὶ,
3552 2292 3752 2348 Αὐτοῦ

2162 2377 2377 2444 μόνον,
2401 2378 2537 2449 πρὸς
2558 2380 2964 2452 ἀντιδιαστολὴν
2988 2381 3099 2436 τῶν
3121 2383 3223 2436 οὐκ
3247 2382 3415 2447 ὅντως
3445 2394 3468 2422 ο
3502 2383 3641 2437 θεῶν
3670 2379 3749 2436 εἷ·-

2168 2483 2288 2522 πεν.
2317 2465 2457 2524 Εἶτα
2483 2471 2703 2540 ἀνάγων
2725 2472 2819 2525 ἐπὶ
2853 2473 3076 2544 μείζονα
3098 2475 3191 2528 τὸν
3219 2475 3493 2547 ἀκροατὴν
3519 2476 3747 2542 ἔννοιαν,

2166 2559 2328 2615 πάλιν
2356 2561 2466 2616 ἀπὸ
2484 2564 2584 2635 τῆς
2617 2566 2719 2636 γῆς
2749 2565 2843 2620 ἐπὶ
2874 2565 2966 2619 τὸν
3002 2566 3233 2639 οὐρανὸν
3262 2569 3427 2623 αὐτὸν
3460 2569 3751 2640 μετατίθη-

2167 2666 2273 2705 σιν.
2298 2651 2508 2725 ’Ὠσπερ
2529 2653 2638 2727 γάρ
2665 2656 2964 2729 ἀρχόμενος
2984 2660 3092 2711 ἀπὸ
3117 2659 3211 2713 τοῦ
3235 2660 3465 2731 οὐρανοῦ
3490 2661 3624 2734 πρὸς
3649 2662 3750 2731 τὴν

2165 2742 2271 2813 γῆν
2304 2744 2534 2816 κατέϐη,
2574 2745 2746 2813 οὕτως
2772 2748 2881 2802 ἀπὸ
2913 2750 3023 2803 τῶν
3057 2750 3348 2822 ὁρωμένων
3370 2753 3627 2808 ἀπάντων
3651 2755 3748 2809 ἀν-

2166 2832 2288 2903 άγει
2316 2836 2480 2890 πάλιν
2527 2837 2690 2891 αὐτὸν
2729 2838 2870 2911 ὑπὲρ
2905 2840 2998 2893 τὸν
3035 2840 3281 2913 οὐρανὸν,
3324 2843 3517 2912 λέγων·
3557 2845 3618 2900 Ἡ
3650 2845 3747 2911 ἐξ-

2164 2929 2530 2998 ομολόγησις
2573 2931 2762 2985 αὐτοῦ
2805 2931 2907 2985 ἐπὶ
2956 2930 3071 3002 γῆς
3118 2934 3217 2987 καί
3259 2936 3540 3004 οὐρανοῦ.
3582 2939 3748 2993 Τουτ-

2164 3018 2332 3085 έστιν,
2372 3022 2421 3074 εί
2449 3021 2544 3075 καὶ
2573 3023 2631 3076 αἱ
2663 3023 2777 3078 ἀνω
2820 3024 3077 3095 δυνάμεις
3108 3027 3165 3079 αἱ
3201 3027 3421 3099 ἀόρατοι
3445 3030 3540 3084 καὶ
3564 3033 3747 3103 νοεραὶ

2161 3112 2224 3166 οὐ
2277 3111 2541 3167 παύονται
2596 3114 3015 3187 εὐχαριστοῦσαι
3072 3119 3167 3173 καὶ
3221 3120 3576 3193 ἀνυμνοῦσαι,
3629 3125 3746 3179 ἀλλ’

2161 3205 2312 3275 ὅμως
2328 3207 2359 3260 ό
2378 3206 2632 3272 τοσοῦτος
2660 3208 2757 3264 καὶ
2785 3209 3100 3280 τηλικοῦτος
3124 3213 3259 3278 Θεὸς
3286 3214 3592 3286 κατηξίωσε
3618 3218 3747 3277 λαὸν

2160 3297 2327 3354 αὐτοῦ
2366 3302 2460 3354 καὶ
2490 3302 2638 3372 ἡμᾶς
2671 3301 2954 3373 ὀνομάσαι,
2984 3305 3080 3358 καὶ
3116 3305 3217 3359 οὐκ
3260 3307 3525 3379 ὀνομάσαι
3560 3311 3742 3380 μόνον,

2161 3391 2298 3446 ἀλλᾶ
2335 3393 2445 3447 καὶί
2467 3393 2671 3464 ἐπᾶραι
2715 3395 2810 3449 xal
2838 3395 3071 3465 ὑψῶσαι.
3102 3399 3193 3452 Διὺ
3213 3400 3308 3455 καὶ
3336 3404 3602 3473 ἐπήγαγε·
3633 3405 3744 3460 Καί

2159 3483 2393 3554 ὑψώσει
2430 3486 2611 3554 κέρας
2654 3486 2810 3542 λαοῦ
2855 3490 3065 3556 αὑτοῦ,
3109 3492 3279 3565 ταύτῃ
3336 3496 3499 3551 πάλιν
3546 3497 3745 3562 αὐτοὺς

2160 3575 2541 3649 ἐπισπώμενος
2567 3579 2706 3650 πρὸς
2737 3580 2958 3652 μείζονα
2989 3581 3156 3638 αὐτοῦ
3182 3584 3503 3657 θεραπείαν.
3528 3588 3745 3649 δεικνὺς

2159 3668 2243 3722 δτι
2262 3668 2323 3722 οὐ
2343 3672 2443 3741 τῆς
2465 3672 2596 3741 παρ’
2626 3672 2806 3727 αὐτῶν
2832 3672 3087 3745 δεόμενος
3104 3676 3416 3749 θεραπείας,
3426 3680 3565 3752 (πῶς
3574 3678 3697 3751 γὰρ.
3714 3680 3744 3733 ὁ

2160 3760 2322 3831 φύσει
2351 3762 2881 3835 συγκεκληρωμένην
2905 3765 3045 3836 ἔχων
3066 3767 3165 3838 τὴν
3181 3767 3339 3833 δόξαν
3362 3770 3456 3824 καὶ
3473 3770 3742 3842 τοσαύτην

2157 3854 2336 3908 κτίσιν
2363 3854 2880 3927 ὐποτεταγμένηνς)
2949 3858 3087 3914 ἀλλά
3124 3859 3192 3914 δι’
3226 3844 3540 3933 ἀγαθότητα
3573 3864 3742 3935 μόνην

2154 3945 2266 4017 ᾠκε
2274 3945 2473 4001 ιώσατο
2498 3948 2698 4013 αὐτοὺς
2716 3950 2915 4022 ἑαυτῷ,
2945 3952 3040 4006 καὶ
3059 3956 3378 4023 περιφανεῖς
3396 3955 3622 4025 ἐποίησε
3643 3956 3742 4011 καὶ

2156 4037 2442 4110 λαμπροὺς
2483 4041 2759 4112 πανταχοῦ
2786 4043 2887 4113 τῆς
2925 4043 3274 4115 οίκουμένης.
3310 4045 3488 4115 Ὅπερ
3518 4042 3612 4100 οὖν
3642 4047 3741 4101 καὶ

2156 4129 2331 4202 δηλῶν
2357 4132 2560 4202 ἔλεγεν·
2597 4133 2813 4203 Ὕμνος
2835 4134 2987 4190 πᾶσι
3010 4136 3134 4202 τοῖς
3163 4137 3359 4205 ὁσίοις
3383 4138 3591 4203 αὐτοῦ,
3614 4139 3741 4206 τοῖς

2156 4225 2309 4292 υἱοῖς
2349 4226 2609 4295 Ἰσραὴλ,
2643 4224 2770 4291 λαῷ
2799 4225 3084 4297 ἐγγίζοντι
3130 4228 3312 4293 αὐτῷ.
3357 4229 3477 4284 Ἵνα
3515 4231 3624 4304 γὰρ
3662 4235 3737 4307 μὴ

2152 4319 2326 4393 ταύτῃ
2341 4318 2503 4374 πάλιν
2521 4317 2791 4391 ρᾳθυμοτέ
2798 4336 2927 4391 ρους
2947 4320 3149 4394 ποιήσῃ
3164 4321 3257 4374 καὶ
3276 4321 3643 4394 ὐπτιωτέρους
3662 4325 3740 4397 τῷ

2154 4411 2354 4481 λέγειν,
2397 4413 2491 4466 καὶ
2523 4410 2650 4475 λαὸς
2682 4409 2874 4473 αὐτοῦ,
2908 4411 3006 4465 καὶ
3027 4411 3202 4482 τούτῳ
3232 4411 3378 4484 μόνῳ
3410 4413 3739 4486 θαρροῦντες

2152 4503 2251 4574 τῆς
2282 4502 2424 4558 κατὰ
2450 4502 2628 4574 ψυχὴν
2655 4501 2899 4574 ἀμελῶσι
2930 4502 3031 4572 τῆς
3059 4504 3279 4575 ἀρετῆς·
3302 4505 3491 4572 εἰπὼν,
3521 4507 3736 4577 ’Υμνος

2152 4596 2364 4663 πᾶσιν,
2392 4596 2489 4667 οὐχ
2521 4595 2705 4660 ἁπλῶς
2728 4592 2872 4661 εἷπε,
2905 4598 3030 4662 Τοῖς
3061 4598 3390 4671 ἀνθρώποις,
3410 4601 3565 4667 ἀλλὰ,
3608 4605 3736 4670 Τοῖς

2152 4690 2349 4756 ὁσίοις
2378 4687 2584 4744 αὐτοῦ·
2611 4690 2707 4742 καὶ⁸
2726 4689 2889 4745 πάλιν
2912 4692 3102 4757 είπὼν,
3139 4693 3269 4760 Τοῖς
3286 4694 3440 4763 υἱοῖς
3473 4697 3732 4766 Ἰσραὴλ,

2152 4781 2479 4852 προσέθηκε,
2516 4777 2651 4846 Λαῷ
2679 4780 2973 4852 ἐγγίζοντι
3002 4782 3183 4849 αὐτῷ.
3211 4785 3439 4855 ’Έτερος
3468 4787 3523 4841 δὲ
3557 4791 3730 4860 ἑρμη-

2151 4872 2363 4945 νευτὴς,
2388 4873 2509 4927 ἀντὶ
2534 4872 2631 4927 τοῦ
2653 4874 2896 4943 ’Ύμνος,
2932 4876 3221 4943 Ἐπαινος
3249 4873 3422 4931 εἶπεν.
3458 4881 3524 4933 '0
3556 4882 3734 4937 τοίνυν

2151 4963 2324 5035 λέγει,
2361 4964 2603 5019 τοιοῦτόν
2641 4967 2811 5019 ἐστιν’
2850 4968 2946 5022 ἐὰν
2979 4964 3079 5040 ἦτε
3116 4970 3274 5034 ὅσιοι,
3305 4968 3431 5023 Ἐὰν
3476 4973 3731 5042 ἐγγίζητε

2152 5057 2321 5129 αὐτῷ,
2350 5057 2548 5128 πολλῆς
2580 5057 2954 5113 ἀπολαύσεσθε
2976 5059 3153 5130 δόξης.
3184 5060 3265 5114 Τὰ
3293 5064 3390 5132 μὲν
3416 5062 3526 5135 γὰρ
3565 5064 3731 5118 αὐτοῦ

2153 5148 2331 5203 πάντα
2354 5149 2554 5222 διαρκῆ
2587 5148 2615 5189 δ
2640 5150 2808 5215 ἐστιν,
2838 5149 2981 5203 οὕτω
3018 5149 3374 5217 πλουτοῦντος
3407 5155 3499 5209 καὶ
3529 5155 3729 5210 τοσαύ-

2216 5294 2242 5324 ¹¹
2266 5295 2387 5370 129M
2410 5294 2791 5370 ἐπιϐουλεύεσθαι
2816 5310 2943 5346 unus
2964 5297 3099 5347 addit
3115 5301 3352 5350 νεανίσκοι
3387 5305 3467 5352 καί
3489 5307 3727 5369 παρθένοι,

2151 5358 2459 5420 πρεσϐύτεροι
2482 5359 2600 5419 μετᾲ
2620 5359 2881 5420 νεωτέρων.
3559 5358 3570 5369 “
3712 5358 3726 5368 ’

2158 5480 2179 5494 η
2216 5416 2413 5495 bCujys
2433 5421 2511 5489 §it
2549 5422 2655 5467 hac
2695 5418 2846 5468 lectio
2870 5421 3142 5482 ignoratur,
3169 5427 3225 5472 ut
3255 5428 3307 5473 et
3342 5436 3556 5488 sequens
3577 5430 3658 5477 καί
3698 5431 3727 5479 ὁ

2151 5494 2534 5616 Ῠίῗέοξοῗῖίῖῗιόύκ
2552 5540 2717 5616 ὄντων.
2744 5540 2867 5616 ῐῐξῑτξι
2891 5538 3019 5616 ἱςθῐξι
3046 5542 3225 5616 ιιῗξσπερ
3246 5546 3298 5595 δὲ
3311 5548 3570 5616 ἀρχόμενος
3614 5549 3723 5616 Mox

2153 5600 2284 5677 ide!!!
2314 5601 2363 5648 in
2387 5614 2541 5677 ma'rg‘.
2586 5603 2757 5676 οὐτως,
2773 5602 2970 5674 ἀπόντῆς
2987 5600 3228 5667 θαλάσσης
3247 5610 3328 5658 καὶ
3348 5600 3458 5659 ’τών

2153 5664 2429 5712 ἁπάντων...
2455 5664 2571 5725 ὑπὲρ
2593 5664 2687 5711 τῶν
2709 5664 2937 5727 οὐρανῶν.

2214 5722 2244 5762 ά
2269 5722 2409 5774 Alius
2425 5724 2605 5787 ἕτοιμα.
