4068 6270
555 335 666 390 495

553 464 649 514 την
691 447 846 514 δόξαν
890 446 1120 517 ἔχοντος.
1165 448 1256 499 Δεῖ
1290 447 1345 500 δὲ
1378 449 1471 500 καὶ
1499 446 1566 499 τὰ
1599 449 1727 516 παρ’
1753 443 1909 514 ἡμῶν
1935 442 2120 495 λοιπὸν

553 530 886 594 ἀκολουθεῖν,
922 531 1016 583 καὶ
1053 529 1250 599 πολλῆς
1287 529 1661 598 ἀπολαύσομεν
1705 530 1799 581 καὶ
1832 529 1994 597 ἡμεῖς
2026 524 2124 593 τῆς

554 614 924 684 περιφανείας,
979 616 1156 684 χάριτι
1212 615 1302 666 καὶ
1354 613 1728 684 φιλανθρωπίᾳ
1782 612 1876 665 τοῦ
1922 611 2128 682 Κυρίου

1311 327 1368 382 S.
1404 325 1690 383 JOANNIS
1725 321 2206 380 CIIRYSOSTOMI
2249 322 2566 378 ABCIIIEP.
2615 319 3161 380 CONSTANTINOP.

3668 327 3754 382 6θὶ

2231 441 2556 510 ἀποδημίας.
2591 440 2701 493 Καὶ
2725 439 2836 494 υἰοί
2871 438 3021 492 Σιὼν
3051 439 3544 508 ἀγηλλιὰσθωσαν
3568 441 3656 493 ἐπὶ
3688 445 3754 508 τῷ

2219 525 2472 588 ,βασιλεῖ
2501 524 2716 577 αὐτῶν.
2758 523 2919 593 Ὁρᾷς
2945 523 3026 575 ὅτι
3052 522 3224 589 τοῦτο,
3250 524 3383 593 ὅπερ
3405 522 3562 589 ἔφθην
3593 525 3752 586 εἰπὼν,

2224 606 2456 659 ἐνταῦθα.
2483 605 2795 668 αἰνίττεται,
2823 605 2917 676 τὴν
2941 605 3227 668 οἰκείωσιν,
3253 605 3311 658 τὸ
3336 605 3592 677 ἐξαίρετον
3614 607 3752 662 αὐτοῦ

555 698 710 767 ἡμῶν
744 697 916 768 Ἰησοῦ
962 696 1220 768 Χριστοῦ,
1263 689 1308 764 ᾧ
1343 699 1376 766 ή
1420 696 1544 760 δόξα
1580 697 1673 748 καὶ
1713 695 1772 748 τὸ
1797 695 2016 766 κράτος,
2043 695 2124 758 εἰς
2224 686 2361 742 εἶναι
2404 689 2560 755 λαόν;
2594 689 2694 742 Διά
2734 689 2798 760 δὴ
2841 689 2998 742 τοῦτο
3040 690 3133 741 καὶ
3165 691 3402 760 ἐπήγαγε
3438 689 3515 752 τὸ,
3552 690 3664 742 Ἐπί
3691 691 3756 757 τῷ

554 783 678 843 τοὺς
708 781 909 842 αἰῶνας
937 781 1044 832 τῶν
1073 779 1300 833 αἰώνων.
1343 780 1396 830 Ἀ
1407 781 1532 848 μήν.

797 948 947 1020 [498]
1007 949 1112 1000 ΕΙΣ
1158 945 1294 999 ΤΟΝ
1354 945 1511 1000 PMB’
1564 943 1881 998 ΨΑΛΜΟΝ.

839 1076 1060 1143 ’ᾼσατε
1097 1070 1176 1136 τῷ
1205 1073 1398 1140 Κυρίῳ
1420 1065 1584 1141 ᾆσμα
1612 1071 1841 1126 καινόν.

623 1210 690 1252 α’.
705 1198 853 1251 Κατὰ
874 1200 970 1270 μὲν
986 1177 1272 1269 ἀναγωγὴν
1288 1199 1454 1268 τὸτῆς
1472 1199 1676 1268 Καινῆς
1687 1198 1960 1268 Διαθήκης
1975 1195 2126 1270 ᾆσμα

558 1283 740 1335 καινὸν
773 1281 1002 1352 εἴρηται.
1055 1281 1237 1334 Πάντα
1270 1281 1378 1351 γάρ
1417 1282 1537 1333 τότε
1570 1283 1759 1350 γέγονε
1794 1282 1973 1334 καινά.
2001 1283 2126 1333 Δια·-

559 1365 722 1436 θήκηο
766 1365 1124 1431 Διαθήσομαι
1167 1365 1309 1433 ὑμῖν
1339 1364 1650 1432 διαθήκην,
1687 1366 1842 1434 φησὶ,
1886 1363 2122 1432 καινήν.

557 1447 767 1508 κτίσιςο
795 1448 866 1499 Εἴ
893 1464 982 1511 τις
1011 1448 1080 1499 ἐν
1099 1444 1350 1514 Χριστῷ,
1369 1447 1520 1518 φησὶ,
1551 1447 1726 1516 καινὴ
1756 1449 1969 1513 κτίσις.
1998 1450 2127 1502 Ἀν-

558 1531 795 1602 θρωπος·
835 1531 1348 1600 Ἀπεκδυσάμενοι.
1393 1533 1545 1602 φησὶ,
1580 1531 1688 1585 τὸν
1733 1533 1993 1586 παλαιὸν
2022 1534 2126 1586 ἁν-

557 1618 809 1682 θρωπον,
851 1614 948 1668 καί
979 1613 1373 1683 ἐνδυσάμενοι
1411 1615 1517 1666 τὸν
1551 1613 1711 1679 νέον,
1746 1615 1854 1669 τὸν
1882 1617 2126 1672 dram-

555 1698 850 1765 νούμενον
875 1699 960 1761 εἰς
989 1696 1315 1765 ἐπίγνωσιν
1351 1697 1476 1749 κατ’
1512 1699 1715 1751 εἰκόνα
1744 1698 1850 1752 τοῦ
1884 1701 2127 1754 κτίσαν-

557 1796 660 1845 τος
688 1780 894 1832 αὐτόν.
919 1779 1016 1832 Διά
1047 1779 1142 1849 τὴν
1177 1777 1367 1848 καινὴν
1394 1779 1569 1830 τοίνυν
1597 1779 1761 1850 ζωὴν,
1789 1781 1882 1833 καὶ
1901 1781 1968 1834 τὰ
1994 1781 2126 1836 ἄλλα

558 1863 755 1923 πάντα,
798 1861 1038 1931 Διαθήκη
1077 1861 1248 1932 Καινὴ
1281 1861 1518 1930 λέγεται,
1549 1863 1644 1916 καὶ
1672 1859 1822 1933 ᾆσμα
1859 1865 2041 1917 καινὸν
2068 1866 2126 1919 τὸ

557 1943 760 2014 ταύτης
813 1942 956 2013 ᾄδειν
999 1943 1094 1995 νῦν
1136 1945 1163 1996 ὁ
1213 1946 1496 2014 προφήτης
1538 1947 1852 2015 προτρέπει.
1889 1947 2044 2000 Κατά
2070 1947 2126 2001 δὲ

562 2025 800 2094 ἱστορίαν
833 2035 873 2088 ⁸,
909 2026 936 2078 ὃ
966 2025 1056 2078 ἐπὶ
1089 2025 1284 2088 νίκαις,
1320 2025 1348 2076 δ
1385 2028 1476 2080 ἐπὶ
1508 2028 1943 2099 κατορθώμασιν,
1970 2031 1998 2083 δ
2035 2031 2127 2083 ἐπὶ

556 2109 837 2178 τροπαίοις
877 2107 1095 2178 ἔμελλον
1129 2109 1294 2180 ᾅδειν,
1321 2110 1568 2182 λαμπρὸν
1603 2113 1696 2166 καὶ
1733 2113 2020 2184 ἐπίσημον.
2059 2115 2131 2171 Ἦ

557 2192 790 2255 αἵνεσις
817 2192 1001 2245 αὑτοῦ
1034 2192 1104 2244 ἐν
1137 2193 1460 2262 Ἐκκλησία
1479 2197 1684 2252 ὁσίων.

639 2273 800 2343 Ὁρᾷς
828 2273 945 2335 πῶς
974 2273 1077 2344 πρὸ
1109 2275 1216 2327 τῶν
1251 2276 1509 2346 ῥημάτων
1542 2277 1638 2348 τήν
1663 2277 1751 2331 διὰ
1769 2277 1864 2332 τοῦ
1895 2279 2008 2349 βίου
2033 2279 2128 2334 καὶ

553 2355 661 2407 τῶν
695 2355 870 2426 ἔργων
901 2356 1248 2426 εὐχαριστίαν
1278 2359 1542 2428 ἐπιζητεῖ,
1567 2360 1662 2413 καὶ
1683 2360 1902 2426 τούτους
1927 2366 2007 2427 εἰς
2034 2365 2128 2416 τὸν

554 2438 712 2508 χορὸν
743 2439 863 2504 ἄγει
883 2438 989 2490 τῶν
1017 2441 1325 2509 ὑμνούντων
1342 2441 1368 2479 b
1390 2459 1404 2507 ;
1436 2442 1510 2494 Οὐ
1534 2443 1640 2511 γάρ
1662 2443 1822 2514 ἀρκεῖ
1846 2446 1906 2498 τὸ
1929 2446 2015 2499 διὰ
2039 2449 2130 2517 ρη-

558 2522 743 2588 μάτων
778 2521 1115 2592 εὐχαριστεῖν
1139 2523 1330 2599 μόνον,
1362 2523 1427 2577 ἂν
1449 2525 1524 2596 μὴ
1558 2525 1651 2578 καί
1685 2528 1716 2596 ἠ
1745 2525 1833 2580 διὰ
1855 2527 1954 2598 τῆς
1983 2530 2128 2599 πρά-

556 2601 692 2666 ξεως
725 2603 892 2672 ἀρετὴ
944 2598 1232 2676 συμϐαίνῃ.
1279 2606 1342 2660 Ἢ
1381 2608 1614 2672 αῖνεσις
1645 2609 1832 2663 αὐτοῦ
1881 2611 1950 2664 ἐν
1997 2598 2127 2665 Ἕκ-

553 2685 778 2752 κλησίςι
800 2687 1001 2738 ὁσίων.
1037 2687 1144 2740 Καὶ
1171 2688 1353 2758 ἕτερόν
1380 2706 1432 2740 τι
1459 2689 1690 2742 ἐνταῦθα
1718 2691 1978 2746 παιδεύει.
2013 2694 2130 2746 Δεί-

556 2785 712 2819 κνυσι
748 2767 874 2838 γὰρ,
903 2769 983 2821 ὅτι
1009 2769 1143 2836 ὁμοῦ
1170 2772 1258 2822 καὶ
1287 2771 1425 2840 μετά
1461 2775 1778 2842 συμφωνίας
1801 2774 2019 2846 ἀπάσης
2047 2777 2129 2830 δεῖ

552 2849 650 2911 τὰς
676 2849 951 2920 εὐφημίας
983 2851 1294 2921 ἀναφέρειν.
1334 2853 1626 2924 Ἐκκλησία
1650 2857 1757 2926 γάρ
1785 2859 2129 2928 συστήματος

553 2933 646 2982 καὶ
685 2933 903 2985 συνόδου
925 2933 1073 2984 ἐστὶν
1100 2933 1290 3003 ὄνομα.
1328 2936 1730 3004 Εὐφρανθήτω
1763 2939 2001 3006 Ἰσραὴλ
2028 2940 2128 2992 ἐπὶ

550 3011 630 3076 τῷ
655 3014 972 3080 ποιήσαντι
1001 3017 1204 3070 αὐτόν.
1229 3017 1338 3087 Πρὸ
1365 3018 1472 3070 τῶν
1503 3020 1683 3072 ἰδικῶν
1703 3021 2026 3089 εὐεργεσιῶν
2050 3023 2128 3074 τί-

552 3095 678 3164 Οησι
703 3095 800 3166 τὴν
826 3097 1137 3168 καθολικὴν,
1168 3100 1447 3168 μονονουχὶ
1474 3100 1650 3167 τοῦτο,
1675 3102 1741 3154 δι’
1760 3096 1835 3155 ὧν
1856 3105 2124 3174 ἐπήγαγε,

552 3179 831 3248 παραινῶν
859 3184 952 3238 καὶ
978 3180 1167 3248 λέγων’
1189 3182 1511 3254 Εὐχαρίστει
1533 3183 1610 3255 τῷ
1627 3185 1764 3255 Θεῷ,
1781 3186 1863 3238 ὄτι
1883 3186 1981 3238 οὐκ
2000 3187 2128 3241 ὄντα

553 3277 612 3312 σε
645 3263 952 3331 παρήγαγε,
989 3264 1082 3316 καὶ
1115 3263 1288 3334 ψυχὴν
1322 3267 1659 3320 ἐνέπνευσεν.
1685 3269 1759 3320 Οὐ
1793 3270 1988 3339 μικρὸν
2018 3270 2126 3341 γὰρ

553 3343 818 3397 καὶτοῦτο
845 3347 1157 3415 εὐεργεσίας
1186 3349 1369 3418 μέρος.
1402 3349 1664 3403 Ἐνταῦθα
1691 3351 1747 3404 δέ
1779 3353 1872 3404 καὶ
1896 3351 2053 3405 πλέον
2074 3371 2125 3406 τι

550 3426 839 3480 δείκνυσιν.
882 3431 954 3480 Οὐ
990 3430 1098 3500 γὰρ
1122 3431 1306 3495 ἁπλῶς
1331 3433 1428 3504 τὴν
1449 3433 1830 3505 δημιουργίαν,
1864 3435 1999 3489 ἀλλά
2027 3437 2125 3508 τὴν

550 3509 857 3578 οἰκειότητα
877 3511 1129 3580 ἐμφαίνει
1150 3513 1225 3583 τῷ
1248 3514 1419 3579 οὕτως
1448 3521 1639 3570 εἰπεῖν’
1675 3520 1765 3571 καὶ
1786 3520 2122 3590 εὐχαριστεῖν

552 3591 1002 3660 παρακελεύεται,
1033 3596 1130 3664 οὐχ
1155 3597 1236 3648 ὅτι
1277 3599 1530 3669 ἐποίησεν
1564 3601 1743 3663 αὐτὸν,
1774 3602 1888 3656 ἀλλ’
1921 3604 2002 3656 ὅτι
2030 3606 2122 3659 καὶ

549 3675 744 3728 οἰκεῖον
773 3675 916 3730 λαόν.
951 3677 1113 3749 Ὁρᾷς
1145 3679 1259 3742 πῶς
1282 3682 1416 3735 ἑνῶν
1441 3684 1600 3736 αὐτὸν
1626 3684 1702 3755 τῷ
1732 3686 1850 3756 Θεῴ
1872 3689 1964 3740 καὶ
1996 3706 2120 3741 συν-

548 3757 735 3842 άπτων
771 3759 868 3828 οὐχ
912 3759 1097 3824 ἁπλῶς
1135 3761 1474 3834 εὐχαριστεῖν
1508 3767 1773 3836 βούλεται,
1816 3769 1949 3822 ἀλλὰ
1986 3773 2122 3842 μετὰ

547 3841 760 3923 ήόονῆς,
805 3843 940 3912 μετὰ
973 3844 1330 3917 εὐφροσύνης,
1360 3850 1452 3901 καὶ
1483 3849 1995 3922 διαθερμαινόμενον
2022 3852 2120 3923 τὴν

545 3921 815 3986 διάνοιανς
849 3926 1032 3979 Ταῦτα
1065 3928 1172 3998 γὰρ
1202 3931 1377 3983 πάντα
1419 3931 1508 3985 διὰ
1538 3932 1653 3998 τοῦ,
1693 3921 2116 4003 Εὐφρανθήτω,

545 4005 778 4074 ⁴ᾐνίξατο.
802 4007 912 4078 Τὴν
936 4009 1173 4065 διάθεσιν
1195 4008 1287 4065 οὖν
1307 4013 1459 4083 ζητεῖ
1477 4022 1500 4050 α
1525 4015 1618 4068 τοῦ
1651 4017 2116 4088 εὐχαριστοῦντος,

545 4089 633 4142 ἵνα
665 4091 951 4161 ἐκκαίηται
991 4094 1068 4164 τῷ
1100 4095 1267 4167 πόθῳ,
1304 4097 1389 4150 ἵνα
1419 4099 1746 4170 διεγείρηται
1775 4101 1853 4171 τῷ
1889 4101 2115 4173 φίλτρῳ,

547 4173 632 4225 ἵνα
657 4173 773 4256 ὅλος
805 4177 1100 4246 ἀνακέηται
1129 4178 1206 4248 τῷ
1233 4181 1553 4252 ὐμνουμένῳ
1583 4182 1720 4253 Θεῷ·
1746 4183 1995 4256 καθάπερ
2025 4188 2118 4239 καὶ

542 4255 774 4326 ἀλλαχοῦ
801 4258 860 4310 τὺ
891 4259 1021 4311 αὐτὸ
1045 4261 1218 4330 δηλῶν
1249 4263 1451 4331 ἔλεγεν,
1483 4267 1583 4316 Ὃν
1601 4266 1820 4332 τρόπον
1849 4255 2123 4322 ἐπιποθεῖ

541 4340 579 4405 ἡ
609 4339 834 4408 ἔλαφος
869 4341 965 4393 ἐπὶ
1001 4343 1104 4408 τὰς
1143 4345 1338 4413 πηγὰς
1363 4345 1479 4398 τῶν
1502 4347 1755 4415 ὑδάτων,
1788 4349 1974 4416 οὕτως
1997 4353 2117 4406 ἐπι·

541 4422 714 4474 ποθεῖ
762 4424 794 4490 ἡ
841 4425 1010 4491 ψυχή
1044 4445 1161 4494 μου
1209 4429 1359 4495 πρὸς
1391 4430 1484 4493 σὲ,
1525 4435 1559 4484 ό
1589 4435 1748 4498 Θεοῖς.
1792 4433 1900 4487 Καὶ
1931 4436 2112 4500 πάλιν,

553 4505 881 4587 Ἑδίψιησεν
913 4511 949 4575 ἠ
977 4510 1145 4576 ψυχή
1172 4529 1290 4578 μου
1317 4513 1466 4581 πρὸς
1493 4513 1600 4567 τὸν
1630 4516 1780 4570 Θεὸν
1808 4519 1912 4569 τὸν
1944 4520 2115 4587 ἰσχυ-

537 4586 667 4652 ρὸν.
702 4588 808 4639 τὸν
837 4588 1035 4672 ζῶντα.
1066 4593 1172 4645 Καὶ
1203 4594 1382 4656 πάλιν,
1433 4597 1724 4664 Ἦδίψησέ
1754 4616 1827 4652 σε
1867 4601 1903 4667 ἡ

536 4685 675 4753 μου,
697 4671 1026 4737 ποσαπλῶς
1053 4689 1151 4728 σοι
1182 4677 1220 4743 ἡ
1242 4677 1400 4744 σάρξ
1419 4697 1558 4747 μου,
1575 4681 1646 4734 ἐν
1669 4681 1746 4750 τῇ
1771 4684 1988 4753 ἐρήμῳ,
2012 4671 2112 4739 καί

535 4750 752 4838 ὰξάτῳ,
784 4754 883 4838 καί
907 4755 1159 4838 ἀνύδρῳ·
1183 4759 1319 4829 ὅπερ
1341 4761 1522 4832 ἕτερος
1540 4750 1897 4838 ἑρμηνευτὴς,
1933 4770 2025 4836 Ὠς
2045 4769 2114 4822 ἐν

534 4833 613 4924 γῆ
654 4833 881 4924 aqua,
917 4834 1059 4924 εἷπε.
1106 4841 1434 4924 Βουλόμενος
1466 4833 1581 4916 γὰρ
1612 4833 1711 4918 τὴν
1739 4833 1978 4906 διάθεσιν
2002 4833 2113 4924 *τῆς

533 4918 726 5007 ἐαυτοῦ
753 4922 1104 5007 παραστῆσαι
1145 4923 1322 4994 ψυχῆς
1357 4927 1451 4980 καὶ
1490 4929 1581 4981 τὸν
1614 4931 1798 4996 πόθον,
1831 4938 1898 5006 γῇ
1931 4918 2110 5007 παρα-

532 5002 723 5091 ϐάλλει
747 5003 946 5091 διψάδι,
985 5005 1168 5077 ἐλάφῳ
1195 5007 1422 5081 διψώσῃ.
1457 5011 1606 5084 [499]
1645 5016 1753 5070 Καὶ
1793 5002 1897 5072 διδῐ
1934 5002 2110 5091 pupa-

539 5103 638 5138 των
681 5087 736 5139 δὲ
784 5089 941 5142 πάλιν
985 5091 1076 5143 τὸν
1118 5093 1277 5146 αὐτὸν
1323 5095 1485 5148 πόθον
1527 5098 1882 5166 ἐνδείκνυται,
1913 5087 2107 5171 λέγων’

534 5172 691 5254 ίίότε
711 5172 836 5240 ἥξω
867 5173 964 5225 καὶ
1003 5175 1341 5245 ὀφθήσομαι
1373 5177 1452 5243 τῷ
1478 5180 1774 5249 προσώπῳ
1798 5184 1903 5237 τοῦ
1926 5189 2107 5254 Θεοῦ;

533 5248 788 5344 Ἐοιαῦται
843 5256 974 5344 γάρμ
998 5259 1052 5310 αἰ
1100 5258 1206 5344 τών
1254 5260 1422 5344 ἀγίων
1467 5261 1654 5332 ψυχαὶ,
1701 5248 1888 5338 ὥσπερ
1934 5270 2030 5323 καὶ

535 5335 744 5389 Παύλου
781 5339 1110 5402 στενάζουσα
1141 5343 1312 5396 ἐποίει
1338 5347 1404 5416 τῇ
1439 5345 1692 5418 μελλήσει
1733 5350 1834 5422 τῆς
1857 5335 2106 5410 ἐντεῦθεν

585 5530 613 5597 _‘
643 5529 778 5578 Ullus
803 5532 881 5599 διᾲ
920 5531 1160 5599 τοῦτοκαὶ
1183 5539 1276 5594 ζωή
1303 5540 1458 5598 καινή,
1494 5543 1572 5588 καὶ
1598 5544 1656 5590 τὰ
1689 5545 1808 5594 ἀλλα
1829 5549 1998 5598 πάντα”
2025 5551 2102 5599 διὰ

523 5593 826 5668 τοξτρπκαινῄ
841 5593 1273 5668 διαθήκηνλέγεται..
1297 5593 1533 5668 Κατάτήν
1556 5605 1782 5668 ἱστορίαν.

589 5651 615 5689 b
645 5651 778 5698 Unus
800 5657 893 5699 τῶν
918 5651 1184 5713 ὑμνούντων
1207 5661 1363 5710 αὐτόν.

589 5715 609 5741 ⁸
641 5713 772 5762 Lnus
793 5715 1009 5771 ἐπιζητεί.
1395 5727 1397 5729 ’

2218 775 2473 838 ,βασιλεῖ
2508 773 2724 841 αὐτῶν,
2757 773 2914 826 τοῦτο
2952 773 3147 842 δηλῶν.
3181 775 3253 827 Οὐ
3296 775 3402 845 γὰρ
3439 771 3500 845 δὴ
3526 777 3653 828 κατά
3679 777 3756 830 τὸν

2223 855 2322 924 τῆς
2348 855 2704 927 δημιουργίας
2743 856 2900 924 λόγον
2933 857 3089 926 μόνον
3118 851 3185 927 ἦν
3227 856 3494 926 βασιλεὺς,
3523 858 3646 911 ἀλλά
3676 862 3755 912 καί

2225 937 2364 990 κατά
2399 938 2491 991 τὸν
2521 939 2622 1008 τῆς
2649 939 2994 1002 οἰκειώσεως.
3028 939 3449 993 Αἰνεσάτωσαν
3492 941 3554 994 τὸ
3596 941 3754 1009 ὄνομα

2225 1029 2411 1084 αὐτοῦ
2436 1029 2504 1082 ἐν
2542 1029 2716 1099 χορῷ.
2747 1030 2888 1100 Ὅρα
2915 1028 3076 1083 πάλιν
3103 1030 3193 1083 καὶ
3215 1029 3417 1100 ταύτην
3447 1031 3538 1101 τὴν
3566 1047 3756 1101 συμφω-

2228 1113 2344 1166 νίαν
2375 1113 2803 1183 διαλάμπουσαν.
2839 1112 2937 1165 Διά
2975 1112 3084 1183 γὰρ
3115 1113 3272 1166 τοῦτο
3312 1113 3478 1184 χοροὶ,
3521 1114 3600 1166 ἴνα
3627 1119 3754 1185 κοινῇ

2229 1198 2428 1259 πάντες
2469 1198 2562 1249 καὶ
2604 1197 2945 1269 ὁμοθυμαδὸν,
2992 1196 3304 1266 ἀναφέρωσι
3357 1196 3453 1260 τάς
3499 1197 3756 1266 εὐφημίας.

2228 1280 2396 1333 Τοῦτο
2432 1279 2524 1331 καὶ
2556 1279 2762 1342 Παῦλος
2797 1278 2945 1346 δηλοῖ
2971 1279 3164 1348 λέγων,
3195 1279 3292 1346 Μὴ
3323 1279 3758 1348 καταλιμπάνω.

2225 1379 2326 1425 τες
2353 1360 2466 1428 τὴν
2486 1360 2947 1431 ἐπισυναγωγὴν
2979 1361 3226 1415 ἑαυτῶν.
3265 1362 3374 1414 Καὶ
3399 1361 3529 1431 αὐτὴ
3551 1362 3601 1415 δὲ
3627 1364 3656 1432 ή
3685 1363 3757 1415 εύ-

2225 1445 2294 1516 χὴ
2323 1443 2479 1498 τοῦτο
2509 1445 2820 1508 αἰνίττεται,
2858 1444 2965 1497 ἀπὸ
3001 1445 3093 1497 τοῦ
3127 1443 3309 1498 κοινοῦ
3349 1445 3557 1498 πάντων
3591 1445 3757 1512 ἀναφε-

2229 1527 2449 1597 ρομένη·
2477 1525 2665 1594 Πάτερ
2685 1526 2874 1595 ἡμῶν,
2897 1531 2928 1580 ό
2944 1528 3013 1580 ἐν
3032 1527 3155 1592 τοῖς
3169 1527 3466 1594 οὐρανοῖςο
3488 1527 3593 1590 καὶ,
3615 1530 3756 1596 Ἄρες

2223 1612 2369 1680 ἡμῖν
2404 1611 2476 1665 τὰ
2516 1612 2886 1681 ὀφειλήματα
2921 1610 3105 1681 ἡμῶν
3151 1613 3267 1675 καὶ,
3312 1611 3407 1680 Μὴ
3451 1611 3756 1682 εἰσενέγκῃς

2225 1695 2384 1764 ἡμᾶς
2423 1698 2510 1760 εἰς
2553 1697 2902 1765 πειρασμόνο
2948 1697 3060 1759 καὶ,
3091 1694 3295 1749 Ῥῦσαι
3345 1693 3497 1764 ἡμᾶς
3530 1695 3636 1749 ἀπὸ
3671 1695 3755 1748 τοῦ

2225 1780 2510 1847 πονηροῦ·
2566 1778 2644 1848 τῷ
2696 1778 3043 1850 πληθυντικῷ
3084 1779 3313 1847 ὀνόματι
3358 1780 3696 1850 κεχρημέναις
3714 1779 3751 1831 δ.

2227 1861 2381 1914 υῦτω
2436 1863 2617 1916 καὶτὸ
2663 1862 2889 1916 παλαιὸν
2930 1863 3276 1916 ἐπαιδεύοντο
3315 1863 3449 1932 μετά
3486 1863 3754 1931 συμφωνίας

2225 1944 2446 2012 ψάλλειν
2497 1945 2590 1998 καὶ
2617 1945 2766 2016 ᾄδειν
2792 1943 2870 2015 τῷ
2906 1944 3044 2014 Θεῷ,
3089 1945 3427 2014 πανταχόθεν
3467 1947 3541 2008 εἰς
3575 1946 3755 2014 ἀγάπην

2227 2026 2568 2096 ἀλειφόμενοι
2612 2029 2706 2080 καὶ
2745 2027 3014 2097 ὁμόνοιανο
3055 2027 3157 2080 Ἐν
3197 2026 3484 2096 τυμπάνῳ
3517 2028 3603 2080 καί
3636 2031 3757 2096 gral-

2226 2111 2404 2178 τηρίφ
2426 2110 2796 2178 ψαλάτωσαν
2824 2109 3004 2175 αὐτῷ.

2298 2191 2364 2262 β’.
2379 2193 2534 2256 Τινὲς
2552 2194 2648 2263 μὲν
2669 2193 2981 2247 καὶτούτων
2994 2193 3101 2246 τῶν
3116 2193 3366 2261 ὀργάνων
3381 2193 3469 2245 τὸν
3488 2193 3625 2261 λόγον
3645 2192 3755 2246 κατὰ

2225 2273 2514 2346 ἀναγωγὴν
2545 2274 2999 2345 ἐκλαμϐάνοντες,
3031 2275 3283 2342 λέγουσιν
3324 2275 3406 2328 ὃτι
3443 2276 3502 2327 τὸ
3530 2276 3615 2345 μὲν
3645 2275 3753 2342 τύμ-

2229 2372 2394 2408 πανον
2420 2356 2518 2426 τὴν
2547 2356 2808 2429 νέκρωσιν
2835 2361 2936 2428 τῆς
2958 2357 3158 2428 σαρκὸς
3187 2357 3352 2426 ἡμῶν
3376 2357 3624 2426 ἐπιζητεῖ,
3651 2356 3753 2409 τὸδὲ

2225 2439 2518 2507 ψαλτήριον
2549 2440 2610 2490 τὸ
2631 2438 2764 2508 πρὸς
2785 2438 2877 2492 τὸν
2897 2439 3123 2510 οὐρανὸν
3144 2439 3236 2508 βλέ
3247 2457 3386 2494 πειν.
3415 2440 3517 2492 Καὶ
3541 2441 3634 2509 γάρ
3653 2440 3754 2492 ἀνω-

2229 2521 2319 2575 θεν
2344 2522 2402 2574 τὸ
2433 2521 2658 2591 ὄργανον
2685 2521 2840 2574 τοῦτο
2877 2525 3126 2584 κινεῖται,
3146 2523 3206 2574 οὐ
3252 2521 3514 2583 κάτωθεν,
3546 2522 3750 2591 ὥσπερή

2228 2605 2446 2677 κιθάρα.
2487 2603 2627 2672 Ἐγὼ
2657 2603 2714 2656 δέ
2751 2605 2925 2658 ἐκεῖνο
2961 2604 3028 2659 ἂν
3074 2605 3310 2676 εἴποιμι,
3353 2607 3432 2659 ὃτι
3479 2605 3534 2658 τὸ
3573 2605 3753 2658 παλαιὸν

2226 2688 2396 2752 οὕτως
2424 2689 2618 2759 ἤγοντο
2645 2687 2732 2741 διὰ
2752 2687 2861 2740 τών
2889 2689 3132 2760 ὀργάνων
3153 2689 3383 2751 τούτων,
3403 2688 3485 2740 διὰ
3508 2687 3596 2758 τὴν
3620 2685 3754 2756 παχύ-

2224 2787 2364 2840 τητα
2385 2770 2485 2837 τῆς
2507 2769 2739 2832 διανοίας
2761 2770 2962 2833 αὐτῶν,
2987 2769 3164 2823 καὶτὸ
3184 2771 3315 2839 άρτι
3337 2770 3658 2826 ἀπεσπάσθαι
3673 2768 3753 2821 ἀπὸ

2225 2853 2336 2906 τών
2373 2852 2626 2906 εἰδώλων.
2669 2853 2880 2923 Ὠσπερ
2912 2851 3006 2906 οὖν
3042 2853 3142 2916 τὰς
3171 2854 3369 2917 θυσίας
3412 2853 3753 2922 συνεχώρησεν,

2227 2937 2369 2990 οὔτω
2399 2938 2494 2989 καί
2517 2935 2689 2989 ταῦτα
2729 2935 3015 3007 ἐπέτρεψε,
3051 2937 3502 3005 συγκαταϐαίνων
3525 2936 3678 2990 αὐτιῖιν
3705 2936 3752 3004 τῇ

2226 3021 2498 3092 ἀσθενείᾳ.
2546 3020 2792 3074 Ἀπαιτεῖ
2833 3021 3012 3074 τοίνυν
3063 3020 3302 3074 ἐνταῦθα
3359 3022 3418 3075 τὸ
3460 3021 3572 3092 μεθ’
3605 3020 3754 3089 ἡδονῆς

2227 3105 2392 3176 ᾄδειν·
2436 3102 2593 3156 τοῦτο
2633 3102 2741 3173 γάρ
2769 3103 2883 3156 ἐστι
2914 3102 2994 3168 τὺ,
3030 3103 3458 3158 Αἰνεσάτωσαν
3501 3105 3562 3158 τὸ
3608 3104 3754 3170 ὄνομα

2225 3186 2411 3240 αὐτοῦ
2449 3187 2518 3238 ἐν
2555 3183 2732 3255 χορῷ,
2768 3184 2830 3237 τὸ
2876 3185 3015 3256 μετὰ
3057 3187 3398 3256 συμφωνίας,
3431 3187 3488 3239 τὸ
3517 3187 3638 3255 μετὰ
3667 3185 3753 3252 βίου

2227 3267 2486 3338 καθαροῦ.
2531 3265 2663 3322 Εἶτα
2693 3267 2854 3321 πάλιν
2885 3269 2965 3331 εἰς
2996 3267 3213 3321 πλείονα
3266 3269 3562 3342 προθυμίαν
3597 3266 3754 3326 αὐτοὺς

2224 3351 2521 3423 διεγείρων,
2549 3350 2697 3420 λέγει
2723 3350 2816 3403 καὶ
2841 3349 2934 3403 τοῦ
2959 3351 3302 3420 ὐμνουμένου
3329 3353 3426 3424 τὴν
3459 3351 3648 3404 εὐνοιαν
3677 3348 3755 3415 τὴν

2225 3436 2353 3507 περί
2387 3435 2601 3499 αὐτούς.
2643 3435 2870 3514 Ἐπάγει
2909 3434 3038 3506 γάρ’
3069 3435 3188 3487 Ὀτι
3219 3435 3462 3490 εὐδοκεῖ
3491 3435 3678 3502 Κύριος
3701 3431 3751 3484 ἐν

2223 3521 2303 3587 τῷ
2321 3522 2447 3587 λαῷ
2470 3521 2675 3577 αὐτοῦ.
2705 3521 2768 3574 Τί
2802 3522 3002 3590 ταύτης
3031 3522 3142 3574 ίσον
3161 3519 3362 3589 γένοιτ’
3389 3523 3454 3578 ἂν
3484 3522 3574 3592 τῆς
3593 3521 3752 3589 εὐημε-

2225 3606 2364 3676 ρίας,
2397 3606 2524 3658 ὅταν
2560 3603 2748 3676 ό-Θεὺς
2785 3603 2942 3665 ἵλεως
2982 3600 3048 3675 ﬁ;
3089 3604 3196 3657 Καὶ
3242 3604 3473 3674 ὑψώσει
3496 3602 3680 3670 πραεῖς
3701 3601 3753 3652 ἐν

2221 3673 2501 3756 σωτηρίᾳ.
2536 3673 2676 3758 "(ipa
2714 3687 2874 3741 πάλιν
2903 3673 3020 3750 πῶς
3051 3687 3145 3740 καί
3174 3685 3247 3740 τὰ
3284 3673 3378 3741 τοῦ
3419 3687 3547 3740 Θεοῦ
3587 3685 3750 3755 τίθησι,

2224 3773 2318 3825 καὶ
2348 3771 2416 3825 τά
2450 3770 2559 3824 τῶν
2591 3769 2914 3840 ἀνθρώπων.
2946 3770 3156 3841 Ὥσπερ
3191 3767 3288 3826 οῦν
3315 3773 3424 3826 ἄνω
3453 3772 3545 3841 τὴν
3569 3771 3750 3836 εὐχαρι-

2224 3855 2376 3908 στίαν
2415 3854 2545 3925 παρ’
2583 3853 2760 3907 αὐτῶν
2786 3852 3052 3917 ἀπαιτῶν,
3078 3854 3171 3906 καὶ
3203 3855 3277 3908 τά
3300 3854 3392 3908 τοῦ
3421 3852 3548 3906 θεοῦ
3578 3851 3748 3918 εἰσῆγε,

2220 3937 2409 4006 λέγων·
2431 3937 2562 3990 ’Ὁτι
2589 3936 2825 3991 εὐδοκεῖ
2845 3937 3056 4006 Κύριος
3082 3937 3152 3989 ὲν
3172 3937 3255 4002 τῷ
3276 3937 3401 4004 λαῷ
3426 3935 3615 3991 αὐτοῦ’
3639 3934 3752 3986 οὓτω

2221 4023 2314 4074 καὶ
2371 4020 2603 4074 ἐνταῦθα
2651 4021 2811 4074 πάλιν
2865 4020 3332 4092 ἐπαγγελλόμενος
3395 4022 3460 4075 τὰ
3497 4018 3634 4090 παρᾶ
3675 4015 3750 4067 τοῦ

2219 4103 2374 4168 Θεοῦ,
2409 4107 2628 4158 ἀπαιτεῖ
2668 4105 2760 4158 καὶ
2800 4103 2868 4156 τά
2905 4104 3054 4175 παρά
3086 4105 3410 4176 ἀνθρώπων,
3456 4104 3629 4172 λέγων·
3665 4096 3750 4154 Καὶ

2217 4186 2448 4255 ὑψώσει
2469 4186 2674 4253 πραεῖς
2689 4188 2757 4239 ἐν
2777 4187 3056 4255 σωτηρίᾳ.
3092 4187 3164 4240 Τὸ
3189 4188 3292 4258 μὲν
3311 4187 3417 4258 γάρ
3443 4186 3652 4254 ὑψῶσαι,
3674 4179 3748 4231 τοῦ

2217 4269 2372 4323 Θεοῦ·
2404 4269 2465 4322 τὸ
2495 4270 2550 4322 δὲ
2582 4271 2756 4340 πρᾶον
2787 4267 2946 4332 εἶναι,
2975 4269 3086 4323 τῶν
3112 4269 3435 4340 ἀνθρώπων.
3462 4269 3532 4321 υύ
3561 4266 3654 4335 γάρ
3679 4263 3747 4329 γί-

2218 4370 2369 4406 νεται
2396 4354 2464 4406 τά
2495 4353 2647 4422 παρά
2678 4351 2770 4405 τοῦ
2799 4353 2956 4418 Θεοῦ,
2983 4353 3078 4406 ἐὰν
3107 4354 3180 4424 μὴ
3212 4354 3284 4406 τά
3311 4353 3458 4425 παρά
3491 4348 3748 4421 ἀνθρώπων

2218 4438 2602 4509 προηγήσηται
2627 4447 2671 4492 e-
2703 4437 2813 4489 Καὶ
2834 4437 2936 4507 ὅρα
2963 4437 3062 4506 τῆς
3087 4437 3295 4508 δωρεᾶς
3318 4437 3378 4491 τὸ
3405 4435 3630 4507 μέγεθος.
3657 4431 3746 4483 Οὐκ

2215 4517 2355 4584 εἷπε,
2395 4517 2585 4581 Σώσει,
2643 4518 2858 4581 ἁπλῶς,
2904 4519 3039 4584 ἀλλ’,
3090 4519 3340 4588 Ὑψώσει
3392 4520 3460 4572 ἐν
3505 4514 3742 4582 σωτηρίᾳ.

2215 4603 2522 4660 Τουτέστιν.
2555 4602 2669 4655 Οὐκ
2711 4601 3010 4666 ἀπαλλάξει
3049 4601 3157 4654 τῶν
3201 4602 3390 4658 δεινῶν
3437 4602 3601 4671 μόνον,
3636 4593 3745 4649 ἀλλά

2214 4685 2308 4738 καὶ
2336 4683 2728 4754 περιδλέπτους
2759 4685 2972 4754 ποιήσει
3002 4685 3098 4738 καὶ
3117 4687 3453 4754 περιφανεῖς,
3477 4681 3611 4753 [5001
3633 4675 3742 4748 μετά

2212 4768 2312 4838 τῆς
2340 4766 2611 4836 σωτηρίας
2642 4769 2736 4820 καὶ
2778 4766 2873 4838 τὴν
2911 4766 3066 4831 δόξαν
3099 4769 3283 4832 αὐτοῖς
3313 4767 3575 4838 παρέχων.
3605 4760 3743 4814 Τοῦτο

2211 4849 2342 4916 γοῦν
2371 4851 2463 4902 καί⁵
2496 4849 2774 4918 διασαφῶν
2809 4850 3056 4920 ἐπήγαγε
3097 4849 3278 4914 πάλιν,
3318 4849 3502 4917 λέγων·
3539 4840 3741 4913 Καυχή-

2210 4948 2420 4985 σονται
2440 4930 2594 4984 ὅσιοι
2621 4932 2691 4984 ἐν
2723 4930 2894 5000 δόξῃ.
2923 4931 3130 5003 Ὥσπερ
3159 4933 3274 4985 ἐκεῖ
3298 4934 3487 5004 πραεῖς
3512 4925 3737 4995 ἐπιζητεῖ.

2209 5013 2382 5077 οὕτως
2427 5013 2658 5067 ἐνταῦθα
2699 5014 2899 5077 ὁσίους.
2943 5013 3224 5084 Πανταχοῦ
3263 5014 3370 5082 γὰρ
3406 5015 3434 5065 ὁ
3467 5010 3588 5072 Θεὸς
3629 5004 3738 5076 μετὰ

2209 5096 2501 5166 θαυμάτων
2533 5095 2602 5148 τὰ
2630 5095 2822 5148 ἐαυτοῦ
2854 5097 3028 5149 πάντα
3055 5097 3436 5150 ἐπιδείκνυται.
3467 5092 3636 5152 Οὕτως
3662 5086 3738 5138 αὖ·

2207 5181 2331 5243 τοὺς
2375 5178 2681 5250 ἀπήλλαξεν
2730 5178 3026 5245 Αἰγύπτου,
3069 5178 3239 5242 οὕτως
3286 5180 3615 5248 ἐπανήγαγεν
3651 5167 3737 5223 ἀπὸ

2208 5263 2541 5326 Βαϐυλῶνος,
2563 5265 2663 5316 οὐκ
2687 5265 2744 5314 ὲν
2770 5265 2832 5332 τῇ
2857 5262 2966 5316 τῶν
2991 5263 3179 5316 δεινῶν
3203 5263 3502 5331 ἀπαλλαγῇ,
3525 5256 3646 5312 ἀλλά
3662 5252 3735 5306 καὶ

2205 5346 2263 5400 ἐν
2290 5347 2365 5418 τῷ
2394 5346 2630 5418 θαύματι
2650 5345 2759 5399 τῶν
2779 5345 3074 5417 γινομένων
3104 5344 3122 5384 ί
3152 5344 3546 5418 λαμπροτέρους
3570 5334 3733 5394 αὐτοὺς

2266 5615 2290 5654 (Ι
2321 5614 2456 5680 pnus
2479 5619 2776 5680 κεχρημένοι.
2813 5616 2964 5666 Savil.
2987 5617 3115 5678 conj.
3143 5615 3415 5680 κεχρημένη.

2270 5691 2291 5716 c
2321 5677 2455 5724 [Inus
2478 5677 2664 5735 ἕπηται.

2271 5737 2288 5777 ί
2321 5737 2454 5787 Unus
2474 5739 2594 5786 ἀλλὰ
2612 5741 2689 5786 καὶ
2716 5740 2762 5788 ἐν
2785 5745 2837 5802 τῇ
2865 5743 2956 5789 τῶν
2978 5741 3225 5802 θαυμάτων
3248 5737 3472 5794 inﬂatu.
