4012 6280
432 303 537 360 ωδ

428 437 480 480 et
506 425 816 495 perpetua‘,
849 432 905 479 ut
930 425 1018 496 qui
1047 426 1116 482 sit
1144 433 1252 482 tam
1277 427 1445 495 dives,
1478 440 1532 485 et
1562 438 1760 485 tantam
1787 429 2008 501 gloriam

429 519 637 572 habeat.
663 516 887 588 Oportet
907 527 1081 573 autem
1108 527 1287 574 nostra
1309 534 1519 590 quoque
1542 520 1797 590 deinceps
1819 535 2011 576 conse-

426 610 552 679 qui,
584 619 638 663 et
664 625 762 663 nos
788 611 949 664 etiam
977 610 1239 681 insignem
1265 611 1602 681 splendorem
1629 626 2007 683 assequemur,

425 699 592 768 gratia
620 706 675 754 et
707 699 1033 768 benignitate
1060 700 1265 756 Domini
1298 702 1466 757 nostri
1499 702 1627 758 Jesu
1653 701 1881 770 Christi,
1922 702 2009 759 cui

423 792 592 861 gloria
617 802 669 846 et
696 791 974 861 imperium
1001 793 1054 847 in
1083 794 1277 849 saecula
1306 794 1642 849 saeculorum.
1670 800 1863 850 Amen.

868 928 936 984 IN
975 928 1297 985 PSALMUM
1334 927 1566 987 CXLIX.

661 1044 712 1097 1.
756 1041 963 1096 Cantate
992 1039 1225 1097 Domino
1265 1043 1519 1096 canticum
1560 1056 1764 1097 novum.

495 1177 544 1229 i.
584 1174 639 1230 Si
679 1184 946 1244 spectetur
972 1173 1186 1245 quidem
1232 1188 1502 1245 anagoge,
1525 1172 1721 1228 dictum
1748 1182 1831 1228 est
1870 1172 2002 1229 Novi

419 1264 746 1321 Testamcnti
776 1281 968 1318 novum
1007 1266 1292 1320 canticum.
1342 1264 1502 1320 Facta
1539 1272 1663 1318 sunt
1691 1265 1831 1319 enim
1877 1273 2001 1320 tunc

420 1360 555 1413 nova
568 1358 767 1413 omnia.
779 1357 1174 1413 Testamentum
1193 1376 1205 1412 :
1226 1357 1461 1412 Statuam
1478 1357 1640 1423 enim,
1661 1357 1847 1429 inquit.
1864 1357 2001 1412 vobis

420 1459 766 1502 testamentum
793 1465 972 1502 novum
1012 1446 1156 1521 (Jer.
1189 1450 1276 1504 5|.
1310 1450 1438 1518 5|);
1483 1457 1727 1504 creatura
1763 1467 1777 1503 :
1810 1449 1873 1505 Si
1897 1466 2000 1518 qua

415 1541 580 1603 enim,
610 1540 798 1608 inquit,
820 1540 873 1595 in
899 1540 1095 1596 Christo
1119 1557 1246 1595 nova
1271 1551 1503 1595 creatura
1524 1540 1604 1611 (2.
1633 1541 1749 1596 Cor.
1773 1540 1826 1597 5.
1862 1543 1951 1612 Π)
1974 1556 1990 1609 ;

417 1630 579 1686 homo
610 1650 624 1688 :
657 1630 930 1698 Exuentes,
961 1632 1147 1702 inquit,
1179 1641 1386 1687 veterem
1411 1631 1682 1697 hominem,
1712 1646 1759 1687 et
1783 1633 1996 1688 induen-

413 1732 486 1777 tes
510 1739 687 1777 novum
710 1725 798 1795 qui
823 1735 1088 1778 renovatur
1110 1726 1161 1778 in
1185 1725 1489 1794 agnitionem
1513 1723 1786 1779 secundum
1810 1725 1994 1796 imagié

414 1831 530 1869 nem
577 1818 686 1884 ejus
724 1816 812 1883 qui
854 1816 1040 1870 creavit
1078 1815 1498 1891 ipsam(Coloss.
1538 1817 1592 1872 3.
1633 1814 1712 1886 9).
1771 1815 1995 1886 Propter

413 1921 602 1959 novam
632 1922 760 1975 ergo
789 1906 971 1973 vitam,
999 1917 1054 1963 et
1079 1909 1181 1962 alia
1208 1908 1406 1974 omnia,
1430 1907 1623 1963 dicitur
1658 1906 1859 1963 Novum
1889 1907 1992 1963 Te-

410 2007 752 2064 stamentum,
779 2008 833 2054 et
849 2014 1041 2053 novum
1071 1998 1190 2070 ejus
1219 1999 1485 2054 canticum
1517 1998 1828 2054 adhortatur
1850 2013 1992 2055 nunc

409 2102 602 2144 canere
626 2089 900 2159 propheta.
932 2090 989 2146 Si
1011 2098 1186 2145 autem
1226 2099 1496 2159 spectetur
1524 2091 1766 2157 historia,
1794 2105 1987 2146 novum

408 2190 491 2234 est
530 2182 827 2244 canticum,
870 2183 1009 2253 quod
1060 2198 1155 2253 pro
1197 2183 1428 2238 victoriis
1453 2224 1468 2249 ,
1503 2199 1599 2252 pro
1642 2181 1801 2238 rebus
1842 2193 1989 2239 recte

407 2272 593 2341 gestis,
627 2288 721 2341 pro
765 2288 1014 2328 successu
1043 2288 1317 2343 proSpero,
1350 2289 1445 2343 pro
1478 2273 1690 2343 tropzcis
1715 2289 1777 2328 ac
1804 2274 1989 2329 trium-

407 2363 525 2431 plus
553 2363 756 2417 clarmn
788 2372 842 2417 ct
872 2363 1076 2433 in:.igne
1104 2372 1258 2419 erant
1296 2364 1645 2419 det-amatori.
1697 2362 1834 2419 Laus
1876 2366 1987 2435 ejus

405 2457 456 2509 in
500 2455 722 2509 Ecclesia
758 2466 1064 2510 sanctorum.

410 2589 415 2596 .
476 2546 767 2601 Gratiarum
791 2547 920 2601 actio
946 2549 997 2601 in
1023 2564 1120 2617 quo
1150 2548 1408 2602 consistat.
1426 2546 1673 2604 —Vides
1717 2547 1984 2618 quomodo

403 2652 528 2695 ante
558 2641 718 2695 verba
764 2639 983 2711 requirit
1011 2641 1297 2711 gratiarum
1337 2641 1634 2705 actionem,
1662 2656 1781 2710 quae
1807 2642 1863 2694 lit
1891 2656 1984 2710 per

400 2736 562 2787 vitam
582 2743 634 2788 et
676 2733 813 2788 bona
840 2748 1001 2803 opera
1034 2751 1048 2789 :
1075 2743 1129 2788 et
1158 2733 1256 2787 hos
1279 2733 1492 2788 deducit
1533 2732 1586 2788 iu
1610 2733 1831 2788 chorum
1859 2734 1978 2788 lau—

403 2824 687 2878 dantium?
743 2823 856 2878 Non
908 2823 1103 2880 sufﬁcit
1151 2826 1292 2879 enim
1343 2825 1519 2880 verbis
1566 2826 1735 2880 solum
1784 2826 1982 2896 gratias

403 2933 582 2983 agere,
631 2918 729 2972 nisi
779 2919 936 2973 etiam
987 2920 1242 2974 factorum
1290 2918 1458 2974 virtus
1494 2928 1798 2974 concurrat.
1845 2919 1981 2973 Laus

402 3012 510 3079 ejus
534 3009 584 3063 in
616 3007 839 3064 Ecclesia
880 3021 1189 3065 sanctorum.
1245 3010 1400 3064 Aliud
1442 3024 1652 3079 quoque
1681 3008 1768 3065 hic
1795 3009 1972 3065 docet.

396 3099 638 3154 Ostendit
665 3101 804 3154 enim
832 3111 1079 3170 oportere
1103 3101 1261 3155 simul
1295 3109 1349 3155 et
1387 3116 1508 3156 cum
1539 3101 1682 3155 omni
1713 3110 1979 3156 concentu

394 3188 582 3245 laudes
600 3189 814 3245 oﬁ‘crre.
848 3189 1081 3245 Ecclesia
1109 3193 1249 3245 enim
1277 3200 1361 3246 est
1386 3207 1578 3247 nomen
1608 3202 1901 3247 conventus
1926 3202 1979 3249 et

392 3281 838 3349 euttgrcgationis.
862 3280 917 3334 2.
945 3279 1167 3334 lactetur
1196 3280 1361 3337 Israel
1385 3282 1441 3336 in
1481 3299 1538 3337 eo
1566 3284 1651 3354 qui
1679 3283 1797 3354 fecit
1833 3299 1971 3339 eum.

393 3374 533 3426 Ante
557 3372 840 3441 singularia
866 3372 1120 3429 beneﬁcia
1150 3374 1295 3442 ponit
1327 3374 1575 3443 generale
1596 3416 1611 3441 ,
1646 3391 1741 3446 per
1767 3391 1829 3432 ea
1856 3390 1977 3446 quae

390 3464 665 3532 subiunxit
694 3465 1075 3534 propemodum
1097 3458 1383 3522 adhortans
1408 3477 1461 3523 et
1486 3467 1671 3524 dicens
1694 3486 1708 3522 :
1730 3470 1843 3540 Age
1867 3470 1976 3526 Deo

390 3556 610 3624 gratias,
639 3557 778 3625 quod
807 3561 929 3612 cut'n
959 3572 1063 3612 non
1093 3571 1267 3623 esses,
1309 3567 1360 3613 te
1387 3559 1733 3629 produxerit,
1779 3570 1834 3615 et
1872 3562 1968 3618 tibi

388 3647 621 3701 animam
649 3646 1009 3718 inspiraverit.
1032 3648 1148 3704 Non
1182 3658 1266 3704 est
1304 3651 1446 3705 enim
1479 3651 1580 3706 hoc
1608 3665 1820 3723 quoque
1850 3669 1976 3722 par-

390 3754 515 3792 vum
544 3753 708 3807 genus
742 3738 1004 3794 beneﬁcii.
1047 3740 1143 3795 Hic
1166 3748 1344 3796 autem
1370 3741 1566 3811 aliquid
1597 3744 1756 3796 etiam
1786 3754 1971 3799 osten-

385 3828 459 3881 dit
487 3829 734 3899 amplius.
785 3829 900 3885 Non
947 3831 1116 3885 solum
1157 3832 1298 3887 enim
1336 3832 1568 3888 Ostendit
1605 3835 1928 3889 creationem
1952 3877 1970 3904 ,

384 3921 479 3976 scd
506 3923 665 3976 etiam
688 3922 1092 3978 familiaritatem
1118 3933 1169 3979 et
1190 3923 1615 3994 coniunctionem
1640 3925 1973 3983 demonstrat

383 4012 464 4066 sic
491 4011 717 4067 dicendo
749 4030 762 4067 :
794 4022 851 4069 et
872 4013 1025 4082 jubet
1046 4015 1243 4084 gratias
1269 4029 1426 4086 agere
1445 4056 1461 4082 ,
1494 4030 1598 4071 non
1627 4006 1799 4071 solum
1825 4017 1970 4088 quod

383 4107 559 4172 ipsum
590 4105 795 4173 fecerit,
823 4105 917 4161 sed
945 4108 1103 4162 etiam
1131 4107 1272 4178 quod
1299 4123 1453 4163 suum
1497 4109 1772 4180 populum.
1802 4110 1963 4166 Vides

384 4198 655 4267 quomodo
680 4215 801 4254 eum
833 4200 1024 4256 uniens
1071 4207 1126 4256 et
1168 4201 1497 4272 coniungens
1526 4204 1637 4259 Deo
1658 4245 1675 4270 ,
1707 4219 1813 4259 non
1857 4206 1970 4260 ruit

384 4306 507 4344 cum
536 4291 871 4347 solummodo
895 4295 1092 4364 gratias
1121 4309 1300 4364 agere,
1331 4295 1424 4351 sed
1453 4310 1574 4351 cum
1600 4297 1812 4368 gaudio,
1841 4312 1964 4354 cum

384 4380 605 4449 lzctitia,
652 4381 968 4452 ardentique
1028 4391 1084 4438 et
1127 4385 1344 4440 incitato
1393 4386 1593 4441 animo.
1646 4387 1773 4443 Hzec
1821 4390 1963 4445 enim

375 4472 555 4527 omnia
604 4474 920 4544 signiﬁcavit
963 4490 1058 4543 per
1084 4476 1231 4544 illud,
1262 4475 1502 4532 Ltetetur.
1544 4478 1675 4550 Eius
1698 4495 1827 4552 ergo
1869 4482 1959 4551 qui

375 4562 485 4633 agit
510 4564 726 4634 gratias,
753 4567 977 4635 requirit
1001 4565 1353 4633 affectionem,
1383 4577 1441 4623 ut
1468 4568 1651 4625 ardeat
1669 4570 1955 4640 desiderio,

376 4666 433 4707 ut
454 4655 717 4711 excitetur
735 4672 935 4720 amore,
954 4665 1014 4711 ut
1040 4657 1149 4711 Deo
1168 4659 1256 4727 qui
1280 4659 1546 4726 laudatur,
1574 4670 1716 4716 totus
1741 4664 1960 4721 omnino

380 4744 692 4801 dedicatur:
737 4748 875 4802 sicut
903 4748 1005 4802 hoc
1032 4748 1204 4818 ipsum
1234 4764 1444 4820 quoque
1483 4751 1606 4806 alibi
1638 4752 1946 4822 significans

373 4838 586 4893 dicebat
608 4879 625 4906 ,
676 4839 1114 4908 Quemadmodum
1165 4841 1416 4896 desiderat
1461 4859 1634 4899 cervus
1683 4846 1754 4900 ad
1798 4847 1959 4915 fontes

266 4950 278 4967 ι
371 4943 640 4994 aquarum,
680 4930 754 4983 ita
798 4930 1050 4985 desiderat
1077 4933 1252 4985 anima
1280 4950 1392 4987 mea
1417 4935 1486 4987 ad
1506 4944 1574 4997 te,
1607 4934 1744 4991 Deus
1767 4936 1786 5007 (
1807 4937 1953 4993 Psal.

370 5019 460 5072 41.
492 5018 571 5089 2).
605 5018 672 5075 Et
696 5036 900 5086 rursus,
933 5022 1102 5077 Sitioit
1130 5025 1303 5078 animo
1332 5042 1443 5080 mea
1466 5026 1535 5080 ad
1562 5026 1724 5082 Deum
1751 5033 1953 5100 fortem,

370 5110 537 5163 vivum
560 5111 579 5180 (
599 5109 737 5165 Ibid.
768 5128 818 5167 υ.
848 5112 925 5185 '5).
957 5113 1022 5168 Et
1049 5130 1235 5172 rursus
1259 5158 1275 5183 ,
1311 5116 1484 5172 Sitivit
1522 5128 1569 5177 te
1607 5120 1778 5175 anima
1819 5138 1949 5189 mea,

365 5219 520 5268 quam
550 5202 899 5275 multipliciter
923 5207 1010 5260 tibi
1031 5223 1153 5262 caro
1178 5225 1290 5262 mea
1315 5210 1370 5264 in
1396 5219 1531 5265 terra
1553 5212 1769 5281 deserta,
1795 5214 1951 5283 invia,

362 5302 414 5346 et
444 5294 690 5363 inaquosa
715 5296 735 5368 (
761 5295 909 5351 Psal.
938 5298 1030 5353 62.
1058 5298 1117 5372 2)
1149 5317 1165 5355 :
1194 5301 1335 5371 quod
1364 5303 1577 5372 quidem
1619 5306 1755 5361 alius
1786 5305 1953 5363 inter-

369 5399 495 5452 pres
533 5384 608 5456 (a)
650 5386 802 5450 dixit,
832 5387 979 5445 Sicut
1004 5391 1056 5445 in
1084 5401 1218 5446 terra
1254 5394 1529 5450 sitibunda.
1570 5395 1767 5453 Volens
1789 5400 1949 5455 enim

365 5476 449 5528 sui
477 5477 641 5531 animi
670 5476 1002 5535 adactionem
1042 5493 1096 5538 et
1127 5484 1450 5542 desiderium
1481 5490 1786 5557 ostendere,
1826 5507 1950 5548 eum

365 5583 643 5642 comparat
671 5583 829 5630 terra:
858 5574 1140 5632 sitibun‘da:
1161 5621 1176 5644 ,
1217 5590 1271 5634 et
1298 5596 1459 5638 cervo
1478 5583 1698 5642 sitienti.
1744 5585 1947 5643 Rursus

431 5684 448 5750 ξ
485 5682 652 5750 Alius,
665 5691 774 5735 sunt
795 5685 924 5735 enim
944 5687 1101 5737 omnia
1121 5689 1224 5748 eius
1241 5698 1429 5749 parata.

428 5745 503 5809 (a)
537 5748 619 5797 Hic
640 5745 894 5812 itﬂerpres
913 5755 988 5799 est
1007 5745 1335 5812 Symmachus.

1494 310 1851 372 EXPOSITIO
1888 309 1953 366 ΙΝ
1992 308 2317 369 PSALMUM
2355 313 2592 375 CXLIX.

3596 339 3704 400 £95

2117 445 2329 526 quoque
2379 434 2557 491 verbis
2603 439 2837 495 ostendit
2879 440 3017 498 idem
3062 445 3382 507 desiderium
3407 493 3424 519 ,
3473 454 3694 526 dicens,

2119 520 2336 614 Quando
2360 527 2557 581 veniant
2583 538 2631 582 et
2653 532 2906 601 apparebo
2934 544 3053 590 ante
3077 537 3260 607 faciem
3287 539 3383 596 Dei
3400 543 3571 614 (Psal.
3599 520 3689 604 41.

2115 613 2207 683 5)?
2231 614 2388 671 Tales
2412 619 2556 674 enim
2594 630 2719 676 sunt
2760 633 3063 681 sanctorum
3102 629 3315 699 animas,
3355 613 3495 689 sicut
3516 639 3691 694 anima

2114 704 2297 773 Pauli,
2330 722 2483 779 quae,
2522 711 2667 782 quod
2702 728 2953 771 excessus
2979 733 3043 773 ex
3085 718 3187 776 hac
3210 723 3314 777 vita
3344 723 3690 795 differretur,

2538 801 2610 858 Et
2630 805 2727 873 ﬁlii
2746 806 2874 863 Sion
2893 810 3139 867 exsultent
3152 814 3207 868 in
3226 832 3342 888 rege
3358 835 3451 872 suo
3473 819 3547 892 (2.
3569 819 3692 878 Cor.

2111 888 2166 983 ξ.
2309 889 2472 983 Vides
2494 908 2614 949 eum
2645 896 2962 967 signiﬁcare,
2993 901 3043 957 id
3065 905 3209 974 quod
3238 919 3391 963 antea
3418 888 3550 979 disi,
3595 927 3695 983 per

2110 978 2523 1040 familiaritatem
2559 995 2614 1041 et
2651 991 3077 1059 coniunctionem
3130 1012 3251 1055 esse
3295 978 3539 1060 electum
3573 978 3690 1077 eius

2109 1071 2410 1164 populum?
2447 1075 2515 1130 Et
2542 1076 2661 1133 ideo
2689 1082 2962 1152 subiunxit
2988 1085 3135 1151 illud,
3167 1088 3233 1144 In
3270 1108 3388 1164 rege
3422 1113 3533 1150 suo.
3572 1071 3689 1154 Non

2106 1169 2223 1215 erat
2270 1163 2412 1218 enim
2459 1166 2632 1223 solum
2677 1170 2790 1226 Rex
2832 1175 3043 1245 ratione
3092 1163 3338 1250 opificii,
3375 1186 3469 1241 sed
3518 1190 3678 1244 etiam

2105 1252 2310 1311 ratione
2332 1257 2740 1328 coniunctionis.
2764 1264 2819 1320 5.
2844 1263 3072 1323 Laudent
3100 1287 3276 1327 nomen
3298 1276 3408 1346 ejus
3428 1277 3481 1332 in
3508 1280 3686 1337 cltoro.

2108 1345 2239 1402 Vide
2267 1364 2451 1405 rursus
2490 1362 2546 1408 et
2593 1349 2734 1410 hunc
2783 1359 3124 1429 resplendere
3164 1345 3503 1423 concentum.
3562 1370 3686 1427 Ideo

2102 1440 2242 1491 enim
2274 1439 2494 1497 instituti
2516 1454 2639 1500 sunt
2662 1446 2831 1511 chori,
2865 1461 2919 1505 ut
2944 1466 3131 1508 omnes
3149 1456 3304 1511 simul
3329 1461 3685 1518 concordibus

2100 1527 2294 1584 animis
2340 1530 2524 1589 laudes
2567 1535 2815 1592 oﬁ'erant.
2870 1538 2980 1596 Hoc
3016 1545 3158 1599 enim
3188 1546 3448 1616 signiﬁcat
3490 1549 3684 1608 Paulus
3729 1607 3739 1616 ,

2100 1633 2198 1688 per
2220 1618 2322 1675 hoc
2346 1623 2487 1692 quod
2513 1625 2681 1692 dicit,
2715 1627 2836 1683 Non
2876 1632 3209 1702 relinquentes
3245 1640 3685 1710 congregationem

2102 1713 2287 1781 suam(
2321 1711 2478 1769 Hebr.
2529 1717 2618 1772 10.
2662 1717 2777 1790 25).
2836 1721 2948 1777 Hoc
2991 1733 3165 1780 autem
3212 1728 3474 1798 signiﬁcat
3518 1733 3679 1789 etiam

2098 1801 2352 1870 precatio,
2369 1819 2486 1872 qua:
2501 1805 2659 1861 simul
2679 1808 2900 1865 affertur
2918 1813 2986 1867 ab
3005 1815 3253 1871 omnibus
3274 1835 3287 1870 :
3313 1816 3469 1873 Pater
3487 1835 3676 1889 noster,

2096 1891 2183 1959 qui
2204 1908 2257 1948 es
2282 1894 2336 1947 in
2362 1895 2499 1951 ewlis
2521 1897 2540 1967 (
2565 1897 2752 1954 Matth.
2795 1901 2849 1956 6.
2877 1902 2968 1973 9);
3005 1913 3077 1971 et,
3109 1905 3313 1962 Dimitte
3341 1911 3483 1964 nobis
3508 1911 3676 1967 debita

2093 1994 2265 2037 nostra
2288 1987 2307 2056 (
2329 1985 2458 2041 Luc.
2507 1990 2595 2044 Η.
2627 1991 2722 2062 ei);
2752 2000 2841 2061 et,
2875 1993 2962 2050 Ne
2986 2012 3077 2051 nos
3104 1997 3316 2055 inducas
3338 2001 3394 2055 in
3441 2005 3676 2058 tentatio-

2093 2090 2243 2140 nem;
2269 2085 2357 2142 et,
2388 2077 2570 2135 Libera
2598 2098 2689 2136 nos
2716 2099 2749 2137 a
2775 2086 2912 2140 malo
2944 2087 2963 2159 (
2989 2087 3170 2142 Matth.
3199 2092 3252 2145 6.
3285 2093 3374 2163 15)
3411 2112 3425 2147 :
3460 2096 3676 2152 nomine

2092 2164 2287 2235 plurali
2334 2169 2530 2240 ubique
2577 2181 2808 2231 utentes.
2857 2175 2930 2231 Ita
2977 2180 3135 2235 etiam
3176 2182 3506 2240 docebantur
3540 2189 3677 2242 anti-

2090 2258 2269 2324 quitus
2288 2274 2409 2316 cum
2432 2278 2720 2322 numeroso
2739 2279 3001 2326 concentu
3023 2272 3131 2328 Deo
3149 2289 3340 2332 canere
3354 2286 3408 2332 et
3429 2279 3671 2347 psallere,

2090 2351 2235 2404 omni
2263 2353 2468 2409 ratione
2495 2355 2720 2412 instituti
2771 2360 2839 2414 ad
2882 2363 3157 2420 caritatem
3201 2375 3255 2422 et
3291 2370 3670 2426 concordiam:

2055 2436 2147 2493 vln
2171 2449 2412 2511 tympano
2440 2453 2488 2498 et
2512 2446 2750 2515 psalterio
2780 2452 3003 2516 psallunt
3039 2454 3104 2508 ei.

2158 2533 2214 2587 2.
2255 2534 2565 2592 Psalterium
2592 2557 2807 2610 superne
2828 2555 3073 2600 movetur.
3088 2577 3159 2588 —
3181 2548 3431 2606 Nonnulli
3455 2552 3671 2623 quidem

2081 2621 2277 2687 horum
2301 2626 2774 2686 instrumentorum
2791 2636 3050 2691 rationem
3069 2649 3343 2696 sumentes
3354 2621 3659 2714 anagogice,

2085 2712 2270 2770 dicunt
2289 2727 2595 2790 tympanum
2612 2725 2825 2794 quidem
2843 2728 3114 2792 requirere
3131 2732 3308 2788 carnis
3324 2712 3517 2789 nostras
3532 2712 3670 2792 inor-

2087 2806 2449 2878 tilicationem,
2467 2814 2774 2883 psalterium
2791 2826 2988 2883 autem,
3009 2829 3067 2874 ut
3083 2823 3134 2877 in
3151 2824 3337 2879 caelum
3359 2827 3665 2895 aspiciatur.

2084 2897 2199 2955 Hoc
2234 2903 2376 2957 enim
2425 2904 2834 2965 instrumentum
2862 2927 2892 2966 a
2932 2928 3161 2984 superna
3206 2926 3354 2986 parte
3391 2929 3661 2988 movetur,

2083 3006 2190 3046 non
2236 2993 2305 3047 ab
2352 2994 2578 3064 inferna,
2622 3008 2678 3053 ut
2709 3000 2930 3056 cithara.
2972 3004 3086 3074 Ego
3124 3016 3303 3062 autem
3344 3008 3474 3064 illud
3518 3011 3664 3066 dixe-

2084 3080 2206 3150 rim,
2230 3097 2325 3139 eos
2351 3100 2447 3155 per
2472 3086 2586 3143 lucc
2606 3089 2954 3148 instrumenta
2986 3096 3110 3150 olim
3141 3098 3218 3153 sic
3252 3099 3441 3155 ductos
3471 3100 3658 3169 fuisse,

2082 3183 2304 3243 propter
2316 3176 2510 3247 ingenii
2531 3194 2715 3235 eorum
2736 3182 3126 3253 hebetudinetn,
3145 3196 3197 3244 ct
3211 3191 3352 3261 quod
3370 3191 3524 3261 paulo
3540 3202 3664 3249 ante

2082 3265 2252 3320 avulsi
2278 3280 2458 3323 essent
2486 3284 2516 3325 a
2547 3272 2866 3329 simulacris.
2896 3276 3352 3344 Quemadmodum
3377 3297 3506 3352 ergo
3530 3298 3662 3338 con-

2081 3359 2240 3413 cessit
2260 3361 2540 3430 sacriﬁcia,
2561 3365 2629 3419 ita
2654 3367 2812 3423 etiam
2833 3368 2946 3425 bare
2967 3373 3224 3440 permisit,
3247 3373 3312 3429 ad
3336 3375 3657 3431 imbecillita-

2082 3460 2187 3505 tem
2206 3467 2389 3508 eorum
2416 3469 2475 3510 se
2494 3460 2923 3517 accommodans.
2951 3463 3031 3519 Ab
3059 3465 3138 3519 eis
3163 3479 3289 3536 ergo
3309 3465 3395 3522 hic
3415 3469 3578 3538 exigit
3603 3479 3661 3524 ut

2080 3551 2274 3598 canant
2296 3558 2417 3599 cum
2434 3548 2649 3616 gaudio.
2681 3549 2795 3605 Hoc
2823 3552 2964 3606 enim
2983 3555 3082 3609 sibi
3109 3556 3219 3610 vult
3248 3556 3401 3625 illud,
3431 3557 3662 3616 Laudent

2078 3650 2259 3690 nomen
2283 3638 2393 3709 ejus
2414 3641 2468 3693 in
2488 3642 2662 3708 choro,
2679 3658 2800 3698 cun.
2817 3645 3087 3702 modulato
3106 3659 3389 3716 concentu,
3408 3664 3528 3706 cum
3552 3652 3658 3707 vita

2034 3722 2047 3751 Γ
2076 3740 2232 3793 pura.
2256 3729 2456 3786 Deinde
2475 3747 2568 3788 eos
2590 3749 2774 3791 rursus
2790 3735 2855 3789 ad
2873 3737 3129 3806 majorem
3152 3740 3312 3793 animi
3329 3741 3655 3796 alacritatem

2077 3820 2344 3887 excitans,
2371 3822 2501 3879 dicit
2524 3825 2639 3894 eius
2666 3826 2756 3896 qui
2783 3828 2993 3883 canitur
3017 3830 3068 3883 in
3093 3845 3187 3885 eos
3209 3831 3653 3887 benevolentiam.

2075 3906 2356 3981 Subiungit
2381 3914 2522 3967 enim
2554 3933 2568 3970 :
2598 3916 2652 3970 4.
2697 3916 2831 3983 Quia
2869 3917 3231 3988 beneplacitum
3256 3929 3328 3974 est
3358 3918 3575 3975 Domino
3600 3923 3654 3977 in

2076 4002 2270 4069 populo
2307 4018 2420 4057 suo.
2463 4005 2600 4071 Quid
2627 4021 2747 4060 cum
2796 4007 2896 4063 hac
2924 4011 3091 4078 possit
3130 4012 3482 4081 prosperitate
3525 4028 3657 4068 con-

2075 4091 2197 4145 ferri
2218 4133 2233 4157 ,
2283 4094 2495 4162 quando
2530 4095 2669 4152 Deus
2695 4097 2852 4152 fuerit
2888 4100 3126 4155 clemens
3167 4109 3221 4155 et
3252 4101 3509 4171 propitius
3534 4103 3560 4157 ἲ
3588 4103 3655 4158 Et

2069 4183 2313 4238 exaltabit
2354 4197 2640 4240 inausuetos
2685 4192 2737 4242 in
2775 4191 2954 4244 salute.
3007 4189 3134 4246 Vide
3173 4208 3357 4248 rursus
3385 4194 3653 4262 quomodo

2071 4285 2234 4344 ponat
2262 4287 2316 4333 et
2339 4293 2458 4348 qua:
2499 4279 2589 4334 Dei
2632 4290 2788 4346 sunt,
2815 4292 2871 4337 et
2894 4299 3012 4349 qua:
3052 4282 3346 4339 hominum.
3379 4284 3651 4352 Quemad-

2069 4367 2284 4422 modum
2309 4384 2436 4439 ergo
2465 4371 2706 4441 superius
2726 4373 2794 4427 ab
2821 4374 2898 4428 eis
2922 4376 3209 4445 gratiarum
3239 4378 3499 4433 actionem
3528 4382 3646 4434 cxi-

2066 4473 2198 4529 gcns
2219 4501 2233 4524 ,
2265 4475 2383 4529 quae
2414 4462 2506 4516 Dei
2528 4471 2652 4518 sunt
2676 4464 2849 4519 intulit
2874 4464 3095 4522 dicens:
3130 4467 3261 4534 Quia
3285 4468 3651 4541 beneplacitnm

2064 4562 2139 4607 est
2172 4552 2387 4609 Domino
2424 4555 2480 4609 in
2508 4558 2696 4627 populo
2732 4574 2825 4612 suo
2848 4576 2867 4612 :
2894 4559 2967 4614 ita
3009 4561 3168 4614 etiam
3201 4560 3287 4616 hic
3327 4578 3510 4618 rursus
3532 4579 3650 4634 qua:

2065 4646 2161 4701 Dei
2189 4655 2312 4701 sunt
2342 4649 2684 4717 promittens,
2716 4664 2778 4703 ea
2805 4652 2964 4706 etiam
2988 4651 3156 4722 exigit
3183 4666 3301 4722 quae
3329 4662 3453 4709 sunt
3478 4653 3652 4708 homi-

2063 4753 2226 4803 num,
2258 4738 2444 4794 dicens
2474 4755 2489 4794 :
2519 4739 2587 4794 Et
2613 4740 2853 4795 exaltabit
2883 4753 3166 4817 mansuetos
3190 4743 3244 4797 in
3266 4744 3450 4798 salute.
3488 4745 3644 4799 Exol-

2063 4840 2176 4884 tare
2195 4830 2337 4885 enim
2359 4839 2438 4886 est
2470 4832 2591 4886 Dei:
2619 4842 2950 4887 mansuetum
2971 4841 3147 4887 autem
3169 4848 3287 4887 esse
3306 4874 3321 4898 ,
3346 4833 3640 4887 hominum.

2061 4921 2190 4989 Quae
2226 4922 2370 4977 enim
2407 4937 2438 4976 a
2468 4922 2578 4977 Deo
2606 4922 3042 4994 proﬁciscuntur,
3071 4939 3176 4979 non
3208 4922 3340 4976 ﬁunt
3370 4923 3470 4976 nisi
3504 4937 3640 4991 pra--

2058 5016 2323 5071 cesserint
2363 5031 2425 5071 ea
2473 5031 2591 5086 quae
2620 5026 2746 5071 sunt
2787 5016 3080 5071 homimun.
3128 5014 3260 5069 Vide
3300 5022 3476 5067 autem
3516 5013 3648 5070 doni

2061 5108 2501 5180 magnitudinem.
2532 5107 2649 5162 Non
2693 5108 2859 5170 dixit,
2890 5105 3158 5169 Salvabit,
3188 5119 3400 5174 quoquo
3440 5104 3602 5158 modo
3625 5147 3640 5170 ,

2057 5199 2150 5254 sed
2173 5240 2189 5265 ,
2215 5197 2473 5253 Exaltabit
2497 5198 2550 5250 in
2575 5196 2754 5251 salute.
2788 5196 2897 5250 Hoc
2918 5202 3033 5256 est,
3056 5193 3171 5248 Non
3196 5193 3367 5248 solum
3382 5196 3649 5257 liberabit

2056 5306 2087 5345 a
2118 5291 2268 5345 malis
2287 5332 2303 5356 ,
2334 5290 2427 5346 sed
2473 5289 2630 5344 faciet
2654 5290 2814 5345 etiam
2842 5289 3016 5342 claros
3056 5296 3111 5341 et
3135 5286 3485 5356 conspicuos,
3515 5301 3636 5362 cum

2055 5383 2225 5437 salute
2252 5381 2332 5436 eis
2353 5394 2564 5450 quoque
2585 5379 2827 5448 praebens
2850 5377 3091 5447 gloriam.
3119 5375 3231 5430 Hoc
3259 5375 3431 5445 itaque
3448 5378 3636 5445 expla-

2056 5487 2190 5529 naus
2214 5487 2396 5526 rursus
2423 5469 2695 5538 subiunxit
2711 5510 2725 5534 ,
2752 5469 2934 5524 dicens
2959 5485 2978 5522 :
3003 5468 3056 5522 5.
3101 5466 3435 5521 Exsultabunt
3462 5470 3629 5524 sancti

2054 5565 2110 5619 in
2153 5563 2336 5636 gloria.
2375 5560 2830 5628 Quemadmodum
2867 5559 2975 5614 illic
3016 5559 3240 5629 requirit
3281 5568 3625 5625 mansuetos,

2056 5656 2126 5710 ita
2155 5655 2242 5709 hic
2265 5654 2423 5708 etiam
2467 5658 2700 5705 sanctos.
2744 5650 2887 5705 Deus
2910 5648 3050 5704 enim
3086 5648 3283 5719 ubique
3323 5663 3418 5703 sua
3456 5650 3632 5706 omnia

2058 5745 2288 5805 ostendit
2315 5760 2434 5802 cum
2461 5742 2748 5800 miraculis.
2777 5741 2852 5798 lta
2879 5756 2971 5798 eos
3002 5740 3244 5798 liberavit
3270 5740 3336 5795 ab
3366 5738 3631 5812 iﬁgypto,
