4068 6270
506 354 606 410 ωε

505 469 575 522 ita
606 480 700 520 eos
721 461 935 519 reduxit
959 475 989 515 a
1017 456 1315 529 Babylone,
1345 469 1450 510 non
1472 453 1640 508 solum
1669 449 1723 505 in
1765 446 2096 510 liberatione,

506 556 602 610 sed
633 555 793 610 etiam
841 554 892 606 in
916 564 1096 606 rerum
1126 557 1394 618 gestarum
1429 541 1686 598 miraculo
1721 541 1738 572 ³
1765 555 1861 596 eos
1906 537 2102 594 clario-

503 662 600 704 res
641 645 898 702 efﬁciens.
947 641 1273 696 Loetabuntur
1310 639 1365 692 in
1402 636 1646 690 cubilibus
1689 635 1815 688 suis.
1857 632 2098 702 Magnam

514 737 751 792 ostendit
775 734 1134 796 securitatem,
1157 727 1368 801 quando
1390 729 1501 782 haec
1522 724 1793 795 subjungit
1809 763 1826 790 ,
1851 736 2098 791 magnam

506 834 786 898 quietem,
843 841 1085 896 magnam
1131 823 1408 889 lmtitiam,
1458 833 1702 888 magnam
1751 817 2098 887 voluptatem.

519 920 642 976 llaec
667 929 842 974 autem
870 919 1030 982 dicit,
1063 924 1120 970 ut
1147 915 1318 970 sciant
1343 929 1448 967 nou
1476 916 1587 966 suis
1627 911 1790 966 armis
1809 950 1825 974 ,
1859 924 1960 964 nec
1985 909 2103 965 suis

517 1012 753 1073 viribus,
799 1009 893 1064 sed
937 1008 1026 1063 Dei
1056 1005 1254 1060 auxilio
1299 1003 1352 1058 id
1404 1012 1572 1056 totum
1617 1000 1812 1055 factum
1850 1013 2006 1061 esse,
2047 1005 2104 1053 et

521 1112 768 1170 oportere
808 1101 858 1154 id
882 1098 1150 1154 attrahere
1193 1111 1290 1166 per
1326 1094 1681 1149 humilitatem
1715 1102 1768 1146 et
1795 1100 2100 1145 mansuetu-

520 1195 724 1247 dinem.
766 1191 818 1246 6.
855 1189 1202 1246 Exultationes
1229 1186 1321 1241 Dei
1347 1188 1399 1240 in
1426 1195 1625 1255 gutture
1649 1199 1817 1238 eorum
1836 1223 1852 1248 ,
1880 1192 1923 1236 et
1947 1180 2105 1251 gladii

508 1285 764 1352 ancipites
803 1283 856 1336 in
896 1281 1122 1334 manibus
1141 1295 1360 1342 eorum;
1399 1278 1452 1331 7.
1491 1277 1558 1329 ad
1587 1275 1872 1346 faciendam
1906 1273 2104 1326 uindic-

523 1388 628 1430 tam
667 1377 722 1430 in
764 1375 1079 1440 nationibus,
1122 1372 1487 1441 increpationes
1512 1369 1565 1422 in
1607 1367 1827 1438 populis.
1861 1364 2104 1421 Ostendit

527 1469 613 1524 hic
643 1469 840 1524 bellum
870 1483 990 1523 cum
1017 1466 1214 1521 chorea
1237 1461 1525 1535 gerendum
1547 1503 1562 1526 ,
1591 1469 1646 1515 et
1673 1460 1819 1530 ipsos
1848 1458 1896 1514 si
1914 1465 2110 1514 canant

520 1572 574 1615 et
605 1559 818 1614 laudent
857 1565 1201 1627 superaturos
1226 1569 1367 1611 esse.
1414 1551 1768 1608 Exaltationes
1811 1551 1952 1605 enim
1980 1549 2111 1604 dicit

525 1656 752 1726 hymnos
773 1694 790 1719 ,
817 1652 1050 1721 psalmos
1068 1691 1084 1715 ,
1111 1649 1399 1720 gratiarum
1424 1647 1683 1702 actiones.
1712 1643 1776 1699 Et
1801 1643 1921 1698 ideo
1949 1641 2111 1695 Exul-

525 1745 733 1798 tationes
753 1743 888 1797 alius
907 1742 1036 1798 dicit
1057 1740 1286 1812 Hymnos
1313 1739 1407 1809 (a).
1432 1737 1512 1792 Ad
1532 1737 1817 1808 faciendam
1840 1735 2112 1789 uindictam

525 1836 577 1887 in
601 1832 886 1888 nationibus
904 1872 919 1897 ,
949 1832 1314 1896 increpationes
1350 1830 1404 1882 in
1431 1827 1653 1898 pepulis.
1683 1825 1820 1892 Quid
1853 1825 1954 1880 hoc
1980 1834 2064 1879 est
2089 1825 2112 1878 ‘2

527 1925 786 1991 Quoniam
811 1923 899 1993 qui
931 1923 1202 1984 vicerant,
1233 1919 1444 1976 assidue
1474 1920 1662 1989 probra
1693 1919 1746 1972 in
1772 1931 1866 1972 eos
1902 1917 2113 1987 ingere-

532 2015 694 2077 bant,
734 2014 1015 2085 pollicetur
1051 2026 1112 2066 se
1154 2011 1316 2065 rebus
1359 2011 1488 2079 ipsis
1525 2026 1619 2065 eos
1665 2009 2069 2077 redarguturuut
2094 2046 2116 2073 ,

529 2111 866 2158 ostensurum
894 2117 999 2156 non
1023 2102 1115 2156 Dei
1141 2099 1552 2155 imbecillitatem
1571 2139 1589 2165 ,
1611 2099 1704 2155 sed
1732 2100 1966 2168 ipsorum
1993 2113 2116 2168 pec-

530 2202 646 2246 cata
668 2193 880 2248 dedisse
902 2191 982 2247 eis
1005 2190 1302 2246 victoriam.
1327 2190 1459 2246 Cum
1487 2190 1664 2260 itaque
1686 2191 1817 2245 satis
1839 2204 2114 2259 pennarum

531 2285 834 2345 dedissent,
866 2284 1039 2338 solum
1077 2282 1264 2337 annuit
1309 2282 1568 2352 benignus
1595 2291 1647 2337 et
1675 2281 1912 2337 clemens
1941 2282 2114 2347 Deus,

542 2384 598 2428 et
639 2390 726 2429 res
778 2391 963 2429 eorum
994 2373 1046 2428 iu
1091 2374 1460 2429 admirabilem
1507 2389 1702 2429 venere
1744 2373 2112 2428 mutationem.

535 2467 667 2520 Vide
708 2477 882 2521 autem
929 2467 1188 2536 insignem
1234 2466 1531 2521 victoriam.
1573 2465 1857 2536 Suhjungit
1891 2466 2034 2520 enim
2063 2472 2118 2520 et

534 2561 703 2613 dicit:
743 2558 823 2612 Ad
859 2559 1144 2629 alligandos
1185 2574 1324 2628 reges
1360 2573 1530 2611 eorum
1571 2558 1624 2611 in
1661 2557 1985 2627 compedibus
2011 2598 2028 2621 ,
2070 2567 2119 2610 et

537 2651 727 2704 nobiles
749 2667 921 2704 eorum
941 2651 990 2704 in
1014 2650 1220 2704 manicis
1241 2650 1434 2717 ferreis.
1459 2649 1645 2703 Vidisti
1674 2650 1813 2705 vires
1837 2649 2119 2718 ingentes!

534 2743 650 2797 Non
692 2742 860 2796 solum
903 2742 1046 2796 enim
1092 2742 1412 2811 expulerunt
1452 2740 1634 2795 hostes
1669 2755 1734 2794 ac
1774 2740 2117 2810 rejeccrunt,

537 2833 630 2888 sed
671 2833 736 2887 iis
763 2835 922 2887 etiam
951 2833 1120 2902 captis
1148 2831 1347 2886 reversi
1379 2839 1530 2896 sunt,
1563 2831 1656 2886 Dei
1683 2831 1974 2900 potentiam
1999 2845 2119 2884 om-

538 2927 691 2980 nibus
719 2924 1081 2980 ostendentes.
1121 2925 1174 2980 9.
1222 2923 1288 2978 Ut
1314 2925 1582 2995 [aciautiu
1610 2924 1680 2978 eis
1719 2924 1976 2993 judicium
1999 2939 2121 2977 con-

536 3017 797 3086 scriptum.
831 3016 966 3083 Quid
992 3025 1102 3081 est,
1128 3013 1164 3068 Ι
1169 3015 1392 3068 udicium
1412 3015 1748 3084 conscriptum
1769 3015 1795 3067 ?
1823 3016 2080 3084 Apertum
2099 3053 2117 3080 ,

540 3106 904 3170 mauil'estum,
931 3105 1072 3175 quod
1113 3115 1196 3161 est
1225 3106 1277 3159 itt
1312 3103 1588 3172 confesso,
1618 3104 1760 3174 quod
1802 3119 1907 3159 non
1947 3114 2124 3175 potest

537 3201 654 3254 dari
691 3199 970 3254 oblivioni.
1012 3198 1144 3265 Qua:
1185 3199 1326 3253 enim
1358 3197 1450 3253 Dei
1480 3207 1637 3265 sunt,
1665 3205 1791 3252 sunt
1821 3197 2117 3267 ejusmodi,

541 3301 676 3348 utet
723 3310 909 3350 rerum
941 3302 1220 3364 gestarum
1256 3289 1618 3361 magnitudine
1657 3298 1714 3344 et
1747 3288 2120 3343 miraculorum

541 3387 854 3442 excellentia
883 3388 938 3440 in
966 3401 1126 3442 omne
1169 3395 1380 3454 tempus
1417 3383 1789 3438 extendantur.
1822 3383 1967 3439 Talis
1994 3399 2123 3454 ergo

541 3477 641 3531 erit
661 3516 677 3541 ,
707 3477 908 3545 inquit,
939 3477 1157 3531 victoria
1177 3517 1194 3541 ,
1221 3485 1276 3531 et
1319 3474 1421 3530 tale
1447 3484 1706 3545 tropaeum
1726 3515 1741 3540 ,
1771 3483 1829 3528 ut
1851 3475 1921 3529 sit
1948 3476 2123 3529 omni-

544 3571 642 3622 bus
662 3569 999 3623 manifestum
1017 3609 1033 3632 ,
1057 3583 1207 3638 aeque
1227 3577 1467 3638 apertum
1487 3609 1504 3634 ,
1528 3582 1591 3622 ac
1619 3567 1664 3622 si
1687 3575 1832 3622 esset
1855 3567 1907 3621 in
1929 3567 2127 3623 colum-

543 3676 609 3715 na
635 3660 888 3730 scriptum
909 3701 927 3727 ,
957 3669 1014 3715 et
1052 3675 1340 3728 numquam
1379 3659 1670 3714 delebitur.
1703 3657 1884 3714 Gloria
1921 3659 2028 3713 haec
2055 3669 2126 3714 est

544 3751 777 3806 omnibus
817 3751 1004 3806 sanctis
1031 3752 1158 3820 ejus.
1200 3751 1452 3817 Quaenam
1499 3765 1562 3805 ea
1606 3749 1733 3806 est?
1765 3749 1998 3817 Vicisse,
2043 3749 2127 3804 vel

544 3845 725 3913 potius
753 3858 858 3898 non
903 3843 1147 3898 absolute
1175 3843 1364 3897 vicisse
1386 3883 1403 3908 ,
1435 3842 1528 3898 sed
1557 3841 1630 3896 ita
1671 3841 1863 3897 vicisse
1910 3857 2004 3911 per
2031 3841 2127 3896 Dei

545 3950 702 3998 opem
726 3975 742 3998 ,
772 3948 865 4002 per
889 3948 1174 4004 supernum
1203 3933 1474 3987 auxilium.
1505 3932 1638 3988 Vide
1663 3941 1839 3988 autem
1861 3931 2130 4002 quomodo

547 4043 731 4082 rursus
759 4028 972 4083 assidue
997 4027 1235 4082 meminit
1260 4037 1562 4080 sanctorum
1585 4067 1602 4092 ,
1626 4041 1721 4081 eos
1760 4026 1826 4080 ad
1866 4026 2003 4080 bene
2046 4026 2130 4080 in-

547 4119 828 4176 stituendas
851 4121 972 4174 vita:
991 4129 1045 4174 et
1067 4119 1272 4173 virtutis
1291 4118 1518 4173 studium
1543 4117 1930 4172 excitansﬂihi
1953 4127 2131 4172 autem

552 4211 760 4266 videtur
803 4225 909 4264 non
954 4210 1229 4264 victoriam
1275 4218 1479 4264 tantum
1527 4207 1706 4264 dicere
1745 4209 2005 4279 gloriam,
2037 4209 2130 4264 sed

555 4305 757 4369 laudes,
786 4303 1036 4374 hymnos,
1063 4311 1117 4358 et
1136 4305 1339 4358 cantica
1359 4342 1376 4370 ,
1403 4301 1600 4356 docens
1628 4315 1722 4370 per
1747 4301 1924 4355 omnia
1944 4341 1960 4368 ,
1990 4301 2133 4371 quod

551 4395 642 4463 qui
670 4393 833 4449 Deum
864 4393 1112 4458 laudant,
1143 4407 1385 4464 magnam
1413 4392 1595 4463 gloriae
1631 4392 1992 4446 accessionem
2017 4408 2136 4447 sus-

552 4486 785 4553 cipieut,
815 4492 868 4538 et
893 4499 952 4538 se
973 4483 1228 4538 clariores
1253 4483 1515 4547 efﬁcient,
1537 4482 1706 4554 gratia
1735 4492 1788 4538 et
1809 4483 2134 4554 benignitate

557 4577 765 4634 Domini
796 4576 960 4630 nostri
983 4575 1110 4631 Jesu
1151 4575 1388 4642 Christi,
1434 4577 1520 4632 cui
1544 4576 1709 4646 gloria
1737 4585 1794 4631 et
1816 4577 2132 4648 imperium,

557 4671 610 4724 in
641 4667 834 4722 stecula
861 4667 1195 4722 saeculorum.
1224 4667 1413 4722 Amen.

1098 4760 1164 4815 IN
1200 4759 1522 4817 PSALMUM
1560 4762 1664 4817 CL.

560 4855 794 4910 Laudate
821 4853 982 4908 Deum
1028 4854 1082 4907 in
1124 4855 1309 4907 sanctis
1350 4855 1478 4924 ejus.
1510 4853 1659 4908 Alius
1681 4895 1697 4919 ,
1725 4854 1779 4907 in
1819 4863 1993 4908 sancto
2019 4869 2131 4906 suo.

939 4945 1109 5011 Alius,
1149 4944 1218 4998 1n
1243 4946 1554 5014 sanctiﬁcata
1584 4960 1675 4997 suo
1706 4945 1804 5013 (b).

641 5039 737 5093 Vel
767 5037 872 5092 hoc
897 5037 983 5091 hic
1010 5036 1140 5091 dicit
1162 5036 1230 5092 de
1263 5037 1492 5106 populo,
1520 5035 1604 5090 vel
1630 5035 1698 5090 de
1725 5036 1830 5088 vita
1869 5044 2053 5090 sancta
2085 5046 2139 5089 et

563 5133 631 5188 de
657 5131 856 5187 sanctis
881 5129 1027 5183 viris.
1059 5129 1191 5183 Vide
1227 5137 1402 5182 autem
1427 5125 1694 5196 quomodo
1721 5125 1911 5180 librtun
1955 5141 2139 5179 rursus

561 5227 884 5284 concluserit
917 5223 1202 5292 gratiarum
1230 5221 1468 5286 actione,
1515 5219 1711 5275 docens
1751 5233 1848 5272 nos
1892 5227 2140 5286 oportere

563 5322 667 5375 hoc
686 5333 805 5372 esse
836 5314 1144 5384 principium
1171 5321 1225 5366 et
1255 5313 1412 5365 ﬁnem
1439 5325 1625 5366 eorum
1647 5351 1662 5375 ,
1685 5326 1802 5378 qua:
1832 5319 1886 5363 et
1919 5310 2141 5364 facimus

561 5420 620 5466 et
642 5410 899 5466 dicimus.
922 5405 989 5458 Et
1013 5404 1134 5459 ideo
1161 5404 1289 5458 dicit
1316 5403 1510 5458 Paulus
1553 5419 1566 5457 :
1599 5401 1760 5456 Omne
1795 5401 2142 5472 quodcumque

628 5549 639 5571 ι
682 5549 825 5597 l‘nns,
843 5534 928 5584 sed
951 5531 1164 5584 etiamin
1200 5535 1543 5597 miraculorum
1566 5535 1893 5597 productimte.

635 5597 706 5654 (a)
733 5596 816 5644 Gr.
839 5598 1132 5657 ὓμνολογίας.
1167 5596 1286 5656 Quis
1320 5599 1384 5648 ita
1411 5603 1620 5649 verterit
1642 5601 1831 5661 ignoro.
1858 5601 2006 5648 llerte
2043 5613 2137 5650 non

573 5667 771 5730 Videtur
791 5665 912 5714 satis
938 5664 1109 5715 idonea
1145 5671 1290 5730 vocis,
1312 5671 1556 5720 111737211.
1593 5671 1954 5730 interpretatio.

638 5725 876 5796 (!v_l__lfrior
898 5727 1261 5796 _i_uterp_retatio
1279 5725 1364 5781 est
1391 5731 1684 5793 Symmachi,
1714 5725 1956 5794 posterior
1979 5731 2132 5793 Aqui-

575 5802 653 5837 ιρε.
681 5788 801 5836 Vide
825 5791 870 5835 in
896 5788 1152 5850 llexaplis.

1251 341 1308 396 s.
1349 334 1624 396 JOANNIS
1658 323 2129 389 cunvsos'ront
2174 325 2488 386 ARCHIEP.
2519 313 3054 388 eossraivrmor.
3684 339 3775 396 ως

2203 444 2372 513 facitis
2393 445 2445 497 in
2471 462 2696 499 sermone
2719 457 2767 502 et
2806 463 2956 516 opere
2973 488 2988 512 ,
3015 463 3211 516 semper
3241 448 3441 518 gratias
3467 449 3600 520 agite
3618 450 3714 507 Deo
3734 467 3775 509 rt

2206 534 2354 590 Patri
2378 552 2466 606 per
2493 538 2662 606 ipsum
2716 536 2865 611 (Col.
2889 540 2940 594 5.
2985 537 3113 610 17).
3145 539 3218 594 ita
3258 541 3426 594 etiam
3477 546 3776 609 precationis

2203 641 2399 688 nostra:
2443 635 2759 702 prommium
2789 632 2914 689 hinc
2940 635 3084 703 capit
3119 634 3349 688 initium.
3382 633 3569 691 Dicere
3611 639 3781 704 enim,

2205 722 2364 777 Pater
2407 733 2608 791 noster,
2653 733 2738 780 est
2776 740 2963 780 eorum
3007 725 3096 795 qui
3123 735 3292 795 aguut
3337 727 3541 794 gratias
3581 739 3778 797 prapter

2203 815 2343 870 dona
2385 831 2506 886 quae
2544 824 2902 886 acceperunt,
2931 825 2986 872 et
3023 832 3084 872 ea
3124 817 3303 872 omnia
3336 832 3434 886 per
3464 817 3566 872 hoc
3602 836 3776 874 nomen

2204 909 2511 963 ostendunt.
2552 908 2650 975 Qui
2683 909 2824 964 enim
2868 909 3002 962 dixit
3031 919 3268 979 patrem,
3310 907 3591 963 confessus
3619 921 3693 964 est
3721 912 3776 963 ti-

2207 1001 2398 1056 liorum
2428 1001 2765 1071 adoptionem
2793 1020 2808 1056 :
2835 1001 2926 1072 qui
2947 1010 3127 1056 autem
3154 1000 3437 1055 confessus
3458 1010 3540 1055 est
3559 1002 3780 1072 adoptio-

2211 1110 2368 1159 nem,
2426 1096 2718 1164 justitiam,
2773 1094 3286 1158 sanctilicationem,
3340 1091 3775 1161 redemptionem.

2210 1193 2550 1254 peccatorum
2613 1186 3017 1250 remissionem,
3087 1182 3573 1254 suppeditatiouem
3624 1183 3779 1238 sancti

2209 1277 2437 1346 Spiritus
2467 1276 2790 1348 praedicavit.
2822 1275 3047 1345 Oportet
3073 1275 3215 1331 enim
3257 1274 3379 1330 bzec
3431 1276 3606 1328 omnia
3651 1275 3781 1344 prius

2209 1368 2509 1435 exstitisse,
2541 1376 2600 1422 ut
2638 1382 2736 1423 nos
2768 1367 2997 1422 ﬁliorum
3025 1366 3314 1436 adoptione
3341 1365 3422 1420 sic
3465 1364 3708 1432 fruamur,
3734 1375 3778 1420 et

2210 1459 2300 1529 qui
2331 1466 2536 1528 patrem
2559 1473 2811 1513 vocemus
2830 1457 2976 1528 digni
3019 1456 3341 1512 habeamur.
3372 1455 3500 1509 Mihi
3528 1464 3692 1510 autem
3715 1456 3779 1508 vi-

2212 1550 2367 1605 detur
2393 1548 2537 1604 aliud
2571 1564 2784 1620 quoque
2811 1550 3032 1605 innuere
3074 1549 3259 1604 dicens
3293 1565 3308 1602 :
3339 1546 3407 1601 In
3441 1548 3620 1601 sanctis
3656 1548 3776 1602 enim

2213 1642 2353 1708 suis,
2389 1641 2442 1696 id
2484 1649 2599 1707 est,
2630 1657 2726 1711 per
2753 1649 2966 1695 sanctos
3011 1655 3163 1696 suos.
3214 1639 3435 1696 Gratias
3475 1654 3599 1709 ergo
3632 1640 3776 1708 agite,

2215 1733 2356 1803 quod
2396 1732 2558 1788 talem
2604 1731 2814 1787 vivendi
2851 1730 3077 1786 formam
3107 1730 3160 1784 in
3199 1729 3373 1784 vitam
3409 1729 3776 1794 introduxerit,

2216 1827 2300 1880 vel
2343 1826 2503 1882 etiam
2550 1824 2794 1880 homines
2830 1824 3048 1894 angelos
3096 1823 3361 1879 eil'ecerit.
3411 1823 3481 1877 Et
3523 1821 3636 1876 ideo
3675 1837 3775 1875 cum

2217 1918 2364 1986 prius
2387 1917 2642 1984 dixisset,
2672 1915 2739 1970 In
2763 1916 2981 1982 sanctis,
3011 1914 3290 1985 subjunin
3313 1931 3328 1967 :
3361 1911 3591 1968 Laudate
3616 1929 3714 1966 eum
3735 1911 3778 1964 iu

2225 2011 2543 2076 ﬁrmamento
2571 2009 2770 2064 virtutis
2797 2011 2908 2078 ejus
2938 2024 2957 2060 :
2996 2006 3046 2062 id
3073 2005 3213 2076 quod
3258 2006 3373 2076 jam
3402 2005 3511 2059 dixi
3549 2004 3776 2058 indicans.

2220 2100 2334 2156 Hoc
2371 2110 2455 2156 est
2499 2101 2640 2156 enim
2691 2100 2800 2156 Deo
2841 2099 3011 2170 magis
3055 2114 3200 2154 cura:
3231 2114 3397 2169 quam
3439 2097 3585 2152 illud.
3606 2095 3776 2150 Caelum

2220 2194 2364 2250 enim
2395 2204 2617 2264 propter
2660 2192 2965 2258 hominem,
3008 2207 3113 2246 non
3143 2199 3374 2261 propter
3422 2189 3604 2246 caelum
3640 2187 3776 2241 homo

2221 2286 2389 2342 iactus
2413 2295 2516 2342 est.
2557 2285 2704 2340 Alius
2742 2293 2917 2339 autem
2964 2298 3060 2354 pro
3088 2297 3155 2339 eo
3200 2283 3352 2354 quod
3382 2290 3499 2349 est,
3529 2279 3590 2335 In
3627 2281 3776 2349 ﬁrma-

2221 2387 2417 2444 mento,
2442 2376 2610 2442 dixit,
2641 2375 2930 2430 lndelebili.
2960 2376 3108 2431 Alius
3127 2416 3144 2441 ,
3182 2375 3254 2431 In
3283 2378 3598 2445 ﬁrmamento
3641 2373 3772 2439 impe-

2223 2469 2289 2522 rii
2314 2469 2422 2539 ejus
2451 2466 2550 2539 (a).
2586 2467 2751 2520 Porro
2776 2466 2918 2521 aliud
2959 2482 3172 2538 quoque
3213 2467 3349 2521 mihi
3377 2466 3584 2521 videtur
3609 2462 3774 2532 signiﬁ-

2222 2574 2364 2626 care,
2390 2560 2526 2614 sicut
2543 2559 2596 2614 in
2621 2559 2779 2628 priori
2803 2558 3034 2614 Psalmo.
3053 2559 3516 2626 Quemadmodum
3542 2557 3667 2612 enim
3688 2554 3772 2606 illic

2223 2649 2373 2714 dicit,
2401 2648 2632 2704 Laudate
2671 2666 2783 2703 eum
2825 2650 2994 2720 angeli
3028 2649 3138 2720 ejus
3171 2665 3189 2703 :
3237 2650 3313 2703 ita
3341 2649 3498 2702 etiam
3542 2645 3621 2699 hic
3640 2644 3769 2705 dicit,

2223 2739 2453 2796 Laudate
2482 2757 2596 2794 eum
2628 2740 2680 2794 in
2719 2742 3031 2810 ﬁrmamento
3054 2740 3165 2808 ejus
3205 2738 3382 2808 (Psal.
3411 2737 3528 2792 148.
3555 2735 3605 2806 2)
3635 2751 3646 2788 :
3689 2731 3770 2785 hoc

2224 2845 2334 2898 est,
2366 2833 2466 2900 Qui
2496 2835 2624 2888 estis
2654 2833 2705 2885 in
2734 2833 3072 2886 ﬁrmamento
3114 2831 3255 2901 ejus.
3290 2830 3408 2887 Non
3453 2836 3617 2884 cessat
3653 2824 3768 2879 enim

2225 2932 2439 2986 assidue
2464 2944 2721 2999 supernas
2745 2939 2955 2999 Quoque
2984 2936 3280 2998 potestates
3331 2938 3594 2980 assumere
3628 2919 3766 2974 socias

2229 3021 2563 3075 laudationis.
2585 3019 2641 3076 2.
2659 3017 2886 3074 Laudate
2907 3035 3019 3072 eum
3039 3019 3092 3072 in
3109 3018 3378 3072 virtutibus
3399 3018 3503 3088 ejus
3525 3013 3608 3084 (b).
3627 3011 3766 3071 Alius.

2226 3111 2330 3167 Per
2365 3113 2610 3181 potentias
2649 3111 2778 3181 ejus.
2812 3109 3066 3164 Hebraeus
3103 3119 3286 3163 autem
3331 3108 3490 3170 dicit,
3527 3103 3768 3173 Begeburo-

2229 3205 2372 3258 tltau.
2416 3203 2529 3258 Hoc
2555 3210 2638 3256 est
2677 3212 2854 3256 autem
2896 3199 3037 3271 quod
3073 3199 3202 3254 dicit
3236 3196 3506 3254 :Laudate
3532 3208 3640 3248 eum
3668 3205 3768 3259 pro-

2229 3308 2348 3366 pter
2375 3297 2516 3350 vires
2541 3295 2689 3364 ejus,
2720 3303 2935 3364 propter
2966 3293 3259 3362 potentiam
3289 3291 3404 3361 ejus
3423 3331 3438 3354 ,
3466 3293 3662 3358 prepter
3690 3279 3767 3333 tui-

2229 3387 2406 3443 racula
2449 3387 2604 3457 ejus,
2652 3398 2870 3457 propter
2915 3385 3204 3449 virtutem,
3255 3398 3414 3455 quam
3463 3374 3668 3434 ostendit
3693 3385 3765 3442 per

2229 3480 2430 3544 omnia,
2459 3495 2578 3547 quae
2603 3489 2729 3532 sunt
2751 3478 2910 3544 infra,
2932 3493 3051 3546 qua:
3078 3487 3202 3532 sunt
3225 3491 3414 3546 supra,
3436 3487 3545 3542 quae
3570 3478 3765 3524 commu-

2232 3573 2370 3629 niter
2394 3573 2564 3638 ﬁunt,
2589 3581 2645 3626 et
2671 3586 2790 3640 qua:
2817 3571 3062 3640 privatim
3085 3611 3102 3631 ,
3131 3585 3256 3640 quae
3287 3567 3540 3640 sigillatim
3557 3604 3570 3629 ,
3595 3571 3642 3616 et
3672 3570 3764 3627 quae

2240 3675 2518 3736 perpetuo.
2561 3663 2793 3719 Laudate
2821 3681 2937 3717 eum
2980 3663 3261 3718 secundum
3291 3658 3640 3717 multitudinem
3675 3665 3764 3702 ma-

2233 3757 2512 3829 gnitudinis
2554 3757 2684 3821 ejus.
2729 3756 2794 3810 Et
2834 3755 3102 3826 quomodo
3145 3755 3264 3810 ﬁeri
3311 3759 3480 3825 potest
3516 3758 3568 3804 ut
3593 3741 3760 3800 laudem

2233 3853 2478 3918 emittat,
2511 3867 2629 3923 quae
2655 3852 2775 3922 ejus
2816 3849 3191 3920 magnitudinis
3239 3843 3552 3904 multitudini
3580 3849 3763 3905 respou-

2232 3944 2395 4001 deat?
2420 3943 2537 4000 Non
2571 3944 2701 4000 dicit
2731 3943 2940 3998 laudem
2970 3957 3089 4012 qua:
3116 3940 3469 4010 respondeat,
3498 3931 3601 3993 sed,
3621 3928 3761 3993 Quan-

2236 4043 2376 4102 tam,
2407 4035 2608 4106 inquit,
2644 4045 2795 4105 potes
2841 4034 3018 4087 auitno
3039 4030 3490 4108 comprehendere
3514 4013 3760 4080 multitudi-

2237 4143 2359 4182 nem
2387 4127 2503 4196 ejus
2525 4125 2902 4196 magnitudiuis
2921 4164 2936 4189 ,
2961 4133 3161 4179 tantam
3190 4133 3246 4178 et
3279 4125 3430 4178 talem
3452 4116 3572 4172 oller
3597 4120 3759 4178 :qttan-

2238 4227 2348 4273 tum
2380 4219 2476 4275 tibi
2520 4219 2828 4273 conceditur
2850 4257 2868 4282 ,
2907 4216 3120 4288 qualem
3150 4230 3244 4285 par
3271 4222 3354 4270 est
3391 4210 3572 4266 offerre
3609 4205 3760 4265 miti?n0

2242 4313 2353 4366 Deo
2400 4320 2455 4366 et
2501 4325 2660 4380 supra
2705 4308 2921 4364 modum
2965 4322 3158 4377 magno
3197 4322 3321 4362 eum
3365 4303 3449 4372 qui
3496 4299 3636 4386 horno
3655 4294 3755 4386 est:

2240 4416 2400 4458 nemo
2427 4401 2568 4456 enim
2601 4409 2773 4470 potest
2797 4399 3009 4470 dignam
3039 4396 3258 4453 offerre.
3289 4391 3465 4451 Vidisti
3489 4381 3755 4476 desiderium

2239 4493 2446 4548 animi?
2475 4491 2651 4547 vidisti
2683 4489 3064 4545 inﬂammatam
3097 4498 3353 4552 mentem,
3381 4497 3491 4554 quae
3519 4481 3662 4544 urget,
3692 4481 3754 4518 tu-

2240 4585 2372 4640 vitat
2399 4625 2414 4651 ,
2444 4594 2499 4639 et
2524 4582 2814 4645 contendit,
2838 4592 2896 4636 ut
2922 4591 2976 4636 ct
2994 4581 3265 4652 propriam
3287 4572 3663 4634 imbecillitatem
3677 4570 3749 4652 fll-

2240 4649 2415 4746 peret,
2445 4683 2499 4730 et
2520 4674 2585 4728 ad
2612 4675 2781 4745 ipsum
2811 4649 3064 4742 deinceps
3089 4649 3279 4726 cadum
3323 4666 3508 4724 evolet,
3535 4669 3636 4728 qua!
3655 4649 3754 4746 Pe”

2243 4740 2326 4822 est
2350 4740 2596 4837 colligata
2618 4740 2647 4832 ,‘
2664 4775 2719 4821 et
2744 4766 2793 4822 ei
2823 4740 3018 4834 magno
3039 4763 3305 4819 desiderio
3341 4750 3555 4815 addicta?
3576 4747 3621 4802 4.

2243 4859 2359 4914 date
2383 4875 2498 4912 eum
2521 4860 2574 4911 in
2599 4874 2720 4911 sono
2751 4858 2901 4911 tuber.
2926 4856 3103 4922 Alius,
3143 4854 3240 4909 Per
3265 4866 3435 4908 sonum
3473 4851 3644 4898 cornew
3680 4827 3751 4896 (ε)-

2245 4951 2475 5006 Laudate
2513 4966 2625 5004 eum
2674 4949 2726 5002 in
2758 4949 2996 5016 psalterio
3043 4957 3090 5000 et
3137 4948 3352 5000 cithara.
3381 4939 3545 4996 Alius,
3573 4927 3660 4982 Per
3692 4932 3760 4970 na-

2244 5043 2384 5099 blum
2416 5053 2460 5096 et
2480 5044 2666 5114 lyram.
2691 5045 2743 5097 5.
2777 5040 3008 5094 Laudate
3037 5056 3152 5094 eum
3189 5041 3242 5093 in
3269 5045 3494 5110 tympano
3529 5033 3571 5114 et
3603 5017 3751 5114 altore.”

2245 5135 2452 5195 laudate
2476 5104 2588 5188 eum
2615 5135 2667 5187 in
2681 5133 2882 5187 chordis
2903 5141 2949 5184 et
2973 5147 3186 5200 organo.
3217 5104 3378 5188 Alius,
3409 5120 3500 5174 Per
3523 5105 3700 5205 cliorng

2246 5227 2512 5281 citharam.
2546 5227 2599 5280 6.
2632 5224 2862 5278 Laudate
2886 5241 2999 5277 eum
3025 5225 3076 5276 in
3098 5220 3337 5293 cymbalis
3358 5218 3470 5270 bene
3489 5194 3744 5262 sonantibus;

2311 5339 2384 5402 (a)
2420 5341 2550 5389 Prior
2572 5337 2912 5402 interpretatio
2936 5341 3015 5402 est
3035 5334 3292 5402 Symmachi
3585 5300 3741 5370 Aquila.

2311 5341 2363 5402 (a
2420 5341 2550 5389 Prior
2572 5341 2912 5398 interpretatio
2936 5341 3015 5385 est
3035 5341 3326 5400 Symmachi,
3343 5341 3550 5395 posterior
3585 5341 3737 5370 ιιιιυ-νπ

2311 5341 2384 5463 (bi
2415 5401 2648 5450 Hebraice
2677 5404 2916 5455 nrt-tm:
2935 5441 2950 5462 ,
2987 5397 3037 5447 in
3061 5393 3406 5459 [ortitudimbus
3427 5394 3534 5436 eius.

2313 5472 2381 5497 In‘
2416 5479 2525 5497 ll’mn
2547 5470 2884 5497 :nlxxln'xlnnanL‘x
2910 5475 2980 5497 ac.
3007 5466 3266 5497 οιοιηηνιηριιί
3321 5463 3396 5497 μία
3425 5458 3571 5497 textus
3588 5433 3737 5493 denm?

3503 5511 3545 5558 in
3566 5497 3738 5566 unici".

3489 5545 3737 5631 ιῖὶῖτέἐελιίξξέδ

3641 5621 3732 5662 (εμπ.

2313 5472 2382 5534 (c)
2416 5479 2525 5520 Haec
2537 5470 2886 5534 interpretatio
2910 5475 2985 5534 est
2997 5466 3295 5534 symmachi._
3321 5463 3498 5534 uicti!

2249 5518 2404 5583 bai'i’n
2419 5518 2568 5582 sint.
2597 5540 2648 5580 et
2671 5518 2853 5590 itaret,
2878 5531 2960 5579 ubi
2995 5518 3112 5578 illud
3133 5562 3148 5582 .
3168 5526 3368 5577 Laudate
3385 5527 3485 5590 aut

2247 5603 2292 5645 et
2312 5595 2529 5668 cithara,
2560 5585 2936 5671 desiderabatur:
3089 5585 3639 5671 :ll-tfequ-tgt-tfni'l‘lqlf‘l'jzztgr‘

2252 5643 2460 5728 prio—rem
2495 5643 2681 5718 partem
2713 5654 2941 5728 versiculi
2972 5643 3732 5728 pertinore:perpfﬁfl’g‘gl'lﬁ;

2254 5697 2373 5770 una
2383 5697 2568 5789 aqua“;
2580 5697 2681 5796 git;
2691 5697 2941 5787 "prima
2951 5697 3558 5796 lampas.“nimii:
3575 5697 3730 5796 ἕως

2251 5756 3142 5840 {alucinantis"ausuramgn;
3159 5756 3318 5838 nam.
3334 5756 3504 5817 ιιιιοιειίε.
3520 5756 3557 5802 σι
