4068 6270
415 315 517 372 195

406 431 803 503 ἐργασάμενος.
842 426 947 484 Καὶ
994 429 1463 499 ἀγαλλιάσονται
1494 426 1592 479 ἐπὶ
1623 424 1743 479 τῶν
1770 421 1986 491 κοιτῶν

402 519 623 576 αὐτῶν.
653 519 859 589 Πολλὴν
894 519 1131 574 δείκνυσι
1154 514 1252 586 τὴν
1280 518 1486 583 ἄδειαν,
1515 517 1573 581 ἐξ
1601 511 1677 571 ὧν
1699 514 1868 578 οὕτως
1890 517 1989 569 ἑπε-

401 610 603 678 ήγαγε,
640 606 841 676 πολλὴν
884 604 982 677 τὴν
1014 605 1220 666 ἄνεσιν,
1255 604 1456 676 πολλὴν
1493 604 1594 676 τὴν
1626 604 1984 675 εὐφροσύνην,

403 693 607 765 πολλὴν
633 693 732 766 τὴν
763 693 979 764 ἡδονήν.
1019 692 1281 748 Ταῦταδὲ
1301 692 1470 761 λέγει,
1498 691 1641 745 ὥστε
1661 692 1858 746 εἰδέναι
1890 691 1988 745 αὐ.

404 786 553 846 τοὺς,
605 783 689 836 ὅτι
736 784 838 838 οὐκ
875 783 1096 846 οἰκείοις
1124 781 1328 848 ὅπλοις,
1366 782 1488 836 οὐδὲ
1527 780 1702 853 οἰκείᾳ
1734 779 1985 851 δυνάμει,

406 871 544 927 ἀλλά
567 874 632 943 τῇ
665 869 757 925 τοῦ
788 870 922 925 Θεοῦ
946 872 1083 942 ῥοπῇ
1113 869 1175 924 τὸ
1205 871 1314 925 πᾶν
1346 869 1557 939 γέγονε,
1595 870 1690 924 καὶ
1731 869 1813 947 δτι
1856 868 1986 923 ταύο

406 978 508 1027 την
531 961 864 1015 ἐπισπᾶσθαι
890 960 973 1014 δεῖ
991 960 1078 1014 διὰ
1109 959 1610 1032 ταπεινοφροσύνης
1634 959 1730 1013 καὶ
1753 957 1987 1028 πραότη-

402 1067 516 1114 τος.
542 1053 613 1104 Αἰ
648 1050 916 1120 ὑψώσεις
950 1048 1058 1103 τοῦ
1092 1048 1241 1103 Θεοῦ
1275 1047 1347 1102 ἐν
1372 1046 1452 1113 τῷ
1475 1046 1728 1116 λάρυγγ’-ι
1763 1043 1982 1109 αὐτῶν.

402 1138 505 1192 καί
541 1141 599 1193 αἰ
623 1135 914 1207 ρομφαῖαι
945 1135 1215 1205 δίστομοι
1245 1135 1317 1190 ἐν
1355 1134 1487 1202 ταῖς
1523 1133 1737 1205 χερσίν
1764 1131 1982 1187 αὐτῶν

401 1226 509 1282 τοῦ
544 1224 793 1296 ποιῆσαι
821 1225 1136 1293 ἐκδίκησιν
1161 1225 1233 1279 ἐν
1253 1222 1377 1287 τοῖς
1402 1223 1664 1287 ἔθνεσιν,
1694 1221 1985 1292 ἑλεγμοὺς

402 1316 473 1370 ὲν
507 1313 633 1380 τοῖς
667 1312 857 1380 λαοῖς.
905 1310 1171 1367 Ἐνταῦθα
1212 1311 1304 1365 τὸν
1338 1310 1473 1382 μετά
1503 1309 1722 1382 χορείας
1752 1310 1984 1382 πόλεμον

402 1402 574 1475 δηλοῖ,
608 1402 704 1457 καὶ
731 1402 812 1456 ὅτι
840 1399 1057 1472 ᾄδοντες
1083 1401 1178 1453 καὶ
1211 1397 1507 1470 ὑμνοῦντες
1532 1398 1675 1452 οὓτω
1705 1398 1986 1468 περιέσον-

403 1510 514 1548 ται.
548 1490 813 1561 Ὑψὼσεις
848 1488 958 1562 γὰρ
997 1487 1096 1551 τὰς
1132 1487 1475 1559 ύμνολογίας,
1510 1488 1610 1552 τὰς
1640 1485 1980 1557 ψαλμῳδίας,

401 1581 503 1644 τάς
531 1576 886 1650 εὐχαριστίας
913 1576 1082 1644 λέγει.
1109 1574 1199 1629 Διὸ
1223 1574 1316 1630 καὶ
1342 1575 1528 1645 ἔτερος
1562 1573 1662 1638 τὰς
1676 1573 1978 1643 Ὑψώσεις,

414 1665 799 1736 Ὑμνολοτίας
824 1658 969 1719 εἶπε.
1013 1663 1124 1718 Τοῦ
1149 1662 1399 1729 ποιῆσαι
1425 1661 1741 1729 ἐκδίκησιν
1763 1661 1834 1715 ἐν
1858 1658 1984 1726 τοῖς

404 1756 669 1818 ἔθνεσιν,
707 1752 997 1824 ἐλετμοὺς
1028 1753 1099 1807 ἐν
1143 1751 1269 1818 τοῖς
1296 1751 1487 1817 λαοῖς.
1529 1751 1593 1803 Τί
1629 1751 1746 1804 ἐστι
1791 1749 1979 1816 τοῦτο;

418 1844 638 1916 Ἐπειδὴ
683 1843 775 1899 τδν
825 1843 1003 1898 πάντα
1038 1842 1229 1913 χρόνον
1275 1842 1647 1913 κρατήσαντες
1684 1839 1979 1905 ὠνείδιζον,

406 1932 624 2002 ἐλέγξαι
641 1931 837 1994 αὐτοὺς
864 1929 954 1984 διά
975 1928 1085 1983 τῶν
1109 1928 1286 2000 ἔργων
1316 1926 1731 1996 ἐπαγγέλλεται,
1763 1926 1857 1981 καὶ
1878 1927 1986 1981 δεῖ·

407 2020 496 2087 ξαι
521 2020 610 2075 διὰ
633 2019 741 2073 τῶν
765 2017 940 2090 έργων
979 2016 1179 2080 αὐτῶν,
1214 2017 1294 2070 ὅτι
1324 2016 1423 2086 οὐχ
1452 2016 1487 2086 ἡ
1516 2014 1611 2068 τοῦ
1645 2014 1781 2068 Θεοῦ
1817 2013 1980 2069 ἀσθέ-

402 2125 545 2172 νεια,
586 2107 700 2161 ἀλλ’
733 2107 790 2161 αί
824 2104 1004 2159 αὐτῶν
1034 2103 1296 2173 ἁμαρτίαι
1326 2100 1532 2155 ἔδωκαν
1568 2101 1751 2165 αὐτοῖς
1778 2101 1985 2172 κρατῆ-

405 2213 516 2252 σαι.
549 2195 680 2250 Ὅτε
727 2193 860 2262 γοῦν
892 2193 1050 2263 δίκην
1075 2190 1263 2245 ἔδοσαν
1294 2188 1506 2259 ἱκανὴν,
1538 2188 1722 2242 ἔνευσε
1754 2188 1916 2260 μόνον
1952 2189 1984 2241 ό

404 2282 784 2355 φιλάνθρωπος
814 2280 969 2344 Θεὸς,
998 2279 1093 2332 καὶ
1126 2278 1195 2331 τὰ
1221 2277 1523 2347 πράγματα
1551 2278 1630 2341 εἰς
1662 2275 1984 2346 θαυμαστὴν

400 2371 533 2446 ἦλθε
581 2370 899 2445 μεταϐολήν.
935 2369 1045 2424 Καὶ
1073 2370 1173 2441 δρα
1200 2369 1299 2440 τῆς
1327 2368 1483 2438 νίκης
1514 2367 1612 2438 τὴν
1653 2366 1981 2438 ὑπερϐολήν.

416 2463 643 2532 Ἐπάγει
675 2461 784 2532 γὰρ
822 2459 917 2514 καὶ
940 2457 1108 2526 λέγει’
1158 2455 1268 2510 Τοῦ
1301 2454 1487 2524 δῆσαι
1525 2453 1669 2520 τοὺς
1699 2452 1985 2519 βασιλεῖς

403 2551 604 2608 αὐτῶν
635 2550 706 2604 ἐν
752 2548 981 2612 πέδαις,
1028 2544 1126 2599 καί
1173 2544 1317 2610 τοὺς
1359 2542 1649 2610 ἐνδόξους
1684 2541 1884 2597 αὐτῶν
1915 2543 1985 2595 ἐν

404 2634 780 2708 χειροπέδαις
812 2632 1105 2702 σιδηραῖς.
1138 2628 1290 2695 Εἶδες
1319 2631 1640 2703 περιουσίαν
1667 2630 1880 2702 ίσχύος;
1908 2630 1982 2685 Οὐ

403 2727 511 2800 γὰρ
541 2726 826 2796 ἀπήλασαν
849 2725 976 2787 τοὺς
998 2721 1288 2791 πολεμίους
1319 2719 1499 2791 μόνον,
1524 2718 1644 2773 οὐδὲ
1671 2718 1980 2785 ἀπώσαντο,

401 2816 542 2870 ἀλλὰ
580 2815 676 2868 καὶ
703 2811 985 2883 δεσμώτας
1010 2809 1268 2872 λαϐόντες
1296 2807 1621 2878 ἐπανῆλθον,
1654 2809 1821 2862 πᾶσιν
1858 2808 1983 2863 ἑπι-

400 2901 741 2972 δεικνύμενοι
768 2897 863 2951 τοῦ
896 2894 1030 2951 Θεοῦ
1055 2895 1152 2967 τὴν
1188 2894 1359 2964 ἰσχύν.
1393 2895 1504 2949 Τοῦ
1525 2891 1772 2962 ποιῆσαι
1795 2894 1986 2949 ἐναῦ-

404 2990 532 3055 τοῖς
561 2990 739 3059 κρῖμα
770 2988 1125 3057 ἐγγραπτον.
1151 2985 1217 3037 Τί
1239 2985 1376 3049 ἐστι,
1402 2983 1592 3054 Κρῖμα
1616 2984 1984 3054 ἐγγραπτονς

405 3079 659 3151 Φανερδν.
692 3075 941 3148 ὡμολογη
951 3076 1129 3146 μένον,
1163 3075 1222 3127 οὐ
1249 3073 1540 3144 δυνάμενον
1568 3071 1708 3144 λήθῃ
1749 3073 1987 3142 παραδο-

408 3169 587 3238 θῆναι.
614 3164 693 3219 Τά
719 3165 828 3234 γὰρ
860 3161 954 3215 τοῦ
985 3160 1121 3215 Θεοῦ
1154 3160 1395 3215 τοιαῦτα·
1421 3159 1516 3214 καὶ
1539 3159 1616 3230 τῷ
1639 3159 1856 3230 μεγέθει
1876 3158 1985 3212 τῶν

405 3254 869 3327 κατορθωμάτων,
901 3249 996 3304 καὶ
1015 3251 1082 3321 τῇ
1107 3249 1206 3319 τῆς
1236 3246 1679 3318 θαυματουργίας
1711 3246 1983 3317 ὑπερϐολῇ

404 3347 487 3409 είς
511 3344 690 3398 πάντα
713 3341 1033 3409 διατείνεται
1074 3337 1165 3391 τὸν
1206 3337 1413 3408 χρόνον.
1447 3333 1680 3406 Τοιαύτη
1708 3329 1802 3387 οῦν
1833 3333 1983 3387 ἔσται

404 3435 440 3504 ἡ
471 3433 618 3499 νίκη,
642 3431 794 3501 φησὶ,
819 3428 912 3482 καὶ
935 3424 1172 3480 τοιοῦτον
1192 3423 1253 3477 τὸ
1276 3422 1552 3492 τρόπαιον,
1583 3421 1659 3482 ὡς
1687 3419 1888 3473 ἅπασιν
1908 3414 1986 3473 εἷ-

404 3540 493 3576 ναι
525 3521 701 3594 δῆλον,
729 3518 870 3573 οὕτω
896 3517 1083 3586 σαφὲς,
1111 3513 1360 3582 καθάπερ
1388 3511 1446 3563 ὲν
1474 3509 1646 3583 στήλῃ
1668 3510 1985 3580 γεγραμμέ-

403 3628 518 3673 νον,
559 3609 655 3662 καὶ
696 3605 963 3678 μηδέποτε
1002 3600 1434 3671 ἐξαλειφόμενον.
1478 3597 1633 3663 Δόξα
1669 3596 1820 3666 αὕτη
1851 3597 1984 3652 ἐστί

405 3697 558 3754 πᾶσι
600 3695 725 3761 τοῖς
770 3692 962 3757 ὁσίοις
1001 3688 1209 3744 αὑτοῦ.
1246 3687 1382 3741 Ποία
1421 3684 1598 3755 αῦτης
1636 3685 1710 3738 Τὸ
1740 3685 1982 3755 νικῆσαι,

409 3785 610 3858 μᾶλλον
642 3784 700 3837 δὲ
737 3783 796 3836 οὐ
826 3779 887 3834 τὸ
917 3779 1133 3849 νικῆσαι
1174 3774 1379 3838 ἁπλῶς,
1412 3772 1546 3827 ἀλλά
1571 3773 1633 3825 τὸ
1660 3770 1802 3825 οὕτω
1828 3773 1984 3842 νικῆ-

406 3891 519 3938 σαι,
557 3872 647 3926 διά
691 3872 789 3941 τῆς
831 3867 927 3922 τοῦ
970 3864 1106 3920 Θεοῦ
1151 3860 1485 3934 συμμαχίας,
1519 3859 1607 3913 διὰ
1642 3859 1741 3930 τῆς
1779 3858 1986 3913 ἀνωθεν

407 3963 602 4037 ῥοπῆς.
643 3960 787 4034 Ὅρα
830 3960 888 4013 δὲ
923 3957 1041 4022 πῶς
1068 3953 1177 4008 τῶν
1210 3964 1238 3995 ι
1264 3951 1428 4005 ὁσίων
1473 3950 1762 4037 μέμνηται,
1789 3948 1988 4037 διεγεί·

408 4036 520 4123 ρων
558 4049 754 4111 αὐτοὺς
785 4049 865 4110 είς
902 4046 1001 4115 τὴν
1031 4040 1124 4097 τοῦ
1161 4040 1274 4112 βίου
1303 4039 1395 4093 καὶ
1422 4037 1524 4108 τῆς
1550 4036 1753 4107 ἀρετῆς
1792 4036 1988 4107 ἐπιμέ-

403 4122 581 4194 λειαν.
622 4136 778 4207 Ἐμολ⁸
803 4135 861 4189 δὲ
881 4133 1049 4195 δοκεῖ,
1079 4130 1201 4201 οὐχὶ
1224 4127 1326 4199 τὴν
1357 4124 1511 4196 νίκην
1545 4123 1704 4196 μόνον
1729 4123 1876 4192 λέγει
1899 4122 1988 4177 δό-

408 4493 638 4554 έαυτοὺς
673 4486 1030 4558 ἀποφανοῦσι,
1072 4486 1255 4556 χάριτι
1289 4480 1441 4555 [501]
1472 4481 1568 4535 καὶ
1604 4479 1986 4551 φιλανθρωπίᾳ

403 4581 503 4636 τοῦ
548 4580 756 4653 Κυρίου
794 4576 953 4648 ἡμῶν
1003 4572 1173 4645 Ἰησοῦ
1219 4569 1477 4643 Χριστοῦ,
1502 4563 1549 4639 ᾧ
1572 4571 1607 4640 ή
1634 4568 1760 4634 δόξα
1803 4568 1899 4622 καὶ
1920 4568 1985 4621 τὸ

407 4669 630 4741 κράτος,
660 4669 742 4730 είς
760 4665 887 4728 τοὺς
922 4661 1123 4724 αἰῶνας
1148 4659 1259 4714 τῶν
1282 4657 1514 4712 αδώνων.
1549 4657 1738 4727 Ἀμήν.

800 4886 909 4942 ΕΙΣ
959 4882 1099 4938 ΤΟΝ
1134 4879 1240 4936 PN'
1275 4878 1591 4965 TAAMQN.

398 5044 627 5101 Αινεῖτε
653 5042 762 5097 τόν
781 5041 929 5097 Θεὸν
955 5040 1025 5093 ἐν
1042 5036 1168 5102 τοῖς
1190 5034 1382 5105 ἁγίοις
1408 5031 1615 5088 αὐτοῦ.
1644 5030 1855 5096 Ἄλλος,
1886 5033 1986 5086 Ἐν

479 5127 561 5194 τῷ
625 5127 772 5197 ἁγίῳ
827 5123 1033 5182 αὐτοῦ.
1096 5118 1312 5182 Ἄλλος,
1362 5118 1464 5173 Ἐν
1521 5114 1602 5181 τῷ
1646 5112 1989 5188 ἡγιασμένοι

477 5210 689 5267 αὐτοῦ.
1320 5207 1323 5209 ’

485 5352 556 5403 Ἢ
612 5349 740 5420 περὶ
776 5347 868 5401 τοῦ
908 5345 1038 5403 λαοῦ
1078 5342 1312 5398 ἐνταῦθα
1368 5338 1527 5394 τοῦτο
1577 5337 1746 5406 λέγει,
1784 5338 1816 5408 ἢ
1861 5338 1988 5408 περὶ

411 5440 530 5511 βίου
558 5437 713 5505 ἁγίου
734 5436 827 5490 καὶ
848 5435 1055 5508 ἀνδρῶν
1076 5433 1267 5502 ἀγίων.
1296 5430 1438 5501 Ὅρα
1466 5427 1523 5483 δὲ
1556 5426 1674 5492 πῶς
1701 5425 1762 5480 τὸ
1789 5425 1989 5497 βιϐλίον

412 5524 731 5580 κατέκλεισε
759 5522 923 5576 πάλιν
944 5523 1022 5584 είς
1045 5518 1411 5592 εὐχαριστίαν,
1440 5514 1710 5571 παιδεύων
1737 5514 1888 5585 ἡμᾶς
1907 5513 1985 5566 ὃτι

475 5762 505 5794 ⁸
525 5760 665 5813 Unus
688 5760 790 5816 πῶς
816 5756 954 5808 πάλιν
975 5752 1169 5806 ἐνταῦθα
1193 5754 1311 5805 τῶν.
1704 5800 1729 5847 ἱ

1714 5865 1757 5876 σε.

1551 309 1924 366 EXPOSITIO
1961 308 2028 365 IN
2068 309 2398 371 PSALMUM
2440 317 2550 373 CL.

3559 324 3665 383 ιςισ

2079 426 2250 481 τοῦτο
2275 431 2370 484 καὶ
2397 432 2571 504 ἀρχὴν
2590 433 2685 487 καὶ
2713 432 2866 497 τέλος
2893 428 3032 488 εἶναι
3054 433 3136 488 δεῖ
3159 434 3375 491 καὶτῶν
3404 444 3665 511 πραγμά-

2088 532 2199 573 των
2228 519 2322 573 καὶ
2361 520 2469 575 τῶν
2502 522 2759 592 ῥημάτων
2796 523 2971 593 ἡμῶν.
3007 524 3099 577 Διὸ
3130 524 3223 577 καὶ
3261 525 3471 590 Παῦλός
3507 546 3661 600 φησιο

2086 604 2219 660 Πᾶν
2258 604 2292 658 ὅ
2333 623 2388 660 τι
2421 605 2498 660 ἂν
2529 606 2734 676 ποιῆτε
2774 609 2845 663 ἐν
2872 611 3031 679 λόγῳ
3072 611 3169 669 καί
3202 610 3370 681 ἔργῳ,
3408 613 3666 671 πάντοτε

2086 694 2498 763 εὐχαριστεῖτε
2533 695 2615 761 τῷ
2641 693 2762 762 Θεῷ
2794 696 2892 749 καί
2930 700 3113 766 Πατρί
3156 697 3230 751 δι’
3260 698 3468 753 αὐτοῦ.
3507 700 3666 757 Οὕτω

2089 783 2182 837 καὶ
2224 784 2328 855 τῆς
2358 785 2524 856 εὐχῆς
2551 785 2708 856 ἡμῶν
2734 785 2797 840 τὺ
2822 787 3107 858 προοίμιον
3142 785 3390 841 ἐντεῦθεν
3420 787 3533 859 ἔχει
3566 790 3665 861 τὴν

2086 871 2287 943 ἀρχήν.
2312 872 2386 927 Τὸ
2413 872 2523 944 7&9
2542 872 2739 942 λέγειν,
2766 874 2957 942 Πάτερ
2984 872 3174 944 ἡμῶν,
3203 875 3666 948 εὐχαριστούντων

2086 961 2234 1014 ἐστὶν
2260 961 2355 1014 ἐπὶ
2378 964 2497 1025 ταῖς
2522 963 2919 1033 γεγενημέναις
2941 963 3192 1035 δωρεαῖς,
3223 964 3319 1017 καὶ
3349 964 3528 1029 πάσας
3560 965 3664 1017 αὺ-

2084 1046 2184 1110 τάς
2204 1045 2292 1101 διὰ
2306 1047 2401 1101 τοῦ
2423 1050 2686 1119 ὀνόματος
2704 1048 2892 1103 τούτου
2917 1048 3256 1105 δεικνύντων.
3287 1050 3347 1105 ’0
3366 1051 3474 1124 γὰρ
3493 1050 3666 1106 εἰπὼν
3707 1078 3710 1082 ~

2086 1135 2327 1206 Πατέρα.
2358 1136 2461 1207 τὴν
2498 1136 2775 1190 υἱοθεσίαν
2806 1136 3175 1208 ὡμολόγησεν·
3206 1140 3235 1191 ὀ
3268 1137 3326 1191 δὲ
3367 1138 3466 1192 τὴν
3491 1139 3666 1193 υίοθε-
3701 1198 3711 1202 _

2088 1224 2210 1278 σίαν
2234 1224 2595 1296 ὁμολογήσας,
2624 1225 2724 1296 τὴν
2743 1222 3112 1295 δικαιοσύνην,
3133 1223 3225 1278 τὸν
3247 1226 3538 1296 ἀγιασμὸν,
3563 1226 3665 1297 τὴν

2084 1292 2480 1383 ἀπολύτρωσιν,
2535 1312 2636 1383 τὴν
2680 1292 2800 1367 τῶν
2844 1292 3254 1383 ἁμαρτημάτων
3293 1292 3531 1383 ἄφεσιν,
3565 1292 3663 1368 τοῦ
3707 1292 3717 1310 ⁸

2085 1399 2401 1472 Πνεύματος
2434 1400 2534 1471 τὴν
2566 1400 2831 1472 χορηγίαν
2870 1399 3195 1470 ἀνεκήρυξε.
3228 1403 3320 1455 Δεῖ
3345 1401 3455 1472 γὰρ
3489 1402 3666 1456 ταῦτα

2084 1491 2266 1544 πάντα
2302 1489 2673 1561 προῦπάρξαι,
2706 1488 2849 1543 ὥστε
2881 1488 2981 1561 τῆς
3003 1487 3274 1553 υἱοθεσίας
3310 1490 3456 1560 ἡμᾶς
3492 1488 3665 1553 οὕτως

2083 1577 2410 1638 ἀπολαῦσαι,
2447 1579 2540 1632 καὶ
2573 1577 2799 1631 καλέσαι
2826 1577 3042 1648 Πατέρα
3070 1576 3387 1650 ἀξιωθῆναι.
3424 1576 3579 1649 Ἐμοὶ
3606 1576 3666 1630 δὲ

2081 1664 2269 1737 ἕτερον
2315 1664 2463 1720 δοκεῖ
2510 1665 2843 1720 αἰνίττεσθαι
2886 1665 3080 1735 λέγων·
3130 1664 3190 1718 τὸ
3228 1663 3354 1736 γὰρ,
3406 1665 3505 1717 Ἐν
3539 1664 3665 1729 τοῖς

2081 1752 2274 1821 ἁγίοις
2327 1751 2537 1814 αὐτοῦ,
2587 1751 2744 1806 τοῦτό
2787 1754 2924 1817 ἐστι,
2966 1753 3055 1805 διὰ
3093 1752 3219 1816 τοὺς
3248 1752 3437 1821 ἁγίους
3472 1748 3660 1805 αὑτοῦ.

2082 1835 2468 1910 Εὐχαριάτεῖτε
2495 1834 2611 1904 οὖν,
2634 1838 2716 1892 ὅτι
2739 1837 2994 1908 τοιαύτην
3024 1839 3297 1892 πολιτείαν
3324 1840 3404 1902 εἰς
3431 1838 3520 1892 τὸν
3551 1838 3664 1909 βίον

2082 1929 2396 2000 εἰσήγαγεν,
2426 1928 2462 1999 ﬂ
2504 1928 2630 1992 τοὺς
2654 1926 2976 1999 ἀνθρώπους
3007 1926 3273 1995 ἀγγέλους
3302 1927 3547 1995 εποίησε.
3574 1927 3666 1981 Διὸ

2083 2016 2366 2091 πρότερον,
2408 2018 2505 2071 Ἐν
2526 2017 2651 2084 τοῖς
2673 2016 2867 2086 ἁγίοις
2889 2014 3079 2077 εἰπὼν,
3104 2014 3226 2069 τότε
3244 2016 3542 2087 ὲπήγαγεψ
3574 2016 3667 2069 Αἰ-

2080 2108 2239 2163 νεῖτε
2271 2107 2461 2163 αὐτὸν
2494 2108 2566 2162 ἐν
2589 2106 2948 2177 στερεώματι
2984 2107 3295 2177 δυνάμεως
3329 2105 3535 2161 αὐτοῦ’
3564 2108 3666 2175 έμ-

2083 2198 2289 2268 φαίνων
2314 2198 2453 2269 δπερ
2477 2197 2649 2268 ἔφθην
2669 2195 2858 2251 είπὼν.
2883 2196 3053 2251 Τοῦτο
3087 2196 3197 2268 7&9
3221 2195 3421 2268 μᾶλλον
3447 2195 3526 2266 τῷ
3546 2194 3663 2264 Θεῷ

2083 2283 2568 2356 περισπούδαστον,
2604 2284 2638 2355 ἢ
2673 2285 2871 2339 έκεῖνοζ
2903 2284 3015 2337 Καὶ
3055 2281 3163 2353 γὰρ
3188 2281 3416 2353 οὐρανὸς
3448 2282 3537 2336 διά
3572 2281 3664 2335 τὸν

2082 2374 2366 2446 ἄνθρωπον
2412 2372 2655 2442 γέγονεν,
2706 2373 2808 2425 οὐκ
2850 2370 3135 2441 ἄνθρωπος
3175 2369 3265 2423 διά
3292 2371 3384 2423 τὸν
3412 2370 3661 2441 οὐρανόν.

2076 2463 2315 2535 -Ἕτερος
2332 2462 2391 2517 δὲ
2413 2462 2536 2516 ἀντὶ
2560 2458 2678 2521 τοῦ,
2718 2462 2817 2514 Ἐν
2834 2459 3212 2529 στερεώματι,
3240 2458 3323 2526 Τῷ
3350 2459 3664 2527 ἀκαθαιρέο

2082 2567 2163 2616 τῳ
2191 2548 2335 2606 είπε.
2363 2552 2478 2606 Καὶ
2509 2549 2686 2616 ἀλλος,
2727 2549 2831 2604 Ἑν
2864 2550 3222 2618 στερεώματι
3261 2546 3518 2616 κράτους
3559 2550 3666 2602 αὐ-

2085 2639 2214 2695 τοῦ.
2246 2640 2358 2694 Καὶ
2389 2638 2577 2708 ἕτερον
2612 2638 2671 2692 δέ
2709 2654 2799 2709 μοι
2827 2637 2976 2691 δοκεῖ
3009 2635 3338 2691 αίνίττεσθαι
3358 2635 3556 2699 πάλιν,
3588 2634 3665 2701 ὡς

2085 2730 2144 2783 ἐν
2174 2726 2254 2799 τῷ
2281 2728 2535 2799 προτέρῳ
2561 2724 2783 2797 ψαλμῷ.
2827 2725 2916 2788 Ὠς
2942 2723 3052 2795 γὰρ
3092 2725 3208 2778 ἐκεῖ
3232 2719 3405 2788 εἶπεν,
3436 2722 3666 2778 Αἰνεῖτε

2083 2816 2272 2872 αὐτὸν
2297 2819 2350 2872 οἰ
2377 2816 2619 2886 ἄγγελοι
2643 2813 2850 2869 αὐτοῦ·
2880 2811 3023 2866 οὕτω
3044 2812 3137 2866 καὶ
3162 2811 3410 2872 ἐνταῦθα.
3438 2810 3666 2866 Αἰνεῖτε

2083 2906 2272 2961 αὑτὸν
2294 2906 2364 2960 ἐν
2393 2903 2752 2975 στερεώματι
2774 2901 2983 2957 αὐτοῦ·
3017 2901 3315 2965 τουτέστιν,
3348 2903 3397 2955 οἱ
3428 2902 3577 2966 ὄντες
3607 2902 3665 2954 ἐν

2085 2992 2427 3067 περεὼματι
2456 2992 2643 3047 αὐτοῦ.
2682 2991 2757 3044 Οὐ
2793 2989 2903 3060 7&9
2930 2987 3160 3041 παύεται
3201 2987 3441 3058 συνεχῶς
3478 3004 3667 3041 κοινω-

2084 3083 2211 3145 νοὺς
2243 3080 2536 3152 λαμϐάνων
2566 3078 2667 3147 τῆς
2692 3076 2964 3147 εὐφημίας
2996 3073 3093 3138 τὰς
3122 3073 3235 3128 ἀνω
3264 3074 3538 3145 δυνάμεις.
3563 3077 3665 3129 Αἰ-

2083 3168 2241 3224 νεῖτε
2279 3152 2470 3223 αὐτὸν
2501 3165 2600 3220 ἐπὶ
2628 3164 2759 3231 ταῖς
2786 3163 3172 3227 δυναστείαις
3199 3161 3406 3216 αὐτοῦ.
3450 3161 3664 3227 Ἄλλος,

2085 3259 2190 3313 Διά
2227 3256 2351 3312 τῶν
2381 3252 2754 3310 δυναστειῶν
2779 3250 2986 3307 αὐτοῦ.
3026 3251 3085 3305 '0
3110 3250 3167 3304 δὲ
3199 3248 3445 3319 Ἐϐραίός
3478 3267 3663 3320 φησιν,

2085 3342 2548 3416 Βετεϐουροθαῦ.
2590 3343 2656 3394 Ὃ
2676 3341 2733 3394 δὲ
2754 3339 2922 3408 λέγει,
2947 3337 3103 3391 τοῦτό
3131 3339 3298 3391 ἐστιν·
3330 3338 3539 3391 Αἰνεῖτε
3570 3336 3670 3391 αὑ-

2083 3434 2175 3486 τὸν
2207 3430 2296 3485 διὰ
2320 3430 2420 3494 τάς
2446 3428 2762 3491 δυναστείας
2786 3424 2971 3490 αὑτοῦ,
2991 3424 3081 3478 διὰ
3099 3424 3198 3496 τὴν
3223 3423 3450 3495 δύναμιν
3478 3424 3665 3489 αὐτοῦ,

2083 3524 2173 3578 διὰ
2208 3523 2279 3577 τὰ
2305 3522 2559 3593 θαύματα
2585 3520 2771 3585 αὑτοῦ,
2802 3518 2890 3572 διὰ
2911 3517 3010 3590 τὴν
3036 3516 3209 3588 ίσχὺν,
3235 3517 3301 3587 ἢν
3337 3516 3426 3571 διὰ
3449 3517 3668 3571 πάντων

2084 3610 2471 3673 ἐπιδείκνυται,
2508 3608 2616 3662 τῶν
2653 3607 2786 3671 ἀνω,
2821 3605 2931 3660 τῶν
2976 3604 3148 3668 κάτω,
3187 3602 3298 3658 τῶν
3338 3606 3515 3675 κοινῇ,
3559 3604 3671 3659 τῶν

2088 3700 2215 3771 ἰδίᾳ,
2240 3696 2349 3752 τῶν
2370 3696 2492 3752 καθ’
2513 3698 2765 3761 ἕκαστον,
2796 3695 2905 3749 τῶν
2924 3692 3208 3766 διηνεκῶς.
3235 3692 3464 3747 Αἰνεῖτε
3481 3692 3670 3747 αὐτὸν

2084 3785 2237 3842 κατά
2249 3786 2317 3840 τὸ
2336 3783 2571 3855 πλῆθος
2587 3784 2700 3849 τῆς
2720 3780 3161 3853 μεγαλωσύνης
3180 3779 3389 3834 αὑτοῦ.
3414 3780 3521 3833 Καὶ
3549 3778 3669 3842 πῶς

2084 3878 2240 3931 τοῦτο
2274 3875 2517 3940 δυνατὸν,
2566 3873 2901 3945 ἀντίρροπον
2942 3870 3036 3923 τοῦ
3082 3869 3318 3938 πλήθους
3352 3869 3452 3939 τῆς
3495 3884 3666 3938 μεγα-

2084 3963 2329 4035 λωσύνης
2351 3961 2517 4016 αὐτοῦ
2547 3956 2698 4014 αίνον
2718 3959 3017 4027 ἀναγαγεῖν
3033 3956 3097 4022 b;
3127 3956 3203 4010 οὐ
3222 3955 3381 4008 τοῦτο
3398 3954 3566 4023 λέγει,
3584 3956 3667 4008 ὅτι

2087 4051 2241 4127 [502]
2260 4050 2605 4124 ἀντίρροπον,
2626 4047 2743 4102 ἀλλ’
2769 4048 2918 4113 ὅσον,
2946 4044 3103 4116 φησὶ,
3130 4044 3355 4098 δυνατὸν
3382 4043 3664 4110 ἐκτείνειν,

2086 4139 2284 4195 ἐννοῶν
2320 4138 2381 4192 τὸ
2412 4136 2616 4207 πλῆθος
2643 4135 2745 4206 τῆς
2783 4132 3174 4206 μεγαλωσύνης
3206 4130 3394 4192 αὐτοῦ,
3425 4129 3667 4184 τοιοῦτον

2085 4230 2161 4293 ὼς
2191 4227 2425 4300 ἐγχωρεῖ
2443 4242 2525 4279 σοι
2555 4225 2793 4295 ἀνάφερε
2815 4234 2863 4287 ο,
2900 4221 2995 4275 καὶ
3025 4215 3137 4275 οἷον
3152 4219 3300 4284 εἰκὸς
3319 4217 3545 4289 τοιούτῳ
3570 4236 3667 4289 με.

1966 4338 1984 4363 ν
2085 4316 2237 4387 γάλῳ
2292 4314 2414 4385 Θεῷ
2463 4313 2563 4369 καὶ
2606 4311 2724 4384 μεθ’
2765 4308 3071 4381 ὑπερϐολῆς
3119 4305 3338 4378 μεγάλῳ
3376 4307 3667 4380 ἀναφέρειν

2089 4405 2256 4476 ὕμνον
2282 4402 2570 4475 ἄνθρωπον
2602 4401 2752 4454 δντα³
2782 4400 2882 4454 καὶ
2912 4397 3023 4468 γὰρ
3061 4397 3211 4464 ἄξιον
3242 4396 3417 4460 οὐδεὶς
3441 4397 3666 4464 ἀνενεγ-

2087 4496 2203 4547 κεῖν
2229 4492 2472 4545 δύναται.
2503 4484 2657 4552 Εἶδες
2697 4487 2861 4541 πόθον
2891 4484 3069 4556 ψυχῆς
3092 4504 3109 4549 ;
3135 4479 3275 4548 εἶδες
3302 4484 3666 4555 ἐκκαιομένην

2087 4581 2345 4644 διάνοιαν,
2381 4576 2730 4648 βιαζομένην,
2763 4571 3173 4643 φιλονεικοῦσαν
3201 4570 3296 4626 καὶ
3332 4569 3430 4641 τὴν
3465 4569 3666 4625 οἰκείαν

2088 4668 2369 4722 ἀσθένειαν
2392 4663 2715 4737 ὑπερϐῆναι,
2750 4660 2844 4716 καὶ
2875 4660 3177 4731 ἀναπτῆναι
3195 4656 3380 4712 λοιπὸν
3408 4657 3544 4730 πρὸς
3572 4658 3669 4709 αὑ-

2086 4755 2178 4811 τὸν
2207 4754 2298 4809 τὸν
2329 4752 2578 4824 οὐρανὸν,
2614 4747 3001 4820 συνδεδεμένην
3026 4746 3105 4816 τῷ
3128 4744 3267 4816 Θεῷ,
3298 4745 3669 4817 ἀνακειμένην

2089 4842 2238 4913 αὑτῷ
2268 4840 2448 4912 πολλῷ
2474 4839 2553 4911 τῷ
2582 4838 2763 4910 πόθῳ;
2792 4834 3019 4892 Αἰνεῖτε
3044 4834 3230 4889 αὐτὸν
3260 4833 3330 4887 ἐν
3361 4831 3489 4901 ἤχῳ
3514 4831 3667 4887 σάλ-

2086 4948 2317 5002 πιγγος.
2344 4931 2556 4994 Ἄλλος,
2577 4928 2655 4982 Δι’
2692 4926 2848 4996 ἤχου
2872 4925 3204 4993 κερατίνης.
3230 4919 3459 4977 Αἰνεῖτε
3483 4920 3669 4973 αὐτὸν

2086 5022 2157 5079 ἐν
2184 5020 2496 5091 Wmpr
2519 5017 2620 5072 καί
2651 5016 2884 5085 κιθάρᾳ.
2918 5012 3133 5075 Ἄλλος,
3167 5009 3268 5063 Διά
3310 5007 3539 5073 νάϐλας
3567 5007 3667 5060 καί

2087 5102 2297 5179 λύρας.
2336 5109 2565 5166 Αἰνεῖτε
2597 5107 2785 5163 αὐτὸν
2811 5104 2881 5157 ἐν
2908 5100 3194 5172 τυμπάνῳ
3239 5098 3337 5152 καί
3373 5094 3549 5165 χορῷο
3577 5098 3670 5149 αἱ-

2088 5198 2245 5253 νεῖτε
2276 5197 2466 5253 αὑτὸν
2499 5196 2570 5251 ἐν
2606 5192 2849 5264 χορδαῖς
2888 5188 2988 5244 καί
3029 5184 3276 5255 ὀργάνῳ.
3310 5183 3526 5246 Ἄλλος,
3567 5183 3670 5237 Διά

2090 5285 2323 5356 χορδῶν
2353 5284 2452 5339 καί
2479 5282 2741 5353 κιθάρας.
2773 5279 2999 5335 Αἰνεῖτε
3025 5274 3214 5331 αὐτὸν
3239 5273 3310 5326 ἐν
3341 5267 3669 5356 κυμϐάλοις

2089 5355 2353 5441 εὐήχοις·
2388 5369 2605 5425 αἱνεῖτε
2631 5367 2820 5421 αὐτόν
2840 5367 2910 5419 ἐν
2940 5359 3270 5433 κυμϐάλοις
3288 5355 3667 5426 ἀλαλαγμοῦ.

2094 5459 2306 5522 ΙἌλλος,
2340 5458 2437 5511 Ἐν
2467 5453 2793 5525 κυμϐάλοις
2815 5451 3142 5520 σημασίας.
3178 5445 3351 5502 Πᾶσα
3381 5443 3537 5513 πνοὴ
3576 5445 3663 5497 αἰσ-

2151 5682 2182 5753 l:
2209 5681 2346 5753 gnos
2370 5677 2651 5753 εἰσαγαγεῖν.

2161 5747 2182 5774 °
2214 5742 2347 5811 Unus
2369 5738 2516 5803 ὕμνον
2533 5738 2747 5802 ἀνάφερε.
