4068 6270
582 293 686 350 ιιι-ι

583 401 817 460 νεσάτω
837 403 942 458 τὸν
967 405 1204 472 Κύριον.
1229 405 1439 469 Ἀλλος,
1480 405 1790 471 Ἀναπνοή.
1821 405 2005 457 Πάντα
2032 413 2162 456 ανα-

585 492 725 541 κινεῖ
762 488 828 540 τὰ
859 488 1086 557 ὅργανα,
1131 488 1223 540 καὶ
1245 488 1331 540 διὰ
1365 487 1579 541 πάντων
1605 489 1704 559 τὴν
1737 488 1998 558 μελῳδίαν
2027 487 2160 539 ἀνα-

586 568 844 640 φέρεσθαι
873 568 1324 641 παρακελεύεται,
1353 571 1750 642 διαθερμαίνων
1792 571 1888 641 τὴν
1923 569 2160 622 διάνοιαν

584 650 764 704 αὐτῶν
791 651 884 703 καὶ
911 651 1092 718 ἀνεγεί
1097 669 1224 722 ρων.

659 734 868 801 Ὥσπερ
885 729 978 786 οὖν
1015 734 1286 796 Ἰουδαίοις
1305 735 1390 788 διὰ
1411 736 1625 790 πάντων
1650 736 1758 788 τῶν
1777 735 2042 807 ὀργάνων,
2071 733 2161 788 οῦ·

584 833 694 878 τως
719 817 852 885 ἡμῖν
885 815 1314 886 παρακελεύεται
1355 817 1441 871 διὰ
1469 819 1685 872 πάντων
1718 819 1826 871 τῶν
1859 818 2033 888 μελῶν
2063 819 2159 871 ἀν-

585 901 772 968 υμνείν
796 898 886 950 τὸν
909 898 1059 961 Θεὸν,
1083 898 1148 950 δι’
1169 899 1468 970 ὀφθαλμοῦ,
1489 902 1577 955 διά
1597 901 1862 971 γλώττης,
1881 903 1945 955 δι’
1968 902 2156 971 ἀκοῆς,

584 983 680 1034 καὶ
707 980 794 1034 διὰ
827 982 1027 1052 χειρός.
1053 983 1231 1055 Ὅπερ
1256 980 1348 1036 οῦν
1381 988 1474 1038 καὶ
1501 988 1529 1039 ὁ
1555 985 1764 1048 Παῦλος
1785 985 1932 1054 δηλοῖ
1962 985 2155 1053 λέγων·

583 1064 1018 1131 Παραστήσατε
1069 1066 1141 1120 τὰ
1181 1065 1424 1135 σώματα
1465 1067 1631 1136 ὑμῶν
1669 1069 1886 1122 θυσίαν
1941 1067 2156 1133 ζῶσαν,

580 1147 778 1215 ἁγίαν,
811 1146 1136 1214 εὐάρεστον
1162 1148 1242 1212 τῷ
1271 1149 1413 1215 Θεῷ,
1450 1151 1565 1218 τὴν
1599 1150 1854 1219 λογικὴν
1877 1151 2159 1217 ,λατρείαν

583 1229 768 1296 ὑμῶν.
820 1231 969 1282 Αἰνεῖ
1000 1230 1108 1302 γάρ
1152 1232 1245 1284 καὶ
1279 1233 1572 1302 ὀφθαλμὸς,
1607 1235 1734 1286 ὅταν
1777 1234 1852 1304 μὴ
1889 1234 2157 1286 ἀκόλαστα

583 1312 780 1382 βλέπῃ·
812 1312 904 1365 καὶ
942 1312 1174 1380 γλῶττα,
1206 1314 1334 1366 ὅταν
1372 1315 1566 1386 ψάλλῃ·
1604 1316 1697 1368 καὶ
1725 1315 1880 1384 ἀκοὴ.
1918 1316 2043 1368 ὅταν
2080 1315 2154 1386 μὴ

579 1395 802 1464 δέχηται
820 1396 1029 1465 πονηρά
1047 1395 1284 1466 ᾅσματα,
1307 1398 1440 1467 μηδὲ
1458 1399 1787 1468 κατηγορίας
1800 1397 1892 1450 τοῦ
1909 1396 2152 1467 πλησίον·

581 1477 676 1528 καὶ
715 1476 940 1540 διάνοια,
987 1479 1113 1530 ὅταν
1156 1477 1231 1549 μὴ
1280 1478 1462 1542 δόλους
1507 1479 1719 1550 ράπτῃ.
1759 1479 1893 1532 ἀλλά
1938 1479 2156 1550 ἀγάπην

580 1556 740 1630 βρύῃ·
791 1558 884 1610 καὶ
939 1559 1115 1623 πόδες,
1151 1560 1279 1614 ὅταν
1325 1560 1399 1632 μὴ
1431 1558 1527 1614 ἐπὶ
1560 1562 1820 1632 πονηρίαν
1865 1562 2151 1632 τρέχωσιν,

577 1639 693 1692 ἀλλ’
730 1641 822 1693 ἐπὶ
861 1641 1080 1708 ἀγαθῶν
1108 1643 1283 1712 ἔργων
1315 1643 1642 1713 οἰκονομίαν·
1676 1645 1768 1696 καὶ
1797 1646 1995 1714 χεῖρες,
2025 1644 2150 1706 ὅταν

581 1722 658 1792 μὴ
687 1723 778 1774 ἐπὶ
809 1723 1062 1794 ἁρπαγὴν
1091 1726 1186 1777 καὶ
1224 1723 1534 1790 πλεονεξίαν
1557 1738 1582 1765 ι
1621 1726 1716 1778 καλ⁵
1751 1725 1962 1796 πληγὰς
1978 1765 1992 1788 ν
2036 1723 2150 1777 ἀλλ’

579 1807 672 1857 ἐπὶ
706 1803 1073 1876 ἐλεημοσύνην
1103 1807 1196 1860 καὶ
1232 1809 1329 1878 τὴν
1363 1808 1471 1860 τῶν
1511 1809 1880 1878 ἀδικουμένων
1915 1824 2146 1879 προστα-

580 1887 704 1939 σίαν
746 1887 1108 1941 ἐκτείνωνται.
1159 1889 1292 1942 Τότε
1338 1892 1546 1958 γίνεται
1589 1891 1791 1962 κιθάρα
1841 1891 2086 1961 ἐμμελὴς
2123 1891 2153 1943 ὁ

578 1969 883 2040 ἄνθρωπος,
920 1972 1288 2041 παναρμόνιόν
1312 1989 1432 2025 τινα
1471 1973 1734 2043 μελῳδίαν
1769 1975 1862 2028 καὶ
1905 1991 2152 2043 πνευμα-

577 2054 737 2121 τικὴν
768 2053 1052 2123 ἀναφέρων
1089 2055 1166 2123 τῷ
1212 2055 1348 2126 Θεῷ.
1381 2057 1486 2109 Καὶ
1533 2057 1600 2108 τά
1636 2058 1842 2126 ὄργανα
1884 2056 1940 2109 δὲ
1970 2059 2153 2112 ἐκεῖνα

576 2135 668 2186 διὰ
698 2134 854 2188 τοῦτο
885 2136 1255 2207 ἐπετέτραπτο
1289 2139 1432 2200 τότε,
1477 2138 1566 2192 διά
1610 2157 1669 2193 τε
1720 2139 1818 2211 τὴν
1869 2137 2152 2195 ἀσθένειαν

578 2217 778 2281 αὐτῶν,
815 2220 907 2273 καὶ
948 2219 1038 2273 διὰ
1084 2221 1146 2272 τὸ
1193 2223 1381 2292 κιρνᾷν
1421 2223 1617 2285 αὐτοὺς
1651 2224 1730 2286 είς
1785 2222 2004 2293 ἀγάπην
2055 2225 2149 2277 καὶ

580 2300 919 2368 συμφωνίαν,
969 2303 1060 2354 καὶ
1093 2303 1327 2374 ἐγείρειν
1377 2305 1557 2358 αὐτῶν
1608 2305 1705 2376 τὴν
1749 2306 1988 2360 διάνοιαν
2024 2307 2144 2377 μεθ’

576 2381 774 2456 ἡδονῆς
801 2385 974 2437 ποιεῖν
1001 2385 1069 2438 τὰ
1099 2386 1197 2456 τὴν
1237 2386 1504 2455 ὠφέλειαν
1542 2390 1912 2459 παρεχόμενα,
1948 2389 2042 2442 καὶ
2065 2392 2144 2454 εἰς

578 2462 778 2534 πολλὴν
829 2465 1112 2534 βούλεσθαι
1165 2469 1360 2532 αὐτοὺς
1415 2471 1567 2538 ἄγειν
1623 2473 1857 2543 σπουδὴν
1905 2473 1994 2526 διὰ
2053 2474 2152 2544 τῆς

578 2546 832 2617 τοιαύτης
857 2547 1232 2619 ψυχαγωγίας.
1275 2550 1347 2604 Τὸ
1395 2552 1503 2624 γὰρ
1549 2553 1814 2624 βάναυσον
1842 2557 2018 2610 αὐτῶν
2057 2557 2152 2610 καὶ

1269 290 1325 344 S.
1366 290 1652 347 JO.—\NNIS
1681 281 2173 347 CHRYSOSTOMI
2211 283 2526 342 ARCIIIEP.
2561 283 3108 344 CONSTANTINOP.
3685 300 3769 357 ‘98

2264 399 2505 462 υπνίζειν
2533 398 2727 463 αὐτοὺς
2747 400 2918 471 ταύτῃ
2952 399 3252 470 μεθώδευσε
3297 405 3362 473 τῇ
3414 402 3581 474 σοφία,
3607 404 3775 461 avare.

2263 483 2436 552 ράσας
2464 481 2540 552 τῷ
2561 481 2706 552 πόνῳ
2731 484 2830 552 τῆς
2856 484 3179 554 προσεδρίας
3205 485 3265 538 τὸ
3288 486 3385 556 ἡδὺ
3412 485 3503 554 τῆς
3527 487 3773 556 μελῳδίας.

2261 567 2326 618 Τί
2356 566 2412 618 δέ
2441 569 2608 629 ἐστιν,
2648 568 2743 617 Ἐν
2757 567 3038 635 κυμϐάλῳ
3061 569 3390 637 σημασίαςς
3413 569 3542 632 Τοὺς
3565 569 3777 640 ψαλμοὺς

2260 647 2400 702 οὕτω
2435 649 2616 718 φησίν.
2637 651 2712 702 Οὐ
2746 649 2855 720 γὰρ
2884 650 3070 720 ἁπλῶς
3100 651 3474 722 ἐκυμϐάλιζον,
3495 653 3606 705 οὐδὲ
3625 654 3779 718 ἁπλῶς

2261 731 2589 802 ἐκιθάριζον,
2633 732 2748 785 ἀλλ’
2777 733 2850 795 ὼς
2885 727 2996 786 οἷόν
3026 751 3086 786 τε
3124 729 3211 804 ἦν,
3243 734 3336 787 καὶ
3362 733 3447 786 διά
3475 735 3576 786 τῶν
3599 737 3778 804 κυμϐά-

2259 813 2386 878 λων,
2411 817 2505 868 καὶ
2524 816 2611 869 διὰ
2632 817 2740 869 τῶν
2769 817 3104 885 σαλπίγγων,
3127 818 3221 871 καὶ
3243 816 3332 870 διὰ
3348 816 3452 869 τῶν
3473 817 3566 887 τῆς
3583 818 3780 888 κιθάρας

2262 897 2409 969 [503]
2437 898 2666 970 ψαλμῶν
2711 898 2809 963 τάς
2853 901 3127 969 σημασίας
3172 900 3570 970 ἐνδεικνύμενοι·
3617 903 3699 953 καὶ
3724 897 3778 971 ἦν

2258 982 2442 1044 αὐτοῖς
2469 983 2548 1044 είς
2578 981 2749 1036 ταῦτα
2781 983 2986 1052 σπουδὴ
3031 983 3125 1037 καὶ
3157 984 3315 1044 πόνος
3357 983 3485 1036 πολῦ
3525 983 3581 1036 τὸ
3619 984 3779 1053 κέρδος

2259 1063 2459 1133 φέρων.
2491 1063 2667 1118 Πᾶσα
2686 1065 2843 1133 πνοὴ
2871 1064 3164 1119 αίνεσὰτω
3192 1065 3298 1119 τὸν
3332 1067 3561 1133 Κύριον.
3591 1067 3775 1137 Ἐπειδὴ

2257 1147 2365 1218 γάρ
2385 1147 2412 1186 ι)
2433 1147 2657 1201 ἐκάλεσε
2684 1149 2808 1212 τοὺς
2849 1148 2906 1214 ἐξ
2947 1148 3198 1218 οὐρανοῦ,
3229 1149 3414 1219 ἐπειδὴ
3449 1150 3668 1219 διήγειρε
3707 1149 3778 1202 τὸν

2256 1228 2445 1297 δῆμον,
2483 1229 2672 1302 ἐπειδὴ
2710 1231 2778 1284 τά
2812 1230 3019 1300 ὄργανα
3063 1228 3275 1284 ἅπαντα
3303 1232 3561 1301 ἐκίνησεν,
3597 1234 3668 1294 εἰς
3697 1231 3777 1300 τὴν

2257 1310 2416 1380 φύσιν
2447 1313 2624 1365 πᾶσαν
2668 1313 2908 1366 ἐκϐαίνει
2939 1313 3144 1372 λοιπὸν,
3180 1313 3360 1366 πᾶσαν
3387 1313 3588 1382 ἠλικίαν
3611 1316 3678 1375 εἰς
3700 1312 3776 1382 τὴν

2259 1394 2523 1464 μελῳδίαν
2544 1395 2741 1460 καλῶν,
2770 1396 3102 1467 πρεσϐύτας,
3124 1395 3343 1466 ἄνδρας,
3371 1397 3537 1458 νέους,
3558 1394 3774 1465 ἐφήϐους,

2256 1479 2541 1544 γυναῖκας,
2584 1479 2826 1542 ἅπαντας
2869 1481 2995 1543 τοὺς
3039 1479 3136 1550 τὴν
3165 1478 3483 1549 οἰκουμένην
3517 1478 3774 1540 οίκοῦντας,

2255 1561 2352 1613 καὶ
2391 1560 2639 1614 ἐντεῦθεν
2690 1563 2788 1634 ἤδη
2848 1563 3424 1632 προκαταϐαλλόμενος
3473 1561 3566 1630 τῆς
3608 1559 3776 1627 Καινῆς

2252 1643 2525 1714 Διαθήκης
2561 1644 2630 1697 τά
2671 1645 2963 1714 σπέρματα
3005 1649 3116 1708 τοῖς
3163 1645 3436 1714 πανταχοῦ
3476 1645 3573 1714 γῆς
3599 1646 3777 1696 ἐκτετα-

2257 1725 2456 1796 μένοις.
2509 1726 2754 1796 Αίνῶμεν
2787 1728 2965 1780 τοίνυν
2991 1729 3081 1780 τὸν
3112 1729 3246 1782 Θεὸν
3284 1728 3558 1798 διηνεκῶς,
3591 1729 3656 1797 μὴ
3683 1727 3774 1780 δια-

2251 1807 2526 1878 λείπωμεν
2583 1809 2723 1880 ὑπὲρ
2776 1811 3030 1864 ἁπάντων
3093 1811 3555 1882 εὐχαριστοῦντες,
3595 1811 3677 1863 καὶ
3707 1809 3776 1861 διὰ

2256 1891 2534 1962 ῥημάτων,
2568 1892 2662 1945 καὶ
2684 1891 2771 1945 διὰ
2802 1892 2911 1946 τῶν
2947 1895 3312 1964 πραγμάτων.
3355 1893 3500 1963 Αὕτη
3529 1893 3627 1963 γὰρ
3651 1892 3776 1962 ἡμῶν

2253 1973 2414 2027 θυσία
2455 1974 2550 2027 καὶ
2600 1974 2923 2045 προσφορὰ,
2971 1975 3110 2046 αῦτη
3147 1976 3458 2047 λειτουργία
3504 1975 3676 2046 ἀρίστη
3704 1974 3777 2027 καὶ

2252 2058 2372 2118 ταῖς
2398 2057 2715 2125 ἀγγελικαῖς
2744 2057 3041 2122 πολιτείαις
3064 2060 3296 2114 ἐοικυῖα.
3323 2060 3442 2114 Κᾶν
3464 2058 3776 2129 διαμείνωμεν

2251 2137 2423 2200 οὕτως
2470 2139 2630 2193 αὐτὸν
2685 2140 3049 2210 ἀνυμνοῦντες
3071 2180 3086 2204 ,
3126 2144 3223 2196 καὶ
3277 2144 3367 2197 τὸν
3423 2144 3645 2214 παρόντα
3690 2138 3776 2208 βίον

2251 2219 2617 2291 ἀπροσκόπως
2649 2221 2942 2293 ἀνύσομεν,
2983 2226 3076 2279 καὶ
3115 2226 3227 2280 τῶν
3260 2226 3548 2298 μελλόντων
3583 2222 3777 2276 ἀπολαυ-

2254 2302 2460 2373 σόμεθα
2487 2304 2726 2372 ἀγαθῶν⁶
2759 2298 2834 2360 ὧν
2865 2308 3073 2376 γένοιτο
3112 2310 3321 2373 πάντας
3348 2313 3380 2380 η
3390 2309 3492 2380 μᾶς
3528 2305 3774 2374 ἐπιτυχεῖν.

2257 2387 2440 2457 χάριτι
2486 2388 2579 2441 καὶ
2623 2388 3000 2462 φιλανθρωπίᾳ
3042 2392 3135 2445 τοῦ
3181 2393 3392 2463 Κυρίου
3445 2390 3590 2462 ἡμῶν
3637 2385 3773 2457 Ἰησοῦ

2253 2468 2512 2539 Χριστοῦ,
2548 2471 2667 2540 μεθ’
2698 2466 2760 2526 οὗ
2795 2471 2874 2544 τῷ
2917 2474 3091 2546 Πατρὶ
3115 2475 3234 2544 ἆμα
3268 2475 3346 2544 τῷ
3377 2475 3512 2545 ἁγίῳ
3546 2470 3776 2540 Πνεύματι

2250 2551 2397 2615 δόξα,
2427 2554 2647 2624 κράτος,
2685 2557 2840 2626 τιμὴ,
2872 2555 2969 2610 νῦν
3012 2559 3106 2612 καὶ
3142 2557 3267 2626 ἀεὶ,
3298 2559 3392 2612 καὶ
3433 2560 3508 2622 εἰς
3533 2556 3646 2619 τοὺς
3673 2551 3775 2609 attit-

579 2628 824 2702 ῥᾴθυμον
857 2634 950 2686 καὶ
976 2634 1364 2699 ἀναπεπτωκὸς
1399 2637 1750 2708 σοφιζόμενος
1788 2639 1817 2691 ὀ
1864 2638 2018 2703 Θεὸς,
2049 2639 2160 2709 ἀφ⁸
2253 2649 2350 2697 νας
2379 2635 2489 2688 τῶν
2513 2636 2746 2692 αἰώνων.
2785 2639 2979 2710 Ἀμήν.

641 2786 665 2815 ⁸
690 2787 780 2837 Καὶ
801 2787 1064 2846 πλεονεξίαν
1086 2789 1134 2840 iu
1158 2791 1327 2842 Morel.
1365 2792 1536 2842 deerat
1560 2806 1572 2841 :
1596 2795 1644 2844 in
1666 2795 1776 2845 aliis
1796 2794 2024 2845 habetur.

2317 2791 2346 2831 Ιι
2368 2791 2464 2855 Γάρ
2481 2792 2625 2842 deest
2646 2791 2695 2842 in
2727 2793 2878 2844 Sat-il.

655 3635 755 3696 AD
797 3635 992 3698 DUAS
1032 3638 1391 3700 HOMILIAS
1430 3639 1511 3700 IN
1554 3638 1800 3715 ILLUD,
1839 3637 1940 3699 NE
1980 3635 2347 3697 TIMUERIS
2389 3636 2544 3698 CUM
2583 3635 2804 3697 DIVES
2845 3633 3128 3696 FACTUS
3167 3635 3455 3696 FUERIT
3497 3629 3702 3698 HOMO.

645 3887 720 3940 De
747 3884 897 3940 hisce
925 3885 1137 3941 duabus
1165 3885 1404 3942 homiliis
1429 3885 1546 3942 haec
1574 3885 1742 3940 habet
1769 3884 2002 3940 Savilius
2028 3885 2082 3939 in
2116 3883 2269 3939 Notis
2297 3884 2452 3939 Tom.
2489 3885 2542 3947 8,
2573 3884 2677 3940 col.
2721 3883 2818 3938 721
2854 3902 2867 3938 :
2908 3903 2927 3936 ι
2967 3883 3138 3956 Hujus
3181 3887 3444 3944 orationis
3476 3893 3527 3940 et
3565 3877 3766 3952 proxime

572 3977 850 4047 ammentis
880 3978 1190 4048 apographa
1216 3993 1282 4032 ex
1319 3977 1648 4033 Bibliotheca
1678 3977 1814 4032 Novi
1843 3977 2063 4049 Collegii
2091 3976 2413 4033 Oxoniensis
2447 3977 2738 4047 descripta.
2783 3975 3021 4033 Priorem
3063 3981 3472 4036 emendavimus
3507 3992 3567 4030 ex
3593 3971 3766 4028 duobus

578 4071 955 4142 Manuscriptis
986 4072 1039 4125 in
1070 4071 1402 4127 Bibliotheca
1437 4071 1603 4141 Regia
1630 4070 1872 4135 Lutetiae,
1918 4087 2028 4126 uno
2066 4071 2313 4127 Caesareo
2360 4071 2619 4134 Viennae;
2651 4078 2709 4125 et
2752 4071 2938 4127 codice
2980 4088 3181 4128 excuso
3217 4075 3446 4128 Lutetiae
3479 4068 3620 4124 1554.
3658 4062 3763 4117 Nam

572 4178 644 4218 ne
673 4163 903 4228 nescias,
939 4163 1152 4228 Lector,
1192 4165 1376 4218 eadem
1407 4170 1490 4217 est
1526 4163 1641 4217 haec
1681 4171 1867 4217 nostra
1896 4177 2019 4216 cum
2051 4161 2138 4215 illa
2169 4176 2364 4216 excusa
2407 4159 2688 4231 (quamvis
2731 4160 2884 4215 initia
2924 4161 3032 4216 sint
3076 4163 3366 4234 diversa),
3403 4158 3627 4232 pauculis
3653 4153 3764 4208 dun-

571 4266 719 4310 taxat
751 4256 1012 4324 exceptis.
1050 4256 1108 4309 ln
1138 4255 1435 4326 posteriore
1461 4254 1705 4310 oratione
1732 4254 1890 4324 plana
1923 4265 2052 4309 sunt
2079 4254 2259 4308 omnia
2287 4271 2298 4306 :
2333 4253 2389 4306 in
2417 4253 2600 4323 priore
2627 4269 2738 4308 non
2781 4269 2950 4323 pauca
2985 4254 3160 4309 hiulca
3208 4265 3265 4311 et
3306 4268 3511 4324 aspera.
3548 4241 3764 4304 Prazstiti-

571 4362 694 4400 mus
722 4346 866 4415 quod
895 4347 1192 4416 potuimus.
1220 4357 1281 4402 ut
1303 4349 1422 4402 loca
1449 4363 1569 4416 quae
1594 4347 1776 4401 minus
1805 4347 2084 4417 placerent
2112 4356 2442 4409 notaremus,
2475 4344 2769 4416 ingeniosis
2813 4354 2868 4399 et
2898 4346 3181 4401 industriis
3209 4346 3500 4402 lectoribus
3524 4340 3599 4396 vel
3627 4339 3764 4390 inter-

572 4438 852 4506 pretanda,
879 4438 963 4492 vel
997 4440 1353 4494 emendanda.
1385 4439 1626 4508 Utraque
1653 4439 1874 4510 γνησία,
1907 4447 1963 4492 et
1982 4438 2187 4502 habita,
2218 4445 2279 4491 ut
2309 4439 2522 4508 opinor,
2550 4437 3040 4507 Constantinopoli,
3082 4447 3138 4493 et
3175 4439 3394 4508 quidem
3435 4431 3677 4508 posterior
3703 4423 3759 4479 vir

569 4525 730 4580 detur
755 4543 785 4580 a
817 4528 1023 4582 Joanne
1054 4537 1242 4582 nostro
1272 4528 1452 4582 habita
1481 4538 1604 4598 post
1632 4529 1793 4584 aliam
1826 4529 1894 4583 ab
1922 4529 2103 4597 aliquo
2133 4529 2466 4599 presbytero,
2498 4527 2726 4582 fortasse
2761 4542 2880 4593 suo,
2909 4527 3128 4582 dictam.
3158 4547 3175 4578 ι

644 4622 853 4687 Quanta
887 4622 957 4677 sit
991 4624 1442 4693 exemplariorum
1474 4625 1710 4680 varietas
1739 4625 1793 4678 in
1825 4623 1999 4693 prima
2044 4622 2286 4686 homilia,
2327 4638 2453 4677 mox
2493 4622 2703 4676 videbis
2741 4621 2794 4676 in
2835 4631 2962 4676 nota
2997 4622 3063 4676 ad
3113 4622 3278 4676 imam
3312 4620 3554 4693 paginam
3588 4608 3760 4682 posin:

571 4731 692 4785 qua:
719 4715 975 4777 varietas,
1001 4717 1103 4771 etsi
1129 4733 1238 4772 non
1269 4718 1470 4787 ubique
1501 4727 1671 4785 tanta,
1709 4719 2030 4773 observatur
2072 4717 2186 4772 fere
2229 4733 2328 4787 per
2362 4725 2529 4772 totam
2579 4716 2721 4770 hanc
2763 4715 3056 4770 homiliam.
3113 4713 3425 4787 Cogitabam
3475 4707 3618 4764 initio
3660 4711 3762 4755 num

571 4810 690 4866 hinc
715 4808 934 4862 homilia
965 4826 1030 4863 ex
1053 4824 1238 4863 earum
1271 4824 1500 4863 numero
1525 4818 1687 4872 esset,
1719 4826 1853 4880 quas
1883 4811 1979 4865 abs
2014 4825 2073 4864 se
2109 4817 2444 4872 retractatas,
2476 4816 2730 4872 mutatas,
2755 4816 2961 4874 auctas,
2989 4807 3204 4877 aliaque
3227 4804 3488 4876 principia
3519 4793 3763 4870 praeferen-

571 4911 672 4964 tes,
701 4902 785 4956 bis
813 4908 908 4955 aut
939 4901 1143 4970 pluries
1173 4901 1238 4955 ad
1275 4901 1532 4970 populum
1565 4901 1847 4954 habuisset
1877 4900 2316 4971 Clirysostomus,
2356 4899 2543 4969 quales
2573 4898 2806 4954 vidimus
2837 4897 3007 4953 Tomo
3039 4898 3278 4953 secundo
3307 4897 3461 4960 duas,
3491 4893 3686 4984 alteram
3711 4880 3761 4984 de

569 5000 706 5054 Juda
739 4997 1035 5068 proditore,
1064 5013 1116 5067 p.
1150 4996 1273 5061 586,
1310 4995 1534 5049 alteram
1565 4995 1632 5050 de
1656 4995 1832 5049 Cruce
1857 5005 1913 5049 et
1938 4995 2193 5060 Latrone,
2225 5011 2278 5066 p.
2317 4995 2416 5049 411
2451 5013 2463 5049 :
2495 5010 2685 5049 verum
2715 5009 2774 5049 re
2816 4993 3122 5049 accuratius
3163 5006 3452 5064 perpensa.
3476 4974 3758 5068 deprehendi

573 5060 780 5147 tantam
815 5060 1268 5158 exemplariorum
1308 5085 1624 5141 varietatem
1671 5100 1736 5139 cx
1772 5085 2074 5140 temerariis
2123 5086 2346 5140 ausibus
2386 5083 2873 5156 nugacissimorum
2921 5083 3290 5139 Graeculorum
3335 5078 3604 5152 prodiisse.
3638 5060 3758 5136 Quod

569 5183 754 5238 videas
788 5182 1019 5236 maxime
1046 5182 1100 5235 in
1125 5189 1402 5251 postrema
1430 5189 1581 5244 nota,
1610 5179 1700 5234 ubi
1729 5194 1796 5235 ex
1821 5193 1930 5234 uno
1954 5179 2123 5250 Regio
2147 5178 2347 5235 Codice
2373 5177 2578 5232 naenias
2618 5176 2945 5246 protulimus
2984 5174 3306 5230 soloecismis
3341 5173 3542 5243 plenas,
3569 5179 3626 5220 ac
3649 5171 3756 5228 quo-

569 5276 653 5328 vis
684 5274 862 5345 sagaci
895 5273 1137 5339 homine,
1160 5288 1230 5328 ne
1257 5273 1432 5328 dicam
1464 5272 1873 5343 Chrysostomo,
1901 5271 2170 5341 indignas.

640 5342 1110 5435 Constantinopoli
1136 5372 1319 5419 autem
1353 5342 1591 5419 habitam
1618 5364 1784 5418 fuisse
1807 5362 2037 5418 suadent
2071 5362 2190 5416 haec
2219 5359 2384 5415 verba
2413 5376 2563 5415 num.
2596 5359 2631 5412 2
2658 5376 2670 5411 :
2703 5359 2880 5413 Nostis
2917 5377 3004 5414 vos
3039 5361 3315 5413 innumera
3347 5352 3568 5422 exempla
3604 5349 3650 5400 in
3682 5342 3754 5393 hac

568 5460 695 5517 urbe
724 5460 864 5512 circa
894 5457 1311 5526 intempestivam
1338 5456 1637 5524 lmjusmodi
1657 5456 1964 5509 diuitiarum
1981 5454 2255 5524 jacturam
2279 5470 2297 5507 .'
2328 5463 2376 5508 et
2412 5453 2686 5513 didicistis,
2716 5453 2914 5506 uiuente
2941 5467 3233 5521 possessore
3263 5446 3410 5521 [504]
3441 5438 3751 5514 possessione"!

571 5552 784 5619 periisse
807 5567 825 5604 :
855 5550 1160 5604 diuitiarum
1191 5549 1329 5602 enim
1354 5547 1475 5616 finis
1502 5558 1576 5602 est
1607 5549 1830 5602 mutatio
1860 5547 1916 5601 in
1944 5555 2329 5617 paupertatem.
2361 5545 2628 5615 Perpende
2653 5546 2814 5616 igitur
2849 5544 3208 5615 quam.brevis
3238 5539 3477 5609 temporis
3503 5534 3562 5588 sit
3593 5537 3751 5631 post":

574 5646 673 5701 sio.
703 5646 842 5698 Nam
874 5659 1136 5711 possessor
1169 5644 1293 5697 uiuit
1339 5653 1450 5712 post
1490 5644 1764 5713 jacturam
1810 5643 2165 5714 possessionis.
2197 5642 2364 5710 Atque
2391 5641 2598 5696 utinam
2635 5640 2873 5710 periisset
2919 5638 3194 5706 possessio,
3245 5647 3406 5703 neque
3443 5631 3495 5683 ίη
3524 5627 3748 5721 Ρενπίξ¹τη³

574 5736 817 5791 traxisset
851 5736 1019 5805 ipsum
1045 5753 1407 5805 possessorem.
1442 5740 1556 5792 Non
1589 5740 1846 5792 erraveris
1878 5739 2039 5808 igitur
2084 5738 2128 5791 si
2158 5737 2354 5792 dixeris
2399 5735 2612 5790 divitias
2655 5750 2766 5788 esse
2807 5732 3145 5786 domesticum
3185 5731 3445 5800 ingratum
3466 5764 3478 5788 ,
3511 5721 3744 5786 sanguina-
