4068 6270
357 333 463 390 49³1

356 449 565 502 laudate
588 462 701 501 eum
726 446 780 500 in
803 442 1048 517 cymbalis
1059 442 1376 514 jubilationis
1402 440 1501 510 (a).
1533 440 1701 501 Alius,
1732 437 1799 493 In
1816 455 1950 509 cym-

356 536 486 590 balis
527 536 928 605 signiﬁcationis.
978 533 1160 588 Omnis
1200 533 1406 602 spiritus
1447 531 1618 585 laudet
1658 530 1952 584 Dominum.

354 629 505 682 Alius
523 666 539 692 ,
565 626 876 696 Rcspiratio,
905 625 1077 679 Movet
1103 624 1279 677 omnia
1299 623 1647 676 instrumenta
1682 662 1698 688 ,
1727 631 1781 675 et
1802 620 1958 689 jubet

359 735 453 788 per
472 717 649 771 omnia
673 717 854 772 oll‘erri
885 717 995 771 Deo
1026 715 1460 780 modulationem,
1491 728 1679 768 eorum
1711 712 1949 766 animum

364 811 666 866 accendens
694 819 748 864 et
772 811 1032 865 excitans.

429 902 656 957 Membra
695 913 866 956 nostra
896 913 948 956 ut
966 901 1128 956 Deum
1149 901 1393 966 laudent;
1413 901 1603 954 musica
1626 899 1955 953 instrumenta

356 995 654 1050 curJudceis
674 995 942 1064 permissa;
959 992 1072 1048 laus
1087 993 1182 1048 Dei
1203 993 1508 1062 sacriﬁcium
1529 993 1573 1046 ei
1588 992 1948 1062 gratissimum.

355 1084 885 1152 --Quemadmodum
905 1100 1033 1154 ergo
1044 1083 1072 1140 J
1079 1085 1242 1138 udaiis
1262 1099 1357 1154 per
1376 1083 1552 1137 omnia
1570 1085 1945 1137 instrumenta:

355 1178 425 1232 ita
455 1177 609 1231 nobis
629 1176 933 1247 praecipitur
963 1175 1179 1230 laudare
1197 1175 1360 1228 Deum
1378 1190 1473 1244 per
1491 1175 1666 1228 omnia
1689 1173 1945 1239 membra,

355 1284 450 1336 per
493 1267 714 1332 oculos,
747 1281 843 1335 per
872 1266 1101 1336 linguam
1139 1306 1153 1331 ,
1187 1280 1282 1336 per
1309 1281 1484 1330 aures,
1525 1273 1580 1319 et
1619 1280 1712 1333 per
1739 1279 1946 1317 manus.

355 1356 505 1422 Quod
521 1355 734 1425 quidem
755 1355 948 1411 Paulus
962 1371 1174 1426 quoque
1188 1355 1444 1426 signiﬁcat
1462 1355 1646 1411 dicens
1666 1373 1678 1406 :
1702 1355 1948 1409 Exhibete

356 1462 575 1517 corpora
599 1456 760 1501 uestra
789 1447 1005 1500 hostiam
1031 1448 1223 1514 uiuam,
1245 1456 1472 1501 sanctam
1489 1486 1505 1512 ,
1536 1445 1642 1501 Deo
1676 1447 1797 1500 bene
1822 1447 1935 1516 pla-

354 1547 570 1604 centem,
602 1537 901 1592 rationalem
930 1540 1118 1593 cultum
1138 1549 1354 1594 uestrum
1379 1538 1556 1610 (Rom.
1586 1538 1673 1592 12.
1699 1537 1775 1610 1).
1799 1537 1940 1592 Lau-

354 1629 447 1683 dat
473 1629 616 1684 enim
667 1629 856 1685 oculus
876 1671 891 1696 ,
919 1630 1132 1699 quando
1157 1647 1261 1687 non
1290 1630 1524 1686 intuetur
1551 1630 1816 1700 impudice
1843 1647 1856 1684 :
1889 1624 1944 1685 et

249 1761 258 1767 -
357 1722 556 1792 lingua,
583 1724 793 1793 quando
836 1722 1015 1792 psallit
1052 1739 1066 1774 :
1105 1731 1159 1778 et
1200 1722 1378 1788 auris,
1412 1721 1628 1792 quando
1674 1721 1942 1791 improbas

357 1815 652 1871 cantilenas
680 1824 735 1871 et
774 1817 1169 1871 accusationem
1211 1815 1438 1886 proximi
1464 1831 1568 1869 non
1592 1815 1816 1884 suscipit
1843 1830 1857 1867 :
1887 1824 1942 1869 et

360 1921 514 1961 mens
537 1947 552 1971 ,
583 1906 796 1976 quando
820 1906 974 1961 dolos
1003 1921 1109 1961 non
1151 1907 1348 1972 struit,
1377 1905 1471 1961 sed
1505 1906 1657 1975 plena
1684 1913 1768 1960 est
1794 1906 1938 1960 cari-

359 2005 466 2052 tate
493 2013 506 2050 :
535 2006 591 2052 et
620 1997 782 2067 pedes
800 2037 816 2064 ,
843 1997 1054 2068 quando
1083 2013 1188 2053 non
1234 2007 1456 2052 currunt
1494 1996 1548 2051 in
1579 1999 1762 2051 vitium
1781 2038 1797 2065 ,
1843 1996 1935 2051 sed

354 2088 422 2143 ad
468 2104 554 2143 res
593 2088 756 2144 bonas
801 2089 1060 2160 gerendas
1088 2107 1101 2144 :
1128 2100 1184 2145 et
1227 2106 1449 2156 manus,
1481 2089 1693 2160 quando
1735 2103 1840 2144 non
1870 2089 1938 2144 ad

354 2179 491 2234 furta
517 2188 570 2234 et
593 2181 805 2252 rapinas
823 2223 838 2247 ,
867 2196 967 2236 nec
995 2182 1059 2235 ad
1088 2181 1402 2252 pulsandum
1429 2190 1485 2235 et
1510 2181 1934 2247 verberandum,

353 2269 449 2324 sed
489 2269 552 2324 ad
581 2270 974 2342 cleemosynam
993 2312 1009 2338 ,
1038 2281 1091 2326 et
1136 2271 1204 2325 ad
1230 2285 1325 2326 eos
1352 2270 1716 2326 defendendos
1743 2271 1937 2339 quibus

353 2358 413 2412 fit
441 2357 631 2430 injuria
658 2360 1036 2415 extenduntur.
1059 2361 1209 2416 Tunc
1227 2362 1369 2416 enim
1392 2363 1450 2415 ﬁt
1470 2361 1631 2416 homo
1650 2377 1935 2417 numerosa

351 2449 555 2504 cithara
573 2492 588 2516 ,
621 2465 959 2506 numerosam
987 2461 1042 2506 et
1065 2452 1353 2522 spiritalem
1383 2451 1798 2508 modulationem
1826 2452 1936 2508 Deo

351 2543 603 2596 offerens.
653 2542 744 2595 llla
771 2552 947 2597 autem
979 2542 1328 2598 ihstrumenta
1377 2552 1499 2597 tunc
1541 2543 1646 2597 illis
1674 2543 1932 2615 permissa

352 2632 582 2697 fuerant,
611 2643 670 2687 et
693 2641 913 2704 propter
933 2648 1117 2688 eorum
1139 2634 1571 2701 imbecillitatem,
1593 2642 1648 2689 et
1674 2633 1816 2703 quod
1839 2649 1934 2688 eos

352 2725 405 2778 in
435 2725 656 2779 caritate
680 2734 735 2779 et
776 2726 1060 2780 concordia
1089 2735 1549 2794 eontemperarent
1571 2767 1586 2789 ,
1615 2733 1668 2780 et
1695 2737 1929 2780 mentem

354 2830 540 2870 eorum
572 2815 886 2883 excitarent,
919 2825 977 2870 ut
1003 2816 1248 2872 lubenter
1274 2816 1509 2872 facerent
1533 2832 1652 2886 quae
1679 2817 1759 2871 eis
1778 2825 1931 2871 erant

417 2906 490 2972 (ῃ)
521 2907 635 2965 ouis
672 2908 739 2958 ita
769 2911 980 2972 verterit
1019 2909 1313 2971 ignoramus.
1348 2907 1478 2958 Infra
1501 2921 1620 2958 vero
1642 2923 1757 2968 vox,
1780 2909 1933 2972 respi-

352 2969 505 3026 ratio,
540 2982 654 3029 pro,
685 2974 878 3030 mam,
916 2971 976 3018 ad
1000 2969 1102 3019 tres
1126 2972 1392 3031 pracipuos
1427 2972 1754 3031 interpretes,
1779 2969 1930 3032 Aqui-

351 3036 449 3103 iam
474 3073 498 3103 ,_
531 3038 872 3103 Symmachum
899 3047 952 3088 et
989 3039 1381 3103 Theodotionem
1425 3039 1683 3102 pertinere
1734 3045 1918 3103 potest,

351 3097 532 3156 quisic
566 3098 818 3162 (ἁναπνοή)
859 3099 1178 3164 interpretari
1209 3102 1391 3150 solent.

1459 325 1817 384 EXPOSITIO
1854 325 1918 381 IN
1957 325 2274 382 PSALMUM
2312 326 2410 382 CL.

3524 321 3530 328 ’
3555 333 3658 392 tas

2069 458 2220 512 utilia
2256 477 2271 512 :
2300 469 2356 514 et
2384 460 2521 526 quod
2552 472 2646 528 per
2671 458 2829 514 talem
2860 460 3022 515 animi
3053 461 3462 522 delectationem
3487 467 3653 524 vellet

2067 562 2162 603 eos
2189 549 2255 604 ad
2278 550 2449 617 majus
2475 549 2708 604 studium
2733 550 3018 608 adducere.
3043 552 3176 609 Cum
3207 557 3350 612 enim
3391 560 3534 614 Deus
3564 561 3650 614 in-

2063 638 2328 709 telligeret
2352 655 2510 708 quam
2537 652 2718 696 essent
2739 641 3052 711 illiberales,
3079 647 3332 703 socordes
3355 659 3409 704 et
3436 651 3610 719 supini
3632 693 3648 716 ,

2062 745 2158 785 eos
2184 729 2284 784 hac
2313 731 2520 787 ratione
2567 733 2806 788 excitare
2834 734 3032 802 voluit,
3059 751 3242 791 eorum
3272 738 3324 792 in
3367 740 3650 795 assidendo

2061 821 2300 877 laborem
2325 829 2381 877 et
2401 822 2767 879 assiduitatem
2791 824 3024 894 jucunda
3055 826 3418 885 modulatione
3444 841 3650 899 tempe.

2059 928 2206 968 rans.
2257 911 2396 980 Quid
2440 923 2524 969 est
2566 924 2785 979 autem,
2833 915 2888 969 in
2925 917 3168 987 cymbalis
3217 919 3642 990 signiﬁcationis!

2058 1002 2301 1060 Psalmos
2347 1005 2420 1060 ita
2463 1003 2614 1062 dicit.
2661 1005 2845 1076 Neque
2897 1008 3042 1063 enim
3087 1020 3292 1066 temere
3342 1009 3645 1081 cymbalum

2057 1095 2368 1166 pulsabant,
2401 1111 2501 1152 nec
2526 1106 2729 1152 temere
2769 1098 2972 1154 cithara
3002 1101 3292 1168 sonabant,
3332 1102 3427 1158 sed
3470 1119 3643 1173 quan-

2058 1195 2168 1241 tum
2195 1187 2310 1243 ﬁeri
2355 1196 2600 1258 poterat,
2627 1204 2722 1258 per
2745 1191 3006 1261 cymbala,
3041 1207 3138 1262 per
3179 1193 3334 1248 tubas
3361 1203 3416 1248 et
3447 1209 3544 1264 per
3567 1195 3648 1248 ci-

2055 1281 2262 1335 tharam
2293 1281 2652 1336 ostendebant
2699 1282 3142 1351 signiﬁcationem
3191 1285 3556 1354 psalmorum:
3587 1297 3644 1340 et

2053 1371 2205 1426 labor
2233 1371 2608 1442 studiumque,
2641 1373 2782 1442 quod
2813 1375 2868 1428 iu
2894 1375 3008 1430 haec
3036 1376 3410 1443 conferebant,
3442 1377 3640 1432 aﬂ'ere-

2051 1461 2142 1517 bat
2171 1462 2250 1517 eis
2277 1478 2524 1533 magnam
2553 1463 2856 1520 utilitatem.
2893 1464 3070 1520 Omnis
3097 1468 3308 1536 spiritus
3334 1467 3504 1521 laudet
3527 1467 3638 1520 Da.

2053 1552 2265 1606 minum.
2301 1553 2590 1624 Postquam
2616 1555 2757 1609 enim
2782 1556 2989 1610 vocavit
3011 1570 3106 1611 eos
3125 1557 3214 1626 qui
3237 1569 3361 1612 sunt
3387 1558 3442 1612 in
3467 1559 3634 1625 caelis,

2050 1652 2329 1712 postquam
2356 1644 2610 1714 populum
2632 1646 2913 1711 excitavit,
2941 1657 3213 1716 postquam
3245 1648 3420 1702 omnia
3443 1649 3642 1704 instrue

2052 1742 2229 1787 menta
2258 1735 2578 1801 commovit,
2607 1734 2674 1788 ad
2698 1751 2911 1790 omnem
2933 1737 3183 1806 deinceps
3210 1748 3452 1793 naturam
3485 1756 3637 1809 egre-

2049 1823 2212 1890 ditur,
2246 1838 2459 1878 omnem
2489 1823 2742 1894 deinceps
2769 1827 2980 1881 aetatem
3009 1841 3204 1882 vocans
3233 1829 3297 1882 ad
3321 1829 3637 1883 modulatio-

2048 1928 2193 1981 nem,
2225 1929 2406 1982 senes,
2428 1915 2597 1981 viros,
2618 1915 2878 1985 juvenes,
2907 1916 3208 1985 impuberes
3233 1959 3248 1982 ,
3279 1919 3548 1982 mulieres,
3580 1929 3636 1973 et

2044 2019 2234 2061 omnes
2257 2007 2347 2076 qui
2388 2008 2572 2063 orbem
2606 2017 2763 2062 terrae
2809 2008 3068 2074 habitant,
3115 2025 3181 2064 ex
3208 2009 3310 2066 hoc
3355 2011 3475 2065 loco
3501 2012 3634 2066 Novi

2043 2095 2369 2160 Testamenti
2394 2099 2504 2168 jam
2552 2099 2756 2155 semina
2785 2099 3042 2170 dejiciens
3081 2101 3148 2157 iis
3174 2103 3262 2172 qui
3292 2118 3388 2173 per
3412 2105 3632 2158 univer-

2042 2201 2160 2241 sum
2213 2187 2401 2242 orbem
2457 2199 2612 2244 terra:
2661 2190 2870 2245 extensi
2917 2199 3062 2246 sunt.
3109 2191 3276 2246 Deum
3322 2209 3451 2262 ergo
3504 2209 3631 2264 per-

2041 2289 2203 2348 petuo
2233 2277 2513 2334 laudemus
2537 2321 2551 2345 ,
2579 2294 2678 2335 nec
2716 2295 2814 2350 pro
2856 2281 3105 2336 omnibus
3143 2275 3342 2352 gratias
3379 2298 3534 2353 agere
3577 2293 3632 2338 ct

2039 2369 2217 2424 verbis
2242 2378 2296 2423 et
2321 2369 2473 2424 factis
2502 2371 2937 2427 intermittamus.
2964 2371 3075 2426 Hoc
3101 2380 3184 2426 est
3210 2372 3350 2426 enim
3381 2383 3620 2428 nostrum

2038 2459 2380 2525 sacriﬁcium,
2401 2469 2457 2515 et
2483 2461 2703 2527 oblatio;
2728 2461 2829 2518 hoc
2853 2471 2938 2518 est
2962 2463 3220 2532 optimum
3249 2465 3626 2530 ministerium,
3721 2455 3724 2458 ’

2036 2549 2182 2620 quod
2207 2549 2362 2606 decet
2383 2552 2678 2622 angelicam
2709 2553 2835 2606 vitm
2860 2553 3268 2608 institutionem.
3292 2555 3359 2608 Et
3383 2555 3428 2609 si
3456 2555 3623 2610 Deum

2038 2643 2110 2697 ita
2142 2642 2358 2697 laudare
2390 2658 2794 2713 perseveremus
2816 2684 2832 2711 ,
2865 2654 2922 2700 et
2949 2655 3264 2715 praesentem
3295 2649 3456 2702 vitam
3497 2648 3624 2702 abs-

2034 2747 2140 2802 que
2167 2734 2276 2787 ulla
2299 2731 2598 2789 offensione
2616 2748 2958 2804 peragemus,
2983 2744 3038 2790 et
3066 2736 3204 2790 bona
3230 2735 3405 2791 futura
3431 2752 3626 2791 conse-

2035 2839 2265 2893 quemur
2293 2843 2309 2880 :
2335 2841 2456 2893 quae
2483 2824 2640 2880 detur
2668 2825 2824 2880 nobis
2852 2826 3102 2881 omnibus
3130 2828 3382 2897 consequi
3407 2868 3423 2892 ,
3456 2829 3626 2899 gratia

2033 2927 2085 2972 et
2115 2917 2547 2972 miserationibus
2567 2917 2775 2972 Domini
2799 2919 2967 2973 nostri
2989 2919 3116 2975 Jesu
3137 2918 3353 2984 Christi,
3375 2935 3495 2975 cum
3519 2937 3626 2990 quo

2035 3009 2180 3064 Patri
2213 3025 2335 3064 cum
2379 3019 2565 3065 sancto
2589 3010 2787 3079 Spiritu
2829 3011 2994 3079 gloria
3016 3052 3031 3076 ,
3067 3012 3237 3066 honor
3257 3054 3272 3076 ,
3307 3013 3583 3082 imperium
3603 3055 3620 3077 ,

2035 3113 2177 3155 nunc
2225 3108 2280 3154 et
2316 3110 2650 3169 semper,et
2693 3101 2747 3154 in
2799 3101 2992 3157 saecula
3043 3103 3380 3158 szeculorum.
3430 3106 3622 3158 Amen.

533 3409 3585 3436 Μ

1779 3686 2152 3758 MONITUM,

337 3913 478 3996 rium
501 3949 551 3995 et
576 3938 891 4006 homicidam
917 3955 936 3994 :
965 3937 1325 4000 domesticum,
1351 3934 1442 4004 qui
1470 3933 1526 3986 in
1550 3934 2023 3986 remunerationem
2052 3932 2177 3985 hero
2203 3948 2377 3986 necem
2405 3934 2584 4004 infert.
2627 3934 2730 3989 Uhi
2771 3934 3015 4009 Eutropii
3049 3940 3176 3994 olim
3210 3950 3480 4009 potestate
3527 3951 3582 3997 et

337 4035 532 4104 opibus
556 4035 798 4092 ﬂorentis
818 4032 1176 4089 calamitatem
1211 4037 1265 4082 et
1290 4042 1480 4081 necem
1506 4039 1933 4081 commemorem
1977 4024 2199 4078 omnino
2241 4025 2478 4087 videtur,
2501 4041 2717 4082 necnon
2762 4032 2992 4087 aliorum
3034 4033 3325 4088 multorum
3361 4037 3451 4108 qui
3488 4051 3575 4106 pet

338 4125 457 4178 haec
485 4133 726 4194 tempora
758 4119 1226 4190 Constantinopoli
1252 4117 1484 4172 fortunae
1514 4114 1941 4172 vicissitudinem
1970 4114 2178 4184 experti
2213 4123 2360 4168 sunt.
2392 4115 2654 4186 Quodque
2678 4121 3076 4175 animadvertas
3111 4121 3292 4186 velim,
3328 4126 3417 4181 hic
3446 4142 3583 4194 pene

337 4215 470 4284 ipsis
501 4216 682 4271 verbis
708 4217 875 4271 multa
901 4213 1116 4284 repetit,
1154 4227 1274 4281 qua:
1305 4211 1357 4263 in
1391 4209 1565 4278 prima
1591 4208 1660 4262 de
1694 4205 1956 4274 Eutropio
1989 4205 2230 4269 homilia,
2263 4203 2419 4260 Tom.
2443 4209 2500 4268 '5,
2527 4222 2584 4278 p.
2608 4208 2704 4263 581
2731 4220 2787 4265 et
2813 4226 2996 4279 seqq.,
3021 4211 3272 4280 pluribus
3303 4213 3583 4273 dicuntur.

335 4321 440 4362 nec
469 4323 576 4362 non
605 4308 762 4363 initio
792 4306 1066 4377 sequ'cntis
1103 4304 1171 4358 de
1208 4301 1470 4370 Eutropio
1519 4299 1776 4354 homilia.
1823 4297 1996 4351 Aliam
2043 4313 2261 4367 quoque
2303 4307 2487 4353 notam
2529 4299 2686 4356 aﬁert
2731 4301 3132 4366 Tillemontius,
3165 4320 3271 4373 qua
3323 4307 3578 4374 probatur

335 4397 782 4470 Chrysostomum
815 4408 944 4451 tunc
968 4396 1283 4465 episcopum
1336 4393 1452 4447 haec
1496 4390 1876 4446 concionatum
1919 4402 2083 4443 esse:
2135 4390 2260 4459 quia
2308 4390 2565 4445 nimirum
2606 4407 2728 4447 sese
2761 4403 3035 4463 pastorem
3088 4396 3218 4452 dicit
3259 4413 3492 4455 numero
3520 4401 3576 4462 4,

333 4501 498 4559 atque
532 4491 604 4545 ita
630 4491 761 4546 dicit
791 4499 849 4544 ut
876 4485 1199 4559 praecipuam
1231 4485 1462 4555 pastoris
1483 4482 1900 4539 sollicitudinem
1928 4483 1996 4535 ad
2034 4495 2094 4536 se
2125 4482 2400 4551 pertinere
2435 4494 2846 4540 commonstret.

407 4606 546 4662 Hinc
574 4606 738 4662 etiam
775 4605 925 4675 argui
957 4603 1170 4659 videtur
1215 4603 1359 4656 hanc
1398 4601 1676 4655 homiliam
1703 4596 2177 4667 Constantinopoli
2227 4598 2468 4653 habitam
2498 4599 2688 4665 fuisse,
2735 4602 2879 4671 quod
2907 4617 3143 4672 sequens
3189 4604 3430 4671 homilia,
3460 4625 3581 4678 qu:e

332 4700 512 4755 eidem
563 4709 884 4773 argumento
941 4698 1164 4764 insistit,
1207 4706 1261 4752 et
1289 4697 1344 4750 in
1377 4697 1630 4751 eumdem
1677 4695 1747 4750 48
1787 4693 1986 4748 Psalmi
2015 4694 2192 4750 locum
2235 4695 2420 4750 habita
2447 4706 2549 4762 est,
2591 4695 3057 4768 Constantinopoli
3101 4700 3243 4756 dicta
3293 4691 3476 4770 lucrit,
3523 4713 3582 4759 ut

333 4793 392 4846 in
435 4793 597 4848 titulo
629 4793 818 4848 fertur.
850 4791 978 4846 Haec
1022 4804 1185 4860 porro
1215 4787 1452 4842 secunda
1498 4787 1718 4842 homilia
1763 4802 1793 4841 a
1839 4783 2225 4858 Chrysostomo
2271 4790 2621 4858 pronuntiata
2667 4790 2768 4845 fuit
2809 4800 3095 4861 postquam
3149 4795 3441 4864 quispiam,
3482 4812 3578 4852 seu

333 4885 620 4956 presbyter
672 4882 1336 4952 Constantinopolitanus,
1393 4896 1490 4935 seu
1531 4880 1754 4934 alterius
1802 4879 2034 4936 civitatis
2081 4881 2371 4951 episcopus
2421 4883 2776 4939 concionatus
2815 4885 3009 4951 fuerat,
3063 4895 3122 4940 ut
3175 4889 3332 4942 initio
3360 4891 3581 4945 dicitur.

333 4977 462 5032 Post
516 4976 778 5031 tumultus
835 4985 1016 5029 autem
1056 4971 1322 5042 quosdam
1351 4970 1984 5040 Constantinopolitanos
2014 4972 2199 5026 habita
2231 4972 2351 5038 fuit,
2399 4987 2460 5028 ut
2498 4977 2600 5032 sub
2654 4977 2866 5031 initium
2901 4977 3173 5031 indicatur
3219 4979 3304 5032 his
3353 4979 3531 5033 verbis
3563 4999 3578 5034 :

331 5070 441 5140 Age
485 5086 606 5139 ergo
635 5085 726 5122 nos
749 5083 950 5137 quoque
987 5063 1341 5125 tumultuum,
1388 5062 1478 5132 qui
1499 5062 1618 5130 jam
1663 5061 2005 5130 contigerunt,
2038 5062 2266 5130 procella
2315 5063 2549 5131 liberati,
2600 5074 2873 5135 tamquam
2924 5065 3224 5133 ﬂuuialibus
3267 5067 3579 5135 quibusdam

333 5159 489 5226 aquis
513 5174 668 5211 aures
697 5167 901 5211 nostras
926 5155 1143 5208 lectione
1169 5151 1568 5221 Scripturarum
1597 5151 1896 5204 abluantus.
1930 5150 2006 5204 De
2034 5166 2143 5219 quo
2170 5152 2405 5207 tumultu
2433 5169 2497 5207 ac
2524 5154 2932 5222 perturbatione
2965 5154 3210 5223 quaedam
3250 5155 3381 5209 dicit
3413 5157 3575 5213 etiam

332 5249 581 5303 inferius.
624 5247 899 5304 Putaverit
948 5247 1178 5302 fortasse
1211 5245 1478 5315 quispiam
1510 5243 1597 5297 hic
1639 5242 1722 5312 agi
1764 5243 1832 5297 de
1864 5243 2038 5311 primo
2067 5243 2184 5312 ejus
2213 5245 2429 5306 exsilio.
2455 5246 2602 5314 quod
2625 5261 2771 5300 anno
2805 5245 2910 5300 405
2942 5246 3203 5316 contigit:
3240 5257 3295 5302 at
3320 5245 3582 5306 libentius

331 5339 618 5393 crederem
666 5340 754 5395 hic
800 5339 944 5409 loqui
988 5337 1433 5408 Chrysostomum
1465 5335 1533 5390 de
1577 5334 1740 5388 rebus
1769 5333 2052 5403 EutrOpii,
2106 5334 2347 5404 itemque
2379 5337 2657 5390 Aureliani
2689 5345 2746 5390 et
2786 5336 3064 5390 Saturnini
3111 5339 3454 5408 optimatum,
3487 5345 3579 5411 qui

337 5429 525 5487 Gaium
569 5445 733 5499 opera
781 5439 837 5485 et
870 5431 1102 5485 tumultu
1137 5429 1276 5500 pulsi
1309 5437 1438 5484 sunt
1473 5428 1528 5482 in
1578 5425 1851 5491 exsilium,
1905 5427 2080 5497 deque
2129 5427 2299 5496 ipsius
2331 5426 2515 5481 Gainae
2558 5428 2883 5492 defectione,
2943 5429 3127 5499 sicque
3177 5448 3320 5488 anno
3362 5434 3580 5489 circiter

334 5521 442 5576 400
469 5520 650 5574 habita
681 5519 893 5583 'fuerit;
924 5533 1251 5588 quamquam
1286 5518 1338 5573 id
1360 5533 1468 5572 non
1500 5514 1722 5570 omnino
1751 5524 1960 5569 certum
2004 5515 2095 5570 sit.
2120 5513 2321 5570 Prioris
2349 5517 2584 5571 homilia:
2625 5516 3129 5586 interpretationem
3173 5537 3366 5577 novam
3400 5523 3578 5579 edidi-

333 5626 478 5672 mus,
512 5612 640 5680 quia
666 5611 753 5664 illa
779 5624 900 5680 quae
929 5609 984 5661 in
1021 5608 1180 5663 Edito
1213 5617 1352 5673 erat,
1375 5625 1405 5664 a
1430 5606 1723 5664 Godefrido
1753 5605 2039 5662 Tilmanno
2072 5605 2538 5678 παραφραστικῶς
2583 5607 2908 5663 concinnata
2949 5608 3147 5666 fuerat.
3191 5613 3453 5670 Secunda:
3492 5618 3579 5674 in-

336 5703 651 5772 terpretatio
681 5711 761 5756 est
798 5700 1088 5754 Frontonis
1116 5699 1316 5754 Ducmi.
