4012 6280
537 313 644 370 499

1224 301 1284 358 S.
1323 296 1607 355 JOANNIS
1646 285 2136 351 CHRYSOSTOMI
2173 280 2495 340 ARCHIEP.
2535 271 3082 334 CONSTANTINOP.
3660 269 3748 325 κου

1005 1140 1126 1228 IN
1207 1133 1657 1228 DICTUM
1733 1129 2096 1219 ILLUD
2169 1115 2854 1212 PROPHETJE
2929 1109 3339 1231 DAVID,

552 1462 633 1506 NE
672 1460 968 1505 TIMUERIS
1013 1459 1142 1503 CUM
1188 1454 1368 1498 DIVES
1404 1451 1642 1495 FACTUS
1689 1447 1928 1492 FUEBIT
1967 1445 2182 1496 HOMO,
2229 1443 2309 1485 ET
2347 1441 2478 1484 CUM
2525 1435 2991 1482 MULTIPLICATA
3032 1433 3269 1477 FUERIT
3307 1429 3536 1475 GLORIA
3578 1425 3774 1472 DOMCS

1368 1577 1514 1620 EJL‘S
1543 1555 1734 1638 (Psal.
1781 1555 1880 1617 ῐι8.
1918 1550 2020 1633 1⁸7)
2061 1550 2180 1630 (α);
2229 1567 2309 1608 nr
2346 1566 2426 1607 nu
2467 1559 2989 1607 llOSPlTALlTATE.

620 2420 666 2473 i.
708 2416 1004 2473 iucundum
1033 2416 1278 2487 agricolae
1304 2424 1538 2468 aratrum
1575 2414 1788 2470 trahere
1824 2414 1890 2470 ad
1917 2430 2115 2486 expur-

545 2511 774 2582 gandum
803 2524 1011 2575 arvum,
1040 2508 1215 2562 sulcos
1237 2507 1459 2573 ﬁndere,
1487 2506 1771 2576 spinasque
1790 2507 2111 2572 convellere,

542 2602 801 2673 atque-ita
843 2601 1042 2655 semina
1082 2600 1280 2670 jacere,
1304 2599 1444 2654 nulla
1491 2599 1775 2666 superstite
1803 2599 1955 2668 spina
1998 2615 2115 2669 quae

541 2693 765 2748 sementi
792 2691 988 2747 ofﬁciat
1013 2708 1027 2747 :
1059 2692 1229 2746 multo
1252 2690 1537 2760 jucundius
1557 2690 1776 2757 dicenti,
1800 2707 1918 2746 cum
1943 2691 1994 2745 in
2015 2706 2113 2746 au-

541 2800 658 2840 rem
699 2786 925 2839 tumultu
973 2799 1190 2839 vacuam
1216 2784 1394 2838 divina
1423 2797 1578 2838 sensa
1618 2781 1852 2854 jacit(b).
1884 2781 2112 2852 Ideoque

539 2892 659 2930 cum
687 2877 957 2945 voluptate
981 2890 1280 2931 sermonem
1319 2875 1574 2939 ordimur,
1620 2875 1742 2944 quia
1773 2875 1876 2930 hoc
1921 2890 2111 2929 arvum

540 2975 886 3037 expurgatum
906 2966 1280 3034 conspicimus.
1301 2965 1448 3020 Licet
1467 2966 1608 3019 enim
1630 2973 1859 3020 mentem
1881 2973 2111 3019 vestram

543 3071 649 3110 non
679 3056 970 3122 videamus,
988 3063 1043 3109 at
1067 3055 1236 3125 aperti
1260 3055 1397 3109 oculi
1423 3063 1470 3108 c'
1500 3064 1720 3108 arrectae
1743 3069 1898 3108 aures
1922 3063 2113 3110 vestra:

542 3151 763 3204 internas
785 3149 1176 3219 tranquillitatis
1202 3147 1329 3201 mihi
1358 3147 1594 3218 praebent
1630 3145 1899 3200 indicium.
1931 3144 1986 3200 In
2017 3160 2112 3198 vc-

541 3251 705 3295 stram
733 3241 926 3310 quippe
969 3240 1346 3295 conscientiam
1397 3238 1600 3308 ingredi
1645 3253 1852 3307 nequeo
1882 3256 1896 3293 :
1928 3254 2111 3292 verum

543 3333 683 3387 oculi
710 3334 873 3387 vestri
905 3334 1092 3387 intenti
1120 3341 1279 3402 atque
1309 3332 1360 3385 in
1385 3331 1614 3386 sublime
1640 3330 1803 3385 erecti
1825 3331 2112 3385 testiﬁcan-

547 3437 631 3479 tur
661 3426 857 3479 nullam
903 3426 1044 3481 intus
1089 3441 1210 3482 esse
1252 3425 1739 3496 perturbationem;
1791 3426 1896 3479 imo
1939 3426 2113 3493 potius

540 3529 660 3567 cum
703 3514 972 3568 alacritate
1017 3516 1296 3570 clamatis:
1338 3513 1539 3583 Sparge
1581 3515 1818 3579 semina;
1859 3513 2110 3583 quidquid

536 3605 750 3676 ieceris,
772 3621 867 3674 spe
893 3605 1091 3660 fructus
1109 3607 1426 3676 decerpendi
1446 3606 1770 3675 excipimus:
1801 3606 2108 3659 surcularem

541 3698 683 3753 enim
712 3712 923 3752 omnem
949 3713 1129 3753 curam
1156 3713 1221 3752 ex
1251 3699 1428 3751 animo
1457 3698 1726 3767 eiecimus.
1773 3696 2000 3751 Proinde
2028 3697 2108 3750 al-

541 3789 729 3843 tiorem
749 3803 850 3858 ego
878 3803 1090 3858 semper
1117 3789 1433 3843 sententiam
1461 3791 1684 3859 attingo,
1711 3790 1820 3859 agri
1853 3789 2109 3844 nobilitati

540 3880 794 3934 conlisus.
837 3880 1018 3950 Neque
1071 3882 1210 3935 enim
1250 3881 1521 3950 Scriptura
1563 3881 1854 3950 sapientem
1910 3889 2110 3933 tantum

539 3971 812 4026 doctorem
838 3971 1048 4040 quaerit,
1082 3970 1174 4026 sed
1201 3969 1761 4042 etiamintelligentem
1790 3969 2107 4025 auditorem.

539 4064 740 4118 Idcirco
781 4064 964 4120 beatos
994 4079 1089 4118 vos
1125 4064 1375 4132 praedico,
1406 4063 1616 4118 beatum
1645 4077 1732 4118 me
1763 4061 1900 4116 dico.
1923 4060 2111 4116 Beatus

539 4157 702 4218 enim,
732 4156 921 4226 inquit,
946 4157 1030 4222 qui
1055 4156 1276 4224 loquitur
1302 4156 1354 4208 in
1380 4171 1528 4209 aures
1570 4155 1881 4210 audientium
1919 4153 2106 4224 (Ereti.

535 4246 762 4314 25.12);
781 4257 852 4311 et,
867 4246 1011 4300 Beati
1025 4248 1110 4318 qui
1125 4248 1350 4302 esuriant
1370 4256 1418 4300 et
1439 4247 1612 4300 sitiunt
1622 4247 1874 4316 justitiam
1895 4245 2107 4314 (Matth.

539 4338 593 4392 5.
621 4338 698 4404 6).
734 4337 787 4391 In
816 4354 909 4392 vos
936 4340 1112 4407 igitur,
1139 4339 1227 4408 qui
1257 4353 1378 4394 cum
1405 4338 1581 4392 studio
1603 4338 1821 4402 adestis,
1852 4352 2005 4392 sensa
2029 4338 2113 4406 ja-

538 4428 728 4480 cimus.
758 4427 857 4480 Alii
901 4431 1094 4496 quippe
1131 4443 1315 4482 omnes
1345 4442 1485 4482 nunc
1527 4429 1580 4481 in
1597 4427 1718 4482 iero
1760 4435 1901 4491 sunt,
1933 4436 1988 4482 et
2011 4443 2111 4482 sa:-

541 4517 807 4570 eularibus
845 4518 984 4571 curis
1033 4517 1434 4583 labefactentur,
1465 4532 1560 4572 vos
1596 4526 1773 4571 autem
1813 4517 2112 4585 superiores

546 4616 686 4660 terra
731 4605 874 4670 facti,
907 4607 1198 4678 spiritualia
1247 4621 1404 4665 sensa
1449 4608 1724 4676 excipitis;
1781 4607 1854 4661 illi
1908 4607 2112 4661 ancilla:

543 4696 800 4760 serviunt,
831 4694 954 4750 dum
982 4711 1195 4751 carnem
1223 4703 1430 4762 curant,
1459 4713 1553 4752 vos
1582 4698 1830 4762 nobilem,
1859 4697 2110 4752 liberam-

541 4805 646 4862 que
670 4789 898 4842 animam
925 4799 1264 4855 exornantes,
1295 4789 1460 4859 ipsam
1496 4789 1737 4843 servatis.

610 4879 916 4936 Diuitiarum
964 4880 1176 4932 uanitas.
1215 4909 1287 4919 —
1324 4879 1546 4935 Ubinam
1594 4895 1734 4934 nunc
1777 4879 2038 4940 versaris,
2079 4892 2112 4932 o

539 4973 735 5028 homo?
762 4972 819 5028 lu
849 4971 986 5026 foro.
1018 4970 1153 5039 Quid
1194 4970 1550 5026 collecturus?
1586 4969 1809 5024 Caenum
1838 4980 1892 5025 et
1920 4969 2108 5023 lutum.

538 5065 694 5129 Veni,
727 5079 759 5118 a
789 5079 875 5120 tne
901 5072 1227 5134 unguentum
1263 5061 1463 5129 accipe.
1489 5058 1595 5117 Cur
1623 5061 1826 5129 colligis
1864 5060 2114 5128 pecunias

601 5175 676 5251 (α)
708 5173 980 5251 “omniain
1002 5170 1116 5251 illud
1130 5168 1603 5251 ,ﬁe‘gtt’uerirsagurn
1624 5168 1772 5251 gitis},
1801 5177 1916 5228 etc.,
1939 5167 2126 5251 collata.

539 5230 620 5288 est
638 5230 746 5286 cum
770 5230 1204 5297 Codicibusltegiis
1235 5233 1380 5290 1965,
1408 5231 1528 5297 196⁵5
1551 5240 1604 5280 et
1619 5230 1761 5297 ῇᾴὃ.

599 5297 828 5372 uissus
847 5295 1065 5372 ἀξμείφίιί
1085 5291 1348 5372 serratum
1369 5292 1636 5372 satisﬁat
1657 5291 2115 5372 meaemeae

541 5353 782 5413 hoiniiiam
803 5358 1054 5409 ordiunwr
1075 5356 1225 5418 icodd.
1251 5363 1400 5418 negg.
1425 5355 1546 5406 1965
1579 5362 1630 5403 et
1657 5353 1797 5418 1965Δ
1819 5360 1918 5402 Non
1950 5359 2113 5418 autem

537 5433 702 5485 Opera:
725 5423 930 5485 pretium
949 5423 1033 5485 est
1054 5417 1242 5468 illorum
1265 5413 1486 5468 Codicum
1517 5423 1705 5485 textum
1728 5413 1921 5485 afferre,
1946 5417 2114 5485 utpote

539 5475 586 5532 in
611 5475 894 5544 quihusdam
916 5481 1151 5544 vitiatum.
1176 5485 1411 5544 caeterum
1432 5477 1590 5544 oratio
1621 5484 1722 5526 tota
1745 5476 1886 5539 plena
1909 5475 2116 5544 salebris

539 5535 654 5592 esse
689 5543 906 5600 videtur;
939 5541 1068 5603 quod
1108 5541 1241 5603 inde
1265 5552 1386 5603 sane
1426 5539 1694 5603 profectum
1735 5535 1954 5599 putatur,
1986 5535 2114 5603 quod

541 5603 689 5652 multa
722 5597 990 5664 apogra'ph'a
1017 5602 1122 5662 ejus
1146 5601 1293 5664 edita
1331 5597 1530 5664 fuerint,
1566 5607 1617 5648 et
1655 5601 1715 5647 ab
1737 5597 2118 5664 amanuensibus

542 5664 707 5711 inultis
729 5657 1061 5723 v'el'det'npta;
1082 5662 1156 5711 vel
1182 5662 1338 5710 addita
1356 5695 1369 5718 ,
1401 5661 1477 5710 vel
1517 5668 1694 5709 mutata
1720 5673 1811 5707 non
1838 5672 1985 5722 pauca
2008 5657 2114 5705 fue-

541 5731 654 5774 I'tnt.

2220 2417 2408 2484 ﬂuxas,
2462 2419 2734 2475 avaritiam
2780 2436 2906 2477 vere
2956 2430 3267 2492 tyrannum,
3318 2425 3654 2496 magistratus
3691 2423 3768 2492 qui

2219 2518 2475 2576 pereunt,
2522 2510 2852 2565 saecularium
2905 2519 3151 2570 curarum
3201 2515 3448 2582 copiam,
3492 2531 3604 2584 quae
3637 2529 3768 2570 [nunc

2219 2601 2390 2664 adest,
2421 2611 2476 2657 et
2515 2616 2634 2656 cras
2672 2617 2777 2658 non
2817 2603 2962 2658 erit?
3001 2605 3126 2674 quid
3153 2605 3405 2676 deeerpis
3430 2605 3586 2664 ilores
3606 2605 3769 2661 relicto

2218 2691 2428 2746 fructu?
2473 2707 2570 2747 cur
2601 2702 2719 2762 post
2743 2694 2984 2749 umbram
3024 2695 3212 2760 curris,
3263 2703 3319 2754 et
3371 2697 3634 2758 veritatem
3677 2711 3768 2748 non

2215 2784 2664 2854 comprehendis?
2689 2800 2784 2840 cur
2809 2788 3142 2856 persequeris
3165 2804 3286 2858 qua:
3320 2800 3567 2858 pereunt,
3594 2799 3644 2843 et
3667 2803 3768 2857 qua:

2219 2885 2530 2944 permanent
2555 2891 2660 2931 non
2687 2877 2924 2946 quaeris?
2963 2877 3140 2932 Omnis
3163 2895 3282 2933 caro
3316 2883 3532 2948 frenum,
3561 2889 3604 2934 et
3629 2878 3769 2933 omnis

2217 2965 2381 3034 gloria
2407 2967 2619 3020 hominis
2646 2968 2790 3036 quasi
2812 2968 2909 3038 ﬂos
2945 2969 3084 3040 fani.
3117 2967 3447 3023 Exsiccatum
3485 2979 3555 3023 est
3581 2969 3768 3038 frenum,

2217 3070 2263 3112 et
2291 3061 2388 3129 ﬂos
2416 3059 2588 3112 cecidit
2606 3075 2623 3112 .'
2641 3060 2841 3114 verbum
2859 3072 3023 3116 autent
3050 3060 3254 3116 Domini
3281 3072 3454 3117 manet
3478 3063 3529 3117 in
3553 3074 3768 3118 (sternunt

2221 3152 2371 3220 (lsai.
2402 3153 2488 3207 40.
2521 3153 2600 3220 6).
2630 3154 2832 3207 Divitiis
2869 3155 3143 3208 abundas?
3172 3155 3242 3209 Et
3267 3156 3402 3225 quid
3442 3155 3540 3209 hoc
3565 3153 3626 3208 ad
3667 3153 3769 3206 aui-

2219 3243 2399 3297 mam?
2443 3243 2690 3297 Pecuniis
2739 3243 3070 3312 locupletior,
3099 3245 3275 3298 anima
3320 3245 3620 3314 pauperior.
3646 3239 3769 3296 foliis

2216 3333 2445 3400 ornaris,
2468 3342 2524 3388 et
2559 3333 2738 3388 fructu
2769 3349 2911 3404 eges.
2940 3335 3096 3402 Quid,
3131 3350 3338 3404 quaeso,
3371 3337 3491 3390 hinc
3522 3331 3768 3391 utilitatis?

2217 3422 2413 3478 Nactus
2443 3438 2502 3493 es
2523 3424 2794 3492 pecunias,
2822 3440 2953 3494 quas
2975 3425 3059 3479 hic
3087 3426 3376 3481 relicturus
3403 3442 3493 3491 es;
3527 3433 3696 3478 nactus
3719 3436 3768 3474 cs

2216 3514 2600 3582 magistratum,
2631 3513 2770 3567 unde
2792 3513 2995 3569 insidia:
3015 3515 3275 3568 oriuntur.
3298 3513 3460 3581 Veni,
3491 3513 3655 3568 fruere
3673 3525 3769 3564 ser-

2217 3605 2462 3660 monibus
2489 3604 2837 3674 philosophiae
2869 3606 3036 3675 plenis
3068 3625 3081 3661 :
3127 3606 3280 3676 expia
3311 3616 3530 3676 peccata
3564 3616 3665 3670 tua,
3691 3603 3769 3655 dc-

2216 3711 2354 3765 pone
2397 3696 2698 3764 iniquitates
2728 3705 2861 3762 tuas,
2890 3711 3123 3765 cxpurga
3165 3698 3607 3760 conscientiam‘,
3645 3693 3768 3760 erige

2215 3786 2587 3856 cogitationem
2631 3803 2644 3837 :
2693 3794 2809 3840 esto
2837 3786 3056 3855 angelus
3096 3794 3152 3840 et
3179 3785 3369 3840 homo.
3401 3787 3647 3855 Relinque
3669 3796 3768 3836 car-

2215 3876 2299 3931 nis
2325 3885 2659 3942 naturatn,et
2685 3876 2854 3931 levem
2884 3877 3005 3930 vita:
3031 3891 3256 3946 pennam
3284 3892 3480 3933 sume:
3511 3886 3560 3931 te
3577 3885 3768 3944 segrege

2214 3983 2244 4022 a
2274 3968 2590 4033 visibilibus,
2620 3977 2676 4024 ut
2707 3968 2908 4023 luereas
2938 3970 3001 4024 iis
3027 3985 3144 4040 qua:
3171 3970 3269 4024 sub
3294 3985 3516 4028 sensum
3557 3983 3656 4023 non
3693 3979 3768 4018 ca.

2215 4060 2369 4120 dunt.
2420 4060 2665 4117 Ascende
2693 4061 2744 4114 in
2773 4059 2955 4126 cmlos,
2995 4061 3219 4116 choreas
3263 4076 3368 4131 age
3410 4077 3530 4116 cum
3571 4056 3764 4126 angelis.

2215 4155 2345 4210 siste
2365 4163 2416 4212 te
2441 4163 2566 4210 ante
2591 4152 2824 4207 tribunal
2850 4167 3138 4221 supernum
3155 4161 3208 4207 ct
3228 4154 3528 4208 excelsum:
3555 4150 3764 4214 relinque

2214 4245 2416 4305 fumum
2463 4255 2519 4302 ct
2564 4245 2836 4306 umbram,
2881 4243 3100 4306 fmuum,
3131 4257 3551 4313 aranearumque
3595 4237 3762 4292 telam:

2217 4351 2390 4405 neque
2417 4336 2559 4390 enim
2583 4349 2795 4404 possum
2825 4341 2982 4388 tantae
3006 4333 3192 4387 vilitati
3231 4345 3414 4404 aptum
3458 4345 3639 4386 nomen
3681 4327 3763 4379 im-

2216 4440 2433 4495 ponere.
2468 4425 2595 4480 llam
2635 4439 2794 4494 porro
2821 4424 2961 4490 dico,
2989 4438 3088 4478 nec
3114 4423 3273 4477 ﬁnem
3325 4421 3531 4478 dicendi
3575 4417 3760 4474 iaciam.

2221 4519 2374 4581 Veni,
2407 4529 2461 4573 et
2491 4527 2542 4574 te
2573 4517 2840 4571 hominem
2875 4525 3086 4585 praesta,
3119 4531 3186 4569 ne
3229 4513 3486 4569 naturalis
3509 4505 3763 4580 appellatio

2218 4612 2309 4664 tibi
2343 4610 2478 4665 falso
2504 4609 2767 4678 adscripta
2793 4608 2880 4662 sit.
2904 4606 3038 4662 Num
3070 4607 3364 4677 intelligitis
3394 4606 3445 4661 id
3469 4603 3605 4675 quod
3634 4599 3763 4654 vobis

2216 4701 2414 4757 dictum
2443 4699 2569 4755 est?
2611 4699 2781 4753 Horuo
2822 4707 2923 4762 est,
2951 4698 3025 4752 ait
3052 4697 3264 4767 aliquis,
3311 4696 3406 4752 sed
3446 4695 3603 4750 homo
3642 4704 3764 4757 saepe

2218 4794 2430 4847 nomine
2477 4802 2648 4856 tenus,
2680 4804 2786 4844 non
2818 4789 2944 4843 item
2988 4804 3168 4844 sensu.
3197 4788 3328 4842 Cum
3370 4787 3512 4842 enim
3539 4795 3591 4840 te
3631 4779 3764 4834 Video

2217 4894 2410 4952 praeter
2430 4882 2686 4936 rationem
2715 4881 3001 4944 viventem,
3029 4878 3298 4948 quomodo
3325 4887 3377 4934 te
3397 4876 3658 4932 hominem
3684 4883 3763 4921 vo-

2218 4974 2372 5041 cabo,
2426 4989 2532 5028 non
2586 4973 2815 5027 bovem?
2868 4970 2998 5024 Cum
3057 4980 3109 5025 te
3157 4971 3448 5039 rapientem
3482 4961 3759 5036 conspicio.

2217 5065 2486 5136 quomodo
2512 5075 2561 5118 te
2589 5063 2855 5117 hominem
2879 5061 3177 5131 appellabo,
3200 5075 3304 5115 non
3333 5057 3555 5128 lupum?
3575 5056 3696 5109 Cum
3723 5058 3764 5100 le

2225 5155 2570 5212 fornicantem
2625 5153 2800 5216 video,
2833 5151 3102 5222 quomodo
3156 5160 3206 5205 te
3245 5150 3509 5204 hominem
3563 5139 3759 5198 vocab".

2221 5262 2326 5302 non
2357 5244 2544 5300 suem?
2569 5243 2700 5298 Cum
2737 5251 2788 5297 te
2815 5243 2953 5296 dolis
2981 5250 3214 5296 utentem
3244 5240 3416 5303 video,
3441 5233 3696 5308 quomodo
3721 5237 3762 5279 te

2219 5337 2488 5393 hominem
2515 5333 2820 5398 nominabo,
2842 5346 2948 5387 non
2976 5329 3310 5401 serpentem?
3348 5330 3479 5383 Cum
3505 5337 3558 5380 te
3579 5330 3760 5377 veneno

2221 5429 2470 5486 infectum
2515 5428 2702 5491 video,
2733 5423 3000 5495 quomodo
3039 5433 3092 5478 te
3122 5422 3387 5477 hominem
3428 5417 3641 5479 vocabo,
3671 5425 3756 5464 non

2219 5519 2496 5592 aspidem?
2521 5517 2650 5574 Cum
2677 5526 2728 5571 te
2757 5515 3083 5570 insensatum
3111 5510 3491 5575 animadverto,
3518 5499 3755 5576 quomodo

2287 5654 2302 5683 ι
2338 5649 2486 5706 Alius,
2511 5648 2733 5700 exitilara
2755 5645 3103 5698 consciemiam.
3128 5652 3230 5695 Mox
3247 5655 3386 5693 unus.
3406 5640 3593 5706 angelus
3613 5648 3670 5687 ex
3687 5637 3758 5681 lto-

2223 5713 2346 5764 mine
2368 5703 2485 5776 ﬁas.
2504 5710 2625 5760 Infra
2647 5710 2761 5768 duo,
2785 5709 2987 5770 teipstmt
3011 5706 3320 5757 inuisibilibus
3343 5703 3570 5765 oppertae.
