4068 6270
241 408 348 464 499
366 432 368 434 ·

1548 401 1618 456 IN
1655 395 1978 457 PSALMUM
2016 390 2248 451 XLVIII.

3397 373 3504 430 500

710 687 3504 721 MM

778 1421 948 1508 ΕΙΣ
1020 1421 1169 1506 ΤΟ
1245 1421 1615 1507 PHTON
1687 1417 1916 1508 ΤΟΥ
1987 1413 2606 1503 ΠΡΟΦΗΤΟΥ
2683 1409 3050 1499 ΔΑΥΙΔ.

268 1774 345 1830 Τὸ
384 1773 571 1844 λέγον,
605 1791 625 1827 ι
653 1771 751 1840 Μὴ
800 1769 990 1841 φοϐοῦ
1027 1769 1186 1838 ὅταν,
1220 1766 1543 1837 πλουτήσῃ
1590 1764 1933 1834 ἄνθρωπος,
1964 1764 2005 1834 ἢ
2037 1763 2184 1817 ὅταν
2228 1757 2546 1830 πληθυνθῇ
2591 1759 2631 1827 ἡ
2671 1757 2821 1822 δόξα
2863 1755 2970 1811 τοῦ
3007 1755 3175 1810 οἴκου
3217 1755 3403 1811 αὑτοῦ
3428 1794 3445 1820 ,
3489 1773 3508 1805 ι

1554 1883 1654 1938 καί
1687 1883 1821 1953 περὶ
1851 1880 2216 1952 φιλοξενίας.

347 2780 417 2828 α’.
433 2770 560 2824 Ἢδὺ
590 2767 688 2840 μὲν
725 2767 947 2838 γηπόνῳ
974 2766 1032 2821 τὺ
1069 2767 1296 2838 ἄροτρον
1337 2762 1659 2834 ὲλκύσαιέίς
1683 2767 1852 2822 καθα-

281 2855 472 2928 ρισμὸν
502 2853 600 2922 τῆς
622 2849 880 2922 ἀρούρας,
911 2851 1005 2903 καὶ
1041 2849 1137 2919 τὴν
1163 2849 1372 2904 αῦλακα
1407 2851 1726 2921 ἀνατεμεῖν,
1759 2851 1854 2905 καὶ

272 2939 375 3003 τὰς
401 2936 639 2997 ἀκάνθας
666 2933 1000 2998 ἀνασπάσαι,
1031 2933 1128 2986 καὶ
1165 2932 1308 2987 οὕτω
1335 2933 1404 2986 τὰ
1436 2933 1723 3004 σπέρματα
1753 2951 1854 2988 κα-

277 3019 550 3083 ταϐαλεῖν,
586 3017 826 3088 ἀκάνθης
863 3017 962 3070 οὑκ
1005 3015 1170 3087 οῦσης
1200 3017 1301 3086 τῆς
1337 3016 1736 3088 λυμαινομένης
1762 3016 1852 3069 τὸν

281 3103 505 3174 σπόρον·
550 3100 683 3155 πολὺ
719 3100 773 3154 δὲ
801 3099 950 3169 ἥδιον
977 3099 1057 3168 τῷ
1102 3098 1335 3166 λέγοντι,
1381 3099 1508 3151 ὅταν
1569 3102 1646 3162 είς
1684 3099 1853 3170 ἀκοὴν

277 3187 592 3257 καταϐάλλῃ
633 3186 701 3240 τὰ
750 3185 870 3238 θεῖα
923 3185 1168 3254 νοήματα
1201 3182 1429 3254 θόρυϐον
1465 3184 1564 3236 οὑκ
1605 3182 1850 3253 ἔχουσαν.

277 3271 378 3325 Διά
409 3271 472 3341 δὴ
499 3270 658 3323 τοῦτο
703 3268 840 3338 μετά
871 3267 1061 3336 ἡδονῆς
1109 3266 1393 3336 ἁπτόμεθα
1433 3266 1523 3318 τὸν
1565 3266 1739 3334 λόγον,
1771 3268 1853 3320 ὅτι

275 3357 380 3426 τὴν
408 3357 642 3426 ἄρουραν
661 3351 865 3421 ταύτην
892 3349 1385 3420 ὲκκεκαθαρμένην
1406 3348 1638 3419 ὁρῶμεν.
1658 3350 1720 3402 Εἰ
1747 3348 1854 3420 γάρ

277 3439 376 3492 καὶ
402 3438 497 3509 τήν
528 3437 763 3489 διάνοιαν
793 3435 946 3504 ὑμῶν
969 3433 1029 3485 οὑ
1054 3432 1345 3502 βλέπομεν,
1377 3430 1510 3484 ἀλλά
1535 3431 1601 3484 τὰ
1632 3431 1852 3500 ὄμματα

280 3519 435 3591 ὑμῶν
466 3518 814 3589 διηνοιγμένα
845 3516 938 3570 καὶ
961 3515 1398 3585 προανεστηκυῖα
1430 3516 1464 3584 ή
1489 3513 1623 3582 ἀκοὴ
1654 3514 1858 3584 σημεῖά

282 3621 374 3674 μοι
400 3603 581 3656 δίδωσι
613 3601 711 3671 τῆς
739 3598 950 3652 ἔνδοθεν
974 3597 1237 3667 γαλήνης.
1261 3597 1354 3659 Εἰς
1386 3598 1483 3666 μὲν
1519 3597 1626 3670 γὰρ
1653 3596 1712 3648 τὸ
1736 3614 1856 3651 συν-

280 3686 420 3749 ειδδς
451 3683 603 3754 ὑμῶν
625 3681 886 3736 εἰσελθεῖν
911 3681 971 3733 οὑ
998 3679 1252 3749 δύναμαι’
1283 3679 1350 3733 τά
1372 3679 1428 3732 δὲ
1442 3680 1664 3750 ὄμματα
1695 3680 1855 3750 ἑστη-

278 3767 418 3823 κότα
455 3768 550 3820 καὶ
582 3766 830 3836 μετέωρα
867 3764 1129 3834 γινόμενα
1163 3763 1346 3832 φωνὴν
1379 3763 1623 3832 ἀφίησιν,
1653 3763 1736 3815 ὅτι
1771 3762 1857 3815 θό-

285 3849 449 3923 ρυϐος
480 3848 656 3912 οὐδεὶς
699 3847 845 3902 ἔνδον
885 3847 1032 3899 ἐστὶν
1051 3887 1067 3912 ,
1120 3844 1256 3897 άλλά
1292 3845 1488 3914 μᾶλλον
1529 3844 1685 3914 βοᾶτε
1721 3846 1857 3915 μετά

281 3932 622 4004 προθυμίας’
657 3929 962 3984 κατάϐαλλε
1001 3929 1070 3982 τὰ
1113 3929 1433 4000 σπέρματα,
1488 3927 1859 3999 ὑποδεκόμεθα

283 4018 422 4086 ὅπερ
461 4015 527 4068 ἂν
570 4012 913 4086 καταϐάλῃς,
967 4011 1052 4064 διὰ
1085 4010 1183 4082 τὴν
1235 4010 1424 4063 ἐλπίδα
1473 4009 1567 4063 τοῦ
1606 4009 1818 4080 καρποῦ
1840 4025 1854 4039 ο

285 4099 468 4151 πᾶσαν
507 4095 614 4167 γάρ
662 4094 916 4166 φροντίδα
956 4092 1214 4164 βιωτικὴν
1256 4092 1566 4162 ὲξεὼσαμεν
1609 4093 1707 4162 τῆς
1748 4091 1861 4144 δια-

283 4181 454 4244 νοίας.
481 4178 629 4252 [505]
654 4179 752 4232 Διά
775 4177 832 4232 δὲ
867 4176 1022 4230 τοῦτο
1053 4176 1146 4230 καὶ⁷
1176 4175 1484 4247 βαθυτέρων
1513 4174 1599 4228 ἀεὶ
1619 4175 1860 4246 ἅπτομαι

283 4265 592 4335 νοημάτων,
627 4260 842 4335 θαρρῶν
862 4263 928 4330 τῇ
948 4259 1192 4330 εὐγενείᾳ
1211 4260 1308 4330 τῆς
1323 4257 1560 4330 ἀρούρας
1584 4271 1631 4312 ι.
1656 4260 1730 4312 Οὐ
1752 4258 1860 4329 γάρ

283 4346 353 4417 δὴ
383 4346 542 4414 σοφὸν
573 4343 892 4398 διδάσκαλον
921 4344 955 4412 ή
986 4343 1176 4413 Γραφὴ
1203 4342 1357 4412 ζητεῖ
1388 4343 1567 4411 μόνον,
1602 4341 1737 4394 άλλά
1768 4340 1861 4394 καὶ

288 4429 507 4482 συνετὸν
535 4427 828 4498 ἀκροατήν.
883 4425 982 4477 Διά
1018 4424 1174 4478 τοῦτο
1211 4425 1496 4496 μακαρίζω
1541 4425 1638 4494 μὲν
1685 4425 1858 4495 ὑμᾶς,

290 4511 582 4584 μακαρίζω
615 4510 671 4563 δὲ
708 4511 800 4562 καὶ
827 4509 1082 4580 ἐμαυτόν.
1117 4507 1419 4574 Μακάριος
1447 4507 1574 4578 γὰρ,
1611 4507 1796 4578 φησὶν,
1829 4510 1862 4560 ό

283 4593 482 4663 λέγων
493 4596 579 4658 είς
593 4588 713 4646 ὦτα
730 4591 1095 4647 ἀκουόντων·
1116 4591 1227 4654 καὶ,
1243 4589 1530 4658 Μακάριοι
1549 4593 1603 4643 οἱ
1623 4588 1862 4643 πεινῶν-

285 4693 391 4742 τες
435 4675 533 4730 καί
581 4674 874 4744 διψῶντες
916 4674 1031 4741 τὴν
1077 4673 1491 4740 δικαιοσύνην.
1547 4671 1754 4725 Οὐκοῦν
1783 4674 1862 4735 εἰς

288 4761 436 4828 ὑμᾶς
464 4759 589 4822 τοὺς
618 4758 756 4828 μετὰ
786 4755 1093 4828 προθυμίας
1114 4753 1594 4824 παραγενομένους
1626 4755 1863 4806 καταϐα-

286 4841 489 4910 λοῦμεν
516 4842 585 4894 τὰ
615 4843 882 4910 νοήματα.
920 4841 980 4892 OE
1023 4838 1119 4908 μὲν
1150 4837 1256 4906 γὰρ
1299 4835 1503 4902 ἄλλοι)
1537 4835 1733 4897 πάντες
1767 4835 1862 4887 νῦν

288 4927 350 4979 ὲν
393 4927 614 4997 ἀγοραῖς
656 4926 750 4978 καὶ
800 4925 1079 4994 βιωτικαῖς
1127 4919 1372 4991 φροντίσι
1419 4920 1860 4989 κατασήπονται,

291 5010 448 5078 ὑμεῖς
475 5010 530 5062 δὲ
556 5009 657 5078 τῆς
690 5009 792 5078 γῆς
826 5005 1144 5076 ὑψηλότεροι
1178 5002 1471 5071 γινόμενοι,
1509 5002 1578 5054 τὰ
1618 5004 1863 5070 νοήματα

291 5093 452 5162 νοερὰ
484 5091 733 5161 δέχεσθεο
769 5091 1010 5143 κάκεῖνοι
1051 5088 1146 5158 μὲν
1193 5089 1259 5156 τῇ
1308 5084 1466 5154 δούλῃ
1521 5084 1860 5148 δουλεύουσι,

289 5173 393 5243 τῆς
424 5174 626 5244 σαρκὸς
663 5172 1099 5242 ἐπιμελούμενοι,
1134 5170 1290 5240 ὑμεῖς
1324 5167 1380 5219 δὲ
1417 5167 1516 5238 τὴν
1543 5167 1739 5236 εὐγενῆ
1770 5169 1864 5221 καὶ

293 5261 584 5330 ἐλευθέραν
611 5258 788 5328 ψυχὴν
815 5257 1265 5320 καλλωπίζοντες,
1295 5253 1618 5324 διατηρεῖτε.

367 5345 476 5400 Ποῦ
517 5344 624 5413 γὰρ
657 5345 970 5413 διατρίϐεις,
1023 5343 1305 5413 ἄνθρωπε,
1342 5339 1476 5406 νῦν;
1533 5340 1622 5392 Ἐν
1665 5341 1858 5411 ἀγορᾷ.

293 5434 417 5488 Ἵνα
469 5431 522 5484 τί
579 5433 928 5501 συναγάγῃςς
980 5430 1244 5500 Βόρϐορον
1296 5427 1390 5480 καὶ
1440 5426 1628 5496 πηλόν.
1672 5427 1862 5488 Ἐλθὲ,

293 5520 426 5575 λάϐε
459 5518 630 5590 μύρον
655 5517 784 5586 παρ’
811 5515 964 5584 ἐμοῦ.
1011 5516 1075 5568 Τί
1121 5516 1370 5582 συνάγεις
1402 5513 1656 5583 χρήματα
1699 5512 1867 5566 ἀπολη

294 5606 522 5676 λύμενα,
565 5602 924 5673 φιλαργυρίαν
947 5601 1044 5670 τὴν
1067 5601 1346 5670 τύραννον,
1380 5601 1553 5670 ἀρχὰς
1573 5599 1672 5663 τάς
1705 5598 1867 5653 ἀπολ-

295 5689 553 5760 λυμένας,
606 5684 920 5757 περιουσίαν
964 5684 1070 5735 τῶν
1122 5681 1386 5753 βιωτικῶν
1416 5682 1730 5754 φροντίδων,
1764 5682 1864 5748 τὴν

359 5785 388 5814 ⁸
411 5784 546 5833 Uuus
563 5782 775 5838 καθορῶν
795 5779 879 5832 τὴν
900 5778 1128 5838 εὐγένειαν
1148 5783 1230 5835 τῆς
1252 5776 1471 5837 ἀρούρας.

360 5797 388 5814 “
413 5797 546 5833 unus
563 5797 679 5831 καυο
749 5797 775 5828 ν
795 5797 879 5832 την
900 5797 1128 5838 ευγενειαν
1148 5797 1230 5835 της
1252 5797 1471 5837 αρουρας.

360 5844 390 5886 δ
415 5847 522 5896 Duo
543 5857 656 5893 mss.
681 5797 807 5892 λΐοί.
833 5832 952 5887 Infra
980 5851 1096 5885 vero
1119 5838 1243 5886 alius
1265 5840 1436 5898 νοερῶς
1459 5837 1540 5887 ubi
1559 5838 1712 5902 νοιρά,

623 5947 871 6006 ΡΑτιιοι.
938 5943 1052 6000 (ἱει.
1115 5940 1241 6001 ων.

1952 2769 2048 2823 νῦν
2080 2761 2264 2831 οὖσαν,
2293 2769 2387 2821 καὶ
2413 2765 2602 2837 αὔριον
2629 2764 2728 2819 οὑκ
2755 2762 2919 2820 οὖσαν
2945 2783 2958 2830 ;
2992 2767 3044 2819 τί
3069 2768 3242 2843 δρέπῃ
3273 2771 3339 2825 τά
3359 2774 3513 2846 ἄνθη,

1951 2853 2046 2906 καὶ
2073 2852 2240 2921 ἀφίης
2264 2850 2354 2904 τὸν
2397 2850 2608 2921 καρπόν
2632 2865 2646 2914 ;
2674 2849 2728 2902 τί
2768 2850 2978 2920 τρέχεις
3004 2851 3175 2905 ὀπίσω
3208 2855 3305 2922 τῆς
3340 2859 3518 2920 σκιᾶς,

1951 2935 2046 2988 καὶ
2072 2934 2132 2986 οὐ
2163 2932 2598 3003 καταλαμϐάνεις
2645 2933 2743 3000 τὴν
2791 2933 3082 3003 ἀλήθειαν;
3129 2936 3180 2987 τί
3211 2935 3420 3002 διώκεις
3453 2940 3522 2992 τὰ

1951 3017 2317 3087 ἀπολλύμενα,
2352 3017 2446 3070 καὶ
2473 3017 2532 3069 οὐ
2572 3015 2754 3086 ζητεῖς
2787 3017 2854 3072 τὰ
2891 3017 3154 3087 μένοντα;
3195 3021 3316 3073 Ὀτι
3349 3021 3522 3078 Πᾶσα

1952 3100 2105 3168 σὰρξ
2140 3101 2375 3170 χόρτος,
2406 3099 2501 3153 καί
2533 3098 2700 3153 πᾶσα
2729 3099 2878 3163 δόξα
2901 3100 3212 3167 ἀνθρώπου
3241 3103 3320 3168 ὠς
3339 3103 3523 3170 ἄνθος

1953 3187 2190 3251 χόρτου.
2240 3182 2564 3250 Ἐξηριὶνθη
2602 3185 2634 3234 ό
2677 3182 2908 3249 χόρτος,
2965 3179 3066 3234 καὶ
3102 3185 3168 3236 τὸ
3205 3185 3386 3253 ἄνθος
3425 3188 3522 3252 ἐξ·

1953 3267 2153 3320 ἐπεσεο
2191 3267 2255 3320 τὸ
2284 3267 2352 3320 δὲ
2391 3267 2557 3335 ῥῆμα
2582 3267 2800 3333 Κυρίου
2825 3265 2992 3334 μένει
3040 3269 3126 3331 είς
3182 3267 3289 3320 τὸν
3315 3268 3520 3324 αἰῶνα.

1954 3351 2187 3418 Γέγονας
2218 3349 2446 3419 εὔπορος
2475 3351 2759 3420 χρήμασι;
2807 3349 2914 3402 Καὶ
2959 3349 3010 3402 τί
3053 3351 3210 3403 τοῦτο
3254 3353 3389 3422 πρὸς
3425 3352 3524 3422 τὴν

1953 3432 2163 3503 ψυχήνς
2200 3431 2586 3504 Εὑπορώτερος
2637 3435 2901 3502 χρήμασι,
2946 3434 3041 3486 καὶ
3094 3433 3413 3505 πενέστερος
3457 3438 3522 3505 τῇ

1954 3517 2098 3588 ψυχῇ
2123 3558 2138 3581 ,
2175 3518 2347 3587 κομᾷς
2373 3519 2486 3579 τοῖς
2523 3516 2759 3584 φύλλοις,
2797 3517 2888 3569 καὶ
2919 3517 3056 3590 πένῃ
3085 3515 3161 3587 τῷ
3191 3517 3410 3588 καρπῷ.
3459 3518 3526 3570 Τί

1955 3599 2176 3668 ὅφελος;
2209 3599 2328 3651 εἰπέ
2377 3615 2486 3668 μοι.
2532 3598 2762 3661 Ἐλαϐες
2806 3600 3082 3671 χρήματα,
3120 3599 3156 3654 ἃ.
3186 3599 3399 3669 μέλλεις
3441 3603 3526 3653 ὲν-

1955 3687 2127 3743 ταῦθα
2153 3687 2600 3756 καταλιμπάνεινή
2637 3686 2826 3749 ἔλαϐες
2859 3688 3054 3758 ἀρχὴν,
3075 3688 3133 3754 ἐξ
3161 3683 3229 3758 ἧς
3268 3689 3526 3758 ἐπιϐουλὴ

1956 3777 2218 3830 τίκτεται.
2269 3775 2454 3839 Ἐλθὲ,
2495 3775 2802 3830 ἀπόλαυσον
2853 3775 3026 3844 λόγων
3064 3776 3398 3845 φιλοσόφων·
3430 3777 3526 3829 δα-

1958 3863 2200 3934 πάνησόν
2227 3879 2319 3915 σου
2352 3861 2423 3914 τὰ
2465 3863 2865 3934 ἁμαρτήματα,
2897 3861 3170 3916 ἀνάλωσόν
3204 3879 3298 3914 σου
3330 3862 3397 3915 τά
3425 3880 3530 3915 πα·-

1961 3950 2344 4021 ρανομήματα,
2399 3947 2636 4018 καθαρόν
2682 3966 2775 4002 σου
2829 3949 3054 4017 ποίησον
3093 3949 3155 4002 τὸ
3204 3948 3442 4012 συνειδὸς
3474 3962 3522 4010 ο,

1964 4037 2255 4109 μετάρσιον
2296 4034 2519 4104 ποίησον
2544 4034 2634 4087 τὸν
2672 4035 2948 4104 λογισμόν
2981 4034 3139 4103 γενοῦ
3181 4035 3406 4103 ἄγγελος
3436 4039 3528 4089 καὶ

1960 4122 2261 4193 ἅνθρωπος.
2294 4119 2569 4174 Κατάλιπε
2596 4120 2697 4188 τῆς
2724 4120 2924 4191 σαρκὸς
2949 4120 3048 4188 τὴν
3075 4120 3255 4188 φύσιν,
3281 4123 3376 4173 καὶ
3398 4120 3526 4174 λάϐε

1961 4205 2158 4273 κοῦφον
2185 4203 2245 4256 τὸ
2282 4201 2476 4274 πτερὸν
2507 4203 2604 4272 τῆς
2638 4202 2801 4272 ζωῆς,
2849 4201 3154 4267 ἀπάλλαξον
3190 4204 3383 4256 σαυτὸν
3421 4203 3528 4255 τῶν

1961 4289 2192 4359 ὁρατῶν,
2212 4287 2306 4340 καὶ
2324 4287 2599 4358 κρέμασον
2626 4286 2846 4339 σεαυτὸν
2875 4287 2931 4339 έν
2955 4289 3066 4350 τοῖς
3097 4288 3365 4358 ἀοράτοις.
3385 4288 3530 4341 Ἀνά-

1963 4373 2032 4427 ϐα
2069 4373 2148 4436 είς
2191 4372 2316 4434 τοὺς
2363 4371 2654 4440 οὐρανοὺς,
2685 4370 2875 4441 χόρευε
2923 4369 3063 4440 μετὰ
3109 4371 3217 4422 τῶν
3262 4371 3528 4440 ἀγγέλων,

1963 4455 2268 4527 παράστηθι
2310 4454 2388 4524 τῷ
2417 4453 2616 4524 βήματι
2653 4451 2732 4522 τῷ
2771 4453 2912 4516 ἄνω,
2960 4451 3036 4522 τῷ
3087 4452 3274 4524 ὑψηλῷ
3299 4470 3312 4483 ·
3365 4456 3532 4508 κατά-

1962 4539 2085 4592 λιπε
2115 4538 2205 4591 τὸν
2236 4537 2460 4599 καπνὸν,
2509 4535 2603 4589 καὶ
2653 4537 2752 4605 τὴν
2808 4535 2983 4593 σκιὰν,
3025 4537 3119 4588 καὶ
3172 4536 3262 4589 τὸν
3306 4537 3530 4607 χόρτον,

1965 4621 2057 4674 καὶ
2107 4619 2205 4690 τὴν
2252 4618 2524 4690 ἀράχνην
2559 4617 2678 4670 οὐδὲ
2722 4617 2828 4688 γὰρ
2876 4617 3047 4687 δνομα
3084 4614 3200 4672 οἴδα
3237 4617 3384 4682 ἀξιον
3434 4621 3534 4690 τῆς

1964 4702 2236 4766 εὐτελείας
2259 4701 2462 4770 ταύτης
2492 4699 2775 4752 ἐπιθεῖναι.
2809 4697 2991 4753 Ταῦτα
3027 4699 3085 4752 δὲ
3114 4699 3284 4769 λέγω,
3326 4703 3420 4756 καὶ
3452 4703 3537 4754 λέ-

1963 4803 2074 4855 γων
2126 4785 2186 4838 οὑ
2238 4782 2534 4853 παύσομαι.
2597 4782 2785 4844 Ἐλθὲ,
2843 4782 2938 4834 καὶ
3001 4783 3159 4850 γενοῦ
3213 4783 3530 4853 ἄνθρωπος,

1966 4869 2053 4923 ἵνα
2081 4868 2155 4938 μὴ
2185 4865 2536 4935 ὲπιψεύδηταί
2567 4881 2658 4918 σου
2691 4866 2723 4935 ἡ
2751 4864 3090 4935 προσηγορία
3117 4866 3215 4935 τῆς
3249 4865 3459 4932 φύσεως
3483 4864 3530 4917 ἀ.

1963 4949 2111 5021 ’Δρα
2151 4950 2415 5020 συνήκατε
2473 4948 2534 5001 τὸ
2585 4947 2774 5017 λεχθὲν
2811 4947 2946 5018 πρὸς
2997 4947 3178 5014 ὑμᾶς;
3217 4946 3535 5015 ’Ἄνθρωπός

1966 5035 2102 5095 ἐστι,
2141 5033 2324 5100 φησὶν,
2377 5030 2487 5082 ἀλλ’
2518 5029 2800 5099 ἄνθρωπος
2833 5029 2928 5099 μὲν
2961 5028 3020 5081 τὸ
3047 5029 3216 5097 ὄνομα
3246 5026 3533 5089 πολλάκις,

1965 5115 2066 5167 οὑκ
2100 5113 2195 5167 ἀνθ
2206 5130 2382 5183 ρωπος
2414 5113 2470 5166 δὲ
2494 5113 2554 5164 τὸ
2586 5113 2855 5183 φρόνημα.
2883 5111 3050 5163 Ὅταν
3074 5109 3182 5178 γὰρ
3207 5107 3300 5161 ῐδω
3327 5125 3384 5160 σε
3415 5109 3537 5160 ἀλό-

1967 5215 2079 5266 γως
2111 5198 2326 5268 βιοῦντα
2345 5238 2359 5261 ,
2392 5197 2510 5260 πῶς
2559 5213 2616 5247 σε
2665 5195 2879 5248 καλέσω
2925 5193 3208 5263 ἄνθρωπον
3227 5230 3242 5254 ,
3277 5191 3392 5243 ἀλλ’
3418 5192 3536 5261 οὐχὶ

1971 5281 2095 5352 βοῦν
2121 5299 2134 5345 ;
2168 5283 2336 5334 Ὅταν
2364 5280 2457 5334 ἴδω
2491 5296 2550 5331 σε
2579 5278 2912 5348 ἁρπάζοντα,
2956 5276 3072 5339 πῶς
3111 5293 3168 5328 σε
3197 5275 3412 5329 καλέσω
3444 5275 3535 5331 ἀν-

1972 5365 2208 5434 θρωπον,
2233 5363 2346 5417 ἀλλ’
2379 5363 2499 5432 οὐχὶ
2523 5361 2715 5425 λύκον;
2753 5361 2920 5412 Ὅταν
2956 5360 3049 5412 ἴδω
3085 5376 3144 5412 σε
3173 5359 3498 5430 πορνεύοντα
3517 5402 3534 5425 ,

1975 5448 2092 5510 πῶς
2139 5463 2198 5499 σε
2239 5445 2450 5498 καλέσω
2489 5443 2790 5514 ἄνθρωπον,
2839 5442 2951 5496 ἀλλ’
2978 5442 3098 5512 οὐχὶ
3129 5445 3341 5513 χοῖρον;
3371 5443 3537 5496 Ὅταν

2039 5597 2063 5625 °
2093 5591 2175 5640 Sic
2193 5591 2318 5652 dno,
2343 5590 2396 5638 In
2422 5589 2556 5652 edim
2575 5588 2777 5652 καθαρόν
2806 5605 2898 5652 σου
2933 5588 2988 5637 τὸ
3011 5590 3234 5652 συνειδὸς.
3268 5591 3410 5639 Alius
3429 5592 3534 5640 cod.

1970 5655 2129 5716 ἱλαρὸν
2150 5651 2349 5716 ποίησόν
2371 5668 2458 5716 σου
2478 5650 2532 5696 τὸ
2545 5649 2777 5716 συνειδὸς.
2804 5649 3214 5716 Ηυξ-υῃυεμγενοῦ
3234 5652 3279 5706 ἐξ
3297 5653 3541 5716 ἀνθρώπω

1969 5711 2178 5813 ἄγχεης.
2213 5711 2333 5761 Infra
2357 5714 2454 5760 duo
2471 5712 2708 5773 κρέμασον
2731 5712 2927 5759 σεαυτὸν
2945 5714 3040 5759 τῶν
3061 5713 3292 5776 ἀοράτων.

2101 5774 2207 5813 nun
2249 5775 2324 5813 ἵνα
2358 5775 2419 5813 mi
2456 5773 2706 5813 ἐπιώευδῆε
2745 5789 2832 5813 σου
2875 5776 2904 5813 ἦ
2929 5775 3220 5813 «nan-avocavit!
3254 5782 3292 5813 τὲ

2010 5773 2059 5851 ζα
2098 5774 2207 5823 Duo
2249 5775 2325 5822 ἵνα
2358 5775 2420 5836 μή
2456 5773 2706 5834 ἐπιψενδής
2745 5789 2832 5821 σου
2875 5776 2904 5830 ἡ
2929 5773 3222 5836 προσηγορία
3254 5782 3335 5833 τῆς
3358 5775 3540 5836 φύσεως

1969 5853 2173 5898 γενηται.
3047 5884 3078 5898 _
3092 5883 3106 5898 _
3527 5851 3531 5853 ’

3047 5883 3110 5937 '51
