4012 6280
511 428 604 482 5m
1150 415 1210 472 S.
1251 412 1535 470 JOANNIS
1571 409 2068 468 CIIRYSOSTOMI
2109 414 2426 473 ARCIIIEP.
2467 419 3014 477 CONSTANTINOP.

510 540 603 593 ἴδω
632 552 690 590 σε
720 532 953 603 δολερὸν,
983 530 1097 593 πῶς
1131 546 1188 582 σε
1220 527 1435 581 καλέσω
1467 526 1772 598 ἄνθρωπον,
1820 528 1933 582 ἀλλ’
1967 531 2087 600 οὑχὶ

508 622 666 691 όφινς
697 619 865 671 Ὅταν
907 614 1001 669 ῖδω
1039 630 1097 666 σε
1151 612 1227 665 ἰὸν
1275 611 1485 681 ἔχοντα,
1520 610 1636 674 πῶς
1668 629 1725 663 σε
1754 612 1967 667 καλέσω
2000 614 2092 667 άν-

511 707 752 778 θρωπον,
788 702 905 755 ἀλλ’
936 699 1060 770 οὑχὶ
1110 694 1343 778 ἀσπίδας
1384 695 1554 748 Ὅταν
1589 695 1696 778 ,ἴδω
1740 713 1798 748 σε
1843 697 2088 767 ἀνόητον,

513 777 632 851 πῶς
651 804 710 839 σε
728 784 943 838 καλέσω
966 780 1270 852 ἄνθρωπον,
1296 777 1411 832 ἀλλ’
1427 778 1549 848 οὐχὶ
1571 777 1721 843 δνον;
1751 779 1916 832 Ὅταν
1942 779 2089 852 [506⁸1

514 871 611 924 ἴδω
647 886 704 921 σε
736 866 1077 938 μοιχεύοντα,
1125 861 1241 927 πῶς
1273 878 1332 914 σε
1372 860 1589 914 καλέσω
1629 861 1916 931 ἄνθρωπον
1935 904 1949 927 ,
1979 863 2091 917 ἀλλ’

515 956 635 1024 οὑχὶ
684 954 850 1007 ἵππον
899 946 1224 1021 θηλυμανῆ;
1269 947 1438 1000 Ὅταν
1490 945 1584 999 ίδω
1637 963 1695 999 σε
1748 947 1946 1018 ἀπειθῆ
1999 948 2094 1001 καὶ

516 1037 795 1099 ἀσύνετον,
832 1033 947 1096 πῶς
976 1049 1034 1086 σε
1057 1029 1272 1085 καλέσω
1299 1029 1606 1100 ἄνθρωπον,
1630 1030 1743 1083 ἀλλ’
1768 1031 1888 1101 οὐχὶ
1915 1031 2090 1099 λίθον;

521 1120 752 1182 Ἕλαϐες
776 1117 1050 1186 εὐγένειαν
1089 1112 1243 1185 παρὰ
1278 1110 1371 1165 τοῦ
1401 1109 1536 1165 Θεοῦ
1557 1152 1571 1177 ,
1613 1112 1665 1164 τί
1700 1112 1964 1183 προδίδως
1993 1114 2093 1183 τὴν

516 1205 718 1276 ἀρετὴν
744 1202 844 1273 τῆς
882 1199 1124 1269 φύσεως;
1171 1196 1237 1248 Τί
1280 1197 1491 1260 ποιεῖς;
1540 1196 1659 1248 εἰπέ
1719 1214 1829 1267 μοι.
1876 1197 2094 1266 ’Έτεροι

515 1289 710 1359 τέχνην
742 1286 953 1357 ἔχουσιν
999 1282 1295 1351 ἄνθρωποι,
1345 1278 1414 1332 τά
1441 1279 1630 1347 ἄλογα,
1662 1279 1802 1333 κατά
1832 1280 1891 1332 τὸ
1919 1281 2093 1350 ἐγχω-

519 1372 668 1443 ροῦν,
711 1372 790 1432 εἰς
837 1365 1134 1438 ἀνθρώπων
1171 1364 1451 1432 εὐγένειαν
1503 1363 1875 1433 μετατιθέναι·
1907 1364 2096 1434 ψιττα-

519 1457 650 1517 κοὺς
679 1451 994 1506 παιδεύουσι
1023 1451 1174 1519 φωνῇ
1215 1445 1530 1518 ἀνθρωπίνῃ
1550 1457 1577 1486 ει
1611 1444 1968 1514 φθέγγεσθαι,
2001 1447 2097 1501 καὶ

516 1541 582 1609 τῇ
618 1537 779 1608 τέχνῃ
810 1535 907 1605 τὴν
938 1532 1098 1602 φύσιν
1131 1530 1407 1602 βιάζονται
1426 1547 1440 1560 ο
1469 1529 1691 1594 λέοντας
1725 1530 1966 1601 ἡμέρους
2003 1532 2095 1601 ἐρ-

516 1622 796 1691 γάζονται,
829 1618 918 1672 διὰ
949 1617 1047 1687 τῆς
1076 1615 1282 1684 ἀγορᾶς
1309 1613 1577 1674 ἕλκοντες.
1611 1613 1716 1667 Τὸν
1743 1612 1932 1667 λέοντα
1958 1614 2095 1683 ἤμεε-

520 1723 610 1775 ρον
668 1705 840 1766 ποιεῖς
892 1700 1029 1764 ζῶον
1083 1697 1489 1759 ἀτιθάσσευτον,
1537 1697 1633 1750 καὶ
1695 1697 1888 1751 σαυτὸν
1930 1695 2095 1749 λύκου

515 1788 851 1859 ἀγριώτερον
890 1783 1183 1852 καθιστᾷςς
1228 1781 1338 1833 Καὶ
1381 1779 1442 1832 τὸ
1472 1779 1536 1851 δὴ
1586 1779 1982 1850 χαλεπώτερον,
2015 1780 2095 1832 ὅτι

516 1873 626 1925 τῶν
661 1872 757 1939 μὲν
787 1868 994 1934 ἀλόγων
1032 1866 1262 1918 ἕκαστον
1300 1862 1357 1915 ἒν
1389 1861 1675 1932 ἐλάττωμα
1704 1863 1848 1932 ἔχει,
1883 1865 1910 1915 6
1936 1862 2097 1927 λύκος

521 1957 602 2018 εἰς
629 1955 689 2007 τὸ
714 1950 1080 2024 ἁρπακτικὸν,
1112 1951 1140 2001 6
1171 1947 1292 2015 ὄφις
1316 1947 1395 2008 είς
1423 1946 1484 1998 τὸ
1506 1944 1737 2016 δολερὸν,
1769 1947 1801 2015 ἠ
1828 1946 1991 2008 ἀσπὶς
2020 1947 2098 2008 εἰς

520 2039 581 2092 τὸ
619 2038 798 2099 ἰῶδεςο
841 2035 932 2088 ἐπὶ
970 2035 1026 2087 δέ
1064 2030 1349 2103 ἀνθρώπου
1387 2028 1623 2099 πονηροῦ
1656 2029 1755 2081 οὐκ
1791 2029 1869 2081 ἔνι
1918 2026 2095 2081 τοῦτο.

519 2122 658 2175 Οὐδὲ
692 2121 799 2191 γὰρ
825 2118 883 2171 ἓν
910 2117 1197 2185 ἐλάττωμα
1241 2112 1497 2174 πολλάκις
1529 2112 1790 2182 κέκτηται
1828 2113 1856 2164 6
1888 2110 2098 2183 ἀνθρω-

522 2222 646 2270 πος,
680 2202 815 2255 ἀλλὰ
837 2200 933 2254 καὶ
961 2196 1302 2271 άρπακτικὸς
1334 2196 1564 2264 γίνεται,
1607 2194 1701 2246 καὶ
1731 2194 1966 2266 δολερὸς,
2003 2194 2099 2247 καὶ

526 2286 706 2356 ἰώδης,
754 2284 848 2338 καὶ
892 2281 990 2345 τὰς
1024 2279 1129 2333 τῶν
1163 2278 1371 2348 ἀλόγων
1415 2276 1612 2339 κακίας
1657 2278 1735 2339 εἰς
1776 2277 1872 2348 τὴν
1906 2276 2098 2330 ἑαυτοῦ

524 2373 745 2438 συνάγει
779 2369 976 2438 ψυχήν.
1025 2364 1150 2428 Πῶς
1195 2360 1287 2418 οὖν
1328 2380 1387 2416 σε
1436 2363 1649 2417 καλέσω
1682 2361 1989 2433 ἄνθρωπον,
2041 2360 2100 2423 ὃς

523 2455 623 2509 οὐκ
667 2453 810 2524 ἔχεις
854 2451 951 2520 τῆς
990 2447 1265 2519 βασιλείας
1292 2448 1353 2500 τὸ
1387 2445 1656 2516 σύνθημα,
1700 2445 1800 2497 οὐκ
1846 2444 1991 2514 ἔχεις
2038 2442 2100 2495 τὸ

522 2538 778 2606 διάδημα,
807 2535 907 2587 οὐκ
939 2531 1082 2602 ἔχεις
1106 2531 1205 2600 τὴν
1233 2528 1557 2601 πορφύραν;
1589 2527 1961 2594 Ποιήσωμεν,
1991 2541 2094 2595 φη-

524 2622 632 2683 σίν,
651 2619 963 2685 ἄνθρωπον
985 2614 1111 2667 κατ’
1134 2613 1337 2667 εἰκόνα
1353 2613 1451 2665 καί
1480 2612 1767 2680 ὁμοίωσιν
1783 2608 2095 2677 ἡμετέραν,

534 2702 818 2772 Ἐννόησον
849 2697 989 2751 κατά
1025 2697 1170 2759 τίνος
1213 2695 1397 2748 εἰκόνα
1428 2693 1616 2762 ἐγένου
1636 2731 1651 2755 ,
1690 2691 1942 2762 ἄνθρωπε
1962 2731 1977 2756 ,
2005 2691 2099 2743 καὶ

525 2786 601 2859 μὴ
633 2782 962 2852 κατενεχθῇς
1001 2781 1081 2842 εἰς
1107 2778 1206 2848 τὴν
1237 2777 1344 2831 τῶν
1378 2775 1596 2859 ἀλόγων
1634 2773 1926 2859 εὐτέλειαν.
1972 2773 2099 2859 Ἐὰν

523 2856 636 2941 ίδῃς
692 2864 916 2936 βασιλέα
969 2860 1255 2932 πορφύραν
1306 2858 1537 2941 ῥίψαντα
1584 2858 1678 2911 καὶ
1720 2856 1956 2927 διάδημα
2008 2856 2100 2941 καὶ

524 2939 664 3024 μετὰ
691 2947 799 3002 τῶν
823 2944 1171 3016 στρατιωτῶν
1188 2944 1214 2982 δ
1246 2940 1766 3012 συναγελαζόμενον,
1791 2941 1886 2994 καὶ
1917 2939 2100 3011 προδι-

518 3021 682 3088 δόντα
707 3031 804 3101 τὴν
831 3028 1006 3100 ἀρχὴν
1031 3025 1126 3096 τὴν
1157 3024 1372 3088 ἐαυτοῦ,
1398 3023 1513 3087 πῶς
1534 3023 1784 3085 καλέσεις
1808 3022 1899 3075 τὸν
1923 3021 2099 3101 τοιοῦ-

522 3133 615 3169 τον
658 3100 914 3185 βασιλέα;
952 3109 1062 3163 Καὶ
1090 3110 1155 3161 σὺ
1190 3108 1476 3179 ἄνθρωπος
1522 3102 1590 3159 εί.
1625 3108 1717 3175 Μή
1756 3122 1844 3175 μοι
1874 3100 1967 3158 οῦν
1994 3104 2100 3157 δεί-

520 3200 640 3270 ξῃς,
670 3199 751 3251 ὅτι
775 3195 951 3266 ψυχὴν
996 3191 1282 3270 ἀνθρώπου
1320 3190 1463 3260 ἔχεις
1483 3232 1497 3253 ,
1528 3188 1642 3243 ἀλλ’
1673 3190 1721 3241 εί
1753 3188 1813 3241 τὸ
1846 3188 2100 3259 φρόνημα

524 3269 808 3352 ἄνθρωπος
839 3273 904 3329 εἴ.
938 3278 1156 3347 ’Ἄρχων
1181 3269 1232 3326 εἷ
1261 3273 1369 3326 τῶν
1404 3273 1630 3341 ἀλόγων,
1670 3270 1764 3325 καὶ
1792 3271 1902 3323 τῶν
1932 3272 1988 3324 ἐν
2018 3272 2100 3324 σοὶ

524 3364 735 3431 ἀλόγων
763 3359 951 3413 παθῶν
982 3358 1163 3420 δοῦλος
1192 3357 1415 3424 ἐγένου;

600 3445 667 3515 β’.
689 3443 800 3496 Καὶ
830 3442 943 3504 πῶς
974 3440 1219 3509 γένωμαι
1242 3438 1557 3509 ἄνθρωποςς
1585 3437 1767 3507 φησίν.
1797 3437 1857 3489 Ei
1884 3438 2101 3507 κρατεῖς

526 3527 636 3581 τῶν
681 3525 956 3594 λογισμῶν
984 3524 1082 3592 τῆς
1113 3522 1337 3592 σαρκὸς,
1373 3523 1593 3575 ἐκείνων
1626 3520 1734 3573 τῶν
1776 3519 2007 3589 ἀλόγων,
2052 3520 2101 3571 εἰ

528 3608 784 3676 ἐξέϐαλες
815 3605 1086 3677 πορνείαν,
1116 3607 1164 3658 εἰ
1195 3605 1446 3669 ἐξέϐαλες
1479 3603 1773 3672 ἐπιθυμίαν
1802 3602 2101 3673 χρημάτων

528 3693 778 3761 ἄκαιρον,
800 3691 849 3741 εί
875 3687 1126 3752 ἐξέϐαλες
1155 3687 1254 3757 τὴν
1287 3687 1526 3757 πονηρὰν
1549 3685 1763 3755 ἐκείνην
1788 3685 2100 3757 τύραννονο,

529 3777 579 3829 εί
620 3773 858 3844 καθαρὸν
893 3770 1089 3824 σαυτοῦ
1130 3770 1191 3823 τὸ
1235 3770 1432 3842 χωρίον
1479 3769 1741 3840 εἰργάσω.
1778 3768 1939 3821 Ἀλλά
1984 3767 2102 3830 πῶς

528 3858 654 3930 γίνῃ
697 3856 1016 3927 ἄνθρωπος;
1058 3852 1182 3906 Ἐὰν
1210 3852 1367 3924 ἔλθῃς
1395 3846 1520 3913 ὦδε,
1549 3853 1681 3904 ὅπου
1706 3849 2099 3922 δημιουργοῦνο

528 3958 616 3994 ται
643 3938 942 4009 ἄνθρωποι.
984 3937 1109 3990 Ἐάν
1143 3936 1294 3989 λάϐω
1325 3952 1382 3987 σε
1413 3936 1600 3996 ἵππον,
1636 3933 1775 3986 ποιῶ
1804 3949 1862 3985 σε
1890 3930 2103 4003 ἀνθρω-

528 4040 649 4077 πον·
674 4021 768 4075 ἐὰν
785 4020 934 4074 λάϐω
962 4037 1021 4072 σε
1049 4019 1230 4083 λύκον,
1260 4019 1397 4072 ποιῶ
1421 4035 1479 4071 σε
1504 4017 1806 4089 ἄνθρωπον·
1836 4015 1930 4068 ἐὰν
1952 4013 2101 4068 λάϐω

530 4124 590 4160 σε
644 4105 787 4175 ὅφιν,
841 4102 977 4156 ποιῶ
1025 4120 1084 4156 σε
1138 4101 1448 4174 ἄνθρωπον,
1498 4101 1556 4153 οὐ
1606 4098 1956 4171 μεταϐάλλων
2003 4098 2100 4168 τὴν

528 4188 711 4258 φύσιν,
763 4187 896 4241 ἀλλά
952 4184 1260 4257 μετατιθεὶς
1310 4185 1408 4254 τὴν
1458 4184 1795 4254 προαίρεσιν.
1853 4180 2012 4234 Ἀλλά
2049 4180 2101 4233 τί

530 4287 697 4341 (mm;
731 4268 909 4322 Τέκνα
935 4268 1063 4338 ἔχω,
1088 4268 1265 4330 οἰκίας
1293 4268 1646 4336 προΐσταμαι,
1680 4265 1934 4331 γυναικὸς
1978 4267 2102 4317 ἐπι-

533 4351 820 4424 μελοῦμαι,
882 4352 1043 4418 πενία
1108 4350 1439 4420 κατέχομαι,
1494 4348 1588 4401 ἐπὶ
1643 4349 1743 4420 τὴν
1800 4348 2103 4416 ἀναγκαίαν

530 4432 745 4487 σπεύδω
786 4434 1011 4504 τροφήν.
1049 4433 1283 4502 Σκήψεις
1316 4431 1489 4485 ταῦτα
1534 4432 1630 4485 καὶ
1676 4430 1996 4503 προφάσεις.
2039 4431 2104 4483 Εἰ

535 4515 634 4586 μὲν
659 4516 768 4585 γὰρ
795 4515 859 4567 δι’
898 4515 1018 4567 ὅλου
1064 4531 1122 4566 σε
1168 4517 1413 4583 κατεῖχον
1440 4514 1697 4582 ἐνταῦθα,
1729 4515 1823 4569 καὶ
1855 4514 1976 4568 οὑδέ
2011 4531 2102 4583 μι-

529 4598 668 4669 κράν
691 4596 883 4668 καιροῦ
916 4596 1086 4668 ῥοπὴν
1111 4599 1223 4660 τοῖς
1252 4597 1357 4661 ἐξω
1386 4615 1444 4649 σε
1471 4596 1810 4669 συνεχώρουν
1837 4597 2102 4651 ἐκδιδόναι

529 4680 871 4752 πράγμασιν,
904 4676 1048 4749 εἶχες
1074 4681 1138 4732 ἂν
1166 4680 1610 4751 ἀπολογήσασθαί
1654 4699 1742 4751 μοι
1781 4681 1878 4735 καὶ
1906 4681 2101 4748 εἰπεῖν,

528 4765 610 4817 ὅτι
646 4762 823 4816 Τέκνα
846 4764 973 4832 ἔχω,
1000 4762 1093 4815 καὶ
1122 4763 1295 4825 οἰκίας
1327 4765 1682 4834 προῖσταμσι·
1713 4764 1806 4818 καὶ
1830 4763 2008 4827 καλῶς
2038 4765 2105 4817 ἂν

528 4846 700 4902 ταῦτα
750 4846 964 4914 ἔλεγες·
1015 4844 1214 4916 μᾶλλον
1266 4845 1323 4897 δέ
1369 4845 1489 4898 οὐδὲ
1536 4848 1658 4900 τότε
1708 4848 1883 4902 ταῦτα
1924 4848 2107 4916 λέγειν

530 4931 717 5002 ἐχρῆν.
738 4928 939 4992 Ἱκανὸς
956 4927 983 4967 ἀ
1008 4928 1115 4999 γάρ
1146 4944 1228 4981 σοι
1259 4929 1286 4979 ὁ
1312 4927 1443 4992 Θεὸς
1472 4929 1705 4983 ἐνταῦθα
1724 4930 2106 5002 ἀσχολουμένῳ

532 5014 776 5076 πλείονος
806 5011 1071 5083 εὐπορίας
1108 5010 1176 5063 τὰ
1202 5008 1272 5063 σά
1299 5008 1474 5063 πάντα
1508 5010 1869 5066 διατυπῶσαι.
1908 5012 2021 5066 Νῦν
2049 5013 2106 5066 δέ

529 5098 680 5152 οὐδὲν
710 5097 914 5152 τούτων
950 5114 1008 5150 σε
1033 5096 1349 5164 ἀναγκάζω,
1379 5095 1500 5148 οὑδὲ
1528 5093 1691 5162 λέγω,
1713 5096 1848 5150 Καθ’
1870 5098 2106 5164 ἑκάστην

529 5183 743 5254 ἡμέραν
790 5181 1034 5253 σχόλαζε,
1074 5179 1211 5234 ἀλλά
1244 5177 1494 5250 δεύτερον
1539 5179 1638 5249 τῆς
1676 5180 1987 5250 ἑϐδομάδος.
2041 5180 2106 5233 Τί

532 5264 691 5337 βαρὺ,
716 5264 768 5316 τί
800 5265 1056 5334 φορτικόν
1081 5282 1095 5330 ;
1135 5262 1269 5316 Οὐδὲ
1299 5262 1426 5334 ὅλην
1454 5262 1551 5332 τὴν
1579 5261 1813 5333 ἡμέραν,
1847 5261 1983 5316 ἀλλά
2014 5280 2105 5331 μι-

532 5347 669 5418 κρὰν
713 5348 905 5419 καιροῦ
947 5348 1116 5418 ῥοπὴν
1149 5345 1270 5399 ἐλθέ
1321 5349 1400 5409 εἰς
1449 5346 1549 5417 τὴν
1592 5345 1915 5414 ἐκκλησίαν·
1957 5345 2105 5409 δέξαι

590 5600 616 5666 f‘
639 5601 744 5666 nuo
768 5602 927 5666 φωνὴν
962 5604 1265 5666 ἀνθρωπίνην.
1295 5602 1420 5653 Infra
1463 5606 1545 5654 alii
1573 5604 1729 5666 θηρίον
1751 5604 2101 5653 ἀτιθάσσευτὸν.

586 5657 617 5726 ἐ)
641 5657 786 5726 guns.
799 5664 917 5722 μετά
932 5666 1026 5710 τῶν
1047 5657 1399 5726 στρατηλατῶν.

590 5722 615 5787 ἦ
644 5721 779 5787 ﬂung
799 5721 974 5787 ἐκείνην
992 5721 1254 5786 τυραννίδα,
1278 5739 1373 5773 non
1396 5729 1543 5787 male.

592 5779 619 5815 d
645 5781 794 5853 ξξγιι.
1100 5779 1261 5853 καλῶς
1283 5788 1340 5833 ἂν
1360 5786 1511 5853 ταῦτα
1535 5789 1702 5848 ἔλεγες,
1720 5788 1904 5852 ’μᾶλλον
1929 5789 1979 5837 δὲ
1995 5788 2107 5840 ταῦτ

541 5859 599 5889 τα
629 5842 853 5891 οὐδέποτε
871 5842 1018 5904 λέγειν
1042 5845 1198 5906 ἐχρῆν.
1228 5844 1423 5901 Ἱκανὸς.

3658 418 3767 476 502

2202 531 2353 604 [507]
2380 534 2541 606 νοερὰ
2567 536 2936 606 νοήματα,ἴνα
2963 534 3036 606 μὴ
3058 533 3181 605 δέξῃ
3209 532 3528 605 τραύματα·
3560 533 3660 604 οὐχ
3680 534 3773 587 ἵνα

2193 615 2385 681 ἄλλους
2420 618 2765 691 καταϐάλλῃς
2789 660 2803 685 ,
2839 618 2954 672 ἀλλ’
3010 618 3098 670 ἵνα
3143 618 3376 689 ποιήσῃς
3418 615 3515 687 τὴν
3564 616 3775 689 ἀγορὰν

2195 700 2507 772 ἐκκλησίαν.
2550 702 2729 766 Ἐλθέ,
2776 702 2906 756 λάϐε
2941 701 3125 763 ὅπλον,
3170 700 3256 753 ἵνα
3301 701 3359 752 ἐν
3390 698 3468 768 τῷ
3507 697 3656 768 ὅπλῳ
3696 697 3774 769 μὴ

2194 782 2320 854 δέξῃ
2354 783 2452 855 τὴν
2500 784 2713 855 πληγὴν
2750 784 3038 856 βλαϐεράν.
3073 783 3236 853 Στῆθι
3267 782 3359 834 ἐπὶ
3395 781 3493 852 τῆς
3522 781 3773 851 παρατά-

2197 865 2351 933 ξεως,
2385 868 2545 936 μόνον
2574 868 2949 938 ὡπλισμένοςο
2987 866 3145 937 στῆθι
3175 867 3232 919 ἐν
3264 866 3417 934 τόπῳ
3469 864 3631 936 ἁγίῳ,
3675 864 3775 934 μό-

2195 965 2284 1002 νον
2314 949 2531 1020 καθαρά
2558 949 2698 1020 έχων
2727 951 2797 1004 τὰ
2825 951 3049 1022 ὄμματα
3069 968 3081 979 ·
3111 948 3310 1020 ἔμϐηθι
3334 948 3415 1010 είς
3441 946 3533 999 τὸν
3553 946 3771 1016 λιμένα,

2200 1033 2358 1103 μόνον
2396 1035 2511 1103 μετ’
2562 1034 3169 1105 ἀκριϐείαςεσαλεύων
3222 1031 3283 1084 τὸ
3332 1031 3533 1084 πλοῖον.
3585 1029 3775 1083 Ταῦτα

2194 1115 2429 1170 ἐνταῦθα
2455 1116 2678 1171 δύνασαι
2716 1117 2908 1188 μαθεῖν
2928 1131 2941 1145 ⁸
2970 1117 3064 1170 καὶ
3102 1116 3162 1169 οὑ
3189 1115 3394 1180 θέλεις,
3428 1113 3542 1166 ἀλλ’
3573 1113 3774 1187 ἐξέρχῃ

2197 1200 2255 1252 ἐν
2276 1201 2580 1271 παρατάξει
2610 1203 2850 1271 κοσμικῇ
2872 1199 3077 1269 γυμνὸς
3102 1197 3209 1251 τῶν
3235 1196 3329 1250 τοῦ
3348 1197 3483 1251 Θεοῦ
3516 1197 3769 1250 ἐντολῶν.

2210 1282 2492 1351 Ἐννόησον
2522 1283 2707 1353 ἡλίκον
2736 1283 2886 1336 ἐστὶν
2915 1281 3114 1347 ἐξιέναι
3154 1281 3263 1335 ἀπὸ
3308 1280 3604 1350 ἐκκλησίας
3637 1279 3773 1333 πάν·-

2196 1383 2302 1420 των
2343 1366 2451 1420 τῶν
2479 1367 2836 1438 ἀνθρωπίνων
2875 1365 3248 1438 ὑπερορῶντα,
3298 1364 3392 1418 καὶ
3436 1365 3507 1417 τὰ
3550 1364 3775 1433 λυπηρά

2196 1446 2469 1502 πατοῦντα
2489 1490 2504 1514 ,
2539 1450 2635 1503 καὶ
2664 1449 2914 1521 χρηστῶν
2965 1448 3294 1519 ὑψηλότερον
3322 1446 3623 1516 γινόμενον,
3646 1445 3772 1498 οὔτε

2174 1534 2256 1584 ἐν
2287 1532 2515 1594 ἐκείνοις
2543 1533 2923 1602 ἐπαιρόμενον,
2949 1530 3072 1585 οὑτε
3103 1533 3161 1585 ἐν
3187 1530 3397 1593 τούτοις
3426 1528 3770 1599 πιεζόμενον·

2197 1609 2310 1677 οἷος
2336 1611 2404 1685 ἦν
2433 1617 2462 1668 6
2500 1613 2640 1679 Ἰὼϐ,
2673 1613 2794 1667 οὐτε
2833 1614 2938 1668 ὑπὸ
2975 1615 3074 1684 τῆς
3117 1613 3304 1676 πενίας
3340 1612 3771 1682 βαπτιζόμενος,

2198 1696 2320 1750 οὕτε
2352 1697 2456 1750 ὑπὸ
2480 1697 2573 1751 τοῦ
2614 1696 2845 1750 πλούτου
2878 1696 3260 1768 ἐπαιρόμενος,
3302 1695 3416 1749 ἀλλ’
3448 1698 3506 1749 ἐν
3536 1698 3600 1766 τῇ
3632 1695 3776 1749 ἀνω-

2202 1779 2369 1852 μαλίᾳ
2389 1780 2498 1835 τῶν
2524 1780 2869 1852 πραγμάτων
2894 1780 3015 1851 ῐσην
3042 1779 3141 1851 τὴν
3169 1778 3363 1834 ἐαυτοῦ
3402 1777 3627 1850 γνώμην
3654 1779 3779 1832 δια-

2199 1882 2401 1935 τηρων.

2282 1946 2455 2012 Ἐλθὲ,
2485 1946 2615 2001 λάϐε
2643 1947 2807 2002 ὅπλον
2839 1945 2968 2018 παρ’
3000 1945 3154 2017 ἐμοῦ.
3192 1947 3350 1999 Ποῖον
3383 1945 3439 1998 δέ
3466 1944 3666 2010 ὅπλον;
3705 1944 3775 1997 Ὃ

2200 2029 2463 2092 πολλάκις
2494 2048 2575 2083 σοι
2610 2031 2873 2099 ἐγγυᾶται
2906 2031 3005 2102 τὴν
3053 2030 3346 2100 σωτηρίαν.
3389 2027 3648 2099 Ἐξέρχῃ,
3675 2025 3773 2079 καὶ

2202 2112 2420 2183 βλέπεις
2443 2112 2730 2184 ἄνθρωπον
2758 2113 2843 2182 ἐφ’
2868 2112 3035 2165 ἵππου
3065 2111 3426 2182 ἐπαιρόμενον
3454 2109 3779 2181 χρυσοχαλί-

2200 2195 2392 2261 νώτου,
2441 2200 2537 2249 καὶ
2584 2195 2810 2259 πολλοὺς
2861 2195 2988 2266 περὶ
3026 2194 3186 2248 αὑτὸν
3242 2195 3368 2257 τοὺς
3413 2193 3772 2265 δορυφόρους

2202 2279 2362 2333 πάλιν
2390 2278 2579 2348 εὐτελῆ
2604 2296 2723 2332 τινα
2756 2278 2851 2333 καὶ
2884 2276 3319 2350 ἀπερριμμένον.
3356 2274 3488 2331 Εἶτα
3526 2277 3776 2348 εἰσέρχε-

2201 2361 2290 2416 ταί
2321 2379 2401 2415 σοι
2435 2361 2629 2432 φθόνος
2667 2361 2755 2414 διὰ
2787 2362 2878 2414 τὸν
2907 2359 3160 2413 πλούσιον
3184 2377 3197 2390 ο
3232 2360 3451 2429 κατέχει
3478 2376 3538 2412 σε
3571 2358 3779 2428 βασκα-

2200 2446 2286 2499 νία
2321 2444 2414 2499 τοῦ
2448 2445 2698 2515 πένητος.
2721 2443 3090 2515 Προσέρχεταί
3125 2460 3208 2495 σοι
3232 2444 3260 2496 6
3290 2442 3474 2508 Δαυῒδ,
3505 2442 3775 2512 παρίστα-
3843 2438 3862 2461 ⁸

2199 2527 2290 2582 ταί
2345 2544 2427 2580 σοι
2473 2527 2564 2580 καὶ
2606 2526 2785 2594 λέγει·
2837 2526 2934 2593 Μὴ
2986 2523 3209 2595 φοϐοῦ,
3261 2525 3406 2578 ὅταν
3450 2525 3778 2593 πλουτήση

2200 2611 2525 2678 ἄνθρωπος.
2556 2607 2779 2674 Ἔξελθε
2811 2608 2950 2679 μετά
2985 2607 3078 2661 τοῦ
3104 2608 3407 2676 προφήτου,
3439 2607 3532 2659 καὶ
3562 2606 3636 2677 μὴ
3670 2623 3773 2674 φο-

2200 2692 2317 2749 ϐοῦ.
2348 2691 2584 2745 Ἀπελθε
2623 2692 2758 2744 ὅπου
2805 2691 2946 2759 λέγω
2993 2708 3075 2743 σοι
3132 2690 3271 2760 μετά
3316 2688 3410 2742 τοῦ
3465 2691 3772 2760 προφήτου,

2202 2775 2341 2844 μετά
2385 2774 2478 2829 τοῦ
2512 2772 2865 2838 διδασκάλου,
2904 2772 3042 2844 μετά
3096 2772 3196 2843 τῆς
3246 2771 3580 2842 βακτηρίας,
3631 2770 3779 2842 μετὰ

2199 2860 2291 2914 τοῦ
2322 2862 2581 2931 κήρυκος.
2625 2856 2721 2925 Μὴ
2748 2856 2937 2926 φοϐοῦ
2958 2897 2972 2922 ,
3020 2855 3167 2909 ὅταν
3194 2855 3515 2923 πλουτήσῃ
3545 2853 3774 2923 ἅνθρω-

2199 2962 2333 3011 πος.
2398 2944 2535 2997 Ἀλλ’
2602 2945 2779 3014 ἐρείς⁶
2838 2941 3009 2995 Τοῦτο
3073 2939 3463 3011 παραινοῦντός
3511 2942 3628 2994 ἐστι
3677 2941 3780 2994 καὶ

2202 3026 2680 3099 συμϐουλεύοντος,
2709 3026 2890 3079 καὶτὰ
2914 3025 3105 3077 δέοντα
3137 3025 3575 3094 ἀποφαινομένου
3599 3039 3612 3053 '
3648 3026 3778 3078 εἰπέ

2202 3128 2292 3181 μοι
2318 3111 2409 3163 καὶ
2433 3110 2523 3163 τὸν
2548 3108 2767 3180 τρόπον,
2797 3107 2864 3160 δι’
2904 3107 2962 3160 ὂν
2992 3108 3091 3160 οὑκ
3123 3105 3326 3175 ὀφείλω
3353 3106 3657 3177 φοϐηθῆναι
3680 3108 3779 3160 τὸν

2201 3190 2515 3265 ἄνθρωπον.
2539 3194 2662 3245 Ὅτι
2692 3192 2937 3261 μιμεῖται
2976 3191 3075 3260 τὴν
3103 3189 3264 3257 φύσιν
3297 3190 3392 3243 τοῦ
3419 3189 3709 3259 ἀνθρώπου
3734 3192 3773 3262 ὴ

2203 3277 2364 3346 φύσις
2388 3276 2482 3329 τοῦ
2511 3274 2763 3328 πλούτου.
2814 3275 2924 3326 Καὶ
2955 3272 3072 3335 πῶς
3093 3311 3107 3336 ,
3142 3271 3253 3340 ἐγὼ
3285 3272 3447 3341 λέγω.
3477 3273 3542 3324 Τί
3573 3272 3780 3343 ἄνθρω-

2203 3376 2334 3425 πος;
2362 3358 2509 3412 Ζῶον
2544 3356 2777 3421 εὐτελὲς,
2807 3357 3090 3426 ἐπίκηρον,
3112 3354 3493 3425 ὀλιγοχρόνιον.
3520 3355 3776 3408 Τοιοῦτιν

2203 3442 2297 3495 καὶ
2346 3444 2377 3495 ό
2419 3440 2647 3503 πλοῦτος
2671 3459 2683 3472 ·
2739 3438 2937 3508 μᾶλλον
2986 3438 3043 3490 δέ
3089 3439 3150 3491 οὐ
3197 3437 3456 3500 τοιοῦτον,
3501 3438 3637 3492 ἀλλά
3680 3439 3773 3494 καὶ

2202 3524 2613 3594 ἀσθενέστερον.
2644 3523 2718 3576 Οὐ
2756 3523 2865 3591 γὰρ
2901 3521 3041 3591 μετά
3081 3520 3175 3573 τοῦ
3218 3521 3507 3593 ἀνθρώπου
3549 3523 3779 3589 τελευτᾷ

2204 3607 2485 3671 πολλάκις,
2518 3606 2654 3660 ἀλλά
2685 3606 2780 3659 καὶ
2808 3605 2913 3676 πρὸ
2941 3604 3035 3658 τοῦ
3074 3605 3362 3677 ἀνθρώπου
3392 3608 3635 3677 τελευτᾷ.
3667 3608 3778 3660 Καὶ

2203 3694 2317 3744 ἴστε
2352 3691 2507 3759 ὑμεῖς
2549 3688 2717 3759 μυρία
2756 3689 2847 3741 ἐπὶ
2884 3691 2952 3759 τῇ
2990 3687 3144 3741 πόλει
3182 3688 3352 3759 ταύτῃ
3400 3690 3777 3760 ὑποδείγματα

2201 3774 2302 3843 τῆς
2325 3771 2583 3838 τελευτῆς
2610 3770 2703 3825 τοῦ
2734 3770 2913 3842 ἀώρου
2948 3771 3179 3824 πλούτου
3198 3770 3242 3839 ί,
3274 3773 3367 3825 καὶ
3398 3773 3774 3844 μεμαθήκατε,

2201 3860 2281 3911 ὅτι
2303 3859 2330 3911 6
2359 3856 2460 3926 μὲν
2496 3855 2832 3924 κεκτημένος
2863 3855 2952 3926 ζῇ,
2988 3856 3047 3909 τὸ
3073 3855 3131 3909 δὲ
3161 3857 3347 3926 κτῆμα
3377 3856 3626 3911 ἀπώλετο
3646 3875 3661 3889 ·
3690 3875 3778 3911 τε-

2202 3938 2364 4011 λευτὴ
2393 3937 2501 4007 γάρ
2529 3937 2756 3990 πλούτου
2795 3939 3062 4011 μεταϐολὴ
3110 3940 3319 4003 πενίας.
3370 3941 3653 4010 Ἐννόησον
3685 3937 3779 3995 οὖν

2203 4023 2319 4086 πῶς
2359 4020 2719 4091 ὀλιγοχρόνιον
2747 4020 2807 4072 τὸ
2834 4022 3042 4092 κτῆμα.
3086 4023 3145 4075 '0
3171 4023 3269 4093 μὲν
3301 4021 3411 4095 γάρ
3439 4024 3774 4095 κεκτημένος

2203 4107 2290 4177 ζῇ,
2321 4105 2384 4158 τὸ
2413 4105 2469 4159 δὲ
2495 4106 2678 4174 κτῆμα
2717 4103 2965 4157 ἀπώλετο
2986 4147 3000 4171 ,
3038 4107 3130 4159 καὶ
3157 4106 3268 4160 εἴθε
3303 4106 3550 4161 ἀπώλετο
3593 4110 3771 4179 μόνον,

2202 4191 2297 4243 καὶ
2329 4188 2402 4259 μὴ
2440 4186 2789 4240 συναπώλεσε
2819 4189 2909 4240 τὸν
2944 4189 3303 4259 κεκτημένον.
3337 4190 3549 4243 Οὐκοῦν
3582 4193 3683 4245 οὑκ
3712 4192 3777 4245 ἂν

2205 4274 2470 4344 ἁμάρτοις
2511 4270 2603 4323 τὸν
2644 4270 2875 4326 πλοῦτον
2921 4271 3211 4343 ἀγνώμονα
3254 4274 3470 4343 οἰκέτην
3519 4274 3774 4340 καλέσας,

2204 4355 2423 4422 οἰκέτην
2458 4353 2752 4424 αίμοϐόρον
2782 4354 2875 4408 καὶ
2908 4355 3255 4425 ἀνδροφόνον,
3292 4357 3512 4427 οἰκέτην
3547 4358 3781 4429 ἀμοιϐὰς

2205 4437 2525 4493 ἀποδιδόντα
2555 4435 2631 4506 τῷ
2661 4436 2893 4508 δεσπότῃ
2930 4439 3030 4508 τὴν
3079 4442 3308 4511 σφαγήν.
3359 4441 3468 4494 Καὶ
3499 4440 3558 4494 τὸ
3585 4440 3648 4512 δὴ
3683 4459 3780 4512 χα-

2205 4520 2533 4589 λεπώτερον,
2577 4520 2675 4589 οὑχ
2717 4521 2844 4573 ὃταν
2893 4522 3053 4575 αὑτὸν
3100 4524 3412 4596 καταλίπῃ,
3464 4525 3779 4597 περιϐάλλει

2205 4602 2485 4665 κινδύνοις,
2518 4601 2653 4655 ἀλλά
2689 4602 2783 4656 καὶ
2831 4604 3011 4675 πρὶνῆ
3044 4606 3317 4677 καταλίπῃ
3348 4606 3532 4674 αὑτὸν,
3566 4608 3780 4679 θορυϐεῖ

2206 4686 2365 4740 αὐτὸν
2395 4685 2489 4738 καὶ
2517 4686 2790 4755 ταράττει.
2837 4688 2928 4758 Μὴ
2954 4687 3062 4758 γάρ
3094 4706 3182 4759 μοι
3213 4689 3327 4762 ἴδῃς
3359 4690 3452 4745 τὸν
3484 4691 3555 4744 τά
3580 4692 3782 4763 σηρικὰ

2206 4768 2669 4840 περιϐεϐλημένον
2718 4770 2907 4841 ίμάτια
2936 4809 2951 4835 ,
3009 4774 3106 4826 καὶ
3166 4773 3336 4845 μύρον
3390 4776 3645 4839 πνέοντα,
3689 4778 3779 4831 καὶ

2205 4851 2641 4923 θεραπευόμενον
2691 4852 2926 4919 ἐξωθενο
2986 4854 3100 4908 ἀλλ’
3149 4857 3451 4924 ἀνάπτυξον
3496 4861 3665 4915 αὑτοῦ
3721 4862 3779 4915 τὸ

2208 4934 2465 4997 συνειδὸς,
2483 4934 2768 5005 γύμνωσον
2796 4935 2960 4989 αὑτοῦ
2989 4938 3087 5009 τὴν
3114 4939 3353 4994 διάνοιαν
3381 4940 3461 4995 ἔτι
3493 4943 3779 4999 πλουτοῦν-

2204 5037 2315 5085 τος,
2348 5020 2443 5072 καὶ
2470 5018 2590 5088 δψει
2619 5019 2828 5073 ἔνδοθεν
2857 5020 3117 5092 θορύϐους
3165 5024 3259 5077 καὶ
3307 5026 3579 5096 ταραχάς.
3612 5028 3779 5082 Ὅταν

2205 5101 2261 5154 δὲ
2295 5102 2410 5173 ἴδῃς
2439 5101 2624 5173 ἕτερον
2654 5102 2921 5155 πίπτοντα
2954 5106 3011 5156 ἐν
3039 5104 3117 5175 τῷ
3144 5106 3353 5160 ἐκείνου
3384 5109 3666 5181 πτώματι,
3684 5113 3777 5183 τὴν

2204 5185 2412 5239 οἰκείαν
2440 5185 2728 5256 συμφορὰν
2760 5187 3163 5256 καταμάνθανε.

2277 5275 2344 5336 γ’.
2385 5268 2449 5319 Τί
2483 5268 2590 5339 γάρ
2625 5268 3035 5340 σφαλερώτερον
3097 5271 3206 5326 τῶν
3234 5273 3595 5346 ἀνθρωπίνων
3632 5275 3778 5349 [508]

2208 5350 2581 5420 πραγμάτων;
2620 5352 2685 5403 Ὃ
2713 5351 2975 5416 πολλάκις
3006 5349 3180 5419 εἶπον,
3229 5356 3314 5409 δτι
3341 5358 3628 5428 ποταμίων
3666 5364 3779 5431 ῥευ-

2210 5433 2395 5502 μάτων
2424 5435 2670 5503 μιμεῖται
2720 5434 2911 5502 φύσιν,
2943 5437 3079 5507 ὁμοῦ
3111 5455 3170 5490 τε
3204 5439 3454 5505 φαίνεται
3483 5442 3577 5494 καὶ
3610 5459 3777 5510 παρα-

2206 5515 2417 5586 τρέχει,
2467 5516 2602 5586 ὁμοῦ
2650 5520 2939 5589 κατέχεται
2973 5521 3069 5573 καὶ
3108 5523 3385 5595 ἀποπηδᾷ.
3425 5524 3523 5593 Μὴ
3573 5526 3776 5594 φοϐοῦ,

2207 5596 2354 5652 ὅταν
2377 5599 2699 5669 πλουτήσῃ
2727 5603 3055 5670 ἅνθρωπος.
3097 5605 3297 5660 Τοῦτον
3326 5607 3458 5661 λάϐε
3488 5608 3581 5661 τὸν
3608 5608 3775 5676 λόγον,

2271 5731 2296 5760 θ
2322 5730 2457 5804 Ιᾳςεη
2481 5731 2529 5779 ἐν
2566 5732 2700 5804 τόπῳ
2724 5735 2934 5804 καθαρῷ,
2957 5734 3081 5804 ἔχων
3112 5738 3304 5801 ὄμματα
3322 5740 3476 5804 νοερᾶς
3522 5740 3688 5803 ἐμϐηθι
3716 5743 3781 5794 εἰς

2207 5792 2298 5858 τὸν
2312 5792 2545 5858 κλύδωνα,
2572 5792 2712 5858 μόνον
2734 5792 2858 5856 μετά
2874 5792 3134 5858 ἀκριϐείας.

2277 5851 2298 5891 τ
2326 5853 2443 5904 Haec
2464 5851 2662 5906 omn'ino
2682 5851 3051 5908 di'clavidehlur
3072 5851 3416 5925 pbleuu'opil
3436 5862 3783 5913 calamitatem.
