4068 6270
369 467 466 523 5m
1697 453 1761 508 ΙΝ
1800 450 1923 508 PSA
1933 449 2124 506 LMUM
2165 451 2393 509 XLVIII.

371 598 424 640 te
450 580 720 638 hominem
751 578 972 646 vocabo,
1004 591 1110 634 non
1141 571 1391 631 asinum?
1415 573 1546 628 Cum
1578 579 1629 627 te
1656 569 1956 626 adulterum

369 689 556 738 cerno,
603 669 874 743 quomodo
919 679 971 725 te
1017 666 1289 724 hominem
1338 664 1560 731 vocabo,
1610 678 1716 718 non
1761 677 1957 734 equum

369 761 750 820 emissarium?
802 760 935 816 Cum
987 768 1040 814 te
1091 757 1528 828 inobsequentem
1581 753 1960 825 stupidumque

371 857 552 920 video,
591 852 862 924 quomodo
891 861 943 907 te
983 850 1257 905 hominem
1298 847 1521 914 vocabo,
1550 861 1656 900 non
1687 844 1958 915 lapidem?

371 946 715 1004 Nobilitatem
761 959 790 998 a
841 943 952 999 Deo
995 941 1267 1011 accepisti,
1313 954 1409 994 cur
1452 946 1655 992 naturae
1706 937 1956 991 virtutem

371 1038 595 1110 prodis?
643 1036 803 1104 Quid,
836 1049 1040 1106 quaeso,
1068 1033 1242 1089 facis?
1281 1032 1385 1087 Alii
1430 1030 1676 1085 homines
1717 1029 1806 1084 illa
1835 1036 1959 1085 sunt

369 1130 618 1187 instructi
668 1137 803 1193 arte,
834 1136 890 1182 ut
924 1125 1102 1192 bruta,
1133 1123 1308 1195 quoad
1356 1122 1472 1193 ejus
1523 1119 1638 1176 fieri
1684 1128 1877 1192 potest,
1903 1120 1955 1174 in

373 1221 604 1278 hominis
659 1219 990 1276 nobilitatem
1041 1215 1396 1281 transferant;
1465 1214 1718 1284 psittacos
1763 1212 1957 1268 docent

371 1315 604 1370 humana
637 1328 767 1368 voce
796 1311 959 1382 loqui,
988 1319 1207 1380 arteque
1233 1316 1475 1362 naturam
1506 1313 1741 1376 cogunt;
1773 1305 1958 1361 leones

368 1409 577 1464 cicures
602 1404 851 1470 reddunt,
881 1417 1078 1474 perque
1107 1400 1283 1457 forum
1312 1399 1543 1455 trahunt.
1571 1398 1802 1453 Leonem
1829 1396 1958 1453 effe-

367 1515 490 1556 rum
537 1499 734 1554 animal
763 1499 996 1553 cicurem
1043 1491 1244 1562 reddis,
1276 1502 1331 1550 et
1369 1503 1419 1549 te
1449 1493 1574 1564 lupo
1600 1491 1953 1550 ell‘eratiorem

367 1587 636 1646 exhibes?
661 1587 918 1658 Quodque
953 1587 1166 1658 gravius
1194 1593 1308 1641 est:
1333 1599 1558 1654 quaeque
1586 1583 1761 1638 bellua
1789 1597 1954 1637 unum

367 1681 530 1737 habet
556 1680 764 1746 vitium,
790 1679 946 1749 lupus
972 1693 1137 1748 rapax
1163 1686 1268 1744 est,
1300 1691 1523 1747 serpens
1552 1675 1791 1740 dolosus,
1809 1675 1954 1744 aspis

368 1788 670 1830 venenosus
695 1790 708 1825 :
740 1781 795 1826 at
821 1773 981 1826 homo
1010 1770 1282 1840 improbus
1311 1784 1418 1824 non
1445 1770 1591 1825 item.
1622 1766 1776 1839 Saepe
1803 1783 1955 1823 nam-

368 1880 476 1936 que
501 1879 606 1919 non
651 1878 759 1918 uno
797 1862 928 1917 vitio
966 1861 1187 1917 allectus
1214 1871 1316 1926 est,
1347 1859 1440 1915 sed
1469 1867 1525 1914 et
1565 1873 1729 1929 rapax
1768 1867 1872 1924 est,
1900 1866 1955 1914 et

369 1955 610 2022 dolosus,
639 1964 694 2009 et
732 1969 1049 2017 venenosus,
1082 1954 1468 2023 brutorumque
1511 1951 1638 2006 vitia
1690 1951 1742 2005 in
1775 1948 1954 2005 animo

369 2061 467 2102 suo
490 2045 711 2116 colligit.
733 2045 1014 2112 Quomodo
1035 2044 1211 2115 itaque
1237 2051 1288 2098 te
1317 2043 1590 2098 hominem
1617 2041 1838 2109 vocabo,
1861 2038 1954 2111 qui

368 2154 468 2194 nec
503 2139 651 2209 regni
680 2138 905 2208 insigne,
950 2151 1051 2191 nec
1079 2134 1340 2201 diadema,
1378 2149 1476 2190 nec
1520 2148 1808 2205 purpuram
1859 2131 1954 2186 ha-

366 2230 496 2286 beas
514 2230 538 2282 ?
583 2228 880 2294 Faciamus,
922 2227 1113 2297 inquit,
1137 2226 1389 2281 hominem
1417 2226 1485 2279 ad
1509 2226 1780 2297 imaginem
1809 2232 1855 2278 et
1884 2224 1954 2278 si-

366 2320 704 2375 militudinem
747 2327 971 2372 nostram
1024 2317 1178 2388 (Gen.
1225 2317 1274 2372 1.
1303 2316 1418 2387 26).
1452 2315 1637 2387 Cogita
1689 2315 1756 2370 ad
1801 2313 1952 2384 cujus

366 2412 651 2480 imaginem
684 2410 851 2466 factus
893 2409 986 2476 sis,
1014 2408 1195 2477 homo,
1239 2423 1339 2464 nec
1381 2417 1431 2463 te
1460 2407 1528 2462 ad
1563 2408 1722 2462 vilem
1752 2406 1949 2462 bestia-

367 2521 488 2562 rum
519 2503 880 2561 conditionem
909 2503 1170 2571 deprime.
1200 2502 1256 2557 Si
1297 2501 1490 2556 videris
1519 2515 1721 2570 regem,
1749 2516 1950 2570 purpu-

368 2614 482 2654 ram
510 2607 565 2653 et
592 2596 835 2652 diadema
864 2595 1226 2665 abjicientem,
1260 2604 1315 2650 at
1351 2610 1473 2650 cum
1503 2593 1757 2648 militibus
1800 2609 1948 2648 com-

369 2690 618 2755 mixtum,
666 2686 1086 2756 prodentemque
1119 2686 1399 2755 imperium
1449 2700 1625 2749 suum,
1662 2701 1768 2754 quo
1798 2693 1952 2755 pacto

367 2781 517 2836 illum
546 2795 725 2851 regem
760 2779 1008 2834 vocabis?
1033 2779 1110 2832 Tu
1143 2779 1303 2832 homo
1330 2792 1406 2833 es.
1435 2778 1512 2833 Ne
1540 2776 1668 2832 mihi
1699 2777 1950 2832 ostende-

370 2873 444 2927 ris
473 2882 523 2927 te
562 2872 792 2926 hominis
821 2870 1050 2925 animam
1078 2870 1294 2936 habere,
1319 2869 1412 2924 sed
1458 2886 1522 2922 an
1555 2870 1831 2939 prudentia
1877 2869 1952 2923 sis

371 2963 552 3016 homo.
584 2963 760 3018 Preces
797 2963 986 3029 brutis,
1015 2971 1069 3017 et
1108 2963 1381 3017 brutorum
1426 2961 1708 3016 affectuum
1742 2969 1950 3016 tuorum

370 3054 539 3109 factus
567 3071 626 3110 es
654 3055 877 3110 servus?
1911 3056 1913 3058 ’

440 3147 494 3201 2.
529 3147 651 3214 Quis
680 3163 791 3201 vere
821 3147 969 3200 homo
1001 3146 1085 3201 sit.
1125 3175 1196 3186 ——
1235 3147 1300 3201 Et
1328 3145 1595 3218 quomodo
1638 3146 1796 3200 homo
1822 3161 1951 3202 eva-

366 3237 535 3294 dam?
564 3239 790 3308 inquies.
819 3237 875 3292 Si
915 3237 1262 3308 cogitationes
1289 3238 1485 3305 carnis,
1509 3239 1765 3294 absurdas
1797 3241 1912 3294 illas
1931 3281 1948 3306 ,

365 3330 673 3402 subegeris:
698 3331 743 3385 si
765 3329 988 3399 ejeceris
1010 3331 1430 3394 fornicationem,
1455 3331 1498 3385 si
1520 3331 1741 3400 eieceris
1763 3337 1953 3387 intem-

367 3423 628 3492 pestivum
681 3436 918 3476 amorem
964 3423 1339 3492 pecuniarum,
1383 3421 1428 3475 si
1473 3422 1766 3491 improbam
1809 3423 1950 3477 illam

367 3514 701 3585 tyrannidem
725 3513 966 3583 ejeceris,
986 3517 1029 3568 si
1051 3531 1238 3584 purum
1268 3515 1439 3569 locmn
1464 3525 1609 3570 tuum
1632 3517 1947 3572 reddideris.

365 3609 436 3662 At
463 3607 731 3676 quomodo
759 3607 1006 3662 efficiaris
1036 3607 1228 3662 homo?
1258 3608 1314 3663 Si
1342 3607 1446 3664 huc
1473 3611 1684 3665 veneris
1721 3610 1807 3666 ubi
1853 3611 1953 3664 ho-

367 3701 539 3752 mines
577 3707 845 3753 creantur.
886 3699 941 3754 Si
992 3710 1041 3754 Ic
1087 3715 1280 3769 equum
1321 3714 1525 3755 sumam
1552 3742 1568 3765 ,
1601 3711 1653 3756 te
1682 3700 1953 3757 hominem

369 3787 596 3855 faciam;
629 3790 672 3844 si
702 3797 752 3844 te
782 3790 960 3859 lupum
992 3807 1197 3846 sumam
1219 3831 1234 3857 ,
1269 3800 1320 3846 te
1352 3792 1618 3847 hominem
1646 3793 1874 3859 faciam;
1907 3793 1954 3849 si

368 3889 420 3934 te
441 3890 741 3949 serpentem
768 3881 1061 3951 accipiam,
1089 3880 1272 3934 faciam
1304 3890 1353 3936 tc
1383 3882 1688 3947 hominem,
1721 3898 1826 3936 non
1855 3898 1952 3938 na-

369 3978 541 4024 turam
567 4013 580 4035 ,
611 3971 706 4026 sed
737 3972 1062 4041 pr0positum
1094 3981 1326 4027 mutans.
1360 3973 1460 4029 Sed
1491 3974 1616 4044 quid
1654 3973 1840 4029 dices?
1867 3974 1956 4028 Li-

368 4061 526 4117 beros
548 4061 735 4129 habeo,
764 4063 943 4117 domui
973 4080 1221 4133 praesum,
1247 4064 1313 4118 de
1340 4080 1503 4119 uxore
1528 4065 1783 4120 sollicitus
1812 4081 1949 4132 sum,

367 4163 676 4224 paupertate
703 4172 932 4225 premor,
967 4161 1323 4213 necessarium
1349 4159 1544 4213 victum
1574 4173 1724 4230 paro.
1756 4158 1955 4214 Obten-

369 4252 452 4298 tus
481 4245 593 4300 haec
622 4255 745 4302 sunt
773 4255 825 4300 et
869 4249 1312 4304 causiﬁcatinnes.
1345 4248 1399 4305 Si
1442 4250 1581 4305 enim
1615 4250 1701 4304 hic
1742 4259 1792 4304 te
1836 4264 1956 4315 per-

367 4347 528 4407 petuo
557 4340 864 4404 retinerem,
896 4355 959 4393 ac
987 4357 1054 4394 ne
1081 4341 1164 4393 vel
1194 4350 1464 4395 momento
1493 4343 1866 4407 concederem,
1899 4349 1956 4396 ut

365 4431 602 4485 externis
627 4446 842 4486 vacares
869 4433 1112 4502 negotiis,
1147 4447 1329 4500 posses
1361 4433 1458 4488 hac
1484 4435 1826 4489 excusatione
1856 4435 1950 4498 uti,

366 4524 602 4594 mihique
643 4524 822 4579 dicere
847 4544 860 4578 :
885 4525 1102 4580 Liberos
1147 4526 1350 4592 habeo,
1380 4526 1558 4580 domui
1601 4542 1829 4597 praesum
1854 4543 1868 4580 :
1893 4541 1954 4581 ac

367 4617 536 4685 probe
565 4627 709 4672 certe
736 4617 837 4672 hoc
879 4618 1088 4673 diceres
1113 4637 1125 4671 :
1157 4619 1262 4672 imo
1287 4621 1461 4690 potius
1489 4635 1659 4690 neque
1701 4617 1951 4674 tunc'illa

366 4707 548 4763 dicere
578 4718 865 4779 oporteret.
899 4709 1080 4765 Potest
1117 4711 1258 4764 enim
1291 4713 1305 4743 ³
1341 4713 1481 4768 Deus
1507 4713 1598 4768 tibi
1629 4713 1712 4767 hic
1737 4715 1950 4783 agenti,

366 4803 552 4872 majori
597 4805 746 4875 ecpia
779 4813 866 4859 tua
904 4806 1079 4860 omnia
1109 4821 1322 4876 augere.
1348 4806 1498 4863 Nunc
1537 4817 1712 4864 autem
1757 4811 1952 4865 nullam

366 4893 462 4949 tibi
495 4894 795 4964 hujusmodi
823 4897 1192 4951 necessitatem
1224 4899 1438 4966 impono
1457 4940 1472 4964 ,
1499 4916 1672 4970 neque
1701 4901 1822 4956 dico
1846 4944 1860 4967 ,
1894 4909 1955 4957 ut

366 4987 604 5056 quotidie
635 4988 716 5042 his
743 5005 920 5055 vaces,
943 4990 1038 5046 sed
1067 4991 1146 5046 bis
1177 4999 1378 5046 tantum
1410 4993 1460 5047 in
1491 4993 1818 5050 hebdomada
1851 4996 1949 5068 (a).

367 5078 503 5142 Quid
542 5095 737 5149 grave,
764 5083 886 5151 quid
934 5084 1259 5138 onerosum?
1282 5083 1398 5138 Non
1448 5100 1540 5154 per
1567 5094 1736 5140 totum
1774 5087 1949 5155 diem,

367 5171 461 5226 sed
494 5187 587 5240 per
615 5173 860 5242 exiguum
889 5176 1143 5244 temporis
1163 5177 1392 5246 spatiqu
1411 5177 1530 5231 veni
1559 5178 1611 5232 in
1632 5178 1949 5234 ecclesiam:

369 5262 552 5330 accipe
576 5263 868 5330 Spiritualia
905 5281 1058 5320 sensa
1082 5308 1097 5330 ,
1127 5283 1193 5322 ne
1217 5268 1448 5338 accipias
1476 5269 1697 5324 vulnera
1723 5287 1736 5323 :
1762 5285 1868 5325 non
1898 5278 1955 5324 ut

368 5351 503 5405 alios
529 5352 780 5421 dejicias,
805 5357 904 5421 sed
935 5367 992 5412 ut
1037 5359 1087 5412 in
1125 5360 1403 5414 ecclesiam
1435 5361 1607 5416 forum
1649 5371 1951 5418 convertas.

370 5441 503 5498 Veni
524 5485 539 5508 ,
571 5444 751 5512 accipe
795 5461 942 5502 arma
967 5489 982 5511 ,
1015 5461 1342 5509 utarmatus
1361 5454 1570 5509 noxiam
1612 5456 1818 5527 plagam
1844 5473 1950 5513 non

371 5534 621 5604 accipias.
650 5535 742 5591 Sta
771 5537 821 5590 in
863 5539 976 5592 acie
998 5582 1013 5601 ,
1043 5541 1134 5595 sed
1165 5555 1436 5610 armatus;
1469 5556 1551 5602 sta
1577 5547 1630 5603 in
1671 5548 1789 5604 loco
1825 5566 1953 5606 san-

437 5689 1116 5769 {Ltn‘sai'ilzsicleg‘itunf.g.7
1148 5703 1198 5745 ut
1240 5699 1453 5769 externis
1496 5713 1698 5769 vacares
1708 5707 1950 5769 “negatis,

373 5749 519 5823 probe
537 5751 777 5823 certegltoc
801 5749 1022 5823 diceres;
1057 5753 1160 5823 imo
1174 5759 1345 5817 potius,
1370 5749 1660 5823 neque'tunc'
1672 5749 1952 5819 adiﬁciis

373 5819 626 5874 aporteret.
661 5821 817 5864 Potest
837 5818 980 5869 enim,
1009 5823 1124 5870 etc..
1150 5818 1453 5870 intermediis
1474 5825 1682 5874 omissis.

440 5872 514 5935 (α)
546 5877 621 5926 Bis
645 5876 692 5924 in
717 5875 1016 5927 hebdomada
1036 5884 1148 5926 tunc
1168 5880 1456 5939 przedicabat
1479 5872 1854 5950 Chrysostomus.

3559 467 3660 521 50⁵2

2073 578 2160 624 cto
2179 610 2194 635 ,
2229 570 2321 626 sed
2353 571 2497 641 puris
2525 573 2772 643 praeditus
2817 575 2984 630 oculis
3007 593 3023 643 ;
3046 576 3182 631 intra
3211 578 3262 633 in
3293 589 3536 648 portum,
3565 585 3658 638 sed

2071 663 2358 732 diligenter
2383 680 2573 720 navem
2613 681 2891 724 commove
2918 670 2956 722 ¹.
2983 669 3107 726 Haec
3135 681 3287 741 potes
3314 671 3416 730 hoc
3445 675 3498 730 in
3541 677 3660 730 locu

2070 756 2277 811 discere
2301 774 2314 809 :
2338 756 2432 811 sed
2459 757 2675 824 abnuis,
2707 768 2761 814 et
2791 760 2842 815 in
2873 762 3148 818 saecularia
3175 773 3349 821 castra
3383 765 3478 820 Dei
3505 783 3657 820 man-

2069 849 2206 905 datis
2244 850 2472 906 nudatus
2511 860 2564 908 te
2603 853 2842 924 conjicis.
2871 855 3055 927 Cogita
3098 868 3352 928 quantum
3378 860 3448 914 sit
3473 875 3538 914 ex
3566 875 3656 915 ec-

2067 941 2229 997 clesia
2253 943 2434 1014 egredi
2465 944 2691 999 humana
2722 947 2897 1002 omnia
2925 947 3326 1019 despicientem,
3354 953 3644 1007 molestias-

2068 1049 2173 1105 que
2196 1036 2488 1091 calcantem
2514 1078 2530 1103 ,
2555 1037 2814 1108 bonisque
2854 1041 3187 1108 superiorem
3223 1041 3420 1098 factum
3446 1061 3462 1110 ;
3488 1046 3557 1098 ita
3601 1056 3656 1098 ut

2069 1140 2246 1194 neque
2270 1126 2373 1180 illis
2397 1128 2690 1197 superbiat,
2710 1144 2878 1199 neque
2907 1130 2988 1185 his
3021 1141 3322 1201 prematur:
3341 1135 3513 1204 qualis
3541 1144 3660 1190 erat

2066 1216 2188 1282 Job,
2217 1233 2389 1287 neque
2419 1228 2728 1289 paupertate
2767 1221 3008 1287 obrutus,
3033 1237 3204 1293 neque
3231 1223 3430 1280 divitiis
3463 1226 3654 1288 elatus,

2065 1307 2164 1364 sed
2193 1308 2246 1363 in
2277 1323 2456 1363 rerum
2487 1309 2848 1366 vicissitudine
2875 1313 3130 1382 :equalem
3153 1329 3373 1370 servans
3395 1315 3651 1370 animum.

2141 1399 2391 1470 Exempla
2428 1401 2783 1457 vicissitudinis
2809 1420 2976 1457 rerum
3013 1405 3370 1461 humanarum.
3391 1436 3464 1446 —
3488 1405 3652 1472 Veni,

2066 1506 2217 1549 sume
2237 1505 2560 1550 armaturam
2583 1511 2610 1549 a
2639 1512 2745 1552 mc.
2771 1497 2990 1565 Qualem
3016 1501 3380 1555 armaturam?
3400 1500 3531 1568 Qua:
3560 1503 3654 1557 tibi

2065 1596 2208 1654 saepe
2233 1584 2459 1640 salutem
2490 1585 2789 1656 pollicetur.
2812 1587 2958 1654 Exis,
2979 1597 3032 1644 et
3057 1589 3207 1645 vides
3224 1591 3489 1646 hominem
3517 1608 3655 1662 equo

2064 1683 2273 1729 vectum
2302 1690 2465 1730 aureo
2495 1675 2664 1741 freno,
2687 1678 2866 1732 multis
2890 1679 3206 1734 satellitibus
3230 1681 3502 1750 stipatum.
3534 1699 3611 1736 l‘llt
3628 1713 3661 1727 -

2063 1780 2260 1837 susque
2286 1768 2441 1824 vilem
2469 1769 2752 1838 quemdam
2781 1781 2834 1825 et
2874 1771 3158 1841 abjectum.
3188 1773 3320 1828 llinc
3363 1775 3556 1829 invidia
3600 1777 3654 1829 in

2063 1857 2278 1913 divitem
2317 1861 2710 1930 commoveris,
2737 1861 2871 1915 livor
2914 1862 3162 1932 pauperis
3201 1873 3253 1918 te
3281 1865 3653 1933 apprehendit.

2063 1953 2285 2009 Accedit
2312 1953 2377 2009 ad
2411 1964 2462 2010 te
2493 1954 2688 2020 David,
2720 1955 2872 2010 adest
2896 1964 2950 2010 et
2973 1954 3132 2010 dicit:
3157 1953 3241 2010 Ne
3267 1957 3648 2023 timueris,cum

2063 2046 2198 2101 dives
2227 2051 2390 2116 factus
2419 2047 2571 2116 fuerit
2597 2047 2748 2102 homo
2770 2046 2942 2119 (Psai.
2966 2047 3058 2103 48.
3088 2049 3198 2117 17).
3231 2048 3502 2118 Egredere
3529 2064 3651 2104 cum

2065 2139 2342 2208 propheta,
2356 2147 2492 2194 etne
2515 2139 2720 2194 timeas.
2743 2140 2843 2194 Abi
2863 2154 2969 2210 quo
2985 2140 3074 2194 tibi
3093 2139 3213 2194 dico
3228 2155 3348 2194 eum
3371 2139 3651 2209 propheta,

2062 2245 2182 2284 cum
2212 2229 2450 2296 doctore,
2476 2245 2596 2286 cum
2620 2230 2829 2298 baculo,
2854 2245 2974 2286 cum
3000 2245 3266 2300 praecone.
3300 2230 3382 2285 Ne
3405 2232 3650 2296 timueris,

2061 2337 2173 2374 eam
2191 2321 2324 2376 dives
2339 2324 2505 2393 factus
2519 2321 2671 2392 fuerit
2691 2320 2934 2375 homo.At
2953 2321 3098 2378 dices
3114 2338 3129 2375 :
3144 2320 3248 2376 hoc
3266 2324 3530 2376 monentis
3547 2334 3650 2386 est,

2062 2423 2112 2470 et
2140 2413 2420 2468 consilium
2447 2412 2622 2468 dantis
2642 2455 2656 2478 ,
2685 2428 2749 2469 ac
2774 2427 2894 2483 quae
2917 2412 3112 2468 decent
3136 2415 3605 2469 eommonstrantis
3633 2432 3646 2468 :

2062 2504 2148 2559 dic
2179 2505 2308 2559 mihi
2337 2505 2497 2560 etiam
2526 2503 2741 2559 modum
2768 2545 2782 2571 ,
2807 2519 2915 2575 quo
2939 2504 3110 2560 debeo
3136 2504 3406 2559 hominem
3443 2521 3548 2560 non
3581 2507 3650 2560 ti-

2062 2611 2230 2650 mere.
2255 2595 2387 2662 Quia
2431 2594 2732 2650 divitiarum
2763 2603 2948 2650 natura
2982 2595 3217 2650 hominis
3242 2605 3488 2650 naturam
3526 2593 3650 2649 imi-

2063 2697 2221 2743 tatur.
2247 2689 2356 2757 Qua
2387 2699 2564 2744 autem
2587 2689 2812 2753 ratione,
2839 2703 2936 2758 ego
2963 2688 3159 2742 dicam.
3181 2688 3317 2755 Quid
3339 2697 3422 2743 est
3448 2688 3606 2742 homo
3628 2688 3652 2740 ?

2061 2780 2275 2835 Animal
2303 2781 2404 2834 vile
2423 2820 2437 2845 ,
2466 2779 2726 2834 caducum
2752 2821 2767 2846 ,
2797 2780 2971 2849 exigui
3003 2779 3279 2849 temporis.
3308 2778 3463 2834 Tales
3491 2778 3650 2833 etiam

2061 2872 2278 2936 divitiae;
2307 2873 2414 2926 imo
2440 2887 2544 2926 non
2572 2871 2724 2937 tales,
2756 2869 2851 2926 sed
2881 2871 3222 2925 infirmiores.
3245 2871 3398 2940 Stepc
3423 2885 3653 2939 namque

2061 2979 2165 3018 non
2204 2978 2323 3018 cum
2362 2964 2574 3020 homine
2600 2964 2883 3030 desinunt,
2905 2964 2998 3019 sed
3021 2965 3177 3018 etiam
3215 2965 3652 3024 autehominem,

2061 3055 2235 3110 Nostis
2251 3071 2345 3110 vos
2370 3056 2645 3110 innumera
2666 3057 2907 3126 exempla
2933 3057 2985 3110 in
3011 3056 3109 3112 hac
3125 3056 3274 3122 urbe,
3294 3057 3434 3112 circa
3460 3058 3654 3112 intem-

2063 3147 2316 3217 pestivam
2344 3145 2644 3214 huiusmodi
2669 3146 2968 3201 divitiarum
2987 3146 3268 3216 jacturam,
3289 3155 3344 3202 et
3366 3147 3646 3210 didicistis,

2061 3239 2270 3293 vivente
2291 3253 2620 3307 possessore,
2649 3239 3037 3308 possessionem
3061 3238 3284 3308 periisse
3309 3254 3322 3292 :
3346 3238 3650 3292 divitiarum

2060 3329 2204 3385 enim
2234 3330 2350 3383 linis
2378 3340 2458 3384 est
2489 3332 2712 3384 mutatio
2739 3330 2788 3383 in
2820 3337 3201 3400 paupertatem.
3231 3329 3508 3398 Perpende
3549 3330 3648 3398 igi-

2063 3432 2148 3477 tur
2192 3437 2351 3492 quam
2379 3423 2553 3477 brevis
2581 3421 2834 3491 temporis
2862 3422 2932 3474 sit
2956 3421 3242 3490 possessio.
3270 3420 3400 3474 Nam
3435 3435 3651 3490 posses-

2060 3529 2150 3570 sor
2197 3515 2328 3569 vivit
2371 3523 2488 3584 post
2512 3514 2772 3584 jacturam
2818 3513 3190 3584 possessionis.
3235 3514 3411 3583 Atque
3450 3513 3648 3567 utinam

2062 3606 2307 3677 periisset
2339 3607 2606 3676 possessio
2627 3647 2651 3684 λ
2679 3621 2850 3676 neque
2889 3606 2938 3660 in
2972 3606 3262 3676 perniciem
3292 3606 3540 3660 traxisset
3566 3606 3647 3674 ip-

2063 3711 2180 3752 sum
2211 3712 2592 3766 possessorem.
2621 3697 2735 3751 Non
2779 3697 3043 3752 erras-eris
3070 3696 3230 3767 igitur
3257 3698 3302 3750 si
3333 3696 3532 3750 dixeris
3562 3697 3647 3749 di-

2063 3789 2217 3844 vitias
2262 3803 2383 3844 esse
2423 3789 2774 3843 domesticum
2814 3788 3079 3858 ingratum
3105 3829 3121 3854 ,
3149 3787 3548 3858 sanguinarium
3596 3797 3653 3842 et

2063 3882 2415 3947 homicidam;
2447 3883 2798 3936 domesticum
2818 3883 2908 3950 qui
2933 3882 2984 3936 in
3011 3880 3496 3936 remunerationem
3520 3879 3651 3934 hero

2061 3992 2246 4031 necem
2291 3975 2467 4030 infert.
2495 3975 2752 4044 Quodque
2776 3974 2990 4044 gravius
3019 3981 3103 4028 est
3125 4014 3140 4038 ,
3182 3987 3289 4026 non
3326 3987 3446 4026 cum
3482 3971 3653 4026 homi-

2063 4084 2184 4124 nem
2215 4069 2412 4122 deserit
2436 4109 2450 4132 ,
2485 4068 2655 4135 ipsum
2685 4068 2735 4120 in
2760 4067 2990 4136 pericula
3017 4065 3235 4134 coniicit
3259 4105 3274 4130 ,
3303 4065 3398 4120 sed
3422 4074 3478 4119 et
3500 4074 3651 4119 ante-

2061 4175 2218 4229 quam
2249 4158 2418 4228 ipsum
2446 4159 2725 4227 relinquat,
2752 4157 2927 4211 turbat
2954 4157 3123 4224 ipsum
3143 4171 3205 4210 ac
3220 4165 3548 4211 consternat.
3573 4156 3650 4216 Ne

2061 4253 2192 4308 mihi
2219 4251 2473 4323 respicias
2505 4253 2648 4306 illum
2676 4251 2863 4306 sericis
2889 4249 3216 4304 vestimentis
3243 4249 3483 4303 indutttm
3503 4291 3517 4313 ,
3547 4267 3647 4304 un-

2059 4347 2267 4416 guentis
2297 4345 2590 4415 perfusum,
2620 4354 2672 4397 et
2700 4343 2956 4396 famulitio
2983 4342 3184 4396 cultum
3211 4359 3224 4395 :
3253 4340 3347 4395 sed
3375 4341 3492 4410 ejus
3521 4357 3649 4396 cou—

2059 4440 2333 4494 scientiam
2359 4453 2558 4501 resera,
2583 4438 2698 4506 ejus
2726 4436 2899 4491 adhuc
2919 4435 3156 4505 opulenti
3181 4434 3418 4489 animum
3447 4445 3647 4504 rctcge,

2058 4530 2366 4599 videbisque
2406 4530 2546 4584 intus
2577 4528 2834 4582 tumultus
2863 4536 2915 4582 et
2945 4526 3146 4581 turbas.
3175 4525 3309 4582 Cum
3348 4535 3528 4582 autem
3569 4526 3651 4580 vi-

2057 4623 2200 4679 deris
2224 4623 2384 4676 alium
2409 4621 2524 4691 ejus
2543 4635 2667 4676 casu
2691 4620 2976 4686 labentem,
2995 4619 3354 4675 calamitatem
3377 4619 3647 4690 propriam

2057 4717 2255 4772 edisce.

2128 4808 2180 4862 '5.
2208 4805 2345 4874 Quid
2394 4805 2535 4860 enim
2581 4803 2828 4858 humanis
2867 4802 3031 4859 rebus
3069 4800 3350 4857 fallacius?
3395 4799 3453 4854 ld
3503 4800 3645 4870 quod

2057 4913 2201 4967 saepe
2240 4896 2386 4963 dixi,
2419 4895 2706 4951 fluvialium
2739 4894 3000 4949 undarum
3045 4904 3287 4949 naturam
3335 4890 3644 4952 imitantur,

2057 4991 2214 5046 simul
2255 4997 2516 5061 apparent
2555 4997 2611 5045 et
2634 4996 2990 5059 prmtereunt,
3023 4986 3180 5042 simul
3212 4992 3459 5040 tenentur
3487 4991 3541 5037 et
3571 4982 3646 5036 ef-

2058 5083 2250 5138 fluunt.
2283 5081 2366 5138 Ne
2385 5083 2628 5146 timueris,
2655 5097 2767 5134 cum
2793 5080 2928 5132 dives
2951 5080 3115 5148 factus
3129 5074 3280 5146 fuerit
3297 5073 3468 5127 homo.
3495 5071 3649 5127 Hunc

2057 5175 2240 5245 accipe
2266 5189 2592 5238 sermonem,
2618 5174 2881 5228 canticum
2903 5168 3198 5240 spirituale.
3226 5165 3358 5222 Cum
3383 5165 3527 5220 enim
3559 5165 3644 5219 in-

2055 5281 2238 5338 gressa
2281 5266 2437 5321 fuerit
2475 5265 2670 5319 invidia
2693 5304 2709 5327 ,
2735 5273 2792 5320 ct
2827 5278 2931 5318 una
2977 5259 3264 5315 accesserit
3303 5257 3393 5313 hic
3421 5272 3608 5314 versus
3635 5297 3652 5320 ,

2057 5357 2255 5414 dictum
2278 5356 2406 5412 illud
2427 5355 2588 5410 animi
2610 5353 2857 5408 aﬂ'ectum
2883 5351 3040 5406 talem
3065 5349 3326 5405 eliminat.
3358 5347 3443 5403 Ne
3463 5349 3644 5402 timue-

2055 5449 2148 5516 ris,
2166 5463 2280 5502 cum
2303 5447 2438 5501 dives
2467 5450 2629 5517 factus
2656 5443 2808 5514 fuerit
2828 5444 2996 5497 hante.
3021 5441 3146 5496 Haec
3171 5456 3290 5496 mea
3319 5449 3444 5496 sunt
3471 5455 3647 5495 reme-

2057 5541 2163 5603 dia,
2196 5554 2316 5610 quae
2343 5552 2449 5592 non
2477 5535 2746 5606 pecunias,
2771 5533 2864 5590 sed
2885 5533 3044 5589 caelos
3069 5540 3333 5603 qumrunt.
3360 5530 3476 5587 Non
3499 5531 3644 5587 enim

2057 5644 2250 5700 corpus
2263 5643 2414 5695 euro,
2433 5628 2526 5684 sed
2553 5627 2745 5681 animae
2765 5625 3058 5682 remedium
3071 5639 3302 5696 appono;
3327 5640 3432 5680 non
3453 5634 3645 5681 vestrae

2057 5729 2282 5789 tantum,
2310 5721 2403 5776 sed
2428 5720 2586 5776 etiam
2612 5732 2767 5774 mete.
2794 5718 2908 5773 Etsi
2933 5732 3163 5788 namque
3180 5715 3370 5773 doctor
3395 5717 3515 5780 sim,
3546 5714 3643 5770 sed

2121 5837 2220 5897 'tn
2245 5833 2382 5897 Savil.
2411 5834 2606 5897 legitur.
2629 5836 2704 5883 sta
2726 5844 2776 5897 tu
2798 5834 2900 5881 loco
2931 5831 3276 5897 sanetoocnlos
3297 5830 3475 5881 habens
3496 5826 3642 5892 m’ric

2057 5895 2208 5948 tuales
2225 5910 2243 5956 ;
2260 5892 2489 5959 agitatum
2512 5896 2659 5946 adeas
2674 5893 2889 5957 petagns,
2914 5893 2998 5942 sed
3017 5892 3270 5955 diligenter
3293 5906 3430 5954 agas.
