4012 6280
450 397 553 454 503

448 516 610 569 homo
629 512 787 568 etiam
816 525 953 576 sum,
975 510 1245 568 communi
1264 511 1532 580 subjectus
1554 520 1774 576 naturae,
1793 524 2034 564 commu-

448 620 676 678 nemque
701 604 998 660 doctrinam
1027 604 1290 674 praebens.

517 696 722 750 Divitiae
760 711 888 750 verae
911 711 1040 766 quae.
1079 693 1413 748 Adulatorum
1444 693 1658 748 indoles.
1687 693 2036 765 Eleemosynaz

448 786 645 842 laudes.
677 815 742 827 â€”
771 785 855 841 Ne
879 787 1102 840 timueris
1126 826 1140 849 ,
1164 801 1275 838 cum
1320 786 1453 839 dives
1497 789 1660 855 factus
1686 787 1837 856 fuerit
1861 785 2031 840 homo.

448 880 606 938 llunc
632 879 816 949 accipe
855 894 1071 934 versum
1118 875 1171 932 in
1205 878 1508 932 thesaurum
1535 885 1588 933 et
1616 889 1982 948 argumentum
2017 894 2030 935 :

448 974 591 1028 hunc
619 974 798 1042 accipe
823 987 1035 1026 versum
1061 970 1293 1025 radicem
1320 969 1621 1024 divitiarum
1649 979 1702 1024 et
1728 970 2030 1040 opulentiae.

445 1065 560 1118 Non
592 1065 732 1118 enim
766 1062 980 1118 divitem
1018 1077 1138 1117 esse
1159 1103 1172 1127 ,
1203 1061 1296 1116 sed
1327 1061 1538 1116 divitias
1567 1061 1710 1115 nolle
1733 1103 1748 1128 ,
1779 1061 1862 1116 hae
1909 1072 2034 1117 sunt

446 1173 586 1212 vera:
614 1155 829 1209 divitiae.
861 1153 996 1208 Num
1042 1152 1377 1208 intellexistis
1423 1152 1551 1205 illud
1587 1153 1728 1221 quod
1763 1152 1912 1206 vobis
1951 1151 2037 1206 di-

441 1261 585 1304 ctum
620 1249 743 1304 est?
769 1248 868 1314 Qui
893 1248 1001 1302 vult
1033 1262 1151 1301 esse
1176 1246 1342 1308 dives,
1373 1229 1798 1315 possessidnibus
1825 1255 1945 1316 eget
1971 1260 2035 1299 ac

445 1341 687 1409 pecuniis
716 1357 728 1391 :
757 1340 844 1408 qui
871 1347 1044 1393 autem
1073 1353 1177 1391 non
1208 1337 1320 1390 vult
1351 1350 1471 1391 esse
1505 1335 1653 1390 dives
1676 1376 1692 1401 ,
1717 1343 1799 1389 est
1824 1341 2036 1404 semper

446 1432 499 1486 in
523 1430 811 1501 opulentia.
837 1429 920 1483 Ne
944 1429 1188 1493 timueris,
1210 1444 1322 1481 cum
1343 1427 1478 1481 dives
1505 1430 1667 1498 factus
1689 1426 1837 1497 fuerit
1861 1428 2031 1493 Itonia,

444 1532 533 1576 aut
553 1540 666 1576 cum
689 1521 1020 1590 multiplicata
1042 1521 1193 1588 fuerit
1216 1519 1379 1589 gloria
1401 1519 1579 1572 domus
1600 1519 1728 1589 ejus.
1755 1516 1838 1570 Ne
1857 1517 2034 1570 timue-

442 1616 535 1679 ris,
561 1615 647 1669 dic
676 1613 803 1667 mihi
829 1655 844 1678 ,
871 1619 1089 1682 propter
1116 1611 1279 1682 quid?
1303 1610 1562 1678 Quoniam
1594 1609 1863 1663 metuendi
1911 1616 2036 1662 sunt

438 1705 634 1760 divites
657 1745 672 1770 ,
701 1705 862 1758 vitam
892 1703 1149 1772 propheta
1180 1701 1426 1771 explicat.
1457 1701 1593 1768 Quid
1635 1702 1826 1754 metuis
1862 1701 2038 1755 homi-

443 1811 564 1850 nem
593 1795 735 1849 ioliis
763 1803 1032 1858 ornatum,
1064 1792 1265 1846 fructus
1292 1792 1606 1860 expertem?
1634 1793 1908 1845 cur'times
1941 1791 2036 1845 ho-

443 1886 640 1941 minem
654 1885 741 1954 qui
761 1885 812 1939 in
825 1883 1175 1938 amaritudine
1191 1881 1465 1936 ambulat?
1484 1897 1581 1936 cur
1597 1882 1750 1937 times
1768 1883 2034 1936 hominem

443 1991 658 2045 semper
679 1975 1036 2030 trementem?
1057 1973 1182 2044 quid
1213 1973 1366 2027 times
1396 1971 1664 2026 hominem
1697 1972 1750 2024 in
1780 1979 2035 2040 perpetuo

445 2080 591 2124 metu
619 2069 882 2123 viventem
906 2067 930 2120 ?
951 2067 1148 2122 Servus
1177 2066 1320 2121 enim
1351 2073 1472 2118 tuus
1513 2079 1619 2118 non
1657 2064 1804 2118 timet
1848 2073 1897 2118 te
1942 2063 2036 2118 ab-

444 2169 652 2216 sentem
682 2177 694 2213 :
723 2161 812 2215 ille
852 2174 980 2213 vero
1010 2158 1280 2213 dominum
1330 2171 1482 2211 suum
1528 2156 1672 2210 intus
1705 2155 2031 2210 circumfert.

442 2251 792 2320 Quocumque
837 2251 990 2315 ierit,
1014 2263 1165 2303 amor
1189 2247 1427 2318 pecuniae
1472 2246 1644 2316 ipsum
1693 2247 1951 2316 sequitur.
1987 2246 2034 2301 ts

443 2348 769 2416 propinquos
785 2387 798 2410 ,
827 2342 1152 2398 domesticos
1175 2383 1190 2407 ,
1214 2341 1416 2396 amicos
1439 2381 1454 2404 ,
1480 2338 1686 2397 invidos
1704 2381 1718 2405 ,
1742 2338 2029 2403 beneficos,

443 2453 632 2494 omnes
647 2435 804 2491 simul
829 2435 984 2490 habet
1011 2434 1272 2488 inimicos.
1293 2432 1543 2488 Invidiam
1571 2431 1764 2502 quippe
1790 2445 2034 2500 magnam

442 2532 694 2586 concitat.
728 2529 935 2598 Pauper
963 2537 1110 2583 certe
1140 2527 1406 2582 neminem
1433 2526 1601 2590 timet,
1631 2524 1879 2594 quoniam
1911 2522 2033 2592 phi-

442 2622 682 2693 losophia
692 2630 752 2676 et
771 2620 1020 2691 patientia
1039 2627 1241 2674 tantum
1256 2617 1404 2673 dives
1423 2625 1503 2671 est
1519 2636 1531 2671 :
1550 2616 1698 2671 dives
1710 2615 2034 2685 autem,quia

441 2717 498 2773 in
521 2714 745 2772 habendi
762 2713 1049 2784 cupiditate
1071 2712 1221 2779 vivit,
1241 2711 1486 2766 omnibus
1511 2724 1734 2779 perosus
1759 2717 1840 2763 est
1859 2749 1873 2773 ,
1899 2717 1953 2763 et
1981 2709 2032 2762 in

443 2806 668 2877 publicis
691 2805 917 2862 tantibus
943 2803 1109 2858 hostis
1133 2802 1403 2866 circumit,
1433 2799 1582 2855 vultu
1622 2799 2030 2865 assentanlibus,

445 2899 730 2968 animoque
757 2894 1060 2951 odientibus
1087 2894 1354 2948 omnibus.
1378 2890 1532 2958 Quod
1577 2898 1754 2946 autem
1799 2889 1913 2943 hmc
1941 2889 2036 2944 illo

443 2988 604 3044 modo
650 3002 709 3043 se
756 2987 1027 3049 habeant,
1058 2986 1335 3053 ingruente
1386 2990 1585 3046 vento,
1618 2981 2036 3049 cadentibusque

443 3079 604 3144 foliis,
622 3095 741 3134 cum
768 3077 969 3132 scilicet
996 3075 1219 3130 mutatio
1253 3089 1428 3128 rerum
1455 3073 1687 3138 advenit,
1712 3081 1835 3126 tunc
1855 3087 2038 3126 emen-

443 3172 524 3226 titi
550 3169 707 3225 amici
732 3169 1147 3238 comperiunlur,
1178 3177 1303 3221 tunc
1327 3163 1708 3218 assentantium
1738 3163 1898 3217 larva:
1928 3181 2029 3218 no-

444 3271 664 3318 scuntur
683 3303 696 3326 ,
727 3268 850 3314 tunc
877 3258 1190 3313 manifestus
1216 3255 1393 3311 evadit
1421 3254 1783 3310 simulantium
1811 3253 2032 3319 chorus,

445 3365 572 3410 tunc
613 3369 770 3408 scena
807 3353 1060 3429 aperitur:
1087 3350 1411 3420 Aperiuntur
1455 3363 1548 3403 ora
1578 3349 1812 3401 omnium
1856 3347 2037 3401 dicen-

447 3446 582 3501 tium
606 3443 909 3498 :Scelestus
950 3442 1071 3505 ille,
1111 3440 1383 3509 improbus
1409 3479 1422 3503 ,
1453 3437 1858 3508 perditissimus.
1899 3437 2033 3504 Quid

445 3536 562 3590 ais?
601 3550 779 3588 annon
819 3533 930 3587 heri
960 3532 1057 3600 ipsi
1103 3530 1437 3586 adulabaris?
1471 3543 1646 3584 annon
1686 3543 1874 3583 manus
1920 3528 2036 3598 ejus

445 3628 809 3684 osculabaris?
828 3626 950 3680 Haec
969 3627 1108 3679 larva
1132 3633 1301 3680 erant.
1332 3624 1484 3680 Venit
1503 3633 1728 3694 tempus,
1753 3633 1810 3678 et
1835 3623 2034 3677 larvam

449 3722 603 3792 posui
629 3762 642 3785 ,
675 3730 1016 3788 mentemque
1045 3718 1248 3787 aperui.
1289 3717 1423 3784 Quid
1456 3732 1582 3786 ergo
1609 3718 1765 3772 times
1789 3757 1804 3783 ,
1831 3731 2031 3786 quzeso,

446 3827 569 3868 eum
606 3811 696 3882 qui
739 3827 768 3865 a
798 3819 874 3865 tot
915 3809 1219 3864 hominibus
1264 3810 1580 3864 accusatur?
1611 3809 1674 3863 Et
1719 3809 1846 3880 quid
1891 3809 2036 3864 hoc?

445 3905 662 3962 Utinam
707 3919 775 3959 ne
811 3919 871 3959 se
898 3903 1011 3974 ipse
1035 3912 1267 3958 accuset.
1301 3903 1427 3957 Haec
1449 3902 1570 3957 dico
1597 3919 1702 3957 non
1732 3903 1870 3973 quod
1901 3902 2039 3957 divi-

445 3996 566 4062 tias,
591 4008 647 4050 ut
673 3995 864 4051 millies
883 3994 1015 4062 dixi,
1034 3993 1309 4049 criminari
1327 3995 1514 4059 velim,
1540 3995 1638 4051 sed
1663 4009 1756 4050 eos
1780 3995 1871 4066 qui
1894 3995 2035 4050 bona

444 4102 506 4142 re
535 4087 671 4142 male
701 4085 940 4142 utuntur.
971 4086 1218 4141 Pecuniae
1246 4085 1389 4141 enim
1425 4100 1546 4141 cum
1576 4086 1828 4156 operibus
1867 4085 2038 4142 hone-

445 4189 542 4234 sta:
571 4189 711 4234 sunt.
744 4178 1024 4248 Quomodo
1055 4178 1336 4234 honestat?
1366 4180 1420 4234 Si
1453 4188 1819 4249 paupertatem
1851 4179 2035 4234 suble-

447 4280 591 4337 vent,
618 4271 661 4325 si
693 4269 932 4341 in0piam'
953 4279 1274 4325 sustentent.
1297 4269 1439 4326 Audi
1461 4270 1562 4326 Job
1589 4270 1856 4326 dicentem
1881 4288 1896 4325 :
1923 4270 2034 4342 Ego

446 4377 584 4414 eram
613 4361 787 4414 oculus
809 4376 1053 4414 cwcorum
1071 4401 1085 4427 ,
1117 4377 1203 4430 pes
1230 4359 1551 4427 claudorum,
1580 4377 1689 4432 ego
1711 4377 1849 4416 eram
1893 4371 2037 4432 pater

447 4468 716 4522 egenorum
749 4450 908 4523 (Job.
934 4452 1024 4506 29.
1054 4453 1140 4507 15.
1175 4451 1294 4523 16).
1336 4452 1472 4507 Ecce
1516 4451 1712 4507 divitia:
1740 4453 1857 4508 sine
1909 4467 2034 4522 pec-

448 4551 568 4598 cato
592 4583 607 4608 ,
633 4541 727 4597 sed
771 4557 890 4596 cum
937 4557 1118 4598 amore
1159 4557 1472 4612 pauperum.
1514 4543 1712 4597 Domus
1750 4559 1862 4597 mea
1898 4545 2036 4598 omni

449 4634 663 4690 venienti
698 4643 874 4702 aperta
900 4633 994 4700 fuit
1019 4631 1158 4705 (Job.
1193 4633 1279 4688 51.
1307 4633 1414 4702 52).
1453 4633 1566 4690 Hoc
1594 4634 1896 4689 divitiarum
1936 4636 2037 4688 mi-

449 4727 728 4782 nisterium
756 4732 856 4789 est,
879 4738 1066 4786 earum
1097 4739 1290 4793 nempe
1317 4739 1436 4794 quze
1459 4739 1563 4778 non
1595 4725 1828 4789 nomine,
1854 4723 1948 4779 sed
1978 4741 2036 4780 re

447 4830 571 4876 sunt
622 4818 842 4873 divitiae.
884 4817 994 4872 lllze
1045 4815 1243 4870 divitiae
1289 4831 1457 4872 servae
1496 4826 1622 4871 sunt
1662 4816 1883 4884 harum;-
1931 4817 2036 4871 illae

447 4915 644 4984 quippe
671 4927 862 4966 nomen
885 4918 1012 4964 sunt
1039 4924 1097 4963 re
1123 4923 1369 4975 vacuum,
1394 4908 1475 4962 hat
1498 4922 1627 4962 vero
1647 4918 1700 4963 et
1727 4908 1958 4963 nominis
1983 4917 2038 4963 et

449 5008 524 5061 rei
566 5007 842 5061 veritatem
873 5003 1088 5058 habent.
1120 5001 1413 5070 Qumnam?
1437 5001 1530 5056 Eae
1553 5017 1671 5071 qua:
1711 5001 1778 5056 ad
1811 5003 2037 5056 virtutes

447 5107 500 5152 ct
537 5097 602 5151 ad
652 5098 1048 5166 eleemosynam
1079 5091 1432 5149 exercendam
1465 5092 1868 5162 impenduntur.
1895 5093 2038 5159 Quo-

450 5188 647 5242 modo?
675 5187 785 5257 Ego
812 5187 1004 5241 dicam.
1033 5186 1128 5241 Est
1153 5185 1300 5239 dives
1322 5185 1410 5254 qui
1441 5184 1677 5238 omnium
1708 5185 1843 5239 bona
1876 5185 2034 5253 rapit,

448 5291 501 5334 et
528 5288 610 5335 est
635 5279 784 5333 dives
813 5279 900 5348 qui
927 5292 1024 5332 sua
1072 5276 1391 5346 pauperibus
1416 5283 1643 5344 erogat:
1673 5276 1759 5330 hic
1799 5275 1848 5329 in
1887 5275 2038 5330 colli-

448 5371 644 5442 gendo,
665 5371 753 5426 ille
771 5374 822 5425 in
843 5369 1141 5441 spargendo
1167 5371 1316 5425 dives
1333 5379 1445 5425 est:
1468 5370 1556 5424 ille
1571 5370 1800 5426 seminat
1817 5381 2034 5433 terram,

453 5464 538 5518 hic
581 5463 770 5517 caelum
815 5462 1028 5517 excolit.
1058 5461 1322 5529 Quantum
1355 5470 1569 5530 praestat
1614 5471 1770 5516 terrm
1808 5462 1993 5516 cmlum
2021 5505 2034 5528 ,

455 5561 655 5607 tantum
677 5553 818 5607 illius
833 5553 1122 5620 opulentia,
1144 5553 1299 5622 hujus
1320 5553 1516 5607 divitiis
1539 5553 1799 5607 infirmior
1817 5561 1918 5607 est.
1944 5551 2040 5607 llic

455 5644 764 5696 innumeros
789 5643 945 5698 habet
965 5653 1226 5699 amatores
1245 5646 1364 5699 :ille
1384 5659 1570 5700 omnes
1591 5655 1948 5700 accusatores.
1974 5645 2041 5698 Et

457 5734 597 5803 quod
627 5743 708 5786 est
735 5735 994 5798 mirabile,
1025 5744 1289 5803 raptorem
1317 5745 1370 5790 et
1390 5747 1611 5790 aVarum
1641 5752 1744 5790 non
1776 5736 1850 5789 illi
1881 5738 2040 5790 modo

465 5824 554 5892 qui
586 5824 694 5877 Lrsi
723 5833 878 5882 sunt,
905 5828 994 5878 scd
1033 5829 1188 5879 etiam
1237 5828 1270 5880 ii
1311 5827 1397 5895 qui
1427 5829 1555 5883 nihil
1583 5828 1703 5882 mali
1734 5837 1854 5883 sunt
1890 5829 2028 5895 passi

1143 394 1201 451 S.
1242 392 1519 451 JOANNIS
1556 390 2026 449 CHRYSOSTOMI
2070 395 2386 457 ARCHIEP.
2419 402 2954 462 CONSTANTINOP.

3625 415 3722 470 504

2143 513 2390 583 oderunt,
2418 518 2587 574 vicem
2615 520 2828 575 illorum
2860 521 3137 591 dolentes,
3167 524 3255 596 qui
3286 525 3420 581 mala
3452 538 3577 582 sunt
3607 545 3723 599 per-

2143 606 2284 676 pessi
2308 626 2321 662 :
2347 609 2743 666 misericordem
2770 628 2896 667 vero
2923 630 3026 668 non
3057 615 3214 670 modo
3242 617 3275 671 ii
3313 617 3400 688 qui
3427 620 3724 676 miscricor-

2141 698 2282 753 diam
2308 711 2431 756 sunt
2459 705 2767 773 consequuti
2793 747 2807 772 ,
2832 706 2924 760 sed
2951 707 3112 762 etiam
3141 708 3176 761 ii
3215 709 3306 778 qui
3337 725 3441 764 non
3476 723 3601 766 sunt
3633 730 3723 768 ex-

2140 790 2588 862 perti,diligunt.
2624 795 2803 851 Virtus
2849 798 2991 851 enim
3037 809 3120 854 est
3168 801 3298 855 vitio
3349 805 3722 872 praestantior,

2140 881 2350 939 fratres.
2382 884 2577 942 Vitium
2611 887 2727 942 illos
2750 889 2906 945 etiam
2934 891 3024 960 qui
3057 892 3166 947 laesi
3198 909 3304 948 non
3333 904 3459 949 sunt
3486 897 3724 953 inimicos

2140 975 2324 1043 habet;
2348 978 2688 1052 eleemosyna
2717 991 2894 1038 autem
2938 985 3055 1040 illos
3092 1002 3302 1057 quoque
3344 989 3432 1058 qui
3471 990 3727 1046 beneï¬cio

2140 1082 2246 1121 non
2286 1079 2407 1122 sunt
2432 1071 2605 1125 affecti
2637 1072 2794 1128 habet
2829 1075 3051 1130 amicos.
3097 1076 3297 1133 Omnes
3337 1080 3480 1134 enim
3509 1081 3723 1145 dicunt:

2141 1159 2280 1214 Deus
2324 1160 2399 1215 illi
2427 1163 2742 1219 benefaciat.
2773 1153 2892 1234 Qud
2927 1169 3145 1223 tandem
3176 1170 3318 1227 bono
3363 1173 3589 1228 aï¬‚â€˜ectus
3631 1176 3725 1229 es?

2138 1249 2311 1317 Nullo;
2328 1252 2419 1307 sed
2439 1252 2599 1309 frater
2616 1270 2763 1310 meus
2785 1275 2797 1310 :
2819 1273 2923 1311 non
2947 1274 3064 1329 ego,
3085 1261 3178 1316 sed
3201 1263 3501 1318 membrum
3522 1281 3722 1320 meum:

2139 1341 2456 1398 beneficium
2487 1347 2681 1416 quippe
2706 1346 2780 1401 illi
2812 1351 3126 1417 prmstitum,
3159 1368 3335 1407 meum
3394 1367 3608 1422 reputo.
3645 1356 3726 1410 Vi-

2138 1433 2261 1488 disti
2290 1443 2544 1504 quantum
2575 1439 2770 1493 bonum
2811 1441 2877 1494 sit
2914 1443 3084 1498 virtus
3108 1485 3122 1510 ,
3148 1461 3306 1513 quam
3335 1446 3686 1503 desiderabile
3705 1489 3722 1513 ,

2138 1540 2294 1593 quam
2323 1528 2570 1594 amabile,
2604 1545 2761 1598 quam
2796 1532 3072 1599 pulchrum
3096 1534 3120 1587 ?
3143 1535 3447 1592 Misericors
3477 1549 3558 1594 est
3586 1556 3724 1594 com-

2139 1615 2314 1670 munis
2345 1629 2528 1685 portus
2552 1659 2566 1683 ,
2599 1629 2749 1686 pater
2777 1625 3037 1690 omnium,
3070 1625 3290 1680 baculus
3330 1643 3549 1684 senum.
3577 1631 3724 1686 Mise-

2137 1705 2306 1762 ricors
2346 1708 2389 1761 si
2432 1709 2556 1778 quid
2605 1710 2823 1768 insuave
2865 1715 3136 1784 patiatur,
3169 1730 3457 1786 precantur
3501 1736 3718 1786 omnes,

2139 1795 2282 1851 Deus
2313 1798 2476 1867 ipsius
2515 1801 2864 1872 misereatur,
2886 1805 2988 1875 ipsi
3030 1806 3165 1863 bene
3191 1808 3384 1878 faciat,
3419 1814 3557 1867 bona
3592 1814 3722 1882 apud

2137 1886 2284 1941 illum
2311 1900 2559 1946 maneant
2586 1910 2600 1945 :
2625 1895 2669 1947 si
2693 1903 2868 1950 autem
2896 1896 2964 1951 ad
2990 1906 3257 1968 raptorem
3280 1903 3515 1968 veneris,
3548 1904 3722 1958 audies

2138 1980 2226 2047 qui
2276 1980 2496 2035 dicant:
2541 1984 2918 2045 Exsecrandus
2955 1989 3064 2055 ille,
3111 1991 3407 2062 improbus,
3451 1996 3720 2051 scelestus.

2138 2069 2273 2137 Quid
2305 2089 2489 2140 passus
2511 2078 2630 2130 est?
2653 2078 2762 2148 Ego
2788 2080 2940 2144 nihil,
2966 2082 3058 2136 sed
3084 2081 3252 2138 frater
3282 2101 3439 2140 meus
3462 2087 3501 2140 á½·.
3525 2087 3721 2142 Adsunt

2137 2164 2374 2231 quotidie
2412 2165 2676 2222 clamores
2721 2170 3007 2226 innumeri.
3036 2173 3093 2228 Si
3140 2175 3395 2230 ceciderit
3419 2217 3435 2241 ,
3465 2192 3645 2233 omnes
3673 2180 3720 2232 in

2138 2253 2283 2308 illum
2313 2256 2540 2312 irruunt.
2579 2260 2814 2316 iloccine
2851 2263 2994 2318 vita?
3021 2264 3123 2321 hoc
3150 2267 3387 2324 divitiae?
3412 2285 3585 2324 annon
3615 2273 3720 2325 ha-c

2137 2349 2370 2406 conditio
2396 2352 2632 2411 deterior
2654 2373 2814 2428 quam
2839 2375 3051 2416 reorum
3069 2361 3446 2421 damnatorum
3466 2366 3490 2419 ?
3509 2366 3608 2434 Qui
3633 2366 3719 2420 da-

2137 2450 2347 2499 mnatus
2371 2455 2471 2511 est,
2503 2461 2728 2518 corpore
2748 2451 2939 2523 ligatus
2962 2463 3062 2521 est;
3086 2455 3174 2510 hic
3200 2456 3402 2512 anima.
3422 2458 3582 2513 Vides
3606 2473 3717 2513 eum

2137 2535 2392 2605 vinctum,
2419 2546 2473 2594 et
2502 2557 2605 2596 non
2653 2543 2927 2599 miseraris
2966 2547 3175 2616 ipsum?
3226 2548 3381 2603 Illum
3437 2551 3523 2606 odi
3556 2591 3572 2618 ,
3603 2555 3714 2621 quia

2138 2629 2345 2684 vinetus
2371 2638 2472 2697 est,
2506 2647 2612 2687 non
2640 2634 2723 2701 vi,
2750 2635 2842 2690 sed
2867 2639 3155 2708 praeposito
3178 2656 3191 2692 :
3218 2640 3342 2710 quia
3377 2651 3617 2697 catenam
3641 2650 3716 2695 at-

2139 2719 2317 2775 traxit.

2207 2813 2261 2866 Î¹.
2315 2812 2701 2886 Clirysostomus
2743 2831 2934 2890 pastor.
2958 2852 3026 2863 -â€”
3051 2823 3254 2880 Rursus
3286 2839 3342 2882 tu
3375 2837 3558 2883 contra
3591 2829 3714 2883 divis

2141 2906 2252 2960 tes?
2278 2906 2458 2962 dicent
2488 2910 2636 2964 mihi.
2662 2911 2866 2969 Rursus
2888 2930 2979 2970 vos
3004 2926 3190 2971 contra
3213 2934 3499 2990 pauperes.
3525 2923 3712 2977 Rursus

2140 3006 2194 3053 tu
2225 3008 2412 3063 contra
2443 3003 2721 3071 raptores?
2763 3004 2966 3061 Rursus
3003 3022 3098 3062 vos
3135 3021 3320 3065 contra
3377 3028 3471 3067 eos
3507 3030 3717 3082 quorum

2139 3090 2277 3146 bona
2316 3094 2614 3162 rapiuntur.
2664 3096 2769 3151 Vos
2819 3112 2924 3152 non
2969 3101 3259 3168 satiamini,
3305 3105 3442 3160 dum
3474 3122 3716 3177 pauperes

2139 3181 2405 3238 devoratis
2442 3195 2496 3240 et
2535 3187 2824 3254 mordetis;
2854 3204 2953 3260 ego
2982 3206 3087 3246 non
3118 3195 3283 3249 satior
3307 3212 3417 3254 vos
3442 3199 3716 3268 corripiens

2138 3285 2190 3330 et
2217 3277 2527 3334 emendans.
2558 3278 2784 3350 Semper
2813 3290 2867 3337 tu
2897 3284 2978 3338 his
3007 3283 3219 3340 haeres?
3257 3286 3489 3360 Semper
3518 3301 3569 3345 tu
3598 3307 3714 3360 pau-

2139 3368 2252 3437 peri
2283 3368 2560 3424 adhzeres?
2603 3373 2844 3428 Abscede
2874 3383 2928 3428 tu
2955 3375 3020 3430 ab
3048 3391 3147 3432 ove
3172 3394 3289 3433 mea
3313 3422 3328 3446 ,
3359 3381 3443 3435 abi
3474 3397 3500 3435 a
3529 3397 3709 3451 grege;

2138 3477 2206 3515 ne
2225 3461 2396 3531 ipsum
2422 3461 2728 3519 labefactes.
2755 3466 2809 3520 Si
2833 3482 2958 3521 vero
2979 3467 3263 3524 labefactas
3282 3487 3499 3542 gregem
3525 3489 3706 3536 meum,

2137 3565 2204 3605 an
2242 3553 2450 3607 crimini
2489 3563 2686 3619 vertes,
2724 3556 2769 3632 si
2813 3566 2862 3611 te
2901 3560 3221 3628 persequar?
3250 3561 3307 3618 Si
3338 3573 3516 3633 pastor
3544 3577 3706 3618 essem

2139 3643 2318 3698 ovium
2339 3685 2355 3710 ,
2384 3660 2560 3700 annon
2587 3661 2673 3702 me
2705 3647 2973 3703 incusares
2997 3688 3011 3714 ,
3051 3650 3094 3705 si
3123 3651 3304 3722 lupum
3329 3654 3379 3708 in
3406 3670 3608 3724 gregem
3633 3654 3706 3706 iu-

2137 3745 2414 3805 gruentem
2440 3751 2545 3791 non
2572 3741 2963 3809 persequerer?
2987 3742 3174 3797 Pastor
3195 3757 3316 3799 sum
3340 3746 3706 3801 rationabilium

2139 3826 2316 3882 ovium
2365 3827 2613 3900 (a):non
2656 3830 2829 3901 lapide
2873 3847 3194 3904 persequor,
3239 3835 3340 3891 sed
3383 3837 3580 3892 verbo:
3612 3837 3706 3890 imo

2140 3919 2317 3988 potius
2341 3935 2447 3974 non
2467 3934 2759 3991 persequor
2783 3931 2854 3989 te,
2885 3922 2980 3977 sed
3011 3937 3165 3979 voco.
3195 3924 3332 3983 Esto
3352 3929 3484 3991 ovis,
3505 3924 3704 3991 accede,

2139 4018 2257 4065 esto
2285 4025 2318 4065 e
2355 4026 2578 4068 numero
2615 4013 2790 4083 gregis
2826 4011 2953 4068 mei.
2991 4013 3103 4070 Cur
3141 4030 3362 4087 gregem
3405 4014 3700 4087 corrumpis,

2139 4103 2231 4172 qui
2267 4117 2470 4174 augere
2513 4104 2775 4160 deberes?
2818 4105 2934 4161 Non
2979 4121 3275 4180 persequor
3317 4120 3386 4176 te,
3419 4110 3510 4166 sed
3538 4109 3702 4178 lupum

2141 4207 2450 4264 persequor.
2479 4193 2537 4248 Si
2565 4195 2722 4264 lupus
2752 4210 2858 4250 non
2885 4211 2964 4262 es,
2995 4212 3102 4252 non
3132 4207 3183 4253 te
3213 4214 3522 4272 persequor.
3548 4197 3599 4253 Si
3627 4197 3700 4250 lu-

2141 4299 2240 4354 pus
2269 4285 2436 4340 factus
2456 4299 2534 4350 es,
2561 4286 2784 4356 teipsum
2807 4302 3018 4343 accusa.
3043 4287 3160 4344 Non
3186 4299 3374 4345 contra
3396 4289 3596 4351 divites,
3617 4285 3701 4340 sed

2140 4393 2239 4449 pro
2268 4378 2519 4433 divitibus
2551 4395 2690 4434 sum.
2739 4379 2864 4434 Haec
2893 4381 3087 4451 quippe
3120 4381 3307 4437 dicens
3327 4426 3341 4450 ,
3378 4398 3470 4452 pro
3496 4390 3546 4435 te
3573 4379 3698 4438 dico.

2140 4471 2238 4526 etsi
2267 4485 2374 4524 non
2399 4471 2617 4526 sentias.
2658 4471 2936 4540 Quomodo
2965 4489 3060 4543 pro
3091 4490 3179 4530 me
3210 4475 3480 4546 loqueris?
3507 4473 3629 4542 Quia
3659 4480 3702 4523 te

2139 4580 2169 4620 a
2199 4574 2417 4635 peccato
2440 4565 2628 4631 libero,
2657 4575 2711 4621 et
2740 4582 2770 4620 a
2791 4568 2995 4637 rapina,
3029 4569 3385 4640 omnibusque
3413 4578 3461 4622 te
3489 4565 3700 4620 amicum

2139 4657 2427 4722 constituo,
2456 4656 2704 4732 omnibus
2732 4657 3169 4713 desiderabilem.
3201 4658 3423 4729 Semper
3445 4657 3560 4712 dico
3585 4653 3697 4708 tibi:

2141 4747 2490 4817 Rapuistine?
2535 4749 2785 4819 pecunias
2809 4749 3043 4803 auxisti?
3074 4750 3212 4816 veni,
3247 4759 3298 4805 te
3335 4748 3545 4804 mutabo
3572 4763 3584 4798 :
3614 4743 3693 4799 iiii-

2141 4840 2395 4894 micitiam
2420 4839 2471 4894 in
2494 4840 2780 4894 amicitiam
2801 4849 3135 4904 convertam.
3166 4841 3457 4911 periculum
3487 4839 3536 4892 in
3564 4849 3696 4891 secu-

2141 4929 2376 4984 ritatem.
2421 4929 2546 4983 Haec
2575 4929 2627 4984 in
2658 4929 2760 4984 hoc
2781 4929 3015 4995 saeculo,
3060 4931 3166 4986 illic
3191 4946 3316 4988 vero
3347 4943 3547 4984 rursum
3575 4924 3699 4980 dabo

2143 5020 2237 5074 tibi
2277 5035 2496 5090 regnum
2525 5020 2799 5084 caelorum.
2831 5036 2897 5075 ne
2927 5021 2978 5075 in
3010 5023 3267 5091 supplicia
3298 5031 3490 5078 aeterna
3519 5018 3696 5079 abeas;

2143 5123 2201 5167 ut.
2223 5113 2450 5182 accipias
2475 5113 2632 5177 bona,
2662 5113 2790 5180 Quae
2813 5115 2986 5167 oculus
3015 5131 3113 5168 non
3139 5116 3280 5179 vidit,
3303 5131 3390 5168 nec
3409 5112 3540 5165 auris
3561 5107 3697 5162 audi-

2142 5207 2227 5270 uit,
2259 5222 2347 5258 nec
2369 5206 2420 5258 in
2441 5221 2530 5258 cor
2556 5205 2772 5259 hominis
2792 5206 3122 5260 ascenderunt
3153 5206 3229 5278 (I.
3259 5206 3372 5259 Cor.
3396 5203 3449 5256 2.
3473 5200 3543 5272 9).
3566 5200 3693 5254 Hatr-

2143 5296 2262 5351 cine
2287 5297 2656 5365 persequentis
2691 5304 2846 5360 sunt,
2879 5310 2946 5350 an
2985 5295 3343 5351 consulentis?
3386 5292 3602 5347 amantis
3638 5300 3698 5337 an

2144 5385 2412 5440 odientis?
2456 5385 2652 5440 Verum
2703 5395 2755 5439 tu
2802 5401 2885 5439 me
2929 5385 3128 5440 oderis.
3171 5385 3282 5440 lmo
3324 5397 3446 5439 vero
3486 5389 3533 5434 te
3568 5393 3691 5431 aum.

2145 5478 2477 5547 Praeceptum
2508 5477 2714 5532 Domini
2748 5477 2850 5530 mei
2889 5477 3060 5532 habeo
3088 5495 3102 5531 :
3128 5475 3335 5547 Diligite
3374 5470 3591 5526 inimicos
3623 5477 3696 5516 oc-

2211 5653 2227 5683 Î¹
2263 5657 2363 5700 Duo
2387 5658 2510 5709 Mss,
2554 5649 2604 5701 in
2627 5663 2718 5712 quo
2740 5650 2863 5702 male
2886 5650 2971 5702 tibi
2990 5653 3103 5714 fecit
3126 5651 3150 5702 .7
3179 5661 3284 5703 Non
3312 5645 3444 5704 mihi,
3467 5642 3545 5695 sed
3570 5630 3696 5703 ira";

2146 5725 2281 5839 7,861,)
2291 5719 2432 5823 (á¼¤Î´Î·
2455 5786 2509 5822 se
2527 5783 2768 5839 pastorem
2796 5789 2926 5835 esse,
2945 5777 3054 5839 quia
3074 5784 3189 5828 tunc
3213 5781 3324 5827 erat
3345 5766 3694 5828 archiepiscopus

2151 5836 2715 5897 Constattitiunpolitauus.
