4012 6280
460 312 564 370 503

455 430 556 501 τὴν
601 425 745 497 ᾠδὴν
788 420 886 492 τὴν
925 423 1321 495 πνευματικήν.
1383 420 1551 476 Ὅταν
1598 420 1706 492 γὰρ
1755 419 1971 492 εἰσέλθῃ
2008 422 2036 473 6

1768 298 1836 353 IN
1875 298 2210 355 PSALMUM
2250 299 2478 356 XLVIII.

3610 300 3714 356 5M

2136 421 2163 472 6
2189 419 2244 472 δέ
2285 420 2520 489 γεωργεῖ
2547 417 2637 470 τὸν
2669 416 2916 489 οὐρανόν.
2960 417 3121 472 Ὅσον
3153 419 3181 471 6
3217 417 3441 487 οὐρανὸς
3475 417 3574 488 τῆς
3612 421 3716 491 γῆς

459 511 688 583 φθόνος,
723 506 1008 579 ἐπεισέλθῃ
1048 507 1104 560 δέ
1150 507 1244 560 καὶ
1281 507 1309 558 6
1341 506 1552 577 στίχος,
1597 503 1933 558 ἀπαλλάττει
1974 502 2037 556 τὸ
2139 502 2389 572 βελτίων,
2432 501 2682 583 τοσοῦτον
2720 501 2926 555 ἐκείνου
2970 502 3003 572 ἡ
3047 501 3277 570 εὐπορία
3317 501 3506 555 τούτου
3549 502 3713 583 ἀσθε-

463 597 529 667 ρῆ
539 610 614 664 μα
637 591 697 645 τὸ
723 590 909 654 πάθος.
934 589 1031 658 Μὴ
1055 590 1263 659 φοϐοῦ,
1294 588 1441 642 ὅταν
1465 587 1789 657 πλουτήσῃ
1812 586 2034 655 ἄνθρω-

460 695 591 744 πος.
617 677 661 730 Τ
663 674 806 730 αῦτά
832 691 931 744 μου
959 674 1026 726 τὰ
1054 674 1319 743 φάρμακα
1356 672 1415 725 οὐ
1460 671 1757 742 χρημάτων
1785 670 2032 740 δεόμενα,

461 761 598 816 ἀλλά
626 758 891 830 οὐρανῶν.
918 758 993 811 Οὐ
1021 757 1130 827 γὰρ
1167 755 1325 826 σῶμα
1358 755 1669 826 θεραπεύω,
1697 754 1831 808 ἀλλά
1852 754 2033 824 ψυχὴν

466 843 732 916 ίατρεύω·
766 842 829 895 οὐ
862 843 960 912 τὴν
993 839 1266 910 ὑμετέραν
1289 837 1345 891 δὲ
1376 837 1520 905 λέγω
1554 838 1733 907 μόνον,
1763 835 1898 890 ἀλλά
1937 835 2034 889 καὶ⁸

460 929 559 998 τὴν
604 924 862 994 ἐμαυτοῦ.
913 925 978 977 EI
1011 922 1119 993 γὰρ
1152 922 1245 975 καὶ
1272 920 1586 984 διδάσκαλός
1611 922 1744 991 είμι,
1789 918 1902 973 ἀλλ’
1941 917 2034 972 ἀν-

459 1008 677 1080 θρωπός
713 1009 828 1076 είμι
852 1049 867 1073 ,
900 1008 965 1077 τῇ
1006 1007 1158 1076 κοινῇ
1203 1002 1363 1072 φύσει
1400 1002 1791 1073 ὑποκείμενος,
1847 999 2032 1072 κοινὴν

460 1093 555 1145 καὶ
584 1090 683 1161 τὴν
715 1088 1058 1142 διδασκαλίαν
1086 1086 1364 1156 παρέχων.

531 1171 627 1240 Μὴ
676 1169 889 1241 φοϐοῦ,
947 1169 1093 1222 ὅταν
1132 1167 1448 1236 πλουτήσῃ
1497 1164 1846 1235 ἄνθρωποςς
1886 1164 2034 1219 Λάϐε

459 1256 645 1309 τοῦτον
683 1254 772 1307 τὸν
802 1252 981 1321 στίχον
1019 1251 1291 1321 θησαυρὸν
1332 1252 1425 1304 καὶ
1452 1249 1736 1303 ὐπόθεσιν’
1780 1247 1910 1301 λάϐε
1942 1248 2034 1302 τὸν

461 1339 644 1408 στίχον
668 1335 824 1407 ῥίζαν
858 1335 1087 1387 πλούτου
1112 1334 1206 1387 καὶ
1228 1333 1505 1403 εὐπορίας.
1537 1333 1612 1386 υύ
1644 1333 1752 1405 γὰρ
1784 1332 1844 1386 τὸ
1871 1331 2036 1386 πλου-

460 1423 594 1483 τεῖν,
613 1419 748 1473 ἀλλά
770 1417 830 1470 τὸ
856 1418 928 1488 μὴ
954 1416 1233 1486 βούλεσθαι
1259 1417 1523 1483 πλουτεῖν,
1554 1416 1709 1469 τοῦτό
1737 1419 1851 1470 ἐστι
1876 1413 2038 1468 πλοῦ-

458 1519 570 1564 τος.
603 1498 752 1569 ’Δρα
799 1501 1067 1571 συνήκατε
1090 1499 1152 1551 τὸ
1174 1498 1361 1569 λεχθὲν
1388 1498 1523 1568 πρὸς
1553 1499 1729 1569 ὑμᾶς,
1761 1498 1819 1551 '0
1851 1496 2034 1568 βουλόο

465 1600 624 1654 μενος
660 1583 929 1643 πλουτεῖν,
960 1580 1149 1651 χρείαν
1193 1581 1306 1650 ἔχει
1352 1582 1647 1651 κτημάτων
1691 1582 1783 1634 καὶ
1818 1580 2035 1652 χρημά-

458 1681 602 1719 των
636 1668 666 1719 6
688 1666 745 1719 δέ
778 1664 851 1736 μὴ
877 1663 1196 1735 βουλόμενος
1234 1662 1503 1725 πλουτεῖν,
1549 1663 1633 1716 ἀεί
1666 1666 1811 1717 ἐστιν
1845 1666 1903 1717 ἐν
1945 1665 2036 1717 εὐ-

462 1749 649 1821 πορίᾳ.
689 1748 786 1816 Μὴ
815 1746 1004 1817 φοϐοῦ
1024 1785 1039 1811 ,
1078 1746 1226 1801 ὅταν
1257 1744 1577 1816 πλουτήσῃ
1611 1744 1949 1815 ἄνθρωπος,
1992 1749 2032 1818 ἢ

463 1830 614 1886 ὅταν
648 1829 970 1900 πληθυνθῇ
998 1830 1038 1897 ἠ
1068 1829 1217 1894 δόξα
1240 1830 1344 1884 τοῦ
1368 1829 1538 1884 οἴκου
1566 1830 1772 1884 αὐτοῦ.
1795 1831 1894 1898 Μὴ
1928 1847 2034 1900 590-

463 1915 594 1978 ϐοῦ,
634 1911 757 1967 εἰπέ
796 1932 907 1986 μοι,
943 1914 1032 1968 διὰ
1055 1914 1143 1980 τί;
1178 1913 1394 1986 Ἐπειδὴ
1425 1913 1535 1984 γάρ
1569 1913 1788 1985 φοϐεροί
1820 1916 1957 1968 είσιν
1984 1916 2034 1969 οῖ

464 1997 850 2063 πλουτοῦντες,
882 1996 1098 2050 ἐκλαλεῖ
1125 1997 1224 2068 τὴν
1252 1996 1396 2067 ζωὴν
1431 1998 1460 2049 6
1490 1996 1793 2067 προφήτης.
1842 1997 1908 2051 Τί
1946 1996 2032 2052 δέ⁴

461 2081 648 2144 δοικας
693 2080 977 2151 ἄνθρωπον
1010 2078 1228 2150 φύλλοις
1274 2077 1549 2148 κομῶντα,
1580 2078 1794 2150 καρποῦ
1830 2079 1887 2132 δέ
1929 2081 2038 2134 ἀπ-

461 2164 857 2234 εστερημένονς
907 2161 959 2216 τί
990 2161 1228 2224 δέδοικας
1268 2160 1551 2232 ἄνθρωπον
1578 2162 1658 2225 είς
1681 2162 1905 2232 πικρίαν
1940 2162 2036 2232 βαι

460 2245 709 2313 δίζοντας
758 2245 813 2298 τί
875 2244 1115 2309 δέδοικας
1166 2242 1449 2314 ἄνθρωπον
1501 2244 1586 2296 ἀεὶ
1634 2244 1938 2314 τρέμοντα;
1983 2243 2036 2297 τί

459 2330 705 2393 δέδοικας
743 2328 1029 2401 ἄνθρωπον
1053 2328 1290 2399 διηνεκεῖ
1332 2326 1481 2396 φόϐῳ
1520 2326 1802 2394 συζῶντα;
1845 2328 1901 2379 Ὀ
1938 2327 2036 2397 μὲν

468 2411 577 2483 γὰρ
599 2410 784 2473 δοῦλός
810 2411 997 2464 σουού
1031 2409 1236 2463 δέδοικέ
1278 2426 1336 2462 σε
1364 2409 1570 2462 ἀπόντα
1589 2426 1601 2440 ·
1631 2409 1837 2471 ἐκεῖνος
1862 2409 1917 2462 δέ
1946 2408 2036 2462 τὸν

464 2493 730 2562 δεσπότην
771 2492 981 2546 ἔνδοθεν
1017 2492 1323 2564 περιφέρει.
1368 2492 1541 2545 Ὅπου
1590 2491 1685 2544 ἐὰν
1730 2491 1969 2565 ἀπέλθῃ,
2010 2492 2038 2544 6

465 2575 608 2646 ἔρως
647 2577 745 2647 τῆς
779 2575 1212 2646 φιλοχρηματίας
1245 2575 1467 2628 ἐπεταιο
1501 2575 1594 2627 κα¹ι
1618 2574 1906 2645 πλησίους,
1944 2574 2039 2627 καὶ

465 2662 704 2724 οίκέτας,
744 2662 839 2713 καὶ
873 2661 1076 2728 φίλους,
1114 2661 1206 2713 καὶ
1246 2659 1565 2730 βασκάνους,
1594 2659 1688 2711 καὶ
1720 2659 2036 2728 εὐεργέτας,

465 2744 711 2807 ἅπαντας
743 2741 882 2813 όμοῦ
914 2742 1140 2814 ἐχθροὺς
1165 2741 1299 2812 ἔχει.
1332 2740 1526 2794 Φθόνον
1568 2741 1677 2811 γὰρ
1707 2740 1907 2810 ἐγείρει
1944 2740 2037 2810 μέ-

463 2842 588 2894 γαν.
626 2826 682 2878 '0
719 2826 817 2897 μὲν
848 2825 958 2896 γάρ
990 2826 1158 2894 πένης
1185 2824 1374 2878 οὐδένα
1396 2822 1647 2888 δεδοικὼς
1667 2822 1860 2890 διάγει,
1890 2825 2039 2876 ἐπει-

462 2908 528 2978 δὴ
573 2910 794 2962 πλουτεῖ
825 2908 985 2979 μόνον
1023 2910 1090 2978 τῇ
1125 2906 1409 2977 φιλοσοφίᾳ
1450 2907 1544 2959 καὶ
1586 2907 1863 2977 ὑπομονῇ⁶
1910 2907 1939 2957 6
1979 2905 2037 2958 δὲ

466 2992 755 3056 πλούσιος,
803 2991 990 3060 ἐπειδὴ
1048 2988 1329 3060 πλεονεξίᾳ
1369 2988 1544 3061 συζῇ,
1605 2992 1838 3059 μισεῖται
1889 2988 2038 3060 παρὰ

471 3076 703 3140 πάντων,
738 3075 831 3130 καὶ
855 3077 912 3127 ἐν
934 3076 1133 3136 κοινοῖς
1162 3072 1436 3142 συλλόγοις
1465 3072 1722 3143 πολέμιος
1753 3072 2038 3144 περιέρχε-

467 3177 578 3223 ται,
628 3158 1056 3228 κολακευόμενος
1104 3156 1203 3227 μέν
1246 3155 1325 3227 τῷ
1363 3155 1661 3227 προσώπῳ,
1715 3158 2037 3226 μισούμενος

463 3243 521 3296 δὲ
545 3245 610 3314 τῇ
644 3242 868 3313 διανοίᾳ.
896 3239 1018 3293 Ὅτι
1045 3237 1103 3291 δὲ
1132 3237 1302 3292 ταῦτα
1326 3238 1515 3293 τοῦτον
1544 3238 1657 3309 ἔχει
1703 3239 1794 3293 τὸν
1814 3240 2036 3310 τρόπον,

463 3327 592 3381 ὅταν
622 3325 751 3397 ἔλθῃ
780 3327 809 3378 6
842 3324 1060 3395 ἄνεμος,
1092 3323 1189 3376 καὶ
1221 3322 1353 3396 ῥίψῃ
1390 3323 1459 3377 τά
1491 3323 1688 3393 φύλλα,
1719 3323 1848 3377 ὅταν
1876 3339 2040 3394 μετα·

464 3410 597 3483 ϐολὴ
631 3409 741 3464 τῶν
774 3406 1116 3479 πραγμάτων
1143 3408 1371 3477 γένηται
1390 3445 1406 3468 ,
1449 3407 1572 3461 τότε
1612 3407 1956 3479 εὑρίσκονται
1988 3408 2038 3460 οἱ

465 3492 840 3563 πεπλασμένοι
872 3490 1037 3561 φίλοι,
1086 3488 1206 3543 τότε
1245 3487 1568 3560 γνωρίζεται
1610 3490 1679 3544 τὰ
1722 3492 2040 3562 προσωπεῖα

463 3577 574 3631 τῶν
620 3575 893 3634 κολάκων,
943 3571 1066 3625 τότε
1108 3570 1436 3644 φανεροῦται
1479 3573 1508 3624 6
1556 3571 1715 3644 χορὸς
1758 3572 1866 3626 τῶν
1903 3573 2040 3625 ὑπο..

465 3661 690 3733 κριτῶν,
724 3660 817 3713 καὶ
860 3659 895 3728 ἡ
938 3653 1138 3726 σκῆψις
1168 3653 1262 3707 τοῦ
1306 3654 1595 3726 δράματος.
1643 3654 1936 3725 Ἀνοίγεται
1972 3654 2042 3709 τὰ

467 3745 714 3815 στόματα
744 3743 962 3798 πάντων
993 3739 1279 3808 λεγόντων·
1332 3738 1390 3790 '0
1428 3740 1642 3811 μιαρὸς,
1672 3741 1702 3792 6
1728 3738 1985 3811 πονηρὸς,
2013 3740 2043 3794 6

468 3828 851 3898 παμπόνηρος.
876 3824 940 3878 Τί
957 3824 1169 3892 λέγεις;
1196 3822 1317 3893 οὐχὶ
1344 3820 1471 3891 χθὲς
1492 3821 1654 3875 αὐτὸν
1678 3822 2001 3885 ἐκολάκευες
2022 3839 2038 3889 ;

466 3913 588 3982 οὐχὶ
627 3910 725 3973 τὰς
770 3911 956 3981 χεῖρας
993 3906 1158 3963 αὐτοῦ
1204 3904 1549 3974 κατεφίλεις,
1596 3906 1943 3974 Προσωπεῖον
1973 3902 2042 3978 ἦν

469 3997 675 4048 ἐκεῖνα.
724 3988 929 4046 Ἦλθεν
974 3993 1004 4045 6
1042 3988 1263 4061 καιρὸς,
1320 3988 1416 4042 καὶ
1452 3988 1722 4059 περιεῖλον
1770 3988 1831 4041 τὸ
1874 4005 2041 4061 προσο

468 4082 689 4141 ωπεῖον,
714 4077 804 4132 καὶ
824 4074 1191 4147 ἀπεφηνάμην
1214 4075 1281 4144 τῇ
1301 4071 1530 4142 διανοίᾳ.
1559 4070 1625 4123 Τί
1651 4066 1745 4124 οὖν
1776 4070 2040 4138 δέδοικας,

473 4162 595 4216 είπέ
632 4178 742 4232 μοι,
768 4160 862 4214 τὸν
897 4158 1003 4213 ὐπὸ
1022 4156 1290 4212 τοσούτων
1319 4152 1830 4227 κατηγορούμενον;
1860 4155 1969 4208 Καὶ
1990 4155 2044 4208 τί

471 4244 659 4307 τοῦτος
693 4244 818 4297 Εἴθε
856 4242 931 4314 μὴ
954 4241 1116 4304 αὐτὸς
1144 4237 1335 4293 ἐαυτοῦ
1356 4236 1672 4308 κατηγόρει.
1690 4235 1875 4290 Ταῦτα
1903 4237 2045 4306 λέγω

471 4331 534 4382 οὐ
587 4326 814 4380 πλοῦτον
863 4324 1185 4387 διαϐάλλων,
1231 4321 1488 4392 μυριάκις
1530 4316 1704 4382 εἷπον,
1746 4319 1882 4374 ἀλλά
1918 4322 2044 4384 τοὺς

471 4409 657 4473 κακῶς
680 4409 757 4479 τῷ
780 4406 931 4477 καλῷ
951 4405 1326 4477 κεχρημένους
1348 4402 1650 4473 πράγματι.
1675 4402 1755 4457 Τὰ
1774 4403 1885 4475 γὰρ
1906 4403 2043 4474 χρή-

476 4509 623 4564 ματα
670 4493 767 4544 σὺν
808 4492 927 4553 ταῖς
972 4488 1202 4560 πράξεσι
1243 4487 1403 4543 καλά.
1447 4486 1571 4551 Πῶς
1611 4486 1751 4540 καλὰ
1792 4486 1878 4553 δέ;
1920 4486 2045 4540 Ἐάν

472 4572 906 4646 παραμυθῶνται
953 4571 1105 4645 [509]
1146 4571 1243 4643 τὴν
1303 4571 1525 4636 πενίαν,
1575 4571 1673 4625 ἐὰν
1726 4570 2045 4642 διορθῶνται

472 4657 764 4728 πτωχείαν.
805 4658 1071 4709 Ἄκουσον
1105 4654 1220 4716 πῶς
1252 4652 1398 4721 λέγει
1445 4656 1474 4707 ὁ
1514 4651 1666 4706 Ἰώόέ
1712 4652 1853 4719 Ἐγὼ
1883 4653 2045 4722 ἤμην

473 4739 781 4810 ὀφθαλμὸς
823 4736 1091 4808 τυφλῶν,
1133 4735 1287 4801 ποὺς
1332 4735 1400 4789 δὲ
1440 4735 1683 4805 χωλῶν’
1722 4735 1836 4806 ἐγὼ
1883 4737 2046 4805 ἤμην

475 4824 672 4891 πατὴρ
704 4822 1036 4877 ἀδυνάτων.
1084 4820 1213 4873 Ἰδοὺ
1251 4817 1502 4881 πλοῦτος,
1534 4818 1628 4871 καὶ
1674 4819 1916 4890 ἁμαρτία
1945 4820 2046 4873 οὐκ

472 4904 560 4977 ἦν,
593 4906 726 4960 ἀλλὰ
765 4903 1150 4975 φιλοπτωχεία.
1192 4900 1252 4955 Ἡ
1283 4900 1440 4954 οὶκία
1460 4918 1581 4969 μου
1607 4901 1783 4954 παντί
1807 4902 2045 4957 ἐλθόντι

472 4990 735 5055 ἀνέῳκτο
754 5001 801 5041 ιι.
849 4986 1021 5039 Τοῦτο
1071 4983 1300 5039 πλούτου
1346 4982 1624 5047 διακονία,
1671 4982 1900 5038 πλούτου
1945 4985 2046 5039 οὐκ

473 5075 731 5144 ὀνόματι,
780 5068 915 5124 ἀλλὰ
965 5070 1269 5140 πράγματι.
1320 5060 1487 5128 Οὗτος
1525 5067 1554 5119 6
1601 5065 1827 5131 πλοῦτος
1863 5067 2046 5131 δοῦλος

473 5158 681 5212 ἐκείνου
726 5154 820 5209 τοῦ
862 5153 1090 5208 πλούτου
1112 5168 1126 5182 ο
1171 5145 1324 5212 οὗτος
1376 5148 1475 5219 μὲν
1514 5148 1622 5218 γάρ
1672 5149 1842 5221 ὄνομά
1898 5151 2044 5205 ἐστιν

474 5239 680 5311 ἔρημον
723 5236 1081 5308 πραγμάτων,
1129 5235 1334 5294 ἐκεῖνος
1377 5231 1434 5285 δὲ
1479 5230 1739 5302 ὀνόματος
1777 5233 1869 5285 καὶ
1910 5233 2047 5304 πρά-

473 5338 681 5393 γματος
703 5320 817 5391 ἔχει
854 5320 952 5390 τὴν
975 5315 1252 5388 ἀληθειαν.
1293 5315 1486 5378 Ποίος;
1524 5315 1585 5368 '0
1610 5313 1719 5368 τῶν
1747 5315 1977 5386 ἀρετῶν,
2016 5317 2047 5369 ό

474 5406 574 5477 τῆς
611 5401 999 5475 ἐλεημοσύνης.
1038 5397 1190 5465 Πῶς;
1232 5397 1373 5467 Ἐγὼ
1413 5396 1577 5466 λέγω.
1608 5399 1766 5452 Ἔστι
1794 5398 2046 5464 πλούσιος

473 5490 546 5545 τὰ
582 5488 800 5543 πάντων
845 5482 1127 5556 ἁρπάζων,
1174 5483 1268 5536 καὶ
1300 5482 1415 5535 ἔστι
1462 5481 1733 5547 πλούσιος,
1753 5483 1822 5537 τὰ
1852 5484 2047 5538 ἐαυτοῦ

475 5576 591 5637 τοῖς
617 5573 810 5641 πένησι
838 5567 1111 5641 παρέχων.
1153 5567 1211 5620 '0
1237 5565 1335 5636 μὲν
1362 5566 1419 5619 ἐν
1443 5564 1522 5636 τῷ
1552 5566 1830 5636 συνάγειν,
1859 5568 1887 5622 6
1907 5568 1966 5623 δέ
1990 5570 2048 5623 ἐν

476 5657 557 5727 τῷ
583 5656 897 5711 ἀναλίσκειν
925 5648 1167 5704 πλουτῶν
1191 5665 1204 5679 '
1254 5651 1349 5703 καὶ
1370 5652 1398 5704 6
1425 5650 1526 5722 μὲν
1562 5652 1773 5725 σπείρει
1799 5652 1897 5726 τὴν
1922 5653 2048 5725 γῆν,

545 5742 575 5776 ⁸
597 5742 697 5793 Alii
726 5738 865 5789 παντὶ
884 5735 1111 5798 ἀνθρώπῳ
1131 5735 1379 5799 ἠνέῳκται.

2135 584 2386 657 νεστέρα.
2418 577 2586 648 Οὗτος
2627 584 2853 655 μυρίους
2892 583 3005 654 ἔχει
3053 584 3179 647 τοὺς
3212 584 3467 654 ἐραστὰς,
3508 575 3716 651 ἐκεῖνος

2132 667 2189 721 δὲ
2224 664 2434 730 πάντας
2474 666 2832 740 κατηγόρους.
2887 666 2998 719 Καὶ
3045 665 3105 719 τὸ
3137 665 3200 737 δὴ
3245 666 3579 735 θαυμαστὸν,
3618 666 3715 720 ἐπὶ

2138 750 2238 821 μὲν
2264 748 2359 804 τοῦ
2392 750 2638 820 ἅρπαγος
2666 752 2761 805 καὶ
2792 750 3138 814 πλεονέκτου,
3163 751 3221 802 οὐ
3256 750 3413 820 μόνον
3444 751 3717 821 οῖἠδικη-

2135 832 2303 903 μένοι,
2341 832 2474 886 ἀλλά
2498 833 2526 873 b
2560 834 2655 887 καὶ
2681 834 2731 887 οί
2761 834 2926 905 μηδὲν
2962 834 3226 897 παθόντες
3253 832 3421 887 κακὸν
3464 833 3714 903 μισοῦσιν

2133 917 2373 978 ἐκεῖνον,
2410 915 2803 985 συναλγοῦντες
2839 920 2952 981 τοῖς
2985 916 3170 981 κακῶς
3223 916 3581 970 πεπονθόσιν·
3620 918 3714 971 ἐπὶ

2131 1000 2189 1053 δὲ
2229 999 2321 1053 τοῦ
2352 1000 2673 1069 ἐλεήμονος,
2713 1000 2774 1053 οὐ
2809 1000 2967 1071 μόνον
3001 1001 3051 1053 οἱ
3084 999 3418 1071 ἐλεηθέντες,
3457 1000 3590 1053 ἀλλὰ
3620 1002 3714 1054 καὶ

2131 1083 2184 1134 οἱ
2239 1082 2314 1153 μὴ
2366 1082 2679 1152 ἐλεηθέντες
2722 1081 2964 1150 φιλοῦσιν
3007 1081 3191 1135 αὐτόν.
3252 1081 3470 1136 Βέλτιον
3518 1084 3627 1154 γάρ
3675 1085 3710 1155 ἡ

2132 1163 2301 1235 ἁρετὴ
2337 1163 2439 1233 τῆς
2487 1164 2717 1231 κακίας,
2747 1164 2986 1233 ἀδελφοί.
3040 1164 3107 1218 Ἣ
3142 1165 3311 1219 κακία
3348 1166 3442 1219 καὶ
3478 1168 3603 1230 τοὺς
3637 1164 3712 1238 μὴ

2132 1248 2486 1319 ἀδικηθέντας
2528 1247 2821 1317 πολεμίους
2872 1248 3023 1318 ἔχει·
3063 1250 3098 1320 ἡ
3144 1248 3199 1301 δὲ
3240 1249 3574 1320 ἐλεημοσύνη
3618 1250 3713 1303 καὶ
3797 1294 3819 1322 ί,

2132 1332 2259 1393 τούς
2301 1329 2374 1401 μὴ
2402 1331 2856 1402 εὐεργετηθέντας
2890 1332 3127 1403 ἐραστὰς
3155 1333 3436 1403 κέκτηται.
3479 1333 3710 1400 Λέγουσι

2135 1412 2243 1481 γάρ
2273 1413 2503 1476 πάντες·
2539 1411 2734 1476 Καλῶς
2758 1412 2905 1484 αὐτῷ
2931 1416 2959 1467 6
2989 1415 3118 1478 Θεὸς
3152 1415 3478 1488 ποιήσει[ε]ί
3514 1417 3578 1470 Τί
3597 1415 3706 1487 γὰρ

2136 1496 2548 1568 εὐηργετὴθης;
2581 1496 2696 1550 Οὐκ
2724 1495 2855 1565 ἐγὼ,
2885 1497 2998 1550 ἀλλ’
3044 1499 3073 1551 6
3111 1498 3338 1566 ἀδελφὸς
3358 1501 3385 1552 6
3416 1500 3547 1571 ἐμός
3566 1517 3579 1530 ·
3611 1502 3713 1553 οὐκ

2132 1578 2264 1648 ἐγὼ,
2307 1579 2441 1634 ἀλλὰ
2475 1579 2535 1632 τὸ
2580 1579 2742 1648 μέλος
2780 1580 2842 1633 τὸ
2892 1581 3043 1651 ἐμόν.
3081 1582 3191 1653 Τὴν
3236 1582 3345 1654 γάρ
3386 1585 3465 1649 είς
3504 1587 3713 1638 ἐκεῖνον

2134 1662 2433 1733 γενομένην
2486 1662 2736 1716 εὐποιίαν
2776 1665 2855 1725 είς
2905 1665 3143 1735 ἐμαυτὸν
3191 1665 3494 1736 λογίζομαι.
3558 1663 3712 1731 Εἶδες

2132 1745 2320 1817 ἡλίκον
2344 1747 2375 1816 ἡ
2400 1746 2569 1816 ἀρετή
2592 1762 2607 1811 ;
2632 1745 2751 1810 πῶς
2778 1745 3059 1814 ποθεινόν;
3091 1748 3210 1812 πῶς
3236 1748 3536 1818 ἐπέραστον
3558 1765 3572 1814 ;
3592 1749 3715 1814 πῶς

2133 1828 2334 1893 καλόν;
2363 1828 2421 1880 '0
2451 1827 2698 1897 ἐλεήμων
2725 1829 2755 1882 6
2787 1828 2963 1893 κοινός
2993 1829 3177 1901 λιμὴν,
3204 1831 3233 1883 6
3258 1831 3440 1902 πατὴρ
3465 1832 3709 1897 πάντων,

2133 1912 2168 1983 ἡ
2213 1910 2485 1983 βακτηρία
2540 1908 2648 1963 τῶν
2698 1912 3108 1982 γεγηρακότων.
3160 1912 3272 1967 Καὶ
3315 1914 3409 1966 ἐπὶ
3466 1914 3565 1984 μὲν
3614 1914 3710 1968 τοῦ

2133 1994 2446 2065 ἐλεήμονος,
2487 1994 2582 2050 ἐάν
2623 2012 2677 2051 τι
2707 1995 2868 2065 ἀηδὲς
2903 1995 3073 2066 πάθῃ,
3100 1994 3347 2068 εὔχονται
3376 1998 3609 2061 πάντες·
3649 1998 3710 2052 Ὃ

2135 2079 2268 2144 Θεὸς
2297 2080 2460 2133 αὐτὸν
2484 2080 2724 2153 ἐλεήσαι,
2754 2081 2980 2151 ποιήσαι
3024 2080 3171 2151 αὐτῷ
3203 2081 3408 2146 καλῶς,
3434 2083 3715 2154 παραμείι

2135 2178 2224 2216 ναι
2258 2161 2409 2233 αὐτῷ
2435 2162 2503 2215 τὰ
2541 2163 2754 2230 άγαθάῖ
2800 2161 2896 2216 ἐὰν
2917 2162 2973 2216 δὲ
3000 2162 3158 2236 ἔλθῃς
3197 2166 3290 2219 ἐπὶ
3320 2167 3410 2220 τὸν
3459 2165 3709 2236 ἅρπαγα,

2134 2243 2342 2315 ἀκούσῃ
2371 2244 2669 2314 λεγόντωνο
2711 2246 2770 2298 '0
2812 2245 3027 2315 μιαρὸς,
3060 2248 3089 2300 ὁ
3120 2249 3374 2319 πονηρὸς,
3403 2252 3431 2303 ό
3460 2246 3707 2319 βέϐηλος.

2138 2327 2202 2380 Τί
2253 2328 2544 2398 ὴδίκησαι;
2600 2327 2740 2396 Ἐγὼ
2784 2328 2882 2398 μὲν
2930 2328 3103 2391 οὐδὲν,
3150 2329 3263 2383 ἀλλ’
3321 2333 3350 2384 ό
3399 2331 3625 2400 ἀδελφὸς
3682 2334 3711 2385 6

2138 2410 2329 2480 ἐμόςο.
2360 2411 2488 2465 Βοαὶ
2514 2411 2704 2483 μυρίαι
2734 2410 2854 2465 καθ’
2886 2411 3124 2482 ἑκάστην
3143 2413 3375 2485 ἡμέραν.
3396 2416 3520 2469 Ἐὰν
3542 2417 3708 2486 πέσῃ,

2136 2495 2336 2558 πάντες
2413 2494 2806 2563 ἐπεμϐαίνουσι
2858 2493 3050 2565 τούτῳ.
3115 2495 3285 2549 Τοῦτο
3346 2496 3496 2568 Curi};
3553 2500 3711 2554 τοῦτο

2138 2578 2396 2642 πλοῦτος;
2434 2576 2591 2630 τοῦτο
2619 2579 2679 2631 οὐ
2714 2576 3099 2649 χαλεπώτερον
3144 2579 3469 2649 καταδίκου;
3517 2581 3573 2635 '0
3605 2600 3705 2637 κα.

2136 2662 2352 2724 τάδικος
2383 2660 2590 2715 δέδεται
2613 2661 2676 2713 τὸ
2717 2647 2877 2731 σῶμα
2899 2655 3091 2722 ὀὗτος
3117 2661 3174 2714 δὲ
3196 2647 3296 2733 τῆν
3330 2663 3527 2735 ψυχήν.
3548 2666 3710 2737 Ὁρᾷς

2136 2750 2298 2802 αὐτὸν
2336 2748 2639 2820 δεσμώτην,
2676 2749 2773 2802 καὶ
2825 2749 2926 2802 οὐκ
2971 2748 3138 2812 ἐλεεῖς
3172 2751 3369 2817 αὐτόν;
3410 2755 3507 2807 Διά
3546 2754 3713 2811 ’τοῦτο

2138 2832 2299 2886 αὐτὸν
2333 2831 2496 2902 μισῶ,
2521 2832 2603 2885 ὅτι
2633 2831 2862 2895 δέδεται,
2893 2831 2992 2884 οὐκ
3024 2831 3263 2904 ἀνάγκῃ,
3295 2834 3431 2889 ἀλλά
3453 2826 3715 2909 προαιρέ-

2140 2932 2220 2968 σει
2242 2932 2257 2948 ο
2288 2914 2424 2967 διότι
2456 2913 2551 2985 τὴν
2579 2913 2767 2969 ἀλυσιν
2800 2914 3169 2967 ἐπεσπάσατο.

2206 2999 2265 3051 6'.
2298 2998 2467 3051 Πάλιν
2489 2997 2553 3051 σύ
2571 2996 2708 3068 πρὸς
2725 2997 2851 3060 τοὺς
2867 2996 3151 3060 πλουσίους
3170 3014 3184 3061 ;
3214 2997 3399 3069 ἐροῦσί
3416 3017 3522 3070 μοι.
3544 3001 3723 3058 Πάλιν,

2139 3082 2294 3150 ὑμεῖς
2323 3080 2462 3134 κατά
2498 3080 2606 3133 τῶν
2640 3080 2909 3151 πενήτων.
2946 3080 3116 3133 Πάλιν
3141 3080 3204 3133 σὺ
3235 3081 3375 3134 κατά
3402 3082 3510 3137 τῶν
3529 3085 3715 3157 ἁρπα-

2138 3163 2338 3229 ζόντων
2359 3180 2374 3226 ;
2398 3163 2568 3217 Πάλιν
2596 3164 2754 3235 ὐμείς
2785 3162 2924 3217 κατὰ
2947 3164 3054 3216 τῶν
3088 3163 3503 3235 ἁρπαζομένων.
3522 3166 3721 3239 Ὑμεῖς

2137 3248 2198 3301 οὐ
2254 3247 2577 3319 κορέννυσθε
2636 3245 2910 3309 ἐσθίοντες
2963 3247 3057 3300 καὶ
3110 3246 3540 3314 καταδάκνοντες
3585 3251 3714 3315 τοὺς

2138 3330 2398 3402 πένητας,
2423 3329 2519 3383 καὶ
2573 3327 2685 3397 ἐγὼ
2712 3328 2773 3381 οὐ
2792 3327 3119 3401 κορέννυμαι
3142 3328 3517 3401 διορθούμενος
3547 3332 3711 3403 ὑμᾶς.

2151 3412 2266 3466 Ἀεὶ
2306 3414 2371 3467 σύ
2406 3411 2615 3475 τούτοις
2649 3411 3006 3482 κεκόλλησαι;
3047 3412 3158 3466 ’Δεὶ
3201 3413 3266 3465 σύ
3290 3413 3371 3483 τῷ
3402 3414 3604 3485 πένητι,
3625 3433 3720 3469 κε-

2140 3495 2437 3566 κόλλησαι;
2488 3493 2782 3564 Ἀπόστηθι
2832 3493 2897 3548 σύ
2943 3493 3039 3547 τοῦ
3085 3493 3359 3566 προϐάτου
3403 3515 3524 3568 μου,
3578 3498 3717 3551 ἀπό.-

2142 3578 2299 3648 στηθι
2330 3577 2431 3648 τῆς
2472 3576 2708 3648 ποίμνης
2736 3594 2836 3648 μου
2860 3592 2877 3609 ⁶
2913 3577 2988 3648 μὴ
3030 3576 3200 3648 αὐτὴν
3226 3577 3513 3649 λυμαίνου.
3555 3578 3620 3634 Εί
3657 3580 3717 3635 δέ

2140 3659 2374 3732 λυμαίνῃ
2413 3676 2515 3730 μου
2537 3660 2638 3731 τὴν
2662 3658 2919 3731 ποίμνην,
2964 3659 3256 3728 ἐγκαλεῖςά
3290 3662 3371 3715 ὅτι
3410 3662 3591 3717 διώκω
3621 3680 3715 3733 σεε

2141 3741 2352 3813 Ποιμὴν
2379 3744 2427 3795 εί
2455 3742 2603 3814 ἥμην
2634 3742 2943 3811 προϐάτων,
2971 3744 3248 3807 ἐνεκάλεις
3291 3744 3356 3799 ἄν
3384 3763 3497 3816 μοι,
3538 3747 3619 3800 ὅτι
3653 3747 3717 3800 οὐ

2139 3823 2319 3878 διώκω
2353 3823 2504 3896 [510]
2547 3825 2908 3896 ἐπερχόμενον
2938 3827 3005 3896 τῇ
3052 3826 3256 3898 ποίμνῃ
3291 3826 3472 3882 λύκον.
3507 3829 3718 3899 Ποιμήν

2142 3911 2257 3979 είμι
2281 3907 2516 3978 λογικῶν
2537 3908 2888 3979 θρεμμάτων
2911 3908 2970 3961 οὐ
3000 3908 3133 3977 λίθῳ
3158 3909 3357 3975 διώκω,
3382 3910 3517 3963 ἀλλὰ
3547 3911 3712 3981 λόγῳο

2147 3990 2348 4062 μᾶλλον
2372 3990 2431 4044 δέ
2456 3990 2578 4044 οὐδὲ
2602 3989 2781 4043 διώκω
2813 4006 2896 4054 σε,
2930 3988 3068 4045 ἀλλὰ
3096 3991 3246 4045 καλῶ
3268 4009 3326 4044 σε
3344 4009 3359 4025 ο
3389 3992 3548 4061 γενοῦ
3586 3994 3719 4064 πρό.

2145 4073 2331 4135 ϐατον,
2361 4072 2504 4137 ἐλθέ,
2543 4071 2701 4141 γενοῦ
2732 4072 2832 4143 τῆς
2863 4070 3063 4142 ἀγέλης
3092 4089 3213 4143 μου.
3245 4074 3310 4126 Τί
3350 4073 3584 4147 λυμαίνῃ
3618 4076 3719 4149 τὴν

2144 4156 2403 4226 ποίμνην,
2436 4157 2464 4209 6
2501 4154 2731 4225 ὀφείλων
2763 4153 2994 4225 αὐξῆσαι
3024 4155 3124 4226 τὴν
3150 4155 3385 4229 ἀγέλην;
3431 4158 3506 4212 Οὐ
3537 4157 3719 4214 διώκω

2148 4256 2228 4299 σε,
2262 4237 2400 4292 ἀλλὰ
2427 4236 2591 4291 λύκον
2615 4235 2797 4290 διώκω
2817 4250 2830 4265 ⁸
2859 4236 2907 4289 εί
2937 4236 3014 4308 μὴ
3041 4237 3204 4299 λύκος
3232 4232 3303 4304 εἴ,
3338 4240 3398 4293 οὐ
3426 4240 3608 4295 διώκω
3633 4258 3714 4297 σε.

2145 4322 2209 4374 EI
2243 4320 2299 4373 δέ
2352 4319 2514 4384 λύκος
2557 4319 2766 4388 ἐγένου,
2821 4318 3014 4373 σαυτὸν
3048 4319 3227 4374 αἰτιῶ.
3279 4321 3392 4375 Οὐκ
3425 4320 3541 4394 εἰμὶ
3576 4323 3717 4376 κατά

2144 4403 2253 4456 τῶν
2271 4401 2663 4465 πλουτούντων,
2686 4399 2799 4453 ἀλλ’
2827 4399 2968 4468 ὑπὲρ
2985 4401 3094 4455 τῶν
3117 4401 3505 4458 πλουτούντων.
3532 4405 3718 4459 Ταῦτα

2152 4487 2262 4558 γὰρ
2305 4486 2500 4555 λέγων,
2532 4485 2674 4556 ὑπὲρ
2706 4484 2799 4538 σοῦ
2840 4483 3002 4553 λέγω,
3037 4485 3141 4539 κᾶν
3189 4487 3264 4559 μὴ
3308 4486 3558 4562 αἰσθάνῃ.
3593 4487 3716 4553 Πῶς

2145 4571 2284 4640 ὑπὲρ
2335 4570 2469 4640 ἐμοῦ
2512 4569 2721 4638 λέγεις;
2768 4567 2892 4620 ’Ὀτι
2944 4569 3269 4625 ἀπαλλάττω
3320 4590 3379 4626 σε
3424 4573 3716 4645 ἁμαρτίας,

2145 4651 2415 4724 ἐλευθερῶ
2463 4669 2522 4705 σε
2554 4650 2831 4722 ἁρπαγῆς,
2875 4651 3010 4704 πᾶσι
3047 4652 3186 4706 ποιῶ
3226 4653 3396 4723 φίλον,
3447 4657 3581 4708 πᾶσι
3624 4673 3722 4708 ποσ-

2146 4735 2338 4791 θεινόν.
2370 4735 2480 4788 ’Λεί
2534 4752 2615 4788 σοι
2659 4734 2838 4804 λέγω’
2887 4733 3212 4807 ’Ἠρπασας;
3255 4738 3718 4810 ἐπλεονέκτησας;

2145 4818 2286 4884 ἐλθὲ,
2316 4818 2411 4872 καὶ
2440 4816 2757 4887 μεταϐάλλω
2808 4837 2889 4887 σε,
2926 4819 3244 4890 μεταϐάλλω
3273 4821 3371 4892 τὴν
3407 4821 3604 4893 ἔχθραν
3640 4824 3721 4886 είς

2147 4900 2348 4969 φιλίαν,
2384 4900 2474 4953 τὸν
2513 4899 2757 4956 κίνδυνον
2789 4905 2869 4967 είς
2898 4902 3198 4972 ἀσφάλειαν
3217 4917 3231 4932 ·
3265 4903 3436 4957 ταῦτα
3465 4904 3717 4968 ἐνταῦθα,

2146 4983 2241 5035 καὶ
2280 4985 2396 5037 ἐκεῖ
2437 4983 2628 5053 δίδωμί
2671 5001 2754 5038 σοι
2798 4986 2960 5040 πάλιν
2992 4984 3090 5057 τὴν
3125 4984 3402 5055 βασιλείαν
3424 4984 3534 5037 τῶν
3558 4986 3722 5056 οὐρα-

2144 5065 2270 5130 νῶν,
2296 5065 2384 5119 ἴνα
2411 5067 2485 5138 μὴ
2518 5069 2598 5130 είς
2637 5066 2736 5133 τὰς
2774 5068 3150 5142 ἀπεράντουςθ
3176 5066 3426 5130 κολάσεις
3455 5066 3722 5139 ἀπέλθῃς,

2147 5148 2233 5201 ἵνα
2258 5149 2539 5219 άπολάϐῃς
2576 5149 2644 5204 τά
2699 5151 2915 5220 ἀγαθὰ,
2963 5153 3022 5205 Ἀ
3056 5148 3363 5219 ὀφθαλμὸς
3400 5150 3508 5205 οὐκ
3539 5149 3723 5210 εἷδεν.

2144 5232 2285 5285 οὔτε
2316 5227 2426 5297 οὖς
2453 5231 2702 5301 ἤκουσε,
2728 5233 2827 5288 καὶ
2852 5234 2952 5287 ἐπὶ
2980 5231 3234 5300 καρδίαν
3268 5231 3581 5300 ἀνθρώπου
3609 5236 3722 5289 οὐκ

2145 5313 2351 5381 ἀνέϐη.
2387 5314 2573 5369 Ταῦτα
2609 5315 2790 5371 τοίνυν
2821 5315 3108 5378 διώκοντός
3131 5314 3357 5387 ἐστιν,ἢ
3390 5316 3723 5387 συμϐουλεύο

2208 5437 2238 5477 δ
2259 5438 2355 5488 Alii
2377 5442 2698 5499 καταϐοῶσιν,
2719 5440 2856 5489 ἀλλά.

2213 5502 2237 5531 ⁸
2259 5500 2371 5569 ριξο
2393 5515 2510 5569 mss.
2528 5502 2581 5569 τί
2605 5519 2662 5551 σε
2682 5500 3043 5569 ἠδίκησενλέμὲ
3082 5502 3378 5563 οὐδὲν,νᾶλλὰ
3408 5502 3501 5552 τὸν.
3524 5503 3724 5569 ἀδελφὸν

2149 5560 2383 5623 τὸνᾲέμὸν,
2400 5568 2498 5611 etc.
2525 5563 2611 5613 Sic
2639 5569 2825 5612 mutato
2850 5560 3109 5623 regimine.
3224 5560 3231 5563 ⁷
3520 5596 3541 5615 κ

2214 5621 2241 5661 d
2261 5621 2360 5687 AIiI
2383 5625 2445 5687 μὴ
2469 5624 2668 5687 ἐγκᾳλῇς
2693 5626 2811 5687 ςιὶιιεεΔ
2828 5621 3233 5687 ἱηιὲττοεσιὶοιιρ.

2219 5683 2361 5758 gAIii
2384 5683 2692 5750 ἀπορρήτους.
2733 5683 2859 5737 Infra
2890 5683 3087 5747 quidaim
3114 5685 3354 5751 φιλοῦντὸς
3393 5690 3537 5754 ἐστιν,
3571 5690 3625 5740 ού
3651 5708 3726 5752 μι-

2158 5759 2350 5802 σουντος
2364 5762 2433 5799 σε.
