4068 6270
485 249 592 308 805

484 379 669 429 οντος;
706 359 982 430 φιλοῦντός
1030 360 1200 421 ἐστιν,
1250 359 1282 429 ἢ
1331 358 1614 423 μισοῦντός
1661 375 1752 423 σε;
1791 358 1948 412 Ἀλλά
1993 358 2056 410 σὺ

489 448 668 514 μισεῖς
713 462 798 514 με.
843 443 979 496 Ἀλλ’
1014 441 1124 511 ἐγὼ
1155 442 1292 510 φιλῶ
1338 459 1417 496 σε.
1477 441 1786 511 Ἐπίταγμα
1821 441 1927 511 ἔχω
1965 439 2057 491 τοῦ

489 530 758 583 Δεσπότου
793 545 894 600 μου
916 546 929 559 ο
968 525 1250 597 Ἀγαπᾶτε
1279 525 1419 590 τοὺς
1443 525 1694 594 ἐχθροὺς
1718 523 1904 592 ὑμῶν.
1946 525 2058 576 Οὐκ

487 612 790 684 ἀφίσταμαί
841 629 932 666 σου
994 609 1255 682 ἰατρεύων
1310 626 1386 662 σε.
1451 608 1508 661 Ὀ
1573 608 1848 679 Δεσπότης
1903 607 2058 678 ἡμῶν

487 694 832 767 ἐσταυροῦτο,
868 693 962 748 καὶ
991 693 1206 760 ἐλεγενο
1244 693 1426 760 ’Ἄφες
1446 691 1674 756 αὐτοῖς,
1713 691 1906 758 Πάτερ
1934 707 1947 721 ·
1985 693 2057 745 οὐ

487 778 596 848 γὰρ
622 779 823 833 οῖδασι
851 778 907 830 τί
932 775 1194 830 ποιοῦσι.
1235 775 1328 845 Μὴ
1361 774 1470 844 γὰρ
1507 775 1568 826 σέ
1611 773 1821 841 διώκω;
1856 774 1928 826 Τὸ
1953 773 2059 828 πά-

485 862 576 924 θος
609 877 704 914 σου
733 859 961 913 ἐλαύνω.
987 858 1078 929 Μὴ
1098 857 1206 928 γὰρ
1236 857 1318 910 σοὶ
1351 856 1604 926 πολεμῷ;
1633 857 1712 928 Τῇ
1742 857 1909 927 κακίᾳ
1937 874 2052 912 σου.

486 945 598 1000 Kal
638 945 737 1014 οὑχ
773 946 879 1015 ήγῇ
911 961 978 1015 με
1007 943 1341 1013 εὑεργέτην;
1378 942 1474 1012 οὑχ
1510 944 1618 1012 ἡγῇ
1653 958 1720 1011 με
1749 941 2054 1012 κηδεμ.όνα;

484 1029 582 1098 οὑχ
631 1030 739 1099 ἡγῇ
792 1045 858 1099 με
911 1027 1221 1098 προστάτην
1269 1025 1487 1079 πάντων
1533 1025 1768 1095 μᾶλλον;
1818 1027 1914 1088 Τίς
1973 1042 2055 1079 σοι

486 1113 616 1183 περὶ
642 1114 846 1166 τούτων
879 1112 1038 1175 ἀλλος
1060 1113 1202 1180 ἐρεῖς
1241 1109 1302 1164 '0
1334 1109 1548 1180 ἀρχων;
1578 1109 1743 1162 Οὑδέν
1775 1107 2016 1162 τοιοῦτον
2035 1127 2050 1143 ο

485 1195 621 1248 ἀλλὰ
676 1197 803 1266 περὶ
847 1193 1228 1264 ἐγκλημάτων,
1269 1193 1399 1262 περὶ
1447 1190 1799 1262 κατηγορίας.
1837 1191 1974 1244 Ἀλλ’
2019 1194 2052 1262 ἡ

483 1280 656 1350 γυνὴ;
691 1277 828 1350 Περὶ
875 1276 1136 1346 κοσμίων,
1187 1275 1317 1346 περὶ
1368 1273 1592 1346 χρυσοῦ.
1638 1274 1775 1327 Ἀλλ’
1813 1276 1841 1328 6
1891 1277 2051 1340 παῖς;

486 1363 620 1434 Περὶ
683 1361 1084 1433 κληρονομίας,
1139 1360 1269 1430 περὶ
1315 1357 1599 1429 διαθήκης,
1650 1357 1779 1428 περὶ
1825 1357 2050 1428 κλήρου.

496 1445 636 1498 Ἀλλ’
692 1445 720 1496 6
761 1443 1005 1513 οίκέτης;
1061 1442 1196 1512 Περὶ
1240 1441 1562 1512 ὑπηρεσίας,
1613 1443 1742 1513 περὶ
1789 1440 2051 1504 δουλείας,

483 1528 611 1598 περὶ
643 1526 971 1598 ἐλευθερίας.
1007 1524 1165 1578 Ἀλλά
1193 1525 1517 1597 παράσιτοι;
1550 1525 1685 1596 Περὶ
1715 1525 2051 1594 συμποσίων,

483 1611 612 1682 περὶ
645 1610 896 1673 δείπνων,
927 1609 1052 1679 περὶ
1085 1609 1345 1678 ἀρίστων.
1365 1609 1508 1662 Ἀλλ’
1536 1611 1586 1662 οἱ
1620 1612 1677 1660 ἐν
1705 1609 1781 1678 τῷ
1807 1609 2050 1678 θεάτρῳ;

481 1696 618 1764 Περὶ
651 1694 884 1762 γέλωτος
915 1691 1166 1762 αἰσχροῦ,
1217 1693 1345 1762 περὶ
1388 1692 1681 1762 ἐπιθυμίας
1728 1693 2049 1747 ἀκολάστου.

495 1776 631 1832 Ἀλλ’
679 1779 708 1829 6
750 1779 809 1829 ἐν
852 1777 964 1838 τοῖς
1009 1774 1408 1844 δικαστηρίοις
1443 1776 1578 1846 Περὶ
1608 1774 1898 1842 διαθηκῶν,
1926 1776 2052 1844 περὶ

481 1860 864 1931 κληρονομίας,
892 1858 1022 1928 περὶ
1059 1856 1386 1927 ἐλευθερίας,
1413 1858 1447 1911 ἃ
1477 1858 1728 1927 πράσσει.
1766 1857 1875 1911 Ποῦ
1910 1858 2053 1927 ἔχεις

480 1944 712 1997 ἀκοῦσαι
754 1941 948 2004 ταῦτα,
994 1942 1042 1993 εἰ
1090 1941 1164 2009 μὴ
1217 1943 1344 2011 παρ’
1387 1940 1553 2010 ἐμοῦ;
1606 1943 1812 2004 Πάντες
1852 1959 1910 1994 σε
1953 1959 2050 2011 φο-

481 2025 719 2090 ϐοῦνται,
771 2023 881 2092 ἐγὼ
913 2024 970 2076 δέ
1011 2040 1101 2076 σου
1147 2023 1501 2093 καταφρονῶ·
1535 2025 1637 2087 ’έως
1683 2025 1746 2077 ἂν
1779 2020 1847 2097 ᾗς
1877 2025 2052 2078 τοιοῦ-

479 2127 590 2172 τος,
632 2107 956 2178 καταφρονῶ
999 2123 1116 2169 σου,
1165 2105 1418 2176 ὑπερορῶ
1465 2123 1544 2170 σε,
1590 2105 1913 2176 καταφρονῶ
1956 2123 2048 2158 σου

479 2191 572 2244 τοῦ
614 2190 843 2252 πάθους.
881 2188 1020 2256 Ἐγὼ
1047 2188 1248 2258 τέμνω,
1297 2190 1359 2240 σὺ
1405 2188 1658 2259 κράζεις·
1703 2189 1817 2242 ἀλλ’
1858 2189 1917 2240 οὑ
1959 2205 2051 2256 φο-

479 2274 681 2344 ϐοῦμαί
729 2290 820 2326 σου
850 2272 946 2342 τὴν
985 2271 1187 2344 φωνὴν,
1223 2271 1372 2324 ποθῶ
1393 2272 1449 2324 δέ
1481 2290 1572 2324 σου
1599 2273 1696 2343 τὴν
1739 2271 2007 2342 σωτηρίαν
2032 2288 2045 2300 ο

482 2358 665 2430 ἰατρὸς
699 2358 804 2426 γάρ
836 2359 970 2426 εἰμι.
995 2351 1062 2407 Ἀ
1075 2372 1140 2425 ρα
1171 2357 1218 2407 εί
1247 2355 1404 2417 ἕλκος
1434 2354 1572 2423 ἔχων
1605 2355 1784 2427 ἰατρὸν
1815 2355 2045 2423 μετεκά-

477 2443 611 2507 λεις,
647 2441 738 2492 καὶ
765 2436 901 2502 εἶδες
935 2440 1016 2492 ὅτι
1050 2439 1283 2508 ἡκόνησε
1312 2438 1372 2490 τὸ
1415 2438 1673 2505 σιδήριον,
1703 2438 1804 2490 οὑκ
1843 2435 2046 2503 ἔλεγες,

479 2525 648 2595 Τέμε,
676 2525 723 2576 εί
750 2523 844 2574 καὶ
873 2521 1144 2591 ὀδυνῶμαι
1163 2561 1176 2585 ,
1203 2521 1300 2591 τὴν
1317 2522 1422 2574 ἀπὸ
1451 2522 1548 2590 τῆς
1577 2521 1748 2590 τομῆς
1775 2521 2049 2590 σωτηρίαν

480 2607 865 2678 ἐκδεχόμενοςς
916 2605 1015 2674 ἐμὲ
1064 2603 1120 2657 δέ
1177 2604 1395 2672 φεύγεις
1445 2604 1517 2675 μὴ
1570 2606 1855 2673 τέμνοντα,
1914 2603 2050 2656 ἀλλά

479 2692 622 2760 λόγῳ
651 2689 748 2761 τὴν
775 2689 1012 2742 διάνοιάν
1043 2705 1136 2741 σου
1170 2689 1514 2760 καθαίροντα.
1552 2688 1745 2741 Καίτοι
1791 2691 1820 2741 6
1867 2687 2048 2759 ίατρὸς

478 2775 530 2827 τί
558 2775 699 2826 ποιεῖ
721 2790 735 2839 ;
755 2774 954 2842 Τέμνει
980 2771 1258 2835 πολλάκις,
1283 2771 1376 2825 καὶ
1404 2773 1584 2840 χεῖρον
1611 2773 1754 2822 ποιεῖ
1779 2770 1840 2822 τὸ
1869 2770 2043 2832 έλκος·

479 2854 590 2924 ἐγὼ
615 2857 671 2910 δέ
705 2857 764 2909 οὑ
795 2855 932 2908 ποιῶ
957 2857 1160 2925 χεῖρον,
1189 2853 1323 2906 ἀλλά
1353 2853 1583 2922 βέλτιον.
1626 2853 1774 2906 Ἐκεῖ
1810 2853 1908 2922 μέν
1940 2852 2047 2922 γάρ

481 2940 640 3009 φύσις
673 2939 821 2991 ἐστὶν
851 2940 883 3007 ή
914 2937 1285 3006 ἀπορουμένη,
1309 2935 1403 2988 καὶ
1431 2935 1736 3006 φαρμάκων
1756 2937 2044 3004 ἀδυναμία·

479 3021 711 3075 ἐνταῦθα
742 3021 798 3073 δέ
823 3020 995 3088 λόγων
1017 3018 1264 3088 δύναμις.
1298 3018 1500 3090 Ἰατρὸς
1526 3018 1624 3071 οὑκ
1655 3018 1924 3085 ἐγγυᾶταί
1954 3034 2046 3070 σου

479 3105 574 3176 τὴν
608 3105 878 3174 σωτηρίαν
900 3143 913 3164 ,
947 3101 1055 3172 ἐγὼ
1086 3102 1140 3155 δὲ
1179 3101 1461 3171 ἐγγυῶμαί
1487 3118 1578 3154 σου
1619 3100 1716 3170 τὴν
1739 3101 2009 3171 σωτηρίαν
2031 3117 2044 3130 ⁸

479 3187 644 3244 ἄκουέ
689 3204 810 3257 μου.
857 3186 954 3239 Διά
999 3185 1154 3238 τοῦτο
1193 3186 1220 3237 6
1261 3184 1552 3254 μονογενὴς
1595 3184 1725 3248 Υἱὸς
1772 3182 1864 3236 τοῦ
1913 3185 2048 3238 Θεοῦ

482 3269 765 3340 κατῆλθεν,
810 3268 897 3323 ἴνα
939 3269 1086 3339 ἡμᾶς
1132 3268 1411 3339 ἀναγάγῃ,
1458 3269 1552 3320 καὶ
1599 3267 1706 3322 τῶν
1753 3268 2047 3338 ούρανῶνε

481 3351 634 3426 [5H]
668 3351 1025 3421 ὑψηλοτέρους
1059 3350 1378 3421 ἐργάσηται.

555 3436 652 3488 Ἐν
708 3433 978 3504 φοϐοῦμαι
1047 3434 1237 3502 μόνον,
1299 3432 1569 3504 ἁμαρτίαν
1599 3447 1611 3460 °
1667 3432 1735 3486 τά
1786 3432 1872 3491 δέ,
1913 3432 2048 3487 ἄλλα

481 3519 698 3573 ἅπαντα
751 3516 1012 3586 οἰχέσθω,
1069 3515 1171 3568 κᾶν
1229 3514 1494 3581 πλοῦτος,
1545 3516 1649 3568 κᾶν
1707 3516 1896 3578 πενία,
1945 3516 2048 3569 κᾶν

479 3599 807 3662 δυναστεία,
860 3598 961 3652 κᾶν
1008 3597 1206 3650 ὁτιοῦν.
1267 3599 1453 3652 Ταῦτα
1514 3598 1685 3667 λέγω,
1737 3600 1831 3652 καὶ
1877 3599 2048 3668 λέγων

479 3685 542 3738 οὑ
582 3683 893 3752 παύσομαι·
933 3681 1122 3734 οὑδένα
1164 3682 1271 3750 γὰρ
1315 3680 1576 3751 βούλομαι
1622 3682 1916 3736 ἀπολέσθαι
1952 3683 2049 3754 τῆς

480 3767 682 3838 ἀγέλης
719 3767 818 3836 τῆς
863 3765 1022 3836 ἐμῆς.
1073 3764 1136 3816 Τί
1182 3759 1313 3830 οὑν;
1365 3765 1588 3819 δυνατόν
1631 3765 1750 3817 ἐστι
1799 3764 2048 3818 πλούσιον

481 3851 750 3920 σωθῆναις
783 3849 892 3902 Καὶ
921 3847 1083 3902 πάνυ.
1119 3848 1176 3901 '0
1209 3847 1328 3900 Ἰὼϐ
1365 3847 1616 3911 πλούσιος
1643 3842 1733 3918 ἦν,
1754 3847 2050 3920 όἈϐραάμ

481 3933 734 3996 πλούσιος
761 3927 848 4002 ἦν.
883 3927 1036 3994 Εἶδες
1070 3930 1234 3984 αὑτοῦ
1260 3930 1352 3984 τόν
1383 3931 1608 3985 πλοῦτον
1632 3947 1645 3996 ;
1672 3931 1848 3985 Βλέπε
1884 3931 2048 3985 αὑτοῦ

481 4018 574 4071 καὶ
591 4016 687 4088 τήν
707 4015 1032 4087 φιλοξενίαν.
1057 4012 1209 4078 Εἶδες
1237 4015 1402 4068 αὑτοῦ
1423 4015 1520 4086 τὴν
1538 4015 1816 4084 τράπεζαν
1840 4034 1854 4081 ;
1877 4016 2050 4070 Βλέπε

479 4100 644 4155 αὑτοῦ
687 4100 782 4154 καὶ
827 4100 926 4171 τὴν
975 4098 1393 4170 φιλοφροσύνην.
1448 4099 1513 4151 Τί
1560 4093 1652 4152 οῦν
1691 4099 1719 4150 6
1765 4099 2048 4170 ’Δϐραᾶμς

482 4183 742 4248 Πλούσιος
787 4177 873 4254 ἦν.
912 4183 1003 4253 Μὴ
1046 4181 1426 4252 ὲφιλονείκησά
1471 4199 1585 4247 σοις
1635 4181 1893 4246 Πλούσιος
1925 4177 1994 4253 ἦν
2021 4185 2050 4237 6

493 4267 775 4336 ’Λϐραάμ;
801 4266 929 4329 Ναὶ,
948 4265 1200 4329 πλούσιος
1216 4261 1304 4336 ἦν.
1330 4261 1484 4329 Εἶδες
1498 4264 1659 4317 αὑτοῦ
1685 4263 1775 4318 τὸν
1793 4265 2044 4333 πλοῦτον;

481 4351 654 4403 Βλέπε
687 4349 850 4402 αὑτοῦ
885 4349 978 4401 καὶ
1015 4348 1112 4418 τὴν
1152 4349 1450 4419 διαγωγήν.
1479 4348 1634 4402 Κατὰ
1658 4348 1713 4401 δέ
1741 4348 1802 4401 τὸ
1837 4365 2048 4418 μεσημ-

483 4432 663 4503 ϐρινὸν
683 4429 836 4500 ὤφθη
867 4430 1013 4500 αὑτῷ
1034 4434 1061 4484 6
1089 4432 1290 4503 Κύριος
1323 4435 1463 4502 πρὸς
1481 4433 1548 4502 τῇ
1571 4430 1690 4502 δρυῒ
1710 4433 1777 4500 τῇ
1803 4430 2046 4501 Μαμϐρῇ

483 4513 779 4582 καθημένῳ
799 4530 812 4542 ·
851 4514 946 4564 καὶ
986 4513 1092 4566 ἰδοὺ
1138 4517 1285 4584 τρεῖς
1313 4514 1526 4584 ἄνδρες.
1557 4513 1666 4566 Καὶ
1699 4513 1936 4576 ἀναστὰς
1965 4512 2048 4582 (οὑ

482 4597 592 4667 γὰρ
639 4593 904 4664 ἐνόμιζεν,
967 4595 1048 4647 ὅτι
1103 4596 1234 4659 Θεὸς
1267 4592 1334 4666 ἦν
1381 4599 1409 4649 6
1445 4595 1666 4667 παρών·
1717 4596 1834 4659 πῶς
1874 4595 2048 4668 γάρ;)

485 4676 880 4752 προσεκύνησε,
910 4677 1003 4729 καὶ
1026 4676 1200 4744 λέγει’
1237 4679 1300 4730 El
1328 4679 1624 4748 κεκρίκατέ
1660 4696 1728 4749 με
1763 4679 1929 4744 ἄξιον,
1966 4679 2052 4732 ἵνα

483 4761 760 4832 εἰσέλθητε
797 4761 877 4826 είς
915 4759 1015 4829 τὴν
1046 4761 1248 4831 σκηνὴν
1288 4761 1394 4814 τῶν
1427 4761 1597 4816 δοκῶν
1648 4781 1769 4834 μου.
1819 4760 1969 4826 Εἶδες
2001 4763 2051 4816 τί

483 4846 658 4901 ἐποίει
686 4847 744 4898 ἐν
781 4841 1096 4914 μεσημϐρία
1119 4843 1148 4894 ὁ
1179 4843 1388 4912 γέρων;
1425 4846 1536 4914 υὺχ
1567 4846 1670 4898 ὑπὸ
1697 4847 1892 4916 στέγην
1921 4845 2054 4899 καθ-

485 4933 702 5000 ήμενος,
734 4927 870 4981 ἀλλά
909 4925 1091 4991 ξένους
1130 4926 1220 4979 καὶ
1244 4926 1552 4997 ὁδοιπόρους
1583 4928 1878 4998 οὐδαμόθεν
1910 4945 2053 4994 γνω-

488 5011 678 5084 ρίμους
727 5009 1126 5079 ἐπισπώμενος,
1175 5009 1266 5060 καὶ
1323 5008 1556 5072 ἀναστὰς
1597 5010 1996 5080 προσεκύνησεν
2025 5011 2054 5062 6

487 5093 738 5156 πλούσιος
759 5093 853 5146 κα)⁵
881 5091 1125 5161 εὐγενής.
1167 5091 1225 5144 '0
1254 5092 1510 5161 χρήματα
1545 5091 1924 5162 περιελόμενος
1956 5108 2055 5144 κα·-

483 5176 726 5230 ταλιπὼν
771 5174 986 5237 οἰκίαν,
1020 5175 1270 5241 γυναῖκα,
1315 5174 1528 5238 παῖδας,
1573 5173 1786 5237 οἰκέτας
1813 5215 1828 5238 ,
1880 5173 2056 5227 καίτοι

483 5258 824 5331 τριακοσίους
843 5256 977 5310 δέκα
997 5257 1090 5310 καὶ
1115 5256 1258 5309 ὀκτὼ
1277 5255 1435 5325 ἔχων,
1457 5256 1766 5310 καταλιπὼν
1790 5257 2054 5320 ἅπαντας,

484 5340 705 5412 ἐξῆλθεν
727 5339 994 5404 άλιεῦσαι,
1022 5342 1260 5410 σαγήνην
1288 5340 1507 5410 ἦπλωσε
1528 5341 1846 5410 φιλοξενίας,
1871 5343 2053 5412 μήπου

484 5424 778 5494 ὁδοιπόρος,
815 5424 996 5492 μήπου
1029 5421 1194 5486 ξένος,
1249 5423 1342 5477 καὶ
1382 5425 1713 5496 παραδράμῃ
1740 5424 1837 5495 τὴν
1858 5423 2052 5478 οἰκίαν.

487 5505 656 5558 Βλέπε
689 5507 740 5557 τί
767 5509 908 5558 ποιεῖ
934 5507 961 5558 6
981 5505 1178 5576 γέρων.
1203 5507 1315 5559 Οὐκ
1347 5507 1624 5578 ἐπιτρέπει
1653 5507 1856 5578 οἰκέτῃ,
1882 5507 2054 5561 καίτοι

549 5655 574 5684 ³
603 5656 704 5704 Duo
735 5669 845 5704 mss.
872 5657 947 5704 καὶ
977 5659 1068 5704 τῶν
1089 5658 1398 5720 ἀνθρωπίνων.

1248 241 1303 298 S.
1342 241 1626 299 JOANNIS
1656 240 2154 298 CHRYSOSTOMI
2196 243 2512 300 ARCHIEP.
2555 242 3104 301 CONSTANTINOP.

3632 249 3722 307 506

2165 363 2510 430 τριακοσίους
2539 361 2672 416 δέκα
2698 361 2790 416 καὶ
2811 360 2955 414 ὀκτὼ
2981 361 3117 432 ἔχων
3139 379 3153 392 ο
3181 362 3298 433 ῇδει
3332 365 3442 435 γὰρ
3471 365 3550 418 ὃτι
3576 367 3721 437 ῥᾴθυ-

2164 445 2264 515 μόν
2296 448 2410 499 ἐστι
2439 448 2502 508 τὸ,
2527 447 2680 514 γένος
2707 445 2813 498 τῶν
2839 445 3063 498 οίκετῶν
3086 462 3099 475 ·
3136 447 3316 516 μήπου
3343 449 3673 522 ἀπονυστάξῃ
3698 454 3722 506 6

2159 528 2400 599 οἰκέτης,
2435 529 2529 582 καὶ
2567 528 2901 599 παραδράμῃ
2926 529 2954 580 6
2983 527 3131 593 ξένος
3153 529 3179 568 δ
3201 569 3215 593 ,
3257 530 3353 582 καὶ
3384 530 3614 600 ἀπολέσῃ
3638 533 3723 604 τήν

2159 612 2356 682 ἄγραν.
2396 613 2500 665 Ἴδε
2533 613 2562 665 6
2594 611 2862 682 Ἀϐραὰμ,
2899 611 2973 664 ῐδε
2996 613 3024 664 6
3050 611 3321 675 πλούσιος.
3358 614 3638 680 Καταξιοῖς
3665 616 3722 671 σὺ

2159 694 2263 748 κᾶν
2283 695 2407 748 ἰδεῖν
2438 695 2644 765 πένητα
2667 694 2800 761 ;κᾶν
2822 695 3184 766 ἀποκριθῆναι
3203 713 3217 761 ;
3237 695 3338 748 κᾶν
3353 695 3684 766 διαλεχθῆναι
3705 714 3720 764 ;

2171 777 2331 832 Ἀλλά
2383 778 2483 832 κάν
2524 795 2652 830 ποτε
2683 777 2808 847 δῷς,
2841 778 2929 832 διά
2962 778 3170 835 δούλου.
3212 779 3351 832 Ἀλλ’
3379 780 3480 832 οὑκ
3512 775 3576 850 ἦν
3607 782 3633 832 6
3660 782 3723 834 δίο

2158 877 2311 924 καιος
2331 861 2504 924 οὑτως
2523 879 2536 891 ·
2564 860 2698 914 ἀλλά
2727 861 2960 931 ἐκάθητο
2989 862 3196 933 θερμὴν
3226 863 3325 932 τὴν
3364 863 3556 917 ἀκτῖνα
3585 863 3720 932 δεχό-

2159 961 2342 1013 μενος,
2377 945 2565 1015 δρόσον
2587 945 2645 997 ἐν
2674 944 2916 1014 καύματι
2947 945 3300 1015 σταζόμενοςο
3339 945 3468 998 σκιά
3493 941 3558 1015 ἦν
3587 947 3721 1016 αὐτῷ

2156 1029 2189 1099 ή
2214 1028 2475 1099 ἐπιθυμία
2496 1029 2596 1099 τῆς
2619 1029 2921 1098 φιλοξενίας
2943 1045 2956 1059 ·
2988 1029 3220 1098 ἐκάθητο
3248 1028 3465 1099 τρυγῶν
3486 1028 3575 1082 τὸν
3601 1045 3721 1100 καρ-

2156 1111 2258 1164 πὸν
2294 1111 2392 1182 τῆς
2425 1112 2748 1180 φιλοξενίας,
2787 1111 3063 1166 καὶτοῦτο
3091 1112 3364 1177 πλούσιος.
3416 1113 3718 1183 Παράϐαλλέ

2158 1211 2247 1264 μοι
2302 1195 2427 1257 τοὺς
2465 1194 2757 1258 πλουσίους
2805 1197 2929 1260 τοὺς
2966 1194 3083 1251 νῦν.
3151 1197 3238 1250 Ἐν
3283 1196 3597 1266 μεσημϐρία
3628 1195 3719 1248 ποῦ

2156 1277 2449 1346 κάθηνται;
2483 1277 2569 1329 Ἐν
2589 1277 2665 1346 τῷ
2693 1277 2814 1350 ᾄδῃ.
2841 1278 2950 1332 Ποῦ
2980 1279 3245 1350 κάθηνται
3270 1295 3284 1342 ;
3316 1279 3404 1330 ’Ev
3430 1277 3504 1347 τῷ
3525 1278 3720 1348 θανάτῳ

2153 1359 2250 1426 τῆς
2277 1359 2466 1428 μέθης.
2490 1359 2599 1412 Ποῦ
2629 1359 2893 1430 κάθηνται
2913 1379 2928 1426 ;
2965 1363 3088 1414 Ἐπί
3109 1362 3206 1430 τῆς
3227 1361 3492 1429 δημοσίας
3512 1399 3526 1421 ,
3551 1362 3719 1428 ερριμ-

2156 1443 2327 1508 μένοι,
2363 1440 2669 1510 μεθύοντες.
2695 1444 3093 1513 πεπωρωμένοι
3125 1443 3222 1510 τὴν
3243 1443 3490 1513 καρδίαν,
3524 1443 3716 1510 ἀλόγων

2154 1522 2502 1594 ἀλογώτεροι.
2547 1524 2684 1576 Ἀλλ’
2710 1525 2807 1594 οὑχ
2831 1527 2858 1576 6
2897 1525 3101 1589 δίκαιος
3130 1525 3294 1578 οὑτω.

2227 1615 2288 1660 ε’.
2305 1607 2488 1670 Θέλεις
2510 1608 2954 1678 μιμήσασθαιτὸν
2977 1609 3256 1679 Ἀϐραάμς
3280 1607 3714 1678 Μίμησαιοῦτως,

2153 1690 2213 1741 οὑ
2245 1689 2458 1752 κωλύω,
2499 1691 2635 1743 ἀλλά
2681 1693 2774 1744 καὶ
2810 1691 3161 1761 συμϐουλεύω
3194 1704 3217 1732 ο
3243 1708 3256 1720 ·
3312 1691 3486 1744 καίτοι
3516 1691 3713 1760 μείζονα

2151 1773 2244 1826 τοῦ
2287 1773 2534 1844 Ἀϐραὰμ
2563 1775 2959 1844 ἀπαιτούμεθα.
3004 1775 3139 1828 Ἐὰν
3166 1776 3295 1847 γὰρ,
3332 1775 3482 1844 φησὶ,
3509 1774 3591 1843 μὴ
3619 1790 3710 1827 πε-

2143 1859 2448 1926 ρισσεύσῃ
2479 1858 2518 1924 ἡ
2547 1857 2900 1925 δικαιοσύνη
2927 1857 3092 1926 ὑμῶν
3113 1859 3306 1912 πλέον
3328 1858 3445 1910 τῶν
3474 1873 3710 1928 τραμμιιι

2151 1940 2302 1993 τέων
2358 1939 2458 1992 καὶ
2494 1941 2849 2009 Φαρισαίων,
2905 1943 3013 1994 οὐκ
3046 1943 3472 1994 είσελεύσεσθε
3503 1943 3586 2006 είς
3611 1939 3713 2006 τὴν

2145 2023 2472 2086 ,βασιλείαν
2492 2022 2607 2076 τῶν
2625 2023 2913 2092 οὐρανῶν.
2931 2025 3077 2088 Τέως
3097 2025 3149 2077 δὲ
3176 2026 3241 2078 σὺ
3261 2024 3360 2078 κᾶν
3377 2025 3465 2077 τὸν
3481 2022 3710 2094 Ἀϐραὰμ

2154 2105 2375 2172 φθάσον.
2408 2106 2518 2158 Kal
2546 2106 2597 2158 τί
2634 2101 2776 2175 εἶχεν
2798 2109 2826 2159 6
2869 2106 3152 2177 Ἀϐραάμ;
3204 2106 3480 2172 Φιλόξενος
3509 2103 3591 2178 ἦν,
3629 2105 3710 2158 καὶ

2152 2188 2374 2257 ἀνέστη,
2403 2187 2496 2239 καὶ
2523 2188 2947 2258 προσεκύνησεν,
2989 2189 3108 2242 οὑδέ
3133 2188 3290 2252 είδὼς
3321 2189 3463 2251 τίνες
3499 2184 3629 2259 ἦσαν
3666 2188 3708 2239 oi

2153 2273 2436 2340 παριόντες
2466 2270 2516 2325 ἀ.
2550 2266 2612 2323 El
2665 2272 2772 2340 γὰρ
2807 2273 2941 2342 ᾔδει,
2991 2272 3144 2325 οὐδὲν
3190 2272 3499 2342 θαυμαστὸν
3536 2271 3708 2332 ἐποίει,

2151 2354 2231 2405 ὅτι
2258 2353 2389 2406 Θεὸν
2421 2352 2787 2422 ἐθεράπευσεν
2814 2372 2826 2384 ·
2859 2355 2972 2406 ἀλλ’
3009 2356 3040 2424 ὴ
3065 2354 3257 2422 ἄγνοια
3295 2354 3401 2407 τῶν
3429 2368 3707 2425 παραγενο-

2154 2435 2327 2505 μένων
2384 2434 2602 2504 μείζονα
2658 2436 2821 2489 αὑτοῦ
2863 2436 3104 2490 δείκνυσι
3153 2439 3254 2507 τῆς
3291 2437 3582 2505 φιλοξενίας
3620 2436 3706 2506 τὴν

2151 2516 2478 2589 προθυμίαν.
2535 2519 2644 2572 Καὶ
2675 2519 2908 2590 ἐκάθητο
2939 2522 3032 2572 καὶ
3063 2520 3376 2590 ὑπεδέχετο.
3424 2522 3528 2573 Kal
3575 2521 3704 2585 πῶς;

2150 2600 2394 2670 Δαψιλῶς
2422 2617 2434 2632 ο
2469 2602 2666 2671 μόσχον
2697 2602 2873 2668 ἐθυσε,
2908 2604 3001 2656 καὶ
3044 2603 3200 2656 καλεῖ
3246 2606 3339 2658 καὶ
3367 2605 3462 2675 τὴν
3489 2604 3702 2674 Σάρραν,

2151 2685 2240 2736 καί
2263 2684 2516 2737 κοινωνὸν
2554 2687 2698 2737 ποιεῖ
2726 2685 2824 2754 τῆς
2861 2685 3164 2752 φιλοξενίας
3206 2688 3308 2757 τὴν
3352 2689 3594 2755 γυναῖκα,
3624 2685 3706 2737 καὶ

2150 2764 2249 2816 οὑκ
2276 2764 2333 2814 ἐν
2356 2762 2582 2833 θαλάμῳ
2600 2765 3001 2834 κρυπτομένην.
3033 2764 3148 2816 ἀλλ’
3179 2766 3285 2819 ὑπὸ
3314 2765 3410 2835 τὴν
3435 2764 3556 2834 δρῦν
3573 2765 3705 2832 ἐστηο

2149 2846 2324 2895 κυῖαν.
2351 2841 2500 2912 [512]
2545 2842 2607 2894 Ἡ
2638 2840 2745 2912 γὰρ
2771 2843 3017 2914 τράπεζα
3047 2843 3231 2914 ἐκείνη
3258 2844 3440 2896 λοιπὸν
3469 2839 3704 2912 διήνοιξεν

2149 2923 2317 2990 αὑτῆς
2349 2921 2447 2992 τὴν
2505 2923 2740 2992 μήτραν,
2773 2925 2865 2976 καὶ
2915 2923 3015 2994 τὴν
3068 2924 3318 2992 πήρωσιν
3367 2923 3465 2991 τῆς
3513 2921 3705 2990 φύσεως

2147 3000 2476 3071 διώρθωσεν.
2513 3001 2711 3054 Ἔθυσε
2765 3001 2983 3071 μόσχον,
3040 3001 3135 3055 καὶ
3181 3001 3340 3056 ἔλαϐε
3373 3001 3470 3053 τὸν
3500 2998 3698 3052 Ἰσαάκ·

2149 3078 2418 3149 ἐφύρασεν
2450 3077 2674 3150 ἄλευρα,
2711 3082 2804 3132 καὶ
2841 3078 2999 3132 έλαϐε
3032 3080 3091 3133 τὸ
3117 3079 3338 3151 σπέρμα
3367 3078 3528 3149 αὐτῆς
3566 3089 3616 3136 θ.
3639 3075 3703 3138 ὡς

2147 3156 2218 3209 τὰ
2247 3157 2422 3228 ἀστρα
2457 3156 2551 3210 τοῦ
2584 3157 2834 3229 ούρανοῦ,
2872 3158 2966 3210 καὶ
2989 3158 3064 3221 ὡς
3091 3158 3191 3230 τὴν
3229 3159 3453 3230 ψάμμον
3494 3157 3584 3225 τῆς
3621 3155 3702 3208 θα·-

2147 3235 2371 3305 λάσσης.
2406 3236 2564 3291 Ἀλλά
2589 3239 2802 3300 πάντως
2834 3239 2996 3308 ἐρεῖς·
3019 3238 3117 3298 Δὸς
3139 3237 3236 3291 καὶ
3259 3241 3282 3291 ἐ
3291 3240 3380 3309 μοὶ
3400 3238 3486 3289 τὸν
3513 3234 3700 3305 καρπὸν

2147 3317 2417 3370 τοσούτων
2455 3317 2692 3387 γνησίων
2729 3315 2749 3353 ί
2782 3317 2933 3371 υἱῶν.
2995 3318 3199 3378 Ἀθλιε,
3259 3320 3352 3372 καὶ
3397 3316 3699 3385 ταλαίπωρε,

2150 3397 2244 3448 καὶ
2276 3395 2644 3459 εὑτελέστατε,
2692 3396 2760 3450 τὰ
2789 3398 2845 3448 ἐν
2876 3399 2944 3467 τῇ
2981 3399 3051 3467 γῇ
3092 3397 3308 3467 ζητεῖςς
3351 3397 3450 3449 Τὸν
3497 3391 3699 3465 οὐρανόν

2152 3491 2234 3527 σοι
2264 3474 2478 3544 δίδωμι,
2511 3475 2607 3546 τὴν
2637 3478 2754 3545 μετ’
2779 3475 3025 3543 ἀγγέλων
3059 3477 3302 3546 χορείαν,
3329 3476 3424 3547 τὴν
3443 3475 3506 3528 δι’
3529 3472 3699 3534 αἰῶνος

2151 3555 2469 3618 ἀπόλαυσιν,
2513 3558 2607 3610 καὶ
2645 3556 2869 3609 θάνατον
2904 3556 3142 3626 φθαρτὸν
3180 3557 3398 3628 ζητεῖςς
3443 3555 3586 3623 Ζωήν
3628 3567 3697 3604 σοι

2149 3631 2340 3704 δίδωμι
2363 3633 2514 3697 τέλος
2537 3634 2636 3688 οὑκ
2668 3634 2914 3704 ἔχουσαν.
2948 3634 3224 3706 Μείζωνᾼή
3255 3633 3474 3706 ἀμοιϐὴ,
3524 3630 3700 3684 πλείων

2149 3713 2182 3782 ή
2212 3711 2497 3775 ἀντίδοσις.
2532 3713 2772 3784 Πρόσεχε
2799 3715 2917 3784 μετ’
2941 3704 3224 3783 ἀκριϐείας
3244 3714 3279 3766 ὃ
3302 3704 3458 3780 λέγω,
3491 3711 3568 3763 ἴνα
3599 3707 3712 3778 ἴδῃς-

2149 3790 2510 3862 ἀντιστροφὴν
2555 3793 2917 3861 πραγμάτων.
2973 3791 3099 3844 Ὅτε
3145 3792 3254 3862 γὰρ
3294 3791 3396 3844 ἔδει
3426 3786 3697 3859 φιλοξενίαν

2150 3871 2539 3937 ἐπιδείξασθαι,
2564 3875 2593 3926 6
2633 3871 2883 3944 Ἀϐραὰμ
2916 3873 2969 3926 τί
2999 3872 3143 3940 λέγει
3190 3873 3260 3942 τῇ
3297 3869 3506 3940 γυναικὶ
3550 3862 3695 3944 αὑτοῦ

2149 3949 2335 4020 Σάρρᾳ
2359 3965 2374 4013 ;
2399 3949 2698 4014 Σπεῦσον,
2721 3941 2819 4004 ita!
2838 3941 3114 4019 φύρασωρ
3132 3951 3269 4018 τρια
3288 3949 3467 4018 μέτρα
3483 3941 3695 4013 σεμιδά-

2148 4034 2318 4096 λεως.
2358 4031 2726 4086 Ἀκουέτωσαν
2757 4035 3014 4101 γυναῖκες
3042 4033 3150 4086 τῶν
3173 4031 3494 4102 λεγομένων.
3523 4024 3694 4081 Σπεῦ-

2149 4125 2283 4173 σον,
2314 4112 2414 4165 καί
2447 4111 2724 4180 φύρασον
2749 4113 2881 4180 τρία
2903 4112 3093 4181 μέτρα
3115 4110 3498 4180 σεμιδάλεως.
3525 4102 3692 4157 Κοινὸν

2150 4189 2259 4259 γὰρ
2281 4191 2413 4258 ἡμῖν
2438 4189 2498 4242 τὸ
2526 4190 2771 4262 θέατρον,
2823 4191 2916 4244 καὶ
2950 4191 3184 4262 ἑκατέρᾳ
3212 4193 3280 4262 τῇ
3313 4188 3463 4258 φύσει
3494 4185 3550 4238 τὸ
3569 4181 3690 4262 διδα-

2153 4265 2398 4320 σκαλεῖον
2429 4269 2455 4308 ⁸
2488 4259 2793 4338 πρόκειται.
2829 4259 3199 4323 Ἀκουέτωσαν
3223 4259 3472 4336 γυναῖκες
3498 4262 3595 4316 τῶν
3617 4259 3689 4310 λε-

2151 4346 2397 4415 γομένων
2417 4363 2430 4376 ·
2467 4347 2814 4401 ἀκουέτωσαν
2839 4349 2934 4402 καὶ
2957 4349 3167 4419 ἄνδρες,
3208 4349 3306 4402 καὶ
3332 4342 3686 4419 μιμείσθωῖαγο

2153 4425 2452 4488 Σπεῦσον,
2487 4427 2639 4496 φησὶ,
2669 4428 2766 4484 καὶ
2799 4415 3075 4497 φύρασοφὲ
3101 4427 3232 4495 τρία
3258 4415 3439 4496 μέτρα
3473 4415 3686 4490 σεμιδά-

2151 4509 2304 4570 λεως
2323 4522 2335 4534 '
2369 4507 2462 4560 καὶ
2493 4509 2654 4570 αὐτὸς
2692 4508 2927 4580 ἔδραμεν
2961 4510 3053 4562 ἐπὶ
3072 4509 3171 4578 τὴν
3200 4509 3399 4576 ἀγέλην
3425 4505 3525 4558 τῶν
3549 4497 3684 4580 βοῶν.

2153 4583 2480 4656 Μερίζονται
2504 4585 2594 4638 τὸν
2625 4578 2806 4652 πόνον,
2833 4578 2918 4641 ίνα
2943 4589 3272 4659 μερίσωνται
3291 4585 3382 4638 καὶ
3406 4583 3490 4635 τὸν
3517 4578 3688 4659 στέφαο

2154 4655 2264 4718 νον.
2298 4662 2550 4718 Κοινάτά
2578 4663 2672 4718 τοῦ
2699 4665 2876 4736 γάμου
2893 4683 2907 4696 ·
2940 4655 3078 4719 ἔστω
3103 4664 3255 4717 κοινά
3281 4664 3369 4717 καὶ
3393 4661 3457 4712 τὰ
3477 4659 3567 4728 τῆς
3585 4655 3688 4736 695-

2152 4743 2272 4813 τῆς.
2307 4743 2506 4813 Βοηθὸν
2528 4760 2587 4796 σε
2616 4733 2805 4798 ἔλαϐον
2829 4762 2843 4776 ο
2869 4744 3023 4813 γενοῦ
3061 4761 3150 4814 μοι
3185 4743 3372 4813 βοηθὸς
3408 4740 3494 4792 καὶ
3520 4737 3571 4787 ἐν
3591 4733 3683 4814 τοῖς

2155 4812 2504 4894 ὑψηλοτέροις
2530 4823 2852 4894 πράγμασι·
2882 4812 3155 4888 σπεῦσον,
3189 4812 3434 4875 σπεῦσον.
3475 4812 3684 4894 Ἐπείγει

2153 4903 2250 4972 τὴν
2287 4892 2537 4969 γυναῖκα,
2567 4892 2660 4954 καὶ
2689 4892 2779 4955 ἵνα
2817 4902 2889 4972 μὴ
2914 4904 2946 4972 ή
2981 4903 3233 4972 μέλλησις
3257 4903 3333 4963 είς
3365 4895 3579 4966 ἀθυμίαν
3603 4892 3684 4972 ἐμο

2155 4965 2324 5052 ϐάλλη
2348 4980 2469 5042 τοὺς
2491 4981 2516 5017 h
2552 4979 2730 5043 ξένους
2751 4996 2764 5009 ·
2793 4965 3092 5044 Σπεῦσον,
3134 4965 3231 5032 καί
3275 4965 3534 5047 φύρασον
3575 4965 3684 5034 τρία

2216 5107 2254 5180 b'
2272 5105 2514 5184 Duoﬁm‘ss.
2539 5108 2566 5154 ὀ
2586 5107 2800 5184 ἔμπρρος.
2827 5107 3014 5175 Ibidem
3036 5121 3162 5158 unus
3186 5107 3350 5169 μήπως
3370 5097 3637 5156 ἀπονυστάζη
3660 5094 3682 5140 δ

2155 5167 2355 5232 οἰκέτης,
2379 5168 2458 5214 καὶ
2477 5163 2776 5243 παραδράμῃ.
2869 5163 2874 5175 ’

2223 5231 2243 5243 η
2269 5231 2296 5243 ι*
2337 5226 2396 5243 -.ΖΙ
2459 5228 2527 5243 9“
2658 5233 2668 5243 ι
2696 5233 2721 5243 Ιι
2764 5231 2798 5243 7‘

2222 5231 2243 5292 εξ
2268 5226 2417 5292 δίψη.
2451 5226 2572 5276 ἀλλὰ
2593 5226 2671 5292 καί
2696 5226 2941 5292 βούλομαι.

2218 5289 2244 5328 ἀ
2272 5290 2414 5354 Αίίμε
2433 5292 2478 5354 οἱ
2498 5289 2739 5354 παρόντες.

2223 5364 2246 5390 θ
2267 5351 2366 5400 Alii
2393 5350 2560 5398 αὑτοῦ.

2221 5413 2240 5449 ί
2299 5413 2451 5476 Sgn‘il.
2471 5414 2550 5459 τὸν
2571 5415 2748 5476 καρπὸν
2771 5413 2983 5463 τοιοῦτον
3004 5415 3211 5476 γνήσιον.

2220 5473 2782 5538 εΑΙίἱτὸδικαστῆριον.
3015 5473 3025 5476 ’
3125 5537 3131 5538 γ
3201 5535 3211 5538 _
3288 5535 3300 5538 _
3339 5534 3352 5538 Α
3423 5527 3434 5538 ,
3530 5517 3637 5538 ,ω

2218 5538 2246 5574 h
2270 5521 2510 5599 -Ῐυναῐκα,
2557 5521 3020 5599 ἵναἹῑιήἿάμελήσῃ,
3059 5537 3138 5584 καὶ
3176 5535 3238 5590 εἰς
3280 5527 3486 5596 ρᾳθυμίαν

2159 5600 2280 5654 τούς-
2296 5596 2375 5647 Sic
2401 5587 2541 5656 unu'S,
2566 5602 2649 5659 Qui
2677 5587 2828 5649 ζωοί
2851 5587 3045 5649 ἱιιΙῖἀἹή
3065 5587 3413 5647 οοιιειιίυέιίοηε
3437 5587 3674 5635 verborum,

2162 5673 2257 5708 non
2283 5675 2329 5709 ιη
2357 5675 2427 5710 ΓΟ.
