4074 6278
374 240 483 297 5οὕ

367 365 503 409 stras
532 352 747 424 (Matth.
777 353 828 409 at.
864 349 971 422 il).
1017 349 1131 406 Non
1175 348 1405 405 abscedo
1448 349 1544 404 abs
1594 356 1666 414 te,
1713 347 1807 403 sed
1864 347 1956 403 tibi

369 445 613 501 medeor.
659 443 916 499 Dominus
944 452 1127 497 noster
1163 441 1448 496 crucifixus
1485 446 1587 505 est,
1615 446 1670 494 et
1703 437 1911 494 dicebat
1942 455 1956 491 :

373 534 549 600 Pater,
577 533 781 606 ignaue
799 534 922 599 illis,
946 534 1064 604 quia
1088 533 1313 588 nesciunt
1331 531 1453 602 quid
1474 530 1665 601 faciunt
1690 528 1838 602 (Luc.
1865 528 1956 584 25.

367 626 484 695 54).
516 624 653 679 Num
684 633 735 680 te
763 623 1093 694 persequor?
1136 622 1376 678 Morbum
1419 629 1565 675 tuum
1615 620 1772 690 pello.
1820 619 1959 675 Num

370 728 547 773 tecum
590 716 798 788 pugno?
837 718 968 772 Cum
997 717 1124 772 vitio
1153 726 1297 771 certe
1326 724 1436 771 tuo.
1466 719 1656 770 Annon
1685 730 1768 771 me
1793 715 1960 771 bene-

366 812 528 866 ficum
555 811 743 866 ducis?
770 825 946 865 annon
970 809 1308 865 curatorem?
1336 823 1510 863 annon
1540 817 1817 878 patronum
1851 826 1959 881 pra:

367 904 489 956 aliis
510 902 795 957 omnibus?
823 902 952 970 Quis
981 901 1119 955 alius
1151 909 1203 956 te
1233 899 1315 955 his
1344 900 1411 954 de
1438 900 1597 955 rebus
1624 900 1958 970 alloquetur?

366 995 508 1050 Num
537 994 915 1066 magistratus?
942 994 1085 1049 Nihil
1112 993 1285 1049 simile
1303 993 1566 1064 loquetur,
1593 992 1687 1047 sed
1706 992 1775 1049 de
1803 1008 1958 1048 accu-

367 1088 665 1144 sationibus
693 1098 743 1143 et
773 1086 840 1143 de
869 1086 1092 1142 crimine
1117 1093 1259 1157 aget.
1302 1085 1436 1139 Num
1486 1084 1656 1139 uxor?
1699 1084 1773 1140 De
1801 1099 1956 1138 orna-

367 1182 564 1236 mentis
593 1190 798 1236 tantum
838 1191 892 1235 et
928 1178 995 1235 de
1024 1194 1154 1234 auro
1181 1180 1443 1249 loquetur.
1489 1177 1624 1232 Nutu
1671 1177 1848 1231 filius?
1882 1178 1957 1234 De

369 1274 684 1338 hereditate,
708 1273 775 1329 de
796 1281 1133 1338 testamento,
1168 1271 1234 1326 de
1254 1278 1398 1326 sorte
1420 1270 1576 1326 dicet.
1610 1270 1745 1325 Num
1768 1270 1955 1326 dome-

364 1364 572 1421 sticus?
603 1363 650 1418 Is
678 1363 745 1418 de
767 1363 1081 1429 ministerio,
1110 1361 1177 1417 de
1206 1360 1478 1426 servitute,
1497 1359 1563 1415 de
1587 1360 1849 1416 libertate.
1874 1361 1955 1415 An

366 1457 624 1528 parasiti?
653 1456 731 1511 Illi
756 1455 823 1510 de
850 1455 1127 1521 conviviis,
1155 1452 1222 1509 de
1248 1452 1417 1509 etenis
1438 1494 1452 1519 ,
1483 1452 1552 1509 de
1582 1452 1840 1522 prandiis.
1871 1451 1954 1505 An

365 1549 402 1602 ii
426 1548 515 1619 qui
545 1549 594 1601 in
625 1546 866 1602 theatro?
891 1544 973 1600 illi
998 1545 1065 1600 de
1092 1545 1199 1600 risu
1231 1543 1403 1613 turpi,
1432 1542 1500 1598 de
1525 1542 1953 1612 concupiscentia

362 1641 574 1696 eﬂreni.
599 1644 679 1695 Au
711 1641 755 1695 is
781 1640 868 1711 qui
898 1639 950 1693 in
980 1637 1133 1693 foro?
1157 1637 1249 1693 IlIe
1277 1637 1345 1692 de
1367 1635 1715 1702 testamentis,
1748 1634 1815 1690 de
1845 1634 1953 1690 hae-

361 1735 614 1800 reditate,
638 1734 705 1788 de
731 1733 991 1798 libertate,
1024 1733 1075 1786 in
1099 1732 1249 1802 queis
1268 1729 1359 1786 ille
1376 1738 1635 1784 versatur.
1662 1727 1813 1784 Unde
1841 1729 1954 1782 haec

359 1828 551 1881 audias
570 1867 586 1893 ,
624 1827 725 1881 nisi
771 1842 801 1880 a
840 1827 968 1882 me?
1005 1824 1204 1880 Omnes
1234 1832 1286 1879 te
1315 1830 1586 1889 metuunt,
1618 1836 1716 1892 ego
1743 1836 1870 1877 vero
1901 1830 1953 1875 te

360 1931 687 1987 contemno;
718 1920 888 1977 donec
915 1920 1034 1975 talis
1059 1919 1247 1987 fueris,
1278 1929 1327 1974 te
1356 1927 1660 1986 contemno,
1693 1926 1744 1973 te
1771 1918 1948 1988 despi-

360 2014 470 2081 cio,
500 2014 745 2069 morbum
777 2022 921 2068 tuum
950 2023 1256 2068 contemno.
1286 2013 1394 2083 Ego
1421 2026 1545 2067 seco
1568 2052 1584 2080 ,
1619 2021 1672 2064 tu
1702 2011 1900 2065 clamas
1936 2028 1950 2066 :

358 2107 458 2163 sed
489 2123 597 2162 non
627 2107 787 2163 timeo
813 2121 996 2163 vocem
1024 2116 1187 2173 tuam,
1216 2115 1343 2176 opto
1366 2104 1591 2161 salutem
1621 2114 1762 2159 tuam
1796 2121 1809 2158 :
1837 2119 1951 2161 me-

358 2201 511 2256 dicus
536 2201 680 2256 enim
710 2214 850 2256 sum.
890 2198 945 2256 Si
972 2199 1125 2255 ulcus
1159 2197 1364 2253 habens
1390 2198 1657 2253 medicum
1686 2212 1906 2253 vocares
1927 2238 1943 2265 ,

357 2296 678 2366 videresque
724 2292 929 2350 ferrum
978 2308 1209 2358 acuere,
1268 2307 1447 2346 annon
1497 2291 1743 2358 diceres,
1793 2290 1945 2358 Seca,

357 2388 571 2445 etiamsi
599 2386 806 2442 doleam
832 2426 846 2452 ,
876 2400 941 2441 eo
966 2384 1106 2456 quod
1136 2400 1202 2439 ex
1235 2374 1471 2439 sectione
1498 2383 1722 2438 salutem
1752 2397 1949 2452 exspe-

354 2477 567 2536 ctares?
596 2493 683 2533 me
710 2487 886 2533 autem
916 2475 1053 2547 fugis
1073 2515 1091 2544 ,
1118 2490 1223 2531 non
1253 2483 1522 2530 secantem
1542 2516 1558 2544 ,
1580 2474 1675 2529 sed
1700 2488 1950 2530 sermone

354 2573 593 2627 animam
621 2582 763 2627 tuam
791 2579 1121 2642 purgantem.
1167 2568 1327 2639 Atqui
1357 2567 1594 2623 medicus
1629 2566 1756 2637 quid
1788 2566 1948 2621 facit?

355 2664 517 2720 Secat
544 2677 715 2731 saepe,
745 2670 799 2716 et
826 2661 978 2716 ulcus
1000 2658 1234 2714 deterius
1260 2658 1384 2713 facit
1412 2675 1426 2712 :
1454 2671 1553 2728 ego
1580 2656 1814 2713 deterius
1841 2672 1946 2711 non

354 2755 515 2820 facio,
545 2754 638 2810 sed
669 2753 878 2810 melius.
922 2751 1033 2808 Illic
1071 2751 1212 2806 enim
1254 2757 1439 2806 natura
1480 2756 1562 2805 est
1603 2748 1866 2804 imbecilla
1894 2757 1949 2804 et

355 2859 573 2915 nutans,
605 2848 1068 2918 remediorumque
1094 2844 1370 2912 debilitas;
1404 2843 1492 2899 hic
1519 2852 1696 2900 autem
1722 2843 1801 2899 vis
1828 2857 1944 2898 ser-

358 2944 554 2999 monis.
599 2941 833 2998 Medicus
865 2940 954 2996 tibi
982 2940 1206 2994 salutem
1238 2952 1341 2993 non
1369 2936 1651 3009 pollicetur
1673 2977 1689 3004 ,
1720 2950 1822 3006 ego
1848 2935 1941 2990 tibi

358 3037 584 3092 salutem
627 3035 879 3106 polliceor
909 3050 923 3088 :
949 3030 1072 3087 audi
1113 3045 1217 3085 me.
1264 3028 1389 3084 Ideo
1432 3026 1732 3098 unigenitus
1780 3025 1945 3081 Filius

354 3130 454 3186 Dei
478 3128 767 3191 descendit,
792 3135 848 3181 ut
875 3139 972 3181 nos
1001 3124 1299 3189 reduceret,
1321 3127 1377 3177 et
1398 3120 1542 3176 caelis
1564 3120 1579 3150 ¹
1610 3118 1737 3189 ipsis
1766 3117 1946 3173 excel-

351 3222 527 3279 siores
550 3218 918 3276 constitueret.

430 3311 700 3367 Peccatum
728 3325 885 3363 unum
927 3306 1224 3362 timendum.
1257 3302 1473 3358 Abrahae
1510 3300 1847 3372 hospitalitas.
1873 3329 1944 3341 —-

352 3404 534 3463 Unum
578 3401 750 3458 solum
800 3400 1002 3465 timeo,
1051 3405 1327 3469 peccatum
1371 3411 1385 3448 :
1437 3400 1627 3448 caetera
1679 3391 1943 3447 facessant

348 3496 571 3563 omnia,
613 3493 831 3560 divitiae,
877 3500 1197 3563 paupertas,
1240 3486 1494 3557 potentia,
1524 3485 1732 3556 quidvis
1771 3484 1936 3540 aliud.

348 3588 480 3644 Haec
525 3586 668 3652 dico,
709 3599 808 3640 nec
856 3583 1016 3638 finem
1068 3578 1281 3637 dicendi
1320 3578 1507 3633 faciam
1539 3595 1552 3631 :
1584 3591 1756 3647 neque
1796 3576 1937 3631 enim

347 3693 672 3752 quemquam
695 3675 868 3749 gregis
892 3674 997 3731 mei
1028 3673 1204 3744 perire
1220 3671 1358 3725 volo.
1383 3669 1516 3740 Quid
1546 3673 1711 3740 ergo?
1741 3676 1940 3739 potest-

346 3788 420 3829 ne
444 3771 561 3828 ﬁeri
587 3779 644 3827 ut
665 3769 816 3826 dives
843 3767 1070 3824 salutem
1099 3761 1492 3836 consequatur?
1535 3760 1674 3818 Sane
1698 3761 1936 3833 quidem.

347 3866 451 3924 Job
476 3866 627 3920 dives
651 3872 787 3928 erat,
813 3861 1080 3918 Abraham
1109 3857 1260 3915 dives
1285 3865 1416 3913 erat.
1449 3855 1637 3911 Vidisti
1660 3856 1776 3925 ejus
1800 3855 1940 3911 divi-

347 3957 497 4014 tias?
522 3954 657 4012 Vide
686 3953 1119 4026 hospitalitatem.
1143 3948 1333 4006 Vidisti
1359 3962 1600 4003 mensam
1626 3947 1779 4017 ejus?
1804 3942 1939 4001 Vide

346 4049 752 4121 benignitatem.
783 4045 920 4115 Quid
946 4059 1073 4115 ergo
1100 4040 1408 4098 Abraham?
1443 4040 1602 4096 Dives
1638 4048 1772 4096 erat.
1800 4039 1934 4094 Num

350 4155 526 4200 tecum
549 4138 837 4198 contendi?
877 4136 1105 4193 Divesne
1145 4143 1262 4192 erat
1298 4133 1601 4190 Abraham?
1630 4132 1763 4199 Iino,
1789 4131 1939 4187 dives

346 4242 486 4291 erat.
514 4232 706 4291 Vidisti
733 4232 849 4303 ejus
872 4227 1125 4286 divitias?
1169 4226 1302 4283 Vide
1326 4225 1441 4296 ejus
1466 4223 1586 4280 vita:
1615 4224 1935 4279 institutum.

346 4324 570 4382 Meridie
606 4321 850 4394 apparuit
888 4320 939 4376 ei
975 4319 1230 4374 Dominus
1250 4317 1399 4389 juxta
1424 4329 1677 4387 quercum
1703 4314 1937 4371 Mambre

345 4416 579 4489 sedenti.
611 4414 679 4470 Et
707 4427 833 4470 ecce
862 4421 969 4468 tres
998 4412 1116 4466 viri.
1160 4411 1224 4464 Et
1251 4423 1473 4481 surgens
1502 4408 1630 4479 (non
1659 4408 1801 4463 enim
1833 4423 1936 4478 pu-

348 4512 501 4567 tabat
544 4509 712 4564 Deum
752 4520 873 4562 esse
910 4518 1054 4571 eum,
1092 4503 1183 4574 qui
1224 4516 1463 4574 praesens
1505 4509 1638 4567 erat,
1670 4499 1937 4571 quomodo

348 4598 547 4671 enim?)
597 4596 856 4663 adoravit,
904 4604 957 4651 et
988 4593 1122 4650 dixit
1155 4609 1169 4647 :
1202 4592 1256 4648 Si
1290 4591 1538 4664 iudicatis
1568 4607 1654 4646 me
1695 4590 1935 4661 dignum,

349 4704 408 4750 ut
457 4690 829 4764 ingrediamini
874 4690 926 4745 in
976 4686 1372 4743 tabernaculum
1422 4684 1648 4739 trabium
1695 4698 1937 4739 mearum

345 4785 503 4859 (Gen.
535 4785 621 4842 18.
648 4784 820 4856 1.-5).
860 4781 1015 4837 Vides
1043 4778 1169 4850 quid
1195 4778 1249 4834 in
1280 4775 1500 4832 meridie
1520 4774 1721 4831 faceret
1739 4774 1939 4830 senex?

340 4879 465 4935 Non
504 4876 606 4935 sub
652 4884 792 4932 tecto
838 4873 1080 4938 sedebat,
1123 4869 1220 4925 sed
1260 4866 1571 4938 peregrinos
1608 4873 1664 4920 et
1705 4866 1939 4920 viatores

344 4985 574 5044 prorsus
604 4970 813 5041 ignotos
839 4963 1200 5038 pcrtrahebat,
1231 4969 1285 5015 et
1320 4973 1545 5029 surgens
1578 4956 1818 5012 adoravit
1852 4955 1937 5011 di-

340 5081 441 5123 ves
470 5075 527 5122 et
553 5062 767 5120 nobilis.
799 5060 898 5129 Qui
947 5055 1185 5128 pecuniis
1221 5052 1492 5117 affluebat,
1531 5051 1714 5105 relicta
1752 5048 1934 5114 domo,

343 5173 550 5226 uxore,
580 5154 792 5226 pueris,
818 5149 1156 5213 domesticis,
1184 5160 1318 5216 quos
1347 5151 1614 5198 trecentos
1641 5140 1935 5197 octodecim

346 5251 605 5317 habebat,
635 5248 738 5304 illis
763 5244 1009 5301 onmibns
1036 5241 1254 5307 relictis,
1279 5236 1407 5294 exiit
1429 5236 1759 5307 piscaturms;
1787 5249 1937 5305 sage-

346 5361 472 5401 nam
505 5338 882 5412 hospitalitatis
907 5333 1178 5406 expandit,
1207 5349 1274 5387 ne
1298 5330 1467 5385 viator
1486 5370 1505 5396 ,
1532 5342 1599 5384 ne
1626 5326 1935 5399 peregrinus

345 5438 568 5493 domum
599 5432 915 5506 praeteriret.
940 5428 1073 5483 Vide
1098 5426 1220 5497 quid
1247 5424 1401 5479 faciat
1431 5437 1616 5477 senex.
1645 5420 1760 5476 Non
1797 5435 1935 5490 pra:-

345 5532 480 5603 cipit
505 5528 726 5592 facitulo,
750 5539 883 5596 quos
906 5527 1169 5577 trecentos
1193 5516 1484 5573 octodecim
1512 5515 1767 5579 habebat;
1799 5511 1934 5567 scic-

414 5712 434 5745 ί
470 5717 572 5760 nuo
594 5714 723 5769 Mss,
741 5716 847 5767 pro,
874 5662 1023 5758 (telis,
1052 5698 1254 5759 habent,
1276 5695 1417 5748 rebus
1440 5690 1675 5745 humanis.

1682 234 1746 290 IN
1784 234 2103 291 I‘S.\L.\IUM
2143 237 2373 295 XLVIII.
3555 249 3658 306 500

2073 348 2163 405 bat
2199 354 2340 408 enim
2378 368 2546 424 genus
2586 351 2906 411 famulorum
2949 359 3219 430 negligens
3257 376 3408 427 esse;
3453 377 3521 417 ne
3557 368 3656 417 ob-

2068 442 2416 501 dormisceret
2442 444 2693 515 famulus,
2718 456 2772 503 et
2794 450 3104 521 peregrinus
3128 454 3445 523 praeteriret,
3475 454 3656 526 sicque

2067 537 2181 606 ipse
2207 539 2441 608 praedam
2472 540 2759 598 amitteret.
2800 542 2881 598 En
2909 543 3291 612 Abrahamnm,
3319 561 3385 601 en
3415 546 3656 602 divitem.

2068 629 2147 682 An
2189 629 2422 701 dignaris
2464 640 2519 687 tu
2561 648 2847 703 pauperem
2909 634 2993 689 vel
3022 635 3324 705 respicere?
3347 652 3415 692 an
3444 638 3541 708 ipsi
3573 656 3657 693 re-

2065 719 2367 789 spondere?
2391 737 2459 776 an
2491 723 2663 793 ipsum
2689 723 2921 794 alloqui?
2947 725 3100 794 Quod
3133 728 3178 782 si
3212 727 3497 798 aliquando
3523 729 3617 783 des
3634 771 3655 796 ,

2063 821 2213 868 certe
2241 828 2339 882 per
2358 810 2638 871 famulum.
2668 816 2737 872 At
2778 832 2884 873 non
2912 818 2981 873 ita
3011 818 3091 873 vir
3109 818 3284 890 justus
3313 837 3325 874 :
3358 819 3453 876 sed
3496 820 3654 876 sede-

2064 904 2170 969 bat,
2196 903 2443 961 ardentes
2463 908 2639 964 radios
2666 909 2956 979 excipiens,
2981 925 3105 966 rore
3130 911 3182 965 in
3210 920 3342 966 testu
3372 913 3650 982 perfusus;

2065 995 2252 1051 umbra
2296 996 2395 1068 ipsi
2439 1009 2551 1053 erat
2597 999 2919 1056 desiderium
2966 1002 3377 1073 hOSpilaIiIaliS;
3433 1002 3654 1060 sedebat

2062 1088 2289 1144 fructum
2337 1090 2715 1161 hospitalitatis
2759 1093 3090 1165 decerpens,
3141 1097 3299 1166 idque
3342 1094 3493 1152 dives
3526 1113 3649 1152 cum

2061 1190 2222 1236 esset.
2254 1181 2384 1238 Huic
2414 1183 2543 1238 mihi
2569 1184 2754 1241 confer
2781 1187 3066 1242 hodiernos
3087 1187 3294 1242 divites.
3337 1188 3392 1243 In
3429 1190 3652 1247 meridie

2062 1272 2149 1327 ubi
2177 1274 2404 1330 sedent?
2433 1276 2489 1329 In
2522 1276 2725 1332 inferis.
2757 1276 2856 1333 Ubi
2880 1279 3106 1333 sedent?
3143 1280 3203 1335 In
3252 1289 3430 1336 morte
3467 1280 3649 1336 ebrie-

2062 1369 2205 1422 tatis.
2250 1366 2349 1423 Ubi
2389 1370 2614 1424 sedent?
2661 1371 2718 1425 In
2763 1370 2990 1440 publico,
3025 1370 3277 1441 projecti,
3308 1372 3460 1438 ebrii,
3487 1374 3651 1428 conlo

2060 1462 2343 1529 occascati,
2382 1462 2550 1518 brutis
2587 1463 2926 1534 stupidiores.
2971 1463 3075 1519 Sed
3110 1480 3211 1518 non
3242 1464 3310 1519 ita
3331 1463 3509 1536 justus
3535 1465 3654 1520 ille.

2131 1554 2185 1608 5.
2217 1553 2308 1609 Vis
2337 1555 2531 1610 imitari
2565 1556 2959 1610 Abrahamum?
2986 1556 3073 1612 Sic
3100 1556 3328 1625 imitare,
3349 1573 3453 1613 non
3477 1558 3648 1628 impe-

2057 1644 2168 1711 dio,
2192 1645 2299 1702 imo
2324 1647 2521 1703 suadeo
2540 1648 2556 1679 ¹
2587 1665 2600 1701 :
2633 1649 2841 1703 etiamsi
2871 1648 3069 1719 majora
3096 1664 3125 1703 a
3156 1648 3310 1703 nobis
3330 1650 3608 1719 exigantur
3627 1690 3642 1716 ,

2058 1753 2218 1808 quam
2245 1739 2314 1794 ab
2356 1739 2681 1794 Abrahamo.
2717 1738 2838 1794 Nisi
2874 1740 3015 1794 enim
3044 1739 3402 1806 abundaverit,
3438 1738 3642 1811 inquit,

2057 1830 2255 1897 iustitia
2295 1839 2457 1884 vestra
2504 1831 2619 1901 plus
2658 1847 2809 1902 quam
2849 1830 3127 1885 scribarum
3153 1843 3199 1886 et
3227 1831 3643 1900 Pharisaeorum,

2057 1939 2157 1977 non
2182 1921 2430 1977 iatrabitis
2448 1923 2502 1977 in
2528 1936 2736 1995 regnum
2762 1922 2998 1977 caalorum
3025 1922 3235 1998 (Matth.
3257 1926 3309 1980 5.
3333 1925 3445 1996 20}.
3478 1923 3646 1980 Inter-

2055 2029 2117 2070 ea
2151 2024 2205 2070 tu
2232 2016 2419 2070 saltem
2443 2015 2804 2070 Abrahamum
2831 2030 3138 2085 assequere.
3169 2016 3310 2083 Quid
3336 2016 3520 2071 habuit
3546 2017 3646 2072 Ab»

2054 2106 2279 2162 rallam?
2322 2107 2606 2178 Ilospitalis
2651 2117 2787 2174 erat,
2833 2109 3087 2175 surrexit,
3129 2118 3183 2163 et
3223 2108 3485 2177 adoravit,
3522 2125 3642 2165 cum

2054 2199 2326 2270 ignoraret
2362 2202 2578 2271 quinam
2618 2209 2799 2256 essent
2839 2201 2927 2271 qui
2974 2203 3366 2271 praeterirent”.
3419 2201 3474 2258 Si
3502 2204 3644 2258 enim

2054 2290 2297 2345 scivisset
2319 2332 2335 2359 ,
2364 2288 2497 2346 nihil
2518 2290 2889 2347 admirandum
2920 2290 3166 2357 fecisset,
3197 2292 3318 2363 quia
3353 2294 3514 2348 Deum
3547 2309 3642 2348 co-

2054 2380 2277 2447 luisset;
2316 2376 2502 2436 verum
2544 2382 2807 2454 ignoratio
2849 2397 3035 2437 eorum
3076 2384 3164 2454 qui
3196 2383 3440 2450 aderant,
3469 2386 3643 2456 majus

2052 2471 2168 2543 ejus
2195 2471 2570 2542 hospitalitatis
2597 2473 2832 2528 studium
2859 2473 3114 2529 declarat.
3147 2473 3382 2531 Sedebat
3404 2487 3458 2530 et
3487 2492 3642 2531 exce-

2053 2564 2147 2633 pit.
2175 2564 2491 2632 Quomodo?
2515 2564 2831 2621 Liberaliter
2859 2582 2873 2621 :
2907 2564 3130 2621 vitulum
3157 2567 3427 2634 mactavit,
3456 2566 3640 2624 Saram

2051 2660 2274 2723 vocavit,
2305 2674 2524 2715 uxorem
2554 2659 2927 2730 hospitalitatis
2947 2669 3251 2716 consortem
3277 2660 3405 2717 fecit
3424 2703 3438 2723 ,
3464 2678 3641 2733 neque

2050 2766 2168 2807 eam
2196 2749 2249 2805 in
2279 2751 2520 2806 cubiculo
2546 2751 2831 2820 latentem,
2868 2751 2965 2807 sed
3008 2751 3108 2807 sub
3145 2768 3345 2825 quercu
3386 2762 3641 2809 stantem.

2050 2843 2143 2899 Illa
2170 2844 2312 2900 enim
2338 2859 2520 2900 mensa
2547 2843 2762 2901 demum
2789 2844 3000 2915 aperuit
3020 2846 3232 2901 vulvam
3255 2847 3389 2916 ejus,
3418 2858 3639 2903 naturze~

2048 2952 2152 3007 que
2173 2937 2506 2992 sterilitatem
2532 2936 2786 2993 correxit.
2818 2935 3069 2992 Mactavit
3096 2937 3338 3005 vitulum,
3361 2946 3415 2993 et
3433 2939 3640 3006 accepit

2048 3029 2195 3085 Isaac
2216 3049 2229 3086 :
2252 3029 2474 3085 farinam
2503 3032 2822 3101 conspersit,
2846 3039 2899 3086 et
2928 3046 3110 3086 semen
3138 3033 3346 3102 accepit
3372 3042 3431 3086 ut
3457 3032 3638 3088 stellas

2047 3126 2162 3180 caeli
2203 3133 2259 3181 et
2297 3140 2517 3180 arenam
2546 3126 2730 3180 maris.
2758 3124 2957 3181 Verum
2992 3125 3151 3195 plane
3180 3125 3325 3182 dices
3358 3142 3372 3179 :
3401 3126 3474 3180 Da
3507 3124 3637 3180 mihi

2046 3232 2257 3289 quoque
2301 3216 2528 3273 fructum
2569 3225 2647 3272 tot
2687 3217 3039 3289 genuinorum
3087 3218 3316 3273 ﬁliorum
3335 3217 3376 3272 ⁸.
3418 3217 3635 3283 Infelix,

2046 3310 2210 3365 miser
2232 3352 2248 3378 ,
2277 3319 2331 3365 et
2361 3309 2618 3365 vilissime
2637 3349 2653 3377 ,
2684 3318 2895 3365 terrena
2925 3309 3156 3381 quatris?
3195 3306 3393 3365 Czelum
3423 3309 3515 3364 tibi
3542 3309 3634 3374 do,

2045 3401 2351 3472 angelorum
2380 3401 2712 3467 societatem,
2739 3410 2996 3456 atternam
3027 3400 3372 3471 voluptatem,
3403 3409 3458 3456 et
3486 3417 3632 3455 mor-

2045 3502 2153 3548 tem
2200 3495 2702 3566 corruptionemque
2727 3495 2957 3566 qumrisl
3001 3494 3177 3550 Vitam
3220 3494 3314 3549 tibi
3355 3494 3424 3550 do
3470 3494 3631 3550 linem

2044 3601 2150 3641 non
2194 3585 2497 3642 habentem.
2544 3585 2712 3656 Major
2751 3594 2834 3642 est
2869 3585 3252 3651 remuneratio,
3282 3584 3453 3657 major
3477 3585 3635 3640 retri-

2044 3677 2210 3733 butio.
2241 3677 2492 3734 Studiose
2519 3677 2736 3733 attende
2761 3676 2919 3733 dictis
2947 3677 3102 3741 meis,
3127 3686 3184 3732 ut
3205 3692 3382 3732 rerum
3404 3690 3635 3731 conver-

2043 3770 2246 3825 sionem
2294 3770 2497 3825 videas.
2550 3769 2683 3824 Cum
2738 3768 2881 3824 enim
2928 3776 3199 3839 oporteret
3239 3768 3636 3839 hospitalitatis

2042 3861 2276 3919 studium
2321 3860 2622 3927 declarare,
2659 3859 2786 3930 quid
2831 3858 2958 3914 dicit
3002 3856 3270 3914 Abraham
3315 3856 3466 3911 uxori
3520 3871 3631 3911 suae

2041 3952 2219 4009 Sorte?
2242 3951 2473 4018 Festina,
2495 3950 2686 4022 inquit,
2704 3959 2750 4005 et
2765 3950 3032 4006 commisce
3051 3956 3150 4002 tres
3167 3963 3430 4001 mensuras
3451 3946 3634 3999 simila:

2044 4046 2197 4121 (Gen.
2227 4046 2318 4102 18.
2348 4046 2426 4118 6).
2457 4044 2583 4100 11ωο
2611 4043 2829 4099 audiant
2854 4042 3127 4107 mulieres,
3157 4038 3389 4106 Festina,
3421 4048 3467 4091 et
3496 4054 3632 4093 com-

2041 4139 2194 4193 misce
2237 4146 2335 4192 tres
2371 4152 2632 4191 mensuras
2666 4134 2865 4190 similae.
2908 4132 3205 4189 Commune
3246 4132 3439 4201 quippe
3477 4129 3633 4184 nobis

2043 4230 2328 4294 theatrum,
2352 4235 2408 4283 et
2429 4226 2641 4297 utrique
2663 4225 2813 4281 sexui
2834 4222 3196 4294 magisterium
3222 4221 3442 4277 oll‘ertur
3461 4219 3502 4275 ‘.
3522 4223 3633 4274 Au-

2042 4322 2189 4379 diant
2224 4320 2474 4378 mulieres
2501 4320 2553 4375 id
2579 4318 2720 4390 quod
2745 4318 2942 4374 dicitur
2970 4315 3225 4373 :audiant
3250 4314 3346 4370 viri
3372 4356 3386 4381 ,
3418 4321 3473 4369 et
3507 4313 3630 4368 imi-

2045 4425 2242 4472 tentur.
2272 4414 2502 4479 Festina,
2541 4412 2743 4483 inquit,
2772 4420 2819 4466 et
2859 4410 3126 4465 commisce
3154 4418 3253 4464 tres
3278 4423 3534 4462 mensuras
3562 4408 3634 4461 si-

2043 4511 2180 4565 mila:
2206 4525 2225 4564 :
2249 4518 2303 4565 et
2330 4509 2445 4579 ipse
2470 4505 2706 4563 cucurrit
2735 4504 2789 4560 in
2819 4510 3117 4559 armentum
3144 4502 3326 4559 boum.
3369 4500 3630 4557 Laborem

2046 4601 2367 4672 partiuntur,
2395 4607 2453 4653 ut
2481 4597 2641 4654 etiam
2667 4595 2824 4651 ambo
2848 4608 3103 4650 coronam
3130 4593 3440 4648 sortiantur.
3469 4592 3631 4647 Com-

2044 4692 2225 4746 munia
2262 4697 2387 4745 sunt
2419 4687 2540 4760 jura
2584 4686 2888 4758 nuptiarum
2914 4702 2928 4740 :
2952 4683 3254 4741 communia
3288 4684 3393 4740 sint
3420 4684 3633 4738 virtutis

2043 4781 2239 4838 ofﬁcia.
2270 4780 2599 4852 Adjutricem
2627 4787 2680 4836 te
2705 4779 2922 4851 accepi;
2951 4777 3025 4835 sis
3050 4777 3181 4833 mihi
3211 4775 3446 4847 adjutrix
3471 4776 3631 4831 etiam

2044 4877 2099 4932 in
2124 4875 2285 4931 rebus
2311 4873 2589 4929 altioribus
2619 4890 2633 4928 :
2664 4870 2857 4929 festina
2882 4913 2898 4941 ,
2938 4870 3148 4927 festina.
3181 4868 3349 4940 Urget
3376 4881 3630 4932 uxorem,

2043 4981 2099 5029 et
2130 4985 2196 5026 ne
2226 4969 2450 5025 tarditas
2479 4967 2699 5024 tatdium
2724 4967 2913 5023 aﬂ‘erat
2937 4964 3240 5037 hospitibus
3269 4981 3284 5020 :
3314 4960 3545 5023 Festina,
3584 4970 3632 5014 at

2043 5067 2307 5120 commisce
2348 5074 2446 5118 tres
2491 5079 2751 5117 mensuras
2796 5061 2993 5116 similar.
3040 5058 3390 5114 Laboriosum
3433 5068 3633 5126 prtece-

2045 5165 2192 5229 ptum
2215 5197 2228 5219 ,
2271 5170 2433 5226 grave
2471 5155 2778 5209 mandatum
2809 5169 2824 5208 :
2851 5150 3127 5208 Commisce
3154 5158 3251 5204 tres
3276 5162 3536 5202 mensuras
3562 5145 3635 5201 si—

2045 5250 2199 5304 ηιῐιω.
2231 5248 2348 5304 Νοιι
2372 5245 2508 5303 dixit
2538 5264 2551 5301 :
2584 5244 2722 5314 Quid
2750 5243 2888 5300 hoc?
2915 5258 3044 5299 num
3071 5242 3173 5297 hac
3197 5255 3292 5311 spe
3320 5239 3413 5294 tibi
3441 5241 3591 5309 nupsi
3612 5281 3630 5307 ,

2045 5353 2104 5398 ut
2125 5358 2209 5396 me
2234 5339 2300 5395 ad
2321 5336 2626 5394 molendum
2647 5334 3090 5406 coquendumque
3110 5347 3299 5403 panem
3326 5329 3631 5399 adhiberes,

2111 5500 2127 5532 ¹
2163 5495 2320 5557 savil.,
2347 5496 2443 5545 imo
2460 5491 2579 5544 uolo.

2110 5564 2129 5632 ἶ
2165 5559 2310 5632 alites
2334 5554 2834 5632 (ἰηῖᾳέίὲξδίῖηέ.-εμ-.ω
2857 5615 2920 5632 ι-.
2947 5607 3016 5632 ιιι

2111 5624 2131 5655 ³
2163 5608 2325 5687 sarit-1
2346 5608 2556 5687 ῖνιιαιριι
2576 5611 2920 5687 gemmis?
2942 5608 3172 5687 ῦιίοηιηιο
3254 5678 3259 5679 ,

2109 5688 2131 5717 δ
2165 5682 2268 5746 Alii,
2296 5677 2503 5733 tribunal
2524 5677 2755 5729 mmedio
2776 5677 2989 5740 ponitur.
