4068 6270
552 249 656 305 507

560 365 841 419 mulierem
871 372 948 419 tot
973 364 1176 420 divitiis
1203 364 1558 420 instructam?
1599 365 1891 420 Trecentos
1918 363 2141 419 octode-

554 454 660 509 cim
688 469 873 509 servos
900 454 1084 523 habes,
1116 466 1172 511 et
1196 454 1300 510 illis
1331 456 1594 525 imperare
1617 471 1724 512 non
1744 469 1918 520 curas,
1943 454 2038 510 sed
2058 469 2145 510 me

558 543 627 598 ad
657 544 758 599 hoc
789 545 1142 600 ministerium
1170 546 1364 618 urges?
1400 545 1541 600 Nihil
1569 549 1743 604 simile
1770 548 1903 604 dixit
1925 589 1940 616 ,
1971 564 2146 620 neque

563 637 820 706 cogitavit
851 655 866 690 :
899 627 1004 693 sed
1023 639 1145 709 quia
1171 654 1307 694 uxor
1335 649 1450 694 erat
1476 639 1784 706 Abrahami,
1815 656 1920 696 non
1950 657 2143 711 corpoc

556 727 632 781 ris
658 727 857 794 solum,
891 727 986 783 sed
1007 729 1167 783 etiam
1190 731 1401 785 virtutis
1421 733 1714 797 consortio,
1743 731 1863 787 ideo
1891 731 2022 787 dixit
2044 733 2140 800 illi,

558 818 768 872 Festina
791 836 812 874 :
837 820 1030 891 illaque
1050 821 1299 878 alacriter
1324 822 1631 878 mandatum
1655 824 1916 893 arripuit:
1944 826 2147 881 sciebat

558 911 703 965 enim
733 911 951 968 uberem
980 911 1356 984 hospitalitatis
1381 909 1630 970 fructum.
1662 913 1901 983 Festina,
1933 917 2143 970 commi-

556 1021 654 1057 sce.
703 1003 919 1058 Sciebat
967 1005 1206 1060 mulieris
1251 1006 1600 1076 diligentiam.
1650 1007 1876 1064 Ubinam
1902 1017 2024 1062 sunt
2049 1008 2146 1064 ho-

558 1094 758 1148 dierna
784 1095 1069 1151 mulieres?
1113 1096 1498 1166 Comparemus
1527 1098 1645 1153 illas
1673 1114 1794 1154 cum
1823 1101 1972 1155 Sara.
2006 1100 2144 1155 Num

561 1183 687 1238 talia
710 1186 957 1241 mandata
983 1188 1286 1256 excipiunt?
1317 1189 1440 1244 talia
1462 1190 1664 1260 opera?
1689 1191 1878 1246 Profer
1901 1192 2030 1246 mihi
2057 1208 2147 1248 or-

559 1287 712 1334 natus
750 1280 956 1348 cupida
983 1281 1220 1337 mulieris
1248 1297 1462 1336 manum
1487 1325 1502 1351 ,
1544 1299 1769 1354 eamque
1811 1285 2146 1340 extrinsecus

565 1368 863 1424 inauratam
891 1370 1039 1426 vides
1059 1412 1076 1438 ,
1108 1372 1248 1427 intus
1273 1382 1450 1429 autem
1481 1376 1632 1445 quasi
1658 1377 1951 1431 obsessam.
1982 1377 2142 1444 Quot,

561 1475 743 1531 quaso
766 1501 782 1527 ,
815 1477 1107 1532 pauperum
1132 1465 1364 1534 pradam
1391 1481 1580 1521 manus
1610 1477 1694 1522 tua
1724 1467 1935 1538 gestat?
1961 1469 2146 1524 Profer

566 1570 782 1608 manum
812 1564 976 1624 tuam,
1011 1557 1233 1612 ostende
1263 1559 1427 1614 illam.
1458 1560 1575 1626 Quo
1607 1561 1876 1616 induitur?
1919 1561 2143 1632 Rapina.

564 1645 746 1700 Profer
792 1661 1007 1702 manum
1052 1647 1220 1703 Sara.
1265 1649 1381 1718 Quo
1426 1650 1698 1706 induitur?
1737 1652 2142 1722 Hospitalitate,

559 1735 922 1807 eleemosyna,
955 1739 1194 1804 caritate,
1224 1754 1514 1809 pauperum
1543 1757 1746 1797 amore.
1773 1743 1817 1798 Ο
1837 1745 2144 1813 praclaram

560 1825 835 1880 dexteram
861 1829 875 1881 l
921 1829 1054 1884 Vide
1083 1827 1356 1887 dexteram
1384 1841 1440 1886 et
1463 1832 1736 1888 dexteram
1756 1835 1795 1888 ί.
1825 1833 2020 1890 Verum
2040 1851 2145 1891 una

563 1918 779 1985 quidem
815 1916 987 1973 forma
1016 1928 1099 1974 est
1120 1920 1387 1987 dextera,
1427 1923 1649 1978 multum
1675 1939 1804 1980 vero
1833 1925 2142 1983 discrimen.

561 2008 673 2063 lllic
699 2007 876 2064 fontes
900 2009 1254 2081 lacrymarum
1277 2052 1293 2078 ,
1324 2011 1410 2067 hic
1437 2028 1650 2070 corona
1677 2025 1733 2070 et
1753 2017 1990 2082 pramia.
2021 2005 2147 2074 [lac

565 2096 705 2165 dico,
733 2108 793 2152 ut
818 2114 990 2170 neque
1007 2117 1200 2157 uxores
1222 2103 1344 2158 talia
1364 2114 1608 2174 quaerant
1630 2121 1662 2160 a
1685 2107 1832 2173 viris,
1857 2123 2030 2180 neque
2047 2109 2146 2165 viri

565 2206 757 2247 uxores
801 2191 916 2249 hac
958 2204 1202 2264 petentes
1241 2197 1433 2253 ferant.
1474 2198 1556 2254 En
1602 2199 1809 2267 Saram,
1837 2217 1902 2257 en
1929 2203 2147 2260 divitem

563 2282 710 2336 illam
742 2299 756 2336 :
787 2285 1124 2342 commiscuit
1169 2295 1279 2344 tres
1324 2304 1604 2348 mensuras
1651 2293 1860 2349 simila.
1908 2295 2147 2364 Quantus

564 2373 748 2428 labor?
777 2374 974 2431 Verum
1001 2391 1112 2434 non
1137 2379 1304 2435 sensit
1333 2379 1592 2450 laborem,
1617 2382 1688 2439 ob
1706 2400 1857 2454 spem
1878 2386 2076 2442 fructus
2093 2395 2149 2442 et

561 2467 718 2522 lucri.
740 2465 974 2535 Festina,
1004 2473 1269 2526 commisce
1292 2474 1389 2528 tria
1412 2483 1572 2529 metra
1595 2477 1793 2532 similae.
1819 2480 1955 2547 Quid
1980 2479 2146 2536 facis?

563 2569 615 2615 te
639 2562 807 2616 comis
836 2571 890 2618 et
919 2577 1099 2632 ornas,
1131 2566 1363 2622 mulier?
1405 2566 1502 2624 Cui
1546 2571 1624 2625 vis
1662 2571 1908 2640 placere?
1950 2574 2148 2630 Virone

565 2651 690 2706 tuo?
733 2652 927 2708 Malum
970 2656 1226 2725 studium,
1258 2659 1304 2714 si
1344 2659 1457 2715 viro
1491 2661 1568 2716 sic
1603 2662 1862 2732 placitura
1888 2679 1968 2731 es,
1995 2666 2039 2718 si
2069 2666 2146 2721 sic

561 2741 746 2797 studes
776 2743 874 2813 ipsi
904 2744 1136 2815 placere.
1175 2747 1451 2816 Quomodo
1489 2751 1653 2822 igitur
1679 2753 1935 2822 placebo?
1961 2754 2146 2811 Conti-

565 2835 768 2890 nentia.
810 2836 914 2892 Sed
941 2854 1043 2909 qua
1070 2842 1276 2897 ratione
1311 2843 1571 2913 placebo?
1597 2845 1877 2915 Modestia,
1909 2848 2145 2919 philoso-

562 2927 684 2996 phia
703 2970 718 2996 ,
747 2922 1157 2990 mansuetudine
1177 2977 1192 3002 ,
1221 2937 1476 3004 caritate,
1508 2941 1792 2996 concordia
1815 2982 1830 3008 ,
1857 2957 2144 2999 consensu.

563 3017 691 3074 llac
714 3033 1028 3079 ornamenta
1057 3035 1165 3092 tua,
1195 3027 1407 3083 mulier.
1438 3029 1532 3085 Ha
1557 3030 1784 3088 virtutes
1806 3042 1908 3088 tuae
1930 3049 2146 3090 concor-

566 3108 708 3164 diam
747 3112 960 3180 pariunt
994 3132 1008 3169 :
1040 3115 1116 3170 illi
1145 3131 1272 3172 vero
1301 3127 1521 3175 ornatus
1561 3129 1618 3175 ut
1660 3121 1872 3191 placeas
1901 3139 2007 3180 non
2035 3125 2152 3181 effi-

567 3203 732 3268 ciunt,
755 3221 936 3261 verum
962 3209 1010 3263 id
1039 3219 1294 3279 praestant
1321 3221 1378 3268 ut
1405 3213 1520 3269 viro
1545 3217 1694 3271 oneri
1724 3217 1818 3272 sis.
1847 3216 1978 3272 Cum
2005 3219 2148 3273 enim
2168 3269 2194 3295 ε

565 3293 640 3349 illi
671 3296 889 3364 dixeris,
922 3300 1069 3371 Rape
1103 3311 1158 3359 et
1195 3304 1327 3359 all’er
1363 3305 1515 3370 mihi,
1544 3308 1735 3377 exiguo
1767 3317 2006 3379 tetnpore
2034 3309 2148 3379 pla-

564 3399 688 3452 ces,
739 3389 830 3444 sed
881 3403 1062 3460 postea
1112 3394 1385 3452 inimicum
1438 3397 1583 3451 illum
1626 3397 1812 3457 habes.
1862 3398 1932 3460 Ut
1971 3409 2150 3460 autem

565 3473 743 3531 discas
770 3487 821 3534 te
846 3483 960 3538 viro
987 3499 1092 3541 non
1122 3488 1332 3558 placere
1364 3509 1378 3547 :
1407 3491 1554 3548 domi
1581 3493 1671 3548 illa
1698 3493 1923 3564 deponis
1944 3535 1960 3559 ,
2003 3503 2059 3549 et
2096 3493 2150 3548 in

566 3568 794 3625 ecclesia
840 3572 947 3628 illis
991 3579 1404 3640 circumornaris
1435 3584 1516 3640 :si
1546 3585 1664 3640 viro
1708 3585 1965 3655 placeres,
2006 3582 2153 3642 domi

568 3663 658 3716 illa
686 3677 948 3738 gestares.
979 3671 1193 3740 Verum,
1225 3685 1284 3730 ut
1309 3675 1439 3744 dixi,
1470 3677 1523 3731 in
1552 3679 1832 3736 ecclesiam
1856 3679 2154 3751 ingrederis

566 3762 770 3817 auratis
799 3765 1042 3820 manibus
1072 3777 1124 3822 et
1150 3767 1312 3824 collo.
1343 3768 1397 3825 Si
1427 3770 1634 3826 venerit
1658 3771 1875 3844 Paulus,
1902 3771 2154 3828 terribilis

570 3853 728 3909 simul
756 3855 844 3911 ille
874 3865 926 3911 et
954 3858 1195 3914 amabilis
1221 3878 1235 3915 :
1265 3861 1516 3917 terribilis
1543 3865 1934 3933 peccatoribus,
1961 3865 2155 3920 amabi-

570 3946 634 4001 lis
676 3947 762 4016 pie
810 3948 1144 4018 viventibus,
1187 3951 1436 4009 clamabit
1482 3964 1535 4008 et
1575 3955 1652 4010 sic
1696 3954 1879 4010 dicet:
1915 3955 2154 4010 Mulieres

568 4047 762 4105 Oportet
789 4055 969 4094 ornare
991 4057 1044 4094 se
1062 4083 1076 4105 ,
1106 4059 1206 4098 non
1227 4060 1352 4096 auro
1383 4054 1430 4098 et
1456 4046 1746 4116 margaritis
1763 4087 1778 4110 ,
1811 4055 1858 4100 et
1887 4055 2017 4100 veste
2040 4062 2154 4116 pre-

568 4132 697 4186 tiosa
739 4132 844 4205 (1.’
870 4134 1002 4188 Tim.
1029 4136 1083 4190 Ξ.
1115 4136 1211 4207 9).
1244 4137 1446 4194 Deinde
1484 4139 1530 4194 si
1566 4137 1892 4209 ingrediatur
1914 4139 2152 4208 gentilis,

569 4225 850 4297 videatque
881 4228 932 4281 in
963 4231 1240 4298 superiore
1265 4239 1420 4299 parte
1440 4230 1561 4286 illas
1587 4231 1683 4285 ista
1714 4229 1970 4296 ferentes,
1994 4231 2048 4284 in
2075 4231 2156 4286 in-

570 4316 764 4372 feriore
790 4334 917 4372 vero
957 4319 1178 4375 Paulum
1221 4321 1338 4375 hac
1381 4322 1712 4392 loquentem,
1749 4337 1926 4378 annon
1969 4321 2152 4376 dicet:

573 4407 699 4461 llaec
726 4418 850 4461 sunt
876 4424 1036 4464 scena
1064 4419 1117 4465 et
1154 4410 1366 4465 fabula?
1408 4412 1567 4466 Certe
1595 4427 1703 4466 non
1729 4420 1852 4466 sunt
1879 4425 2040 4468 scena
2070 4427 2155 4467 res

571 4500 835 4562 nostra’,
869 4500 1074 4554 etiamsi
1117 4500 1232 4557 haec
1279 4503 1351 4558 ita
1398 4502 1548 4559 ﬂant.
1589 4502 1787 4558 Verum
1827 4503 2039 4574 gentilis
2067 4502 2157 4558 ille

573 4591 784 4645 l:editur
823 4602 877 4647 et
915 4593 1087 4648 dicit:
1118 4595 1391 4664 Ingressus
1427 4611 1544 4651 sum
1585 4597 1638 4652 in
1676 4599 1956 4654 ecclesiam
2000 4597 2156 4652 Chri-

574 4685 891 4752 stianorum,
920 4696 975 4740 et
1011 4688 1187 4742 audivi
1229 4689 1452 4743 Paulum
1477 4690 1778 4757 dicentem,
1809 4688 1930 4745 Non
1954 4691 2008 4743 in
2033 4706 2161 4744 auro

576 4789 620 4832 τι
659 4779 968 4849 margaritis,
1016 4781 1157 4836 illam
1204 4797 1332 4838 vero
1370 4783 1648 4840 mulierem
1689 4799 1854 4854 opere
1890 4785 2159 4842 contraria

575 4872 937 4929 exhibentem.

648 4968 701 5024 ti.
729 4968 864 5035 Quid
897 4967 988 5023 tibi
1031 4967 1275 5023 utilitalis
1317 4968 1471 5024 aﬂ'ert
1499 4984 1710 5032 aurum,
1747 4984 1781 5024 ο
1816 4969 2051 5025 mulier?
2089 4967 2161 5026 Ut

579 5062 799 5130 pulchra
829 5071 883 5116 et
910 5061 1151 5131 speciosa
1181 5061 1481 5131 appareas?
1521 5059 1718 5116 Verum
1754 5059 1881 5115 illud
1912 5060 2160 5115 nihiltibi

578 5155 785 5211 confert
797 5155 864 5210 ad
880 5153 1329 5226 pulchritudinem
1347 5154 1560 5208 anima.
1592 5152 1677 5208 Sis
1696 5153 1877 5208 animo
1896 5154 2158 5221 speciosa,

577 5255 632 5298 et
680 5246 790 5300 eris
841 5260 1068 5314 corpore
1117 5245 1382 5300 amabilis.
1435 5243 1699 5316 Sapientia
1736 5245 1952 5299 hominis
1971 5245 2162 5299 vultum

578 5341 691 5409 ejus
721 5338 1273 5408 illuminabit(Eccle.
1319 5339 1374 5394 8.
1426 5340 1517 5409 1).
1569 5338 1728 5410 Atqui
1777 5338 2035 5408 sapientia
2080 5346 2163 5394 est

577 5435 769 5488 anima
799 5434 934 5504 ejus.
965 5433 1106 5488 Nihil
1154 5433 1225 5488 ita
1277 5447 1512 5488 amorem
1555 5434 1692 5504 parit
1742 5445 1799 5490 ut
1846 5433 2060 5488 caritas.
2104 5433 2162 5488 Si

645 5575 658 5604 ⁸
686 5585 731 5624 In
754 5573 892 5624 Savil.
917 5572 994 5622 ha
1018 5586 1180 5633 voces,
1205 5571 1312 5623 vide
1336 5573 1586 5623 dexteram
1603 5579 1648 5623 et
1672 5572 1941 5632 dexteram,
1966 5571 2156 5633 desunt.

647 5638 666 5665 ⁸
703 5645 804 5685 nuo
828 5645 954 5692 ωδε..
996 5645 1108 5686 Harc
1131 5642 1241 5685 sunt
1277 5648 1420 5686 scena
1459 5642 1504 5684 et
1546 5633 1710 5694 fabula
1729 5633 1754 5682 Ζ)
1784 5634 2022 5689 Quomodo
2054 5632 2158 5685 hac

585 5706 687 5749 sunt
713 5699 950 5750 simulatio
971 5701 992 5734 ν
1014 5706 1150 5752 αντε
1173 5713 1266 5750 non
1288 5705 1393 5751 sunt
1417 5695 1654 5750 simulatio
1677 5710 1753 5748 res
1775 5706 1966 5752 nostra.

1294 247 1348 302 S.
1389 247 1664 305 JOANNIS
1701 239 2175 302 CHRYSOSTOMI
2213 240 2528 296 ARCHIEP.
2569 241 3099 301 CONSTANTINOP.
3731 257 3813 312 ωε

2252 354 2395 410 enim
2424 355 2507 410 vir
2547 363 2669 410 tuus
2719 365 2771 412 te
2814 368 2976 426 amat,
3005 360 3214 415 etiamsi
3254 361 3520 418 deformis
3546 366 3638 434 sis,
3665 376 3813 426 umeri

2249 446 2491 502 amabilis
2521 447 2619 518 ipsi
2640 448 2835 504 videris
2860 467 2874 504 :
2903 451 2948 504 si
2969 461 3145 508 autem
3172 461 3222 509 te
3249 453 3456 518 oderit,
3487 459 3691 514 etiamsi
3713 476 3813 532 spe-

2249 536 2393 591 ciosa
2419 537 2513 603 sis,
2544 553 2612 593 ne
2638 539 2853 608 quidem
2878 541 3057 596 videre
3105 551 3159 598 te
3192 545 3359 601 volet.
3415 545 3610 601 Odium
3647 552 3813 622 quippe

2250 627 2434 694 animi,
2481 627 2706 684 formam
2755 631 2929 686 vultus
2952 647 3210 702 apparere
3229 650 3338 691 non
3364 635 3517 692 sinit.
3548 638 3676 693 Cum
3694 645 3812 698 enim

2250 717 2318 773 ab
2338 733 2403 774 eo
2417 728 2635 775 ornatus
2664 729 2718 776 et
2736 736 2926 776 aurum
2948 723 3176 792 petitura
3201 739 3259 779 es
3288 766 3305 791 ,
3331 735 3446 780 tum
3478 728 3593 797 ipse
3620 737 3668 783 te
3685 744 3814 786 aver-

2251 817 2464 866 satnrus
2491 819 2593 878 est,
2628 812 2847 882 perinde
2871 823 3029 883 atque
3057 831 3177 870 eum
3207 818 3299 886 qui
3332 819 3388 872 in
3417 818 3537 876 fore
3561 821 3746 893 aliquid
3762 826 3816 881 ab

2250 913 2317 954 eo
2342 902 2540 972 exigat.
2569 902 2766 958 Verum
2797 906 2864 959 ab
2890 905 2983 960 illo
3013 907 3194 976 fugere
3233 919 3435 978 potest,
3466 927 3497 966 a
3525 921 3576 968 te
3602 915 3813 983 minime,

2250 1006 2369 1060 qua
2395 993 2534 1047 intus
2560 1008 2619 1048 es
2645 1010 2877 1065 semper,
2901 1006 2955 1051 et
2975 999 3110 1067 petis
3137 999 3310 1055 officia
3335 1003 3531 1058 rationi
3554 1010 3813 1064 contraria.

2243 1082 2378 1152 Hac
2399 1099 2466 1137 ne
2494 1084 2667 1139 solum
2691 1085 2910 1141 auribus
2929 1089 3183 1158 excipias,
3216 1105 3249 1145 o
3296 1093 3512 1158 mulier,
3558 1097 3651 1151 sed
3677 1099 3812 1154 etiam

2249 1175 2428 1228 animo
2450 1178 2810 1232 committeris.
2845 1179 3018 1235 Verba
3046 1197 3161 1236 mea
3189 1183 3432 1238 remedia
3463 1198 3607 1252 sunt,
3636 1204 3743 1258 qua
3759 1191 3812 1248 ad

2251 1272 2462 1334 tempus
2489 1267 2755 1336 mordent,
2786 1269 2878 1324 sed
2910 1281 3167 1341 perpetuo
3187 1272 3381 1342 juvant
3424 1286 3479 1330 et
3517 1279 3809 1348 voluptatem

2252 1355 2502 1412 afferunt.
2548 1358 2782 1415 Medicus
2834 1377 2973 1428 sum,
3009 1365 3336 1436 vulneraque
3375 1367 3574 1433 fodico,
3620 1386 3683 1427 ne
3723 1388 3812 1442 pra

2249 1461 2515 1508 vetustate
2567 1453 2800 1510 deterius
2851 1456 3003 1512 ulcus
3054 1457 3313 1514 efficiant.
3361 1461 3477 1531 Ego
3527 1464 3808 1520 medicinam

2250 1555 2496 1611 exerceo,
2529 1545 2806 1600 sanitatem
2839 1547 3002 1602 verbo
3054 1549 3295 1604 tribuens
3329 1568 3344 1605 :
3389 1553 3484 1606 alii
3525 1569 3650 1608 vero
3693 1571 3809 1626 pra-

2250 1629 2420 1690 semis
2446 1637 2568 1690 vita
2606 1635 2824 1704 ﬂuxam,
2857 1638 3122 1707 fallacem,
3168 1653 3223 1697 et
3277 1643 3446 1698 vilem
3484 1646 3806 1702 conditionem

2250 1725 2557 1782 ostendunt.
2585 1727 2690 1784 Sed
2735 1729 2877 1799 quod
2901 1729 3143 1786 dicebam
3170 1731 3239 1788 de
3265 1733 3580 1790 Abrahamo
3624 1737 3644 1805 (
3666 1752 3808 1808 neque

2253 1816 2394 1870 enim
2417 1819 2784 1888 promissionis
2804 1821 3142 1891 obliviscar),
3169 1822 3409 1893 Festina,
3440 1829 3690 1895 permisce,
3716 1829 3809 1884 hac

2250 1921 2580 1980 unaquaque
2610 1910 2802 1966 mulier
2825 1912 2879 1966 in
2909 1921 3090 1968 mente
3115 1912 3411 1982 describat,
3429 1917 3545 1972 hac
3565 1920 3810 1990 unusquis-

2249 2013 2354 2069 que
2381 2002 2460 2055 vir
2485 2001 2540 2056 in
2570 2003 2896 2059 conscientia
2918 2005 3132 2060 habeat.

2321 2090 2582 2162 Pauperes
2604 2104 2722 2148 sunt
2745 2093 2991 2149 Christus.
3004 2126 3078 2137 -—
3092 2097 3199 2152 Cur
3228 2107 3412 2168 gestas
3430 2102 3622 2155 sericas
3640 2110 3806 2167 vestes,

2250 2191 2304 2237 et
2330 2198 2495 2254 equos
2530 2184 2693 2240 habes
2715 2186 2895 2241 aureis
2922 2187 3103 2254 frenis,
3150 2189 3433 2260 mulasque
3460 2202 3641 2246 ornatu
3668 2192 3806 2247 deco-

2249 2275 2426 2328 ratas?
2453 2274 2590 2328 Mula
2621 2275 2753 2330 infra
2777 2287 3020 2345 ornatur,
3060 2294 3250 2333 aurum
3281 2281 3337 2335 in
3367 2290 3663 2351 tegumento
3687 2293 3809 2337 tene.

2251 2374 2372 2420 tur:
2401 2368 2654 2436 pecunias
2693 2369 2852 2424 mula
2899 2370 3122 2426 rationis
3151 2382 3404 2441 expertes
3443 2374 3806 2439 circumferunt.

2250 2476 2369 2531 qua
2413 2477 2573 2517 aurea
2628 2461 2779 2518 frena
2828 2464 3056 2531 habent;
3106 2463 3270 2520 mula
3331 2468 3550 2522 rationis
3596 2477 3810 2536 expertes

2252 2564 2533 2620 ornantur,
2562 2565 2615 2610 et
2643 2571 2846 2626 panper
2878 2555 3018 2611 fame
3043 2557 3323 2613 confectus
3351 2573 3447 2628 pro
3497 2559 3683 2615 foribus
3725 2561 3808 2617 tuis

2251 2645 2421 2711 sedet,
2443 2645 2794 2718 Christusque
2823 2647 2963 2704 fame
2988 2658 3228 2704 necatur.
3270 2649 3317 2706 Ο
3357 2665 3616 2705 summam
3655 2667 3808 2706 amen~

2254 2738 2380 2793 tiam
2404 2740 2417 2795 !
2443 2739 2572 2807 Qua
2599 2738 2880 2796 defensio?
2899 2757 3017 2811 qua
3041 2741 3220 2806 venia,
3242 2743 3458 2813 quando
3477 2741 3703 2797 Christus
3721 2752 3804 2798 stat

2252 2846 2351 2902 pro
2381 2831 2582 2887 foribus
2611 2832 2714 2887 tuis
2745 2832 2927 2887 habitu
2975 2834 3248 2902 pauperis,
3280 2842 3335 2888 tu
3366 2849 3493 2888 vert-
3513 2833 3651 2887 nullo
3675 2831 3804 2886 modo

2253 2920 2521 2977 ﬂecteris?
2537 2923 2664 2990 Quis
2685 2933 2736 2978 te
2776 2938 2840 2977 ex
2862 2923 3136 2992 suppliciis
3166 2923 3279 2977 illic
3308 2921 3588 2977 inferendis
3610 2919 3802 2989 eripiet!

2253 3013 2404 3078 Dedi,
2429 3014 2654 3083 inquies,
2684 3013 3096 3084 eleemosynam.
3123 3013 3322 3067 Verum
3348 3027 3414 3066 ne
3433 3011 3638 3066 dederis
3663 3010 3805 3066 solum

2253 3115 2509 3178 quantum
2529 3107 2616 3162 ille
2635 3107 2766 3174 vult,
2790 3105 2885 3161 sed
2913 3115 3166 3176 quantum
3189 3114 3366 3175 potes.
3393 3103 3523 3172 Quid
3547 3111 3651 3158 tum
3666 3103 3801 3167 dices,

2253 3211 2453 3267 quaso,
2507 3212 2630 3252 cum
2680 3197 2940 3267 supplicia
2991 3196 3368 3258 intolerabilia,
3421 3210 3537 3250 cum
3574 3192 3805 3250 cruciatus

2254 3287 2332 3343 illi
2359 3287 2607 3354 aderunt,
2648 3302 2772 3343 cum
2802 3291 2982 3358 mina,
3013 3296 3070 3346 et
3092 3286 3376 3342 terribiles
3395 3290 3692 3355 potestates,
3706 3297 3802 3337 eum

2255 3377 2457 3435 ﬂuvius
2473 3378 2614 3451 ignis
2634 3392 2761 3434 cum
2785 3377 3019 3448 strepitu
3036 3378 3298 3443 fervebit,
3313 3393 3434 3434 cum
3464 3373 3676 3431 tribunal
3700 3371 3802 3427 illud

2258 3471 2515 3536 terribile,
2537 3469 2934 3538 cumjudicium
2965 3470 3357 3539 incorruptum,
3385 3483 3504 3524 cum
3540 3474 3715 3524 natura
3731 3461 3800 3516 illa

2257 3575 2376 3632 qua
2403 3561 2664 3632 principio
2693 3570 2860 3628 caret,
2901 3575 3023 3616 cum
3061 3559 3422 3616 humanarum
3450 3572 3618 3614 rerum
3657 3566 3802 3610 cessa-

2258 3653 2352 3718 tio,
2380 3666 2504 3706 cum
2546 3666 2719 3722 neque
2747 3659 2918 3722 pater,
2951 3666 3126 3722 neque
3171 3661 3372 3716 mater,
3409 3663 3577 3720 neque
3598 3645 3798 3704 vicinus,

2258 3757 2431 3813 neque
2479 3758 2606 3810 rex,
2667 3758 2839 3812 neque
2889 3741 3093 3810 viator,
3143 3757 3322 3813 neque
3361 3741 3553 3811 hospes
3580 3747 3625 3792 te
3646 3735 3799 3804 iuvare

2257 3844 2528 3907 poterunt,
2570 3833 2666 3889 sed
2713 3835 2874 3889 stabit
2915 3834 3062 3889 solus
3087 3833 3254 3892 homo
3278 3850 3403 3890 cum
3430 3831 3663 3903 operibus
3684 3825 3795 3887 suis,

2259 3941 2484 3997 quorum
2505 3940 2663 3981 causa
2694 3926 2778 3981 vel
2808 3925 3167 3993 damnabitur,
3201 3927 3286 3982 vel
3312 3913 3794 3982 coronabiturlouid

2259 4027 2370 4072 tum
2397 4017 2578 4073 dices?
2606 4015 2740 4072 Tum
2770 4019 3033 4072 sermonis
3055 4017 3161 4072 mei
3181 4013 3565 4072 recordaberis.
3589 4007 3681 4066 Sed
3702 4019 3797 4076 qua:

2261 4110 2353 4166 tibi
2399 4109 2521 4164 hinc
2565 4109 2798 4164 utilitas?
2826 4107 2977 4162 Nulla
3025 4125 3039 4162 :
3090 4107 3520 4180 quandoquidem
3564 4103 3695 4158 dives
3725 4094 3794 4151 ille

2258 4203 2568 4260 recordatus
2597 4212 2698 4268 est,
2729 4216 2791 4256 ac
2809 4211 3019 4271 tempus
3040 4200 3371 4271 paenitentia
3395 4195 3680 4270 quarebat;
3719 4185 3793 4242 sed

2260 4295 2390 4349 nihil
2412 4294 2536 4348 hinc
2573 4293 2706 4349 lucri
2749 4291 2952 4347 retulit.
3002 4291 3196 4347 Verum
3234 4291 3446 4347 dicebat
3474 4285 3642 4343 :Miue
3658 4280 3792 4336 Lm-

2258 4401 2391 4448 rum,
2433 4393 2485 4438 ut
2507 4385 2722 4455 intingat
2750 4399 3003 4438 summum
3037 4382 3252 4454 digitum
3301 4397 3446 4436 suum
3487 4378 3537 4431 in
3582 4387 3714 4445 aqua,
3755 4376 3793 4421 ιι

2259 4476 2516 4546 refrigeret
2583 4474 2810 4544 linguam
2873 4489 3037 4527 meam
3054 4512 3070 4538 ,
3127 4473 3249 4544 quia
3293 4472 3590 4526 vehementer
3634 4459 3792 4517 cruciat

2262 4569 2420 4642 (Luc.
2475 4569 2564 4625 i6.
2620 4568 2752 4638 24).
2811 4567 3011 4623 Verum
3051 4581 3156 4620 non
3203 4566 3350 4620 misit
3401 4564 3660 4621 Lazarum,
3707 4563 3791 4642 non

2260 4637 2402 4732 quod
2431 4661 2572 4716 stilla
2599 4637 2750 4730 aqua
2780 4673 2972 4729 magno
3017 4656 3250 4728 paradisi
3293 4655 3422 4710 ΐοηῑῖ
3458 4653 3694 4722 lacum”
3725 4637 3790 4740 ’ξ’

2262 4755 2428 4812 ferret
2458 4773 2470 4810 :
2493 4755 2590 4810 sed
2611 4753 2752 4824 quod
2779 4752 3136 4824 eleemosyna
3160 4750 3300 4804 stilla
3321 4747 3462 4803 nullo
3490 4740 3635 4798 modo
3657 4739 3790 4808 possit

2262 4863 2383 4903 sum
2412 4846 2800 4902 inhumanitate
2825 4843 3058 4898 misceri.
3099 4842 3360 4909 Quoniam
3414 4837 3548 4893 enim
3595 4833 3789 4896 ωηιροη

2262 4939 2419 4994 stadii
2443 4946 2781 5007 contemptus
2807 4935 2999 5002 fuerat,
3025 4943 3268 5002 tempore
3287 4943 3496 4986 corona
3523 4922 3651 4979 nulla
3691 4925 3787 4971 eum

2263 5034 2624 5090 consalatione
2650 5031 2898 5102 dignatus
2927 5037 3032 5085 est.

2335 5125 2388 5179 7.
2424 5097 2956 5178 Abraltamivstudium
2976 5117 3328 5190 hospitalitatis
3357 5123 3597 5184 magnum.
3610 5131 3670 5145 --
3688 5097 3784 5151 ll-I‘c

2264 5220 2406 5285 dico,
2435 5228 2489 5273 ut
2513 5232 2686 5288 neque
2709 5230 2909 5286 pauper
2921 5213 2992 5269 ob
3004 5219 3365 5283 paupertatem
3393 5206 3697 5288 lacrymctur,
3713 5202 3783 5288 nc-

2265 5327 2370 5382 que
2392 5280 2546 5366 dives
2581 5280 2894 5378 gaudeat-ob
2913 5280 3143 5358 divitias.
3176 5300 3461 5370 Opulentus
3483 5287 3574 5345 es?
3597 5280 3778 5382 Pereat—Il

2265 5372 2497 5470 divitia,
2549 5372 2651 5456 nisi
2676 5404 3030 5468 congruentes
3050 5393 3258 5448 divitias
3279 5391 3329 5444 in
3354 5384 3570 5442 medium
3605 5372 3774 5470 ademi-

2268 5494 2508 5561 Festina,
2539 5502 2584 5546 et
2623 5490 2888 5546 commisce
2935 5497 3035 5542 tres
3086 5497 3342 5541 mensuras
3391 5471 3573 5530 simila.
3613 5453 3771 5561 Deludi-

2267 5551 2506 5644 cncurrit
2521 5588 2631 5656 ipse
2651 5583 2715 5638 ad
2736 5583 2921 5648 boves,
2936 5590 2990 5636 et
3005 5577 3252 5636 mactavit
3266 5571 3495 5629 vitulum.
3514 5551 3772 5656 Cursor

2271 5632 2500 5644 -...,.....-
2523 5632 2631 5656 τ--
2651 5632 2714 5638 κ,
2738 5632 2800 5639 --
2821 5632 2828 5636 .
2847 5632 2921 5648 --,
2943 5632 3117 5636 --__--
3154 5632 3174 5633 η
3195 5632 3222 5633 η

2271 5698 2433 5740 senex
2459 5699 2475 5751 ;
2500 5697 2671 5754 neque
2700 5681 2840 5738 enim
2872 5678 2971 5751 ipsi
2994 5676 3166 5734 carnis
3192 5674 3339 5745 vigor
3358 5666 3544 5720 solutus
3561 5656 3674 5710 eral.
3696 5632 3770 5693 Sed
