4068 6270
432 309 537 367 507

398 474 406 483 .
428 429 612 498 μέτρα
631 428 1012 498 σεμιδάλεως.
1043 431 1324 488 Ἐπίπονον
1349 434 1409 488 τὸ
1439 433 1737 500 ἐπίταγμα,
1759 431 2010 501 φορτικὸν

433 513 494 563 τὸ
531 511 804 580 κέλευσμα
832 526 844 539 ·
892 513 1172 578 Φύρασον
1217 514 1352 582 τρία
1398 514 1585 583 μέτρα
1626 512 2010 581 σεμιδάλεως.

436 593 552 645 Οὐκ
582 589 728 644 είπε’
757 593 823 644 Τί
850 593 1036 661 τοῦτο;
1083 596 1177 648 ἐπὶ
1223 597 1447 655 ταύταις
1477 599 1596 660 ταῖς
1620 595 1829 648 ἐλπίσιν
1858 597 2015 663 ἐνυμ-

436 676 643 747 φεύθην
671 694 751 729 σοι
782 691 808 717 ει
829 717 843 742 ,
877 677 964 730 ἵνα
994 695 1060 747 με
1083 680 1393 752 μυλωθρίδα
1422 681 1514 734 καὶ¹
1543 677 1827 750 ἀρτοποιὸν
1855 677 2014 746 ποιή-

439 775 558 832 σῃς,
591 761 819 827 γυναῖκα
838 758 934 830 τὴν
959 760 1186 814 πλοῦτον
1217 763 1444 832 ἔχουσαν
1471 761 1722 816 τοσοῦτον
1749 760 2014 830 ;Τριακο-

440 843 583 905 σίους
612 841 744 894 δέκα
774 843 867 896 καὶ
901 843 1043 895 ὀκτὼ
1072 844 1286 908 δούλους
1308 846 1472 916 ἔχεις,
1505 848 1599 899 καὶ
1627 845 1854 907 ἐκείνοις
1891 847 2014 898 ἐπι-

438 925 595 989 τάξαι
638 925 736 994 ούχ
791 925 955 988 εἵλου,
987 926 1122 980 ἀλλά
1174 945 1240 996 με
1271 929 1350 991 είς
1382 928 1480 998 τὴν
1508 926 1782 980 διακονίαν
1811 927 2015 996 ταύτην

439 1007 678 1073 ἐπείγεις
701 1024 714 1071 ;
740 1008 853 1060 Οὐκ
884 1003 1005 1060 εἶπέ
1040 1027 1091 1061 τι
1123 1009 1382 1074 τοιοῦτον,
1413 1010 1512 1062 οὑκ
1545 1009 1822 1078 ἐνενόησεν
1845 1024 1859 1038 '
1899 1007 2014 1062 ἀλλ’

440 1089 627 1160 ἐπειδὴ
653 1093 787 1160 γυνὴ
812 1087 878 1160 ἦν
905 1092 997 1144 τοῦ
1038 1092 1304 1164 Ἀϐραὰμ,
1333 1093 1393 1145 ού
1440 1092 1695 1162 συνουσίᾳ
1723 1093 1881 1162 μόνον
1909 1091 2014 1144 σῶ-

443 1189 610 1242 ματος
634 1173 682 1236 b,
708 1172 842 1225 ἀλλά
864 1175 959 1227 καὶ
983 1175 1236 1245 κοινωνίᾳ
1271 1175 1492 1247 ἀρετῆς,
1535 1175 1620 1228 διὰ
1652 1177 1808 1227 τοῦτο
1837 1175 2013 1241 λέγει,

439 1253 750 1306 Σπεῦσον·
786 1257 880 1307 καὶ
927 1255 1159 1326 ἁρπάζει
1198 1257 1258 1310 τὸ
1319 1257 1599 1326 ἐπίταγμα
1643 1257 1824 1326 ἐκείνη
1881 1256 2018 1326 μετά

441 1336 750 1406 προθυμίας
771 1352 784 1365 ·
826 1338 942 1407 ᾔδει
986 1338 1093 1409 γὰρ
1117 1339 1207 1391 τὸν
1240 1340 1449 1410 καρπὸν
1479 1338 1707 1410 βρύοντα
1737 1338 1836 1407 τῆς
1865 1337 2016 1406 φιλο-

442 1417 638 1482 ξενίας.
661 1418 958 1482 Σπεῦσον,
990 1422 1285 1488 φύρασον.
1322 1422 1475 1492 ᾟδει
1505 1421 1614 1491 γὰρ
1640 1421 1740 1489 τῆς
1763 1418 2016 1487 γυναικὸς

439 1502 502 1553 τὸ
534 1502 807 1571 ἐπιμελές.
862 1503 971 1555 Ποῦ
1027 1505 1083 1556 αἱ
1133 1503 1228 1557 νῦν
1257 1507 1544 1571 γυναῖκες;
1609 1501 2016 1572 Παραϐάλωμεν

442 1584 609 1648 αύτάς
634 1588 699 1654 τῇ
726 1586 928 1656 Σάρρᾳ.
952 1582 1098 1656 Ἀρα
1119 1587 1336 1661 τοιαῦτα
1369 1586 1716 1655 ἐπιτάγματα
1733 1585 1974 1654 δέχονται
1999 1600 2014 1650 ;

442 1667 663 1720 τοιαῦτα
694 1667 866 1738 έργα;
904 1667 1139 1720 Ἔκϐαλέ
1174 1685 1264 1738 μοι
1289 1669 1385 1736 τῆς
1409 1667 1733 1736 φιλοκόσμου
1762 1665 2018 1735 γυναικὸς

442 1748 542 1817 τὴν
575 1750 748 1820 χεῖρα,
787 1748 880 1800 καὶ
936 1749 1068 1818 ὁρᾷς
1100 1748 1269 1819 αὐτὴν
1325 1750 1748 1819 κεχρυσωμένην
1798 1745 2016 1812 ἔξωθεν,

443 1829 654 1882 ενίοθεν
681 1830 737 1882 δέ
759 1829 1073 1900 πολιορκίαν
1101 1831 1466 1902 κεκτημένην.
1519 1830 1707 1883 Πόσων
1748 1829 2016 1898 πενήτων,

445 1911 568 1963 είπὲ
599 1928 709 1982 μοι,
752 1911 1063 1978 πλεονεξίαν
1112 1913 1145 1981 ὴ
1176 1914 1297 1983 χείρ
1326 1929 1419 1965 σου
1451 1910 1748 1982 βαστάζει;
1782 1909 2019 1963 Ἐκϐαλέ

448 2010 539 2065 μοι
559 1994 658 2064 τὴν
688 1994 846 2065 χεῖρά
868 2011 983 2060 σου,
1015 1994 1186 2061 δεῖξον
1211 1995 1382 2066 αὑτήν
1400 2007 1414 2022 ⁸
1437 1995 1491 2048 τί
1527 1993 1797 2048 ἐνδέδυται
1819 2011 1833 2059 ;
1859 1993 2020 2046 Πλεο-

445 2077 644 2141 νεξίαν.
679 2077 914 2130 Ἔκϐαλε
936 2077 1034 2148 τὴν
1062 2080 1221 2148 χεῖρα
1241 2079 1339 2147 τῆς
1363 2077 1598 2148 Σάρρας.
1627 2077 1691 2129 Τί
1712 2076 2017 2139 ἐνδέδυταις

443 2159 767 2224 Φιλοξενίαν,
820 2159 1209 2230 ἐλεημοσύνην,
1246 2160 1491 2230 ἀγάπην,
1539 2158 1920 2230 φιλοπτωχίαν.
1957 2161 2022 2212 Ὢ

447 2244 613 2314 καλῆς
636 2243 813 2308 δεξιᾶς
840 2245 853 2297 ι
883 2246 1055 2299 Βλέπε
1082 2245 1264 2311 δεξιάν
1298 2247 1392 2299 καὶ
1417 2246 1596 2310 δεξιάν
1633 2256 1680 2300 ο.
1719 2246 1880 2298 Ἀλλά
1923 2247 2022 2316 μία

449 2323 546 2392 μὲν
599 2324 780 2393 μορφὴ
813 2324 1010 2388 δεξιᾶς,
1052 2323 1222 2394 πολλὴ
1274 2323 1330 2375 δὲ
1360 2324 1608 2393 διαφορά.
1676 2324 1821 2376 Ἐκεῖ
1849 2323 2020 2394 πηγαὶ

444 2405 712 2475 δακρύων,
732 2406 963 2460 ἐνταῦθα
990 2407 1240 2475 στέφανοι
1263 2407 1353 2460 καὶ
1374 2407 1620 2477 βραϐεῖα.
1649 2405 1832 2458 Ταῦτα
1857 2405 2018 2475 λέγω,

447 2487 534 2540 ἵνα
571 2490 704 2557 μήτε
743 2491 990 2556 γυναῖκες
1042 2489 1266 2542 τοιαῦτα
1317 2491 1466 2560 ποιρά
1524 2487 1730 2560 ἀνδρῶν
1793 2487 2018 2558 ζητῶσι,

448 2573 588 2640 μήτε
621 2571 813 2640 ἄνδρες
863 2572 1162 2640 ἀνέχωνται
1187 2571 1461 2639 γυναικῶν
1490 2571 1710 2623 τοιαῦτα
1754 2571 2019 2623 ἀπαιτου-

451 2653 577 2706 σῶν.
621 2653 725 2705 Ἴδε
774 2654 802 2724 ἡ
858 2654 1059 2725 Σάρρα,
1098 2652 1178 2706 ἴδε
1231 2652 1380 2726 [ὕιῦ]
1430 2655 1462 2723 ἡ
1513 2652 1740 2705 πλουσία
1785 2651 2022 2723 ἐφύρασε

447 2734 576 2806 τρία
610 2735 782 2807 μέτρα
820 2736 1168 2805 σεμιδάλεως.
1220 2737 1390 2798 Πόσος
1431 2738 1458 2788 6
1508 2737 1705 2798 πόνοςς
1754 2736 1889 2788 Ἀλλ’
1924 2736 2022 2787 οὐκ

448 2817 645 2888 ᾔσθετο
668 2820 829 2872 πόνου
859 2819 947 2873 διὰ
965 2819 1067 2890 τὴν
1097 2818 1286 2871 ἐλπίδα
1308 2818 1402 2870 τοῦ
1429 2819 1640 2889 καρποῦ
1668 2819 1762 2872 καὶ
1785 2818 1877 2870 τοῦ
1905 2819 2025 2888 κέρ-

446 2895 590 2959 δους.
621 2897 920 2963 Σπεῦσον,
945 2898 1221 2966 φύρασον
1243 2898 1372 2964 τρία
1405 2897 1594 2966 μέτρα
1635 2897 2018 2966 σεμιδάλεως.

451 2978 518 3033 Τί
573 2982 782 3046 ποιεῖςς
832 2977 1170 3050 καλλωπίζῃ,
1215 2977 1404 3048 γύναι;
1464 2979 1582 3032 Ἵνα
1639 2980 1742 3034 τίνι
1783 2980 2020 3050 ἀρέσῃς;

454 3060 546 3131 Τῷ
573 3063 761 3134 ἀνδρί;
793 3066 952 3134 Κακὴ
984 3062 1202 3134 μελέτη,
1238 3064 1286 3115 εί
1335 3061 1476 3115 οὕτω
1516 3061 1725 3132 μέλλεις
1773 3063 2024 3132 ἀρέσκειν

451 3142 531 3214 τῷ
551 3145 718 3216 ἀνδρὶ,
751 3148 800 3198 εί
831 3146 973 3200 οὕτω
1005 3145 1248 3207 σπεύδεις
1269 3143 1297 3184 ἀ
1337 3145 1591 3214 ἀρέσκειν
1619 3161 1712 3198 σου
1741 3144 1816 3215 τῷ
1846 3143 2020 3215 ἀνδρί.

454 3227 580 3291 Πῶς
608 3225 699 3282 οὖν
732 3230 941 3299 ἀρέσω;
972 3229 1048 3300 Τῇ
1085 3227 1425 3299 σωφροσύνῃ.
1475 3229 1636 3281 Ἀλλά
1664 3229 1778 3292 πῶς
1807 3229 2021 3299 ἀρέσω;

453 3311 532 3382 Τῇ
569 3311 834 3382 ἐπιεικείᾳ
856 3352 870 3376 ,
929 3313 996 3382 τῇ
1044 3311 1328 3380 φιλοσοφίᾳ
1356 3351 1370 3374 ,
1402 3313 1468 3380 τῇ
1520 3313 1793 3382 πραΰτητι
1827 3311 1922 3365 καὶ
1956 3313 2024 3381 τῇ

455 3389 668 3460 ἀγάπῃ,
693 3393 758 3460 τῇ
782 3390 1001 3461 ὁμονοίᾳ
1039 3391 1132 3441 καὶ
1159 3393 1225 3461 τῇ
1257 3391 1564 3460 συμφωνίᾳ.
1605 3390 1790 3444 Ταῦτά
1827 3407 1921 3443 σου
1958 3392 2026 3443 τά

456 3475 680 3544 κόσμια,
715 3473 897 3542 γύναι.
925 3465 1092 3525 Δῦταί
1118 3489 1210 3526 σου
1251 3473 1308 3525 αί
1351 3474 1542 3544 ἀρεταὶ
1582 3473 1832 3544 ὁμόνοιαν
1864 3473 2028 3544 ἐργά-

454 3557 675 3622 σείονται⁹
709 3558 892 3610 ἐκεῖνα
922 3556 992 3610 τά
1042 3556 1245 3626 κόσμια
1288 3557 1542 3629 ἀρέσκειν
1590 3556 1650 3609 ού
1686 3559 1849 3618 ποιεῖ,
1889 3555 2026 3608 ἀλλά

455 3642 553 3694 καὶ
601 3639 678 3710 τῷ
715 3639 868 3711 ἀνδρί
904 3656 963 3692 σε
998 3639 1261 3710 φορτικὴν
1309 3639 1714 3708 παρασκευάζει
1751 3638 2017 3708 γίνεσθαι.

457 3723 627 3776 Ὅταν
655 3725 763 3794 γάρ
795 3724 972 3793 εἴπῃς,
1008 3722 1289 3793 ’Ἅρπασον
1323 3723 1417 3775 καὶ
1443 3721 1572 3792 φέρε
1607 3738 1715 3792 μοι,
1763 3722 1822 3776 ἐν
1863 3721 2028 3791 ὀλίγῳ

460 3806 559 3876 μὲν
593 3806 656 3858 σὺ
686 3807 962 3877 ἀρέσκεις,
1001 3805 1224 3874 ὕστερον
1251 3804 1308 3856 δὲ
1336 3804 1590 3874 πολέμιον
1628 3803 1790 3873 ἔχεις.
1826 3805 1942 3857 ’Ἱνα
1970 3803 2027 3856 δὲ

461 3889 658 3962 μάθῃς,
685 3891 765 3942 ὃτι
795 3890 895 3941 ούκ
925 3889 1079 3960 ἀνδρὶ
1096 3887 1350 3958 ἀρέσκεις
1371 3903 1384 3915 ο
1418 3889 1476 3943 ἐν
1502 3889 1566 3956 τῇ
1591 3888 1736 3958 οίκίᾳ
1761 3886 1869 3957 γὰρ
1892 3886 2029 3939 αὐτὰ

457 3973 796 4036 ἀποτίθεσαι,
828 3972 919 4026 καὶ
945 3973 1002 4025 ἐν
1025 3975 1092 4044 τῇ
1124 3971 1387 4043 ἐκκλησίᾳ
1419 3970 1559 4024 αύτά
1604 3970 1906 4044 περιϐάλλῃ
1926 3987 1942 4002 ο
1980 3971 2029 4022 εί

458 4054 536 4126 τῷ
564 4055 716 4126 ἀνδρὶ
747 4056 998 4126 ἥρεσκες,
1032 4056 1088 4107 ἐν
1114 4056 1178 4124 τῇ
1201 4054 1346 4122 οἰκίᾳ
1371 4052 1436 4105 ἂν
1457 4051 1595 4105 αὺτά
1621 4053 1854 4123 ἐφόρεις.
1891 4052 2028 4105 Ἀλλ’

461 4140 596 4209 ὅπερ
621 4135 792 4205 εἷπον,
818 4139 1039 4211 είσέρχῃ
1063 4140 1142 4201 είς
1160 4138 1256 4208 τὴν
1287 4135 1611 4207 ἐκκλησίαν,
1639 4135 2028 4208 κεχρυσωμένη

459 4223 560 4286 τὰς
582 4226 768 4293 χεῖρας
812 4223 905 4275 καὶ
940 4223 1032 4274 τὸν
1079 4219 1365 4293 τράχηλον.
1411 4220 1536 4273 Ἐἀν
1577 4219 1706 4292 έλθῃ
1741 4218 1968 4283 Παῦλος,
2003 4221 2032 4272 6

462 4305 690 4377 φοϐερὸς
715 4307 919 4366 ἐκεῖνος
943 4305 1037 4357 καὶ
1090 4302 1357 4368 ποθεινὸς,
1386 4302 1613 4373 φοϐερὸς
1641 4307 1751 4366 τοῖς
1779 4301 2031 4372 ἁμαρτά-

460 4403 632 4452 νουσι,
667 4388 763 4440 καὶ
809 4385 1054 4449 ποθεινὸς
1104 4388 1217 4449 τοῖς
1264 4385 1568 4447 εὐσεϐοῦσι,
1604 4385 1704 4458 βοᾷ
1745 4386 1839 4440 καὶ
1885 4385 2032 4454 λέγει

460 4469 751 4535 ὡσαύτως·
791 4470 902 4537 Τὰς
923 4470 1207 4539 γυναῖκας
1237 4469 1487 4540 κοσμεῖν
1528 4470 1746 4536 ἑαυτὰς
1769 4469 1908 4539 χρὴ,
1945 4470 2032 4540 μὴ

460 4553 531 4607 ἐν
553 4553 789 4624 χρυσῷ,
817 4554 904 4624 μὴ
957 4553 1026 4606 ἐν
1074 4555 1476 4622 μαργαρίταις,
1513 4551 1599 4621 μὴ
1632 4552 1702 4605 ὲν
1743 4553 2034 4622 ἱματισμῷ

463 4637 804 4693 πολυτελεῖ.
840 4633 972 4690 Εἶτα
994 4635 1060 4689 ἂν
1105 4636 1316 4707 εἰσέλθῃ
1346 4638 1375 4689 6
1403 4635 1624 4707 Ἕλλην,
1675 4637 1770 4690 καὶ
1806 4635 1890 4708 ἴδῃ
1921 4636 2034 4689 ἀνω

467 4719 565 4790 μὲν
586 4718 856 4790 φορούσας
892 4715 1065 4768 ταῦτα
1092 4715 1325 4780 ἐκείνας,
1371 4717 1520 4770 κάτω
1541 4716 1598 4770 δέ
1628 4716 1836 4770 Παῦλον
1865 4717 2034 4770 ταῦτα

465 4801 708 4869 λέγοντα,
732 4802 831 4853 οὐκ
854 4801 985 4868 ἐρεῖ,
1012 4800 1093 4852 ὃτι
1126 4799 1296 4868 σκηνὴ
1319 4801 1415 4852 καί⁹
1443 4798 1610 4869 μῦθος
1647 4797 1821 4852 ταῦτά
1849 4801 2029 4866 ἐστιν;

465 4880 578 4932 Οὐκ
611 4879 725 4933 ἐστι
767 4881 864 4950 μὲν
894 4877 1065 4949 σκηνὴ
1093 4877 1160 4929 τά
1188 4878 1431 4948 ἡμέτερα
1465 4887 1519 4940 ε,
1554 4877 1656 4929 κᾶν
1697 4877 1838 4929 οὓτω
1865 4878 2035 4932 ταῦτα

464 4962 698 5034 γίνηται.
740 4964 798 5016 '0
827 4962 883 5016 δὲ
903 4961 1100 5031 Ἕλλην
1122 4959 1436 5031 βλάπτεται,
1461 4960 1555 5013 καὶ
1583 4960 1751 5028 λέγει·
1776 4962 2033 5031 Είσῆλθον

464 5047 544 5110 είς
588 5046 878 5117 ἐκκλησίαν
928 5045 1286 5117 Χριστιανῶν,
1321 5045 1415 5098 καὶ⁹
1441 5045 1650 5114 ἥκουσα
1697 5046 1790 5100 τοῦ
1821 5046 2032 5100 Παύλου

464 5129 730 5197 λέγοντος,
759 5129 855 5198 Μὴ
883 5130 950 5183 ἐν
989 5128 1215 5199 χρυσῷ,
1239 5128 1394 5197 μηδὲ
1424 5129 1494 5181 ἐν
1511 5132 1915 5199 μαργαρίταις,
1936 5133 2034 5202 τὴν

464 5212 521 5266 δὲ
545 5213 633 5265 διά
663 5213 768 5264 τῶν
797 5211 972 5280 ἔργων
998 5211 1215 5264 ἐναντία
1251 5211 1715 5284 ἐπιδεικνυμένην.

539 5300 614 5358 ς’.
629 5294 693 5345 Τί
711 5311 791 5346 σοι
807 5293 994 5362 ὄφελος
1009 5294 1102 5348 τοῦ
1121 5295 1362 5366 χρυσίου,
1377 5294 1533 5364 γύναι
1549 5315 1564 5362 ;
1582 5296 1698 5349 Ἵνα
1721 5296 1858 5370 καλὴ
1871 5298 2031 5370 φαίνῃ

529 5379 554 5440 ξ’
581 5376 718 5426 Alius
737 5379 915 5440 ἐλπίσιν
935 5380 1168 5440 έγαμήθην
1207 5395 1302 5428 σοι.

531 5437 560 5478 1)
578 5440 672 5500 Alii
696 5439 835 5499 μόνον
857 5437 1109 5500 σωμάτων.

532 5503 554 5562 εἴ
582 5499 632 5562 [n
661 5501 810 5549 Savil.
832 5499 953 5562 hac,
983 5503 1120 5562 βλέπε
1138 5502 1286 5555 δεξιὰν
1302 5502 1382 5550 καὶ
1404 5503 1570 5562 δεξιάν,
1592 5501 1788 5550 desunt.

527 5560 556 5601 ά
580 5560 689 5628 Duo
711 5573 826 5628 mss:
851 5559 897 5628 τί
919 5559 1090 5628 ποιεῖς
1114 5563 1405 5628 καλλωπίζῃ,
1445 5559 1601 5628 γύναις
1617 5565 1709 5628 ᾉῖνα
1728 5565 1771 5611 τί
1792 5600 1804 5621 ,
1827 5565 1904 5612 ἵνα
1924 5565 2034 5628 ἀρέ-

471 5622 753 5690 σῃςπᾴντως
768 5622 837 5681 τῷ
857 5620 1216 5690 &V§QE.;_510610)_
1231 5620 1465 5690 σπεύδειςξ
1476 5625 1584 5690 Alii_
1583 5626 1627 5672 τί
1637 5642 1718 5690 μοι
1728 5620 1996 5690 καλλωπίξῃ
2015 5645 2029 5684 ;

537 5701 559 5725 υ
585 5683 692 5750 Duo
712 5695 826 5750 ωδε.
852 5682 1172 5750 ταῦτάέστινς
1193 5685 1264 5733 ὅτι
1305 5689 1477 5750 σκῆψις
1500 5682 1650 5736 ταῦτά
1677 5689 1804 5750 ἔστη
1826 5689 1916 5738 ούκ
1933 5682 2032 5738 ἐστι

475 5746 554 5809 μὲν
575 5746 662 5808 γὰρ
683 5745 854 5806 σκῆψις
867 5743 1151 5805 τάἡμέτερα.

1711 321 1779 377 IN
1817 320 2144 378 PSALMU.“
2190 321 2422 378 XLVIII.

3587 317 3696 374 508

2121 431 2216 485 καὶ
2242 432 2453 503 ὡραία;
2492 431 2630 485 Ἀλλ’
2660 430 2809 485 οὐδέν
2857 448 2936 485 σοι
2962 429 3117 484 τοῦτο
3151 433 3229 493 εἰς
3273 431 3332 483 τὸ
3367 431 3558 495 κάλλος
3591 432 3690 501 τῆς

2117 514 2292 584 ψυχῆς
2328 514 2569 567 συντελεῖ
2602 514 2644 568 τ.
2684 514 2846 566 Γενοῦ
2890 514 2986 584 τὴν
3032 513 3207 584 ψυχὴν
3239 513 3510 582 εὔμορφος
3535 554 3550 577 ,
3595 516 3695 566 καὶ

2118 597 2215 668 έσῃ
2246 598 2339 649 καὶ⁵
2368 597 2427 649 τὸ
2458 597 2614 667 σῶμα
2648 597 2888 666 ποθεινή.
2920 600 3109 665 Σοφία
3137 595 3446 662 ἀνθρώπου
3495 595 3692 662 φωτιεὶ

2118 679 2184 730 τὸ
2208 680 2530 745 πρόσωπον
2554 679 2760 732 αὑτοῦ.
2795 678 2984 730 Καίτοι
3007 681 3039 748 ή
3082 678 3242 746 σοφία
3265 677 3362 747 τῆς
3386 676 3560 747 ψυχῆς
3590 678 3691 730 αύ-

2119 759 2231 812 τοῦ.
2275 761 2437 813 Οὐδὲν
2471 763 2616 813 ποιεῖ
2653 761 2814 812 πόθον
2855 762 2948 813 καὶ
2980 760 3175 831 ἔρωτα,
3208 759 3281 822 ὡς
3314 759 3518 827 ἀγάπη.
3565 759 3694 811 Ἐἀν

2119 843 2227 911 γὰρ
2273 844 2396 914 φιλῇ
2440 861 2496 895 σε
2529 845 2556 895 6
2587 846 2722 912 ἀνήρ
2758 860 2872 906 σου,
2926 842 3026 896 κᾶν
3059 842 3300 913 ἄμορφος
3349 837 3435 911 ᾖς.
3468 841 3692 910 ποθεινὴ

2121 925 2265 996 αὐτῷ
2296 927 2458 997 φαίνῃ
2480 944 2493 956 ·
2518 927 2611 978 ἐὰν
2635 927 2690 978 δέ
2723 929 2926 996 μισήσῃ
2952 943 3032 989 σε,
3080 925 3181 978 κᾶν
3203 925 3475 996 εὔμορφος
3503 920 3587 998 ᾗς.
3629 925 3691 976 οὐ

2122 1009 2262 1062 θέλει
2284 1027 2342 1061 σε
2370 1010 2521 1079 ὁρᾷν.
2553 1009 2624 1060 T6
2653 1010 2761 1079 γάρ
2795 1011 2948 1079 μῖσος
2999 1009 3098 1078 τῆς
3128 1008 3304 1078 ψυχῆς
3355 1007 3454 1058 ούκ
3503 1005 3693 1075 ἀφίησι

2119 1092 2217 1162 τὴν
2242 1093 2540 1161 εὐμορφίαν
2568 1091 2665 1160 τῆς
2703 1091 2877 1157 ὄψεως
2907 1090 3210 1160 φαίνεσθαι.
3244 1090 3410 1143 Ὅταν
3438 1088 3545 1158 γὰρ
3569 1087 3694 1156 μέλ-

2123 1177 2217 1246 λῃς
2255 1174 2414 1225 αὐτὸν
2468 1175 2718 1226 ἀπαιτεῖν
2753 1175 2953 1242 κόσμια
2981 1174 3074 1226 καὶ
3109 1173 3328 1244 χρυσὸν,
3359 1173 3478 1222 τότε
3513 1170 3695 1240 μέλλει

2124 1273 2183 1307 σε
2207 1257 2300 1308 καὶ
2327 1255 2488 1317 αὐτὸς
2517 1258 2691 1323 μισεῖν
2726 1255 2819 1307 καὶ
2858 1254 3098 1323 φεύγειν,
3146 1254 3220 1317 ὡς
3249 1254 3336 1306 τὸν
3389 1251 3697 1320 ἀπαιτητὴν

2123 1339 2180 1390 ἐν
2205 1339 2380 1408 ἀγορᾷ
2403 1337 2658 1404 φανέντα.
2696 1337 2834 1390 Ἀλλ’
2870 1341 3072 1390 ἐκεῖνον
3098 1340 3194 1407 μέν
3221 1337 3440 1389 δύναται
3483 1337 3690 1403 φυγεῖν,

2125 1421 2183 1473 σὲ
2211 1422 2268 1473 δέ
2294 1423 2352 1473 ού
2385 1421 2626 1483 δύναται,
2669 1420 2812 1473 ἔνδον
2843 1417 3006 1473 οὖσαν
3035 1419 3296 1490 διηνεκῶς
3317 1420 3410 1472 καὶ
3433 1415 3691 1470 ἀπαιτοῦ-

2125 1521 2223 1557 σαν
2253 1505 2587 1575 λειτουργίας
2618 1505 2771 1571 λόγον
2801 1505 2900 1556 οὐκ
2923 1503 3169 1572 ἐχούσας.
3207 1502 3391 1555 Ταῦτα
3421 1502 3493 1570 μὴ
3535 1499 3694 1568 μόνον

2123 1587 2366 1640 ἀκουέτω
2398 1588 2428 1656 ἡ
2461 1588 2595 1656 ἀκοή
2639 1603 2750 1650 σου,
2786 1579 2830 1638 ὦ
2858 1585 3036 1652 γύναι,
3064 1584 3197 1636 ἀλλά
3233 1585 3324 1636 καὶ
3366 1581 3696 1652 μεταϐαλλέ-

2125 1669 2235 1721 σθω
2260 1685 2351 1721 σου
2385 1671 2417 1738 ἡ
2464 1669 2688 1722 διάνοια.
2725 1666 2995 1738 Φάρμακὰ
3027 1669 3141 1718 ἐστι
3185 1665 3444 1717 δάκνοντα
3478 1663 3546 1714 τὰ
3596 1664 3694 1734 ρή-

2127 1768 2271 1820 ματα
2301 1751 2369 1804 τὰ
2393 1751 2520 1822 ἐμά,
2541 1751 2800 1804 δάκνοντα
2819 1750 2955 1819 πρὸς
2985 1749 3194 1819 καιρὸν,
3218 1749 3312 1801 καὶ
3340 1746 3700 1815 εὐφραίνοντα

2122 1833 2399 1902 διηνεκῶς.
2441 1834 2642 1904 Ἰατρὸς
2688 1835 2820 1902 ειμι,
2853 1830 3099 1885 σκαλεύω
3143 1829 3212 1882 τὰ
3261 1827 3569 1896 τραύματα,
3609 1827 3699 1879 ἵνα

2127 1917 2201 1988 μὴ
2234 1914 2560 1986 παλαιότερα
2585 1915 2851 1985 γενόμενα
2872 1913 3090 1983 χείρονα
3125 1909 3222 1980 τὴν
3258 1908 3425 1979 νομὴν
3456 1908 3695 1979 ἐργάση-

2123 1987 2234 2052 ται.
2283 1997 2423 2067 Ἐγὼ
2453 1999 2555 2070 μὲν
2586 1998 2693 2070 γὰρ
2715 1996 2966 2068 ίατρεύω,
3019 1997 3117 2065 τὴν
3162 1993 3251 2047 διά
3301 1991 3458 2058 λόγου
3489 1991 3700 2058 ὑγίειαν
3808 1987 3816 1995 ’

2126 2079 2274 2153 [514]
2305 2082 2693 2152 χαριζόμενοςο
2733 2080 2781 2132 οί
2813 2078 2868 2131 δέ
2888 2075 2982 2130 τοῦ
3017 2075 3280 2148 παρόντος
3332 2073 3445 2144 βίου
3490 2073 3550 2124 τὸ
3581 2071 3700 2124 ἐπί-

2126 2180 2315 2235 καιρον
2343 2163 2436 2217 καὶ
2464 2163 2728 2233 σφαλερὸν
2753 2162 2847 2216 καὶ
2876 2159 3342 2230 εὐκαταφρόνητον
3369 2156 3698 2210 ἐπιδείκνυνο

2124 2263 2232 2300 ται.
2277 2247 2414 2299 Ἀλλ’
2459 2247 2593 2316 ὅπερ
2641 2246 2824 2312 ελεγον
2858 2243 2985 2314 περὶ
3016 2241 3109 2295 τοῦ
3153 2241 3402 2310 Ἀϐραὰμ
3446 2239 3539 2306 (οὐ
3588 2237 3701 2308 γὰρ

2125 2328 2456 2398 ἐπιλήσομαι
2478 2329 2577 2397 τῆς
2606 2325 3006 2397 ὑποσχέσεως),
3051 2323 3352 2386 Σπεῦσον,
3395 2320 3491 2374 καὶ
3521 2321 3701 2388 φύρα-

2125 2424 2262 2474 σον,
2301 2409 2473 2464 ταῦτα
2525 2411 2727 2479 ἑκάστη
2775 2408 2912 2476 γυνὴ
2974 2407 3294 2475 ἐγγραφέτω
3349 2406 3414 2474 τῇ
3469 2402 3695 2472 διανοίᾳ,

2124 2493 2296 2546 ταῦτα
2321 2494 2548 2556 ἕκαστος
2575 2494 2712 2564 ἀνὴρ
2737 2492 2907 2561 ἐχέτω
2937 2492 2993 2542 ἐν
3027 2488 3104 2560 τῷ
3144 2486 3421 2541 συνειδότι.

2196 2577 2260 2630 Τί
2287 2595 2376 2649 μοι
2417 2579 2600 2650 φέρεις
2623 2576 2821 2647 σηρικά
2856 2575 3068 2644 ἱμάτια,
3100 2573 3194 2626 καὶ
3216 2573 3413 2631 ἵππους
3439 2585 3701 2640 χρυσοχα-

2125 2660 2319 2726 λίνους,
2340 2662 2431 2715 καί
2456 2660 2709 2732 ἡμιόνους
2726 2655 3233 2725 καλλωπιζομένας;
3280 2653 3527 2724 Ἦμίονος
3549 2651 3699 2704 κάτω

2127 2743 2544 2807 καλλωπίζεται,
2569 2746 2597 2796 6
2622 2741 2820 2811 χρυσὸς
2837 2743 2892 2793 ἐν
2917 2739 3083 2810 στέγῃ
3111 2736 3396 2806 κατέχεται
3425 2751 3438 2765 ·
3470 2737 3538 2788 τὰ
3567 2736 3699 2804 χρή-

2131 2844 2272 2897 ματα
2299 2828 2508 2896 ἡμίονοι
2537 2825 2720 2892 ἄλογοι
2775 2823 3168 2893 περιφέρουσι,
3210 2817 3441 2890 χρυσοῦς
3482 2816 3699 2886 ἔχουσαι

2127 2908 2402 2979 χαλινούςο
2431 2909 2644 2979 ἡμίονοι
2674 2906 2855 2974 ἄλογοι
2900 2901 3348 2966 καλλωπίζονται,
3397 2900 3424 2951 6
3451 2899 3507 2951 δὲ
3533 2899 3700 2968 πένης

2127 2993 2185 3044 ἐν
2206 2991 2349 3062 λιμῷ
2375 2991 2674 3061 τηκόμενος
2701 2990 2768 3059 τῇ
2815 2987 2955 3058 θύρᾳ
2989 3002 3081 3038 σου
3138 2981 3509 3054 προσεδρεύει,
3547 2981 3640 3034 καὶ
3671 2981 3702 3033 6

2127 3075 2360 3146 Χριστὸς
2397 3072 2538 3144 λιμῷ
2567 3073 2810 3144 τήκεται.
2845 3072 2908 3122 Ὢ
2935 3071 3032 3139 τῆς
3065 3067 3298 3138 ἐσχάτης
3327 3064 3540 3127 ἀνοίαςί
3565 3062 3703 3117 Ποία

2129 3157 2425 3225 ἀπολογίας
2475 3155 2606 3210 ποία
2656 3153 2973 3224 συγγνώμη,
3003 3153 3134 3205 ὅταν
3181 3152 3210 3203 6
3244 3150 3475 3222 Χριστὸς
3503 3148 3700 3220 ἕστηκε

2130 3240 2235 3311 πρὸ
2263 3239 2372 3293 τῶν
2401 3237 2578 3310 θυρῶν
2605 3254 2696 3290 σου
2720 3238 2777 3290 ἐν
2807 3237 3044 3306 σχήματι
3077 3231 3292 3303 πτωχοῦ
3311 3271 3326 3294 ,
3360 3231 3423 3283 σὺ
3480 3230 3536 3283 δέ
3571 3229 3702 3300 μηδὲ

2129 3321 2266 3385 ὅλως
2316 3316 2366 3374 εῑ
2401 3319 2912 3390 ἐπικαμπτόμενοςῖ
2961 3316 3053 3379 Τίς
3111 3331 3170 3368 σε
3215 3313 3560 3386 ἐξαιρήσεται
3602 3312 3703 3380 τῆς

2131 3403 2338 3456 ἐκεῖθεν
2366 3404 2666 3474 τιμωρίας;
2699 3401 2939 3466 Δέδωκα,
2987 3397 3171 3469 φησὶν,
3222 3396 3396 3474 ἔλεον.
3438 3395 3596 3448 Ἀλλά

2129 3481 2233 3552 δῷς
2257 3471 2562 3552 μόνονήὸσον
2592 3480 2732 3534 θέλει
2773 3482 2996 3543 ἐκεῖνος.
3031 3477 3144 3531 ἀλλ’
3171 3477 3294 3531 ὅσον
3342 3473 3582 3529 δύνασαι.
3638 3471 3703 3524 Τί

2130 3567 2251 3618 τότε
2279 3567 2444 3636 ἐρεῖς,
2475 3564 2594 3618 εἰπέ
2628 3581 2736 3634 μοι,
2786 3563 2914 3615 ὅταν
2959 3563 3014 3614 αἱ
3045 3559 3293 3622 κολάσεις
3321 3559 3377 3611 αί
3416 3556 3701 3629 ἀφόρητοι,

2131 3647 2258 3699 ὅταν
2279 3646 2335 3697 αἱ
2363 3643 2622 3716 τιμωρίαι
2662 3644 2885 3707 ἐκεῖναι,
2929 3641 3023 3695 καὶ
3060 3641 3115 3693 αἱ
3141 3637 3379 3704 ἀπειλαὶ,
3408 3637 3499 3690 καὶ
3524 3637 3706 3716 αί-φο-

2133 3724 2289 3795 ϐεραὶ
2313 3726 2338 3764 ε
2355 3713 2630 3792 δυνάμεις.
2650 3723 2776 3775 ὅταν
2801 3723 2828 3774 6
2857 3719 3100 3788 ποταμὸς
3121 3717 3214 3771 τοῦ
3238 3716 3406 3787 πυρὸς
3434 3713 3700 3795 καχλάζῃ.

2133 3789 2260 3856 ὅταν
2283 3803 2344 3856 τὸ
2386 3789 2538 3872 βῆμα
2565 3800 2623 3853 τὸ
2645 3800 2894 3870 φοϐερὸν,
2925 3801 3050 3852 ὅταν
3077 3797 3138 3850 τὸ
3186 3797 3465 3866 κριτήριον
3581 3789 3707 3872 ἀδέ⁹

2133 3898 2352 3947 καστον,
2386 3867 2514 3934 ὅταν
2542 3881 2575 3947 ἠ
2607 3867 2792 3946 φύσις
2813 3881 2846 3947 ὴ
2890 3878 3144 3945 ἄναρχος,
3195 3874 3322 3925 ὃταν
3357 3868 3559 3940 ἐρημία
3597 3867 3705 3918 τῶν

2134 3960 2484 4030 ἀνθρωπίνων
2520 3957 2876 4027 πραγμάτων,
2910 3956 3036 4007 ὅταν
3089 3953 3226 4022 μήτε
3282 3949 3463 4022 πατὴρ
3494 3986 3508 4006 ,
3567 3948 3704 4030 μήτε

2137 4027 2349 4109 μήτηρ,
2387 4041 2523 4108 μήτε
2556 4038 2784 4106 γείτων,
2823 4037 2957 4106 μήτε
2991 4031 3273 4102 βασιλεὺς,
3325 4031 3461 4109 μήτε
3487 4027 3705 4109 παροδξ.

2133 4106 2252 4185 της,
2273 4106 2421 4186 μήτε
2451 4106 2600 4182 ξένος
2621 4113 2840 4168 δύναταί
2871 4130 2930 4166 σε
2967 4111 3265 4181 ὠφελῆσαι,
3300 4108 3436 4186 ἀλλά
3466 4106 3701 4186 στήκειὲ

2139 4184 2296 4264 μόνος
2315 4184 2818 4266 όὝᾶνθρωπος-μετά
2839 4191 2946 4245 τῶν
2977 4190 3155 4266 ἔργων
3177 4184 3366 4266 αὑτοῦ,
3390 4184 3707 4266 κατακρινόο

2140 4261 2298 4345 μενος
2315 4273 2455 4344 ὑπὲρ
2470 4261 2718 4335 ἐκείνων,
2732 4272 2766 4342 ἢ
2788 4272 2882 4324 καὶ
2901 4265 3324 4337 στεφανούμενος
3345 4264 3483 4345 ὺπέρ
3499 4261 3703 4345 αύτῶνς

2137 4341 2203 4405 Τί
2239 4353 2358 4406 τότε
2392 4341 2535 4423 ἐρεῖς
2562 4366 2578 4414 ;
2639 4341 2773 4402 Τότε
2807 4348 3200 4418 ἀναμνησθήσῃ
3250 4361 3350 4416 μου
3376 4343 3484 4396 τῶν
3499 4341 3704 4423 λόγων.

2151 4432 2308 4486 Ἀλλά
2334 4433 2386 4486 τί
2418 4421 2500 4484 σοι
2536 4431 2597 4483 τὸ
2629 4428 2848 4499 δφελοςς
2878 4429 3071 4481 Οὐδέν·
3105 4425 3228 4480 ἐπεὶ
3271 4425 3364 4478 καὶ
3400 4426 3428 4477 6
3458 4421 3707 4483 πλούσιος

2137 4511 2342 4573 ἐκεῖνος
2368 4508 2677 4580 ἀνεμνήσθη
2713 4507 2808 4561 καὶ
2836 4507 3014 4576 ἐζήτει
3037 4506 3225 4577 καιρὸν
3260 4501 3563 4575 μετανοίας,
3591 4500 3704 4554 ἀλλ’

2137 4591 2288 4643 οὐδὲν
2315 4585 2382 4659 ἦν
2398 4587 2546 4657 αὐτῷ
2562 4586 2769 4657 κέρδος.
2795 4586 2938 4654 Πλὴν
2955 4585 3127 4652 ἔλεγε,
3146 4585 3392 4653 Πέμψον
3407 4580 3673 4648 Λάζαρον
3686 4619 3704 4645 ,

2138 4674 2238 4726 ἵνα
2260 4670 2437 4738 ,ϐάψῃ
2466 4668 2532 4723 τὸ
2572 4668 2760 4736 ἄκρον
2803 4666 2909 4720 τοῦ
2951 4664 3252 4720 δακτύλου
3289 4663 3474 4720 αὑτοῦ
3513 4664 3704 4726 ὕδατι,

2139 4750 2238 4803 καί
2277 4746 2595 4816 καταψύξῃ
2641 4763 2760 4815 μου
2815 4744 2929 4812 τὴν
2973 4741 3264 4812 γλῶσσαν
3306 4757 3322 4784 ι
3353 4785 3368 4809 ,
3406 4742 3494 4796 ὅτι
3545 4742 3706 4794 πάνυ

2139 4826 2453 4896 ὀδυνῶμαι.
2497 4825 2635 4879 Ἀλλ’
2683 4825 2782 4877 οὐκ
2832 4821 3042 4892 έπεμψε
3075 4819 3344 4894 Λάζαρον,
3372 4822 3470 4890 οὐχ
3497 4820 3577 4872 ὅτι
3611 4819 3700 4885 ζη-

2142 4909 2271 4978 μίαν
2298 4907 2458 4976 ἐφερε
2493 4905 2589 4975 μία
2625 4905 2778 4975 ῥανὶς
2811 4905 2890 4966 είς
2920 4901 3017 4970 τὴν
3054 4901 3295 4971 μεγάλην
3326 4897 3418 4951 τοῦ
3451 4896 3692 4978 παοαδεί·

2141 4976 2233 5041 σου
2257 4985 2589 5057 πηγὴν,ἀλλ’
2621 4985 2702 5037 ὅτι
2733 4986 2766 5055 ἡ
2801 4984 2898 5051 τῆς
2931 4981 3295 5051 ἐλεημοσύνης
3331 4976 3557 5057 σταγὼν⁸
3586 4989 3709 5057 ἀμι-

2139 5084 2280 5130 κτως
2323 5050 2446 5135 έχει
2482 5064 2615 5135 πρὸς
2666 5050 2766 5132 τὴν
2819 5050 3098 5129 ἀπήνειαν.
3143 5055 3357 5135 Ἐπειδὴ
3384 5054 3490 5122 γὰρ
3531 5053 3598 5135 ἐν
3627 5050 3705 5135 τῶ

2139 5129 2316 5216 καιρῷ
2343 5129 2434 5198 τοῦ
2474 5129 2684 5197 σταδίου
2722 5129 3219 5216 -κατεφρονήθη,λέν
3267 5131 3360 5216 τῶ-
3391 5129 3564 5200 καιρῷ
3608 5129 3704 5182 τοῦ

2140 5209 2402 5293 στεφάνου
2434 5223 2685 5290 οὐδεμιᾶς
2714 5215 3062 5288 παραμυθίας
3091 5211 3250 5293 αὐτὸν
3275 5209 3492 5293 ἠξίωσε.

2209 5287 2275 5366 ζί.
2295 5301 2480 5356 Ταῦτα
2500 5287 2663 5365 λέγω,
2678 5298 2764 5350 ἵνα
2780 5287 2954 5365 μήτεό
2977 5293 3143 5359 πένης
3163 5288 3370 5359 δακρύῃ
3383 5287 3468 5341 διὰ
3495 5289 3591 5358 τὴν
3613 5304 3708 5339 πε-

2205 5383 2225 5422 ί
2268 5385 2384 5433 Post
2402 5388 2570 5447 ψυχῆς,
2591 5381 2798 5427 συντελεῖ
2821 5377 3021 5427 deeslin
3047 5380 3185 5423 textu
3207 5373 3376 5430 Savil.,
3403 5371 3490 5420 sed
3509 5373 3560 5420 in
3580 5385 3707 5420 mar-

2138 5445 2254 5508 gine
2273 5445 2490 5493 affertur.

2203 5493 2363 5555 8⁷1.)υο
2387 5519 2499 5552 mss.
2525 5502 2696 5550 ἐκεῖναι
2732 5501 2813 5548 καὶ
2833 5498 3093 5556 έπάλληλαι
3116 5499 3163 5545 αἱ
3191 5494 3398 5559 φοϐεραί.
3425 5493 3576 5543 Paulo
3593 5500 3707 5553 post

2140 5581 2267 5628 unus
2284 5585 2344 5616 κα
2360 5568 2508 5628 ςλάζῃ.

2202 5628 2230 5666 1³
2256 5625 2386 5676 [Ian
2405 5625 2525 5675 ἀλλὰ
2542 5625 2753 5686 ἵσταται.
2815 5681 2832 5686 η
3028 5679 3052 5686 _
3101 5681 3118 5686 _
3229 5679 3257 5686 η
3391 5678 3404 5686 ,
3469 5673 3493 5686 ..

2209 5690 2223 5728 i
2254 5688 2402 5736 [idem
2429 5688 2506 5735 ἵνα
2527 5685 2672 5744 στάεῃ
2695 5685 2764 5744 τῷ
2805 5681 2939 5744 ἄκρῳ
2973 5679 3057 5744 τοῦ
3098 5679 3327 5730 δακτύλου
3354 5676 3518 5737 αὑτοῦ,
3563 5676 3611 5725 ἐν
3647 5678 3708 5735 τῇ

2141 5752 2334 5813 γλώσσῃ
2362 5765 2466 5810 μου.
2494 5747 2607 5798 Haec
2624 5743 2748 5796 mire
2773 5743 2957 5795 variam
2988 5743 3038 5792 in
3063 5756 3177 5794 mss.
