4074 6278
262 265 367 322 509

263 396 415 436 mens
466 379 832 451 philosophica
889 394 1083 437 nervos
1146 381 1365 448 habuit;
1427 381 1554 437 vicit
1599 389 1842 437 naturam

261 472 525 527 alacritas.
570 471 742 528 Herus
785 472 1197 528 domesticorum
1244 481 1602 530 trecentorum
1629 474 1848 530 octode-

260 562 636 628 cim,vitulum
681 573 894 633 gestans
923 578 1088 620 onere
1135 578 1245 620 non
1290 565 1710 635 opprimebatur,
1753 564 1850 623 sed

261 655 538 710 alacritate
592 667 825 710 mentem
861 656 1092 714 levabat.
1135 654 1335 713 Cursus
1380 657 1496 714 seni
1547 658 1850 728 propositus

259 755 406 810 erat,
455 755 510 800 ct
559 762 810 818 magnum
850 748 1237 815 ministerium,
1291 750 1556 819 uxorique
1599 749 1750 806 labor
1797 759 1852 805 et

259 854 445 909 opera.
475 837 589 893 Non
623 840 796 895 solum
840 842 981 896 enim
1012 842 1356 911 pecuniarum
1406 842 1741 910 liberalitate,
1795 852 1850 898 et

262 931 405 985 lauta
430 947 615 986 mensa
640 947 655 996 ;
708 932 804 988 sed
855 933 1016 989 etiam
1048 933 1344 990 ministerio
1371 935 1541 990 multo
1567 934 1850 1006 officioque

259 1021 477 1092 proprio
503 1021 743 1092 hospites
765 1024 1126 1092 excipiebant;
1157 1040 1262 1080 non
1301 1025 1621 1080 famulorum
1646 1039 1807 1096 opera
1823 1065 1841 1092 ,

257 1113 351 1167 sed
385 1112 630 1166 manibus
678 1113 1039 1184 membrisque
1083 1115 1192 1168 suis
1238 1115 1618 1170 ministrantes.
1649 1115 1848 1172 Deinde

257 1211 456 1270 praesto
482 1209 597 1257 erat
621 1217 762 1257 uxor
783 1203 990 1258 ancillae
1031 1204 1235 1272 habitu,
1284 1213 1340 1260 et
1372 1204 1610 1274 hospites
1639 1220 1847 1260 recum-

257 1291 458 1346 hebant
484 1293 646 1363 ignoti
668 1310 681 1346 :
701 1309 874 1364 neque
899 1294 1040 1348 enim
1074 1293 1232 1351 ﬁnem
1259 1293 1372 1350 haec
1398 1295 1607 1350 dicendi
1632 1294 1844 1352 faciam.

258 1384 525 1438 Putabant
551 1385 694 1439 enim
723 1399 818 1441 eos
859 1400 980 1441 esse
1025 1402 1283 1456 pauperes
1319 1389 1596 1458 quospiam
1627 1407 1639 1442 :
1665 1405 1846 1444 verum

255 1475 376 1530 haec
423 1491 528 1530 non
578 1477 757 1532 animo
785 1479 1088 1544 versabant,
1117 1478 1214 1534 sed
1253 1493 1313 1534 se
1342 1481 1648 1550 peregrinos
1676 1481 1850 1537 susci-

255 1583 409 1637 pere.
459 1567 755 1624 Adstabant
805 1569 962 1624 ambo
1006 1571 1096 1626 illo
1143 1579 1420 1642 tempore,
1473 1572 1847 1642 hospitalitatis

257 1667 471 1721 botrum
501 1665 890 1722 vindemiantes
919 1675 1114 1732 mente,
1139 1667 1494 1738 philosophia,
1526 1669 1844 1739 ministerio,

253 1756 596 1826 susceptione
613 1757 902 1827 hospitum,
933 1756 1132 1823 labore,
1155 1759 1354 1824 ofﬁcio,
1375 1759 1616 1826 caritate,
1633 1759 1849 1830 dispen-

254 1849 486 1914 satione,
516 1851 874 1916 accuratione,
920 1858 978 1904 ut
1024 1848 1156 1904 nihil
1197 1861 1342 1905 retro
1371 1852 1753 1922 relinquerent.
1780 1853 1848 1908 Et

254 1925 592 1994 stabat’uxor
614 1940 680 1994 ad
709 1940 974 2005 arborem,
1002 1940 1216 1994 thalami
1237 1943 1352 1997 vice
1371 1942 1562 1998 arbore
1587 1953 1764 2010 utens,
1794 1953 1848 1999 et

261 2048 362 2100 pro
395 2041 534 2086 tecto
561 2032 799 2086 umbram
831 2031 1072 2086 foliorum
1116 2032 1338 2100 habens,
1394 2048 1493 2088 nec
1536 2033 1844 2090 indecorum

258 2123 412 2178 duxit
433 2123 486 2176 in
514 2123 723 2192 publico
750 2123 968 2177 versari.
1003 2122 1188 2178 Stabat
1213 2125 1354 2178 enim
1387 2126 1656 2195 proprium
1688 2127 1842 2181 exhi-

258 2214 392 2269 bens
417 2225 684 2278 ornatum,
713 2223 767 2269 et
793 2215 1072 2269 ministerii
1115 2214 1345 2270 fructum
1391 2217 1682 2271 demetens.
1711 2218 1846 2286 Quid

261 2318 402 2373 ergo
428 2305 476 2360 is
501 2305 590 2374 qui
621 2304 947 2358 advenerat?
973 2304 1264 2359 Secundum
1290 2306 1383 2358 hoc
1409 2315 1604 2376 tempus
1628 2308 1843 2376 veniam,

256 2408 302 2451 et
327 2400 422 2451 erit
449 2397 598 2451 Sarra
625 2397 760 2466 ﬁlius
804 2396 977 2467 (Gen.
1028 2397 1114 2452 I8.
1175 2397 1302 2468 10).
1341 2397 1561 2464 Qualem
1613 2399 1846 2456 fructum

256 2502 440 2543 mensa
465 2485 708 2556 protulit!
729 2501 887 2556 quam
910 2487 1187 2555 pulchrum
1206 2488 1388 2557 !quam
1411 2489 1668 2544 celerem!
1688 2505 1844 2558 quam

256 2577 580 2632 tortuosum!
626 2585 680 2631 ut
728 2591 827 2632 uva
872 2586 1189 2632 maturescat
1239 2587 1292 2632 et
1337 2579 1568 2648 perfecta
1619 2580 1842 2636 evadat!

255 2669 468 2725 Etenim
493 2669 712 2724 verbum
742 2668 872 2723 illud
894 2669 1190 2740 ingressum
1216 2679 1296 2724 est
1327 2670 1377 2723 in
1404 2670 1617 2725 vulvam
1641 2712 1656 2738 ,
1690 2672 1842 2740 puel-

256 2762 476 2832 lumque
517 2760 780 2814 formavit.
824 2759 1135 2830 Huiusmodi
1183 2768 1306 2814 sunt
1335 2760 1708 2830 hospitalitatis
1733 2762 1845 2817 fru—

253 2860 395 2906 ctus.
427 2851 656 2907 Attende
683 2851 747 2906 iis
772 2867 892 2922 qua:
917 2850 1155 2906 dicturus
1185 2866 1322 2906 sum.
1356 2851 1546 2908 Postea
1566 2867 1692 2909 vero
1714 2868 1849 2924 puer

256 2945 351 2999 ille
380 2959 444 2998 ex
483 2959 661 2998 mensa
713 2953 888 3007 natus,
921 2952 1198 3013 postquam
1238 2944 1423 3010 crevit,
1456 2952 1735 3014 postquam
1769 2945 1847 2998 vir

258 3051 382 3090 esse
411 3035 568 3105 ccepit
603 3035 974 3104 hospitalitatis
1015 3034 1216 3089 fructus
1244 3038 1379 3105 (non
1408 3036 1550 3089 enim
1585 3037 1657 3090 ita
1698 3035 1844 3090 illum

255 3127 446 3198 genuit
471 3137 667 3192 uterus,
706 3134 768 3180 ut
799 3127 978 3197 genuit
1006 3141 1212 3194 mensa,
1243 3127 1294 3180 in
1323 3128 1504 3197 primis
1546 3137 1723 3183 autem
1753 3129 1847 3184 Dei

255 3219 540 3288 verbum),
573 3228 850 3288 postquam
879 3218 1046 3272 crevit
1069 3227 1123 3273 et
1147 3219 1226 3272 vir
1260 3217 1428 3273 factus
1455 3227 1559 3283 est,
1608 3229 1846 3289 tempus-

254 3325 365 3380 que
416 3311 718 3379 nuptiarum
776 3309 992 3364 advenit
1038 3309 1290 3380 (attende
1332 3309 1490 3365 dictis
1537 3311 1843 3383 studiose),

255 3400 548 3455 moriturus
601 3400 814 3456 demum
838 3408 951 3454 erat
997 3414 1181 3464 senex,
1234 3400 1421 3455 beatus
1450 3401 1538 3456 ille
1575 3401 1844 3456 Abraham

262 3492 589 3563 patriarcha,
619 3493 707 3562 qui
736 3506 856 3547 cum
883 3491 1198 3546 mulieribus
1223 3491 1523 3562 depravatis
1552 3502 1606 3549 et
1631 3494 1845 3564 nequis-

254 3588 394 3640 sima
423 3594 581 3656 gente
611 3584 878 3639 habitabat
908 3601 920 3638 :
948 3583 1264 3638 accersitum
1307 3583 1560 3638 famulum
1591 3599 1744 3639 suum
1768 3585 1846 3642 sie

254 3676 547 3746 alloquitur
576 3692 590 3730 :
619 3674 716 3730 Hic
740 3681 868 3729 sunt
908 3673 1166 3744 improba:
1205 3672 1624 3730 Chananaeorum
1651 3676 1845 3732 mulie-

253 3781 366 3821 res.
397 3766 533 3834 Quid
564 3765 723 3836 igitur
747 3764 936 3835 cupis?
956 3765 1056 3819 Abi
1078 3765 1137 3846 in
1165 3773 1383 3832 terram,
1435 3766 1525 3822 ubi
1551 3781 1649 3835 ego
1693 3775 1848 3821 natus

254 3871 400 3924 sum,
432 3865 486 3912 et
511 3855 636 3912 inde
665 3855 770 3911 duc
803 3868 1023 3910 uxorem
1054 3853 1164 3908 lilio
1190 3869 1311 3908 meo
1358 3852 1524 3926 (Gen.
1547 3854 1636 3908 24.
1663 3856 1717 3910 5.
1743 3857 1779 3912 4
1801 3857 1843 3927 ).

255 3949 421 4004 Novas
448 3963 535 4004 res
578 3963 641 4004 ac
666 3947 939 4002 mirabiles
981 3947 998 3978 ⁸
1019 3949 1032 4002 !
1056 3946 1214 4003 Scitis
1244 3960 1338 4001 vos
1366 3955 1420 4000 et
1448 3947 1604 4016 plane
1633 3948 1802 4003 nostis
1828 3963 1846 4004 :

255 4056 382 4096 cum
419 4041 678 4111 quispiam
729 4039 898 4094 lilium
924 4055 1079 4095 suum
1107 4039 1220 4094 vult
1255 4054 1472 4093 uxorem
1502 4038 1714 4105 ducere,
1748 4055 1845 4110 pa-

257 4143 402 4188 trem
451 4140 780 4203 matremque
835 4133 1022 4188 solitos
1065 4146 1185 4187 esse
1229 4132 1329 4186 hac
1380 4131 1448 4187 de
1479 4147 1541 4187 re
1578 4147 1756 4202 agere,
1790 4133 1844 4192 in

257 4226 598 4296 alienamque
621 4225 836 4281 domum
865 4225 1034 4291 abire,
1065 4224 1139 4279 illi
1169 4225 1450 4290 assentari,
1481 4223 1624 4279 hunc
1645 4226 1840 4293 colere,

259 4315 531 4388 pronubas
573 4316 949 4386 pronubosque
1002 4315 1195 4370 multos
1241 4330 1353 4370 rem
1390 4323 1622 4370 tractare
1666 4333 1682 4370 :
1720 4315 1846 4372 hinc

259 4408 604 4479 pecuniarum
634 4407 1031 4477 promissiones,
1062 4417 1117 4461 et
1154 4408 1318 4462 multa
1342 4407 1644 4463 sollicitudo
1678 4409 1844 4478 patris

259 4501 572 4570 matrisque,
590 4509 648 4554 ut
669 4517 761 4570 per
777 4515 836 4555 se
855 4500 954 4570 ipsi
971 4500 1356 4570 colloquantur,
1377 4516 1474 4555 nec
1495 4502 1638 4570 ipsos
1660 4502 1841 4572 pudet,

259 4607 434 4662 neque
459 4592 802 4658 erubescunt,
832 4606 1006 4662 neque
1045 4593 1310 4662 negotium
1344 4591 1556 4648 famulis
1598 4595 1843 4649 commit-

259 4694 379 4740 tunt
411 4702 424 4738 :
452 4699 574 4741 cum
599 4694 774 4739 autem
807 4684 1004 4755 hospes
1043 4685 1273 4746 advenit,
1315 4685 1516 4751 dicunt,
1563 4685 1709 4741 Vade
1755 4696 1843 4754 tu,

257 4777 432 4833 deduc
474 4793 597 4834 eum
637 4779 880 4842 inferius,
937 4777 1190 4847 illumque
1239 4777 1442 4847 excipe.
1483 4777 1679 4833 Contra
1718 4794 1845 4835 vero

257 4869 552 4934 Abraham,
580 4885 700 4924 cum
727 4878 999 4939 oporteret
1027 4884 1163 4938 opus
1183 4867 1342 4923 edere
1368 4884 1614 4938 magnum
1645 4878 1699 4925 et
1727 4869 1845 4939 phi-

259 4959 628 5030 losophicum,
677 4977 769 5030 per
813 4976 871 5017 se
921 4960 1047 5015 illud
1097 4961 1248 5031 agit:
1287 4959 1698 5029 hospitalitatem
1740 4977 1843 5016 non

256 5053 549 5106 committit
597 5053 813 5118 famulo,
845 5052 936 5112 sed
984 5052 1132 5106 uxori
1162 5060 1217 5106 et
1236 5051 1355 5106 sibi.
1406 5050 1538 5105 Cum
1570 5061 1746 5106 autem
1775 5051 1843 5107 de

254 5157 430 5199 uxore
451 5143 705 5198 sumenda
736 5151 786 5198 et
831 5144 899 5198 de
949 5143 1212 5198 connubio
1252 5142 1597 5207 tractabatur,
1646 5141 1845 5198 famulo

252 5236 408 5301 dicit,
433 5236 554 5290 Abi.
588 5234 685 5291 Hic
712 5237 962 5291 mulieres
987 5247 1169 5290 contra
1201 5234 1416 5290 faciunt.
1446 5235 1499 5289 Si
1532 5236 1694 5289 velint
1722 5251 1842 5290 cum

253 5325 480 5380 auriﬁce
509 5325 761 5394 colloqui,
805 5341 912 5380 non
953 5326 1292 5391 erubescunt,
1336 5325 1427 5380 scd
1460 5325 1588 5393 ipsae
1626 5333 1840 5392 exeunt,

255 5423 318 5469 et
359 5416 596 5472 assident
649 5431 717 5471 ne
767 5431 955 5471 aurum
995 5417 1355 5486 subripiatur:
1396 5417 1843 5487 pecuniarumque

253 5507 486 5562 aviditas
515 5508 566 5562 id
591 5508 773 5572 efﬁcit,
807 5517 866 5563 ut
890 5509 1139 5563 decorum
1167 5519 1507 5564 contemnant
1525 5518 1579 5563 et
1603 5506 1840 5579 dignita-

258 5611 394 5657 tem.
409 5601 477 5654 At
495 5600 760 5655 Abraham
783 5617 890 5656 non
910 5603 1006 5670 sic,
1026 5603 1118 5657 sed
1139 5618 1259 5657 cum
1277 5602 1512 5673 hospites
1531 5605 1693 5658 vellet
1707 5604 1842 5659 exci-

323 5712 339 5746 ¹
378 5712 452 5764 Sic
473 5710 567 5762 duo
585 5718 690 5762 Mss.
717 5718 768 5762 In
791 5708 950 5762 Morel.
978 5713 1142 5776 verba,
1167 5719 1210 5764 et
1232 5713 1494 5777 mirabiles,
1519 5714 1713 5766 desunt.

1577 267 1641 324 IN
1683 270 2002 326 PSALhIUM
2036 271 2262 330 XLVIII.

3433 301 3542 360 5I0

1959 398 2106 452 pere,
2138 395 2232 456 per
2257 401 2316 444 se
2340 396 2395 445 et
2423 404 2518 460 per
2537 408 2756 451 uxorem
2782 398 3008 468 agebat;
3035 418 3154 458 cum
3183 405 3249 462 de
3273 414 3541 471 connubio

1951 487 2215 546 ageretur,
2245 494 2340 549 per
2360 481 2634 540 famulum.
2664 487 2770 543 Cur
2796 487 2974 561 itaque
3004 495 3271 553 Abraham
3300 517 3540 562 commeo

1947 569 2174 662 moras?
2199 569 2352 636 Quod
2378 588 2572 644 nempe
2594 577 2743 633 dives
2786 593 2950 637 esset.
2980 581 3103 640 Hmc
3139 595 3192 640 tu
3236 606 3445 662 quoque
3473 597 3540 652 de

1949 657 2259 750 Abrahamo
2301 665 2494 734 cogita,
2536 678 2590 722 et
2619 671 2819 726 nullum
2863 690 3112 745 umquam
3147 657 3538 750 aspernaberis.

1953 749 2057 807 Sed
2109 754 2252 810 unde
2293 757 2358 809 ad
2385 757 2500 813 hinc
2541 758 2762 815 dicenda
2811 763 3081 834 digressus
3117 749 3268 826 sum?
3311 777 3542 845 Arrepto

1955 845 2208 913 propheta
2236 857 2290 903 et
2313 849 2402 904 illo
2427 850 2618 906 baculo
2645 870 2658 905 :
2691 853 2774 908 Ne
2804 856 3048 925 timueris,
3077 877 3189 914 cum
3218 864 3353 919 dives
3378 867 3542 934 factus

1957 941 2104 1011 fuerit
2150 942 2318 996 homo.
2374 944 2470 1000 llic
2507 946 2649 1001 enim
2677 963 2861 1003 versus
2887 951 2976 1006 illa
3025 956 3200 1008 omnia
3231 960 3457 1028 peperit,
3488 971 3543 1016 et

1952 1047 2080 1087 ecce
2107 1031 2414 1090 thesaurum
2437 1037 2735 1093 invenimus
2775 1055 2909 1099 auro
2947 1044 3221 1100 refertum.
3255 1048 3338 1102 Ne
3363 1055 3543 1105 timue-

1955 1123 2044 1185 ris,
2097 1140 2213 1178 cum
2253 1126 2390 1182 dives
2434 1133 2600 1199 factus
2650 1133 2801 1204 fuerit
2853 1136 3024 1191 homo.
3065 1139 3260 1211 Accipe
3290 1142 3539 1199 baculum

1954 1216 2118 1284 hunc,
2144 1221 2234 1289 qui
2263 1223 2487 1277 tremula
2513 1239 2736 1293 corpora
2768 1227 2973 1298 erigere
3014 1233 3180 1299 possit
3223 1233 3318 1304 (a).
3352 1235 3536 1305 Neque

1951 1307 2096 1362 enim
2123 1309 2202 1365 sic
2227 1309 2445 1366 baculus
2489 1315 2712 1369 tremula
2735 1332 2959 1388 corpora
3003 1335 3326 1378 annosorum
3375 1335 3428 1380 et
3456 1341 3540 1382 se-

1954 1415 2079 1452 num
2110 1402 2319 1471 erigere
2343 1411 2536 1472 potest,
2567 1415 2625 1460 ut
2649 1406 2732 1462 hic
2754 1424 2938 1465 versus
2959 1412 3212 1480 juvenum
3235 1425 3288 1470 ct
3326 1431 3535 1484 senum,

1953 1491 2382 1560 concupiscentia
2429 1505 2482 1550 et
2538 1501 2772 1567 peccatis
2815 1503 3155 1559 obsessorum
3182 1549 3196 1572 ,
3259 1511 3535 1564 tremulam

1954 1591 2187 1637 mentem
2220 1584 2415 1639 excitat
2450 1605 2462 1642 :
2499 1586 2580 1641 Ne
2609 1590 2853 1658 timueris,
2887 1609 3001 1647 cum
3031 1596 3163 1650 dives
3187 1599 3350 1666 factus
3384 1603 3537 1671 fuerit

1954 1671 2123 1727 homo.
2177 1671 2313 1739 Quid
2362 1677 2516 1732 times
2565 1678 2857 1747 hominem,
2906 1686 2995 1754 qui
3049 1702 3152 1741 non
3201 1686 3393 1755 homo,
3445 1693 3538 1746 sed

1952 1762 2106 1833 lupus
2130 1765 2253 1820 est?
2277 1766 2412 1834 Quid
2443 1769 2597 1825 times
2625 1769 2894 1828 hominem
2933 1776 3203 1846 impietate
3229 1779 3442 1850 plenum
3487 1793 3542 1838 et

1951 1870 2081 1909 auro
2129 1856 2453 1914 obsessum?
2505 1861 2642 1929 Quid
2687 1865 2842 1920 times
2872 1866 3161 1936 hominem,
3194 1874 3282 1942 qui
3316 1889 3410 1943 per
3436 1877 3541 1930 ini-

1951 1947 2205 2016 quitatem
2261 1964 2357 2005 sua
2410 1953 2660 2020 prodidit,
2713 1964 2768 2011 et
2809 1958 2896 2026 qui
2933 1957 3138 2014 hostem
3193 1977 3346 2019 suum
3398 1981 3540 2036 sa-pc

1953 2041 2098 2097 intus
2124 2043 2324 2099 habet?
2351 2043 2456 2100 Sed
2504 2048 2632 2101 mihi
2682 2048 2966 2105 declaravit
3010 2054 3268 2124 propheta
3308 2058 3491 2115 dicens
3523 2079 3536 2114 :

1953 2134 2038 2188 Ne
2065 2136 2307 2201 timueris,
2353 2155 2469 2192 cum
2509 2141 2645 2194 dives
2673 2142 2838 2210 factus
2879 2144 3032 2212 fuerit
3082 2147 3249 2202 homo.
3303 2150 3430 2205 Mihi
3474 2155 3542 2208 de

1952 2226 2159 2295 reliquo
2184 2227 2398 2282 modum
2427 2243 2636 2298 expone
2659 2273 2673 2296 ,
2709 2248 2815 2300 quo
2855 2234 3026 2289 debeo
3072 2253 3174 2291 nou
3229 2239 3417 2296 timere
3459 2242 3540 2297 di-

1951 2315 2134 2370 vitem.
2175 2315 2262 2370 νει
2297 2335 2410 2371 cum
2452 2321 2788 2391 multiplicata
2829 2326 2980 2394 fuerit
3013 2327 3176 2397 gloria
3203 2336 3381 2383 domus
3408 2335 3536 2400 eius.

2021 2409 2074 2464 8.
2117 2408 2292 2463 Gloria
2317 2420 2522 2465 externa
2545 2416 2905 2469 contemnenda
2925 2434 2946 2483 ;
2979 2434 3095 2472 vera
3118 2421 3280 2489 gloria
3319 2424 3538 2479 hominis

1951 2513 2064 2568 qua:
2090 2499 2190 2562 sit;
2222 2515 2334 2568 quae
2360 2501 2460 2554 sint
2489 2503 2648 2573 ipsius
2688 2505 2865 2560 laudes
2906 2517 2952 2560 et
2981 2524 3199 2563 ceroma.
3219 2541 3293 2552 —
3315 2511 3359 2566 Ο
3392 2515 3541 2568 nobi-

1952 2590 2153 2646 litatem
2185 2592 2464 2648 dictionis!
2497 2610 2603 2664 quo
2631 2607 2784 2665 pacto
2812 2598 2864 2652 in
2892 2601 3195 2658 narratione
3221 2614 3274 2658 et
3299 2606 3537 2660 doctrina

1953 2683 2343 2754 philosophiam
2369 2685 2692 2744 introduxit!
2745 2690 2826 2743 Ne
2852 2692 3096 2760 timueris,
3130 2713 3242 2748 cum
3268 2697 3403 2752 dives
3444 2703 3540 2771 {a—

1951 2783 2062 2828 ctus
2082 2775 2237 2844 fuerit
2264 2777 2434 2844 homo,
2464 2779 2544 2832 vel
2567 2797 2680 2833 cum
2706 2784 3046 2853 multiplicata
3078 2788 3228 2857 fuerit
3255 2790 3419 2859 gloria
3446 2793 3540 2845 do-

1951 2881 2063 2922 nius
2083 2869 2211 2936 ejus.
2252 2869 2367 2924 Non
2398 2871 2555 2938 dixit,
2581 2873 2649 2926 Et
2676 2889 2794 2928 cum
2824 2877 3168 2946 multiplicata
3199 2880 3354 2936 fuerit
3373 2884 3537 2953 gloria

1951 2957 2085 3028 ejus,
2139 2959 2231 3014 sed
2283 2961 2458 3015 Gloria
2483 2963 2662 3018 domus
2682 2967 2817 3051 ejus‘
2844 2965 2976 3020 Cum
3007 2970 3147 3027 enim
3189 2971 3457 3041 ingressus
3485 2976 3536 3029 in

1950 3051 2166 3106 domum
2197 3052 2374 3108 divitis
2404 3055 2700 3124 cujusdam,
2721 3058 2920 3113 videris
2946 3061 3219 3117 columnas
3248 3065 3399 3120 mirm
3426 3075 3540 3120 ma-

1949 3140 2278 3210 gnitudinis,
2312 3157 2474 3198 aurea
2520 3147 2760 3215 capitella
2794 3189 2810 3212 ,
2859 3159 2910 3203 et
2955 3167 3223 3209 marmore
3275 3166 3542 3212 crustatos

1951 3233 2199 3301 parietes,
2223 3237 2566 3305 aquaeductus
2593 3248 2648 3293 et
2687 3239 2862 3295 fontes
2881 3252 2935 3296 et
2961 3243 3286 3311 ambulacra,
3319 3249 3538 3304 arbores

1949 3335 2109 3382 vento
2155 3329 2412 3397 agitatas,
2458 3331 2744 3401 omniaque
2791 3333 3010 3390 musivis
3056 3341 3306 3406 operibus
3338 3341 3488 3408 plena
3518 3383 3533 3408 ,

1951 3420 2315 3476 cunuchorum
2366 3438 2495 3478 auro
2541 3423 2851 3494 fulgentium
2904 3428 3112 3482 turbam
3145 3470 3160 3494 ,
3219 3430 3536 3486 famulorum

1951 3512 2362 3580 multitudinem,
2386 3514 2557 3570 solum
2579 3517 2840 3585 tapetibus
2866 3527 3109 3587 stratum,
3140 3537 3379 3577 mensam
3407 3539 3540 3580 auro

1951 3603 2341 3674 splendentem,
2365 3615 2420 3660 et
2446 3607 2638 3664 cubilia
2670 3619 2920 3664 exornata
2956 3627 2968 3662 :
3015 3612 3128 3666 haec
3163 3617 3339 3668 Omnia
3375 3616 3540 3687 gloria

1951 3693 2146 3750 domus
2187 3705 2348 3763 sunt,
2396 3713 2501 3753 non
2547 3700 2714 3770 gloria
2755 3701 3007 3758 hominis.
3061 3703 3301 3760 Hominis
3347 3710 3541 3778 quippe

1949 3789 2118 3859 gloria
2145 3798 2228 3844 est
2252 3789 2440 3859 pietas,
2468 3793 2709 3862 aequitas,
2732 3793 3068 3866 eleemosyna
3087 3836 3102 3857 ,
3150 3800 3535 3866 mansuetudo,

1951 3878 2367 3949 humilitas,pax,
2378 3880 2599 3950 justitia,
2617 3882 2814 3938 caritas
2829 3898 2953 3953 erga
2969 3899 3154 3939 omnes
3167 3887 3282 3940 sine
3297 3888 3537 3957 hypocri-

1951 3972 2019 4026 si.
2040 3971 2163 4025 Hatc
2179 3971 2355 4025 omnia
2379 3972 2680 4042 suntgloria
2703 3972 2952 4028 hominis.
2976 3973 3082 4028 Cur
3105 3975 3257 4030 times
3286 3977 3541 4033 divitem?

1951 4063 2137 4133 Itaque
2171 4062 2386 4118 domum
2413 4061 2578 4132 ipsius
2604 4062 2781 4132 potius
2804 4063 2950 4119 time.
2978 4063 3070 4122 llla
3097 4066 3236 4118 enim
3265 4066 3413 4121 dives
3434 4079 3538 4135 est,

1951 4170 2059 4210 non
2085 4155 2129 4209 is
2155 4154 2244 4224 qui
2269 4152 2490 4208 habitat.
2522 4152 2721 4208 Verum
2769 4168 2877 4208 non
2909 4154 3069 4208 timeo
3114 4154 3257 4210 illam
3281 4198 3297 4220 ,
3345 4158 3536 4228 inquit.

1949 4243 2162 4314 Quare?
2186 4244 2317 4314 Quia
2344 4257 2532 4298 aurum
2559 4253 2642 4298 est
2666 4243 2952 4297 inanimata
2983 4245 3226 4299 materia.
3255 4247 3323 4300 At
3356 4245 3535 4301 homi-

1950 4353 2073 4392 nem
2100 4336 2330 4391 metuis?
2361 4334 2556 4390 Etiam.
2581 4333 2795 4402 Quare?
2827 4351 2950 4389 num
2979 4334 3118 4389 illius
3149 4347 3272 4390 sunt
3291 4338 3487 4392 divitia:
3513 4341 3536 4392 ?

1949 4427 2168 4485 Aildium
2219 4435 2302 4482 est
2345 4426 2615 4496 splendor.
2644 4425 2906 4479 Marmora
2952 4441 3136 4480 murus
3177 4427 3356 4484 habet.
3400 4430 3536 4498 Quid

1952 4518 2067 4572 baac
2089 4517 2156 4572 ad
2183 4515 2544 4571 habitantem?
2589 4517 2763 4570 Aurea
2791 4515 3078 4586 laquearia.
3105 4517 3240 4585 Quid
3267 4519 3331 4574 ad
3359 4522 3536 4591 possio

1949 4609 2214 4665 dentem?
2271 4608 2524 4678 Capitella
2578 4609 2944 4664 columnarum
2991 4624 3151 4664 aurea
3208 4623 3348 4669 sunt.
3399 4617 3535 4682 Quid

1949 4703 2016 4759 ad
2044 4711 2203 4773 caput
2230 4702 2371 4757 illius
2399 4701 2488 4772 qui
2511 4702 2562 4757 in
2591 4711 2926 4772 peccatorum
2964 4704 3074 4761 luto
3097 4705 3372 4762 demersus
3415 4712 3536 4767 est?

1951 4795 2054 4852 Sed
2089 4795 2341 4850 mundum
2367 4803 2447 4850 est
2472 4795 2871 4866 pavimentum?
2897 4795 3092 4852 Verum
3126 4799 3394 4855 immunda
3417 4818 3537 4858 cono

1950 4887 2190 4941 scicntia.
2222 4886 2329 4942 Sed
2357 4887 2544 4942 sericae
2569 4896 2691 4941 sunt
2715 4887 2929 4942 vestes?
2951 4888 3144 4943 Verum
3173 4891 3361 4959 pannis
3391 4892 3534 4948 lace-

1950 4977 2026 5030 ris
2051 4977 2223 5032 anima
2255 4986 2466 5032 onusta.
2501 4977 2700 5032 Domus
2726 4977 2873 5034 dives
2889 4987 2990 5046 est,
3012 4979 3103 5038 sed
3126 4981 3239 5050 ejus
3260 4996 3536 5049 possessor

1949 5078 2033 5125 est
2063 5084 2281 5140 pauper.
2315 5069 2440 5124 Cum
2469 5071 2788 5140 mutiplicata
2815 5071 2966 5142 fuerit
3003 5074 3167 5142 gloria
3194 5073 3371 5126 domus
3400 5076 3532 5142 ejus.

1951 5160 2020 5216 Et
2047 5169 2104 5215 ut
2127 5161 2342 5216 discatis
2368 5162 2589 5231 gloriam
2618 5178 2739 5217 esse
2778 5163 2968 5217 domus
2994 5206 3004 5222 .
3043 5174 3096 5216 et
3123 5177 3227 5217 nou
3260 5164 3489 5218 hominis
3515 5206 3532 5232 ,

1949 5269 2045 5308 vos
2068 5269 2132 5309 ex
2161 5255 2340 5310 verbis
2366 5256 2556 5309 vestris
2583 5255 2861 5324 redarguo.
2899 5253 3173 5324 Ingressus
3209 5271 3446 5326 perswpe
3479 5258 3530 5313 in

1953 5346 2202 5415 pulchras
2228 5345 2370 5400 aedes
2396 5345 2620 5415 alicujus
2641 5355 2695 5400 et
2735 5354 2915 5414 postea
2945 5361 3212 5415 egressus,
3259 5347 3383 5416 quid
3407 5349 3488 5405 ais
3510 5351 3534 5404 ἰ

1950 5441 2069 5496 Vidi
2113 5441 2334 5510 pulchra
2379 5453 2664 5492 marmora.
2696 5438 2830 5492 Num
2876 5438 3046 5505 dicis,
3098 5439 3210 5494 Vidi
3239 5438 3532 5497 formosum

1950 5533 2264 5589 hominem?
2293 5531 2558 5586 Mirabiles
2601 5539 2726 5585 sunt
2754 5530 3049 5595 colurnum,
3104 5531 3337 5599 pulchr-.1:
3383 5533 3533 5589 fene-

2013 5710 2084 5774 (a)
2118 5709 2199 5760 llic
2223 5709 2489 5757 innumerae
2513 5704 2777 5756 varietates
2800 5704 2850 5756 in
2870 5710 2974 5757 Mss.
2999 5705 3170 5757 Graecis
3186 5703 3528 5758 observantur.
