4068 6270
595 185 694 242 511

590 310 734 354 stne.
785 296 922 352 Num
943 297 1096 363 dicis,
1145 297 1400 354 Mirabilis
1441 311 1522 353 est
1551 298 1752 352 herus?
1799 297 2021 352 Multum
2063 299 2178 354 auri

591 399 674 447 est
714 391 766 445 in
811 390 1166 460 laquearibus.
1215 389 1349 444 Num
1377 389 1547 455 dicis,
1599 389 1954 461 Eleemosyna
1992 405 2182 461 magna

592 481 716 535 est?
741 480 893 534 multi
923 479 1096 535 l'orttes
1117 519 1133 545 ,
1161 479 1550 549 magniﬁcentia
1577 479 1780 550 ingens.
1825 479 1962 535 Num
2001 479 2136 536 dicis
2161 521 2180 548 ,

594 571 785 641 lugens
797 571 1184 641 magniﬁcentia
1201 580 1282 626 est
1303 571 1660 642 possessoris?
1681 572 1886 642 Ubique
1911 573 1978 628 de
1992 574 2179 640 muris,

594 663 792 733 ubique
817 662 884 717 de
911 662 1288 728 marmoribus,
1321 663 1516 733 ubique
1542 663 1609 718 de
1632 663 1863 717 fontibus
1887 704 1902 728 ,
1937 663 2005 718 de
2031 663 2182 733 aquis

593 754 848 824 loqueris.
871 753 1032 808 Vides
1058 768 1242 808 rursus
1271 768 1465 822 equum
1497 752 1650 808 freno
1678 769 1840 808 aureo
1871 753 2178 823 fulgentem,

593 855 646 898 et
675 845 829 911 dicis,
852 845 1135 899 Pulchrum
1167 857 1248 898 est
1271 845 1501 900 frenum.
1523 846 1661 915 Ergo
1688 846 1920 900 auriﬁcis
1938 847 2037 901 ista
2067 847 2182 901 laus

593 946 694 989 est.
733 936 1011 1004 Egregium
1039 935 1434 991 vestimentum.
1472 936 1614 1006 Ergo
1638 938 1855 992 textoris
1881 947 1961 993 est
2000 939 2115 992 laus
2136 938 2179 992 ί.

601 1027 840 1094 Speciosi
873 1029 1033 1082 servi.
1084 1027 1223 1097 Ergo
1278 1027 1555 1082 vendentis
1582 1029 1677 1083 ista
1709 1029 1823 1082 laus
1847 1038 1946 1082 est.
1976 1028 2180 1084 Manet-

595 1135 700 1187 que
731 1119 820 1172 ille
843 1119 1205 1183 incoronatus,
1235 1132 1323 1172 res
1349 1128 1527 1173 autem
1569 1117 1686 1188 ejus
1715 1118 1958 1173 laudibus
1982 1133 2182 1173 ornan-

599 1220 704 1262 tur.
736 1211 804 1263 At
830 1225 950 1264 cum
982 1210 1129 1264 vides
1155 1209 1425 1264 hominem
1454 1211 1676 1279 probum
1703 1250 1718 1276 ,
1749 1209 1884 1265 dicis
1915 1224 1934 1265 :
1976 1207 2182 1264 Probus

599 1302 782 1366 homo,
816 1300 1052 1370 pulcher,
1083 1301 1373 1368 modestus,
1408 1303 1700 1366 mirabilis,
1735 1303 2068 1368 misericors,
2097 1300 2186 1357 be-

599 1395 839 1460 nevolus,
869 1403 1240 1464 compunctus,
1272 1410 1483 1465 semper
1513 1395 1759 1465 precibus
1783 1410 2011 1462 vacans,
2038 1409 2182 1449 sem-

598 1503 693 1555 per
718 1487 932 1555 jejuniis
972 1487 1259 1554 insistens,
1306 1504 1518 1558 semper
1549 1488 1602 1543 in
1644 1488 1870 1543 ecclesia
1917 1501 2135 1544 versans
2163 1528 2179 1554 ,

597 1595 886 1649 numquam
926 1596 956 1633 a
995 1580 1170 1635 divina
1199 1581 1443 1636 doctrina
1482 1597 1543 1638 se
1587 1592 1848 1636 removet.
1881 1581 1972 1635 lla:
2001 1581 2184 1636 laudes

598 1674 734 1738 ejus,
765 1670 847 1724 lue
876 1685 1110 1726 coronae.
1143 1671 1299 1727 Disce
1329 1673 1487 1742 igitur
1507 1672 1632 1742 quid
1660 1673 1768 1727 sint
1791 1671 1986 1726 divitia:
2007 1671 2184 1727 bomi-

599 1760 704 1824 nis,
739 1770 792 1815 et
822 1760 947 1830 quid
970 1760 1169 1814 divitiae
1197 1762 1424 1816 domus:
1450 1760 1533 1815 Ne
1563 1763 1806 1818 timueris.
1838 1762 1894 1818 Si
1929 1762 2070 1817 enim
2100 1763 2184 1819 di-

597 1851 792 1906 diceris
820 1851 1026 1906 divitias
1045 1853 1216 1923 probe
1243 1851 1573 1924 distinguere
1591 1895 1607 1919 ,
1645 1869 1751 1908 non
1784 1855 1920 1908 ultra
1948 1854 2182 1910 timebis.

603 1943 763 1998 Vides
789 1960 933 2010 eum,
963 1960 1120 2014 quem
1141 1944 1357 2002 divitem
1386 1947 1634 2019 putabas,
1666 1963 1949 2018 pauperem
1982 1957 2037 2005 et
2063 1965 2187 2020 ege-

601 2052 726 2090 num
755 2037 914 2091 esse?
954 2036 1036 2090 Ne
1065 2037 1312 2102 timueris,
1342 2053 1455 2092 cum
1482 2039 1616 2094 dives
1640 2043 1808 2112 factus
1836 2041 1988 2110 fuerit
2015 2041 2184 2098 homo.

607 2127 676 2182 Et
703 2137 758 2182 ut
785 2127 960 2182 discas
991 2127 1105 2183 hlPC
1136 2129 1204 2182 ita
1236 2143 1295 2185 se
1321 2127 1538 2194 habere,
1567 2139 1622 2185 et
1661 2130 1706 2185 si
1732 2130 1818 2185 hic
1843 2140 1896 2186 te
1936 2130 2184 2202 decipiat,

609 2221 795 2274 mortis
829 2228 1069 2289 tempore
1096 2220 1266 2288 ipsum
1313 2221 1540 2290 respice.
1578 2219 1714 2275 Num
1753 2221 1952 2292 aliquid
1995 2237 2060 2278 ex
2105 2223 2188 2278 his

602 2311 850 2364 omnibus
887 2311 1046 2366 sumit
1069 2352 1084 2375 ,
1129 2319 1184 2366 et
1207 2311 1284 2366 sic
1311 2312 1461 2367 abit?
1486 2313 1679 2384 Utique
1723 2326 1962 2369 mortuus
1986 2323 2090 2380 est,
2135 2322 2190 2370 et

603 2403 776 2457 nudus
803 2403 985 2477 jacet,
1015 2404 1108 2474 qui
1143 2405 1329 2459 sericis
1368 2405 1605 2461 vestibus
1651 2405 1987 2461 induebatur.
2040 2405 2190 2461 Jacet

605 2495 776 2550 nudus
821 2495 872 2550 in
904 2495 1104 2550 tumulo
1127 2537 1143 2561 ,
1171 2496 1415 2565 servique
1443 2496 1639 2551 abeunt
1666 2507 1721 2551 et
1746 2496 2053 2564 discedunt,
2088 2512 2188 2553 ne-

606 2603 798 2656 moque
829 2587 976 2640 illum
1019 2597 1169 2642 curat
1217 2605 1231 2642 :
1280 2603 1450 2658 neque
1481 2591 1620 2644 enim
1649 2589 1789 2643 illius
1829 2589 1970 2644 servi
2014 2598 2188 2644 erant.

607 2677 772 2742 Abiit,
806 2687 859 2732 et
882 2677 1012 2732 nihil
1041 2693 1256 2732 suorum
1284 2677 1533 2748 deinceps
1547 2678 1706 2748 jacet.
1735 2678 1876 2735 Uxor
1902 2679 2018 2749 ejus
2047 2679 2194 2750 luget

605 2779 659 2824 et
684 2785 742 2825 se
769 2771 1057 2834 excruciat,
1080 2770 1258 2826 crines
1278 2771 1436 2826 solvit
1459 2789 1473 2825 :
1501 2787 1688 2826 omnes
1707 2773 2070 2839 consolantur,
2094 2787 2192 2828 nec

605 2863 786 2917 audit:
809 2864 964 2918 liberi
993 2863 1215 2934 orphani
1244 2873 1388 2930 sunt,
1407 2878 1543 2918 uxor
1563 2863 1719 2918 vidua
1751 2882 1764 2918 :
1793 2879 1980 2920 omnes
1999 2865 2192 2934 abjecti

605 2966 750 3020 sunt,
781 2958 1065 3026 pincernae,
1094 2967 1349 3022 crateres,
1384 2957 1599 3026 parasiti
1624 2998 1638 3020 ,
1669 2966 2030 3012 assentatores
2050 2997 2065 3020 ,
2095 2972 2195 3012 eu-

605 3051 785 3105 nuchi.
817 3051 893 3106 Ex
925 3051 1063 3106 vasis
1091 3050 1194 3106 illis
1220 3051 1433 3122 aliquod
1463 3053 1705 3121 accipere
1730 3093 1746 3119 ,
1796 3062 1851 3107 et
1897 3052 2046 3106 abire
2087 3069 2195 3109 non

609 3151 816 3212 potest;
844 3142 936 3198 sed
964 3142 1136 3213 quid?
1165 3142 1324 3199 Solus
1345 3143 1586 3200 cﬁ'ertur.
1615 3143 1884 3199 Laudibus
1912 3144 2194 3202 extollunt.

609 3233 812 3305 Ecquid
850 3234 916 3289 ad
955 3234 1142 3289 illum?
1183 3236 1254 3291 At
1298 3235 1470 3291 inanis
1511 3235 1678 3308 gloria
1727 3236 1900 3306 ipsum
1928 3236 2196 3292 celebrem

609 3327 819 3382 reddit?
846 3329 1060 3395 Quare?
1088 3328 1169 3384 An
1195 3337 1369 3399 potest
1391 3327 1587 3398 aliquid
1614 3343 1683 3383 ex
1704 3328 1792 3382 illa
1821 3328 2069 3384 sumere?
2107 3327 2199 3382 Ni-

611 3417 684 3473 hil
715 3435 779 3474 ex
811 3419 912 3476 illis
935 3429 1113 3490 p0test
1135 3421 1236 3491 ipsi
1261 3421 1450 3476 adesse
1475 3421 1531 3475 in
1558 3420 1645 3476 die
1670 3421 1780 3477 illo.
1811 3419 1869 3476 ln
1895 3420 2196 3491 sepulcrum

674 3577 829 3643 {Duo
847 3581 990 3643 Ausa,
1030 3575 1238 3641 pulchra
1273 3576 1469 3638 cubilia,
1513 3589 1630 3643 ergo
1650 3583 1722 3630 est
1759 3576 1863 3629 laus
1885 3577 1990 3641 ejus
2011 3576 2200 3642 quiilta

613 3635 876 3688 elaboravit
889 3680 895 3688 .

619 3762 666 3774 ι.-

1337 185 1393 240 S.
1437 183 1713 241 JOANNIS
1750 181 2225 239 CHRYSOSTOMI
2266 183 2579 240 ARCIIIEP.
2619 186 3151 248 CONSTANTINOP.
3770 211 3848 267 εςιῖ

2291 300 2506 370 abitqui
2531 305 2706 357 omnia
2735 319 3003 374 rapuerat,
3035 309 3168 364 intra
3245 317 3366 365 tres
3430 312 3645 373 cubitos
3695 330 3846 395 seper;-

2292 399 2397 457 tur,
2422 407 2520 448 nec
2547 395 2671 464 quid
2692 397 2939 464 amplius,
2971 408 3109 454 terra
3135 403 3320 472 operit
3342 405 3553 460 vultum
3579 413 3687 477 ejus
3706 425 3752 469 et
3773 435 3846 476 una

2290 484 2598 550 operculum
2648 485 2825 541 loculi.
2873 490 3124 545 Absccdit
3152 509 3318 549 uxor.
3371 491 3608 552 Ubinam
3651 501 3847 566 divitiae?

2289 575 2380 630 ubi
2406 578 2584 631 servi?
2605 579 2692 634 ubi
2719 583 2951 650 pompa?
2975 583 3062 638 ubi
3083 585 3228 641 aedes
3255 603 3477 656 magnae
3499 607 3562 646 ac
3582 595 3845 662 Splendida.

2290 665 2464 736 Ipsum
2503 670 2857 740 relinquunt:
2890 691 3025 729 uxor
3051 677 3210 732 etiam
3243 679 3496 747 deserit,
3543 685 3668 741 velit
3711 692 3850 748 nolit:

2289 756 2446 813 fmtor
2464 761 2602 816 enim
2623 763 2789 830 ipsam
2817 765 3000 836 abigit,
3017 767 3186 824 fontes
3207 773 3483 827 vermium
3508 775 3674 846 ipsam
3703 790 3848 853 erpel-

2289 848 2464 904 lunt'.
2505 852 2736 909 Hoccine
2763 858 2970 911 totum?
3012 859 3182 914 Etiam
3239 879 3256 916 :
3305 863 3445 918 nihil
3491 869 3634 922 enim
3675 848 3847 930 suorum

2289 939 2490 996 habens
2525 943 2785 998 discessit.
2840 947 2906 1000 Ut
2935 963 3062 1003 vero
3104 950 3288 1008 discas
3333 969 3461 1009 eum
3507 959 3636 1013 nihil
3675 976 3846 1019 suorum

2289 1032 2570 1090 habentem
2588 1037 2930 1107 abscessisse,
2962 1041 3101 1097 beati
3138 1056 3422 1117 martyres
3451 1051 3575 1118 quia
3589 1067 3681 1107 sua
3706 1069 3846 1111 secum

2288 1123 2551 1190 auferunt,
2583 1126 2633 1180 id
2651 1141 3063 1199 consequuntur,
3099 1143 3154 1187 ut
3181 1150 3211 1188 a
3238 1137 3504 1205 sepulcro
3529 1141 3748 1210 ipsorum
3771 1164 3844 1200 non

2289 1213 2619 1270 recedamus.
2653 1218 2721 1271 At
2757 1218 2842 1272 hic
2873 1237 2939 1276 ne
2978 1239 3112 1277 uxor
3155 1225 3380 1294 quidem
3426 1245 3643 1287 manere
3672 1245 3845 1303 potest:

2290 1303 2400 1359 illic
2430 1303 2721 1374 Imperator
2759 1309 2999 1365 diadema
3046 1315 3248 1382 abjicit,
3283 1325 3342 1370 et
3366 1317 3420 1371 in
3454 1321 3693 1389 sepulcro
3733 1342 3840 1382 mar~

2289 1397 2423 1467 tyris
2439 1407 2636 1463 tnanet,
2661 1416 2852 1469 rogans
2868 1405 3286 1476 obsecransque,
3317 1420 3379 1463 ut
3407 1410 3660 1468 liberetur
3679 1431 3704 1468 a
3726 1420 3842 1472 malis

2289 1496 2344 1542 et
2371 1487 2552 1544 hostes
2581 1492 2774 1546 vincat.
2825 1492 2908 1548 Ne
2928 1511 3060 1568 ergo
3089 1499 3324 1553 timueris
3348 1540 3364 1566 ,
3396 1518 3513 1555 cum
3553 1505 3682 1560 dives
3715 1512 3840 1578 {actia

2290 1578 2443 1648 fuerit
2486 1581 2654 1637 homo.
2706 1583 2818 1639 Hoc
2862 1599 3074 1656 sumpto
3099 1605 3300 1658 versu,
3338 1607 3538 1649 canere
3581 1598 3840 1667 incipiamus

2292 1668 2536 1739 Domino,
2553 1683 2607 1728 et
2629 1689 2726 1744 pro
2747 1675 2827 1730 his
2854 1680 3102 1735 omnibus
3125 1683 3334 1751 gratias
3355 1699 3578 1754 agamus
3600 1689 3704 1760 ipsi,
3729 1691 3837 1747 Patri

2290 1769 2346 1816 et
2366 1760 2501 1817 Filio
2525 1772 2581 1819 et
2606 1765 3036 1836 Spirituisancto.
3057 1773 3180 1841 quia
3209 1773 3314 1844 ipsi
3340 1775 3513 1846 gloria
3539 1779 3838 1851 etimpetiutn

2290 1851 2344 1908 in
2374 1856 2567 1911 saecula
2594 1858 2930 1916 saeculorum.
2972 1864 3166 1920 Amen.

2361 2007 2378 2031 '
2403 2009 2455 2058 ln
2481 2009 2597 2059 Cod.
2627 2009 2751 2071 Reg.
2776 2010 2898 2059 1965
2930 2013 3164 2062 nonnulla
3205 2011 3379 2063 textui
3419 2013 3586 2061 Cra-co
3626 2013 3838 2062 interserit

2299 2083 2462 2131 nugax
2496 2072 2777 2127 Graeculus,
2819 2087 2931 2131 quae
2975 2081 3046 2122 tot
3090 2076 3397 2123 soloecismis
3442 2080 3628 2122 scatent
3668 2083 3714 2123 ut
3750 2080 3835 2123 satis

2297 2132 2803 2202 superque‘fuerittea
2832 2132 3007 2202 Latine
3032 2138 3353 2202 exprimere.
3401 2136 3584 2202 Horum
3617 2136 3832 2202 igiturhic

2297 2191 2480 2240 sensus
2497 2196 2575 2240 est
2609 2206 2620 2241 :
2655 2191 2796 2242 Nihil
2825 2192 2955 2245 enim
2981 2208 3048 2246 ea:
3079 2191 3180 2245 suis
3217 2197 3404 2248 habens
3435 2191 3668 2247 abscessi't'.
3693 2196 3834 2247 Deinde

2301 2257 2432 2332 redit
2453 2271 2580 2332 uxor
2600 2258 2704 2332 ejus
2726 2273 2790 2310 ea:
2811 2262 3031 2332 sepulcro
3052 2278 3161 2314 cum
3181 2265 3308 2329 ﬁliis
3331 2269 3433 2319 suis
3455 2270 3696 2332 orphanis,
3715 2278 3755 2323 et
3769 2273 3839 2323 nbit

2302 2319 2804 2398 ρειέηςςενςξςεςςεέγηατς
2835 2319 2966 2398 αξιξρε
3158 2319 3390 2398 rem,
3416 2319 3665 2398 ςιεεί-δεαεέέ
3684 2319 3834 2398 aias;

2302 2390 2349 2454 et
2372 2380 2662 2454 lacrymans,
2681 2382 3066 2454 miserabilcsque
3085 2380 3620 2454 huiusmodi'clamore's
3637 2380 3837 2445 anilis}

2303 2444 2426 2518 Quid
2436 2444 2718 2518 origanierga
2740 2445 2911 2515 liberos
2930 2444 3165 2518 orphanos
3185 2456 3211 2501 ἰν
3237 2451 3362 2518 _quid
3379 2467 3497 2517 erga
3509 2444 3837 2518 [ainalosdamas

2303 2505 2459 2580 mea:
2479 2504 2859 2557 abhinc—erimus
2880 2504 3042 2580 (mittes
3064 2504 3264 2580 abiecti,
3283 2504 3832 2580 conteiirptuiqueobnorii

2304 2567 2442 2630 apud
2454 2579 2614 2638 “quem
2647 2580 2762 2631 ergo
2797 2572 3067 2638 confugiam
3086 2567 3162 2624 ?'a
3182 2567 3285 2638 quo
3322 2567 3688 2628 misericordiam
3713 2592 3835 2628 cm-

2303 2628 2428 2691 qaar
2451 2628 2490 2679 ?’
2510 2628 2743 2701 Attameii
2765 2628 2988 2701 monasiei
3004 2632 3104 2701 iam
3149 2628 3348 2701 petant.
3391 2651 3476 2689 ero
3509 2639 3730 2689 ntanacha.
3764 2650 3834 2688 non

2303 2693 3065 2771 essetsnimiewswws
3086 2693 3181 2771 ηιέέ
3205 2699 3401 2771 "diu!
3423 2709 3469 2751 ετ
3490 2715 3728 2771 επρεῐιειιερ
3741 2701 3832 2771 ei!

2304 2753 2549 2824 meliorem
2569 2753 2779 2825 formant
2796 2753 3102 2825 conﬁrmatas
3123 2761 3184 2808 ab
3206 2775 3270 2811 eo
3301 2762 3454 2812 (edes.
3469 2753 3654 2825 _Esrinde
3675 2753 3787 2812 ricini
3803 2769 3831 2811 rt

2303 2815 2449 2886 amici
2471 2815 2802 2886 consolationis
2821 2817 2981 2886 gratia
3003 2834 3165 2886 ipsum
3177 2825 3420 2874 adeuntes
3444 2823 3603 2886 dicunt
3628 2837 3645 2874 :
3675 2834 3729 2874 Ne
3742 2861 3753 2882 ,
3773 2824 3831 2871 do-

2305 2878 2464 2947 mina,
2491 2889 2550 2947 ne
2572 2878 2764 2947 idagas
2791 2878 2891 2929 :"ne
2927 2878 3100 2947 liberos
3132 2883 3368 2947 deseras,
3393 2898 3453 2934 ne
3487 2885 3610 2947 satas
3630 2878 3829 2947 ardeam:-

2305 2901 2434 2926 nuuu
2450 2913 2464 2936 ,
2491 2901 2549 2925 ut:
2573 2901 2623 2926 ιιι
2647 2901 2763 2939 uyua
2791 2901 2807 2928 .'
2831 2901 2891 2929 ηε
2927 2901 3100 2933 uaeras
3132 2901 3338 2936 αειςεναδ
3353 2921 3368 2944 ν
3393 2901 3453 2934 ne
3487 2901 3610 2936 smus
3630 2901 3740 2936 (ιταεδ
3771 2901 3829 2931 κτε-

2305 2937 2544 3008 sumdari.
2583 2937 2676 3008 alii
2713 2953 2883 2991 rursus
2917 2943 3084 3008 dicunt
3122 2946 3260 3008 :Ille
3293 2947 3404 2998 talis
3426 2946 3708 3008 magistratus
3724 2901 3829 3002 alia,

2305 3007 2360 3073 et.
2374 2999 2554 3073 uitellos
2577 3005 2761 3073 teucros
2785 3005 2928 3073 uagari
2963 3005 3156 3073 reliquit
3171 3045 3186 3068 ,
3213 3023 3278 3058 ac
3303 2999 3579 3073 armiesti'éos
3599 2999 3830 3070 magnasque

2509 3075 2537 3137 ,ς
2555 3062 2642 3137 sed
2662 3065 2906 3137 uxorejus
2922 3073 2968 3137 et
2983 3062 3186 3137 pupillos
3203 3070 3460 3137 educavit,
3475 3077 3520 3120 et
3541 3062 3712 3137 dominii
3728 3062 3828 3137 Silain

2298 3129 2433 3196 recte
2451 3124 2831 3196 administravit;
2853 3124 3108 3196 Postquam
3126 3131 3238 3182 tunc
3261 3146 3294 3182 a
3503 3131 3670 3196 audita?
3683 3171 3695 3189 ,
3716 3129 3827 3181 tristi-

2305 3185 2423 3235 tiam
2445 3185 2494 3235 in
2517 3185 2811 3256 hilaritatem
2842 3185 3092 3256 paululum
3121 3195 3448 3245 conmmtavit.
3485 3185 3722 3256 Elapsoqae
3745 3200 3828 3256 tau-

2299 3259 2423 3316 «pore
2466 3247 2697 3321 conjugis-
3037 3256 3524 3321 prorsusaeposait,
3559 3247 3602 3321 ἐξ
3627 3247 3690 3321 _a'd
3717 3253 3826 3321 «lima

2307 3309 2466 3381 virum
2484 3309 2713 3372 respexit.
2740 3309 2826 3381 Ille
2848 3309 3184 3381 porroviiiser,
3211 3309 3376 3376 dives,
3400 3309 3550 3380 gloria
3569 3315 3751 3381 fulgetis,
3769 3312 3826 3381 ipsi

2307 3371 2500 3441 domum
2523 3371 2661 3441 suam
2677 3380 2805 3441 recte
2827 3371 3211 3437 administrabat,
3238 3393 3333 3429 non
3353 3371 3509 3430 autem
3527 3371 3826 3441 alimmum

2306 3433 2466 3502 mitius
2483 3469 2496 3491 ,
2542 3433 2847 3503 misera-bilis.
2889 3446 3164 3501 corpusque
3196 3433 3315 3503 ejus
3349 3455 3380 3491 a
3411 3441 3633 3491 vermibus
3667 3437 3821 3490 roditur.

2307 3495 2560 3567 ("limaqu
2577 3495 2864 3567 inlgeltenna
2882 3495 3118 3567 telermir'n
3136 3495 3407 3567 cruciatur.
3436 3503 3562 3567 Beati
3591 3513 3714 3563 porro
3729 3511 3822 3567 niur-

2307 3557 2590 3628 tyres,‘qu.ia
2613 3557 2774 3628 debita
2797 3559 2891 3628 sibi
2911 3563 3114 3628 praemia
3141 3564 3390 3628 accipiunt
3408 3602 3422 3625 ,
3446 3566 3497 3614 id
3521 3557 3650 3614 etiam
3670 3559 3824 3610 sortiun-

2307 3624 2406 3677 tur,
2428 3617 2558 3669 ut‘ab
2581 3619 2686 3678 ejus
2709 3617 2944 3684 sepulcris
2960 3637 3053 3673 nou
3075 3617 3383 3676 recedamus.

1720 3748 3815 3774 ____________________________

1924 3850 2466 3934 EJUSDEM

620 4034 750 4079 CUM
796 4031 978 4077 Λιιυε
1019 4031 1185 4076 ANTE
1228 4029 1653 4084 PERORASSET,
1699 4027 1911 4073 SERMO
1953 4026 2192 4071 CONSTA

2295 4024 2534 4071 morem
2577 4025 2874 4082 manus,
2923 4027 2986 4070 ιη
3031 4028 3253 4072 me“
3297 4023 3574 4072 nccrssu
3617 3999 3690 4084 (α)
3726 4012 3818 4057 cum

701 4133 888 4177 pwcr
939 4131 1435 4187 convemssnur,
1481 4130 1549 4174 IN
1592 4129 1806 4186 ILLUD,
1855 4128 1939 4172 nr:
1991 4125 2338 4185 Ttuosnts,
2389 4127 2521 4172 CUM
2573 4126 2759 4174 DIVES
2799 4128 3040 4172 merus
3105 4130 3348 4174 FUEBIT
3407 4124 3599 4178 nouo,
3657 4119 3721 4162 ET
3765 4111 3818 4154 νε

702 4235 1135 4280 ELEEMOSYNA.

2069 4358 2436 4418 eam”

696 4493 748 4546 l.
788 4491 988 4546 Parvus
1027 4499 1109 4546 est
1133 4489 1334 4546 fructus
1360 4489 1495 4560 ejus,
1526 4489 1616 4559 qui
1651 4487 1906 4559 praeclare
1925 4483 2081 4548 dixit,
2109 4482 2208 4539 sed

631 4593 870 4646 maturus
894 4599 909 4635 :
943 4583 1115 4637 tenuis
1139 4593 1220 4636 est
1240 4581 1460 4648 chorda,
1482 4581 1574 4636 sed
1600 4582 1786 4651 ingens
1810 4593 1972 4634 sonus
2000 4595 2015 4632 :
2044 4591 2212 4647 pauca

628 4675 790 4728 verba
813 4713 830 4736 ,
860 4673 954 4728 sed
980 4674 1154 4741 magni
1181 4672 1332 4742 pretii
1361 4682 1482 4726 sunt
1509 4672 1805 4726 sententiae.
1849 4671 1982 4725 Nam
2009 4679 2064 4725 et
2090 4669 2211 4722 uni-

628 4780 842 4825 versum
872 4766 1122 4836 populum
1153 4765 1395 4820 laudibus
1417 4765 1686 4830 excitavit,
1710 4777 1909 4833 eosque
1937 4761 2214 4832 praaconiis

631 4859 995 4929 diligentiores
1011 4856 1206 4921 ell'ecit,
1221 4866 1272 4911 et
1289 4863 1561 4910 auctorem
1585 4855 1916 4925 agricultura:
1941 4853 2212 4920 indicavit,

629 4959 787 5020 atque
816 4946 1127 5017 compositis
1147 4948 1200 5000 in
1225 4945 1341 5016 ejus
1363 4944 1569 5000 laudem
1594 4945 1824 5016 hymnis,
1845 4953 2122 5015 postquam
2147 4959 2214 4999 ex

633 5040 880 5113 Apostoli
904 5046 1178 5112 praecepto
1201 5037 1397 5108 gratias
1443 5038 1584 5106 egit,
1637 5037 1931 5090 orationem
1957 5035 2218 5105 gloriﬁca-

635 5135 782 5190 tione
809 5133 1088 5188 conclusit.
1118 5130 1271 5198 Quod
1309 5131 1354 5185 si
1383 5144 1620 5184 mensam
1659 5130 1766 5184 cito
1801 5129 2060 5196 removit,
2109 5143 2217 5184 non

696 5288 769 5360 (τι)
803 5295 927 5360 “es
949 5299 1094 5360 qua!!!
1118 5289 1506 5360 magisve?!
1525 5277 2218 5360 egessivﬂzﬂtlwrﬁ'ﬂsri!

633 5343 852 5412 pluribus
873 5343 1173 5409 disquisitqu
1195 5343 1271 5412 est
1313 5346 1362 5393 in
1407 5343 1515 5412 Vita
1560 5343 2221 5412 Chrysostomi.Antequam

633 5407 775 5472 porro
799 5407 1053 5472 episwpus
1073 5408 1460 5473 condonaretur,
1483 5407 1533 5456 in
1568 5419 1704 5473 more
1735 5412 1872 5473 _erat,
1914 5411 2016 5473 _tum
2056 5407 2219 5473 Antio-

632 5464 773 5529 chiae,
808 5464 910 5521 tum
931 5464 1353 5532 timstautiuopoli,
1379 5475 1428 5519 ut
1443 5464 1682 5532 sacerdos
1703 5466 1826 5532 alius
1839 5464 1929 5532 _vel
1954 5475 2098 5532 etiam
2119 5466 2222 5526 epi-

631 5527 824 5594 swnus.
858 5533 899 5580 si
920 5533 1134 5587 adesset.
1159 5527 1389 5594 populum
1411 5527 1746 5593 alloquetetur
1772 5543 1783 5578 :
1804 5529 1850 5578 id
1873 5527 2000 5592 quod
2025 5539 2119 5576 non
2141 5539 2220 5576 sc-

633 5547 714 5582 ξω
736 5547 824 5588 ius,
858 5547 899 5580 SI
920 5547 1134 5587 adesset,

633 5547 732 5643 me:
760 5593 964 5644 vidimus
983 5605 1146 5654 supra.

2317 4481 2386 4537 ob
2411 4488 2721 4551 egestatem,
2752 4481 2844 4537 sed
2875 4483 2945 4538 ob
2974 4483 3323 4539 humilitatem
3351 4481 3400 4537 id
3427 4478 3543 4549 egit.
3572 4473 3672 4529 Non
3694 4465 3810 4523 enim.

2315 4573 2456 4643 quod
2485 4572 2665 4628 dicere
2683 4573 2832 4642 plura
2861 4589 2967 4627 non
3001 4585 3199 4643 posset,
3233 4571 3457 4629 orationi
3485 4567 3625 4622 linem
3650 4551 3811 4613 tacendo

2320 4667 2590 4737 imposuit,
2620 4667 2714 4722 sed
2744 4677 2801 4721 ut
2829 4666 3052 4721 docendi
3083 4683 3303 4724 munere
3331 4665 3478 4720 nobis
3501 4657 3701 4716 cederet.
3733 4647 3811 4710 Age

2316 4775 2446 4830 ergo
2491 4773 2590 4838 n_os
2617 4775 2827 4828 quoque
2867 4760 3219 4824 tumultuum,
3265 4759 3352 4829 qui
3391 4757 3496 4825 jam
3531 4743 3808 4838 contigerunt,

2319 4834 2548 4920 procella
2562 4849 2787 4914 liberati,
2805 4860 3070 4920 tamquam
3097 4850 3391 4905 ﬂuvialibus
3409 4837 3686 4914 quibusdam
3704 4834 3808 4920 :ttl‘fIs

2320 4956 2476 4996 aures
2496 4951 2706 4997 nostras
2737 4942 2962 4996 lectione
2986 4942 3372 5013 Scripturarum
3395 4937 3660 4992 abluamus.
3690 4912 3809 5013 Itala:

2322 5033 2468 5087 ciunt
2488 5041 2542 5088 et
2568 5040 2740 5088 nauta:
2771 5049 2785 5084 :
2818 5008 3478 5104 postquam—tempestatem
3503 5016 3752 5077 evaserunt,
3770 5008 3806 5054 et

2321 5123 2545 5177 multum
2578 5124 2794 5193 pelagus
2830 5125 3032 5180 emensi
3059 5125 3125 5178 ad
3156 5121 3482 5192 tranquillum
3523 5115 3700 5181 portum
3726 5104 3807 5193 μετέ

2325 5223 2606 5281 venerunt,
2636 5215 2884 5271 demissis
2912 5215 3064 5281 velis,
3096 5216 3336 5286 deposito
3361 5223 3517 5264 remo.
3545 5207 3591 5253 ct
3611 5190 3802 5286 ειξοξηῗξξ

2330 5321 2363 5362 e
2389 5308 2508 5361 navi
2541 5306 2680 5361 facto
2703 5348 2718 5374 ,
2748 5307 2980 5373 balneis,
3021 5307 3140 5362 cibo
3159 5349 3174 5370 ,
3208 5316 3352 5377 potu,
3381 5307 3554 5355 somno
3585 5301 3639 5341 ac

2323 5360 2517 5468 corpus
2544 5360 2864 5464 refocillarit,
2885 5360 3230 5469 iut'vegetiits‘
3248 5360 3368 5453 illud
3393 5400 3442 5447 et
3467 5383 3620 5454 aptius
3640 5369 3693 5425 ad
3715 5360 3800 5417 reli-

2324 5503 2483 5559 quam
2505 5488 2896 5558 navigationem
2921 5488 3167 5544 reddant.
3688 5548 3708 5559 η

2399 5578 2570 5634 Lectio
2609 5548 2892 5652 Svcripturw
2933 5596 3090 5637 sacra:
3113 5596 3262 5651 quam
3292 5574 3436 5632 utilis.
3463 5548 3732 5628 Comparalio
3750 5548 3800 5588 rd-
