4068 6270
430 386 537 442 533

426 515 539 552 rum
566 499 899 551 humanarum
916 513 1028 550 cum
1050 496 1434 551 umbra.—Ilos
1455 497 1724 553 imitemur
1749 512 1848 551 nos
1877 511 2014 566 quo-

426 605 551 659 que,
581 604 643 642 ac
671 603 869 656 nupera
897 588 985 642 illa
1017 588 1430 658 perturbatione,
1462 588 1709 654 tumultu,
1738 588 2016 645 ﬂuctibus-

427 698 529 752 que
550 681 835 751 perfuncti,
865 691 1131 752 tamquam
1157 681 1222 737 ad
1245 682 1478 752 quietum
1500 681 1779 752 quemdam
1803 693 2013 752 portum

427 772 660 825 animam
688 779 922 825 nostram
949 772 1015 828 ad
1045 771 1435 841 Scripturarum
1461 772 1741 828 lectionem
1772 772 2011 842 appella-

428 875 567 914 mus.
599 860 809 915 Etenim
832 870 1019 931 portus
1047 870 1129 917 est
1160 862 1322 919 nullis
1347 862 1593 918 ﬂuctibus
1613 864 1859 933 agitatus,
1892 879 2012 920 mu-

426 965 517 1004 rus
544 949 986 1020 inexpugnabilis,
1019 952 1333 1007 inconcussa
1365 952 1546 1016 turris,
1576 953 1743 1023 gloria
1771 968 1888 1024 qua:
1915 968 2011 1008 nc-

425 1040 539 1109 quit
565 1040 722 1109 eripi,
751 1052 1018 1095 armatura
1053 1042 1489 1112 impenetrabilis,
1520 1043 1680 1097 animi
1711 1043 2009 1113 tranquilli-

426 1143 510 1187 tas
538 1133 764 1199 invicta,
806 1135 1050 1203 voluptas
1075 1137 1323 1189 continua
1345 1175 1359 1198 ,
1408 1143 1462 1189 ct
1499 1150 1842 1206 quaecumque
1872 1136 2009 1191 bona

425 1223 647 1288 dixeris,
677 1223 971 1279 divinarum
1016 1239 1337 1294 congressus
1377 1224 1790 1295 Scripturarum.
1831 1224 1932 1280 llic
1956 1234 2010 1281 ct

426 1331 712 1371 inmrorem
765 1315 965 1387 abigit,
1012 1324 1066 1371 et
1107 1317 1267 1370 animi
1314 1318 1741 1388 tranquillitatem
1785 1326 2003 1385 tuetur,

426 1424 713 1478 pauperem
745 1409 991 1465 ditiorem
1018 1409 1194 1466 reddit
1221 1410 1519 1479 opulentis,
1561 1418 1614 1465 et
1639 1409 1890 1465 divitibus
1917 1424 2005 1465 sc-

425 1500 706 1553 cnritatem
747 1498 1011 1569 acquirit,
1056 1508 1386 1570 peceatorem
1428 1499 1627 1569 justum
1663 1498 1848 1567 efﬁcit,
1891 1507 2006 1555 tuto

426 1588 670 1658 prmsidio
691 1588 891 1659 jusmm
918 1591 1106 1656 munit,
1139 1590 1277 1645 mala
1298 1606 1415 1660 qua:
1438 1591 1620 1645 insunt
1644 1590 1845 1656 evellit,
1864 1588 2003 1645 bona

424 1695 545 1748 qua:
572 1679 764 1735 desunt
806 1680 1010 1745 inserit,
1059 1680 1312 1735 malitiam
1338 1680 1516 1751 fugat,
1544 1681 1611 1736 ad
1637 1679 1885 1736 virtutem
1916 1696 2005 1736 re-

426 1771 592 1835 ducit,
621 1787 716 1826 nec
747 1771 950 1827 reducit
977 1772 1168 1839 modo,
1205 1772 1298 1827 sed
1326 1771 1590 1827 radicibus
1614 1771 1774 1826 etiam
1805 1771 2000 1840 ﬁrmat,

425 1872 499 1927 et,
529 1875 585 1919 ut
617 1873 870 1933 perpetuo
894 1874 1126 1931 maneat,
1158 1865 1342 1932 efﬁcit,
1368 1880 1487 1921 cum
1518 1865 1806 1936 spiritualis
1832 1866 2002 1921 medi-

424 1957 541 2009 cina
568 1956 668 2021 sit,
716 1972 779 2012 ac
815 1956 990 2011 divina
1018 1957 1258 2028 quaedam
1284 1966 1339 2012 et
1373 1957 1653 2013 inell'abilis
1690 1957 1999 2025 iucantatio,

423 2063 541 2117 quae
568 2049 841 2116 passiones
860 2050 1196 2105 exterminat.
1226 2049 1358 2105 Nam
1383 2059 1437 2105 et
1454 2051 1634 2120 spinas
1662 2060 2000 2120 peccatorum

422 2139 700 2206 exstirpat,
732 2149 787 2194 et
811 2154 995 2194 arvum
1017 2149 1293 2211 expurgat,
1317 2150 1372 2196 et
1396 2142 1606 2211 pietatis
1630 2141 1762 2210 jacit
1773 2142 1997 2207 semina,

420 2240 476 2284 et
515 2230 745 2286 fructum
786 2232 854 2287 ad
891 2233 1121 2303 vigorem
1154 2234 1412 2304 perducit.
1457 2233 1798 2305 Nequaquam
1843 2234 2002 2305 igitur

424 2332 500 2377 tot
526 2338 874 2393 aSpernemur
903 2324 1064 2392 bona,
1098 2340 1269 2395 neque
1289 2342 1318 2380 a
1341 2326 1577 2382 collectis
1596 2326 1831 2381 absimus
1854 2367 1869 2391 ,
1902 2325 1998 2382 sed

423 2415 527 2470 huc
552 2431 648 2470 nos
673 2416 886 2472 assidue
910 2417 1244 2472 conferamus
1268 2458 1284 2486 ,
1332 2426 1391 2472 ut
1412 2419 1663 2473 continue
1704 2431 1954 2472 sanemur
1982 2435 1996 2472 :

420 2522 522 2563 nec
550 2507 688 2562 ullus
715 2509 932 2563 divitem
963 2522 1189 2564 cernens
1220 2509 1412 2563 invidia
1440 2509 1735 2574 saucietur,
1761 2515 1852 2563 aut
1885 2507 2000 2569 ino-

420 2599 503 2667 pia
520 2608 768 2667 gravetur
794 2615 809 2653 :
836 2598 930 2655 sed
952 2614 1077 2654 vera
1100 2599 1308 2669 cognita
1333 2614 1510 2654 rerttm
1537 2607 1744 2663 natura,
1773 2605 1996 2669 praeter-

418 2700 504 2743 eat
534 2691 1052 2755 umbras,veritatem
1092 2691 1457 2760 amplectatur.
1480 2691 1749 2762 Siquidem
1789 2691 1994 2757 umbra,

353 2820 359 2826 .
421 2780 547 2835 licet
566 2795 788 2849 corpore
805 2782 974 2850 major
998 2791 1270 2852 appareat,
1298 2792 1380 2837 est
1407 2792 1582 2838 tamen
1599 2782 1785 2838 umbra
1812 2801 1825 2841 :
1851 2794 1997 2839 certe

419 2873 559 2928 enim
587 2871 757 2941 major
783 2886 848 2927 eo
887 2889 992 2928 non
1030 2880 1114 2927 est
1150 2875 1379 2944 alioqui,
1408 2874 1502 2929 sed
1528 2874 1735 2929 videtur
1758 2914 1773 2939 ,
1805 2882 1859 2928 et
1885 2883 1994 2929 tum

423 2962 629 3016 videtur
658 3003 671 3026 ,
703 2978 823 3017 cum
851 2977 881 3018 a
905 2964 1032 3018 solis
1061 2964 1221 3020 radiis
1247 2965 1560 3021 remotiorcs
1590 2965 1843 3021 fuerimus
1870 2984 1885 3021 :
1917 2967 1995 3021 sic

424 3051 668 3107 nimirum
708 3054 847 3110 circa
893 3055 1170 3111 meridiem
1221 3057 1345 3111 dum
1391 3056 1640 3114 ferventis
1682 3057 1811 3113 solis
1861 3058 1993 3113 radii

418 3143 575 3212 capiti
605 3145 910 3210 imminent,
951 3147 1180 3216 undique
1224 3148 1275 3202 in
1309 3157 1589 3218 angustum
1620 3150 1908 3220 redigitur,
1939 3160 1994 3204 et

416 3234 760 3300 contrahitur,
792 3250 855 3289 ac
879 3236 1089 3290 brevior
1105 3237 1188 3302 lit;
1208 3237 1347 3306 quod
1367 3239 1544 3308 utique
1573 3239 1623 3293 in
1654 3240 1812 3295 rebus
1832 3239 1989 3294 etiam

416 3325 659 3381 immanis
686 3329 941 3382 cernitur.
987 3327 1117 3382 Nam
1167 3330 1417 3399 quamdiu
1467 3346 1528 3386 sc
1570 3330 1775 3402 longius
1804 3332 1921 3400 quis
1959 3347 1990 3384 a

413 3420 610 3474 virtute
652 3419 898 3490 scjungit,
947 3435 1150 3490 magna:
1181 3421 1255 3475 illi
1292 3436 1380 3477 res
1412 3421 1671 3477 videntur
1703 3420 1984 3477 humanm:

415 3509 503 3564 uhi
531 3524 658 3564 vero
685 3524 742 3563 se
765 3512 815 3564 in
838 3511 1135 3566 clarissimo
1154 3510 1544 3580 Scripturarum
1559 3512 1758 3567 lumine
1771 3513 1990 3569 colloca-

414 3600 503 3663 rit,
535 3610 647 3655 tum
676 3614 802 3655 vero
822 3616 982 3671 quam
1009 3601 1162 3665 viles,
1193 3615 1350 3670 quam
1374 3602 1580 3668 breves,
1609 3616 1767 3671 quam
1794 3602 1988 3659 nullius

413 3691 669 3745 momenti
695 3691 802 3746 sint
832 3706 918 3747 res
946 3690 1157 3746 caduca:
1185 3690 1558 3746 animadvertit
1581 3733 1596 3757 ,
1624 3707 1687 3747 ac
1716 3693 1879 3763 probe
1909 3692 1990 3747 in-

416 3783 603 3849 telligit
626 3782 792 3837 nihilo
818 3796 910 3836 eas
937 3782 1144 3837 meliori
1171 3780 1474 3836 conditione
1496 3822 1511 3847 ,
1551 3797 1707 3851 quam
1747 3782 1987 3838 ﬂuviales

413 3871 584 3927 undas
606 3885 744 3938 esse,
764 3887 882 3941 quae
902 3871 1060 3927 simul
1090 3880 1380 3941 appareant
1398 3880 1451 3924 et
1471 3870 1790 3926 dilabantur.
1818 3871 1985 3940 Quam

412 3961 482 4017 ob
510 3977 723 4017 causam
750 3976 871 4017 cum
902 3961 1159 4033 propheta
1185 3960 1667 4032 philosOpbaretur,
1697 3971 1749 4017 et
1770 3963 1987 4031 pusilla-

414 4054 586 4109 nimes
615 4055 743 4109 istos
772 4064 827 4110 et
852 4052 1094 4109 infelices
1120 4054 1431 4122 castigaret,
1463 4052 1553 4123 qui
1582 4051 1726 4107 humi
1754 4063 1984 4123 reptant,

411 4154 466 4200 et
486 4145 554 4199 ad
576 4144 876 4200 divitiarum
907 4159 1152 4216 pompam
1184 4144 1584 4212 obstupescunt,
1630 4145 1718 4214 qui
1747 4143 1988 4198 reformi-

410 4236 538 4291 dant
564 4251 626 4290 ac
643 4243 874 4291 tremunt
890 4251 1004 4302 eos,
1022 4235 1111 4305 qui
1131 4233 1389 4305 ejusmodi
1408 4233 1566 4289 rebus
1589 4233 1984 4302 circumfluunt,

410 4337 467 4381 et
508 4341 606 4381 nos
629 4327 696 4382 ab
721 4326 825 4382 hoc
852 4342 1049 4396 pavore
1072 4325 1360 4382 abduceret
1387 4340 1450 4382 ac
1476 4325 1725 4381 suaderet
1749 4369 1761 4391 ,
1793 4333 1851 4381 ut
1894 4341 1988 4382 eas

412 4431 679 4490 tamquam
722 4434 811 4476 res
855 4420 1004 4475 nihili
1046 4432 1548 4489 contemneremus,
1597 4421 1853 4478 dicebat:
1904 4418 1989 4477 Ne

402 4512 659 4574 timueris,
678 4527 792 4565 eum
822 4512 957 4566 dives
976 4516 1139 4583 factus
1161 4514 1313 4584 fuerit
1337 4514 1486 4568 homo
1504 4555 1521 4581 ,
1548 4524 1638 4568 aut
1666 4530 1781 4568 cum
1810 4514 1985 4569 multi-

411 4607 597 4673 plicata
621 4605 772 4675 [uerit
808 4604 972 4676 gloria
992 4604 1171 4658 domus
1197 4606 1326 4676 ejus.
1356 4604 1609 4670 Quoniam
1636 4623 1749 4660 cum
1778 4608 1984 4661 interie-

408 4698 494 4763 rit,
530 4714 631 4751 non
659 4707 819 4752 sumet
840 4696 1009 4750 omnia
1029 4694 1199 4766 (Psal.
1226 4696 1313 4752 48.
1337 4698 1442 4767 17).
1459 4697 1619 4752 Vides
1644 4714 1802 4769 quam
1830 4715 1989 4754 accuo

409 4798 521 4844 rata
550 4789 792 4844 oratione
822 4789 981 4844 fuerit
1011 4801 1155 4852 usus,
1188 4797 1242 4843 et
1267 4790 1559 4847 clarissime
1582 4799 1771 4845 cuncta
1794 4792 1986 4845 distin-

410 4881 584 4937 xerit?
608 4881 722 4936 Non
749 4882 890 4937 enim
919 4881 1074 4943 dixit,
1118 4882 1247 4935 Cum
1293 4882 1637 4950 multiplicata
1680 4882 1833 4937 fuerit
1870 4883 1986 4953 ejus

406 4973 599 5043 gloria,
629 4972 744 5037 sed,
778 4971 955 5027 Gloria
979 4971 1157 5026 domus
1197 4972 1306 5043 ejus
1329 5013 1343 5029 .
1397 4971 1634 5025 indicans
1682 4972 1821 5026 aliud
1867 4988 1985 5028 esse

404 5065 628 5133 gloriam
661 5063 890 5117 hominis
909 5106 926 5129 ,
957 5072 1012 5117 et
1034 5061 1174 5117 aliud
1203 5063 1427 5132 gloriam
1457 5061 1666 5116 domus.
1711 5062 1845 5130 Quid
1884 5063 1985 5133 igi-
2016 5072 2017 5075 ‘

409 5166 494 5210 tur
531 5166 611 5208 est
641 5156 869 5210 hominis
915 5156 1079 5225 gloria
1099 5196 1112 5217 ,
1158 5164 1212 5209 et
1240 5154 1366 5224 quid
1395 5154 1559 5223 gloria
1586 5152 1815 5209 domus?
1862 5155 1986 5210 Ilzrc

409 5245 552 5301 enim
582 5245 726 5300 clare
752 5246 1108 5315 dignoscenda
1134 5255 1257 5300 sunt
1282 5286 1296 5309 ,
1340 5256 1395 5298 ut
1439 5258 1508 5300 ne
1536 5245 1741 5299 somnia
1773 5246 1946 5314 potius
1966 5285 1982 5312 ,

406 5354 566 5410 quam
592 5339 865 5393 veritatem
894 5340 1296 5409 amplectamur.
1326 5338 1461 5393 Sunt
1490 5337 1852 5407 igiturdomus
1880 5337 1986 5407 glo-

409 5432 488 5487 ria
520 5430 775 5500 porticus,
807 5430 1128 5495 ambulacra,
1158 5432 1403 5501 laqueare
1434 5444 1676 5493 aureum,
1709 5429 1982 5498 pavimen-

410 5535 521 5578 tum
553 5522 747 5587 lapillis
779 5531 1041 5589 ornatum,
1078 5534 1246 5591 prata,
1281 5522 1440 5586 horti,
1468 5537 1743 5579 servorum
1775 5537 1983 5592 greges,

408 5614 649 5683 supellex
676 5620 1005 5681 sumptuosa,
1037 5629 1261 5682 quorum
1290 5614 1418 5669 nihil
1461 5614 1526 5669 ad
1557 5614 1827 5669 hominem
1855 5628 1981 5683 pcr-

411 5708 564 5763 tinet.
598 5705 839 5761 Hominis
865 5706 1052 5773 gloria,
1076 5715 1216 5759 recta
1238 5718 1320 5761 est
1353 5709 1482 5762 lides
1501 5751 1516 5774 ,
1547 5709 1692 5763 zelus
1718 5708 1768 5761 in
1794 5708 1979 5772 Deum,

407 5797 631 5866 caritas,
657 5795 1029 5863 mansuetudo,
1066 5796 1254 5853 lenitas
1272 5838 1287 5866 ,
1316 5799 1596 5854 assiduitas
1621 5800 1674 5854 in
1702 5797 1945 5869 precibus
1963 5838 1979 5865 ,

1732 382 1804 439 .IN
1842 381 2162 441 PSALMUM
2199 381 2429 442 XLVIII.

3604 401 3707 459 εει

2123 495 2176 550 in
2200 497 2558 571 eleemosynis
2590 500 2953 572 impertiendis
2983 505 3298 579 liberalitas,
3321 513 3555 578 castitas,
3587 531 3706 573 mo—

2121 588 2314 652 destia,
2347 601 2555 647 caetera:
2582 609 2767 650 omnes
2797 598 3012 654 virtutis
3036 601 3262 669 Species.
3305 605 3479 674 Atque
3511 617 3567 661 ut
3595 608 3708 663 hare

2120 679 2188 732 ita
2219 696 2278 735 se
2318 681 2513 738 habere
2543 685 2825 757 intelligas,
2857 688 2899 743 is
2926 690 3137 763 quidem
3182 695 3270 763 qui
3314 695 3402 752 illa
3448 700 3702 764 possidet,

2115 769 2339 839 gloriam
2380 788 2445 827 ex
2486 774 2593 829 illis
2623 777 2818 832 nullam
2853 779 3082 850 colligit,
3124 798 3296 852 neque
3335 785 3532 842 idcirco
3568 803 3712 857 pra.—

2116 859 2293 917 clarus
2343 864 2535 935 aliquis
2589 869 2979 939 appellabitur,
3034 873 3174 943 quod
3231 877 3512 945 pra'claras
3561 880 3705 937 mdes

2116 949 2332 1020 habeat,
2366 955 2451 1011 vel
2495 957 2749 1028 hortum,
2790 962 2874 1016 vel
2900 972 3147 1033 pratum,
3175 967 3257 1022 vel
3283 983 3562 1025 servorum
3594 980 3705 1026 tur-

2113 1041 2258 1110 bam,
2281 1045 2365 1099 vel
2383 1058 2560 1102 vestes
2577 1051 2855 1118 prctiosas.
2883 1052 3022 1109 Laus
3044 1055 3185 1110 enim
3208 1057 3381 1112 omnis
3409 1059 3460 1113 in
3487 1076 3703 1130 posses-

2113 1134 2266 1189 sione
2306 1136 2568 1204 subsistit,
2602 1155 2773 1210 neque
2822 1145 3009 1201 transit
3050 1147 3117 1201 ad
3168 1164 3552 1218 possessorem.
3601 1155 3708 1208 Do-

2111 1238 2256 1277 mum
2297 1225 2438 1280 cnim
2489 1226 2798 1297 laudamus,
2843 1241 2897 1287 et
2924 1232 3175 1304 hortum,
3236 1249 3467 1308 pratum,
3495 1256 3558 1296 ac
3607 1259 3700 1299 ve-

2110 1309 2269 1362 stium
2318 1310 2764 1379 pulchritudinem
2794 1357 2809 1382 ,
2858 1332 2978 1387 qua:
3018 1322 3410 1376 commendatio
3448 1334 3530 1379 est
3570 1329 3703 1380 artis

2109 1414 2324 1487 eorum,
2348 1403 2594 1487 aquibus
2623 1406 2894 1463 elaborata
2922 1419 3046 1464 sunt
3073 1411 3180 1477 illa,
3202 1429 3307 1467 non
3325 1413 3533 1469 virtutis
3560 1418 3701 1487 ejus,

2108 1483 2201 1551 qui
2228 1483 2326 1540 sibi
2357 1486 2444 1541 illa
2468 1496 2879 1561 comparaverit,
2909 1494 3003 1550 sed
3037 1504 3218 1551 contra
3242 1499 3399 1568 plane
3440 1483 3697 1571 improbi;

2109 1574 2233 1629 tatis
2260 1589 2648 1647 argumentum.

2178 1664 2233 1719 2.
2278 1667 2406 1732 Quia
2448 1672 2655 1741 propria
2694 1673 2761 1728 sit
2802 1674 2995 1730 homini
3030 1675 3215 1748 gloria.
3249 1680 3608 1753 Arrogantiam
3648 1691 3697 1736 et

2108 1754 2281 1809 luxum
2309 1757 2591 1814 describens
2627 1763 2904 1835 redarguit.
2927 1767 3241 1824 —Tantum
3286 1788 3415 1843 ergo
3454 1774 3607 1828 abest
3641 1783 3697 1828 ut

2107 1843 2363 1914 ejusmodi
2392 1853 2781 1918 possessionum
2804 1855 3037 1912 conditio
3057 1860 3276 1930 gloriam
3301 1866 3698 1932 possessoribus

2107 1936 2268 1992 ullam
2306 1942 2589 2010 conciliet,
2619 1953 2676 1999 ut
2704 1960 2821 2001 eam
2869 1963 3209 2022 summopere
3252 1954 3549 2012 imminuat.
3592 1960 3697 2012 Eos

2105 2029 2270 2098 enim,
2302 2033 2393 2102 qui
2422 2034 2471 2088 in
2499 2035 2759 2105 ejusmodi
2788 2040 2948 2097 rebus
3001 2057 3128 2099 suas
3157 2054 3425 2103 ostentant
3451 2048 3658 2104 divitias
3676 2092 3694 2120 ,

2106 2131 2375 2195 tamquam
2403 2129 2669 2197 crudeles,
2698 2132 3035 2201 inhumanos,
3066 2138 3332 2206 sordidos,
3363 2149 3419 2196 et
3449 2157 3479 2196 a
3520 2142 3695 2213 philo-

2103 2215 2289 2285 sophia
2317 2220 2523 2287 penitus
2544 2221 2746 2278 alienos
2779 2226 3064 2283 traducunt
3090 2245 3276 2285 omnes
3309 2249 3323 2284 :
3351 2248 3523 2303 neque
3548 2237 3692 2289 enim

2103 2305 2337 2363 hominis
2363 2311 2531 2380 gloria
2557 2322 2681 2368 sunt
2706 2315 2805 2369 ista
2827 2356 2839 2379 ,
2871 2325 2929 2372 ut
2952 2317 3098 2386 dixi,
3126 2321 3218 2375 sed
3244 2321 3435 2378 domus
3464 2341 3478 2377 :
3511 2341 3691 2381 vermn

2102 2412 2196 2451 eos
2215 2402 2303 2468 qui
2332 2400 2383 2454 in
2407 2404 2676 2471 castitate,
2701 2405 2981 2476 modestia,
3009 2413 3437 2480 mansuetudine,
3461 2416 3693 2471 clemen-

2102 2489 2173 2544 tia
2206 2492 2369 2548 vitam
2401 2493 2618 2565 degunt,
2650 2497 2738 2567 qui
2768 2505 2904 2554 totos
2930 2500 3039 2556 Deo
3058 2518 3117 2558 se
3140 2501 3488 2575 devoveruut,
3518 2508 3690 2563 admi-

2099 2598 2282 2638 ramur
2301 2626 2315 2652 ,
2347 2586 2624 2644 laudamus
2649 2630 2662 2653 ,
2692 2591 3042 2661 prmdiramus
3068 2637 3082 2662 ,
3110 2598 3542 2668 quandoquidem
3573 2602 3685 2658 haec

2099 2677 2393 2744 praesertim
2423 2688 2504 2732 εει
2528 2678 2758 2735 hominis
2782 2682 2970 2752 gloria.
2997 2684 3089 2740 llis
3109 2700 3235 2755 ergo
3265 2691 3556 2759 perspectis
3592 2708 3689 2746 ne-

2098 2766 2301 2820 minem
2336 2766 2547 2822 beatum
2576 2785 2696 2825 esse
2725 2772 3059 2840 existimate,
3090 2776 3177 2846 qui
3210 2778 3366 2834 rebus
3398 2780 3498 2835 illis
3524 2783 3692 2836 almn-

2098 2857 2206 2922 det,
2231 2874 2348 2928 qua:
2370 2858 2495 2915 nihil
2524 2875 2644 2915 cum
2669 2862 2761 2918 illo
2779 2879 3060 2921 commune
3089 2866 3304 2923 habent.
3333 2870 3483 2925 Licet
3503 2883 3691 2942 quem-

2096 2949 2237 3020 piam
2265 2950 2460 3006 videris
2485 2952 2539 3006 in
2582 2968 2747 3009 curru
2788 2956 3061 3012 sedentem
3087 2999 3100 3025 ,
3146 2962 3432 3029 supercilio
3472 2964 3683 3018 sublato

2096 3054 2216 3097 sesc
2232 3041 2541 3113 erigentem,
2562 3056 2613 3099 et
2632 3046 2773 3116 ipsas
2792 3048 2956 3104 nubes
2973 3051 3336 3122 attingentem,
3355 3072 3457 3109 non
3475 3057 3687 3126 quidem

2095 3134 2268 3204 reipsa
2292 3136 2310 3205 (
2332 3151 2503 3206 neque
2526 3138 2668 3192 enim
2698 3137 2810 3193 fieri
2838 3141 3043 3212 potest)
3064 3181 3086 3210 ,
3105 3144 3197 3198 sed
3222 3148 3414 3199 mentis
3435 3163 3690 3218 arrogan-

2096 3224 2165 3278 tia
2195 3266 2208 3289 ,
2238 3228 2320 3281 vel
2353 3228 2529 3297 potius
2560 3229 2804 3285 vecordia
2829 3273 2844 3297 ,
2878 3246 2946 3287 ne
2988 3233 3278 3304 gleriosnm
3326 3239 3482 3293 istum
3510 3280 3526 3306 ,
3557 3256 3689 3295 neve

2095 3314 2380 3370 sublimem
2402 3331 2465 3371 ac
2494 3334 2739 3389 magnum
2771 3320 3067 3378 arbitreris.
3094 3324 3222 3379 Nam
3253 3328 3535 3383 sublimem
3561 3330 3687 3385 red-

2094 3405 2227 3461 dunt
2248 3424 2353 3463 non
2371 3410 2529 3465 mula:
2551 3426 2765 3467 currum
2792 3416 3084 3476 trahentes.
3105 3418 3195 3472 sed
3219 3420 3427 3474 culmen
3451 3422 3682 3487 virtutis,

2093 3497 2233 3566 quod
2258 3498 2325 3553 ad
2361 3499 2610 3554 cmlorum
2638 3503 2792 3559 sedes
2820 3522 2917 3560 nos
2938 3506 3205 3562 subvehit.
3237 3509 3384 3564 Licet
3414 3511 3575 3565 alium
3601 3513 3681 3567 vi-

2094 3586 2224 3641 deas
2252 3603 2388 3658 equo
2415 3590 2753 3658 insidentem,
2786 3595 2966 3650 multis
2994 3599 3246 3667 stipatum
3279 3600 3571 3667 lictoribus,
3594 3602 3686 3673 qui

2093 3678 2302 3748 plebem
2332 3682 2385 3735 in
2412 3680 2528 3737 foro
2572 3694 2823 3753 arceant,
2864 3702 2932 3742 ne
2972 3688 3112 3743 hunc
3154 3689 3366 3759 quidem
3410 3704 3686 3761 propterea

2093 3772 2308 3827 beatum
2343 3776 2622 3844 prmdices,
2656 3778 2750 3834 sed
2770 3780 3005 3835 animum
3029 3781 3147 3851 ejus
3170 3795 3362 3837 excute
3383 3792 3437 3837 ct
3458 3785 3685 3853 explica,

2094 3874 2309 3934 tumque
2339 3869 2653 3923 sententiam
2683 3870 2751 3925 de
2789 3886 2855 3925 eo
2899 3871 3071 3937 ferto,
3123 3890 3279 3943 quam
3326 3872 3497 3929 forma
3544 3877 3685 3933 illius

2090 3966 2375 4025 conspecta
2421 3961 2767 4029 suggesserit.
2797 3960 2871 4015 Ita
2910 3973 3034 4018 sunt
3078 3964 3297 4018 ridicula
3341 3981 3687 4037 qmecnmque

2091 4062 2230 4101 nunc
2256 4061 2568 4107 cernuntur.
2611 4050 2720 4106 Cur
2746 4053 2889 4108 enim
2914 4094 2929 4120 ,
2968 4070 3149 4123 qttmso
3172 4097 3185 4118 ,
3217 4056 3271 4110 in
3317 4056 3431 4110 foro
3476 4058 3682 4113 turbam

2098 4142 2288 4197 arces?
2330 4154 2422 4196 ant
2447 4158 2543 4198 cur
2571 4143 2757 4199 obvios
2796 4161 3039 4216 quosque
3068 4149 3350 4201 submovcs
3380 4187 3397 4217 ,
3442 4159 3495 4203 et
3522 4148 3686 4206 homo

2089 4248 2212 4288 cum
2255 4234 2358 4299 sis,
2393 4233 2634 4289 homines
2680 4235 3020 4306 lugas?Quis
3068 4237 3153 4292 hic
3197 4237 3407 4295 fastus?
3436 4257 3682 4311 quaenam

2089 4325 2391 4394 arrogantia
2416 4322 2440 4378 ἲ
2465 4323 2600 4380 Num
2631 4325 2787 4398 lupus
2818 4341 2876 4381 es
2902 4327 3093 4393 factus,
3120 4339 3211 4383 aut
3235 4330 3339 4393 leo,
3372 4337 3447 4393 ut,
3476 4332 3600 4387 dum
3630 4334 3683 4390 iu

2091 4417 2277 4473 urbem
2309 4417 2603 4489 ingrederis
2625 4460 2640 4485 ,
2683 4433 2870 4475 omnes
2897 4419 2947 4473 in
2980 4421 3155 4490 fugam
3182 4423 3390 4477 vertas?
3417 4422 3527 4478 Imo
3555 4439 3684 4481 vero

2090 4510 2245 4580 lupus
2288 4510 2468 4581 lupum
2497 4527 2782 4582 numquam
2807 4512 2983 4583 abiget
3007 4554 3022 4577 ,
3051 4529 3150 4569 nec
3176 4515 3384 4572 leonem
3423 4517 3508 4573 leo
3530 4560 3547 4587 ,
3587 4519 3683 4575 sed

2090 4601 2230 4656 inter
2258 4616 2317 4656 se
2342 4611 2737 4673 congregantur
2760 4643 2775 4667 ,
2801 4617 2864 4659 ac
2894 4612 3097 4660 natura:
3137 4608 3570 4666 communionem
3597 4627 3681 4667 rc-

2090 4700 2382 4746 vcrentur:
2426 4701 2482 4747 tu
2520 4709 2649 4749 vero
2690 4694 2775 4748 cui
2830 4705 3026 4765 prmter
3055 4704 3297 4752 naturam
3343 4700 3461 4755 alite
3502 4702 3684 4757 mulce

2090 4791 2378 4853 suppetunt
2404 4786 2716 4839 occasiones
2747 4794 2801 4840 et
2820 4801 2997 4841 causa:
3029 4788 3473 4856 mansuetudinis,
3502 4789 3685 4845 humi-

2090 4876 2272 4943 litatis,
2306 4877 2626 4946 :equalitatis
2645 4920 2659 4946 ,
2688 4894 2783 4933 cur
2808 4879 2931 4934 feris
2961 4879 3090 4950 ipsis
3116 4880 3350 4936 ferocior
3374 4883 3555 4937 evadis
3580 4924 3595 4949 ,
3628 4896 3686 4941 et

2091 4976 2308 5036 propter
2345 4968 2556 5024 brutum
2584 4969 2782 5023 animal
2812 4970 3018 5024 ratione
3046 4971 3296 5039 praeditos
3340 4973 3641 5028 contemnis
3659 4976 3684 5028 ?

2091 5061 2166 5114 Ac
2194 5060 2445 5115 Dominus
2470 5061 2683 5131 quidem
2718 5071 2837 5117 tuus
2866 5061 3135 5116 hominem
3166 5061 3216 5115 in
3247 5062 3433 5116 caelum
3463 5066 3638 5119 evexit
3663 5086 3679 5123 :

2091 5164 2145 5205 tu
2177 5167 2302 5207 vero
2327 5166 2426 5207 nec
2456 5151 2627 5206 forum
2649 5167 2766 5206 cum
2796 5150 2886 5205 illo
2914 5152 3295 5207 communicas.
3317 5153 3452 5219 Quid
3478 5154 3599 5209 dico
3627 5157 3682 5212 in

2089 5244 2308 5300 cmlnm?
2329 5245 2383 5299 In
2403 5245 2516 5313 ipso
2534 5243 2678 5313 regio
2694 5242 2827 5297 solio
2844 5244 3142 5308 collocavit,
3166 5253 3220 5298 at
3237 5254 3288 5298 tu
3305 5260 3372 5299 ex
3386 5246 3515 5301 urbe
3532 5245 3679 5302 illum

2090 5336 2274 5406 ejicis?
2293 5334 2427 5401 Quid
2446 5345 2621 5387 autem
2638 5331 2738 5386 sibi
2758 5332 2868 5385 vult
2886 5347 3108 5387 aureum
3138 5334 3366 5400 frenum,
3388 5349 3494 5406 quo
3512 5352 3682 5406 equus

2088 5426 2344 5483 ornatur?
2372 5440 2530 5496 quam
2555 5438 2683 5477 vero
2718 5424 3135 5490 excusationem,
3158 5434 3249 5478 aut
3272 5440 3429 5496 quam
3470 5428 3681 5483 veniam

2089 5517 2383 5581 obtinebis,
2411 5517 2498 5586 qui
2520 5515 2841 5585 jumentum,
2872 5515 3010 5585 quod
3037 5516 3235 5571 nullum
3262 5519 3413 5574 istius
3439 5519 3674 5575 liberati-

2090 5611 2213 5665 tatis
2238 5623 2453 5663 sensum
2480 5605 2658 5672 capit,
2702 5603 2836 5657 ultra
2858 5607 3223 5663 necessarium
3251 5624 3408 5664 usum
3437 5623 3679 5666 exornas

2089 5704 2109 5777 (
2131 5700 2349 5774 perinde
2373 5713 2597 5767 namque
2618 5710 2802 5748 aurum
2834 5707 2914 5751 est
2945 5698 3019 5751 illi
3047 5711 3110 5751 ac
3135 5697 3449 5772 plumbum)
3470 5741 3490 5768 ,
3517 5698 3675 5753 ειη-ι-

2092 5809 2229 5850 stum
2257 5802 2433 5846 autem
2466 5788 2640 5844 cernis
2690 5787 2830 5845 fame
2858 5788 3192 5855 confectum,
3228 5802 3401 5858 neque
3425 5794 3674 5863 necessa-
