3968 6294
346 434 452 489 717

346 550 486 616 Quia
517 568 614 604 non
645 550 923 605 credidistis
952 551 1093 615 milii,
1124 560 1176 604 ut
1221 547 1607 616 sancti/icoretis
1630 566 1710 603 me
1742 549 1795 603 in
1823 565 1946 603 con-

344 615 520 687 spectu
539 621 760 695 filiorum
777 620 940 675 Israel
963 618 1245 695 (Num.
1276 615 1383 687 12).
1401 628 1456 695 et
1469 620 1690 695 reliqua.
1712 621 1801 695 42,
1825 620 1943 672 Non

344 701 469 763 sunt
494 688 751 763 recordati
773 707 951 763 manus
1100 731 1114 754 ,
1129 688 1222 763 die
1242 703 1356 763 qui:
1365 689 1573 744 redemit
1590 688 1678 763 Leos
1701 689 1764 743 de
1792 706 1947 743 manu

345 761 658 815 tribulantis.
686 761 775 815 45.
808 762 953 816 Sicut
991 758 1161 831 posuit
1196 758 1263 814 tn
1283 758 1516 831 Egypto
1554 761 1701 830 signa
1734 777 1827 815 sua
1852 802 1867 823 ,
1897 772 1945 814 et

346 833 585 903 prodigia
616 832 795 903 suain
843 830 1019 903 campo
1056 830 1270 903 Taneos.
1318 830 1519 886 Rursus
1564 831 1940 903 manumbei,

346 900 561 957 scilicet
592 902 795 966 Patris,
827 900 1094 957 Christum
1126 902 1244 970 jure
1274 910 1455 964 vocat,
1493 902 1612 970 quia
1646 900 1747 953 Per
1776 901 1942 969 ipsum

347 974 523 1025 omnia
551 973 685 1040 facta
709 982 843 1038 sunt,
873 983 918 1026 et
943 973 1049 1026 sine
1072 974 1181 1042 ipso
1210 973 1401 1043 factum
1424 980 1497 1026 est
1526 972 1652 1043 nihil
1682 970 1859 1043 (Joan.
1886 973 1937 1026 Ι.

345 1043 384 1097 '5
409 1044 428 1112 )
463 1060 476 1096 :
502 1044 572 1096 ita
602 1054 656 1096 ut
687 1045 821 1097 alius
852 1040 1106 1112 prOpheta
1132 1040 1272 1095 dicat
1300 1059 1315 1095 :
1348 1040 1536 1096 Manus
1563 1040 1701 1096 enim
1736 1041 1939 1096 Domini

345 1113 468 1183 fecit
492 1114 598 1167 lucc
620 1115 788 1167 omnia
811 1112 959 1183 (Isni.
989 1113 1074 1167 41.
1098 1112 1213 1180 90).
1245 1112 1358 1166 Non
1387 1112 1650 1166 recordati
1679 1120 1806 1167 sunt
1836 1113 1932 1182 igi-

348 1193 458 1245 tur,
479 1184 727 1251 quisnam
745 1199 838 1238 eos
855 1184 1190 1252 eripueritde
1216 1199 1373 1237 manu
1403 1183 1721 1247 tribulantis,
1749 1196 1938 1251 nempe

350 1253 669 1317 Pharaonis,
704 1268 804 1323 qua
833 1254 920 1307 die
945 1255 1190 1308 exierunt
1219 1271 1230 1307 :
1259 1268 1380 1307 cum
1407 1255 1545 1323 circa
1578 1253 1807 1307 mediam
1833 1268 1935 1308 no-

340 1333 488 1379 clem
514 1322 735 1395 irruens
751 1326 1013 1392 percussit
1035 1324 1377 1393 primogenita
1409 1322 1626 1395 Egypti
1650 1364 1665 1389 ,
1679 1328 1811 1395 ipse
1838 1338 1935 1391 po-

343 1396 458 1448 suit
488 1395 538 1447 iu
583 1393 818 1465 Egyplo
846 1397 992 1464 signa
1028 1403 1079 1448 et
1121 1395 1353 1463 prodigia
1383 1395 1434 1447 in
1462 1393 1650 1465 campo
1677 1393 1887 1449 'l‘aneos
1914 1435 1931 1461 ,

341 1465 436 1517 ubi
467 1466 609 1532 regia
651 1464 939 1519 Pharaonis
967 1473 1081 1517 erat
1115 1482 1127 1517 :
1160 1481 1277 1518 non
1307 1466 1446 1534 quod
1493 1464 1700 1518 Patrem
1740 1480 1805 1518 ex
1845 1465 1934 1520 illa

346 1534 708 1605 prodigiorum
737 1536 1046 1604 operatione
1073 1548 1505 1605 sequestri-mus;
1535 1535 1628 1605 sed
1657 1534 1783 1605 quia
1810 1550 1930 1588 om-

348 1603 433 1657 nia
473 1603 592 1676 qua)
632 1603 786 1659 Pater
812 1616 1078 1674 operatur,
1114 1604 1278 1661 Filius
1308 1606 1555 1660 similiter
1584 1604 1728 1659 l‘acit.
1754 1603 1929 1676 Caete-

346 1689 463 1729 rum
491 1674 638 1745 Signa
671 1686 824 1729 vocat
851 1690 913 1730 ea
944 1691 1062 1743 qua:
1089 1676 1382 1731 secundum
1416 1686 1657 1730 naturam
1691 1674 1927 1741 liebant;

346 1748 491 1799 verbi
515 1761 692 1810 eausa,
723 1747 979 1800 locustam
1000 1787 1014 1811 ,
1043 1746 1194 1815 cujus
1226 1758 1425 1800 natura:
1444 1754 1526 1801 est
1553 1745 1753 1800 fructus
1779 1745 1929 1801 labe-

345 1816 582 1879 factare;
630 1817 882 1870 miracula
922 1831 1050 1869 vero
1085 1831 1203 1886 qua:
1236 1832 1397 1885 super
1439 1824 1680 1886 naturam
1707 1856 1723 1883 ,
1758 1817 1930 1886 qualis

344 1897 461 1939 erat
500 1901 626 1940 rana
658 1902 672 1940 :
706 1902 875 1957 neque
904 1888 1045 1939 enim
1075 1885 1127 1940 id
1154 1901 1220 1957 es
1260 1895 1446 1940 natura
1475 1885 1667 1951 habet,
1698 1896 1755 1939 ut
1780 1885 1929 1957 extra

344 1956 803 2040 aqnamdiscurrat
818 1967 867 2011 et
886 1965 1148 2040 pascatur.
1164 1956 1473 2025 llujnsmodi
1487 1957 1612 2010 item
1630 1965 1713 2040 est
1724 1956 1929 2040 grando

344 2028 505 2081 mixta
531 2029 656 2093 igni,
680 2028 870 2080 lluvius
892 2028 942 2080 in
965 2028 1272 2096 sanguinem
1299 2042 1523 2082 versus:
1552 2037 1746 2096 printer
1774 2036 1926 2080 uatuo

345 2111 453 2149 ram
482 2100 622 2151 enim
658 2099 759 2151 hoc
787 2095 1079 2168 utrumque
1099 2096 1305 2166 signum
1340 2096 1453 2151 fuit.
1479 2098 1568 2151 44.
1600 2095 1666 2149 Et
1687 2097 1927 2151 convertit

340 2168 391 2219 in
407 2170 697 2237 sanguinem
712 2169 922 2236 ﬂumina
937 2183 1126 2230 eorum,
1141 2178 1187 2221 et
1204 2168 1384 2221 imbres
1399 2183 1589 2232 eorum,
1609 2183 1672 2221 ne
1687 2168 1922 2221 biberent.

341 2238 543 2293 lmbres
572 2250 724 2309 vocat
750 2254 939 2309 aquam
975 2237 1205 2306 pluviam
1226 2279 1242 2304 ,
1269 2240 1397 2309 quia
1430 2252 1644 2292 omnem
1676 2252 1878 2309 aquam
1904 2277 1921 2303 ,

341 2323 444 2378 non
477 2308 635 2361 modo
660 2323 778 2378 qua:
802 2307 872 2362 'in
911 2308 1142 2378 fontibus
1161 2318 1225 2378 et
1260 2307 1466 2375 ﬂuviis,
1493 2308 1585 2362 sed
1616 2307 1776 2362 etiam
1805 2322 1922 2377 qua:

342 2377 392 2430 in
442 2378 596 2449 lignis
638 2376 690 2433 et
732 2380 781 2431 in
830 2379 1091 2450 lapidibus
1128 2376 1334 2450 Moyses
1362 2419 1377 2443 ,
1422 2379 1641 2450 jubcnte
1685 2376 1834 2450 Deo,
1869 2379 1920 2450 in

338 2448 647 2518 sanguinem
678 2450 939 2503 convertit
971 2467 985 2504 :
1020 2449 1089 2503 ita
1131 2457 1188 2500 ut
1216 2448 1367 2503 ‘Ueus
1408 2449 1492 2503 ille
1522 2463 1678 2518 quem
1712 2448 1918 2503 llcbrtci

337 2519 646 2583 adoraliant,
671 2535 774 2573 non
799 2520 1129 2588 particularis
1147 2520 1388 2589 qumdam
1414 2520 1640 2586 potentia
1662 2520 1732 2574 sit
1747 2519 1923 2575 existi-

337 2589 563 2645 mandus
590 2630 605 2653 ,
636 2590 728 2643 sed
759 2590 994 2644 omnium
1023 2591 1409 2645 elementorum
1435 2589 1622 2658 Opifcx
1653 2598 1708 2644 et
1747 2590 1919 2656 Impe-

339 2668 504 2712 rator.
535 2659 774 2715 Gentiles
802 2662 944 2714 enim
977 2660 1106 2713 deos
1136 2675 1260 2714 suos
1294 2661 1636 2728 particulares
1662 2659 1918 2728 quasdam

335 2742 454 2783 e~se
484 2731 766 2800 potentias
811 2730 1137 2785 adscribunt.
1184 2730 1349 2799 Hujus
1394 2731 1468 2784 rei
1530 2744 1688 2785 causa
1739 2730 1919 2784 omnia

334 2800 588 2870 deinceps
616 2800 822 2868 Opiﬁcia
853 2802 1134 2870 percurrit,
1169 2810 1224 2854 ut
1251 2801 1521 2868 sequentia
1547 2800 1912 2855 testilicantur.

333 2869 425 2924 45.
450 2870 588 2923 Misit
614 2873 665 2923 in
688 2888 769 2925 eos
789 2869 1129 2941 cynomyiam,
1154 2881 1199 2925 et
1215 2872 1550 2941 comediteos,
1578 2880 1624 2923 et
1649 2886 1844 2935 ranam,
1869 2881 1917 2924 ct

332 2940 633 3012 disperdidit
663 2958 764 2995 eos.
792 2940 879 2995 46.
911 2940 983 2994 Et
1004 2941 1386 3012 deditterttgini
1414 2940 1827 3012 fructuseorum,
1862 2951 1910 2994 et

334 3009 529 3064 labores
563 3027 732 3065 eorum
758 3012 982 3065 locusta.
1011 3012 1099 3066 47.
1136 3009 1331 3065 Occidit
1359 3009 1422 3064 in
1441 3011 1686 3066 arundine
1718 3013 1913 3065 vineam

334 3028 529 3064 ιιιυονρε
563 3028 732 3065 eorum
758 3028 982 3065 tocustar.
1011 3028 1099 3066 st.
1136 3028 1331 3065 ucctau
1359 3028 1411 3064 in
1475 3028 1686 3064 renatae
1718 3028 1913 3065 vineam

332 3096 525 3142 eorum,
554 3091 598 3134 et
626 3097 792 3135 moros
812 3098 982 3134 eorum
1005 3081 1058 3134 in
1086 3082 1286 3149 pruina.
1319 3082 1407 3138 48.
1438 3028 1505 3134 i‘t
1531 3081 1736 3135 tradidit
1760 3098 1915 3151 gran-

331 3153 439 3204 dini
456 3154 692 3221 jumenta
715 3168 889 3222 eorum
910 3161 1000 3222 ,Wet
1022 3152 1380 3222 possessionem
1407 3165 1579 3205 eorum
1608 3153 1732 3221 igni.
1762 3151 1912 3207 Alius

330 3234 409 3291 est
436 3222 518 3275 hic
536 3222 803 3290 signorum
824 3221 873 3276 in
894 3221 1123 3291 Egypto
1139 3222 1403 3275 editorum
1424 3222 1556 3276 ordo
1579 3223 1647 3276 ab
1667 3237 1730 3276 eo
1751 3237 1909 3290 quem

327 3289 539 3361 Moyses
563 3289 825 3361 esposnit.
854 3289 1048 3361 Neque
1067 3294 1206 3347 enim
1235 3293 1320 3346 hic
1344 3293 1584 3347 ordinem
1610 3289 1911 3361 curat’pro-

329 3363 488 3484 Blicla
515 3378 526 3414 :
559 3363 650 3416 sed
677 3376 868 3432 scopus
893 3362 1006 3429 ejus
1029 3373 1113 3417 est
1139 3362 1423 3417 ostendere
1443 3363 1707 3416 elementa
1727 3365 1906 3418 omnia

379 3434 423 3484 ei
459 3432 603 3484 iussu
645 3443 826 3484 contra
860 3433 1188 3484 Pharaonem
1230 3433 1536 3484 pauitantia.
1561 3431 1692 3484 Vide
1729 3442 1906 3484 autem

379 3434 423 3485 ei
450 3432 603 3502 jussu
645 3431 826 3485 contra
860 3433 1188 3486 Pharaonem
1230 3433 1536 3502 pugnantia.
1561 3431 1692 3486 Vide
1729 3442 1907 3488 autem

324 3502 594 3568 quomodo
621 3503 684 3556 ad
712 3504 945 3569 singulas
972 3505 1167 3571 plagas,
1195 3520 1312 3573 qua:
1336 3517 1401 3557 ex
1427 3502 1902 3573 ipsisracciderunt,

324 3572 598 3645 speciatim
618 3573 819 3645 tradat.
854 3572 1227 3645 Degeynomyia
1250 3574 1392 3645 enim
1419 3575 1512 3645 ait,
1537 3572 1762 3645 comedit
1781 3589 1865 3627 eos
1885 3590 1905 3629 :

324 3643 752 3711 quandoquidem
793 3658 897 3696 non
932 3642 1165 3707 fructus,
1197 3644 1290 3699 sed
1323 3643 1731 3711 hominesipsos
1752 3643 1904 3698 inva-

325 3712 554 3784 debant:
577 3714 643 3767 de
661 3713 804 3767 ranis
825 3728 972 3776 vero,
996 3713 1309 3777 Disperdidit
1327 3730 1430 3767 cos.
1457 3713 1586 3784 Illud
1611 3715 1751 3784 ettim
1781 3729 1906 3784 age-

324 3782 483 3848 bant,
516 3800 620 3838 nou
658 3785 711 3838 in
750 3784 936 3838 domos
966 3794 1167 3838 tantum
1193 3825 1207 3847 ,
1236 3784 1332 3839 sed
1368 3784 1528 3837 etiam
1564 3783 1616 3837 in
1660 3782 1903 3839 fornaees

322 3854 681 3923 adrepebant,
722 3868 1012 3923 omnesque
1052 3855 1198 3909 cibos
1231 3855 1299 3909 ad
1344 3854 1537 3909 victum
1569 3854 1902 3909 necessarios

323 3922 643 3993 diripiebant
667 3942 681 3979 :
703 3938 863 3994 atque
891 3922 975 3977 illa
1004 3926 1207 3979 ratione
1225 3941 1352 3979 vere
1370 3924 1767 3994 diaperdebant.
1794 3924 1901 3980 Sed

324 4003 376 4045 et
422 3996 711 4049 morientes
757 3993 900 4049 rauce
942 4003 1138 4049 terram
1171 4004 1308 4049 tetro
1345 3996 1510 4049 odore
1554 3993 1898 4062 inﬁciebant,

324 4064 551 4135 hincque
580 4066 725 4119 labes
752 4079 964 4119 rursum
990 4081 1054 4120 ex
1086 4066 1274 4120 latore
1302 4066 1632 4135 gignebatur.
1669 4065 1900 4119 Labores

325 4149 483 4258 porro
526 4134 831 4204 {ructusque
879 4150 1062 4189 eorum
1095 4178 1108 4201 ,
1163 4134 1378 4190 locustae
1423 4144 1477 4188 et
1524 4136 1742 4205 a'rugini
1790 4136 1898 4191 dati

346 4205 484 4258 uisse
522 4205 804 4258 dicuntur.
852 4206 971 4258 auia
1013 4206 1200 4258 horum
1243 4206 1502 4258 pernicies
1537 4207 1736 4258 fructus
1780 4214 1898 4258 tan-

346 4205 804 4279 uissedieuntur,
850 4206 971 4279 quia
1013 4206 1200 4279 horum
1241 4206 1502 4279 pernicies
1537 4207 1736 4279 irttctus
1780 4214 1898 4279 tan-

324 4283 430 4328 tum
462 4275 697 4346 nihilque
721 4275 1109 4329 aliud'iuvadit.
1131 4276 1441 4346 Eruginem
1466 4277 1684 4330 audiens
1713 4292 1779 4331 ne
1799 4278 1900 4330 mi-

324 4346 455 4418 reris
477 4385 493 4409 ,
515 4346 656 4415 quod
693 4346 779 4400 illa
822 4346 959 4400 inter
988 4347 1169 4417 plagas
1203 4362 1232 4399 a
1270 4346 1449 4418 Moyse
1476 4347 1766 4401 recensitas
1792 4363 1896 4402 non

317 4414 494 4483 jaceat
521 4414 545 4468 τί
567 4418 811 4485 exiguum
849 4424 904 4469 et
943 4414 1251 4470 vilissimum
1282 4414 1601 4471 locustarum
1628 4431 1793 4484 genus
1818 4418 1898 4473 di-

320 4485 392 4569 cit
418 4501 440 4569 ε.
464 4488 1025 4569 quati_iolire_m_ltquila
1052 4486 1308 4541 Bruclmm
1331 4503 1429 4569 pro
1454 4488 1677 4569 magiae
1701 4492 1895 4555 posuit.

322 4553 507 4627 Probe
526 4565 703 4610 autem
731 4554 859 4610 dicit
887 4553 1093 4610 vincam
1123 4575 1150 4609 a
1177 4553 1435 4627 grandine
1461 4553 1738 4611 occisam:
1774 4573 1895 4612 nam

321 4625 406 4681 illa
434 4626 567 4680 solet
597 4636 651 4680 et
675 4627 875 4680 fructus
898 4638 951 4682 et
973 4625 1215 4697 palmites
1235 4629 1350 4697 ejus
1378 4628 1717 4683 labefactare.
1748 4627 1897 4684 lusu-

319 4711 520 4777 perque
546 4711 726 4750 moros
759 4698 951 4769 pruina
970 4696 1099 4777 quia
1131 4696 1246 4752 hare
1266 4696 1424 4752 arbor
1445 4699 1744 4777 frigus-non
1770 4714 1894 4777 sus-

319 4768 484 4831 tinet,
514 4768 840 4837 quapropter
878 4782 930 4819 In
970 4768 1105 4822 locis
1140 4777 1341 4822 tantum
1380 4768 1719 4823 calidioribus
1757 4772 1898 4826 solet

316 4837 459 4917 gigni
487 4847 540 4890 et
568 4838 636 4889 ali
662 4853 676 4890 :
706 4837 947 4905 pruinam
968 4852 1096 4917 vero
1121 4838 1381 4917 efﬁciebat
1404 4837 1628 4908 grando.
1653 4838 1890 4917 Ad_h_:ec,

318 4908 493 4978 ignem
524 4916 701 4975 postea
733 4908 1082 4978 memoravit:
1112 4908 1349 4976 dixitque
1384 4918 1697 4978 consumpta
1736 4910 1897 4964 fuisse

310 4976 553 5049 jumenta
580 4976 837 5049 grandine
862 5019 875 5040 ,
906 4987 955 5031 et
996 4979 1387 5047 poSsessionem
1416 4976 1739 5049 eorum—igni
1769 4996 1782 5032 :
1817 4981 1898 5034 ni-

314 5048 510 5120 mirum
543 5058 697 5102 terra:
726 5048 970 5120 divitias;
1004 5049 1128 5120 illud
1156 5049 1298 5102 enim
1335 5048 1686 5120 substantiam
1714 5051 1897 5120 appel-

315 5117 443 5172 lavit
466 5136 478 5171 :
504 5133 695 5188 nempe
710 5119 966 5185 gmudiue
983 5128 1036 5173 et
1060 5119 1179 5185 igne
1204 5118 1642 5185 discurrentibus,
1670 5128 1724 5174 et
1750 5117 1897 5188 ptan-

317 5189 383 5243 tis
421 5187 669 5243 omnibus
693 5191 1020 5257 consumptis
1046 5191 1540 5258 corrumpebantur,
1568 5202 1620 5245 et
1649 5187 1764 5245 erat
1790 5193 1893 5245 mi-

314 5260 553 5314 raculum
579 5273 643 5313 ea
679 5259 745 5312 de
771 5274 926 5313 causa
961 5260 1340 5329 prodigiosum.
1373 5260 1493 5325 igne
1530 5261 1583 5314 in
1618 5274 1754 5330 aqua
1784 5261 1897 5316 dis-

314 5338 581 5385 currente.
1876 5350 1879 5353 ’

383 5401 436 5453 7.
466 5398 546 5457 'I‘u
573 5413 700 5451 vero
722 5398 987 5459 virtutem,
1024 5400 1318 5455 claritatem
1341 5408 1395 5453 et
1425 5399 1736 5469 brevitatem
1767 5417 1888 5469 pro-

314 5468 509 5539 phetici
539 5468 662 5540 dicti
708 5470 1052 5540 considerans
1073 5514 1085 5534 ,
1122 5472 1387 5525 admirare
1415 5468 1642 5537 Spiritus
1683 5468 1892 5540 sapien-

314 5542 441 5612 tiam
459 5539 610 5612 :Asola
633 5539 825 5612 quippe
852 5551 1147 5612 opportune
1175 5542 1423 5612 loquitur.
1456 5542 1546 5595 49.
1582 5542 1719 5594 Misit
1742 5539 1792 5593 in
1810 5558 1893 5595 eos

311 5610 442 5683 iram
463 5609 828 5683 indignationis
868 5624 992 5683 sate,
1030 5609 1445 5683 indignationem,
1484 5621 1533 5683 et
1558 5613 1707 5676 iram,
1730 5623 1774 5665 et
1800 5616 1891 5664 tri-

314 5680 641 5744 bulationem,
676 5680 1032 5752 immissionem
1057 5680 1156 5752 per'
1185 5683 1391 5752 angelos
1432 5682 1592 5736 malos
1619 5697 1638 5733 :
1661 5698 1766 5735 non
1794 5698 1894 5735 na-

314 5758 450 5813 tura,
477 5763 646 5821 uoque
669 5749 938 5821 proposito
967 5751 1137 5821 malos
1165 5768 1179 5805 :
1214 5749 1385 5821 neque
1410 5754 1551 5806 enim
1585 5752 1775 5805 talibus
1795 5767 1892 5804 au-

314 5821 446 5887 gelis
479 5820 616 5872 Deus
636 5818 701 5871 ad
727 5819 1080 5873 ministerium
1099 5825 1260 5874 utitur
1289 5818 1311 5873 ε’
1331 5822 1423 5876 sed
1452 5822 1620 5877 malos
1666 5832 1891 5883 vocavn,

315 5891 435 5957 quia
465 5889 602 5944 mala
625 5898 676 5945 ct
698 5903 961 5944 wrumnas
978 5889 1111 5962 iussi
1130 5890 1446 5948 inferebant.
1466 5894 1727 5959 Quocirca
1751 5892 1893 5948 diem

1626 432 1690 490 ΙΝ
1729 432 2052 494 ρςΑωω
2086 436 2349 498 LXXVII.

3549 442 3651 497 728

2050 549 2258 618 iudicii.
2284 559 2468 630 utpote
2498 552 2864 630 peccatoribus
2890 554 3026 630 mala
3048 565 3107 611 et
3128 558 3294 613 tristia
3326 558 3492 630 multa
3511 562 3642 617 διτο-

2057 630 2285 691 reiitem,
2316 619 2401 674 hic
2428 619 2540 689 ipse
2571 623 2842 691 psalmista
2886 625 3077 679 malam
3110 639 3263 683 vocat.
3292 646 3305 683 :
3334 628 3519 684 Beatus
3554 633 3644 691 qui

2051 689 2288 765 intelligit
2332 706 2483 765 super
2517 689 2732 765 caenum
2761 704 2809 765 et
2836 710 3127 765 pauperem,
3158 699 3206 752 in
3230 698 3312 753 die
3354 702 3490 753 mala
3517 689 3640 756 libe-

2050 761 2175 812 ravit
2215 776 2331 813 eum
2376 761 2622 816 Dominus
2650 761 3035 840 (ΡεαΙέιΟ-ςὶ).
3070 765 3212 840 iram
3240 778 3285 822 et
3325 768 3638 840 indignatio-

2048 843 2163 906 nem
2193 845 2213 906 ς
2240 845 2554 906 rursumque
2594 844 2775 906 postea
2822 833 3231 906 lndiyuationem
3253 848 3299 892 et
3329 833 3457 894 iram
3476 850 3521 894 et
3547 843 3643 896 tri-

2047 897 2352 954 bulationem
2376 901 2426 955 in
2458 897 2540 957 bis
2565 897 2807 958 versibus
2836 897 3224 962 cornuueruorat
3255 928 3269 962 :
3301 925 3404 963 non
3425 910 3631 967 diversa

2047 968 2252 1048 dicens,
2284 986 2465 1048 neque
2502 981 2700 1048 temere
2741 974 2958 1048 easdem
3006 976 3270 1034 dictiones
3320 981 3633 1048 revolvens;

2046 1039 2139 1122 sed
2191 1039 2396 1122 divinre
2427 1046 2800 1122 commotionis
2842 1039 3336 1122 vehementiam‘et
3379 1039 3635 1122 frequen;

2050 1109 2175 1163 tiam
2206 1113 2511 1189 etntntiaus.
2543 1112 2638 1189 ὄρ.
2672 1113 2821 1189 Δνίαηι
2859 1118 2973 1189 fecit
3011 1120 3203 1172 sentite
3243 1119 3335 1174 ire
3358 1109 3492 1175 suat.-
3514 1121 3634 1189 Quo

2045 1182 2235 1248 pacto?
2260 1182 2572 1259 Patientiam
2602 1184 2820 1249 habens,
2850 1182 2904 1240 et
2931 1187 3183 1243 diuturno
3225 1199 3466 1259 tempore
3494 1182 3624 1248 tale-

2043 1264 2170 1325 rans
2202 1268 2295 1325 eos
2342 1254 2432 1325 qui
2477 1256 2728 1309 ultionem
2779 1258 3055 1325 excepturi
3102 1270 3290 1324 erant;
3336 1254 3629 1318 secundum

2042 1319 2168 1394 illud
2199 1322 2340 1394 enim
2363 1319 2518 1377 Viam
2563 1326 2681 1394 fecit
2717 1319 3033 1381 semitte'irte
3066 1345 3172 1383 sua:
3200 1347 3219 1385 :
3248 1319 3536 1385 o'SIendens
3565 1349 3625 1388 se

2042 1390 2188 1472 illam
2224 1392 2375 1478 .just‘e
2412 1403 2468 1448 et
2497 1390 2572 1478 in
2608 1406 2844 1478 tempore
2885 1414 2981 1478 suo
3023 1400 3309 1454 immittere
3336 1403 3386 1454 in
3416 1417 3508 1456 eos
3536 1404 3626 1472 qui

2040 1463 2236 1542 corrigi
2266 1464 2471 1518 nolunt.
2497 1465 2627 1542 Illud
2648 1463 2788 1519 enim
2815 1469 3164 1542 testiﬁcantur
3183 1487 3242 1524 ea
3261 1486 3378 1542 quin
3404 1463 3629 1542 sequun-

2042 1540 2148 1585 tur.
2181 1531 2304 1588 Non
2325 1536 2543 1605 pepercit
2566 1553 2597 1588 a
2623 1546 2780 1590 morte
2808 1538 3071 1593 animabus
3100 1531 3295 1594 eorum:
3319 1541 3452 1595 Dicit
3482 1531 3624 1597 enim

2039 1616 2196 1669 quam
2223 1605 2291 1658 ob
2314 1621 2527 1659 causam
2568 1621 2673 1661 non
2725 1610 3017 1675 pepercerit
3051 1627 3063 1661 :
3095 1625 3155 1664 ea
3184 1623 3299 1664 erat
3339 1626 3486 1666 mors
3511 1614 3626 1668 ani-

2038 1687 2244 1728 marum
2273 1675 2527 1747 ipsorum,
2557 1687 3086 1747 nempenpeccatnm.
3132 1681 3311 1733 Anima
3335 1683 3475 1735 enim
3510 1699 3625 1747 qua:

2037 1746 2328 1810 peccaverit,
2347 1746 2457 1814 ipsa
2470 1746 2925 1819 ntorieturwsech.
2946 1749 3028 1819 l8.
3052 1751 3156 1819 ll);
3176 1760 3228 1804 et
3242 1746 3623 1814 rursumJlors

2037 1825 2355 1894 peccatorum
2401 1818 2614 1894 pessima
2633 1815 2919 1894 _tPsal._'55.
2952 1818 3068 1888 22).
3100 1815 3221 1875 l'deo
3246 1836 3373 1891 ergo
3398 1837 3499 1875 non
3526 1838 3619 1891 pe-

2036 1885 2205 1959 percit
2232 1902 2245 1937 :
2273 1885 2345 1938 illi
2372 1887 2512 1959 enim
2557 1885 2659 1954 qui
2694 1886 2791 1939 sibi
2824 1889 2950 1959 ipsis
2981 1885 3083 1943 non
3126 1885 3491 1959 peperc'erunt,
3522 1885 3617 1948 sed

2031 1953 2239 2025 animas
2280 1969 2405 2009 suas
2424 1955 2490 2009 ad
2517 1953 2745 2011 mortem
2795 1953 3144 2025 tradiderunt,
3191 1953 3495 2016 necessario
3526 1979 3618 2018 ve-

2032 2024 2175 2102 niam
2206 2040 2309 2079 non
2337 2036 2459 2102 sunt
2505 2028 2841 2102 consequuti.
2864 2031 3003 2102 tium
3030 2024 3205 2098 itaque
3244 2030 3364 2100 jure
3395 2046 3498 2102 non
3529 2048 3619 2102 pe-

2033 2095 2310 2168 percisset,
2333 2096 2597 2168 videquid
2622 2097 2830 2168 inferat.
2852 2096 2918 2151 Et
2929 2095 3162 2168 jnmenia
3191 2095 3361 2154 eorum
3386 2101 3437 2154 in
3461 2095 3617 2157 morte

2030 2164 2293 2241 cgnclusit.
2532 2167 2772 2241 percussit
2801 2164 2950 2241 omne
2990 2170 3374 2241 primogenitum
3405 2172 3456 2224 in
3484 2183 3618 2226 terra

2030 2231 2271 2305 @ggpti,
2304 2231 2552 2305 primitias
2591 2237 2754 2290 omnis
2791 2231 3176 2293 laboris'eoruni
3201 2243 3255 2294 in
3280 2240 3613 2299 tabernaculis

2030 2302 2210 2377 Citam.
2256 2302 2419 2362 Multa
2468 2307 2611 2361 Deus
2632 2306 2689 2377 in
2720 2322 2814 2377 eos
2836 2309 2925 2377 qui
2974 2310 3215 2376 castigati
3261 2318 3387 2365 Sunt
3432 2312 3611 2367 indul-

2025 2373 2201 2451 gentia
2226 2389 2358 2451 usus
2385 2385 2499 2451 est._
2519 2391 2548 2428 a
2573 2373 2868 2451 minoribus
2896 2373 3175 2451 incipiens,
3204 2379 3285 2451 ita
3311 2389 3367 2432 ut
3401 2383 3615 2451 sapien-

2029 2443 2189 2522 tigres
2221 2444 2366 2522 iacti,
2397 2446 2596 2522 majora
2643 2443 3016 2522 lucrarentur;
3048 2443 3171 2504 Ideo
3195 2450 3433 2516 jumenta
3466 2443 3612 2522 prius

2025 2510 2399 2584 Egyptiorum
2443 2510 2497 2570 in
2535 2526 2709 2571 morte
2756 2518 3022 2573 conclusit
3065 2536 3079 2572 :
3128 2510 3248 2573 cuin
3292 2510 3484 2575 autem.
3516 2537 3612 2578 eos

2026 2585 2173 2663 nullo
2194 2586 2335 2663 allici
2360 2602 2522 2663 sensu
2550 2586 3001 2663 deprehenderet.
3036 2590 3300 2663 percussit
3337 2591 3609 2663 primoge-

2025 2655 2157 2729 nita.
2191 2656 2333 2729 Sane
2379 2658 2852 2729 primogenitorum
2901 2655 3108 2729 plagam
3154 2674 3258 2714 non
3289 2655 3607 2728 induxisset,

2023 2724 2067 2801 si
2096 2735 2267 2780 morte
2302 2724 2664 2801 jumentorum
2707 2724 3057 2801 sapientiores
3081 2727 3205 2801 facti
3246 2724 3606 2801 evigilassent.

2025 2793 2066 2847 Ε
2100 2811 2157 2849 rc
2199 2793 2378 2851 autem
2428 2793 2784 2867 primogenita
2823 2813 3008 2852 eorum
3054 2800 3315 2868 primitias
3333 2793 3605 2857 'laborum

2023 2868 2261 2930 vocavit,
2306 2878 2362 2921 ut
2404 2868 2455 2923 in
2499 2868 2810 2922 memoriam
2857 2880 3132 2924 revocaret
3176 2871 3605 2928 maledictionem

2019 2934 2274 3012 adversus
2320 2937 2484 3012 Evam
2528 2938 2873 3012 perscriptam
2906 2957 2921 2992 :
2954 2937 3019 3012 In
3054 2940 3309 2995 doloribus
3352 2942 3516 3010 paries
3541 2946 3605 3012 ﬁ-

2018 3004 2119 3079 lios
2143 3005 2293 3074 (Gen.
2314 3009 2374 3079 5.
2408 3004 2757 3079 l6);’plagam
2784 3024 2908 3064 vero
2934 3004 3403 3079 primogenitoruin
3439 3004 3603 3069 ltIisSe

2017 3074 2145 3129 dicit
2173 3078 2223 3131 in
2255 3074 2608 3133 tabernaculis
2640 3074 2837 3134 tiliam.
2875 3074 3071 3135 Domus
3108 3074 3252 3134 cnim
3278 3090 3332 3136 et
3361 3082 3604 3137 taberna-

2015 3147 2132 3219 cula
2163 3147 2326 3203 Cham
2353 3147 2724 3219 ngyptiorum
2749 3158 2887 3204 terra
2912 3150 3032 3218 jure
3052 3150 3340 3217 dicebatur,
3370 3167 3475 3206 non
3514 3168 3602 3206 so-

2016 3216 2123 3294 lum
2171 3220 2294 3288 quia
2334 3216 2509 3273 (ibant
2554 3228 2711 3294 pater
2740 3231 2858 3294 erat
2902 3216 3146 3294 blesraim
3172 3263 3189 3287 ,
3217 3238 3247 3275 a
3277 3216 3383 3294 quo
3429 3222 3603 3294 Egy-

2016 3289 2242 3362 ptiormn
2272 3304 2442 3362 genus
2478 3300 2651 3362 ortum
2681 3290 2930 3362 ducebat.
2959 3292 3051 3362 sed
3079 3291 3239 3347 etiam
3281 3289 3403 3362 quia
3453 3289 3594 3349 illius

2015 3360 2303 3432 nequitiam
2351 3360 2713 3414 imitabantur.
2744 3361 2834 3416 52.
2868 3361 2932 3415 Et
2953 3361 3157 3415 abstulit
3201 3360 3331 3417 sicut
3366 3379 3481 3418 oves
3507 3381 3599 3432 pa-

2012 3429 2189 3505 pulum
2200 3446 2372 3505 suum,
2396 3440 2440 3505 et
2457 3431 2689 3505 perduxit
2714 3448 2796 3485 eos
2811 3441 3067 3505 tamquam
3081 3449 3281 3505 gregem
3292 3433 3353 3505 in
3375 3429 3588 3489 deserto.

2014 3501 2150 3569 Erga
2198 3501 2400 3573 hostes,
2429 3502 2615 3573 inquit,
2638 3518 2703 3555 eo
2728 3502 2886 3556 modo
2925 3501 3031 3573 quo
3068 3501 3226 3573 supra
3272 3504 3473 3558 dictum
3514 3515 3596 3561 est

2009 3570 2266 3639 segessit,
2298 3572 2547 3639 populum
2584 3587 2709 3627 vero
2736 3588 2891 3626 suum
2931 3570 3150 3628 abstulit
3175 3573 3311 3629 sicut
3351 3589 3499 3641 Oves,
3540 3584 3597 3631 et

2010 3641 2257 3714 perduxit
2274 3643 2326 3714 in
2345 3643 2581 3714 deserto,
2606 3643 2754 3714 quasi
2781 3643 2921 3698 ovile
2947 3644 3149 3699 scilicet
3171 3644 3342 3714 ipsum
3370 3644 3591 3711 ducens,

2009 3726 2201 3786 past-ua
2232 3712 2329 3780 ipsi
2346 3711 2669 3786 Διιι-ευιρυιιςίτί
2691 3712 2816 3767 leris
2850 3714 3100 3786 eripiens,
3133 3711 3304 3786 ﬁstula
3326 3715 3378 3768 in
3404 3729 3593 3786 agmen

2008 3781 2298 3851 redigcns,
2342 3781 2532 3836 baculo
2574 3792 2816 3839 errantes
2857 3781 3139 3840 reducens.
3185 3785 3310 3839 Haec
3347 3781 3591 3856 etiplura

2005 3866 2194 3920 greges
2215 3861 2270 3923 et
2293 3866 2420 3906 oves
2457 3867 2883 3907 commemorans
2916 3856 3250 3923 signiﬁcavit.
3277 3856 3365 3910 53.
3400 3855 3464 3909 Et
3493 3858 3591 3909 du-

2002 3923 2085 3994 xit
2107 3937 2191 3975 eos
2219 3921 2269 3973 in
2293 3937 2401 3994 spe,
2426 3930 2472 3976 et
2494 3938 2595 3975 non
2628 3925 2920 3994 torruerunt,
2945 3921 3243 3994 etiuinticos
3268 3941 3441 3978 eorum
3471 3944 3590 3994 ope—

2004 3993 2107 4064 ruit
2137 4007 2291 4045 mare.
2317 3992 2372 4044 ln
2390 4006 2502 4064 qua
2529 3992 2656 4059 spe?
2681 3993 2736 4046 ln
2764 3993 3116 4062 promissione
3149 3995 3395 4047 nimirum
3428 4009 3461 4064 p
3480 3992 3592 4049 utri-

2005 4062 2106 4117 bus
2153 4076 2338 4115 eorum
2383 4059 2551 4124 facta;
2582 4059 2783 4131 nempe
2815 4064 3117 4117 Abrahamo
3146 4080 3160 4118 :
3194 4059 3589 4120 Sciendo'scias

2003 4132 2248 4186 advenam
2268 4133 2375 4202 fore
2407 4147 2573 4185 semen
2614 4141 2754 4184 tuum
2775 4133 2828 4186 in
2858 4141 2991 4187 terra
3019 4149 3119 4187 non
3144 4149 3257 4196 sua,
3284 4143 3331 4187 et
3356 4138 3589 4190 servitute

2004 4204 2288 4275 oppriment
2314 4204 2480 4275 ipsum
2505 4211 2551 4255 et
2591 4202 2807 4273 aﬁligcnt
2833 4213 2878 4275 et
2909 4203 3245 4275 ltumiliabunt
3284 4205 3430 4275 annis
3458 4222 3587 4275 qua-

2003 4270 2304 4346 dringentis.
2328 4270 2534 4346 Gentem
2573 4270 2741 4326 autem
2778 4274 2859 4346 cui
2883 4274 3116 4346 servient
3133 4273 3386 4346 judicabo
3404 4270 3514 4346 ego,
3537 4287 3584 4330 et

2003 4342 2318 4413 egredientur
2354 4342 2472 4396 inde
2504 4358 2621 4397 cum
2667 4342 2973 4413 supellectile
3011 4343 3168 4396 multa
3190 4342 3339 4413 (Gen.
3371 4342 3457 4399 t5.
3493 4348 3580 4400 15.

2004 4412 2113 4484 14).
2150 4414 2259 4467 Hac
2280 4413 2437 4484 igitur
2464 4428 2559 4483 spe
2579 4412 2856 4468 ducti’non
2880 4414 3168 4469 timuerunt
3196 4430 3316 4468 cum
3342 4413 3580 4470 Rubrum

2003 4500 2151 4540 mare
2179 4484 2400 4553 pedibus
2438 4485 2746 4551 transirent,
2777 4484 2917 4554 quod
2966 4484 3209 4554 inimicos
3238 4499 3423 4539 eorum
3449 4501 3584 4554 ope-

2002 4556 2129 4627 ruit,
2155 4566 2211 4627 et
2233 4570 2367 4627 aqua
2409 4568 2689 4627 recurrens
2727 4553 3027 4624 sepulcrum
3054 4553 3317 4627 Egyptiis
3344 4555 3463 4611 fuit.
3490 4553 3581 4611 54.

2003 4624 2072 4678 Et
2095 4625 2295 4679 induxit
2322 4640 2404 4679 eos
2427 4626 2480 4678 in
2506 4634 2724 4696 montem
2760 4624 3172 4696 sanctiﬁcationis
3194 4642 3333 4692 stuc,
3364 4640 3580 4681 montem

2003 4696 2134 4748 hunc
2153 4712 2297 4765 quem
2331 4695 2590 4766 acquisivit
2624 4696 2827 4751 dextera
2850 4697 2979 4766 ejus.
3016 4697 3247 4752 Montem
3285 4702 3584 4753 sanctiﬁca-

2004 4766 2164 4839 tionis
2207 4766 2503 4839 lerusalem
2532 4776 2705 4839 vocat,
2728 4781 2834 4839 non
2882 4775 3085 4823 tantum
3117 4769 3238 4839 quia
3266 4770 3412 4838 prius
3439 4769 3489 4822 in
3517 4785 3577 4823 ea

2003 4835 2257 4909 habitavit
2278 4836 2649 4901 sanctiﬁcatio,
2675 4836 3046 4905 scilicetarca,
3074 4835 3328 4909 quantum
3365 4848 3581 4908 propter

2000 4907 2287 4961 secundam
2315 4922 2514 4970 arcam,
2537 4922 2752 4963 carnem
2783 4910 2986 4964 scilicet
3003 4907 3229 4963 Domini.
3247 4907 3378 4962 ilice
3395 4923 3581 4963 reVera

2001 4979 2350 5048 sanctiﬁcatio
2399 4985 2568 5043 erat;
2612 4978 2958 5047 quamobrem
3013 4978 3294 5048 acquisitio
3341 4978 3581 5034 dexterae

2000 5047 2194 5102 Christi
2222 5057 2404 5119 vocata
2428 5056 2511 5103 est
2535 5065 2549 5103 :
2575 5049 2852 5119 acquisivit
2870 5057 3045 5102 autem
3080 5047 3221 5102 illam
3248 5063 3359 5119 non
3390 5053 3575 5114 armis,

2001 5119 2095 5172 sed
2141 5118 2410 5173 miraculis
2454 5134 2551 5188 pro
2602 5116 2753 5173 nobis
2791 5118 2981 5183 editis,
3030 5127 3087 5172 et
3128 5116 3470 5172 cruciatibus.
3514 5119 3575 5172 Et

2000 5190 2144 5253 eiecit
2169 5206 2200 5242 α
2222 5190 2350 5258 facie
2375 5205 2545 5242 eorum
2556 5199 2758 5259 gentes,
2782 5200 2825 5239 et
2847 5200 2980 5241 sorte
3008 5188 3175 5241 divisit
3194 5188 3330 5259 eisin
3348 5190 3575 5259 funiculo

2000 5206 2144 5253 epecu
2169 5206 2200 5242 a
2222 5206 2350 5258 [acte
2375 5206 2545 5242 eorum
2604 5206 2758 5249 entes,
2782 5206 2825 5239 (ιι
2847 5206 2980 5241 sorte
3008 5206 3175 5241 αιυηιι
3195 5206 3263 5240 eis
3279 5206 3330 5240 in
3348 5206 3574 5259 jumcuto

2000 5259 2383 5330 distributionis.
2409 5259 2497 5313 55.
2540 5206 2607 5312 [agt
2652 5257 2875 5311 habitare
2899 5260 3014 5330 fecit
3050 5260 3103 5311 in
3130 5258 3463 5312 tabernaculis
3488 5275 3574 5313 eo-

1998 5345 2110 5381 rum
2132 5329 2284 5382 tribus
2310 5328 2491 5383 Israel.

2072 5400 2125 5453 8.
2169 5399 2467 5468 Exprobrat
2507 5396 2811 5453 Juda-orum
2843 5398 3070 5466 populo,
3102 5400 3240 5467 quod
3294 5400 3453 5455 tantis
3481 5399 3578 5453 do-

2002 5472 2106 5521 nati
2136 5469 2307 5532 bonis,
2341 5473 2407 5520 ita
2436 5480 2490 5522 ut
2512 5468 2672 5540 etiam
2702 5469 3051 5540 hereditatem
3096 5472 3323 5523 alienam
3363 5470 3577 5540 accipe-

2000 5549 2136 5602 rent,
2156 5550 2209 5592 et
2236 5553 2354 5592 cum
2377 5538 2676 5608 :equalitate
2715 5539 2881 5591 multa
2909 5538 3209 5593 distributio
3236 5542 3367 5594 facta
3412 5538 3575 5604 esset,

2004 5610 2110 5661 Deo
2138 5609 2440 5663 declarante
2477 5624 2537 5663 se
2581 5609 2719 5662 sicut
2760 5619 2963 5676 patrem
3003 5625 3124 5663 cum
3166 5610 3306 5675 liiiis,
3355 5610 3425 5664 ita
3453 5625 3576 5665 cum

2002 5679 2196 5732 Israele
2238 5693 2434 5748 agere,
2488 5678 2712 5747 ideoque
2749 5693 2869 5731 cum
2920 5680 3157 5735 funiculo
3213 5682 3405 5735 iactam
3456 5695 3578 5735 eSse

1997 5758 2220 5815 sortem,
2249 5760 2308 5803 ut
2338 5750 2592 5819 majorem
2621 5758 2824 5817 partem
2855 5749 3064 5818 majori,
3097 5751 3353 5806 minorem
3386 5751 3578 5806 minori

2002 5835 2225 5877 numero
2247 5829 2523 5881 statueret.
2552 5829 2609 5873 ut
2639 5820 2808 5891 major
2838 5820 3006 5874 tribus
3053 5821 3313 5876 minorem
3351 5836 3575 5891 supera-

2004 5901 2084 5948 rct
2112 5908 2125 5947 :
2157 5900 2387 5947 attamen
2419 5906 2590 5962 neque
2629 5889 2917 5960 cjectarum
2944 5892 3215 5961 gentimu,
3261 5889 3433 5962 neque
3476 5892 3576 5960 eji-
