  <div class='ocr_page' id='page_1' title='image "/cluster/home/n/w/nwhite01/storage/ocr_20150623/55/mdp.39015028539511/714.png"; bbox 0 0 3968 6290; ppageno 0'>
   <div class='ocr_carea' id='block_1_1' title="bbox 183 304 280 359">
    <p class='ocr_par' dir='ltr' id='par_1_1' title="bbox 183 304 280 359">
     <span class='ocr_line' id='line_1_1' title="bbox 183 304 280 359; baseline 0.01 -1"><span class='ocrx_word' id='word_1_1' title='bbox 183 304 280 359; x_wconf 65' lang='grc' dir='ltr'><strong>Ἱεί</strong></span> 
     </span>
    </p>
   </div>
   <div class='ocr_carea' id='block_1_2' title="bbox 181 415 1766 487">
    <p class='ocr_par' dir='ltr' id='par_1_2' title="bbox 181 415 1766 487">
     <span class='ocr_line' id='line_1_2' title="bbox 181 415 1766 487; baseline 0 -17"><span class='ocrx_word' id='word_1_2' title='bbox 181 420 323 487; x_wconf 89' lang='lat' dir='ltr'><strong>apud</strong></span> <span class='ocrx_word' id='word_1_3' title='bbox 347 417 486 472; x_wconf 81' lang='lat' dir='ltr'><strong>illam</strong></span> <span class='ocrx_word' id='word_1_4' title='bbox 513 432 665 471; x_wconf 89' lang='lat' dir='ltr'><strong>mons</strong></span> <span class='ocrx_word' id='word_1_5' title='bbox 694 415 844 483; x_wconf 89' lang='lat' dir='ltr'><strong>Sion,</strong></span> <span class='ocrx_word' id='word_1_6' title='bbox 874 432 1030 486; x_wconf 82' lang='lat' dir='ltr'><strong>quem</strong></span> <span class='ocrx_word' id='word_1_7' title='bbox 1058 417 1234 486; x_wconf 92' lang='lat' dir='ltr'><strong>utique</strong></span> <span class='ocrx_word' id='word_1_8' title='bbox 1259 415 1460 487; x_wconf 76' lang='lat' dir='ltr'><strong>dilexit.</strong></span> <span class='ocrx_word' id='word_1_9' title='bbox 1493 416 1766 487; x_wconf 75' lang='lat' dir='ltr'><strong>Quomodo</strong></span> 
     </span>
    </p>
   </div>
   <div class='ocr_carea' id='block_1_3' title="bbox 181 486 1762 558">
    <p class='ocr_par' dir='ltr' id='par_1_3' title="bbox 181 486 1762 558">
     <span class='ocr_line' id='line_1_3' title="bbox 181 486 1762 558; baseline 0 -18"><span class='ocrx_word' id='word_1_10' title='bbox 181 486 230 540; x_wconf 85' lang='lat' dir='ltr'><strong>si</strong></span> <span class='ocrx_word' id='word_1_11' title='bbox 255 491 373 556; x_wconf 91' lang='lat' dir='ltr'><strong>quis</strong></span> <span class='ocrx_word' id='word_1_12' title='bbox 421 490 586 542; x_wconf 74' lang='lat' dir='ltr'><strong>[leum</strong></span> <span class='ocrx_word' id='word_1_13' title='bbox 629 489 949 558; x_wconf 73' lang='lat' dir='ltr'><strong>speculetur,</strong></span> <span class='ocrx_word' id='word_1_14' title='bbox 1005 487 1050 541; x_wconf 94' lang='lat' dir='ltr'><strong>is</strong></span> <span class='ocrx_word' id='word_1_15' title='bbox 1101 487 1227 558; x_wconf 88' lang='lat' dir='ltr'><strong>Sion</strong></span> <span class='ocrx_word' id='word_1_16' title='bbox 1267 486 1604 558; x_wconf 83' lang='lat' dir='ltr'><strong>appellatur?</strong></span> <span class='ocrx_word' id='word_1_17' title='bbox 1632 486 1762 552; x_wconf 85' lang='lat' dir='ltr'><strong>Quia</strong></span> 
     </span>
    </p>
   </div>
   <div class='ocr_carea' id='block_1_4' title="bbox 183 557 1767 626">
    <p class='ocr_par' dir='ltr' id='par_1_4' title="bbox 183 557 1767 626">
     <span class='ocr_line' id='line_1_4' title="bbox 183 557 1767 626; baseline -0.001 -15"><span class='ocrx_word' id='word_1_18' title='bbox 183 559 458 625; x_wconf 89' lang='lat' dir='ltr'><strong>speculam</strong></span> <span class='ocrx_word' id='word_1_19' title='bbox 483 559 608 613; x_wconf 90' lang='lat' dir='ltr'><strong>Sion</strong></span> <span class='ocrx_word' id='word_1_20' title='bbox 639 557 915 626; x_wconf 86' lang='lat' dir='ltr'><strong>significat.</strong></span> <span class='ocrx_word' id='word_1_21' title='bbox 949 558 1003 612; x_wconf 83' lang='lat' dir='ltr'><strong>Si</strong></span> <span class='ocrx_word' id='word_1_22' title='bbox 1044 571 1171 610; x_wconf 90' lang='lat' dir='ltr'><strong>vero</strong></span> <span class='ocrx_word' id='word_1_23' title='bbox 1200 557 1414 611; x_wconf 90' lang='lat' dir='ltr'><strong>Sionem</strong></span> <span class='ocrx_word' id='word_1_24' title='bbox 1447 557 1622 610; x_wconf 89' lang='lat' dir='ltr'><strong>locum</strong></span> <span class='ocrx_word' id='word_1_25' title='bbox 1646 571 1767 610; x_wconf 84' lang='lat' dir='ltr'><strong>esse</strong></span> 
     </span>
    </p>
   </div>
   <div class='ocr_carea' id='block_1_5' title="bbox 181 627 1764 696">
    <p class='ocr_par' dir='ltr' id='par_1_5' title="bbox 181 627 1764 696">
     <span class='ocr_line' id='line_1_5' title="bbox 181 627 1764 696; baseline 0 -16"><span class='ocrx_word' id='word_1_26' title='bbox 181 629 402 694; x_wconf 77' lang='lat' dir='ltr'><strong>dixeris,</strong></span> <span class='ocrx_word' id='word_1_27' title='bbox 451 643 556 681; x_wconf 90' lang='lat' dir='ltr'><strong>non</strong></span> <span class='ocrx_word' id='word_1_28' title='bbox 613 628 751 681; x_wconf 92' lang='lat' dir='ltr'><strong>hunc</strong></span> <span class='ocrx_word' id='word_1_29' title='bbox 787 629 1048 696; x_wconf 80' lang='lat' dir='ltr'><strong>scripsere</strong></span> <span class='ocrx_word' id='word_1_30' title='bbox 1089 627 1334 681; x_wconf 75' lang='lat' dir='ltr'><strong>Michmas</strong></span> <span class='ocrx_word' id='word_1_31' title='bbox 1375 637 1452 696; x_wconf 5' lang='lat' dir='ltr'><strong>et,</strong></span> <span class='ocrx_word' id='word_1_32' title='bbox 1478 627 1635 696; x_wconf 73' lang='lat' dir='ltr'><strong>Isaias</strong></span> <span class='ocrx_word' id='word_1_33' title='bbox 1673 627 1764 696; x_wconf 83' lang='lat' dir='ltr'><strong>qui</strong></span> 
     </span>
    </p>
   </div>
   <div class='ocr_carea' id='block_1_6' title="bbox 181 693 1760 769">
    <p class='ocr_par' dir='ltr' id='par_1_6' title="bbox 181 693 1760 769">
     <span class='ocr_line' id='line_1_6' title="bbox 181 693 1760 769; baseline -0.003 -18"><span class='ocrx_word' id='word_1_34' title='bbox 181 699 366 752; x_wconf 83' lang='lat' dir='ltr'><strong>dicunt</strong></span> <span class='ocrx_word' id='word_1_35' title='bbox 395 717 424 769; x_wconf 14' lang='grc' dir='ltr'><strong>τί</strong></span> <span class='ocrx_word' id='word_1_36' title='bbox 444 697 571 769; x_wconf 83' lang='lat' dir='ltr'><strong>Sion</strong></span> <span class='ocrx_word' id='word_1_37' title='bbox 602 709 658 752; x_wconf 85' lang='lat' dir='ltr'><strong>ut</strong></span> <span class='ocrx_word' id='word_1_38' title='bbox 682 714 802 769; x_wconf 83' lang='lat' dir='ltr'><strong>ager</strong></span> <span class='ocrx_word' id='word_1_39' title='bbox 837 693 1062 750; x_wconf 82' lang='lat' dir='ltr'><strong>arabitur</strong></span> <span class='ocrx_word' id='word_1_40' title='bbox 1090 697 1292 769; x_wconf 86' lang='lat' dir='ltr'><strong>(Mich.</strong></span> <span class='ocrx_word' id='word_1_41' title='bbox 1312 698 1365 769; x_wconf 75' lang='grc'>5.</span> <span class='ocrx_word' id='word_1_42' title='bbox 1403 695 1490 769; x_wconf 70' lang='lat'><strong>12;</strong></span> <span class='ocrx_word' id='word_1_43' title='bbox 1527 695 1638 769; x_wconf 77' lang='lat' dir='ltr'><strong>Jer.</strong></span> <span class='ocrx_word' id='word_1_44' title='bbox 1671 693 1760 750; x_wconf 77' lang='lat'><strong>26.</strong></span> 
     </span>
    </p>
   </div>
   <div class='ocr_carea' id='block_1_7' title="bbox 181 766 1763 840">
    <p class='ocr_par' dir='ltr' id='par_1_7' title="bbox 181 766 1763 840">
     <span class='ocr_line' id='line_1_7' title="bbox 181 766 1763 840; baseline -0.001 -19"><span class='ocrx_word' id='word_1_45' title='bbox 181 770 274 840; x_wconf 70' lang='lat'><strong>18)</strong></span> <span class='ocrx_word' id='word_1_46' title='bbox 299 787 312 831; x_wconf 87' lang='lat'><strong>;</strong></span> <span class='ocrx_word' id='word_1_47' title='bbox 339 768 430 821; x_wconf 90' lang='lat' dir='ltr'><strong>sed</strong></span> <span class='ocrx_word' id='word_1_48' title='bbox 459 768 526 822; x_wconf 92' lang='lat' dir='ltr'><strong>de</strong></span> <span class='ocrx_word' id='word_1_49' title='bbox 551 766 732 822; x_wconf 76' lang='lat' dir='ltr'><strong>monte</strong></span> <span class='ocrx_word' id='word_1_50' title='bbox 772 778 953 840; x_wconf 87' lang='lat' dir='ltr'><strong>nostro</strong></span> <span class='ocrx_word' id='word_1_51' title='bbox 997 766 1156 840; x_wconf 80' lang='lat' dir='ltr'><strong>quem</strong></span> <span class='ocrx_word' id='word_1_52' title='bbox 1187 768 1325 840; x_wconf 82' lang='lat' dir='ltr'><strong>Deus</strong></span> <span class='ocrx_word' id='word_1_53' title='bbox 1357 767 1425 820; x_wconf 89' lang='lat' dir='ltr'><strong>ita</strong></span> <span class='ocrx_word' id='word_1_54' title='bbox 1452 766 1670 840; x_wconf 74' lang='lat' dir='ltr'><strong>dilexit,</strong></span> <span class='ocrx_word' id='word_1_55' title='bbox 1707 774 1763 819; x_wconf 92' lang='lat' dir='ltr'><strong>ut</strong></span> 
     </span>
    </p>
   </div>
   <div class='ocr_carea' id='block_1_8' title="bbox 181 837 1762 909">
    <p class='ocr_par' dir='ltr' id='par_1_8' title="bbox 181 837 1762 909">
     <span class='ocr_line' id='line_1_8' title="bbox 181 837 1762 909; baseline -0.001 -19"><span class='ocrx_word' id='word_1_56' title='bbox 181 837 426 894; x_wconf 87' lang='lat' dir='ltr'><strong>universa</strong></span> <span class='ocrx_word' id='word_1_57' title='bbox 455 840 505 892; x_wconf 93' lang='lat' dir='ltr'><strong>in</strong></span> <span class='ocrx_word' id='word_1_58' title='bbox 533 855 597 892; x_wconf 90' lang='lat' dir='ltr'><strong>eo</strong></span> <span class='ocrx_word' id='word_1_59' title='bbox 627 839 874 909; x_wconf 85' lang='lat' dir='ltr'><strong>mysteria</strong></span> <span class='ocrx_word' id='word_1_60' title='bbox 905 838 1152 902; x_wconf 87' lang='lat' dir='ltr'><strong>traderet,</strong></span> <span class='ocrx_word' id='word_1_61' title='bbox 1176 837 1240 890; x_wconf 88' lang='lat' dir='ltr'><strong>ad</strong></span> <span class='ocrx_word' id='word_1_62' title='bbox 1263 838 1604 909; x_wconf 79' lang='lat' dir='ltr'><strong>quem_etiam</strong></span> <span class='ocrx_word' id='word_1_63' title='bbox 1619 838 1762 909; x_wconf 86' lang='lat' dir='ltr'><strong>clare</strong></span> 
     </span>
    </p>
   </div>
   <div class='ocr_carea' id='block_1_9' title="bbox 181 905 1762 977">
    <p class='ocr_par' dir='ltr' id='par_1_9' title="bbox 181 905 1762 977">
     <span class='ocr_line' id='line_1_9' title="bbox 181 905 1762 977; baseline -0.002 -15"><span class='ocrx_word' id='word_1_64' title='bbox 181 909 462 963; x_wconf 87' lang='lat' dir='ltr'><strong>referenda</strong></span> <span class='ocrx_word' id='word_1_65' title='bbox 497 919 619 963; x_wconf 91' lang='lat' dir='ltr'><strong>sunt</strong></span> <span class='ocrx_word' id='word_1_66' title='bbox 661 905 722 964; x_wconf 78' lang='lat' dir='ltr'><strong>ea</strong></span> <span class='ocrx_word' id='word_1_67' title='bbox 767 924 886 977; x_wconf 70' lang='lat' dir='ltr'><strong>qua:</strong></span> <span class='ocrx_word' id='word_1_68' title='bbox 915 917 1224 977; x_wconf 90' lang='lat' dir='ltr'><strong>sequuntur.</strong></span> <span class='ocrx_word' id='word_1_69' title='bbox 1254 905 1342 962; x_wconf 36' lang='lat'><strong>6&#39;9.</strong></span> <span class='ocrx_word' id='word_1_70' title='bbox 1385 905 1453 959; x_wconf 88' lang='lat' dir='ltr'><strong>Et</strong></span> <span class='ocrx_word' id='word_1_71' title='bbox 1493 907 1762 977; x_wconf 74' lang='lat' dir='ltr'><strong>(edi/ienuit</strong></span> 
     </span>
    </p>
   </div>
   <div class='ocr_carea' id='block_1_10' title="bbox 174 976 1762 1047">
    <p class='ocr_par' dir='ltr' id='par_1_10' title="bbox 174 976 1762 1047">
     <span class='ocr_line' id='line_1_10' title="bbox 174 976 1762 1047; baseline 0 -18"><span class='ocrx_word' id='word_1_72' title='bbox 174 980 309 1032; x_wconf 98' lang='lat' dir='ltr'><strong>sicut</strong></span> <span class='ocrx_word' id='word_1_73' title='bbox 353 980 668 1032; x_wconf 87' lang='lat' dir='ltr'><strong>unicornium</strong></span> <span class='ocrx_word' id='word_1_74' title='bbox 707 976 1038 1047; x_wconf 79' lang='lat' dir='ltr'><strong>sancti/icium</strong></span> <span class='ocrx_word' id='word_1_75' title='bbox 1063 995 1208 1031; x_wconf 87' lang='lat' dir='ltr'><strong>suum</strong></span> <span class='ocrx_word' id='word_1_76' title='bbox 1250 978 1302 1032; x_wconf 88' lang='lat' dir='ltr'><strong>in</strong></span> <span class='ocrx_word' id='word_1_77' title='bbox 1345 989 1504 1040; x_wconf 87' lang='lat' dir='ltr'><strong>terra,</strong></span> <span class='ocrx_word' id='word_1_78' title='bbox 1535 976 1762 1043; x_wconf 72' lang='lat' dir='ltr'><strong>fitndaeit</strong></span> 
     </span>
    </p>
   </div>
   <div class='ocr_carea' id='block_1_11' title="bbox 173 1048 1759 1118">
    <p class='ocr_par' dir='ltr' id='par_1_11' title="bbox 173 1048 1759 1118">
     <span class='ocr_line' id='line_1_11' title="bbox 173 1048 1759 1118; baseline -0.003 -16"><span class='ocrx_word' id='word_1_79' title='bbox 173 1064 289 1102; x_wconf 84' lang='lat' dir='ltr'><strong>eam</strong></span> <span class='ocrx_word' id='word_1_80' title='bbox 317 1051 368 1103; x_wconf 89' lang='lat' dir='ltr'><strong>in</strong></span> <span class='ocrx_word' id='word_1_81' title='bbox 383 1049 640 1104; x_wconf 67' lang='lat' dir='ltr'><strong>siccatum.</strong></span> <span class='ocrx_word' id='word_1_82' title='bbox 675 1049 798 1104; x_wconf 66' lang='lat' dir='ltr'><strong>Haec</strong></span> <span class='ocrx_word' id='word_1_83' title='bbox 827 1050 956 1103; x_wconf 89' lang='lat' dir='ltr'><strong>side</strong></span> <span class='ocrx_word' id='word_1_84' title='bbox 975 1050 1185 1118; x_wconf 88' lang='lat' dir='ltr'><strong>antiqua</strong></span> <span class='ocrx_word' id='word_1_85' title='bbox 1205 1048 1292 1102; x_wconf 91' lang='lat' dir='ltr'><strong>illa</strong></span> <span class='ocrx_word' id='word_1_86' title='bbox 1309 1048 1468 1102; x_wconf 90' lang='lat' dir='ltr'><strong>Sione</strong></span> <span class='ocrx_word' id='word_1_87' title='bbox 1491 1048 1759 1118; x_wconf 75' lang='lat' dir='ltr'><strong>dicuntur,</strong></span> 
     </span>
    </p>
   </div>
   <div class='ocr_carea' id='block_1_12' title="bbox 174 1115 1757 1189">
    <p class='ocr_par' dir='ltr' id='par_1_12' title="bbox 174 1115 1757 1189">
     <span class='ocr_line' id='line_1_12' title="bbox 174 1115 1757 1189; baseline -0.003 -17"><span class='ocrx_word' id='word_1_88' title='bbox 174 1121 433 1174; x_wconf 88' lang='lat' dir='ltr'><strong>mentitur</strong></span> <span class='ocrx_word' id='word_1_89' title='bbox 464 1119 760 1189; x_wconf 81' lang='lat' dir='ltr'><strong>prophetia.</strong></span> <span class='ocrx_word' id='word_1_90' title='bbox 795 1119 1076 1185; x_wconf 86' lang='lat' dir='ltr'><strong>Quomodo</strong></span> <span class='ocrx_word' id='word_1_91' title='bbox 1104 1115 1244 1172; x_wconf 81' lang='lat' dir='ltr'><strong>enim</strong></span> <span class='ocrx_word' id='word_1_92' title='bbox 1275 1119 1326 1172; x_wconf 93' lang='lat' dir='ltr'><strong>in</strong></span> <span class='ocrx_word' id='word_1_93' title='bbox 1356 1117 1609 1189; x_wconf 67' lang='lat' dir='ltr'><strong>saacnlum</strong></span> <span class='ocrx_word' id='word_1_94' title='bbox 1635 1115 1757 1170; x_wconf 81' lang='lat' dir='ltr'><strong>fitti-</strong></span> 
     </span>
    </p>
   </div>
   <div class='ocr_carea' id='block_1_13' title="bbox 175 1188 1756 1258">
    <p class='ocr_par' dir='ltr' id='par_1_13' title="bbox 175 1188 1756 1258">
     <span class='ocr_line' id='line_1_13' title="bbox 175 1188 1756 1258; baseline -0.003 -14"><span class='ocrx_word' id='word_1_95' title='bbox 175 1189 304 1244; x_wconf 90' lang='lat' dir='ltr'><strong>data</strong></span> <span class='ocrx_word' id='word_1_96' title='bbox 330 1203 431 1254; x_wconf 78' lang='lat' dir='ltr'><strong>est,</strong></span> <span class='ocrx_word' id='word_1_97' title='bbox 461 1188 610 1258; x_wconf 89' lang='lat' dir='ltr'><strong>cujus</strong></span> <span class='ocrx_word' id='word_1_98' title='bbox 641 1205 706 1244; x_wconf 88' lang='lat' dir='ltr'><strong>ne</strong></span> <span class='ocrx_word' id='word_1_99' title='bbox 736 1191 952 1258; x_wconf 83' lang='lat' dir='ltr'><strong>vestigia</strong></span> <span class='ocrx_word' id='word_1_100' title='bbox 973 1189 1185 1258; x_wconf 83' lang='lat' dir='ltr'><strong>quidem</strong></span> <span class='ocrx_word' id='word_1_101' title='bbox 1214 1188 1534 1258; x_wconf 88' lang='lat' dir='ltr'><strong>supersunt?</strong></span> <span class='ocrx_word' id='word_1_102' title='bbox 1565 1188 1756 1240; x_wconf 89' lang='lat' dir='ltr'><strong>Verum</strong></span> 
     </span>
    </p>
   </div>
   <div class='ocr_carea' id='block_1_14' title="bbox 176 1258 1756 1324">
    <p class='ocr_par' dir='ltr' id='par_1_14' title="bbox 176 1258 1756 1324">
     <span class='ocr_line' id='line_1_14' title="bbox 176 1258 1756 1324; baseline -0.002 -11"><span class='ocrx_word' id='word_1_103' title='bbox 176 1260 318 1314; x_wconf 87' lang='lat' dir='ltr'><strong>hanc</strong></span> <span class='ocrx_word' id='word_1_104' title='bbox 349 1259 587 1314; x_wconf 87' lang='lat' dir='ltr'><strong>fundavit</strong></span> <span class='ocrx_word' id='word_1_105' title='bbox 610 1261 659 1314; x_wconf 92' lang='lat' dir='ltr'><strong>in</strong></span> <span class='ocrx_word' id='word_1_106' title='bbox 683 1262 956 1324; x_wconf 66' lang='lat' dir='ltr'><strong>smeulum,</strong></span> <span class='ocrx_word' id='word_1_107' title='bbox 978 1270 1032 1312; x_wconf 89' lang='lat' dir='ltr'><strong>et</strong></span> <span class='ocrx_word' id='word_1_108' title='bbox 1054 1259 1331 1314; x_wconf 65' lang='lat' dir='ltr'><strong>aedificavit</strong></span> <span class='ocrx_word' id='word_1_109' title='bbox 1369 1261 1508 1313; x_wconf 80' lang='lat' dir='ltr'><strong>sicut</strong></span> <span class='ocrx_word' id='word_1_110' title='bbox 1544 1258 1756 1312; x_wconf 81' lang='lat' dir='ltr'><strong>nuicor-</strong></span> 
     </span>
    </p>
   </div>
   <div class='ocr_carea' id='block_1_15' title="bbox 177 1327 1746 1400">
    <p class='ocr_par' dir='ltr' id='par_1_15' title="bbox 177 1327 1746 1400">
     <span class='ocr_line' id='line_1_15' title="bbox 177 1327 1746 1400; baseline -0.002 -17"><span class='ocrx_word' id='word_1_111' title='bbox 177 1331 285 1400; x_wconf 73' lang='lat' dir='ltr'><strong>nis,</strong></span> <span class='ocrx_word' id='word_1_112' title='bbox 337 1330 736 1384; x_wconf 91' lang='lat' dir='ltr'><strong>fundamentum</strong></span> <span class='ocrx_word' id='word_1_113' title='bbox 789 1331 888 1400; x_wconf 86' lang='lat' dir='ltr'><strong>ipsi</strong></span> <span class='ocrx_word' id='word_1_114' title='bbox 933 1330 1066 1383; x_wconf 91' lang='lat' dir='ltr'><strong>dans</strong></span> <span class='ocrx_word' id='word_1_115' title='bbox 1113 1345 1278 1383; x_wconf 90' lang='lat' dir='ltr'><strong>cornu</strong></span> <span class='ocrx_word' id='word_1_116' title='bbox 1330 1330 1484 1383; x_wconf 91' lang='lat' dir='ltr'><strong>unius</strong></span> <span class='ocrx_word' id='word_1_117' title='bbox 1531 1327 1746 1400; x_wconf 81' lang='lat' dir='ltr'><strong>speciei.</strong></span> 
     </span>
    </p>
   </div>
   <div class='ocr_carea' id='block_1_16' title="bbox 175 1395 1755 1469">
    <p class='ocr_par' dir='ltr' id='par_1_16' title="bbox 175 1395 1755 1469">
     <span class='ocr_line' id='line_1_16' title="bbox 175 1395 1755 1469; baseline -0.003 -15"><span class='ocrx_word' id='word_1_118' title='bbox 175 1399 364 1469; x_wconf 87' lang='lat' dir='ltr'><strong>Neque</strong></span> <span class='ocrx_word' id='word_1_119' title='bbox 408 1402 544 1469; x_wconf 89' lang='lat' dir='ltr'><strong>apud</strong></span> <span class='ocrx_word' id='word_1_120' title='bbox 573 1401 712 1453; x_wconf 88' lang='lat' dir='ltr'><strong>illam</strong></span> <span class='ocrx_word' id='word_1_121' title='bbox 765 1395 890 1454; x_wconf 82' lang='lat' dir='ltr'><strong>sunt</strong></span> <span class='ocrx_word' id='word_1_122' title='bbox 941 1400 1138 1454; x_wconf 81' lang='lat' dir='ltr'><strong>diversi</strong></span> <span class='ocrx_word' id='word_1_123' title='bbox 1185 1400 1452 1469; x_wconf 85' lang='lat' dir='ltr'><strong>baptismi,</strong></span> <span class='ocrx_word' id='word_1_124' title='bbox 1501 1395 1755 1469; x_wconf 86' lang='lat' dir='ltr'><strong>quemad-</strong></span> 
     </span>
    </p>
   </div>
   <div class='ocr_carea' id='block_1_17' title="bbox 175 1468 1754 1540">
    <p class='ocr_par' dir='ltr' id='par_1_17' title="bbox 175 1468 1754 1540">
     <span class='ocr_line' id='line_1_17' title="bbox 175 1468 1754 1540; baseline -0.004 -16"><span class='ocrx_word' id='word_1_125' title='bbox 175 1468 398 1525; x_wconf 88' lang='lat' dir='ltr'><strong>modum</strong></span> <span class='ocrx_word' id='word_1_126' title='bbox 446 1468 588 1540; x_wconf 82' lang='lat' dir='ltr'><strong>apud</strong></span> <span class='ocrx_word' id='word_1_127' title='bbox 640 1470 884 1533; x_wconf 77' lang='lat' dir='ltr'><strong>Jud:eos,</strong></span> <span class='ocrx_word' id='word_1_128' title='bbox 937 1486 1108 1540; x_wconf 88' lang='lat' dir='ltr'><strong>neque</strong></span> <span class='ocrx_word' id='word_1_129' title='bbox 1153 1468 1528 1538; x_wconf 85' lang='lat' dir='ltr'><strong>occupationes</strong></span> <span class='ocrx_word' id='word_1_130' title='bbox 1574 1468 1754 1540; x_wconf 63' lang='lat' dir='ltr'><strong>multa;</strong></span> 
     </span>
    </p>
   </div>
   <div class='ocr_carea' id='block_1_18' title="bbox 173 1538 1747 1609">
    <p class='ocr_par' dir='ltr' id='par_1_18' title="bbox 173 1538 1747 1609">
     <span class='ocr_line' id='line_1_18' title="bbox 173 1538 1747 1609; baseline -0.004 -12"><span class='ocrx_word' id='word_1_131' title='bbox 173 1543 318 1597; x_wconf 89' lang='lat' dir='ltr'><strong>circa</strong></span> <span class='ocrx_word' id='word_1_132' title='bbox 360 1538 686 1606; x_wconf 79' lang='lat' dir='ltr'><strong>neomenias,</strong></span> <span class='ocrx_word' id='word_1_133' title='bbox 715 1538 1106 1609; x_wconf 79' lang='lat' dir='ltr'><strong>purificationes</strong></span> <span class='ocrx_word' id='word_1_134' title='bbox 1134 1551 1186 1595; x_wconf 88' lang='lat' dir='ltr'><strong>et</strong></span> <span class='ocrx_word' id='word_1_135' title='bbox 1211 1542 1449 1604; x_wconf 87' lang='lat' dir='ltr'><strong>sabbata,</strong></span> <span class='ocrx_word' id='word_1_136' title='bbox 1481 1553 1651 1608; x_wconf 89' lang='lat' dir='ltr'><strong>neque</strong></span> <span class='ocrx_word' id='word_1_137' title='bbox 1677 1538 1747 1591; x_wconf 89' lang='lat' dir='ltr'><strong>dii</strong></span> 
     </span>
    </p>
   </div>
   <div class='ocr_carea' id='block_1_19' title="bbox 175 1609 1751 1680">
    <p class='ocr_par' dir='ltr' id='par_1_19' title="bbox 175 1609 1751 1680">
     <span class='ocr_line' id='line_1_19' title="bbox 175 1609 1751 1680; baseline -0.001 -16"><span class='ocrx_word' id='word_1_138' title='bbox 175 1611 355 1672; x_wconf 89' lang='lat' dir='ltr'><strong>multi,</strong></span> <span class='ocrx_word' id='word_1_139' title='bbox 390 1612 834 1678; x_wconf 89' lang='lat' dir='ltr'><strong>quemadmodum</strong></span> <span class='ocrx_word' id='word_1_140' title='bbox 862 1611 1001 1680; x_wconf 88' lang='lat' dir='ltr'><strong>apud</strong></span> <span class='ocrx_word' id='word_1_141' title='bbox 1042 1621 1227 1680; x_wconf 78' lang='lat' dir='ltr'><strong>gentes</strong></span> <span class='ocrx_word' id='word_1_142' title='bbox 1256 1628 1372 1680; x_wconf 71' lang='lat' dir='ltr'><strong>quae</strong></span> <span class='ocrx_word' id='word_1_143' title='bbox 1404 1612 1453 1663; x_wconf 92' lang='lat' dir='ltr'><strong>in</strong></span> <span class='ocrx_word' id='word_1_144' title='bbox 1485 1609 1751 1677; x_wconf 90' lang='lat' dir='ltr'><strong>impietate</strong></span> 
     </span>
    </p>
   </div>
   <div class='ocr_carea' id='block_1_20' title="bbox 175 1680 1750 1748">
    <p class='ocr_par' dir='ltr' id='par_1_20' title="bbox 175 1680 1750 1748">
     <span class='ocr_line' id='line_1_20' title="bbox 175 1680 1750 1748; baseline -0.003 -13"><span class='ocrx_word' id='word_1_145' title='bbox 175 1691 541 1748; x_wconf 85' lang='lat' dir='ltr'><strong>perseverant,</strong></span> <span class='ocrx_word' id='word_1_146' title='bbox 589 1682 681 1735; x_wconf 81' lang='lat' dir='ltr'><strong>Sed</strong></span> <span class='ocrx_word' id='word_1_147' title='bbox 739 1680 880 1734; x_wconf 88' lang='lat' dir='ltr'><strong>Unus</strong></span> <span class='ocrx_word' id='word_1_148' title='bbox 932 1680 1197 1744; x_wconf 86' lang='lat' dir='ltr'><strong>Dominus,</strong></span> <span class='ocrx_word' id='word_1_149' title='bbox 1254 1697 1355 1734; x_wconf 88' lang='lat' dir='ltr'><strong>una</strong></span> <span class='ocrx_word' id='word_1_150' title='bbox 1395 1681 1543 1748; x_wconf 77' lang='lat' dir='ltr'><strong>fides,</strong></span> <span class='ocrx_word' id='word_1_151' title='bbox 1595 1694 1750 1731; x_wconf 87' lang='lat' dir='ltr'><strong>unum</strong></span> 
     </span>
    </p>
   </div>
   <div class='ocr_carea' id='block_1_21' title="bbox 171 1750 1747 1822">
    <p class='ocr_par' dir='ltr' id='par_1_21' title="bbox 171 1750 1747 1822">
     <span class='ocr_line' id='line_1_21' title="bbox 171 1750 1747 1822; baseline -0.001 -19"><span class='ocrx_word' id='word_1_152' title='bbox 171 1751 422 1820; x_wconf 87' lang='lat' dir='ltr'><strong>baptisma</strong></span> <span class='ocrx_word' id='word_1_153' title='bbox 451 1751 661 1822; x_wconf 72' lang='lat' dir='ltr'><strong>(Ep/tes.</strong></span> <span class='ocrx_word' id='word_1_154' title='bbox 685 1752 736 1805; x_wconf 79' lang='grc'><strong>4.</strong></span> <span class='ocrx_word' id='word_1_155' title='bbox 762 1751 846 1821; x_wconf 85' lang='grc'><strong>5);</strong></span> <span class='ocrx_word' id='word_1_156' title='bbox 877 1753 1218 1822; x_wconf 80' lang='lat' dir='ltr'><strong>quamobrem</strong></span> <span class='ocrx_word' id='word_1_157' title='bbox 1246 1751 1434 1822; x_wconf 61' lang='lat' dir='ltr'><strong>Porta:</strong></span> <span class='ocrx_word' id='word_1_158' title='bbox 1457 1750 1606 1822; x_wconf 72' lang='lat' dir='ltr'><strong>inferi</strong></span> <span class='ocrx_word' id='word_1_159' title='bbox 1628 1765 1747 1822; x_wconf 65' lang='lat' dir='ltr'><strong>non</strong></span> 
     </span>
    </p>
   </div>
   <div class='ocr_carea' id='block_1_22' title="bbox 172 1820 1747 1891">
    <p class='ocr_par' dir='ltr' id='par_1_22' title="bbox 172 1820 1747 1891">
     <span class='ocr_line' id='line_1_22' title="bbox 172 1820 1747 1891; baseline -0.001 -18"><span class='ocrx_word' id='word_1_160' title='bbox 172 1820 514 1891; x_wconf 78' lang='lat' dir='ltr'><strong>prwralebunt</strong></span> <span class='ocrx_word' id='word_1_161' title='bbox 537 1824 774 1875; x_wconf 76' lang='lat' dir='ltr'><strong>adversus</strong></span> <span class='ocrx_word' id='word_1_162' title='bbox 798 1820 912 1873; x_wconf 86' lang='lat' dir='ltr'><strong>eam</strong></span> <span class='ocrx_word' id='word_1_163' title='bbox 955 1821 974 1890; x_wconf 95' lang='lat'><strong>(</strong></span> <span class='ocrx_word' id='word_1_164' title='bbox 1002 1821 1186 1874; x_wconf 78' lang='lat' dir='ltr'><strong>Matth.</strong></span> <span class='ocrx_word' id='word_1_165' title='bbox 1219 1822 1303 1875; x_wconf 73' lang='lat' dir='ltr'><strong>lli.</strong></span> <span class='ocrx_word' id='word_1_166' title='bbox 1338 1823 1402 1876; x_wconf 79' lang='lat' dir='ltr'><strong>l8</strong></span> <span class='ocrx_word' id='word_1_167' title='bbox 1428 1821 1475 1890; x_wconf 92' lang='lat'><strong>),</strong></span> <span class='ocrx_word' id='word_1_168' title='bbox 1504 1820 1747 1873; x_wconf 88' lang='lat' dir='ltr'><strong>videlicet</strong></span> 
     </span>
    </p>
   </div>
   <div class='ocr_carea' id='block_1_23' title="bbox 175 1891 1746 1958">
    <p class='ocr_par' dir='ltr' id='par_1_23' title="bbox 175 1891 1746 1958">
     <span class='ocr_line' id='line_1_23' title="bbox 175 1891 1746 1958; baseline -0.001 -15"><span class='ocrx_word' id='word_1_169' title='bbox 175 1893 546 1945; x_wconf 67' lang='lat' dir='ltr'><strong>lucri-ticorum</strong></span> <span class='ocrx_word' id='word_1_170' title='bbox 573 1908 684 1944; x_wconf 88' lang='lat' dir='ltr'><strong>ora.</strong></span> <span class='ocrx_word' id='word_1_171' title='bbox 717 1891 802 1946; x_wconf 80' lang='lat'><strong>70.</strong></span> <span class='ocrx_word' id='word_1_172' title='bbox 828 1891 893 1944; x_wconf 88' lang='lat' dir='ltr'><strong>Et</strong></span> <span class='ocrx_word' id='word_1_173' title='bbox 915 1891 1059 1958; x_wconf 76' lang='lat' dir='ltr'><strong>elegit</strong></span> <span class='ocrx_word' id='word_1_174' title='bbox 1087 1891 1250 1944; x_wconf 83' lang='lat' dir='ltr'><strong>Dauid</strong></span> <span class='ocrx_word' id='word_1_175' title='bbox 1269 1907 1461 1944; x_wconf 79' lang='lat' dir='ltr'><strong>servum</strong></span> <span class='ocrx_word' id='word_1_176' title='bbox 1505 1907 1669 1954; x_wconf 82' lang='lat' dir='ltr'><strong>suunt,</strong></span> <span class='ocrx_word' id='word_1_177' title='bbox 1701 1900 1746 1942; x_wconf 88' lang='lat' dir='ltr'><strong>et</strong></span> 
     </span>
    </p>
   </div>
   <div class='ocr_carea' id='block_1_24' title="bbox 172 1959 1746 2031">
    <p class='ocr_par' dir='ltr' id='par_1_24' title="bbox 172 1959 1746 2031">
     <span class='ocr_line' id='line_1_24' title="bbox 172 1959 1746 2031; baseline 0 -19"><span class='ocrx_word' id='word_1_178' title='bbox 172 1964 376 2016; x_wconf 82' lang='lat' dir='ltr'><strong>sustulit</strong></span> <span class='ocrx_word' id='word_1_179' title='bbox 406 1979 518 2014; x_wconf 89' lang='lat' dir='ltr'><strong>eum</strong></span> <span class='ocrx_word' id='word_1_180' title='bbox 536 1963 598 2014; x_wconf 89' lang='lat' dir='ltr'><strong>de</strong></span> <span class='ocrx_word' id='word_1_181' title='bbox 616 1963 848 2031; x_wconf 82' lang='lat' dir='ltr'><strong>gregibus</strong></span> <span class='ocrx_word' id='word_1_182' title='bbox 869 1964 1052 2023; x_wconf 83' lang='lat' dir='ltr'><strong>ovium,</strong></span> <span class='ocrx_word' id='word_1_183' title='bbox 1081 1963 1144 2014; x_wconf 85' lang='lat' dir='ltr'><strong>de</strong></span> <span class='ocrx_word' id='word_1_184' title='bbox 1164 1975 1272 2031; x_wconf 86' lang='lat' dir='ltr'><strong>post</strong></span> <span class='ocrx_word' id='word_1_185' title='bbox 1312 1967 1537 2030; x_wconf 58' lang='lat' dir='ltr'><strong>[celantes</strong></span> <span class='ocrx_word' id='word_1_186' title='bbox 1558 1959 1746 2028; x_wconf 80' lang='lat' dir='ltr'><strong>accepit</strong></span> 
     </span>
    </p>
   </div>
   <div class='ocr_carea' id='block_1_25' title="bbox 173 2031 1746 2102">
    <p class='ocr_par' dir='ltr' id='par_1_25' title="bbox 173 2031 1746 2102">
     <span class='ocr_line' id='line_1_25' title="bbox 173 2031 1746 2102; baseline 0 -18"><span class='ocrx_word' id='word_1_187' title='bbox 173 2049 310 2084; x_wconf 85' lang='lat' dir='ltr'><strong>eum.</strong></span> <span class='ocrx_word' id='word_1_188' title='bbox 347 2033 496 2086; x_wconf 83' lang='lat' dir='ltr'><strong>Dices</strong></span> <span class='ocrx_word' id='word_1_189' title='bbox 519 2031 659 2085; x_wconf 89' lang='lat' dir='ltr'><strong>baud</strong></span> <span class='ocrx_word' id='word_1_190' title='bbox 688 2033 867 2094; x_wconf 88' lang='lat' dir='ltr'><strong>dubie,</strong></span> <span class='ocrx_word' id='word_1_191' title='bbox 888 2032 939 2086; x_wconf 91' lang='lat' dir='ltr'><strong>Si</strong></span> <span class='ocrx_word' id='word_1_192' title='bbox 972 2033 1484 2102; x_wconf 69' lang='lat' dir='ltr'><strong>Ecclesizemysteria</strong></span> <span class='ocrx_word' id='word_1_193' title='bbox 1512 2045 1746 2084; x_wconf 89' lang='lat' dir='ltr'><strong>comme-</strong></span> 
     </span>
    </p>
   </div>
   <div class='ocr_carea' id='block_1_26' title="bbox 172 2102 1744 2170">
    <p class='ocr_par' dir='ltr' id='par_1_26' title="bbox 172 2102 1744 2170">
     <span class='ocr_line' id='line_1_26' title="bbox 172 2102 1744 2170; baseline 0 -16"><span class='ocrx_word' id='word_1_194' title='bbox 172 2112 366 2165; x_wconf 85' lang='lat' dir='ltr'><strong>morat,</strong></span> <span class='ocrx_word' id='word_1_195' title='bbox 403 2118 498 2156; x_wconf 92' lang='lat' dir='ltr'><strong>cur</strong></span> <span class='ocrx_word' id='word_1_196' title='bbox 543 2104 789 2156; x_wconf 82' lang='lat' dir='ltr'><strong>llavidem</strong></span> <span class='ocrx_word' id='word_1_197' title='bbox 837 2104 888 2156; x_wconf 89' lang='lat' dir='ltr'><strong>in</strong></span> <span class='ocrx_word' id='word_1_198' title='bbox 937 2102 1165 2154; x_wconf 82' lang='lat' dir='ltr'><strong>medium</strong></span> <span class='ocrx_word' id='word_1_199' title='bbox 1199 2102 1432 2164; x_wconf 85' lang='lat' dir='ltr'><strong>adducit,</strong></span> <span class='ocrx_word' id='word_1_200' title='bbox 1471 2103 1557 2170; x_wconf 90' lang='lat' dir='ltr'><strong>qui</strong></span> <span class='ocrx_word' id='word_1_201' title='bbox 1591 2102 1744 2168; x_wconf 84' lang='lat' dir='ltr'><strong>longe</strong></span> 
     </span>
    </p>
   </div>
   <div class='ocr_carea' id='block_1_27' title="bbox 171 2171 1744 2240">
    <p class='ocr_par' dir='ltr' id='par_1_27' title="bbox 171 2171 1744 2240">
     <span class='ocr_line' id='line_1_27' title="bbox 171 2171 1744 2240; baseline 0.001 -18"><span class='ocrx_word' id='word_1_202' title='bbox 171 2174 439 2240; x_wconf 87' lang='lat' dir='ltr'><strong>antiquior</strong></span> <span class='ocrx_word' id='word_1_203' title='bbox 485 2172 567 2224; x_wconf 90' lang='lat' dir='ltr'><strong>his</strong></span> <span class='ocrx_word' id='word_1_204' title='bbox 604 2174 760 2226; x_wconf 80' lang='lat' dir='ltr'><strong>rebus</strong></span> <span class='ocrx_word' id='word_1_205' title='bbox 803 2173 937 2225; x_wconf 85' lang='lat' dir='ltr'><strong>fuit?</strong></span> <span class='ocrx_word' id='word_1_206' title='bbox 983 2174 1240 2238; x_wconf 78' lang='lat' dir='ltr'><strong>Quoniam</strong></span> <span class='ocrx_word' id='word_1_207' title='bbox 1283 2183 1434 2240; x_wconf 85' lang='lat' dir='ltr'><strong>pater</strong></span> <span class='ocrx_word' id='word_1_208' title='bbox 1469 2181 1523 2225; x_wconf 87' lang='lat' dir='ltr'><strong>et</strong></span> <span class='ocrx_word' id='word_1_209' title='bbox 1572 2171 1744 2239; x_wconf 83' lang='lat' dir='ltr'><strong>imago</strong></span> 
     </span>
    </p>
   </div>
   <div class='ocr_carea' id='block_1_28' title="bbox 170 2242 1743 2309">
    <p class='ocr_par' dir='ltr' id='par_1_28' title="bbox 170 2242 1743 2309">
     <span class='ocr_line' id='line_1_28' title="bbox 170 2242 1743 2309; baseline 0 -15"><span class='ocrx_word' id='word_1_210' title='bbox 170 2243 365 2296; x_wconf 68' lang='lat' dir='ltr'><strong>Christi</strong></span> <span class='ocrx_word' id='word_1_211' title='bbox 385 2243 496 2296; x_wconf 89' lang='lat' dir='ltr'><strong>fuit.</strong></span> <span class='ocrx_word' id='word_1_212' title='bbox 517 2242 868 2307; x_wconf 79' lang='lat' dir='ltr'><strong>Quamobrem</strong></span> <span class='ocrx_word' id='word_1_213' title='bbox 892 2243 959 2296; x_wconf 84' lang='lat' dir='ltr'><strong>de</strong></span> <span class='ocrx_word' id='word_1_214' title='bbox 985 2244 1228 2309; x_wconf 79' lang='lat' dir='ltr'><strong>gregibus</strong></span> <span class='ocrx_word' id='word_1_215' title='bbox 1244 2246 1419 2296; x_wconf 87' lang='lat' dir='ltr'><strong>ovium</strong></span> <span class='ocrx_word' id='word_1_216' title='bbox 1441 2250 1743 2308; x_wconf 87' lang='lat' dir='ltr'><strong>assumptus</strong></span> 
     </span>
    </p>
   </div>
   <div class='ocr_carea' id='block_1_29' title="bbox 167 2311 1738 2382">
    <p class='ocr_par' dir='ltr' id='par_1_29' title="bbox 167 2311 1738 2382">
     <span class='ocr_line' id='line_1_29' title="bbox 167 2311 1738 2382; baseline -0.003 -18"><span class='ocrx_word' id='word_1_217' title='bbox 167 2323 276 2382; x_wconf 65' lang='lat' dir='ltr'><strong>est,</strong></span> <span class='ocrx_word' id='word_1_218' title='bbox 308 2329 407 2366; x_wconf 90' lang='lat' dir='ltr'><strong>non</strong></span> <span class='ocrx_word' id='word_1_219' title='bbox 439 2313 506 2366; x_wconf 91' lang='lat' dir='ltr'><strong>de</strong></span> <span class='ocrx_word' id='word_1_220' title='bbox 541 2328 718 2381; x_wconf 81' lang='lat' dir='ltr'><strong>grege.</strong></span> <span class='ocrx_word' id='word_1_221' title='bbox 748 2313 892 2365; x_wconf 87' lang='lat' dir='ltr'><strong>Multi</strong></span> <span class='ocrx_word' id='word_1_222' title='bbox 922 2315 1110 2382; x_wconf 85' lang='lat' dir='ltr'><strong>quippe</strong></span> <span class='ocrx_word' id='word_1_223' title='bbox 1135 2311 1328 2367; x_wconf 86' lang='lat' dir='ltr'><strong>Christi</strong></span> <span class='ocrx_word' id='word_1_224' title='bbox 1356 2326 1549 2382; x_wconf 80' lang='lat' dir='ltr'><strong>greges</strong></span> <span class='ocrx_word' id='word_1_225' title='bbox 1580 2322 1738 2374; x_wconf 88' lang='lat' dir='ltr'><strong>sunt;</strong></span> 
     </span>
    </p>
   </div>
   <div class='ocr_carea' id='block_1_30' title="bbox 165 2381 1739 2451">
    <p class='ocr_par' dir='ltr' id='par_1_30' title="bbox 165 2381 1739 2451">
     <span class='ocr_line' id='line_1_30' title="bbox 165 2381 1739 2451; baseline -0.001 -17"><span class='ocrx_word' id='word_1_226' title='bbox 165 2381 260 2434; x_wconf 84' lang='lat' dir='ltr'><strong>alii</strong></span> <span class='ocrx_word' id='word_1_227' title='bbox 291 2383 583 2445; x_wconf 84' lang='lat' dir='ltr'><strong>hominum,</strong></span> <span class='ocrx_word' id='word_1_228' title='bbox 611 2384 699 2436; x_wconf 89' lang='lat' dir='ltr'><strong>alii</strong></span> <span class='ocrx_word' id='word_1_229' title='bbox 744 2381 1088 2451; x_wconf 81' lang='lat' dir='ltr'><strong>angelorum,</strong></span> <span class='ocrx_word' id='word_1_230' title='bbox 1125 2385 1209 2436; x_wconf 89' lang='lat' dir='ltr'><strong>alii</strong></span> <span class='ocrx_word' id='word_1_231' title='bbox 1260 2381 1648 2436; x_wconf 82' lang='lat' dir='ltr'><strong>rationabilium</strong></span> <span class='ocrx_word' id='word_1_232' title='bbox 1688 2393 1739 2433; x_wconf 88' lang='lat' dir='ltr'><strong>et</strong></span> 
     </span>
    </p>
   </div>
   <div class='ocr_carea' id='block_1_31' title="bbox 170 2451 1743 2522">
    <p class='ocr_par' dir='ltr' id='par_1_31' title="bbox 170 2451 1743 2522">
     <span class='ocr_line' id='line_1_31' title="bbox 170 2451 1743 2522; baseline 0 -20"><span class='ocrx_word' id='word_1_233' title='bbox 170 2452 459 2506; x_wconf 78' lang='lat' dir='ltr'><strong>visibilium</strong></span> <span class='ocrx_word' id='word_1_234' title='bbox 511 2454 943 2522; x_wconf 65' lang='lat' dir='ltr'><strong>virtutumzquze</strong></span> <span class='ocrx_word' id='word_1_235' title='bbox 989 2462 1043 2506; x_wconf 87' lang='lat' dir='ltr'><strong>et</strong></span> <span class='ocrx_word' id='word_1_236' title='bbox 1088 2455 1328 2507; x_wconf 65' lang='lat' dir='ltr'><strong>halantes</strong></span> <span class='ocrx_word' id='word_1_237' title='bbox 1371 2461 1514 2510; x_wconf 86' lang='lat' dir='ltr'><strong>sunt,</strong></span> <span class='ocrx_word' id='word_1_238' title='bbox 1559 2451 1608 2503; x_wconf 89' lang='lat' dir='ltr'><strong>id</strong></span> <span class='ocrx_word' id='word_1_239' title='bbox 1661 2458 1743 2502; x_wconf 86' lang='lat' dir='ltr'><strong>est</strong></span> 
     </span>
    </p>
   </div>
   <div class='ocr_carea' id='block_1_32' title="bbox 169 2521 1741 2592">
    <p class='ocr_par' dir='ltr' id='par_1_32' title="bbox 169 2521 1741 2592">
     <span class='ocr_line' id='line_1_32' title="bbox 169 2521 1741 2592; baseline 0 -20"><span class='ocrx_word' id='word_1_240' title='bbox 169 2533 530 2591; x_wconf 78' lang='lat' dir='ltr'><strong>przegnantes.</strong></span> <span class='ocrx_word' id='word_1_241' title='bbox 601 2521 856 2592; x_wconf 85' lang='lat' dir='ltr'><strong>Gregetn</strong></span> <span class='ocrx_word' id='word_1_242' title='bbox 893 2523 1034 2576; x_wconf 89' lang='lat' dir='ltr'><strong>enim</strong></span> <span class='ocrx_word' id='word_1_243' title='bbox 1091 2523 1290 2576; x_wconf 90' lang='lat' dir='ltr'><strong>nullum</strong></span> <span class='ocrx_word' id='word_1_244' title='bbox 1357 2521 1741 2576; x_wconf 86' lang='lat' dir='ltr'><strong>infructuosum</strong></span> 
     </span>
    </p>
   </div>
   <div class='ocr_carea' id='block_1_33' title="bbox 168 2593 1740 2661">
    <p class='ocr_par' dir='ltr' id='par_1_33' title="bbox 168 2593 1740 2661">
     <span class='ocr_line' id='line_1_33' title="bbox 168 2593 1740 2661; baseline 0.001 -18"><span class='ocrx_word' id='word_1_245' title='bbox 168 2593 355 2656; x_wconf 80' lang='lat' dir='ltr'><strong>habet,</strong></span> <span class='ocrx_word' id='word_1_246' title='bbox 388 2594 479 2647; x_wconf 89' lang='lat' dir='ltr'><strong>sed</strong></span> <span class='ocrx_word' id='word_1_247' title='bbox 507 2608 693 2648; x_wconf 88' lang='lat' dir='ltr'><strong>omnes</strong></span> <span class='ocrx_word' id='word_1_248' title='bbox 736 2601 949 2661; x_wconf 87' lang='lat' dir='ltr'><strong>propter</strong></span> <span class='ocrx_word' id='word_1_249' title='bbox 976 2593 1090 2661; x_wconf 86' lang='lat' dir='ltr'><strong>ejus</strong></span> <span class='ocrx_word' id='word_1_250' title='bbox 1133 2595 1375 2646; x_wconf 88' lang='lat' dir='ltr'><strong>timorem</strong></span> <span class='ocrx_word' id='word_1_251' title='bbox 1411 2602 1740 2661; x_wconf 63' lang='lat' dir='ltr'><strong>przegnautes</strong></span> 
     </span>
    </p>
   </div>
   <div class='ocr_carea' id='block_1_34' title="bbox 160 2660 1735 2732">
    <p class='ocr_par' dir='ltr' id='par_1_34' title="bbox 160 2660 1735 2732">
     <span class='ocr_line' id='line_1_34' title="bbox 160 2660 1735 2732; baseline -0.002 -17"><span class='ocrx_word' id='word_1_252' title='bbox 160 2674 294 2716; x_wconf 87' lang='lat' dir='ltr'><strong>sunt</strong></span> <span class='ocrx_word' id='word_1_253' title='bbox 318 2672 372 2717; x_wconf 91' lang='lat' dir='ltr'><strong>et</strong></span> <span class='ocrx_word' id='word_1_254' title='bbox 399 2666 603 2732; x_wconf 87' lang='lat' dir='ltr'><strong>pariunt</strong></span> <span class='ocrx_word' id='word_1_255' title='bbox 632 2660 878 2718; x_wconf 77' lang='lat' dir='ltr'><strong>Salutem.</strong></span> <span class='ocrx_word' id='word_1_256' title='bbox 924 2660 1280 2730; x_wconf 80' lang='lat' dir='ltr'><strong>Quamobrem</strong></span> <span class='ocrx_word' id='word_1_257' title='bbox 1313 2663 1473 2716; x_wconf 81' lang='lat' dir='ltr'><strong>Isaias</strong></span> <span class='ocrx_word' id='word_1_258' title='bbox 1499 2660 1735 2732; x_wconf 84' lang='lat' dir='ltr'><strong>dicebat:</strong></span> 
     </span>
    </p>
   </div>
   <div class='ocr_carea' id='block_1_35' title="bbox 159 2731 1738 2802">
    <p class='ocr_par' dir='ltr' id='par_1_35' title="bbox 159 2731 1738 2802">
     <span class='ocr_line' id='line_1_35' title="bbox 159 2731 1738 2802; baseline -0.001 -19"><span class='ocrx_word' id='word_1_259' title='bbox 159 2734 214 2784; x_wconf 79' lang='grc' dir='ltr'><em>Α</em></span> <span class='ocrx_word' id='word_1_260' title='bbox 244 2731 416 2786; x_wconf 88' lang='lat' dir='ltr'><strong>timore</strong></span> <span class='ocrx_word' id='word_1_261' title='bbox 437 2745 540 2799; x_wconf 88' lang='lat' dir='ltr'><strong>tuo,</strong></span> <span class='ocrx_word' id='word_1_262' title='bbox 566 2733 796 2797; x_wconf 82' lang='lat' dir='ltr'><strong>Domine,</strong></span> <span class='ocrx_word' id='word_1_263' title='bbox 819 2736 868 2786; x_wconf 89' lang='lat' dir='ltr'><strong>in</strong></span> <span class='ocrx_word' id='word_1_264' title='bbox 891 2745 1029 2786; x_wconf 84' lang='lat' dir='ltr'><strong>utero</strong></span> <span class='ocrx_word' id='word_1_265' title='bbox 1053 2733 1354 2800; x_wconf 86' lang='lat' dir='ltr'><strong>accepimus,</strong></span> <span class='ocrx_word' id='word_1_266' title='bbox 1373 2742 1423 2786; x_wconf 81' lang='lat' dir='ltr'><strong>et</strong></span> <span class='ocrx_word' id='word_1_267' title='bbox 1437 2731 1738 2802; x_wconf 79' lang='lat' dir='ltr'><strong>peperimus,</strong></span> 
     </span>
    </p>
   </div>
   <div class='ocr_carea' id='block_1_36' title="bbox 157 2800 1738 2876">
    <p class='ocr_par' dir='ltr' id='par_1_36' title="bbox 157 2800 1738 2876">
     <span class='ocr_line' id='line_1_36' title="bbox 157 2800 1738 2876; baseline -0.003 -18"><span class='ocrx_word' id='word_1_268' title='bbox 157 2803 399 2876; x_wconf 63' lang='lat' dir='ltr'><strong>spiritum</strong></span> <span class='ocrx_word' id='word_1_269' title='bbox 437 2805 673 2876; x_wconf 82' lang='lat' dir='ltr'><strong>salutaris</strong></span> <span class='ocrx_word' id='word_1_270' title='bbox 699 2806 768 2857; x_wconf 87' lang='lat' dir='ltr'><strong>tui</strong></span> <span class='ocrx_word' id='word_1_271' title='bbox 799 2805 1008 2876; x_wconf 79' lang='lat' dir='ltr'><strong>fecimus</strong></span> <span class='ocrx_word' id='word_1_272' title='bbox 1049 2821 1198 2872; x_wconf 85' lang='lat' dir='ltr'><strong>super</strong></span> <span class='ocrx_word' id='word_1_273' title='bbox 1229 2814 1414 2876; x_wconf 79' lang='lat' dir='ltr'><strong>terram</strong></span> <span class='ocrx_word' id='word_1_274' title='bbox 1438 2800 1466 2872; x_wconf 48' lang='grc'><strong>⁷(</strong></span> <span class='ocrx_word' id='word_1_275' title='bbox 1493 2801 1622 2876; x_wconf 81' lang='lat' dir='ltr'><strong>lsai.</strong></span> <span class='ocrx_word' id='word_1_276' title='bbox 1649 2800 1738 2876; x_wconf 59' lang='lat'><strong>26:</strong></span> 
     </span>
    </p>
   </div>
   <div class='ocr_carea' id='block_1_37' title="bbox 163 2871 1742 2942">
    <p class='ocr_par' dir='ltr' id='par_1_37' title="bbox 163 2871 1742 2942">
     <span class='ocr_line' id='line_1_37' title="bbox 163 2871 1742 2942; baseline -0.001 -17"><span class='ocrx_word' id='word_1_277' title='bbox 163 2875 282 2939; x_wconf 80' lang='grc'><strong>18).</strong></span> <span class='ocrx_word' id='word_1_278' title='bbox 312 2875 433 2928; x_wconf 90' lang='lat' dir='ltr'><strong>lude</strong></span> <span class='ocrx_word' id='word_1_279' title='bbox 455 2874 693 2928; x_wconf 82' lang='lat' dir='ltr'><strong>Christus</strong></span> <span class='ocrx_word' id='word_1_280' title='bbox 713 2871 1016 2942; x_wconf 79' lang='lat' dir='ltr'><strong>assumptus</strong></span> <span class='ocrx_word' id='word_1_281' title='bbox 1042 2871 1144 2928; x_wconf 89' lang='lat' dir='ltr'><strong>est.</strong></span> <span class='ocrx_word' id='word_1_282' title='bbox 1177 2875 1253 2927; x_wconf 85' lang='lat' dir='ltr'><strong>Ad</strong></span> <span class='ocrx_word' id='word_1_283' title='bbox 1285 2873 1406 2942; x_wconf 90' lang='lat' dir='ltr'><strong>quid</strong></span> <span class='ocrx_word' id='word_1_284' title='bbox 1435 2871 1742 2941; x_wconf 79' lang='lat' dir='ltr'><strong>agendum?</strong></span> 
     </span>
    </p>
   </div>
   <div class='ocr_carea' id='block_1_38' title="bbox 161 2943 1742 3007">
    <p class='ocr_par' dir='ltr' id='par_1_38' title="bbox 161 2943 1742 3007">
     <span class='ocr_line' id='line_1_38' title="bbox 161 2943 1742 3007; baseline -0.002 -10"><span class='ocrx_word' id='word_1_285' title='bbox 161 2945 254 2997; x_wconf 77' lang='lat' dir='ltr'><strong>7i.</strong></span> <span class='ocrx_word' id='word_1_286' title='bbox 290 2943 504 2998; x_wconf 74' lang='lat' dir='ltr'><strong>Poscere</strong></span> <span class='ocrx_word' id='word_1_287' title='bbox 525 2944 684 2997; x_wconf 85' lang='lat' dir='ltr'><strong>Jacob</strong></span> <span class='ocrx_word' id='word_1_288' title='bbox 709 2961 901 2998; x_wconf 84' lang='lat' dir='ltr'><strong>servum</strong></span> <span class='ocrx_word' id='word_1_289' title='bbox 938 2962 1104 3007; x_wconf 88' lang='lat' dir='ltr'><strong>suum,</strong></span> <span class='ocrx_word' id='word_1_290' title='bbox 1134 2955 1180 2998; x_wconf 85' lang='lat' dir='ltr'><strong>et</strong></span> <span class='ocrx_word' id='word_1_291' title='bbox 1227 2943 1390 2998; x_wconf 78' lang='lat' dir='ltr'><strong>Israel</strong></span> <span class='ocrx_word' id='word_1_292' title='bbox 1419 2944 1742 2996; x_wconf 76' lang='lat' dir='ltr'><strong>hereditatem</strong></span> 
     </span>
    </p>
   </div>
   <div class='ocr_carea' id='block_1_39' title="bbox 161 3011 1735 3083">
    <p class='ocr_par' dir='ltr' id='par_1_39' title="bbox 161 3011 1735 3083">
     <span class='ocr_line' id='line_1_39' title="bbox 161 3011 1735 3083; baseline -0.001 -16"><span class='ocrx_word' id='word_1_293' title='bbox 161 3031 344 3076; x_wconf 69' lang='lat' dir='ltr'><strong>crisin;</strong></span> <span class='ocrx_word' id='word_1_294' title='bbox 373 3017 618 3083; x_wconf 74' lang='lat' dir='ltr'><strong>pupulum</strong></span> <span class='ocrx_word' id='word_1_295' title='bbox 647 3017 847 3069; x_wconf 87' lang='lat' dir='ltr'><strong>scilicet</strong></span> <span class='ocrx_word' id='word_1_296' title='bbox 867 3031 931 3068; x_wconf 81' lang='lat' dir='ltr'><strong>ex</strong></span> <span class='ocrx_word' id='word_1_297' title='bbox 959 3016 1204 3083; x_wconf 83' lang='lat' dir='ltr'><strong>gentibus</strong></span> <span class='ocrx_word' id='word_1_298' title='bbox 1230 3034 1246 3070; x_wconf 90' lang='lat'><strong>:</strong></span> <span class='ocrx_word' id='word_1_299' title='bbox 1281 3016 1365 3070; x_wconf 90' lang='lat' dir='ltr'><strong>hic</strong></span> <span class='ocrx_word' id='word_1_300' title='bbox 1389 3014 1530 3069; x_wconf 86' lang='lat' dir='ltr'><strong>enini</strong></span> <span class='ocrx_word' id='word_1_301' title='bbox 1553 3011 1735 3078; x_wconf 86' lang='lat' dir='ltr'><strong>Jacob,</strong></span> 
     </span>
    </p>
   </div>
   <div class='ocr_carea' id='block_1_40' title="bbox 161 3084 1736 3155">
    <p class='ocr_par' dir='ltr' id='par_1_40' title="bbox 161 3084 1736 3155">
     <span class='ocr_line' id='line_1_40' title="bbox 161 3084 1736 3155; baseline -0.001 -18"><span class='ocrx_word' id='word_1_302' title='bbox 161 3084 382 3137; x_wconf 64' lang='lat' dir='ltr'><strong>intimos</strong></span> <span class='ocrx_word' id='word_1_303' title='bbox 409 3087 772 3154; x_wconf 86' lang='lat' dir='ltr'><strong>supplantans.</strong></span> <span class='ocrx_word' id='word_1_304' title='bbox 802 3101 986 3138; x_wconf 86' lang='lat' dir='ltr'><strong>eorum</strong></span> <span class='ocrx_word' id='word_1_305' title='bbox 1015 3085 1483 3155; x_wconf 87' lang='lat' dir='ltr'><strong>primogenituram</strong></span> <span class='ocrx_word' id='word_1_306' title='bbox 1514 3084 1736 3155; x_wconf 89' lang='lat' dir='ltr'><strong>accepit;</strong></span> 
     </span>
    </p>
   </div>
   <div class='ocr_carea' id='block_1_41' title="bbox 165 3154 1740 3225">
    <p class='ocr_par' dir='ltr' id='par_1_41' title="bbox 165 3154 1740 3225">
     <span class='ocr_line' id='line_1_41' title="bbox 165 3154 1740 3225; baseline 0 -18"><span class='ocrx_word' id='word_1_307' title='bbox 165 3155 404 3224; x_wconf 81' lang='lat' dir='ltr'><strong>itemque</strong></span> <span class='ocrx_word' id='word_1_308' title='bbox 435 3155 590 3209; x_wconf 89' lang='lat' dir='ltr'><strong>Israel</strong></span> <span class='ocrx_word' id='word_1_309' title='bbox 616 3166 630 3209; x_wconf 70' lang='grc' dir='ltr'>ξ</span> <span class='ocrx_word' id='word_1_310' title='bbox 662 3158 802 3209; x_wconf 86' lang='lat' dir='ltr'><strong>videt</strong></span> <span class='ocrx_word' id='word_1_311' title='bbox 827 3157 969 3208; x_wconf 89' lang='lat' dir='ltr'><strong>enim</strong></span> <span class='ocrx_word' id='word_1_312' title='bbox 998 3157 1160 3210; x_wconf 83' lang='lat' dir='ltr'><strong>Deum</strong></span> <span class='ocrx_word' id='word_1_313' title='bbox 1193 3154 1430 3223; x_wconf 82' lang='lat' dir='ltr'><strong>tempore</strong></span> <span class='ocrx_word' id='word_1_314' title='bbox 1457 3154 1740 3225; x_wconf 84' lang='lat' dir='ltr'><strong>mysterio-</strong></span> 
     </span>
    </p>
   </div>
   <div class='ocr_carea' id='block_1_42' title="bbox 165 3225 1734 3288">
    <p class='ocr_par' dir='ltr' id='par_1_42' title="bbox 165 3225 1734 3288">
     <span class='ocr_line' id='line_1_42' title="bbox 165 3225 1734 3288; baseline -0.001 -10"><span class='ocrx_word' id='word_1_315' title='bbox 165 3241 286 3278; x_wconf 93' lang='lat' dir='ltr'><strong>rum</strong></span> <span class='ocrx_word' id='word_1_316' title='bbox 318 3227 446 3280; x_wconf 86' lang='lat' dir='ltr'><strong>facie</strong></span> <span class='ocrx_word' id='word_1_317' title='bbox 495 3226 559 3280; x_wconf 90' lang='lat' dir='ltr'><strong>ad</strong></span> <span class='ocrx_word' id='word_1_318' title='bbox 610 3228 816 3288; x_wconf 80' lang='lat' dir='ltr'><strong>faciem,</strong></span> <span class='ocrx_word' id='word_1_319' title='bbox 850 3227 986 3279; x_wconf 87' lang='lat' dir='ltr'><strong>sicut</strong></span> <span class='ocrx_word' id='word_1_320' title='bbox 1011 3236 1064 3278; x_wconf 86' lang='lat' dir='ltr'><strong>et</strong></span> <span class='ocrx_word' id='word_1_321' title='bbox 1099 3227 1188 3279; x_wconf 90' lang='lat' dir='ltr'><strong>ille</strong></span> <span class='ocrx_word' id='word_1_322' title='bbox 1227 3225 1361 3280; x_wconf 90' lang='lat' dir='ltr'><strong>facie</strong></span> <span class='ocrx_word' id='word_1_323' title='bbox 1407 3225 1473 3279; x_wconf 88' lang='lat' dir='ltr'><strong>ad</strong></span> <span class='ocrx_word' id='word_1_324' title='bbox 1525 3227 1734 3277; x_wconf 78' lang='lat' dir='ltr'><strong>faciem.</strong></span> 
     </span>
    </p>
   </div>
   <div class='ocr_carea' id='block_1_43' title="bbox 160 3296 1733 3366">
    <p class='ocr_par' dir='ltr' id='par_1_43' title="bbox 160 3296 1733 3366">
     <span class='ocr_line' id='line_1_43' title="bbox 160 3296 1733 3366; baseline 0.001 -20"><span class='ocrx_word' id='word_1_325' title='bbox 160 3296 316 3362; x_wconf 84' lang='lat' dir='ltr'><strong>Quod</strong></span> <span class='ocrx_word' id='word_1_326' title='bbox 346 3307 519 3349; x_wconf 91' lang='lat' dir='ltr'><strong>autem</strong></span> <span class='ocrx_word' id='word_1_327' title='bbox 561 3307 742 3366; x_wconf 87' lang='lat' dir='ltr'><strong>pascat</strong></span> <span class='ocrx_word' id='word_1_328' title='bbox 782 3298 937 3357; x_wconf 79' lang='lat' dir='ltr'><strong>flens,</strong></span> <span class='ocrx_word' id='word_1_329' title='bbox 971 3297 1090 3348; x_wconf 86' lang='lat' dir='ltr'><strong>audi</strong></span> <span class='ocrx_word' id='word_1_330' title='bbox 1127 3296 1733 3366; x_wconf 18' lang='lat' dir='ltr'><strong>Davidemidicenitem:</strong></span> 
     </span>
    </p>
   </div>
   <div class='ocr_carea' id='block_1_44' title="bbox 163 3365 1735 3435">
    <p class='ocr_par' dir='ltr' id='par_1_44' title="bbox 163 3365 1735 3435">
     <span class='ocr_line' id='line_1_44' title="bbox 163 3365 1735 3435; baseline -0.001 -18"><span class='ocrx_word' id='word_1_331' title='bbox 163 3367 412 3419; x_wconf 84' lang='lat' dir='ltr'><strong>Dominus</strong></span> <span class='ocrx_word' id='word_1_332' title='bbox 433 3365 590 3435; x_wconf 85' lang='lat' dir='ltr'><strong>pascit</strong></span> <span class='ocrx_word' id='word_1_333' title='bbox 611 3383 704 3427; x_wconf 85' lang='lat' dir='ltr'><strong>me,</strong></span> <span class='ocrx_word' id='word_1_334' title='bbox 738 3379 785 3420; x_wconf 82' lang='lat' dir='ltr'><strong>et</strong></span> <span class='ocrx_word' id='word_1_335' title='bbox 821 3366 948 3419; x_wconf 81' lang='lat' dir='ltr'><strong>nihil</strong></span> <span class='ocrx_word' id='word_1_336' title='bbox 985 3367 1107 3419; x_wconf 86' lang='lat' dir='ltr'><strong>mihi</strong></span> <span class='ocrx_word' id='word_1_337' title='bbox 1145 3366 1300 3419; x_wconf 84' lang='lat' dir='ltr'><strong>deerit</strong></span> <span class='ocrx_word' id='word_1_338' title='bbox 1327 3366 1345 3435; x_wconf 94' lang='lat'><strong>(</strong></span> <span class='ocrx_word' id='word_1_339' title='bbox 1376 3365 1522 3419; x_wconf 84' lang='lat' dir='ltr'><strong>Psal.</strong></span> <span class='ocrx_word' id='word_1_340' title='bbox 1567 3365 1654 3418; x_wconf 84' lang='lat'><strong>22.</strong></span> <span class='ocrx_word' id='word_1_341' title='bbox 1685 3365 1735 3418; x_wconf 83' lang='lat' dir='ltr'><strong>I.</strong></span> 
     </span>
    </p>
   </div>
   <div class='ocr_carea' id='block_1_45' title="bbox 159 3435 1736 3506">
    <p class='ocr_par' dir='ltr' id='par_1_45' title="bbox 159 3435 1736 3506">
     <span class='ocr_line' id='line_1_45' title="bbox 159 3435 1736 3506; baseline -0.001 -17"><span class='ocrx_word' id='word_1_342' title='bbox 159 3437 238 3494; x_wconf 84' lang='lat'><strong>2).</strong></span> <span class='ocrx_word' id='word_1_343' title='bbox 278 3436 412 3489; x_wconf 84' lang='lat' dir='ltr'><strong>Audi</strong></span> <span class='ocrx_word' id='word_1_344' title='bbox 442 3445 494 3489; x_wconf 89' lang='lat' dir='ltr'><strong>et</strong></span> <span class='ocrx_word' id='word_1_345' title='bbox 519 3436 789 3491; x_wconf 87' lang='lat' dir='ltr'><strong>Clu-istum</strong></span> <span class='ocrx_word' id='word_1_346' title='bbox 823 3455 836 3490; x_wconf 88' lang='lat'><strong>:</strong></span> <span class='ocrx_word' id='word_1_347' title='bbox 869 3435 980 3506; x_wconf 85' lang='lat' dir='ltr'><strong>Ego</strong></span> <span class='ocrx_word' id='word_1_348' title='bbox 1014 3452 1123 3489; x_wconf 87' lang='lat' dir='ltr'><strong>sum</strong></span> <span class='ocrx_word' id='word_1_349' title='bbox 1159 3447 1328 3504; x_wconf 82' lang='lat' dir='ltr'><strong>pastor</strong></span> <span class='ocrx_word' id='word_1_350' title='bbox 1356 3437 1512 3488; x_wconf 87' lang='lat' dir='ltr'><strong>bonus</strong></span> <span class='ocrx_word' id='word_1_351' title='bbox 1543 3435 1736 3503; x_wconf 87' lang='lat' dir='ltr'><strong>(Joan.</strong></span> 
     </span>
    </p>
   </div>
   <div class='ocr_carea' id='block_1_46' title="bbox 163 3506 1740 3575">
    <p class='ocr_par' dir='ltr' id='par_1_46' title="bbox 163 3506 1740 3575">
     <span class='ocr_line' id='line_1_46' title="bbox 163 3506 1740 3575; baseline -0.001 -16"><span class='ocrx_word' id='word_1_352' title='bbox 163 3508 249 3560; x_wconf 79' lang='grc'><strong>10.</strong></span> <span class='ocrx_word' id='word_1_353' title='bbox 283 3507 394 3572; x_wconf 82' lang='lat' dir='ltr'><strong>II).</strong></span> <span class='ocrx_word' id='word_1_354' title='bbox 419 3507 507 3560; x_wconf 81' lang='lat'><strong>72.</strong></span> <span class='ocrx_word' id='word_1_355' title='bbox 543 3507 608 3560; x_wconf 84' lang='lat' dir='ltr'><strong>Et</strong></span> <span class='ocrx_word' id='word_1_356' title='bbox 635 3509 768 3575; x_wconf 81' lang='lat' dir='ltr'><strong>pavit</strong></span> <span class='ocrx_word' id='word_1_357' title='bbox 797 3523 878 3561; x_wconf 86' lang='lat' dir='ltr'><strong>eos</strong></span> <span class='ocrx_word' id='word_1_358' title='bbox 899 3513 952 3560; x_wconf 87' lang='lat' dir='ltr'><strong>in</strong></span> <span class='ocrx_word' id='word_1_359' title='bbox 976 3507 1257 3560; x_wconf 81' lang='lat' dir='ltr'><strong>innocentia</strong></span> <span class='ocrx_word' id='word_1_360' title='bbox 1285 3507 1450 3559; x_wconf 81' lang='lat' dir='ltr'><strong>cordis</strong></span> <span class='ocrx_word' id='word_1_361' title='bbox 1476 3507 1572 3565; x_wconf 86' lang='lat' dir='ltr'><strong>sui.</strong></span> <span class='ocrx_word' id='word_1_362' title='bbox 1610 3517 1656 3559; x_wconf 85' lang='lat' dir='ltr'><strong>et</strong></span> <span class='ocrx_word' id='word_1_363' title='bbox 1687 3506 1740 3557; x_wconf 91' lang='lat' dir='ltr'><strong>in</strong></span> 
     </span>
    </p>
   </div>
   <div class='ocr_carea' id='block_1_47' title="bbox 162 3576 1739 3630">
    <p class='ocr_par' dir='ltr' id='par_1_47' title="bbox 162 3576 1739 3630">
     <span class='ocr_line' id='line_1_47' title="bbox 162 3576 1739 3630; baseline 0.001 -2"><span class='ocrx_word' id='word_1_364' title='bbox 162 3576 492 3629; x_wconf 84' lang='lat' dir='ltr'><strong>intellectibns</strong></span> <span class='ocrx_word' id='word_1_365' title='bbox 521 3594 758 3630; x_wconf 86' lang='lat' dir='ltr'><strong>manuum</strong></span> <span class='ocrx_word' id='word_1_366' title='bbox 797 3594 1002 3630; x_wconf 88' lang='lat' dir='ltr'><strong>suarum</strong></span> <span class='ocrx_word' id='word_1_367' title='bbox 1027 3577 1232 3630; x_wconf 65' lang='lat' dir='ltr'><strong>deduxit</strong></span> <span class='ocrx_word' id='word_1_368' title='bbox 1259 3577 1396 3630; x_wconf 82' lang='lat' dir='ltr'><strong>illos.</strong></span> <span class='ocrx_word' id='word_1_369' title='bbox 1431 3577 1588 3629; x_wconf 82' lang='lat' dir='ltr'><strong>Vides</strong></span> <span class='ocrx_word' id='word_1_370' title='bbox 1619 3591 1739 3629; x_wconf 88' lang='lat' dir='ltr'><strong>eum</strong></span> 
     </span>
    </p>
   </div>
   <div class='ocr_carea' id='block_1_48' title="bbox 163 3646 1738 3715">
    <p class='ocr_par' dir='ltr' id='par_1_48' title="bbox 163 3646 1738 3715">
     <span class='ocr_line' id='line_1_48' title="bbox 163 3646 1738 3715; baseline -0.001 -16"><span class='ocrx_word' id='word_1_371' title='bbox 163 3648 230 3700; x_wconf 89' lang='lat' dir='ltr'><strong>de</strong></span> <span class='ocrx_word' id='word_1_372' title='bbox 259 3646 473 3700; x_wconf 82' lang='lat' dir='ltr'><strong>Christo</strong></span> <span class='ocrx_word' id='word_1_373' title='bbox 503 3648 643 3700; x_wconf 81' lang='lat' dir='ltr'><strong>clare</strong></span> <span class='ocrx_word' id='word_1_374' title='bbox 670 3647 848 3715; x_wconf 81' lang='lat' dir='ltr'><strong>loqui?</strong></span> <span class='ocrx_word' id='word_1_375' title='bbox 877 3649 969 3700; x_wconf 93' lang='lat' dir='ltr'><strong>llic</strong></span> <span class='ocrx_word' id='word_1_376' title='bbox 997 3647 1136 3701; x_wconf 90' lang='lat' dir='ltr'><strong>enim</strong></span> <span class='ocrx_word' id='word_1_377' title='bbox 1167 3648 1459 3700; x_wconf 90' lang='lat' dir='ltr'><strong>secundum</strong></span> <span class='ocrx_word' id='word_1_378' title='bbox 1487 3647 1561 3700; x_wconf 89' lang='lat' dir='ltr'><strong>rei</strong></span> <span class='ocrx_word' id='word_1_379' title='bbox 1599 3646 1738 3700; x_wconf 75' lang='lat' dir='ltr'><strong>veni-</strong></span> 
     </span>
    </p>
   </div>
   <div class='ocr_carea' id='block_1_49' title="bbox 167 3717 1740 3784">
    <p class='ocr_par' dir='ltr' id='par_1_49' title="bbox 167 3717 1740 3784">
     <span class='ocr_line' id='line_1_49' title="bbox 167 3717 1740 3784; baseline -0.001 -14"><span class='ocrx_word' id='word_1_380' title='bbox 167 3727 334 3770; x_wconf 89' lang='lat' dir='ltr'><strong>tatem</strong></span> <span class='ocrx_word' id='word_1_381' title='bbox 362 3719 646 3784; x_wconf 87' lang='lat' dir='ltr'><strong>nequitiam</strong></span> <span class='ocrx_word' id='word_1_382' title='bbox 671 3719 848 3771; x_wconf 88' lang='lat' dir='ltr'><strong>cordis</strong></span> <span class='ocrx_word' id='word_1_383' title='bbox 879 3733 983 3772; x_wconf 91' lang='lat' dir='ltr'><strong>non</strong></span> <span class='ocrx_word' id='word_1_384' title='bbox 1017 3717 1220 3782; x_wconf 89' lang='lat' dir='ltr'><strong>habuit,</strong></span> <span class='ocrx_word' id='word_1_385' title='bbox 1253 3717 1385 3783; x_wconf 83' lang='lat' dir='ltr'><strong>Quia</strong></span> <span class='ocrx_word' id='word_1_386' title='bbox 1416 3719 1604 3770; x_wconf 86' lang='lat' dir='ltr'><strong>malum</strong></span> <span class='ocrx_word' id='word_1_387' title='bbox 1642 3733 1740 3769; x_wconf 87' lang='lat' dir='ltr'><strong>non</strong></span> 
     </span>
    </p>
   </div>
   <div class='ocr_carea' id='block_1_50' title="bbox 162 3787 1736 3857">
    <p class='ocr_par' dir='ltr' id='par_1_50' title="bbox 162 3787 1736 3857">
     <span class='ocr_line' id='line_1_50' title="bbox 162 3787 1736 3857; baseline 0.001 -18"><span class='ocrx_word' id='word_1_388' title='bbox 162 3791 312 3857; x_wconf 71' lang='lat' dir='ltr'><strong>fecit,</strong></span> <span class='ocrx_word' id='word_1_389' title='bbox 336 3804 490 3856; x_wconf 83' lang='lat' dir='ltr'><strong>neque</strong></span> <span class='ocrx_word' id='word_1_390' title='bbox 515 3789 660 3840; x_wconf 89' lang='lat' dir='ltr'><strong>dolus</strong></span> <span class='ocrx_word' id='word_1_391' title='bbox 681 3789 907 3841; x_wconf 82' lang='lat' dir='ltr'><strong>inventus</strong></span> <span class='ocrx_word' id='word_1_392' title='bbox 932 3798 1001 3841; x_wconf 85' lang='lat' dir='ltr'><strong>est</strong></span> <span class='ocrx_word' id='word_1_393' title='bbox 1025 3789 1080 3841; x_wconf 86' lang='lat' dir='ltr'><strong>in</strong></span> <span class='ocrx_word' id='word_1_394' title='bbox 1109 3804 1192 3840; x_wconf 88' lang='lat' dir='ltr'><strong>ore</strong></span> <span class='ocrx_word' id='word_1_395' title='bbox 1232 3790 1339 3856; x_wconf 88' lang='lat' dir='ltr'><strong>ejus</strong></span> <span class='ocrx_word' id='word_1_396' title='bbox 1380 3789 1396 3854; x_wconf 96' lang='lat'><strong>(</strong></span> <span class='ocrx_word' id='word_1_397' title='bbox 1425 3789 1472 3841; x_wconf 89' lang='lat' dir='ltr'><strong>I.</strong></span> <span class='ocrx_word' id='word_1_398' title='bbox 1512 3787 1651 3840; x_wconf 84' lang='lat' dir='ltr'><strong>Petr.</strong></span> <span class='ocrx_word' id='word_1_399' title='bbox 1683 3787 1736 3840; x_wconf 85' lang='lat'><strong>2.</strong></span> 
     </span>
    </p>
   </div>
   <div class='ocr_carea' id='block_1_51' title="bbox 160 3855 1740 3929">
    <p class='ocr_par' dir='ltr' id='par_1_51' title="bbox 160 3855 1740 3929">
     <span class='ocr_line' id='line_1_51' title="bbox 160 3855 1740 3929; baseline -0.001 -18"><span class='ocrx_word' id='word_1_400' title='bbox 160 3855 233 3911; x_wconf 77' lang='lat'><strong>22</strong></span> <span class='ocrx_word' id='word_1_401' title='bbox 258 3855 414 3919; x_wconf 85' lang='lat' dir='ltr'><strong>;lsai.</strong></span> <span class='ocrx_word' id='word_1_402' title='bbox 450 3858 536 3911; x_wconf 73' lang='lat'><strong>53.</strong></span> <span class='ocrx_word' id='word_1_403' title='bbox 567 3857 656 3929; x_wconf 83' lang='lat'><strong>9).</strong></span> <span class='ocrx_word' id='word_1_404' title='bbox 691 3857 1018 3929; x_wconf 86' lang='lat' dir='ltr'><strong>Intellectum</strong></span> <span class='ocrx_word' id='word_1_405' title='bbox 1055 3867 1227 3911; x_wconf 86' lang='lat' dir='ltr'><strong>autem</strong></span> <span class='ocrx_word' id='word_1_406' title='bbox 1252 3855 1510 3910; x_wconf 82' lang='lat' dir='ltr'><strong>manuum</strong></span> <span class='ocrx_word' id='word_1_407' title='bbox 1541 3867 1740 3910; x_wconf 91' lang='lat' dir='ltr'><strong>tantum</strong></span> 
     </span>
    </p>
   </div>
   <div class='ocr_carea' id='block_1_52' title="bbox 162 3928 1740 3998">
    <p class='ocr_par' dir='ltr' id='par_1_52' title="bbox 162 3928 1740 3998">
     <span class='ocr_line' id='line_1_52' title="bbox 162 3928 1740 3998; baseline -0.001 -19"><span class='ocrx_word' id='word_1_408' title='bbox 162 3930 434 3996; x_wconf 66' lang='lat' dir='ltr'><strong>possedit,</strong></span> <span class='ocrx_word' id='word_1_409' title='bbox 467 3939 522 3982; x_wconf 95' lang='lat' dir='ltr'><strong>ut</strong></span> <span class='ocrx_word' id='word_1_410' title='bbox 547 3928 674 3998; x_wconf 85' lang='lat' dir='ltr'><strong>ipsis</strong></span> <span class='ocrx_word' id='word_1_411' title='bbox 702 3944 874 3983; x_wconf 74' lang='lat' dir='ltr'><strong>czccos</strong></span> <span class='ocrx_word' id='word_1_412' title='bbox 915 3928 980 3982; x_wconf 90' lang='lat' dir='ltr'><strong>ad</strong></span> <span class='ocrx_word' id='word_1_413' title='bbox 1024 3929 1198 3998; x_wconf 85' lang='lat' dir='ltr'><strong>visum</strong></span> <span class='ocrx_word' id='word_1_414' title='bbox 1233 3930 1565 3989; x_wconf 83' lang='lat' dir='ltr'><strong>restitueret,</strong></span> <span class='ocrx_word' id='word_1_415' title='bbox 1595 3929 1740 3998; x_wconf 84' lang='lat' dir='ltr'><strong>clau-</strong></span> 
     </span>
    </p>
   </div>
   <div class='ocr_carea' id='block_1_53' title="bbox 161 3997 1746 4068">
    <p class='ocr_par' dir='ltr' id='par_1_53' title="bbox 161 3997 1746 4068">
     <span class='ocr_line' id='line_1_53' title="bbox 161 3997 1746 4068; baseline 0 -18"><span class='ocrx_word' id='word_1_416' title='bbox 161 3999 266 4050; x_wconf 86' lang='lat' dir='ltr'><strong>dos</strong></span> <span class='ocrx_word' id='word_1_417' title='bbox 287 3999 514 4067; x_wconf 79' lang='lat' dir='ltr'><strong>erigeret</strong></span> <span class='ocrx_word' id='word_1_418' title='bbox 537 3997 817 4064; x_wconf 48' lang='lat' dir='ltr'><strong>{leprosos</strong></span> <span class='ocrx_word' id='word_1_419' title='bbox 841 3999 1140 4062; x_wconf 80' lang='lat' dir='ltr'><strong>mandaret,</strong></span> <span class='ocrx_word' id='word_1_420' title='bbox 1169 3997 1398 4068; x_wconf 83' lang='lat' dir='ltr'><strong>denique</strong></span> <span class='ocrx_word' id='word_1_421' title='bbox 1441 4008 1604 4050; x_wconf 89' lang='lat' dir='ltr'><strong>totum</strong></span> <span class='ocrx_word' id='word_1_422' title='bbox 1649 3997 1746 4050; x_wconf 88' lang='lat' dir='ltr'><strong>ho-</strong></span> 
     </span>
    </p>
   </div>
   <div class='ocr_carea' id='block_1_54' title="bbox 165 4068 1129 4124">
    <p class='ocr_par' dir='ltr' id='par_1_54' title="bbox 165 4068 1129 4124">
     <span class='ocr_line' id='line_1_54' title="bbox 165 4068 1129 4124; baseline 0.003 -4"><span class='ocrx_word' id='word_1_423' title='bbox 165 4069 364 4122; x_wconf 87' lang='lat' dir='ltr'><strong>minem</strong></span> <span class='ocrx_word' id='word_1_424' title='bbox 406 4068 771 4124; x_wconf 88' lang='lat' dir='ltr'><strong>labefactatum</strong></span> <span class='ocrx_word' id='word_1_425' title='bbox 798 4069 1129 4124; x_wconf 87' lang='lat' dir='ltr'><strong>reformaret.</strong></span> 
     </span>
    </p>
   </div>
   <div class='ocr_carea' id='block_1_55' title="bbox 557 4197 1361 4272">
    <p class='ocr_par' dir='ltr' id='par_1_55' title="bbox 557 4197 1361 4272">
     <span class='ocr_line' id='line_1_55' title="bbox 557 4197 1361 4272; baseline 0 -18"><span class='ocrx_word' id='word_1_426' title='bbox 557 4200 609 4254; x_wconf 83' lang='lat' dir='ltr'><strong>I.</strong></span> <span class='ocrx_word' id='word_1_427' title='bbox 644 4197 878 4255; x_wconf 84' lang='lat' dir='ltr'><strong>Psalmus</strong></span> <span class='ocrx_word' id='word_1_428' title='bbox 909 4200 1101 4272; x_wconf 82' lang='lat' dir='ltr'><strong>Asaph.</strong></span> <span class='ocrx_word' id='word_1_429' title='bbox 1144 4217 1361 4255; x_wconf 76' lang='lat' dir='ltr'><strong>Lxxvnt.</strong></span> 
     </span>
    </p>
   </div>
   <div class='ocr_carea' id='block_1_56' title="bbox 243 4333 1745 4405">
    <p class='ocr_par' dir='ltr' id='par_1_56' title="bbox 243 4333 1745 4405">
     <span class='ocr_line' id='line_1_56' title="bbox 243 4333 1745 4405; baseline 0 -17"><span class='ocrx_word' id='word_1_430' title='bbox 243 4335 295 4388; x_wconf 85' lang='lat' dir='ltr'><strong>I.</strong></span> <span class='ocrx_word' id='word_1_431' title='bbox 335 4335 484 4388; x_wconf 89' lang='lat' dir='ltr'><strong>Clara</strong></span> <span class='ocrx_word' id='word_1_432' title='bbox 513 4346 593 4389; x_wconf 91' lang='lat' dir='ltr'><strong>est</strong></span> <span class='ocrx_word' id='word_1_433' title='bbox 625 4335 915 4404; x_wconf 76' lang='lat' dir='ltr'><strong>prophetia:</strong></span> <span class='ocrx_word' id='word_1_434' title='bbox 945 4335 1219 4405; x_wconf 75' lang='lat' dir='ltr'><strong>iItSCt&#39;ipliO</strong></span> <span class='ocrx_word' id='word_1_435' title='bbox 1250 4353 1262 4388; x_wconf 91' lang='lat'>:</span> <span class='ocrx_word' id='word_1_436' title='bbox 1295 4351 1458 4404; x_wconf 88' lang='lat' dir='ltr'><strong>quare</strong></span> <span class='ocrx_word' id='word_1_437' title='bbox 1488 4333 1550 4389; x_wconf 90' lang='lat' dir='ltr'><strong>ad</strong></span> <span class='ocrx_word' id='word_1_438' title='bbox 1585 4335 1745 4388; x_wconf 78' lang='lat' dir='ltr'><strong>inter-</strong></span> 
     </span>
    </p>
   </div>
   <div class='ocr_carea' id='block_1_57' title="bbox 167 4406 1744 4476">
    <p class='ocr_par' dir='ltr' id='par_1_57' title="bbox 167 4406 1744 4476">
     <span class='ocr_line' id='line_1_57' title="bbox 167 4406 1744 4476; baseline 0.001 -18"><span class='ocrx_word' id='word_1_439' title='bbox 167 4406 518 4476; x_wconf 89' lang='lat' dir='ltr'><strong>pretationem</strong></span> <span class='ocrx_word' id='word_1_440' title='bbox 561 4406 750 4459; x_wconf 89' lang='lat' dir='ltr'><strong>Psalmi</strong></span> <span class='ocrx_word' id='word_1_441' title='bbox 789 4422 1089 4460; x_wconf 88' lang='lat' dir='ltr'><strong>sermonem</strong></span> <span class='ocrx_word' id='word_1_442' title='bbox 1129 4415 1518 4460; x_wconf 73' lang='lat' dir='ltr'><strong>convertemus.</strong></span> <span class='ocrx_word' id='word_1_443' title='bbox 1565 4406 1744 4476; x_wconf 89' lang='lat' dir='ltr'><strong>Neque</strong></span> 
     </span>
    </p>
   </div>
   <div class='ocr_carea' id='block_1_58' title="bbox 167 4476 1742 4545">
    <p class='ocr_par' dir='ltr' id='par_1_58' title="bbox 167 4476 1742 4545">
     <span class='ocr_line' id='line_1_58' title="bbox 167 4476 1742 4545; baseline -0.001 -15"><span class='ocrx_word' id='word_1_444' title='bbox 167 4476 313 4530; x_wconf 88' lang='lat' dir='ltr'><strong>enim</strong></span> <span class='ocrx_word' id='word_1_445' title='bbox 354 4478 745 4531; x_wconf 88' lang='lat' dir='ltr'><strong>accusationem</strong></span> <span class='ocrx_word' id='word_1_446' title='bbox 780 4479 1012 4543; x_wconf 82' lang='lat' dir='ltr'><strong>gentium</strong></span> <span class='ocrx_word' id='word_1_447' title='bbox 1061 4493 1166 4545; x_wconf 75' lang='lat' dir='ltr'><strong>pra:</strong></span> <span class='ocrx_word' id='word_1_448' title='bbox 1193 4493 1250 4530; x_wconf 87' lang='lat' dir='ltr'><strong>se</strong></span> <span class='ocrx_word' id='word_1_449' title='bbox 1285 4476 1419 4540; x_wconf 81' lang='lat' dir='ltr'><strong>fert,</strong></span> <span class='ocrx_word' id='word_1_450' title='bbox 1449 4487 1505 4530; x_wconf 95' lang='lat' dir='ltr'><strong>ut</strong></span> <span class='ocrx_word' id='word_1_451' title='bbox 1532 4479 1742 4544; x_wconf 88' lang='lat' dir='ltr'><strong>quidatn</strong></span> 
     </span>
    </p>
   </div>
   <div class='ocr_carea' id='block_1_59' title="bbox 165 4546 1745 4616">
    <p class='ocr_par' dir='ltr' id='par_1_59' title="bbox 165 4546 1745 4616">
     <span class='ocr_line' id='line_1_59' title="bbox 165 4546 1745 4616; baseline -0.002 -15"><span class='ocrx_word' id='word_1_452' title='bbox 165 4548 573 4612; x_wconf 82' lang='lat' dir='ltr'><strong>existimarunt;</strong></span> <span class='ocrx_word' id='word_1_453' title='bbox 604 4547 696 4602; x_wconf 89' lang='lat' dir='ltr'><strong>sed</strong></span> <span class='ocrx_word' id='word_1_454' title='bbox 724 4549 1051 4615; x_wconf 89' lang='lat' dir='ltr'><strong>prophetiam</strong></span> <span class='ocrx_word' id='word_1_455' title='bbox 1084 4563 1266 4600; x_wconf 88' lang='lat' dir='ltr'><strong>eorum</strong></span> <span class='ocrx_word' id='word_1_456' title='bbox 1294 4562 1409 4614; x_wconf 71' lang='lat' dir='ltr'><strong>qua!</strong></span> <span class='ocrx_word' id='word_1_457' title='bbox 1437 4549 1628 4616; x_wconf 87' lang='lat' dir='ltr'><strong>p0pulo</strong></span> <span class='ocrx_word' id='word_1_458' title='bbox 1653 4546 1745 4600; x_wconf 83' lang='lat' dir='ltr'><strong>Ju-</strong></span> 
     </span>
    </p>
   </div>
   <div class='ocr_carea' id='block_1_60' title="bbox 167 4616 1744 4686">
    <p class='ocr_par' dir='ltr' id='par_1_60' title="bbox 167 4616 1744 4686">
     <span class='ocr_line' id='line_1_60' title="bbox 167 4616 1744 4686; baseline -0.001 -14"><span class='ocrx_word' id='word_1_459' title='bbox 167 4618 404 4672; x_wconf 67' lang='lat' dir='ltr'><strong>dazorum</strong></span> <span class='ocrx_word' id='word_1_460' title='bbox 436 4627 686 4672; x_wconf 87' lang='lat' dir='ltr'><strong>eventura</strong></span> <span class='ocrx_word' id='word_1_461' title='bbox 716 4626 866 4670; x_wconf 89' lang='lat' dir='ltr'><strong>erant</strong></span> <span class='ocrx_word' id='word_1_462' title='bbox 886 4658 900 4680; x_wconf 95' lang='lat'><strong>,</strong></span> <span class='ocrx_word' id='word_1_463' title='bbox 937 4617 1147 4685; x_wconf 92' lang='lat' dir='ltr'><strong>quando</strong></span> <span class='ocrx_word' id='word_1_464' title='bbox 1185 4629 1367 4686; x_wconf 78' lang='lat' dir='ltr'><strong>gentes</strong></span> <span class='ocrx_word' id='word_1_465' title='bbox 1399 4616 1744 4670; x_wconf 81' lang='lat' dir='ltr'><strong>hereditatem</strong></span> 
     </span>
    </p>
   </div>
   <div class='ocr_carea' id='block_1_61' title="bbox 168 4686 1745 4756">
    <p class='ocr_par' dir='ltr' id='par_1_61' title="bbox 168 4686 1745 4756">
     <span class='ocr_line' id='line_1_61' title="bbox 168 4686 1745 4756; baseline -0.001 -15"><span class='ocrx_word' id='word_1_466' title='bbox 168 4703 353 4741; x_wconf 89' lang='lat' dir='ltr'><strong>eorum</strong></span> <span class='ocrx_word' id='word_1_467' title='bbox 383 4696 534 4740; x_wconf 89' lang='lat' dir='ltr'><strong>erant</strong></span> <span class='ocrx_word' id='word_1_468' title='bbox 562 4696 876 4755; x_wconf 70' lang='lat' dir='ltr'><strong>acceptum.</strong></span> <span class='ocrx_word' id='word_1_469' title='bbox 909 4686 1074 4748; x_wconf 84' lang='lat' dir='ltr'><strong>Deus,</strong></span> <span class='ocrx_word' id='word_1_470' title='bbox 1108 4697 1344 4740; x_wconf 79' lang='lat' dir='ltr'><strong>venerunt</strong></span> <span class='ocrx_word' id='word_1_471' title='bbox 1381 4697 1548 4756; x_wconf 81' lang='lat' dir='ltr'><strong>gentes</strong></span> <span class='ocrx_word' id='word_1_472' title='bbox 1578 4689 1627 4739; x_wconf 85' lang='lat' dir='ltr'><strong>in</strong></span> <span class='ocrx_word' id='word_1_473' title='bbox 1655 4690 1745 4740; x_wconf 83' lang='lat' dir='ltr'><strong>he—</strong></span> 
     </span>
    </p>
   </div>
   <div class='ocr_carea' id='block_1_62' title="bbox 167 4757 1746 4826">
    <p class='ocr_par' dir='ltr' id='par_1_62' title="bbox 167 4757 1746 4826">
     <span class='ocr_line' id='line_1_62' title="bbox 167 4757 1746 4826; baseline 0.001 -17"><span class='ocrx_word' id='word_1_474' title='bbox 167 4758 430 4810; x_wconf 86' lang='lat' dir='ltr'><strong>reditatem</strong></span> <span class='ocrx_word' id='word_1_475' title='bbox 449 4768 606 4822; x_wconf 90' lang='lat' dir='ltr'><strong>tuam,</strong></span> <span class='ocrx_word' id='word_1_476' title='bbox 632 4758 915 4826; x_wconf 86' lang='lat' dir='ltr'><strong>polluerunt</strong></span> <span class='ocrx_word' id='word_1_477' title='bbox 936 4758 1173 4826; x_wconf 86' lang='lat' dir='ltr'><strong>templum</strong></span> <span class='ocrx_word' id='word_1_478' title='bbox 1193 4769 1416 4811; x_wconf 85' lang='lat' dir='ltr'><strong>sanctum</strong></span> <span class='ocrx_word' id='word_1_479' title='bbox 1438 4767 1599 4811; x_wconf 86' lang='lat' dir='ltr'><strong>tuum.</strong></span> <span class='ocrx_word' id='word_1_480' title='bbox 1625 4757 1746 4811; x_wconf 68' lang='lat' dir='ltr'><strong>llsec</strong></span> 
     </span>
    </p>
   </div>
   <div class='ocr_carea' id='block_1_63' title="bbox 168 4827 1742 4897">
    <p class='ocr_par' dir='ltr' id='par_1_63' title="bbox 168 4827 1742 4897">
     <span class='ocr_line' id='line_1_63' title="bbox 168 4827 1742 4897; baseline -0.001 -16"><span class='ocrx_word' id='word_1_481' title='bbox 168 4827 444 4896; x_wconf 79' lang='lat' dir='ltr'><strong>contigere</strong></span> <span class='ocrx_word' id='word_1_482' title='bbox 473 4829 683 4896; x_wconf 88' lang='lat' dir='ltr'><strong>quidem</strong></span> <span class='ocrx_word' id='word_1_483' title='bbox 711 4827 908 4882; x_wconf 70' lang='lat' dir='ltr'><strong>Judmis</strong></span> <span class='ocrx_word' id='word_1_484' title='bbox 930 4868 946 4892; x_wconf 98' lang='lat'><strong>,</strong></span> <span class='ocrx_word' id='word_1_485' title='bbox 975 4843 1092 4880; x_wconf 91' lang='lat' dir='ltr'><strong>cum</strong></span> <span class='ocrx_word' id='word_1_486' title='bbox 1128 4827 1511 4897; x_wconf 80' lang='lat' dir='ltr'><strong>Jerosolymam</strong></span> <span class='ocrx_word' id='word_1_487' title='bbox 1544 4828 1742 4896; x_wconf 65' lang='lat' dir='ltr'><strong>Assyrii</strong></span> 
     </span>
    </p>
   </div>
   <div class='ocr_carea' id='block_1_64' title="bbox 171 4897 1743 5023">
    <p class='ocr_par' dir='ltr' id='par_1_64' title="bbox 171 4897 1743 5023">
     <span class='ocr_line' id='line_1_64' title="bbox 171 4897 1743 5023; baseline 0.001 -73"><span class='ocrx_word' id='word_1_488' title='bbox 171 4908 397 5023; x_wconf 48' lang='lat' dir='ltr'><strong>{estque</strong></span> <span class='ocrx_word' id='word_1_489' title='bbox 416 4897 537 4951; x_wconf 91' lang='lat' dir='ltr'><strong>illos</strong></span> <span class='ocrx_word' id='word_1_490' title='bbox 557 4897 887 4961; x_wconf 84' lang='lat' dir='ltr'><strong>Macedones,</strong></span> <span class='ocrx_word' id='word_1_491' title='bbox 913 4912 973 4950; x_wconf 90' lang='lat' dir='ltr'><strong>ac</strong></span> <span class='ocrx_word' id='word_1_492' title='bbox 993 4897 1203 4951; x_wconf 88' lang='lat' dir='ltr'><strong>demum</strong></span> <span class='ocrx_word' id='word_1_493' title='bbox 1229 4898 1448 4950; x_wconf 82' lang='lat' dir='ltr'><strong>Romani</strong></span> <span class='ocrx_word' id='word_1_494' title='bbox 1470 4907 1743 4978; x_wconf 85' lang='lat' dir='ltr'><strong>ceperunt.</strong></span> 
     </span>
     <span class='ocr_line' id='line_1_65' title="bbox 197 4968 1743 5023; baseline -0.001 -2"><span class='ocrx_word' id='word_1_495' title='bbox 197 4969 304 5021; x_wconf 85' lang='lat' dir='ltr'><strong>‘um</strong></span> <span class='ocrx_word' id='word_1_496' title='bbox 333 4977 510 5022; x_wconf 91' lang='lat' dir='ltr'><strong>autem</strong></span> <span class='ocrx_word' id='word_1_497' title='bbox 537 4968 868 5022; x_wconf 89' lang='lat' dir='ltr'><strong>manifestum</strong></span> <span class='ocrx_word' id='word_1_498' title='bbox 912 4968 1034 5020; x_wconf 91' lang='lat' dir='ltr'><strong>illud</strong></span> <span class='ocrx_word' id='word_1_499' title='bbox 1066 4969 1166 5023; x_wconf 90' lang='lat' dir='ltr'><strong>sit.</strong></span> <span class='ocrx_word' id='word_1_500' title='bbox 1203 4982 1300 5020; x_wconf 90' lang='lat' dir='ltr'><strong>nos</strong></span> <span class='ocrx_word' id='word_1_501' title='bbox 1328 4969 1392 5020; x_wconf 89' lang='lat' dir='ltr'><strong>ad</strong></span> <span class='ocrx_word' id='word_1_502' title='bbox 1420 4969 1743 5023; x_wconf 86' lang='lat' dir='ltr'><strong>sniritualem</strong></span> 
     </span>
    </p>
   </div>
   <div class='ocr_carea' id='block_1_65' title="bbox 197 4968 1744 5036">
    <p class='ocr_par' dir='ltr' id='par_1_65' title="bbox 197 4968 1744 5036">
     <span class='ocr_line' id='line_1_66' title="bbox 197 4968 1744 5036; baseline -0.001 -15"><span class='ocrx_word' id='word_1_503' title='bbox 197 4969 304 5021; x_wconf 73' lang='lat' dir='ltr'><strong>lum</strong></span> <span class='ocrx_word' id='word_1_504' title='bbox 333 4977 510 5022; x_wconf 91' lang='lat' dir='ltr'><strong>autem</strong></span> <span class='ocrx_word' id='word_1_505' title='bbox 537 4968 868 5022; x_wconf 89' lang='lat' dir='ltr'><strong>manifestum</strong></span> <span class='ocrx_word' id='word_1_506' title='bbox 912 4968 1034 5020; x_wconf 91' lang='lat' dir='ltr'><strong>illud</strong></span> <span class='ocrx_word' id='word_1_507' title='bbox 1066 4969 1166 5031; x_wconf 89' lang='lat' dir='ltr'><strong>sit,</strong></span> <span class='ocrx_word' id='word_1_508' title='bbox 1203 4982 1300 5020; x_wconf 90' lang='lat' dir='ltr'><strong>nos</strong></span> <span class='ocrx_word' id='word_1_509' title='bbox 1328 4969 1392 5020; x_wconf 89' lang='lat' dir='ltr'><strong>ad</strong></span> <span class='ocrx_word' id='word_1_510' title='bbox 1420 4968 1744 5036; x_wconf 87' lang='lat' dir='ltr'><strong>spiritualem</strong></span> 
     </span>
    </p>
   </div>
   <div class='ocr_carea' id='block_1_66' title="bbox 172 5037 1746 5107">
    <p class='ocr_par' dir='ltr' id='par_1_66' title="bbox 172 5037 1746 5107">
     <span class='ocr_line' id='line_1_67' title="bbox 172 5037 1746 5107; baseline -0.001 -16"><span class='ocrx_word' id='word_1_511' title='bbox 172 5053 388 5092; x_wconf 88' lang='lat' dir='ltr'><strong>sensum</strong></span> <span class='ocrx_word' id='word_1_512' title='bbox 419 5037 743 5107; x_wconf 85' lang='lat' dir='ltr'><strong>prOphetiam</strong></span> <span class='ocrx_word' id='word_1_513' title='bbox 767 5046 1052 5093; x_wconf 87' lang='lat' dir='ltr'><strong>vcrtemus.</strong></span> <span class='ocrx_word' id='word_1_514' title='bbox 1075 5038 1275 5092; x_wconf 83' lang='lat' dir='ltr'><strong>Gentes</strong></span> <span class='ocrx_word' id='word_1_515' title='bbox 1296 5038 1434 5090; x_wconf 83' lang='lat' dir='ltr'><strong>enim</strong></span> <span class='ocrx_word' id='word_1_516' title='bbox 1461 5041 1511 5090; x_wconf 91' lang='lat' dir='ltr'><strong>in</strong></span> <span class='ocrx_word' id='word_1_517' title='bbox 1535 5037 1746 5092; x_wconf 85' lang='lat' dir='ltr'><strong>Jud:eo-</strong></span> 
     </span>
    </p>
   </div>
   <div class='ocr_carea' id='block_1_67' title="bbox 174 5108 1742 5177">
    <p class='ocr_par' dir='ltr' id='par_1_67' title="bbox 174 5108 1742 5177">
     <span class='ocr_line' id='line_1_68' title="bbox 174 5108 1742 5177; baseline 0 -15"><span class='ocrx_word' id='word_1_518' title='bbox 174 5124 290 5162; x_wconf 90' lang='lat' dir='ltr'><strong>rum</strong></span> <span class='ocrx_word' id='word_1_519' title='bbox 311 5108 654 5162; x_wconf 85' lang='lat' dir='ltr'><strong>hereditatem</strong></span> <span class='ocrx_word' id='word_1_520' title='bbox 671 5118 948 5169; x_wconf 89' lang='lat' dir='ltr'><strong>venerunt,</strong></span> <span class='ocrx_word' id='word_1_521' title='bbox 971 5111 1020 5160; x_wconf 93' lang='lat' dir='ltr'><strong>in</strong></span> <span class='ocrx_word' id='word_1_522' title='bbox 1041 5109 1130 5162; x_wconf 91' lang='lat' dir='ltr'><strong>Dei</strong></span> <span class='ocrx_word' id='word_1_523' title='bbox 1151 5123 1338 5175; x_wconf 88' lang='lat' dir='ltr'><strong>nempe</strong></span> <span class='ocrx_word' id='word_1_524' title='bbox 1357 5111 1708 5177; x_wconf 80' lang='lat' dir='ltr'><strong>cognitionem</strong></span> <span class='ocrx_word' id='word_1_525' title='bbox 1729 5127 1742 5162; x_wconf 87' lang='lat'><strong>:</strong></span> 
     </span>
    </p>
   </div>
   <div class='ocr_carea' id='block_1_68' title="bbox 175 5177 1747 5250">
    <p class='ocr_par' dir='ltr' id='par_1_68' title="bbox 175 5177 1747 5250">
     <span class='ocr_line' id='line_1_69' title="bbox 175 5177 1747 5250; baseline 0.002 -21"><span class='ocrx_word' id='word_1_526' title='bbox 175 5177 502 5250; x_wconf 63' lang='lat' dir='ltr'><strong>hancquippe</strong></span> <span class='ocrx_word' id='word_1_527' title='bbox 521 5189 670 5250; x_wconf 83' lang='lat' dir='ltr'><strong>vetus</strong></span> <span class='ocrx_word' id='word_1_528' title='bbox 689 5179 948 5234; x_wconf 85' lang='lat' dir='ltr'><strong>hereditas</strong></span> <span class='ocrx_word' id='word_1_529' title='bbox 965 5179 1266 5250; x_wconf 58' lang='lat' dir='ltr'><strong>Judzeorum</strong></span> <span class='ocrx_word' id='word_1_530' title='bbox 1287 5187 1429 5242; x_wconf 90' lang='lat' dir='ltr'><strong>erat;</strong></span> <span class='ocrx_word' id='word_1_531' title='bbox 1455 5179 1524 5232; x_wconf 85' lang='lat' dir='ltr'><strong>ita</strong></span> <span class='ocrx_word' id='word_1_532' title='bbox 1543 5189 1598 5250; x_wconf 85' lang='lat' dir='ltr'><strong>ut</strong></span> <span class='ocrx_word' id='word_1_533' title='bbox 1613 5178 1747 5250; x_wconf 78' lang='lat' dir='ltr'><strong>Moy-</strong></span> 
     </span>
    </p>
   </div>
   <div class='ocr_carea' id='block_1_69' title="bbox 175 5247 1750 5318">
    <p class='ocr_par' dir='ltr' id='par_1_69' title="bbox 175 5247 1750 5318">
     <span class='ocr_line' id='line_1_70' title="bbox 175 5247 1750 5318; baseline 0 -17"><span class='ocrx_word' id='word_1_534' title='bbox 175 5263 263 5302; x_wconf 87' lang='lat' dir='ltr'><strong>ses</strong></span> <span class='ocrx_word' id='word_1_535' title='bbox 293 5247 420 5315; x_wconf 80' lang='lat' dir='ltr'><strong>ipsts</strong></span> <span class='ocrx_word' id='word_1_536' title='bbox 445 5251 494 5302; x_wconf 90' lang='lat' dir='ltr'><strong>in</strong></span> <span class='ocrx_word' id='word_1_537' title='bbox 522 5248 927 5304; x_wconf 87' lang='lat' dir='ltr'><strong>Deuteronomio</strong></span> <span class='ocrx_word' id='word_1_538' title='bbox 949 5250 1119 5303; x_wconf 81' lang='lat' dir='ltr'><strong>dicat:</strong></span> <span class='ocrx_word' id='word_1_539' title='bbox 1143 5247 1212 5300; x_wconf 88' lang='lat' dir='ltr'><strong>Te</strong></span> <span class='ocrx_word' id='word_1_540' title='bbox 1226 5257 1387 5300; x_wconf 88' lang='lat' dir='ltr'><strong>autem</strong></span> <span class='ocrx_word' id='word_1_541' title='bbox 1410 5250 1551 5318; x_wconf 81' lang='lat' dir='ltr'><strong>elegit</strong></span> <span class='ocrx_word' id='word_1_542' title='bbox 1578 5247 1750 5301; x_wconf 78' lang='lat' dir='ltr'><strong>Domi-</strong></span> 
     </span>
    </p>
   </div>
   <div class='ocr_carea' id='block_1_70' title="bbox 178 5318 1746 5390">
    <p class='ocr_par' dir='ltr' id='par_1_70' title="bbox 178 5318 1746 5390">
     <span class='ocr_line' id='line_1_71' title="bbox 178 5318 1746 5390; baseline 0.003 -22"><span class='ocrx_word' id='word_1_543' title='bbox 178 5334 272 5390; x_wconf 65' lang='lat' dir='ltr'><strong>nas</strong></span> <span class='ocrx_word' id='word_1_544' title='bbox 295 5318 430 5372; x_wconf 84' lang='lat' dir='ltr'><strong>Deus</strong></span> <span class='ocrx_word' id='word_1_545' title='bbox 455 5335 516 5372; x_wconf 75' lang='lat' dir='ltr'><strong>ex</strong></span> <span class='ocrx_word' id='word_1_546' title='bbox 534 5319 760 5373; x_wconf 85' lang='lat' dir='ltr'><strong>omnibus</strong></span> <span class='ocrx_word' id='word_1_547' title='bbox 794 5321 1019 5390; x_wconf 84' lang='lat' dir='ltr'><strong>gentibus</strong></span> <span class='ocrx_word' id='word_1_548' title='bbox 1045 5334 1156 5386; x_wconf 69' lang='lat' dir='ltr'><strong>qua:</strong></span> <span class='ocrx_word' id='word_1_549' title='bbox 1177 5318 1266 5372; x_wconf 88' lang='lat' dir='ltr'><strong>sub</strong></span> <span class='ocrx_word' id='word_1_550' title='bbox 1292 5319 1414 5372; x_wconf 78' lang='lat' dir='ltr'><strong>cwlo</strong></span> <span class='ocrx_word' id='word_1_551' title='bbox 1435 5330 1547 5372; x_wconf 83' lang='lat' dir='ltr'><strong>sunt</strong></span> <span class='ocrx_word' id='word_1_552' title='bbox 1572 5319 1746 5390; x_wconf 86' lang='lat' dir='ltr'><strong>(Deut.</strong></span> 
     </span>
    </p>
   </div>
   <div class='ocr_carea' id='block_1_71' title="bbox 179 5387 1748 5458">
    <p class='ocr_par' dir='ltr' id='par_1_71' title="bbox 179 5387 1748 5458">
     <span class='ocr_line' id='line_1_72' title="bbox 179 5387 1748 5458; baseline 0.003 -19"><span class='ocrx_word' id='word_1_553' title='bbox 179 5387 335 5458; x_wconf 84' lang='lat'><strong>7.6);</strong></span> <span class='ocrx_word' id='word_1_554' title='bbox 363 5399 486 5442; x_wconf 89' lang='lat' dir='ltr'><strong>tunc</strong></span> <span class='ocrx_word' id='word_1_555' title='bbox 505 5391 757 5457; x_wconf 89' lang='lat' dir='ltr'><strong>templum</strong></span> <span class='ocrx_word' id='word_1_556' title='bbox 778 5387 892 5458; x_wconf 76' lang='lat' dir='ltr'><strong>ejus</strong></span> <span class='ocrx_word' id='word_1_557' title='bbox 911 5399 1169 5452; x_wconf 86' lang='lat' dir='ltr'><strong>sanctum,</strong></span> <span class='ocrx_word' id='word_1_558' title='bbox 1194 5390 1335 5457; x_wconf 91' lang='lat' dir='ltr'><strong>quod</strong></span> <span class='ocrx_word' id='word_1_559' title='bbox 1360 5391 1411 5441; x_wconf 92' lang='lat' dir='ltr'><strong>in</strong></span> <span class='ocrx_word' id='word_1_560' title='bbox 1433 5387 1642 5457; x_wconf 87' lang='lat' dir='ltr'><strong>amiqua</strong></span> <span class='ocrx_word' id='word_1_561' title='bbox 1664 5389 1748 5444; x_wconf 82' lang='lat' dir='ltr'><strong>le-</strong></span> 
     </span>
    </p>
   </div>
   <div class='ocr_carea' id='block_1_72' title="bbox 179 5460 1751 5528">
    <p class='ocr_par' dir='ltr' id='par_1_72' title="bbox 179 5460 1751 5528">
     <span class='ocr_line' id='line_1_73' title="bbox 179 5460 1751 5528; baseline 0.001 -18"><span class='ocrx_word' id='word_1_562' title='bbox 179 5461 403 5512; x_wconf 85' lang='lat' dir='ltr'><strong>rusalem</strong></span> <span class='ocrx_word' id='word_1_563' title='bbox 438 5460 794 5527; x_wconf 85' lang='lat' dir='ltr'><strong>possidebant,</strong></span> <span class='ocrx_word' id='word_1_564' title='bbox 826 5461 1126 5528; x_wconf 90' lang='lat' dir='ltr'><strong>polluerunt</strong></span> <span class='ocrx_word' id='word_1_565' title='bbox 1147 5501 1162 5525; x_wconf 98' lang='lat'><strong>,</strong></span> <span class='ocrx_word' id='word_1_566' title='bbox 1191 5475 1293 5513; x_wconf 91' lang='lat' dir='ltr'><strong>non</strong></span> <span class='ocrx_word' id='word_1_567' title='bbox 1320 5461 1414 5528; x_wconf 87' lang='lat' dir='ltr'><strong>ipsi</strong></span> <span class='ocrx_word' id='word_1_568' title='bbox 1448 5462 1751 5527; x_wconf 86' lang='lat' dir='ltr'><strong>pollutionis</strong></span> 
     </span>
    </p>
   </div>
   <div class='ocr_carea' id='block_1_73' title="bbox 180 5529 1749 5598">
    <p class='ocr_par' dir='ltr' id='par_1_73' title="bbox 180 5529 1749 5598">
     <span class='ocr_line' id='line_1_74' title="bbox 180 5529 1749 5598; baseline 0.003 -20"><span class='ocrx_word' id='word_1_569' title='bbox 180 5538 421 5582; x_wconf 86' lang='lat' dir='ltr'><strong>auctores</strong></span> <span class='ocrx_word' id='word_1_570' title='bbox 450 5530 605 5595; x_wconf 88' lang='lat' dir='ltr'><strong>facti,</strong></span> <span class='ocrx_word' id='word_1_571' title='bbox 629 5529 725 5584; x_wconf 81' lang='lat' dir='ltr'><strong>sed</strong></span> <span class='ocrx_word' id='word_1_572' title='bbox 757 5530 1001 5583; x_wconf 82' lang='lat' dir='ltr'><strong>latentem</strong></span> <span class='ocrx_word' id='word_1_573' title='bbox 1031 5531 1208 5598; x_wconf 87' lang='lat' dir='ltr'><strong>templi</strong></span> <span class='ocrx_word' id='word_1_574' title='bbox 1242 5531 1582 5598; x_wconf 79' lang='lat' dir='ltr'><strong>pollutiOnem</strong></span> <span class='ocrx_word' id='word_1_575' title='bbox 1604 5571 1617 5592; x_wconf 86' lang='lat'><strong>,</strong></span> <span class='ocrx_word' id='word_1_576' title='bbox 1647 5546 1749 5598; x_wconf 90' lang='lat' dir='ltr'><strong>qua</strong></span> 
     </span>
    </p>
   </div>
   <div class='ocr_carea' id='block_1_74' title="bbox 179 5598 1748 5670">
    <p class='ocr_par' dir='ltr' id='par_1_74' title="bbox 179 5598 1748 5670">
     <span class='ocr_line' id='line_1_75' title="bbox 179 5598 1748 5670; baseline 0.002 -21"><span class='ocrx_word' id='word_1_577' title='bbox 179 5599 322 5670; x_wconf 71' lang='lat' dir='ltr'><strong>varie</strong></span> <span class='ocrx_word' id='word_1_578' title='bbox 353 5598 698 5670; x_wconf 85' lang='lat' dir='ltr'><strong>profanabant</strong></span> <span class='ocrx_word' id='word_1_579' title='bbox 726 5600 852 5670; x_wconf 80' lang='lat' dir='ltr'><strong>illud</strong></span> <span class='ocrx_word' id='word_1_580' title='bbox 883 5600 1106 5653; x_wconf 84' lang='lat' dir='ltr'><strong>ministri</strong></span> <span class='ocrx_word' id='word_1_581' title='bbox 1133 5601 1291 5667; x_wconf 83' lang='lat' dir='ltr'><strong>impie</strong></span> <span class='ocrx_word' id='word_1_582' title='bbox 1312 5610 1545 5669; x_wconf 73' lang='lat' dir='ltr'><strong>agentes,</strong></span> <span class='ocrx_word' id='word_1_583' title='bbox 1574 5601 1748 5670; x_wconf 86' lang='lat' dir='ltr'><strong>palam</strong></span> 
     </span>
    </p>
   </div>
   <div class='ocr_carea' id='block_1_75' title="bbox 181 5666 1747 5739">
    <p class='ocr_par' dir='ltr' id='par_1_75' title="bbox 181 5666 1747 5739">
     <span class='ocr_line' id='line_1_76' title="bbox 181 5666 1747 5739; baseline 0.001 -19"><span class='ocrx_word' id='word_1_584' title='bbox 181 5666 418 5739; x_wconf 81' lang='lat' dir='ltr'><strong>fecerunt</strong></span> <span class='ocrx_word' id='word_1_585' title='bbox 440 5685 453 5721; x_wconf 90' lang='lat'><strong>:</strong></span> <span class='ocrx_word' id='word_1_586' title='bbox 477 5669 920 5738; x_wconf 88' lang='lat' dir='ltr'><strong>quemadmodum</strong></span> <span class='ocrx_word' id='word_1_587' title='bbox 945 5670 1192 5724; x_wconf 88' lang='lat' dir='ltr'><strong>sacerdos</strong></span> <span class='ocrx_word' id='word_1_588' title='bbox 1207 5666 1292 5739; x_wconf 86' lang='lat' dir='ltr'><strong>qui</strong></span> <span class='ocrx_word' id='word_1_589' title='bbox 1314 5666 1525 5724; x_wconf 80' lang='lat' dir='ltr'><strong>dubiam</strong></span> <span class='ocrx_word' id='word_1_590' title='bbox 1551 5666 1747 5737; x_wconf 82' lang='lat' dir='ltr'><strong>lépram</strong></span> 
     </span>
    </p>
   </div>
   <div class='ocr_carea' id='block_1_76' title="bbox 185 5737 1747 5816">
    <p class='ocr_par' dir='ltr' id='par_1_76' title="bbox 185 5737 1747 5816">
     <span class='ocr_line' id='line_1_77' title="bbox 185 5737 1747 5816; baseline 0.003 -25"><span class='ocrx_word' id='word_1_591' title='bbox 185 5737 531 5810; x_wconf 77' lang='lat' dir='ltr'><strong>dispiciebat,</strong></span> <span class='ocrx_word' id='word_1_592' title='bbox 567 5749 618 5798; x_wconf 86' lang='lat' dir='ltr'><strong>et</strong></span> <span class='ocrx_word' id='word_1_593' title='bbox 657 5747 840 5812; x_wconf 82' lang='lat' dir='ltr'><strong>postea</strong></span> <span class='ocrx_word' id='word_1_594' title='bbox 879 5739 1121 5800; x_wconf 82' lang='lat' dir='ltr'><strong>morbum</strong></span> <span class='ocrx_word' id='word_1_595' title='bbox 1159 5737 1278 5814; x_wconf 71' lang='lat' dir='ltr'><strong>post</strong></span> <span class='ocrx_word' id='word_1_596' title='bbox 1314 5741 1747 5816; x_wconf 83' lang='lat' dir='ltr'><strong>pcrquisitiouem</strong></span> 
     </span>
    </p>
   </div>
   <div class='ocr_carea' id='block_1_77' title="bbox 1438 302 2157 361">
    <p class='ocr_par' dir='ltr' id='par_1_77' title="bbox 1438 302 2157 361">
     <span class='ocr_line' id='line_1_78' title="bbox 1438 302 2157 361; baseline 0.007 -5"><span class='ocrx_word' id='word_1_597' title='bbox 1438 303 1500 357; x_wconf 71' lang='grc' dir='ltr'><strong>ΙΝ</strong></span> <span class='ocrx_word' id='word_1_598' title='bbox 1531 302 1848 360; x_wconf 74' lang='lat' dir='ltr'><strong>PSALMUM</strong></span> <span class='ocrx_word' id='word_1_599' title='bbox 1877 303 2157 361; x_wconf 75' lang='lat' dir='ltr'><strong>LXXVIII.</strong></span> 
     </span>
    </p>
   </div>
   <div class='ocr_carea' id='block_1_78' title="bbox 3357 317 3460 372">
    <p class='ocr_par' dir='ltr' id='par_1_78' title="bbox 3357 317 3460 372">
     <span class='ocr_line' id='line_1_79' title="bbox 3357 317 3460 372; baseline 0.029 -3"><span class='ocrx_word' id='word_1_600' title='bbox 3357 317 3460 372; x_wconf 68' lang='lat'><strong>71.2</strong></span> 
     </span>
    </p>
   </div>
   <div class='ocr_carea' id='block_1_79' title="bbox 2438 418 3454 491">
    <p class='ocr_par' dir='ltr' id='par_1_79' title="bbox 2438 418 3454 491">
     <span class='ocr_line' id='line_1_80' title="bbox 2438 418 3454 491; baseline 0.017 -22"><span class='ocrx_word' id='word_1_601' title='bbox 2438 418 2672 491; x_wconf 75' lang='lat' dir='ltr'><strong>polluere</strong></span> <span class='ocrx_word' id='word_1_602' title='bbox 2712 419 2976 488; x_wconf 87' lang='lat' dir='ltr'><strong>leprosum</strong></span> <span class='ocrx_word' id='word_1_603' title='bbox 3007 423 3278 481; x_wconf 89' lang='lat' dir='ltr'><strong>dicebatur</strong></span> <span class='ocrx_word' id='word_1_604' title='bbox 3303 469 3316 491; x_wconf 92' lang='lat'><strong>,</strong></span> <span class='ocrx_word' id='word_1_605' title='bbox 3351 446 3454 486; x_wconf 89' lang='lat' dir='ltr'><strong>non</strong></span> 
     </span>
    </p>
   </div>
   <div class='ocr_carea' id='block_1_80' title="bbox 1872 485 3454 561">
    <p class='ocr_par' dir='ltr' id='par_1_80' title="bbox 1872 485 3454 561">
     <span class='ocr_line' id='line_1_81' title="bbox 1872 485 3454 561; baseline 0.013 -26"><span class='ocrx_word' id='word_1_606' title='bbox 1872 485 2012 561; x_wconf 77' lang='lat' dir='ltr'><strong>quod</strong></span> <span class='ocrx_word' id='word_1_607' title='bbox 2043 486 2154 561; x_wconf 80' lang='lat' dir='ltr'><strong>ipse</strong></span> <span class='ocrx_word' id='word_1_608' title='bbox 2182 485 2527 561; x_wconf 77' lang='lat' dir='ltr'><strong>pollutionem</strong></span> <span class='ocrx_word' id='word_1_609' title='bbox 2555 485 2827 561; x_wconf 76' lang='lat' dir='ltr'><strong>induceret</strong></span> <span class='ocrx_word' id='word_1_610' title='bbox 2857 491 2930 561; x_wconf 94' lang='lat' dir='ltr'><strong>(id</strong></span> <span class='ocrx_word' id='word_1_611' title='bbox 2959 495 3098 561; x_wconf 87' lang='lat' dir='ltr'><strong>enim</strong></span> <span class='ocrx_word' id='word_1_612' title='bbox 3125 511 3151 547; x_wconf 88' lang='lat' dir='ltr'><strong>a</strong></span> <span class='ocrx_word' id='word_1_613' title='bbox 3175 485 3454 556; x_wconf 76' lang='lat' dir='ltr'><strong>sacerdote</strong></span> 
     </span>
    </p>
   </div>
   <div class='ocr_carea' id='block_1_81' title="bbox 1871 555 3451 648">
    <p class='ocr_par' dir='ltr' id='par_1_81' title="bbox 1871 555 3451 648">
     <span class='ocr_line' id='line_1_82' title="bbox 1871 555 3451 648; baseline 0.012 -42"><span class='ocrx_word' id='word_1_614' title='bbox 1871 555 2124 648; x_wconf 70' lang='lat' dir='ltr'><strong>aiienuin)</strong></span> <span class='ocrx_word' id='word_1_615' title='bbox 2146 596 2168 648; x_wconf 39' lang='lat'><strong>,1</strong></span> <span class='ocrx_word' id='word_1_616' title='bbox 2175 555 2287 648; x_wconf 50' lang='grc' dir='ltr'><strong>ἕξει</strong></span> <span class='ocrx_word' id='word_1_617' title='bbox 2329 557 2468 625; x_wconf 90' lang='lat' dir='ltr'><strong>quod</strong></span> <span class='ocrx_word' id='word_1_618' title='bbox 2487 573 2620 648; x_wconf 42' lang='lat' dir='ltr'><strong>‘vlere</strong></span> <span class='ocrx_word' id='word_1_619' title='bbox 2647 555 2915 648; x_wconf 43' lang='lat' dir='ltr'><strong>l&#39;eprosu&#39;m</strong></span> <span class='ocrx_word' id='word_1_620' title='bbox 2941 560 3234 648; x_wconf 57' lang='lat' dir='ltr'><strong>declararet</strong></span> <span class='ocrx_word' id='word_1_621' title='bbox 3265 584 3276 620; x_wconf 94' lang='lat'>:</span> <span class='ocrx_word' id='word_1_622' title='bbox 3313 555 3451 648; x_wconf 84' lang='lat' dir='ltr'><strong>quod</strong></span> 
     </span>
    </p>
   </div>
   <div class='ocr_carea' id='block_1_82' title="bbox 1870 624 3451 708">
    <p class='ocr_par' dir='ltr' id='par_1_82' title="bbox 1870 624 3451 708">
     <span class='ocr_line' id='line_1_83' title="bbox 1870 624 3451 708; baseline 0.009 -32"><span class='ocrx_word' id='word_1_623' title='bbox 1870 625 2030 708; x_wconf 62' lang='lat' dir='ltr'><strong>etiam</strong></span> <span class='ocrx_word' id='word_1_624' title='bbox 2069 624 2266 708; x_wconf 72' lang='lat' dir='ltr'><strong>Judaeis</strong></span> <span class='ocrx_word' id='word_1_625' title='bbox 2307 624 2624 708; x_wconf 72' lang='lat' dir='ltr'><strong>agentibus</strong></span> <span class='ocrx_word' id='word_1_626' title='bbox 2654 624 2848 684; x_wconf 77' lang='lat' dir='ltr'><strong>factum</strong></span> <span class='ocrx_word' id='word_1_627' title='bbox 2888 641 2987 708; x_wconf 79' lang='lat' dir='ltr'><strong>est.</strong></span> <span class='ocrx_word' id='word_1_628' title='bbox 3031 624 3451 708; x_wconf 75' lang='lat' dir='ltr'><strong>florumquippe</strong></span> 
     </span>
    </p>
   </div>
   <div class='ocr_carea' id='block_1_83' title="bbox 1865 695 3448 773">
    <p class='ocr_par' dir='ltr' id='par_1_83' title="bbox 1865 695 3448 773">
     <span class='ocr_line' id='line_1_84' title="bbox 1865 695 3448 773; baseline 0.013 -29"><span class='ocrx_word' id='word_1_629' title='bbox 1865 695 2174 773; x_wconf 78' lang='lat' dir='ltr'><strong>justificatio</strong></span> <span class='ocrx_word' id='word_1_630' title='bbox 2200 695 2319 773; x_wconf 80' lang='lat' dir='ltr'><strong>illos</strong></span> <span class='ocrx_word' id='word_1_631' title='bbox 2346 695 2673 773; x_wconf 69' lang='lat' dir='ltr'><strong>profanavit,</strong></span> <span class='ocrx_word' id='word_1_632' title='bbox 2705 715 2768 754; x_wconf 84' lang='lat' dir='ltr'><strong>ac</strong></span> <span class='ocrx_word' id='word_1_633' title='bbox 2797 703 2992 773; x_wconf 75' lang='lat' dir='ltr'><strong>veteris</strong></span> <span class='ocrx_word' id='word_1_634' title='bbox 3021 705 3201 773; x_wconf 91' lang='lat' dir='ltr'><strong>populi</strong></span> <span class='ocrx_word' id='word_1_635' title='bbox 3233 695 3448 764; x_wconf 64' lang='lat' dir='ltr'><strong>idolist</strong></span> 
     </span>
    </p>
   </div>
   <div class='ocr_carea' id='block_1_84' title="bbox 1867 765 3447 884">
    <p class='ocr_par' dir='ltr' id='par_1_84' title="bbox 1867 765 3447 884">
     <span class='ocr_line' id='line_1_85' title="bbox 1867 765 3447 884; baseline 0.011 -69"><span class='ocrx_word' id='word_1_636' title='bbox 1867 765 2140 884; x_wconf 66' lang='lat' dir='ltr'><strong>quentiam</strong></span> <span class='ocrx_word' id='word_1_637' title='bbox 2186 769 2304 820; x_wconf 88' lang='lat' dir='ltr'><strong>novi</strong></span> <span class='ocrx_word' id='word_1_638' title='bbox 2354 769 2692 837; x_wconf 86' lang='lat' dir='ltr'><strong>obsequentia</strong></span> <span class='ocrx_word' id='word_1_639' title='bbox 2741 765 3114 827; x_wconf 55' lang='lat' dir='ltr'><strong>manifestavit&#39;.</strong></span> <span class='ocrx_word' id='word_1_640' title='bbox 3161 773 3447 834; x_wconf 74' lang='lat' dir='ltr'><strong>Posuerunt</strong></span> 
     </span>
     <span class='ocr_line' id='line_1_86' title="bbox 1905 836 3444 884; baseline 0 0"><span class='ocrx_word' id='word_1_641' title='bbox 1905 836 2152 884; x_wconf 70' lang='lat' dir='ltr'><strong>crinalem</strong></span> <span class='ocrx_word' id='word_1_642' title='bbox 2189 837 2241 884; x_wconf 82' lang='lat' dir='ltr'><strong>in</strong></span> <span class='ocrx_word' id='word_1_643' title='bbox 2277 854 2532 884; x_wconf 81' lang='lat' dir='ltr'><strong>nonmrum</strong></span> <span class='ocrx_word' id='word_1_644' title='bbox 2559 840 2854 884; x_wconf 61' lang='lat' dir='ltr'><strong>citstndimn</strong></span> <span class='ocrx_word' id='word_1_645' title='bbox 2896 839 3002 884; x_wconf 76' lang='lat' dir='ltr'><strong>Cur</strong></span> <span class='ocrx_word' id='word_1_646' title='bbox 3085 842 3144 884; x_wconf 77' lang='lat' dir='ltr'><strong>In</strong></span> <span class='ocrx_word' id='word_1_647' title='bbox 3183 862 3444 884; x_wconf 74' lang='grc' dir='ltr'><strong>ιηηηιηνηηι</strong></span> 
     </span>
    </p>
   </div>
   <div class='ocr_carea' id='block_1_85' title="bbox 1905 836 3446 913">
    <p class='ocr_par' dir='ltr' id='par_1_85' title="bbox 1905 836 3446 913">
     <span class='ocr_line' id='line_1_87' title="bbox 1905 836 3446 913; baseline 0.01 -27"><span class='ocrx_word' id='word_1_648' title='bbox 1905 836 2532 913; x_wconf 30' lang='lat' dir='ltr'><strong>erusalem‘in‘pomorum</strong></span> <span class='ocrx_word' id='word_1_649' title='bbox 2559 840 2855 913; x_wconf 83' lang='lat' dir='ltr'><strong>custodiam.</strong></span> <span class='ocrx_word' id='word_1_650' title='bbox 2896 839 3039 909; x_wconf 89' lang='lat' dir='ltr'><strong>Cur,</strong></span> <span class='ocrx_word' id='word_1_651' title='bbox 3078 842 3146 898; x_wconf 88' lang='lat' dir='ltr'><strong>In</strong></span> <span class='ocrx_word' id='word_1_652' title='bbox 3182 862 3446 913; x_wconf 83' lang='lat' dir='ltr'><strong>pomorum</strong></span> 
     </span>
    </p>
   </div>
   <div class='ocr_carea' id='block_1_86' title="bbox 1863 905 3443 982">
    <p class='ocr_par' dir='ltr' id='par_1_86' title="bbox 1863 905 3443 982">
     <span class='ocr_line' id='line_1_88' title="bbox 1863 905 3443 982; baseline 0.011 -27"><span class='ocrx_word' id='word_1_653' title='bbox 1863 905 2182 982; x_wconf 83' lang='lat' dir='ltr'><strong>custodiam?</strong></span> <span class='ocrx_word' id='word_1_654' title='bbox 2225 905 2358 982; x_wconf 84' lang='lat' dir='ltr'><strong>Quia</strong></span> <span class='ocrx_word' id='word_1_655' title='bbox 2398 909 2636 982; x_wconf 81' lang='lat' dir='ltr'><strong>spiritum</strong></span> <span class='ocrx_word' id='word_1_656' title='bbox 2668 909 2798 979; x_wconf 85' lang='lat' dir='ltr'><strong>legis</strong></span> <span class='ocrx_word' id='word_1_657' title='bbox 2827 920 2879 965; x_wconf 91' lang='lat' dir='ltr'><strong>et</strong></span> <span class='ocrx_word' id='word_1_658' title='bbox 2896 905 3287 982; x_wconf 72' lang='lat' dir='ltr'><strong>prophetarum</strong></span> <span class='ocrx_word' id='word_1_659' title='bbox 3322 933 3443 974; x_wconf 91' lang='lat' dir='ltr'><strong>cum</strong></span> 
     </span>
    </p>
   </div>
   <div class='ocr_carea' id='block_1_87' title="bbox 1866 976 3441 1053">
    <p class='ocr_par' dir='ltr' id='par_1_87' title="bbox 1866 976 3441 1053">
     <span class='ocr_line' id='line_1_89' title="bbox 1866 976 3441 1053; baseline 0.011 -28"><span class='ocrx_word' id='word_1_660' title='bbox 1866 976 2214 1053; x_wconf 64' lang='lat' dir='ltr'><strong>accepissent,</strong></span> <span class='ocrx_word' id='word_1_661' title='bbox 2243 977 2392 1053; x_wconf 70' lang='lat' dir='ltr'><strong>solos</strong></span> <span class='ocrx_word' id='word_1_662' title='bbox 2412 976 2864 1053; x_wconf 77' lang='lat' dir='ltr'><strong>sibi__r_eli_quérunt</strong></span> <span class='ocrx_word' id='word_1_663' title='bbox 2887 976 3086 1037; x_wconf 80' lang='lat' dir='ltr'><strong>fructus</strong></span> <span class='ocrx_word' id='word_1_664' title='bbox 3105 989 3441 1043; x_wconf 85' lang='lat' dir='ltr'><strong>autuinuales</strong></span> 
     </span>
    </p>
   </div>
   <div class='ocr_carea' id='block_1_88' title="bbox 1864 1041 3439 1111">
    <p class='ocr_par' dir='ltr' id='par_1_88' title="bbox 1864 1041 3439 1111">
     <span class='ocr_line' id='line_1_90' title="bbox 1864 1041 3439 1111; baseline 0.01 -16"><span class='ocrx_word' id='word_1_665' title='bbox 1864 1041 2035 1098; x_wconf 75' lang='lat' dir='ltr'><strong>literae</strong></span> <span class='ocrx_word' id='word_1_666' title='bbox 2072 1047 2465 1102; x_wconf 88' lang='lat' dir='ltr'><strong>custodiendos.</strong></span> <span class='ocrx_word' id='word_1_667' title='bbox 2509 1041 2856 1105; x_wconf 63' lang='lat' dir='ltr'><strong>Illud&#39;autem</strong></span> <span class='ocrx_word' id='word_1_668' title='bbox 2899 1069 3002 1107; x_wconf 92' lang='lat' dir='ltr'><strong>non</strong></span> <span class='ocrx_word' id='word_1_669' title='bbox 3035 1053 3102 1109; x_wconf 90' lang='lat' dir='ltr'><strong>ab</strong></span> <span class='ocrx_word' id='word_1_670' title='bbox 3137 1041 3439 1111; x_wconf 76' lang='lat' dir='ltr'><strong>hominibus</strong></span> 
     </span>
    </p>
   </div>
   <div class='ocr_carea' id='block_1_89' title="bbox 1866 1113 3439 1182">
    <p class='ocr_par' dir='ltr' id='par_1_89' title="bbox 1866 1113 3439 1182">
     <span class='ocr_line' id='line_1_91' title="bbox 1866 1113 3439 1182; baseline 0.01 -16"><span class='ocrx_word' id='word_1_671' title='bbox 1866 1113 2414 1181; x_wconf 85' lang='lat' dir='ltr'><strong>proticiscebatur,sed</strong></span> <span class='ocrx_word' id='word_1_672' title='bbox 2433 1133 2460 1168; x_wconf 92' lang='lat' dir='ltr'><strong>a</strong></span> <span class='ocrx_word' id='word_1_673' title='bbox 2478 1117 2587 1172; x_wconf 89' lang='lat' dir='ltr'><strong>Deo</strong></span> <span class='ocrx_word' id='word_1_674' title='bbox 2603 1120 2809 1176; x_wconf 87' lang='lat' dir='ltr'><strong>volente</strong></span> <span class='ocrx_word' id='word_1_675' title='bbox 2825 1122 3202 1178; x_wconf 89' lang='lat' dir='ltr'><strong>demonstratio</strong></span> <span class='ocrx_word' id='word_1_676' title='bbox 3211 1141 3302 1180; x_wconf 89' lang='lat' dir='ltr'><strong>nes</strong></span> <span class='ocrx_word' id='word_1_677' title='bbox 3319 1125 3439 1182; x_wconf 90' lang='lat' dir='ltr'><strong>fidei</strong></span> 
     </span>
    </p>
   </div>
   <div class='ocr_carea' id='block_1_90' title="bbox 1863 1186 3436 1252">
    <p class='ocr_par' dir='ltr' id='par_1_90' title="bbox 1863 1186 3436 1252">
     <span class='ocr_line' id='line_1_92' title="bbox 1863 1186 3436 1252; baseline 0.01 -16"><span class='ocrx_word' id='word_1_678' title='bbox 1863 1193 2058 1238; x_wconf 64' lang='lat' dir='ltr'><strong>nostra)</strong></span> <span class='ocrx_word' id='word_1_679' title='bbox 2090 1186 2158 1240; x_wconf 87' lang='lat' dir='ltr'><strong>ab</strong></span> <span class='ocrx_word' id='word_1_680' title='bbox 2193 1189 2418 1241; x_wconf 80' lang='lat' dir='ltr'><strong>inimicis</strong></span> <span class='ocrx_word' id='word_1_681' title='bbox 2446 1191 2665 1244; x_wconf 88' lang='lat' dir='ltr'><strong>servari.</strong></span> <span class='ocrx_word' id='word_1_682' title='bbox 2709 1189 2932 1246; x_wconf 83' lang='lat' dir='ltr'><strong>Fructus</strong></span> <span class='ocrx_word' id='word_1_683' title='bbox 2959 1210 3086 1248; x_wconf 89' lang='lat' dir='ltr'><strong>vero</strong></span> <span class='ocrx_word' id='word_1_684' title='bbox 3115 1198 3436 1252; x_wconf 83' lang='lat' dir='ltr'><strong>autumnalis</strong></span> 
     </span>
    </p>
   </div>
   <div class='ocr_carea' id='block_1_91' title="bbox 1861 1255 3432 1334">
    <p class='ocr_par' dir='ltr' id='par_1_91' title="bbox 1861 1255 3432 1334">
     <span class='ocr_line' id='line_1_93' title="bbox 1861 1255 3432 1334; baseline 0.01 -28"><span class='ocrx_word' id='word_1_685' title='bbox 1861 1263 1944 1334; x_wconf 76' lang='lat' dir='ltr'><strong>est</strong></span> <span class='ocrx_word' id='word_1_686' title='bbox 1972 1255 2156 1334; x_wconf 81' lang='lat' dir='ltr'><strong>litera,_</strong></span> <span class='ocrx_word' id='word_1_687' title='bbox 2174 1272 2239 1310; x_wconf 87' lang='lat' dir='ltr'><strong>eo</strong></span> <span class='ocrx_word' id='word_1_688' title='bbox 2260 1258 2398 1334; x_wconf 77' lang='lat' dir='ltr'><strong>quod</strong></span> <span class='ocrx_word' id='word_1_689' title='bbox 2425 1272 2525 1311; x_wconf 90' lang='lat' dir='ltr'><strong>non</strong></span> <span class='ocrx_word' id='word_1_690' title='bbox 2554 1274 2884 1334; x_wconf 75' lang='lat' dir='ltr'><strong>germanum,</strong></span> <span class='ocrx_word' id='word_1_691' title='bbox 2911 1263 3002 1318; x_wconf 90' lang='lat' dir='ltr'><strong>sed</strong></span> <span class='ocrx_word' id='word_1_692' title='bbox 3036 1273 3432 1334; x_wconf 89' lang='lat' dir='ltr'><strong>temporaneum</strong></span> 
     </span>
    </p>
   </div>
   <div class='ocr_carea' id='block_1_92' title="bbox 1860 1323 3436 1395">
    <p class='ocr_par' dir='ltr' id='par_1_92' title="bbox 1860 1323 3436 1395">
     <span class='ocr_line' id='line_1_94' title="bbox 1860 1323 3436 1395; baseline 0.01 -19"><span class='ocrx_word' id='word_1_693' title='bbox 1860 1323 2194 1380; x_wconf 89' lang='lat' dir='ltr'><strong>solummodo</strong></span> <span class='ocrx_word' id='word_1_694' title='bbox 2230 1323 2406 1380; x_wconf 87' lang='lat' dir='ltr'><strong>cibum</strong></span> <span class='ocrx_word' id='word_1_695' title='bbox 2454 1323 2704 1395; x_wconf 78' lang='lat' dir='ltr'><strong>proferat.</strong></span> <span class='ocrx_word' id='word_1_696' title='bbox 2747 1330 2800 1383; x_wconf 87' lang='lat'><strong>2.</strong></span> <span class='ocrx_word' id='word_1_697' title='bbox 2837 1323 3436 1391; x_wconf 60' lang='lat' dir='ltr'><strong>Posuerunt&#39;morticina</strong></span> 
     </span>
    </p>
   </div>
   <div class='ocr_carea' id='block_1_93' title="bbox 1857 1399 3435 1467">
    <p class='ocr_par' dir='ltr' id='par_1_93' title="bbox 1857 1399 3435 1467">
     <span class='ocr_line' id='line_1_95' title="bbox 1857 1399 3435 1467; baseline 0.01 -21"><span class='ocrx_word' id='word_1_698' title='bbox 1857 1409 2114 1448; x_wconf 79' lang='lat' dir='ltr'><strong>servorum</strong></span> <span class='ocrx_word' id='word_1_699' title='bbox 2141 1407 2340 1467; x_wconf 81' lang='lat' dir='ltr'><strong>tuorum</strong></span> <span class='ocrx_word' id='word_1_700' title='bbox 2367 1415 2506 1452; x_wconf 85' lang='lat' dir='ltr'><strong>escas</strong></span> <span class='ocrx_word' id='word_1_701' title='bbox 2542 1399 2821 1454; x_wconf 81' lang='lat' dir='ltr'><strong>volatilibus</strong></span> <span class='ocrx_word' id='word_1_702' title='bbox 2851 1403 2961 1456; x_wconf 75' lang='grc' dir='ltr'><strong>ειυιὶ</strong></span> <span class='ocrx_word' id='word_1_703' title='bbox 2982 1445 2996 1467; x_wconf 88' lang='grc'><em>,</em></span> <span class='ocrx_word' id='word_1_704' title='bbox 3031 1421 3204 1460; x_wconf 83' lang='lat' dir='ltr'><strong>carnes</strong></span> <span class='ocrx_word' id='word_1_705' title='bbox 3231 1417 3435 1461; x_wconf 87' lang='lat' dir='ltr'><strong>sancto-</strong></span> 
     </span>
    </p>
   </div>
   <div class='ocr_carea' id='block_1_94' title="bbox 1857 1466 3432 1543">
    <p class='ocr_par' dir='ltr' id='par_1_94' title="bbox 1857 1466 3432 1543">
     <span class='ocr_line' id='line_1_96' title="bbox 1857 1466 3432 1543; baseline 0.01 -28"><span class='ocrx_word' id='word_1_706' title='bbox 1857 1479 1970 1543; x_wconf 57' lang='lat' dir='ltr'><strong>:rtin</strong></span> <span class='ocrx_word' id='word_1_707' title='bbox 1999 1477 2196 1543; x_wconf 79' lang='lat' dir='ltr'><strong>tuorum</strong></span> <span class='ocrx_word' id='word_1_708' title='bbox 2225 1466 2390 1543; x_wconf 80' lang='lat' dir='ltr'><strong>bestiis</strong></span> <span class='ocrx_word' id='word_1_709' title='bbox 2413 1478 2576 1521; x_wconf 66' lang='lat' dir='ltr'><strong>terrae.</strong></span> <span class='ocrx_word' id='word_1_710' title='bbox 2609 1469 2850 1524; x_wconf 84' lang='lat' dir='ltr'><strong>Volatilia</strong></span> <span class='ocrx_word' id='word_1_711' title='bbox 2881 1466 2992 1526; x_wconf 67' lang='lat' dir='ltr'><strong>caeli</strong></span> <span class='ocrx_word' id='word_1_712' title='bbox 3026 1490 3168 1543; x_wconf 82' lang='lat' dir='ltr'><strong>sa-pe</strong></span> <span class='ocrx_word' id='word_1_713' title='bbox 3195 1491 3223 1527; x_wconf 89' lang='lat' dir='ltr'><strong>a</strong></span> <span class='ocrx_word' id='word_1_714' title='bbox 3255 1475 3432 1532; x_wconf 89' lang='lat' dir='ltr'><strong>divina</strong></span> 
     </span>
    </p>
   </div>
   <div class='ocr_carea' id='block_1_95' title="bbox 1856 1532 3428 1612">
    <p class='ocr_par' dir='ltr' id='par_1_95' title="bbox 1856 1532 3428 1612">
     <span class='ocr_line' id='line_1_97' title="bbox 1856 1532 3428 1612; baseline 0.009 -25"><span class='ocrx_word' id='word_1_715' title='bbox 1856 1532 2130 1612; x_wconf 67' lang='lat' dir='ltr'><strong>scriptura</strong></span> <span class='ocrx_word' id='word_1_716' title='bbox 2159 1537 2210 1590; x_wconf 94' lang='lat' dir='ltr'><strong>in</strong></span> <span class='ocrx_word' id='word_1_717' title='bbox 2245 1539 2435 1612; x_wconf 85' lang='lat' dir='ltr'><strong>malam</strong></span> <span class='ocrx_word' id='word_1_718' title='bbox 2467 1548 2669 1612; x_wconf 87' lang='lat' dir='ltr'><strong>partem</strong></span> <span class='ocrx_word' id='word_1_719' title='bbox 2699 1543 3048 1612; x_wconf 88' lang='lat' dir='ltr'><strong>accipiuntur.</strong></span> <span class='ocrx_word' id='word_1_720' title='bbox 3091 1532 3143 1598; x_wconf 60' lang='lat' dir='ltr'><strong>l&#39;d</strong></span> <span class='ocrx_word' id='word_1_721' title='bbox 3177 1560 3302 1600; x_wconf 90' lang='lat' dir='ltr'><strong>vero</strong></span> <span class='ocrx_word' id='word_1_722' title='bbox 3331 1546 3428 1600; x_wconf 82' lang='lat' dir='ltr'><strong>de-</strong></span> 
     </span>
    </p>
   </div>
   <div class='ocr_carea' id='block_1_96' title="bbox 1855 1603 3430 1684">
    <p class='ocr_par' dir='ltr' id='par_1_96' title="bbox 1855 1603 3430 1684">
     <span class='ocr_line' id='line_1_98' title="bbox 1855 1603 3430 1684; baseline 0.008 -26"><span class='ocrx_word' id='word_1_723' title='bbox 1855 1603 2024 1684; x_wconf 81' lang='lat' dir='ltr'><strong>clarat</strong></span> <span class='ocrx_word' id='word_1_724' title='bbox 2059 1606 2350 1684; x_wconf 75' lang='lat' dir='ltr'><strong>Pharaonis</strong></span> <span class='ocrx_word' id='word_1_725' title='bbox 2382 1603 2632 1684; x_wconf 74' lang='lat' dir='ltr'><strong>panarius</strong></span> <span class='ocrx_word' id='word_1_726' title='bbox 2673 1603 2904 1684; x_wconf 49' lang='lat' dir='ltr'><strong>proni-us,</strong></span> <span class='ocrx_word' id='word_1_727' title='bbox 2943 1614 3030 1682; x_wconf 91' lang='lat' dir='ltr'><strong>qui</strong></span> <span class='ocrx_word' id='word_1_728' title='bbox 3070 1623 3341 1684; x_wconf 88' lang='lat' dir='ltr'><strong>postquam</strong></span> <span class='ocrx_word' id='word_1_729' title='bbox 3380 1617 3430 1670; x_wconf 87' lang='lat' dir='ltr'><strong>in</strong></span> 
     </span>
    </p>
   </div>
   <div class='ocr_carea' id='block_1_97' title="bbox 1854 1677 3428 1754">
    <p class='ocr_par' dir='ltr' id='par_1_97' title="bbox 1854 1677 3428 1754">
     <span class='ocr_line' id='line_1_99' title="bbox 1854 1677 3428 1754; baseline 0.008 -27"><span class='ocrx_word' id='word_1_730' title='bbox 1854 1677 2056 1730; x_wconf 88' lang='lat' dir='ltr'><strong>somnis</strong></span> <span class='ocrx_word' id='word_1_731' title='bbox 2079 1677 2216 1754; x_wconf 73' lang='lat' dir='ltr'><strong>vidit</strong></span> <span class='ocrx_word' id='word_1_732' title='bbox 2234 1678 2463 1754; x_wconf 79' lang='lat' dir='ltr'><strong>volatilia</strong></span> <span class='ocrx_word' id='word_1_733' title='bbox 2490 1680 2601 1754; x_wconf 64' lang='lat' dir='ltr'><strong>cadi</strong></span> <span class='ocrx_word' id='word_1_734' title='bbox 2625 1677 2906 1754; x_wconf 83' lang='lat' dir='ltr'><strong>comedere</strong></span> <span class='ocrx_word' id='word_1_735' title='bbox 2933 1677 3093 1752; x_wconf 80' lang='lat' dir='ltr'><strong>panes</strong></span> <span class='ocrx_word' id='word_1_736' title='bbox 3117 1677 3250 1754; x_wconf 78' lang='lat' dir='ltr'><strong>quos</strong></span> <span class='ocrx_word' id='word_1_737' title='bbox 3271 1701 3428 1754; x_wconf 88' lang='lat' dir='ltr'><strong>supra</strong></span> 
     </span>
    </p>
   </div>
   <div class='ocr_carea' id='block_1_98' title="bbox 1852 1748 3426 1816">
    <p class='ocr_par' dir='ltr' id='par_1_98' title="bbox 1852 1748 3426 1816">
     <span class='ocr_line' id='line_1_100' title="bbox 1852 1748 3426 1816; baseline 0.009 -20"><span class='ocrx_word' id='word_1_738' title='bbox 1852 1754 2010 1813; x_wconf 89' lang='lat' dir='ltr'><strong>caput</strong></span> <span class='ocrx_word' id='word_1_739' title='bbox 2053 1748 2292 1816; x_wconf 80' lang='lat' dir='ltr'><strong>gestabat</strong></span> <span class='ocrx_word' id='word_1_740' title='bbox 2317 1788 2330 1809; x_wconf 89' lang='lat'><strong>,</strong></span> <span class='ocrx_word' id='word_1_741' title='bbox 2362 1749 2429 1801; x_wconf 91' lang='lat' dir='ltr'><strong>de</strong></span> <span class='ocrx_word' id='word_1_742' title='bbox 2468 1750 2640 1816; x_wconf 85' lang='lat' dir='ltr'><strong>capite</strong></span> <span class='ocrx_word' id='word_1_743' title='bbox 2681 1751 2778 1804; x_wconf 88' lang='lat' dir='ltr'><strong>sibi</strong></span> <span class='ocrx_word' id='word_1_744' title='bbox 2831 1748 3426 1810; x_wconf 60' lang='lat' dir='ltr'><strong>trmic..ndo&#39;somnium</strong></span> 
     </span>
    </p>
   </div>
   <div class='ocr_carea' id='block_1_99' title="bbox 1847 1817 3429 1891">
    <p class='ocr_par' dir='ltr' id='par_1_99' title="bbox 1847 1817 3429 1891">
     <span class='ocr_line' id='line_1_101' title="bbox 1847 1817 3429 1891; baseline 0.007 -23"><span class='ocrx_word' id='word_1_745' title='bbox 1847 1817 2062 1891; x_wconf 75' lang='lat' dir='ltr'><strong>.e_sse_ab_</strong></span> <span class='ocrx_word' id='word_1_746' title='bbox 2081 1819 2366 1885; x_wconf 87' lang='lat' dir='ltr'><strong>interprete</strong></span> <span class='ocrx_word' id='word_1_747' title='bbox 2385 1818 2570 1891; x_wconf 87' lang='lat' dir='ltr'><strong>didicit</strong></span> <span class='ocrx_word' id='word_1_748' title='bbox 2599 1817 2746 1890; x_wconf 82' lang='lat' dir='ltr'><strong>(Cen.</strong></span> <span class='ocrx_word' id='word_1_749' title='bbox 2773 1821 2863 1876; x_wconf 64' lang='grc' dir='ltr'><strong>ἆυ.</strong></span> <span class='ocrx_word' id='word_1_750' title='bbox 2891 1823 3100 1891; x_wconf 84' lang='lat' dir='ltr'><strong>l6-I9).</strong></span> <span class='ocrx_word' id='word_1_751' title='bbox 3125 1822 3218 1878; x_wconf 85' lang='lat' dir='ltr'><strong>His</strong></span> <span class='ocrx_word' id='word_1_752' title='bbox 3244 1824 3429 1878; x_wconf 83' lang='lat' dir='ltr'><strong>Eccle-</strong></span> 
     </span>
    </p>
   </div>
   <div class='ocr_carea' id='block_1_100' title="bbox 1852 1885 3424 1961">
    <p class='ocr_par' dir='ltr' id='par_1_100' title="bbox 1852 1885 3424 1961">
     <span class='ocr_line' id='line_1_102' title="bbox 1852 1885 3424 1961; baseline 0.008 -25"><span class='ocrx_word' id='word_1_753' title='bbox 1852 1885 1927 1961; x_wconf 84' lang='lat' dir='ltr'><strong>_sia</strong></span> <span class='ocrx_word' id='word_1_754' title='bbox 1964 1885 2268 1961; x_wconf 80' lang='lat' dir='ltr'><strong>._l_uda:orum</strong></span> <span class='ocrx_word' id='word_1_755' title='bbox 2308 1889 2580 1941; x_wconf 88' lang='lat' dir='ltr'><strong>morticina</strong></span> <span class='ocrx_word' id='word_1_756' title='bbox 2608 1885 2660 1942; x_wconf 89' lang='lat' dir='ltr'><strong>in</strong></span> <span class='ocrx_word' id='word_1_757' title='bbox 2686 1906 2862 1943; x_wconf 90' lang='lat' dir='ltr'><strong>escam</strong></span> <span class='ocrx_word' id='word_1_758' title='bbox 2895 1892 3041 1946; x_wconf 90' lang='lat' dir='ltr'><strong>dedit</strong></span> <span class='ocrx_word' id='word_1_759' title='bbox 3063 1885 3084 1947; x_wconf 75' lang='grc' dir='ltr'>ἐ</span> <span class='ocrx_word' id='word_1_760' title='bbox 3116 1896 3238 1961; x_wconf 91' lang='lat' dir='ltr'><strong>quin</strong></span> <span class='ocrx_word' id='word_1_761' title='bbox 3266 1895 3424 1949; x_wconf 81' lang='lat' dir='ltr'><strong>etiam</strong></span> 
     </span>
    </p>
   </div>
   <div class='ocr_carea' id='block_1_101' title="bbox 1850 1951 3429 2018">
    <p class='ocr_par' dir='ltr' id='par_1_101' title="bbox 1850 1951 3429 2018">
     <span class='ocr_line' id='line_1_103' title="bbox 1850 1951 3429 2018; baseline 0.007 -12"><span class='ocrx_word' id='word_1_762' title='bbox 1850 1951 2033 2008; x_wconf 86' lang='lat' dir='ltr'><strong>bestiis</strong></span> <span class='ocrx_word' id='word_1_763' title='bbox 2056 1965 2211 2010; x_wconf 79' lang='lat' dir='ltr'><strong>terra:</strong></span> <span class='ocrx_word' id='word_1_764' title='bbox 2235 1971 2422 2010; x_wconf 90' lang='lat' dir='ltr'><strong>carnes</strong></span> <span class='ocrx_word' id='word_1_765' title='bbox 2441 1969 2763 2012; x_wconf 89' lang='lat' dir='ltr'><strong>sanctorum.</strong></span> <span class='ocrx_word' id='word_1_766' title='bbox 2791 1963 2881 2012; x_wconf 74' lang='lat' dir='ltr'><strong>Ila:</strong></span> <span class='ocrx_word' id='word_1_767' title='bbox 2901 1970 3076 2015; x_wconf 85' lang='lat' dir='ltr'><strong>autem</strong></span> <span class='ocrx_word' id='word_1_768' title='bbox 3103 1951 3284 2016; x_wconf 73' lang='lat' dir='ltr'><strong>bestia:</strong></span> <span class='ocrx_word' id='word_1_769' title='bbox 3305 1973 3429 2018; x_wconf 87' lang='lat' dir='ltr'><strong>sunt</strong></span> 
     </span>
    </p>
   </div>
   <div class='ocr_carea' id='block_1_102' title="bbox 1849 2025 3424 2096">
    <p class='ocr_par' dir='ltr' id='par_1_102' title="bbox 1849 2025 3424 2096">
     <span class='ocr_line' id='line_1_104' title="bbox 1849 2025 3424 2096; baseline 0.005 -20"><span class='ocrx_word' id='word_1_770' title='bbox 1849 2025 2094 2096; x_wconf 71' lang='lat' dir='ltr'><strong>maligna:</strong></span> <span class='ocrx_word' id='word_1_771' title='bbox 2122 2034 2409 2096; x_wconf 89' lang='lat' dir='ltr'><strong>potestates</strong></span> <span class='ocrx_word' id='word_1_772' title='bbox 2434 2069 2448 2091; x_wconf 94' lang='lat'><strong>,</strong></span> <span class='ocrx_word' id='word_1_773' title='bbox 2477 2027 2920 2096; x_wconf 85' lang='lat' dir='ltr'><strong>quemadmodum</strong></span> <span class='ocrx_word' id='word_1_774' title='bbox 2952 2030 3111 2085; x_wconf 85' lang='lat' dir='ltr'><strong>Isaias</strong></span> <span class='ocrx_word' id='word_1_775' title='bbox 3150 2032 3290 2086; x_wconf 88' lang='lat' dir='ltr'><strong>clare</strong></span> <span class='ocrx_word' id='word_1_776' title='bbox 3326 2050 3424 2086; x_wconf 85' lang='lat' dir='ltr'><strong>no-</strong></span> 
     </span>
    </p>
   </div>
   <div class='ocr_carea' id='block_1_103' title="bbox 1849 2092 3428 2168">
    <p class='ocr_par' dir='ltr' id='par_1_103' title="bbox 1849 2092 3428 2168">
     <span class='ocr_line' id='line_1_105' title="bbox 1849 2092 3428 2168; baseline 0.006 -21"><span class='ocrx_word' id='word_1_777' title='bbox 1849 2092 1929 2168; x_wconf 84' lang='lat' dir='ltr'><strong>bis</strong></span> <span class='ocrx_word' id='word_1_778' title='bbox 1958 2092 2196 2168; x_wconf 76' lang='lat' dir='ltr'><strong>narravit</strong></span> <span class='ocrx_word' id='word_1_779' title='bbox 2226 2114 2238 2150; x_wconf 92' lang='lat'>:</span> <span class='ocrx_word' id='word_1_780' title='bbox 2268 2092 2519 2168; x_wconf 17' lang='lat' dir='ltr'><strong>aitieni&#39;n&#39;i</strong></span> <span class='ocrx_word' id='word_1_781' title='bbox 2550 2097 2616 2152; x_wconf 92' lang='lat' dir='ltr'><strong>de</strong></span> <span class='ocrx_word' id='word_1_782' title='bbox 2641 2098 2942 2168; x_wconf 78' lang='lat' dir='ltr'><strong>Babylone,</strong></span> <span class='ocrx_word' id='word_1_783' title='bbox 2974 2099 3297 2168; x_wconf 84' lang='lat' dir='ltr'><strong>Requiescent</strong></span> <span class='ocrx_word' id='word_1_784' title='bbox 3321 2105 3428 2157; x_wconf 87' lang='lat' dir='ltr'><strong>illic</strong></span> 
     </span>
    </p>
   </div>
   <div class='ocr_carea' id='block_1_104' title="bbox 1847 2164 3424 2240">
    <p class='ocr_par' dir='ltr' id='par_1_104' title="bbox 1847 2164 3424 2240">
     <span class='ocr_line' id='line_1_106' title="bbox 1847 2164 3424 2240; baseline 0.005 -24"><span class='ocrx_word' id='word_1_785' title='bbox 1847 2164 2014 2218; x_wconf 82' lang='lat' dir='ltr'><strong>bestia:</strong></span> <span class='ocrx_word' id='word_1_786' title='bbox 2041 2181 2061 2220; x_wconf 92' lang='lat'><strong><em>:</em></strong></span> <span class='ocrx_word' id='word_1_787' title='bbox 2084 2181 2339 2240; x_wconf 76' lang='lat' dir='ltr'><strong>quamam</strong></span> <span class='ocrx_word' id='word_1_788' title='bbox 2353 2167 2566 2240; x_wconf 66' lang='lat' dir='ltr'><strong>haesiut</strong></span> <span class='ocrx_word' id='word_1_789' title='bbox 2589 2164 2781 2240; x_wconf 78' lang='lat' dir='ltr'><strong>adjecit</strong></span> <span class='ocrx_word' id='word_1_790' title='bbox 2801 2187 2820 2240; x_wconf 14' lang='grc' dir='ltr'><strong>εγ</strong></span> <span class='ocrx_word' id='word_1_791' title='bbox 2842 2168 2905 2240; x_wconf 71' lang='lat' dir='ltr'><strong>I_§t</strong></span> <span class='ocrx_word' id='word_1_792' title='bbox 2931 2164 3234 2240; x_wconf 73' lang='lat' dir='ltr'><strong>requiescant</strong></span> <span class='ocrx_word' id='word_1_793' title='bbox 3259 2171 3327 2225; x_wconf 89' lang='lat' dir='ltr'><strong>ibi</strong></span> <span class='ocrx_word' id='word_1_794' title='bbox 3351 2175 3424 2226; x_wconf 87' lang='lat' dir='ltr'><strong>si—</strong></span> 
     </span>
    </p>
   </div>
   <div class='ocr_carea' id='block_1_105' title="bbox 1845 2235 3417 2314">
    <p class='ocr_par' dir='ltr' id='par_1_105' title="bbox 1845 2235 3417 2314">
     <span class='ocr_line' id='line_1_107' title="bbox 1845 2235 3417 2314; baseline 0.007 -29"><span class='ocrx_word' id='word_1_795' title='bbox 1845 2249 1988 2288; x_wconf 89' lang='lat' dir='ltr'><strong>renes</strong></span> <span class='ocrx_word' id='word_1_796' title='bbox 2009 2276 2026 2300; x_wconf 93' lang='lat'><strong>,</strong></span> <span class='ocrx_word' id='word_1_797' title='bbox 2054 2235 2376 2314; x_wconf 53' lang='lat' dir='ltr'><strong>etdwnwnia</strong></span> <span class='ocrx_word' id='word_1_798' title='bbox 2395 2237 2500 2290; x_wconf 89' lang='lat' dir='ltr'><strong>illic</strong></span> <span class='ocrx_word' id='word_1_799' title='bbox 2528 2239 2778 2314; x_wconf 67' lang='lat' dir='ltr'><strong>saltabant</strong></span> <span class='ocrx_word' id='word_1_800' title='bbox 2804 2239 2821 2303; x_wconf 90' lang='lat'><strong>(</strong></span> <span class='ocrx_word' id='word_1_801' title='bbox 2843 2236 2970 2291; x_wconf 86' lang='lat' dir='ltr'><strong>Isai.</strong></span> <span class='ocrx_word' id='word_1_802' title='bbox 2997 2235 3086 2294; x_wconf 64' lang='grc'><strong>15.</strong></span> <span class='ocrx_word' id='word_1_803' title='bbox 3117 2241 3178 2294; x_wconf 88' lang='lat' dir='ltr'><strong>2i</strong></span> <span class='ocrx_word' id='word_1_804' title='bbox 3206 2239 3260 2314; x_wconf 69' lang='grc' dir='ltr'><strong>).Δ</strong></span> <span class='ocrx_word' id='word_1_805' title='bbox 3279 2241 3417 2314; x_wconf 84' lang='lat' dir='ltr'><strong>Nihil</strong></span> 
     </span>
    </p>
   </div>
   <div class='ocr_carea' id='block_1_106' title="bbox 1849 2305 3422 2379">
    <p class='ocr_par' dir='ltr' id='par_1_106' title="bbox 1849 2305 3422 2379">
     <span class='ocr_line' id='line_1_108' title="bbox 1849 2305 3422 2379; baseline 0.004 -22"><span class='ocrx_word' id='word_1_806' title='bbox 1849 2318 2010 2371; x_wconf 87' lang='lat' dir='ltr'><strong>porro</strong></span> <span class='ocrx_word' id='word_1_807' title='bbox 2045 2305 2243 2359; x_wconf 90' lang='lat' dir='ltr'><strong>mirum</strong></span> <span class='ocrx_word' id='word_1_808' title='bbox 2265 2313 2347 2359; x_wconf 85' lang='lat' dir='ltr'><strong>est</strong></span> <span class='ocrx_word' id='word_1_809' title='bbox 2363 2305 2507 2379; x_wconf 84' lang='lat' dir='ltr'><strong>ipsos</strong></span> <span class='ocrx_word' id='word_1_810' title='bbox 2523 2305 2701 2379; x_wconf 80' lang='lat' dir='ltr'><strong>vocari</strong></span> <span class='ocrx_word' id='word_1_811' title='bbox 2722 2317 2904 2379; x_wconf 80' lang='lat' dir='ltr'><strong>servos</strong></span> <span class='ocrx_word' id='word_1_812' title='bbox 2929 2322 2944 2358; x_wconf 88' lang='lat'>:</span> <span class='ocrx_word' id='word_1_813' title='bbox 2965 2323 3152 2364; x_wconf 90' lang='lat' dir='ltr'><strong>servus</strong></span> <span class='ocrx_word' id='word_1_814' title='bbox 3178 2305 3316 2364; x_wconf 75' lang='lat' dir='ltr'><strong>enim</strong></span> <span class='ocrx_word' id='word_1_815' title='bbox 3349 2313 3422 2379; x_wconf 88' lang='lat' dir='ltr'><strong>pi-</strong></span> 
     </span>
    </p>
   </div>
   <div class='ocr_carea' id='block_1_107' title="bbox 1843 2374 3415 2496">
    <p class='ocr_par' dir='ltr' id='par_1_107' title="bbox 1843 2374 3415 2496">
     <span class='ocr_line' id='line_1_109' title="bbox 1881 2374 3415 2448; baseline 0.006 -22"><span class='ocrx_word' id='word_1_816' title='bbox 1881 2389 1938 2427; x_wconf 90' lang='lat' dir='ltr'><strong>er</strong></span> <span class='ocrx_word' id='word_1_817' title='bbox 1972 2382 2028 2428; x_wconf 90' lang='lat' dir='ltr'><strong>et</strong></span> <span class='ocrx_word' id='word_1_818' title='bbox 2065 2389 2290 2443; x_wconf 86' lang='lat' dir='ltr'><strong>nequam</strong></span> <span class='ocrx_word' id='word_1_819' title='bbox 2320 2374 2606 2428; x_wconf 86' lang='lat' dir='ltr'><strong>voeabatur</strong></span> <span class='ocrx_word' id='word_1_820' title='bbox 2647 2375 2692 2429; x_wconf 91' lang='lat' dir='ltr'><strong>is</strong></span> <span class='ocrx_word' id='word_1_821' title='bbox 2730 2376 2816 2442; x_wconf 92' lang='lat' dir='ltr'><strong>qui</strong></span> <span class='ocrx_word' id='word_1_822' title='bbox 2861 2379 3141 2448; x_wconf 82' lang='lat' dir='ltr'><strong>imaginem</strong></span> <span class='ocrx_word' id='word_1_823' title='bbox 3182 2374 3415 2436; x_wconf 75' lang='lat' dir='ltr'><strong>IiSOl‘tllll</strong></span> 
     </span>
     <span class='ocr_line' id='line_1_110' title="bbox 1843 2388 3415 2496; baseline 0 0"><span class='ocrx_word' id='word_1_824' title='bbox 1843 2388 2089 2496; x_wconf 49' lang='lat' dir='ltr'><strong>ferebat.</strong></span> <span class='ocrx_word' id='word_1_825' title='bbox 2129 2454 2182 2496; x_wconf 92' lang='lat' dir='ltr'><strong>et</strong></span> <span class='ocrx_word' id='word_1_826' title='bbox 2220 2445 2306 2496; x_wconf 88' lang='lat' dir='ltr'><strong>aui</strong></span> <span class='ocrx_word' id='word_1_827' title='bbox 2353 2444 2604 2496; x_wconf 89' lang='lat' dir='ltr'><strong>talentum</strong></span> <span class='ocrx_word' id='word_1_828' title='bbox 2642 2445 2914 2496; x_wconf 91' lang='lat' dir='ltr'><strong>abscondit</strong></span> <span class='ocrx_word' id='word_1_829' title='bbox 2948 2464 2961 2496; x_wconf 90' lang='lat'><strong>:</strong></span> <span class='ocrx_word' id='word_1_830' title='bbox 2992 2447 3080 2496; x_wconf 87' lang='lat' dir='ltr'><strong>aui</strong></span> <span class='ocrx_word' id='word_1_831' title='bbox 3118 2448 3160 2496; x_wconf 88' lang='lat' dir='ltr'><strong>si</strong></span> <span class='ocrx_word' id='word_1_832' title='bbox 3200 2397 3415 2496; x_wconf 64' lang='lat' dir='ltr'><strong>inissent</strong></span> 
     </span>
    </p>
   </div>
   <div class='ocr_carea' id='block_1_108' title="bbox 1868 2397 3422 2515">
    <p class='ocr_par' dir='ltr' id='par_1_108' title="bbox 1868 2397 3422 2515">
     <span class='ocr_line' id='line_1_111' title="bbox 1868 2397 3415 2448; baseline 0.006 -22"><span class='ocrx_word' id='word_1_833' title='bbox 1868 2397 1938 2440; x_wconf 66' lang='grc' dir='ltr'><strong>ιω*</strong></span> <span class='ocrx_word' id='word_1_834' title='bbox 1972 2397 2028 2428; x_wconf 76' lang='lat' dir='ltr'><strong>et</strong></span> <span class='ocrx_word' id='word_1_835' title='bbox 2065 2397 2290 2443; x_wconf 74' lang='lat' dir='ltr'><strong>nequam</strong></span> <span class='ocrx_word' id='word_1_836' title='bbox 2323 2397 2606 2428; x_wconf 79' lang='lat' dir='ltr'><strong>vucauutul&#39;</strong></span> <span class='ocrx_word' id='word_1_837' title='bbox 2647 2397 2692 2429; x_wconf 80' lang='lat' dir='ltr'><strong>ts</strong></span> <span class='ocrx_word' id='word_1_838' title='bbox 2730 2397 2816 2442; x_wconf 84' lang='lat' dir='ltr'><strong>qut</strong></span> <span class='ocrx_word' id='word_1_839' title='bbox 2862 2397 3141 2448; x_wconf 73' lang='lat' dir='ltr'><strong>Imaginem</strong></span> <span class='ocrx_word' id='word_1_840' title='bbox 3182 2397 3415 2436; x_wconf 77' lang='lat' dir='ltr'><strong>IiSOl&#39;tltll</strong></span> 
     </span>
     <span class='ocr_line' id='line_1_112' title="bbox 1868 2397 3422 2515; baseline 0.005 -18"><span class='ocrx_word' id='word_1_841' title='bbox 1868 2443 2089 2515; x_wconf 87' lang='lat' dir='ltr'><strong>&#39;erebat,</strong></span> <span class='ocrx_word' id='word_1_842' title='bbox 2129 2454 2182 2497; x_wconf 91' lang='lat' dir='ltr'><strong>et</strong></span> <span class='ocrx_word' id='word_1_843' title='bbox 2220 2445 2306 2515; x_wconf 91' lang='lat' dir='ltr'><strong>qui</strong></span> <span class='ocrx_word' id='word_1_844' title='bbox 2353 2444 2604 2498; x_wconf 88' lang='lat' dir='ltr'><strong>talentum</strong></span> <span class='ocrx_word' id='word_1_845' title='bbox 2642 2445 2914 2515; x_wconf 89' lang='lat' dir='ltr'><strong>abscondit</strong></span> <span class='ocrx_word' id='word_1_846' title='bbox 2948 2464 2961 2500; x_wconf 91' lang='lat'><strong>:</strong></span> <span class='ocrx_word' id='word_1_847' title='bbox 2992 2447 3081 2515; x_wconf 92' lang='lat' dir='ltr'><strong>qui</strong></span> <span class='ocrx_word' id='word_1_848' title='bbox 3118 2448 3161 2503; x_wconf 93' lang='lat' dir='ltr'><strong>si</strong></span> <span class='ocrx_word' id='word_1_849' title='bbox 3199 2397 3422 2505; x_wconf 69' lang='lat' dir='ltr'><strong>inissent</strong></span> 
     </span>
    </p>
   </div>
   <div class='ocr_carea' id='block_1_109' title="bbox 1845 2513 3420 2588">
    <p class='ocr_par' dir='ltr' id='par_1_109' title="bbox 1845 2513 3420 2588">
     <span class='ocr_line' id='line_1_113' title="bbox 1845 2513 3420 2588; baseline 0.004 -20"><span class='ocrx_word' id='word_1_850' title='bbox 1845 2513 1993 2578; x_wconf 89' lang='lat' dir='ltr'><strong>boni,</strong></span> <span class='ocrx_word' id='word_1_851' title='bbox 2022 2530 2133 2588; x_wconf 83' lang='lat' dir='ltr'><strong>non</strong></span> <span class='ocrx_word' id='word_1_852' title='bbox 2155 2514 2452 2588; x_wconf 72' lang='lat' dir='ltr'><strong>moriicina,</strong></span> <span class='ocrx_word' id='word_1_853' title='bbox 2483 2529 2671 2588; x_wconf 66' lang='lat' dir='ltr'><strong>nempe</strong></span> <span class='ocrx_word' id='word_1_854' title='bbox 2699 2514 2940 2588; x_wconf 82' lang='lat' dir='ltr'><strong>sordidas</strong></span> <span class='ocrx_word' id='word_1_855' title='bbox 2965 2513 3332 2588; x_wconf 77' lang='lat' dir='ltr'><strong>cegitationes.</strong></span> <span class='ocrx_word' id='word_1_856' title='bbox 3366 2530 3420 2574; x_wconf 89' lang='lat' dir='ltr'><strong>et</strong></span> 
     </span>
    </p>
   </div>
   <div class='ocr_carea' id='block_1_110' title="bbox 1845 2584 3422 2651">
    <p class='ocr_par' dir='ltr' id='par_1_110' title="bbox 1845 2584 3422 2651">
     <span class='ocr_line' id='line_1_114' title="bbox 1845 2584 3422 2651; baseline 0.005 -15"><span class='ocrx_word' id='word_1_857' title='bbox 1845 2597 2005 2651; x_wconf 89' lang='lat' dir='ltr'><strong>opera</strong></span> <span class='ocrx_word' id='word_1_858' title='bbox 2033 2585 2204 2650; x_wconf 85' lang='lat' dir='ltr'><strong>mala,</strong></span> <span class='ocrx_word' id='word_1_859' title='bbox 2227 2584 2586 2639; x_wconf 75' lang='lat' dir='ltr'><strong>adinisiSsent.</strong></span> <span class='ocrx_word' id='word_1_860' title='bbox 2618 2584 2768 2650; x_wconf 85' lang='lat' dir='ltr'><strong>Quod</strong></span> <span class='ocrx_word' id='word_1_861' title='bbox 2798 2585 2842 2638; x_wconf 91' lang='lat' dir='ltr'><strong>si</strong></span> <span class='ocrx_word' id='word_1_862' title='bbox 2871 2584 3272 2643; x_wconf 55' lang='lat' dir='ltr'><strong>etiam&#39;sanctos</strong></span> <span class='ocrx_word' id='word_1_863' title='bbox 3301 2590 3422 2644; x_wconf 87' lang='lat' dir='ltr'><strong>illos</strong></span> 
     </span>
    </p>
   </div>
   <div class='ocr_carea' id='block_1_111' title="bbox 1843 2653 3416 2726">
    <p class='ocr_par' dir='ltr' id='par_1_111' title="bbox 1843 2653 3416 2726">
     <span class='ocr_line' id='line_1_115' title="bbox 1843 2653 3416 2726; baseline 0.006 -20"><span class='ocrx_word' id='word_1_864' title='bbox 1843 2653 2152 2726; x_wconf 80' lang='lat' dir='ltr'><strong>appellavit,</strong></span> <span class='ocrx_word' id='word_1_865' title='bbox 2180 2669 2283 2726; x_wconf 84' lang='lat' dir='ltr'><strong>non</strong></span> <span class='ocrx_word' id='word_1_866' title='bbox 2304 2669 2465 2724; x_wconf 90' lang='lat' dir='ltr'><strong>opere</strong></span> <span class='ocrx_word' id='word_1_867' title='bbox 2489 2665 2722 2726; x_wconf 87' lang='lat' dir='ltr'><strong>sanctos,</strong></span> <span class='ocrx_word' id='word_1_868' title='bbox 2753 2655 2844 2726; x_wconf 89' lang='lat' dir='ltr'><strong>sed</strong></span> <span class='ocrx_word' id='word_1_869' title='bbox 2868 2659 3224 2726; x_wconf 89' lang='lat' dir='ltr'><strong>appellatione</strong></span> <span class='ocrx_word' id='word_1_870' title='bbox 3247 2659 3378 2713; x_wconf 80' lang='lat' dir='ltr'><strong>dixit</strong></span> <span class='ocrx_word' id='word_1_871' title='bbox 3402 2676 3416 2715; x_wconf 76' lang='grc' dir='ltr'>ε</span> 
     </span>
    </p>
   </div>
   <div class='ocr_carea' id='block_1_112' title="bbox 1845 2723 3420 2798">
    <p class='ocr_par' dir='ltr' id='par_1_112' title="bbox 1845 2723 3420 2798">
     <span class='ocr_line' id='line_1_116' title="bbox 1845 2723 3420 2798; baseline 0.005 -22"><span class='ocrx_word' id='word_1_872' title='bbox 1845 2723 2289 2798; x_wconf 86' lang='lat' dir='ltr'><strong>quemadmodum</strong></span> <span class='ocrx_word' id='word_1_873' title='bbox 2330 2723 2384 2778; x_wconf 89' lang='lat' dir='ltr'><strong>et</strong></span> <span class='ocrx_word' id='word_1_874' title='bbox 2411 2723 3090 2798; x_wconf 10' lang='lat' dir='ltr'><strong>ipseudoprophetas&#39;i&#39;sazpe</strong></span> <span class='ocrx_word' id='word_1_875' title='bbox 3133 2729 3420 2798; x_wconf 89' lang='lat' dir='ltr'><strong>prophetas</strong></span> 
     </span>
    </p>
   </div>
   <div class='ocr_carea' id='block_1_113' title="bbox 1845 2795 3420 2866">
    <p class='ocr_par' dir='ltr' id='par_1_113' title="bbox 1845 2795 3420 2866">
     <span class='ocr_line' id='line_1_117' title="bbox 1845 2795 3420 2866; baseline 0.006 -22"><span class='ocrx_word' id='word_1_876' title='bbox 1845 2803 2016 2858; x_wconf 89' lang='lat' dir='ltr'><strong>vocat,</strong></span> <span class='ocrx_word' id='word_1_877' title='bbox 2036 2795 2254 2866; x_wconf 86' lang='lat' dir='ltr'><strong>etiamsi</strong></span> <span class='ocrx_word' id='word_1_878' title='bbox 2281 2796 2494 2866; x_wconf 89' lang='lat' dir='ltr'><strong>nomine</strong></span> <span class='ocrx_word' id='word_1_879' title='bbox 2521 2795 2614 2850; x_wconf 89' lang='lat' dir='ltr'><strong>Dei</strong></span> <span class='ocrx_word' id='word_1_880' title='bbox 2641 2810 2745 2849; x_wconf 91' lang='lat' dir='ltr'><strong>non</strong></span> <span class='ocrx_word' id='word_1_881' title='bbox 2774 2795 3107 2866; x_wconf 83' lang='lat' dir='ltr'><strong>prophetent,</strong></span> <span class='ocrx_word' id='word_1_882' title='bbox 3133 2795 3187 2851; x_wconf 77' lang='lat' dir='ltr'><strong>et</strong></span> <span class='ocrx_word' id='word_1_883' title='bbox 3209 2795 3420 2853; x_wconf 83' lang='lat' dir='ltr'><strong>sanctos</strong></span> 
     </span>
    </p>
   </div>
   <div class='ocr_carea' id='block_1_114' title="bbox 1843 2865 3417 2934">
    <p class='ocr_par' dir='ltr' id='par_1_114' title="bbox 1843 2865 3417 2934">
     <span class='ocr_line' id='line_1_118' title="bbox 1843 2865 3417 2934; baseline 0.002 -15"><span class='ocrx_word' id='word_1_884' title='bbox 1843 2878 1938 2919; x_wconf 86' lang='lat' dir='ltr'><strong>eos</strong></span> <span class='ocrx_word' id='word_1_885' title='bbox 1959 2865 2049 2934; x_wconf 90' lang='lat' dir='ltr'><strong>qui</strong></span> <span class='ocrx_word' id='word_1_886' title='bbox 2070 2865 2485 2934; x_wconf 80' lang='lat' dir='ltr'><strong>sanctificatione</strong></span> <span class='ocrx_word' id='word_1_887' title='bbox 2504 2865 2648 2920; x_wconf 89' lang='lat' dir='ltr'><strong>uncti</strong></span> <span class='ocrx_word' id='word_1_888' title='bbox 2669 2865 2810 2931; x_wconf 90' lang='lat' dir='ltr'><strong>sunt,</strong></span> <span class='ocrx_word' id='word_1_889' title='bbox 2830 2865 2929 2921; x_wconf 85' lang='lat' dir='ltr'><strong>etsi</strong></span> <span class='ocrx_word' id='word_1_890' title='bbox 2950 2868 3417 2924; x_wconf 86' lang='lat' dir='ltr'><strong>sanctificationem</strong></span> 
     </span>
    </p>
   </div>
   <div class='ocr_carea' id='block_1_115' title="bbox 1845 2933 3416 3009">
    <p class='ocr_par' dir='ltr' id='par_1_115' title="bbox 1845 2933 3416 3009">
     <span class='ocr_line' id='line_1_119' title="bbox 1845 2933 3416 3009; baseline 0.004 -21"><span class='ocrx_word' id='word_1_891' title='bbox 1845 2949 1950 3009; x_wconf 77' lang='lat' dir='ltr'><strong>non</strong></span> <span class='ocrx_word' id='word_1_892' title='bbox 1978 2933 2223 3009; x_wconf 83' lang='lat' dir='ltr'><strong>servent.</strong></span> <span class='ocrx_word' id='word_1_893' title='bbox 2267 2933 2618 3009; x_wconf 70' lang='lat' dir='ltr'><strong>Quamobrem</strong></span> <span class='ocrx_word' id='word_1_894' title='bbox 2659 2937 3073 3009; x_wconf 83' lang='lat' dir='ltr'><strong>cumvisionem</strong></span> <span class='ocrx_word' id='word_1_895' title='bbox 3109 2953 3294 2993; x_wconf 90' lang='lat' dir='ltr'><strong>eorum</strong></span> <span class='ocrx_word' id='word_1_896' title='bbox 3329 2941 3416 3009; x_wconf 92' lang='lat' dir='ltr'><strong>qui</strong></span> 
     </span>
    </p>
   </div>
   <div class='ocr_carea' id='block_1_116' title="bbox 1842 3004 3416 3078">
    <p class='ocr_par' dir='ltr' id='par_1_116' title="bbox 1842 3004 3416 3078">
     <span class='ocr_line' id='line_1_120' title="bbox 1842 3004 3416 3078; baseline 0.003 -19"><span class='ocrx_word' id='word_1_897' title='bbox 1842 3004 2148 3078; x_wconf 11' lang='lat' dir='ltr'><strong>Jerusalem,</strong></span> <span class='ocrx_word' id='word_1_898' title='bbox 2184 3005 2518 3078; x_wconf 82' lang='lat' dir='ltr'><strong>perdiderant</strong></span> <span class='ocrx_word' id='word_1_899' title='bbox 2560 3006 2802 3078; x_wconf 85' lang='lat' dir='ltr'><strong>Ezechiel</strong></span> <span class='ocrx_word' id='word_1_900' title='bbox 2831 3007 3074 3078; x_wconf 85' lang='lat' dir='ltr'><strong>videret,</strong></span> <span class='ocrx_word' id='word_1_901' title='bbox 3105 3004 3416 3078; x_wconf 81' lang='lat' dir='ltr'><strong>hujusmodi</strong></span> 
     </span>
    </p>
   </div>
   <div class='ocr_carea' id='block_1_117' title="bbox 1843 3074 3418 3144">
    <p class='ocr_par' dir='ltr' id='par_1_117' title="bbox 1843 3074 3418 3144">
     <span class='ocr_line' id='line_1_121' title="bbox 1843 3074 3418 3144; baseline 0.003 -16"><span class='ocrx_word' id='word_1_902' title='bbox 1843 3075 2005 3130; x_wconf 89' lang='lat' dir='ltr'><strong>verba</strong></span> <span class='ocrx_word' id='word_1_903' title='bbox 2032 3074 2249 3140; x_wconf 84' lang='lat' dir='ltr'><strong>audivit,</strong></span> <span class='ocrx_word' id='word_1_904' title='bbox 2278 3075 2383 3129; x_wconf 90' lang='lat' dir='ltr'><strong>Deo</strong></span> <span class='ocrx_word' id='word_1_905' title='bbox 2411 3076 2507 3144; x_wconf 89' lang='lat' dir='ltr'><strong>ipsi</strong></span> <span class='ocrx_word' id='word_1_906' title='bbox 2534 3075 2802 3131; x_wconf 89' lang='lat' dir='ltr'><strong>oraculum</strong></span> <span class='ocrx_word' id='word_1_907' title='bbox 2825 3077 3015 3133; x_wconf 90' lang='lat' dir='ltr'><strong>edente</strong></span> <span class='ocrx_word' id='word_1_908' title='bbox 3043 3074 3065 3132; x_wconf 33' lang='lat'><strong>:&#39;</strong></span> <span class='ocrx_word' id='word_1_909' title='bbox 3085 3077 3166 3131; x_wconf 89' lang='lat' dir='ltr'><strong>Ne</strong></span> <span class='ocrx_word' id='word_1_910' title='bbox 3185 3074 3418 3134; x_wconf 80' lang='lat' dir='ltr'><strong>iniserea-</strong></span> 
     </span>
    </p>
   </div>
   <div class='ocr_carea' id='block_1_118' title="bbox 1843 3145 3418 3217">
    <p class='ocr_par' dir='ltr' id='par_1_118' title="bbox 1843 3145 3418 3217">
     <span class='ocr_line' id='line_1_122' title="bbox 1843 3145 3418 3217; baseline 0.003 -20"><span class='ocrx_word' id='word_1_911' title='bbox 1843 3146 1970 3198; x_wconf 85' lang='lat' dir='ltr'><strong>mini</strong></span> <span class='ocrx_word' id='word_1_912' title='bbox 1994 3147 2124 3199; x_wconf 85' lang='lat' dir='ltr'><strong>senis</strong></span> <span class='ocrx_word' id='word_1_913' title='bbox 2149 3153 2197 3200; x_wconf 81' lang='lat' dir='ltr'><strong>st</strong></span> <span class='ocrx_word' id='word_1_914' title='bbox 2225 3145 2549 3200; x_wconf 81' lang='lat' dir='ltr'><strong>adolescentis</strong></span> <span class='ocrx_word' id='word_1_915' title='bbox 2575 3156 2620 3200; x_wconf 92' lang='lat' dir='ltr'><strong>et</strong></span> <span class='ocrx_word' id='word_1_916' title='bbox 2649 3147 2853 3217; x_wconf 81' lang='lat' dir='ltr'><strong>virginis</strong></span> <span class='ocrx_word' id='word_1_917' title='bbox 2875 3188 2891 3214; x_wconf 91' lang='lat'><strong>,</strong></span> <span class='ocrx_word' id='word_1_918' title='bbox 2924 3149 3073 3202; x_wconf 88' lang='lat' dir='ltr'><strong>etiam</strong></span> <span class='ocrx_word' id='word_1_919' title='bbox 3099 3151 3341 3214; x_wconf 79' lang='lat' dir='ltr'><strong>infantem</strong></span> <span class='ocrx_word' id='word_1_920' title='bbox 3370 3161 3418 3203; x_wconf 80' lang='lat' dir='ltr'><strong>et</strong></span> 
     </span>
    </p>
   </div>
   <div class='ocr_carea' id='block_1_119' title="bbox 1843 3217 3419 3274">
    <p class='ocr_par' dir='ltr' id='par_1_119' title="bbox 1843 3217 3419 3274">
     <span class='ocr_line' id='line_1_123' title="bbox 1843 3217 3419 3274; baseline 0.004 -7"><span class='ocrx_word' id='word_1_921' title='bbox 1843 3217 2070 3270; x_wconf 87' lang='lat' dir='ltr'><strong>mulieres</strong></span> <span class='ocrx_word' id='word_1_922' title='bbox 2092 3217 2301 3269; x_wconf 88' lang='lat' dir='ltr'><strong>occidite</strong></span> <span class='ocrx_word' id='word_1_923' title='bbox 2327 3217 2394 3268; x_wconf 88' lang='lat' dir='ltr'><strong>ad</strong></span> <span class='ocrx_word' id='word_1_924' title='bbox 2419 3217 2822 3270; x_wconf 81' lang='lat' dir='ltr'><strong>internecionem.</strong></span> <span class='ocrx_word' id='word_1_925' title='bbox 2849 3218 2928 3271; x_wconf 84' lang='lat' dir='ltr'><strong>Ad</strong></span> <span class='ocrx_word' id='word_1_926' title='bbox 2954 3235 3036 3273; x_wconf 84' lang='lat' dir='ltr'><strong>eos</strong></span> <span class='ocrx_word' id='word_1_927' title='bbox 3061 3229 3226 3272; x_wconf 86' lang='lat' dir='ltr'><strong>autem</strong></span> <span class='ocrx_word' id='word_1_928' title='bbox 3249 3235 3419 3274; x_wconf 83' lang='lat' dir='ltr'><strong>omnes</strong></span> 
     </span>
    </p>
   </div>
   <div class='ocr_carea' id='block_1_120' title="bbox 1841 3287 3418 3358">
    <p class='ocr_par' dir='ltr' id='par_1_120' title="bbox 1841 3287 3418 3358">
     <span class='ocr_line' id='line_1_124' title="bbox 1841 3287 3418 3358; baseline 0.002 -18"><span class='ocrx_word' id='word_1_929' title='bbox 1841 3303 1992 3356; x_wconf 86' lang='lat' dir='ltr'><strong>super</strong></span> <span class='ocrx_word' id='word_1_930' title='bbox 2023 3304 2147 3355; x_wconf 89' lang='lat' dir='ltr'><strong>quos</strong></span> <span class='ocrx_word' id='word_1_931' title='bbox 2182 3287 2491 3358; x_wconf 81' lang='lat' dir='ltr'><strong>est_signum</strong></span> <span class='ocrx_word' id='word_1_932' title='bbox 2525 3303 2587 3358; x_wconf 81' lang='lat' dir='ltr'><strong>ne</strong></span> <span class='ocrx_word' id='word_1_933' title='bbox 2621 3289 3067 3358; x_wconf 85' lang='lat' dir='ltr'><strong>appropinquetis;</strong></span> <span class='ocrx_word' id='word_1_934' title='bbox 3105 3299 3150 3342; x_wconf 90' lang='lat' dir='ltr'><strong>et</strong></span> <span class='ocrx_word' id='word_1_935' title='bbox 3175 3306 3207 3342; x_wconf 81' lang='grc' dir='ltr'><em>α</em></span> <span class='ocrx_word' id='word_1_936' title='bbox 3233 3293 3418 3343; x_wconf 81' lang='lat' dir='ltr'><strong>sanctis</strong></span> 
     </span>
    </p>
   </div>
   <div class='ocr_carea' id='block_1_121' title="bbox 1843 3355 3415 3428">
    <p class='ocr_par' dir='ltr' id='par_1_121' title="bbox 1843 3355 3415 3428">
     <span class='ocr_line' id='line_1_125' title="bbox 1843 3355 3415 3428; baseline 0.004 -21"><span class='ocrx_word' id='word_1_937' title='bbox 1843 3355 1963 3410; x_wconf 77' lang='lat' dir='ltr'><strong>meis</strong></span> <span class='ocrx_word' id='word_1_938' title='bbox 1987 3359 2190 3426; x_wconf 83' lang='lat' dir='ltr'><strong>incipite</strong></span> <span class='ocrx_word' id='word_1_939' title='bbox 2218 3355 2427 3427; x_wconf 76' lang='lat' dir='ltr'><strong>(Ezech.</strong></span> <span class='ocrx_word' id='word_1_940' title='bbox 2451 3355 2503 3411; x_wconf 89' lang='lat'><strong>9.</strong></span> <span class='ocrx_word' id='word_1_941' title='bbox 2527 3357 2581 3428; x_wconf 84' lang='grc'><strong>6)</strong></span> <span class='ocrx_word' id='word_1_942' title='bbox 2605 3373 2621 3411; x_wconf 88' lang='lat'><strong>:</strong></span> <span class='ocrx_word' id='word_1_943' title='bbox 2644 3355 2762 3427; x_wconf 86' lang='lat' dir='ltr'><strong>quia</strong></span> <span class='ocrx_word' id='word_1_944' title='bbox 2785 3355 2964 3428; x_wconf 78' lang='lat' dir='ltr'><strong>specie</strong></span> <span class='ocrx_word' id='word_1_945' title='bbox 2994 3368 3199 3428; x_wconf 87' lang='lat' dir='ltr'><strong>tantum</strong></span> <span class='ocrx_word' id='word_1_946' title='bbox 3225 3361 3415 3424; x_wconf 82' lang='lat' dir='ltr'><strong>saneti,</strong></span> 
     </span>
    </p>
   </div>
   <div class='ocr_carea' id='block_1_122' title="bbox 1843 3427 3418 3496">
    <p class='ocr_par' dir='ltr' id='par_1_122' title="bbox 1843 3427 3418 3496">
     <span class='ocr_line' id='line_1_126' title="bbox 1843 3427 3418 3496; baseline 0.002 -15"><span class='ocrx_word' id='word_1_947' title='bbox 1843 3437 1896 3481; x_wconf 90' lang='lat' dir='ltr'><strong>et</strong></span> <span class='ocrx_word' id='word_1_948' title='bbox 1923 3443 2025 3480; x_wconf 90' lang='lat' dir='ltr'><strong>non</strong></span> <span class='ocrx_word' id='word_1_949' title='bbox 2058 3443 2240 3481; x_wconf 87' lang='lat' dir='ltr'><strong>revera</strong></span> <span class='ocrx_word' id='word_1_950' title='bbox 2268 3435 2450 3492; x_wconf 90' lang='lat' dir='ltr'><strong>erant;</strong></span> <span class='ocrx_word' id='word_1_951' title='bbox 2479 3427 2707 3496; x_wconf 88' lang='lat' dir='ltr'><strong>alioquin</strong></span> <span class='ocrx_word' id='word_1_952' title='bbox 2734 3427 2938 3496; x_wconf 85' lang='lat' dir='ltr'><strong>signum</strong></span> <span class='ocrx_word' id='word_1_953' title='bbox 2968 3427 3299 3492; x_wconf 89' lang='lat' dir='ltr'><strong>habuissent,</strong></span> <span class='ocrx_word' id='word_1_954' title='bbox 3325 3445 3418 3484; x_wconf 89' lang='lat' dir='ltr'><strong>nc.-</strong></span> 
     </span>
    </p>
   </div>
   <div class='ocr_carea' id='block_1_123' title="bbox 1843 3497 3416 3567">
    <p class='ocr_par' dir='ltr' id='par_1_123' title="bbox 1843 3497 3416 3567">
     <span class='ocr_line' id='line_1_127' title="bbox 1843 3497 3416 3567; baseline 0.001 -17"><span class='ocrx_word' id='word_1_955' title='bbox 1843 3512 1947 3567; x_wconf 91' lang='lat' dir='ltr'><strong>que</strong></span> <span class='ocrx_word' id='word_1_956' title='bbox 1973 3512 2092 3550; x_wconf 92' lang='lat' dir='ltr'><strong>cum</strong></span> <span class='ocrx_word' id='word_1_957' title='bbox 2133 3499 2248 3551; x_wconf 92' lang='lat' dir='ltr'><strong>aliis</strong></span> <span class='ocrx_word' id='word_1_958' title='bbox 2279 3497 2734 3551; x_wconf 89' lang='lat' dir='ltr'><strong>indiscriminatim</strong></span> <span class='ocrx_word' id='word_1_959' title='bbox 2764 3498 2988 3567; x_wconf 83' lang='lat' dir='ltr'><strong>interfici</strong></span> <span class='ocrx_word' id='word_1_960' title='bbox 3007 3500 3140 3567; x_wconf 87' lang='lat' dir='ltr'><strong>jussi</strong></span> <span class='ocrx_word' id='word_1_961' title='bbox 3171 3501 3416 3552; x_wconf 89' lang='lat' dir='ltr'><strong>fuissent.</strong></span> 
     </span>
    </p>
   </div>
   <div class='ocr_carea' id='block_1_124' title="bbox 1844 3564 3416 3638">
    <p class='ocr_par' dir='ltr' id='par_1_124' title="bbox 1844 3564 3416 3638">
     <span class='ocr_line' id='line_1_128' title="bbox 1844 3564 3416 3638; baseline 0.001 -18"><span class='ocrx_word' id='word_1_962' title='bbox 1844 3566 2024 3636; x_wconf 89' lang='lat' dir='ltr'><strong>Itaque</strong></span> <span class='ocrx_word' id='word_1_963' title='bbox 2057 3582 2196 3620; x_wconf 90' lang='lat' dir='ltr'><strong>nunc</strong></span> <span class='ocrx_word' id='word_1_964' title='bbox 2224 3569 2381 3622; x_wconf 89' lang='lat' dir='ltr'><strong>etiam</strong></span> <span class='ocrx_word' id='word_1_965' title='bbox 2409 3576 2621 3622; x_wconf 91' lang='lat' dir='ltr'><strong>sanctos</strong></span> <span class='ocrx_word' id='word_1_966' title='bbox 2647 3564 2858 3622; x_wconf 87' lang='lat' dir='ltr'><strong>nomine</strong></span> <span class='ocrx_word' id='word_1_967' title='bbox 2883 3564 3042 3634; x_wconf 71' lang='lat' dir='ltr'><strong>dicit;</strong></span> <span class='ocrx_word' id='word_1_968' title='bbox 3073 3571 3416 3638; x_wconf 85' lang='lat' dir='ltr'><strong>quamobrem</strong></span> 
     </span>
    </p>
   </div>
   <div class='ocr_carea' id='block_1_125' title="bbox 1843 3638 3419 3706">
    <p class='ocr_par' dir='ltr' id='par_1_125' title="bbox 1843 3638 3419 3706">
     <span class='ocr_line' id='line_1_129' title="bbox 1843 3638 3419 3706; baseline 0 -15"><span class='ocrx_word' id='word_1_969' title='bbox 1843 3652 2034 3692; x_wconf 87' lang='lat' dir='ltr'><strong>carnes</strong></span> <span class='ocrx_word' id='word_1_970' title='bbox 2059 3652 2263 3702; x_wconf 90' lang='lat' dir='ltr'><strong>eorum,</strong></span> <span class='ocrx_word' id='word_1_971' title='bbox 2294 3646 2529 3692; x_wconf 90' lang='lat' dir='ltr'><strong>terrenas</strong></span> <span class='ocrx_word' id='word_1_972' title='bbox 2555 3652 2747 3706; x_wconf 91' lang='lat' dir='ltr'><strong>nempe</strong></span> <span class='ocrx_word' id='word_1_973' title='bbox 2775 3639 3131 3706; x_wconf 89' lang='lat' dir='ltr'><strong>operationes,</strong></span> <span class='ocrx_word' id='word_1_974' title='bbox 3158 3638 3419 3694; x_wconf 87' lang='lat' dir='ltr'><strong>comedis-</strong></span> 
     </span>
    </p>
   </div>
   <div class='ocr_carea' id='block_1_126' title="bbox 1844 3707 3421 3778">
    <p class='ocr_par' dir='ltr' id='par_1_126' title="bbox 1844 3707 3421 3778">
     <span class='ocr_line' id='line_1_130' title="bbox 1844 3707 3421 3778; baseline 0.001 -17"><span class='ocrx_word' id='word_1_975' title='bbox 1844 3723 1902 3761; x_wconf 90' lang='lat' dir='ltr'><strong>se</strong></span> <span class='ocrx_word' id='word_1_976' title='bbox 1932 3709 2288 3778; x_wconf 87' lang='lat' dir='ltr'><strong>intclligibiles</strong></span> <span class='ocrx_word' id='word_1_977' title='bbox 2317 3707 2510 3762; x_wconf 86' lang='lat' dir='ltr'><strong>bestias</strong></span> <span class='ocrx_word' id='word_1_978' title='bbox 2533 3707 2754 3777; x_wconf 83' lang='lat' dir='ltr'><strong>ﬁgurate</strong></span> <span class='ocrx_word' id='word_1_979' title='bbox 2783 3709 2934 3763; x_wconf 78' lang='lat' dir='ltr'><strong>dixit.</strong></span> <span class='ocrx_word' id='word_1_980' title='bbox 2962 3708 3092 3764; x_wconf 77' lang='lat' dir='ltr'><strong>Nam</strong></span> <span class='ocrx_word' id='word_1_981' title='bbox 3119 3723 3308 3766; x_wconf 88' lang='lat' dir='ltr'><strong>carnes</strong></span> <span class='ocrx_word' id='word_1_982' title='bbox 3327 3724 3421 3763; x_wconf 92' lang='lat' dir='ltr'><strong>vo-</strong></span> 
     </span>
    </p>
   </div>
   <div class='ocr_carea' id='block_1_127' title="bbox 1843 3778 3419 3848">
    <p class='ocr_par' dir='ltr' id='par_1_127' title="bbox 1843 3778 3419 3848">
     <span class='ocr_line' id='line_1_131' title="bbox 1843 3778 3419 3848; baseline 0.001 -17"><span class='ocrx_word' id='word_1_983' title='bbox 1843 3788 2030 3848; x_wconf 86' lang='lat' dir='ltr'><strong>cantur</strong></span> <span class='ocrx_word' id='word_1_984' title='bbox 2060 3781 2092 3830; x_wconf 90' lang='lat' dir='ltr'><strong>ii</strong></span> <span class='ocrx_word' id='word_1_985' title='bbox 2120 3778 2208 3846; x_wconf 89' lang='lat' dir='ltr'><strong>qui</strong></span> <span class='ocrx_word' id='word_1_986' title='bbox 2253 3786 2458 3831; x_wconf 89' lang='lat' dir='ltr'><strong>tcrrena</strong></span> <span class='ocrx_word' id='word_1_987' title='bbox 2495 3781 2750 3848; x_wconf 83' lang='lat' dir='ltr'><strong>sapiunt,</strong></span> <span class='ocrx_word' id='word_1_988' title='bbox 2796 3779 3237 3848; x_wconf 87' lang='lat' dir='ltr'><strong>quemadmodum</strong></span> <span class='ocrx_word' id='word_1_989' title='bbox 3282 3780 3419 3832; x_wconf 85' lang='lat' dir='ltr'><strong>Deus</strong></span> 
     </span>
    </p>
   </div>
   <div class='ocr_carea' id='block_1_128' title="bbox 1845 3847 3420 3920">
    <p class='ocr_par' dir='ltr' id='par_1_128' title="bbox 1845 3847 3420 3920">
     <span class='ocr_line' id='line_1_132' title="bbox 1845 3847 3420 3920; baseline -0.001 -19"><span class='ocrx_word' id='word_1_990' title='bbox 1845 3847 2097 3920; x_wconf 88' lang='lat' dir='ltr'><strong>diluvium</strong></span> <span class='ocrx_word' id='word_1_991' title='bbox 2139 3847 2452 3920; x_wconf 72' lang='lat' dir='ltr'><strong>inductttrus</strong></span> <span class='ocrx_word' id='word_1_992' title='bbox 2475 3847 2759 3920; x_wconf 80' lang='lat' dir='ltr'><strong>declaravit</strong></span> <span class='ocrx_word' id='word_1_993' title='bbox 2788 3847 2950 3903; x_wconf 52' lang='lat' dir='ltr'><strong>{Non</strong></span> <span class='ocrx_word' id='word_1_994' title='bbox 2984 3850 3420 3920; x_wconf 15' lang='lat' dir='ltr'><strong>permanebitrspi-</strong></span> 
     </span>
    </p>
   </div>
   <div class='ocr_carea' id='block_1_129' title="bbox 1845 3916 3417 3989">
    <p class='ocr_par' dir='ltr' id='par_1_129' title="bbox 1845 3916 3417 3989">
     <span class='ocr_line' id='line_1_133' title="bbox 1845 3916 3417 3989; baseline -0.001 -19"><span class='ocrx_word' id='word_1_995' title='bbox 1845 3919 2137 3989; x_wconf 68' lang='lat' dir='ltr'><strong>ritusmeus</strong></span> <span class='ocrx_word' id='word_1_996' title='bbox 2161 3916 2523 3989; x_wconf 38' lang='lat' dir='ltr'><strong>innlleltl&#39;llibus</strong></span> <span class='ocrx_word' id='word_1_997' title='bbox 2551 3917 2655 3989; x_wconf 67' lang='lat' dir='ltr'><strong>his,</strong></span> <span class='ocrx_word' id='word_1_998' title='bbox 2674 3919 2789 3983; x_wconf 83' lang='lat' dir='ltr'><strong>quia</strong></span> <span class='ocrx_word' id='word_1_999' title='bbox 2809 3916 2994 3971; x_wconf 73' lang='lat' dir='ltr'><strong>carnes</strong></span> <span class='ocrx_word' id='word_1_1000' title='bbox 3010 3919 3107 3986; x_wconf 87' lang='lat' dir='ltr'><strong>ipsi</strong></span> <span class='ocrx_word' id='word_1_1001' title='bbox 3131 3928 3248 3971; x_wconf 85' lang='lat' dir='ltr'><strong>sunt</strong></span> <span class='ocrx_word' id='word_1_1002' title='bbox 3266 3917 3417 3989; x_wconf 81' lang='lat' dir='ltr'><strong>(Gen.</strong></span> 
     </span>
    </p>
   </div>
   <div class='ocr_carea' id='block_1_130' title="bbox 1847 3986 3421 4059">
    <p class='ocr_par' dir='ltr' id='par_1_130' title="bbox 1847 3986 3421 4059">
     <span class='ocr_line' id='line_1_134' title="bbox 1847 3986 3421 4059; baseline -0.001 -18"><span class='ocrx_word' id='word_1_1003' title='bbox 1847 3989 1897 4059; x_wconf 84' lang='lat'><strong>6.</strong></span> <span class='ocrx_word' id='word_1_1004' title='bbox 1926 3989 1958 4041; x_wconf 80' lang='lat'><strong>5</strong></span> <span class='ocrx_word' id='word_1_1005' title='bbox 1984 3986 2025 4057; x_wconf 93' lang='lat'><strong>).</strong></span> <span class='ocrx_word' id='word_1_1006' title='bbox 2061 3987 2115 4059; x_wconf 66' lang='lat'><strong>1’)1</strong></span> <span class='ocrx_word' id='word_1_1007' title='bbox 2149 3986 2450 4059; x_wconf 77' lang='lat' dir='ltr'><strong>E/fuderunt</strong></span> <span class='ocrx_word' id='word_1_1008' title='bbox 2477 3987 2770 4056; x_wconf 83' lang='lat' dir='ltr'><strong>sanguinem</strong></span> <span class='ocrx_word' id='word_1_1009' title='bbox 2799 4003 2973 4040; x_wconf 87' lang='lat' dir='ltr'><strong>eorum</strong></span> <span class='ocrx_word' id='word_1_1010' title='bbox 3004 3990 3131 4041; x_wconf 84' lang='lat' dir='ltr'><strong>sicut</strong></span> <span class='ocrx_word' id='word_1_1011' title='bbox 3158 3986 3340 4059; x_wconf 80' lang='lat' dir='ltr'><strong>aquam</strong></span> <span class='ocrx_word' id='word_1_1012' title='bbox 3367 3990 3421 4041; x_wconf 85' lang='lat' dir='ltr'><strong>in</strong></span> 
     </span>
    </p>
   </div>
   <div class='ocr_carea' id='block_1_131' title="bbox 1846 4056 3110 4128">
    <p class='ocr_par' dir='ltr' id='par_1_131' title="bbox 1846 4056 3110 4128">
     <span class='ocr_line' id='line_1_135' title="bbox 1846 4056 3110 4128; baseline -0.002 -17"><span class='ocrx_word' id='word_1_1013' title='bbox 1846 4056 2056 4128; x_wconf 80' lang='lat' dir='ltr'><strong>circuitu</strong></span> <span class='ocrx_word' id='word_1_1014' title='bbox 2083 4056 2366 4110; x_wconf 86' lang='lat' dir='ltr'><strong>Jerusalem</strong></span> <span class='ocrx_word' id='word_1_1015' title='bbox 2391 4096 2402 4118; x_wconf 93' lang='lat'><strong>,</strong></span> <span class='ocrx_word' id='word_1_1016' title='bbox 2428 4065 2472 4108; x_wconf 85' lang='lat' dir='ltr'><strong>et</strong></span> <span class='ocrx_word' id='word_1_1017' title='bbox 2500 4072 2598 4109; x_wconf 89' lang='lat' dir='ltr'><strong>non</strong></span> <span class='ocrx_word' id='word_1_1018' title='bbox 2627 4067 2732 4128; x_wconf 82' lang='lat' dir='ltr'><strong>erat</strong></span> <span class='ocrx_word' id='word_1_1019' title='bbox 2757 4059 2841 4128; x_wconf 87' lang='lat' dir='ltr'><strong>qui</strong></span> <span class='ocrx_word' id='word_1_1020' title='bbox 2865 4059 3110 4126; x_wconf 84' lang='lat' dir='ltr'><strong>sepeliret.</strong></span> 
     </span>
    </p>
   </div>
   <div class='ocr_carea' id='block_1_132' title="bbox 1915 4126 3422 4208">
    <p class='ocr_par' dir='ltr' id='par_1_132' title="bbox 1915 4126 3422 4208">
     <span class='ocr_line' id='line_1_136' title="bbox 1915 4126 3422 4208; baseline 0 -28"><span class='ocrx_word' id='word_1_1021' title='bbox 1915 4128 1968 4180; x_wconf 94' lang='lat'><strong>2.</strong></span> <span class='ocrx_word' id='word_1_1022' title='bbox 2011 4127 2327 4208; x_wconf 54' lang='lat' dir='ltr'><strong>Sanguinem</strong></span> <span class='ocrx_word' id='word_1_1023' title='bbox 2353 4141 2537 4206; x_wconf 78' lang='lat' dir='ltr'><strong>eorum</strong></span> <span class='ocrx_word' id='word_1_1024' title='bbox 2575 4126 2931 4208; x_wconf 49' lang='lat' dir='ltr'><strong>aniin:e&quot;_dic_it</strong></span> <span class='ocrx_word' id='word_1_1025' title='bbox 2972 4127 3242 4208; x_wconf 71' lang='lat' dir='ltr'><strong>facinora:</strong></span> <span class='ocrx_word' id='word_1_1026' title='bbox 3290 4140 3422 4208; x_wconf 58' lang='lat' dir='ltr'><strong>quq-</strong></span> 
     </span>
    </p>
   </div>
   <div class='ocr_carea' id='block_1_133' title="bbox 1847 4196 3422 4266">
    <p class='ocr_par' dir='ltr' id='par_1_133' title="bbox 1847 4196 3422 4266">
     <span class='ocr_line' id='line_1_137' title="bbox 1847 4196 3422 4266; baseline -0.001 -14"><span class='ocrx_word' id='word_1_1027' title='bbox 1847 4214 1964 4252; x_wconf 90' lang='lat' dir='ltr'><strong>rum</strong></span> <span class='ocrx_word' id='word_1_1028' title='bbox 1991 4196 2128 4250; x_wconf 79' lang='lat' dir='ltr'><strong>ultio’</strong></span> <span class='ocrx_word' id='word_1_1029' title='bbox 2145 4197 2211 4251; x_wconf 91' lang='lat' dir='ltr'><strong>ad</strong></span> <span class='ocrx_word' id='word_1_1030' title='bbox 2241 4199 2546 4264; x_wconf 83' lang='lat' dir='ltr'><strong>sanguinem</strong></span> <span class='ocrx_word' id='word_1_1031' title='bbox 2573 4196 2831 4265; x_wconf 87' lang='lat' dir='ltr'><strong>procedit.</strong></span> <span class='ocrx_word' id='word_1_1032' title='bbox 2860 4196 2982 4250; x_wconf 73' lang='lat' dir='ltr'><strong>Hmc</strong></span> <span class='ocrx_word' id='word_1_1033' title='bbox 3007 4199 3154 4266; x_wconf 88' lang='lat' dir='ltr'><strong>quasi</strong></span> <span class='ocrx_word' id='word_1_1034' title='bbox 3184 4211 3315 4265; x_wconf 86' lang='lat' dir='ltr'><strong>aqua</strong></span> <span class='ocrx_word' id='word_1_1035' title='bbox 3343 4196 3422 4252; x_wconf 86' lang='lat' dir='ltr'><strong>ef-</strong></span> 
     </span>
    </p>
   </div>
   <div class='ocr_carea' id='block_1_134' title="bbox 1847 4266 3422 4336">
    <p class='ocr_par' dir='ltr' id='par_1_134' title="bbox 1847 4266 3422 4336">
     <span class='ocr_line' id='line_1_138' title="bbox 1847 4266 3422 4336; baseline -0.001 -15"><span class='ocrx_word' id='word_1_1036' title='bbox 1847 4267 1960 4321; x_wconf 70' lang='lat' dir='ltr'><strong>fusa</strong></span> <span class='ocrx_word' id='word_1_1037' title='bbox 1989 4275 2140 4332; x_wconf 85' lang='lat' dir='ltr'><strong>sunt,</strong></span> <span class='ocrx_word' id='word_1_1038' title='bbox 2171 4269 2241 4321; x_wconf 91' lang='lat' dir='ltr'><strong>ita</strong></span> <span class='ocrx_word' id='word_1_1039' title='bbox 2269 4277 2325 4320; x_wconf 93' lang='lat' dir='ltr'><strong>ut</strong></span> <span class='ocrx_word' id='word_1_1040' title='bbox 2355 4282 2458 4320; x_wconf 93' lang='lat' dir='ltr'><strong>non</strong></span> <span class='ocrx_word' id='word_1_1041' title='bbox 2489 4267 2626 4336; x_wconf 90' lang='lat' dir='ltr'><strong>ultra</strong></span> <span class='ocrx_word' id='word_1_1042' title='bbox 2653 4266 2851 4336; x_wconf 88' lang='lat' dir='ltr'><strong>resumi</strong></span> <span class='ocrx_word' id='word_1_1043' title='bbox 2885 4276 3133 4334; x_wconf 88' lang='lat' dir='ltr'><strong>possent;</strong></span> <span class='ocrx_word' id='word_1_1044' title='bbox 3163 4268 3422 4336; x_wconf 86' lang='lat' dir='ltr'><strong>quemad-</strong></span> 
     </span>
    </p>
   </div>
   <div class='ocr_carea' id='block_1_135' title="bbox 1847 4335 3422 4406">
    <p class='ocr_par' dir='ltr' id='par_1_135' title="bbox 1847 4335 3422 4406">
     <span class='ocr_line' id='line_1_139' title="bbox 1847 4335 3422 4406; baseline 0.001 -16"><span class='ocrx_word' id='word_1_1045' title='bbox 1847 4338 2059 4391; x_wconf 88' lang='lat' dir='ltr'><strong>modum</strong></span> <span class='ocrx_word' id='word_1_1046' title='bbox 2089 4353 2186 4391; x_wconf 90' lang='lat' dir='ltr'><strong>nec</strong></span> <span class='ocrx_word' id='word_1_1047' title='bbox 2205 4351 2336 4406; x_wconf 85' lang='lat' dir='ltr'><strong>aqua</strong></span> <span class='ocrx_word' id='word_1_1048' title='bbox 2370 4345 2487 4404; x_wconf 90' lang='lat' dir='ltr'><strong>post</strong></span> <span class='ocrx_word' id='word_1_1049' title='bbox 2513 4335 2844 4389; x_wconf 84' lang='lat' dir='ltr'><strong>effusionem.</strong></span> <span class='ocrx_word' id='word_1_1050' title='bbox 2878 4337 3056 4406; x_wconf 87' lang='lat' dir='ltr'><strong>Itaque</strong></span> <span class='ocrx_word' id='word_1_1051' title='bbox 3079 4335 3256 4391; x_wconf 79' lang='lat' dir='ltr'><strong>Davidi</strong></span> <span class='ocrx_word' id='word_1_1052' title='bbox 3279 4337 3422 4392; x_wconf 84' lang='lat' dir='ltr'><strong>The-</strong></span> 
     </span>
    </p>
   </div>
   <div class='ocr_carea' id='block_1_136' title="bbox 1847 4406 3423 4477">
    <p class='ocr_par' dir='ltr' id='par_1_136' title="bbox 1847 4406 3423 4477">
     <span class='ocr_line' id='line_1_140' title="bbox 1847 4406 3423 4477; baseline -0.001 -15"><span class='ocrx_word' id='word_1_1053' title='bbox 1847 4409 2058 4462; x_wconf 67' lang='lat' dir='ltr'><strong>coitissa</strong></span> <span class='ocrx_word' id='word_1_1054' title='bbox 2086 4409 2290 4462; x_wconf 89' lang='lat' dir='ltr'><strong>dicebat</strong></span> <span class='ocrx_word' id='word_1_1055' title='bbox 2315 4424 2327 4460; x_wconf 92' lang='lat'>:</span> <span class='ocrx_word' id='word_1_1056' title='bbox 2364 4406 2528 4459; x_wconf 82' lang='lat' dir='ltr'><strong>Morte</strong></span> <span class='ocrx_word' id='word_1_1057' title='bbox 2565 4407 2870 4472; x_wconf 82' lang='lat' dir='ltr'><strong>moriemur,</strong></span> <span class='ocrx_word' id='word_1_1058' title='bbox 2901 4416 2954 4477; x_wconf 3' lang='lat' dir='ltr'><strong>(et</strong></span> <span class='ocrx_word' id='word_1_1059' title='bbox 2982 4407 3126 4477; x_wconf 72' lang='lat' dir='ltr'><strong>quasi</strong></span> <span class='ocrx_word' id='word_1_1060' title='bbox 3160 4423 3290 4477; x_wconf 88' lang='lat' dir='ltr'><strong>aqua</strong></span> <span class='ocrx_word' id='word_1_1061' title='bbox 3314 4407 3423 4461; x_wconf 85' lang='lat' dir='ltr'><strong>dis-</strong></span> 
     </span>
    </p>
   </div>
   <div class='ocr_carea' id='block_1_137' title="bbox 1848 4476 3419 4548">
    <p class='ocr_par' dir='ltr' id='par_1_137' title="bbox 1848 4476 3419 4548">
     <span class='ocr_line' id='line_1_141' title="bbox 1848 4476 3419 4548; baseline 0.001 -17"><span class='ocrx_word' id='word_1_1062' title='bbox 1848 4481 2042 4546; x_wconf 85' lang='lat' dir='ltr'><strong>perdita</strong></span> <span class='ocrx_word' id='word_1_1063' title='bbox 2067 4494 2234 4548; x_wconf 3' lang='lat' dir='ltr'><strong>(super</strong></span> <span class='ocrx_word' id='word_1_1064' title='bbox 2275 4488 2456 4548; x_wconf 69' lang='lat' dir='ltr'><strong>terram</strong></span> <span class='ocrx_word' id='word_1_1065' title='bbox 2499 4492 2597 4548; x_wconf 80' lang='lat' dir='ltr'><strong>non</strong></span> <span class='ocrx_word' id='word_1_1066' title='bbox 2640 4476 3020 4548; x_wconf 75' lang='lat' dir='ltr'><strong>congregabilur</strong></span> <span class='ocrx_word' id='word_1_1067' title='bbox 3057 4476 3138 4546; x_wconf 78' lang='lat'><strong>(2.</strong></span> <span class='ocrx_word' id='word_1_1068' title='bbox 3170 4477 3298 4548; x_wconf 83' lang='lat' dir='ltr'><strong>Reg.</strong></span> <span class='ocrx_word' id='word_1_1069' title='bbox 3333 4479 3419 4532; x_wconf 67' lang='lat' dir='ltr'><strong>Ib.</strong></span> 
     </span>
    </p>
   </div>
   <div class='ocr_carea' id='block_1_138' title="bbox 1851 4543 3424 4618">
    <p class='ocr_par' dir='ltr' id='par_1_138' title="bbox 1851 4543 3424 4618">
     <span class='ocr_line' id='line_1_142' title="bbox 1851 4543 3424 4618; baseline -0.001 -16"><span class='ocrx_word' id='word_1_1070' title='bbox 1851 4543 1915 4602; x_wconf 70' lang='grc'><strong>14</strong></span> <span class='ocrx_word' id='word_1_1071' title='bbox 1944 4549 1984 4617; x_wconf 94' lang='grc'><strong>).</strong></span> <span class='ocrx_word' id='word_1_1072' title='bbox 2037 4543 2255 4602; x_wconf 83' lang='lat' dir='ltr'><strong>Ubinam</strong></span> <span class='ocrx_word' id='word_1_1073' title='bbox 2307 4543 2526 4618; x_wconf 73' lang='lat' dir='ltr'><strong>efl‘udit‘l</strong></span> <span class='ocrx_word' id='word_1_1074' title='bbox 2557 4543 2619 4599; x_wconf 86' lang='lat' dir='ltr'><strong>In</strong></span> <span class='ocrx_word' id='word_1_1075' title='bbox 2649 4543 2856 4618; x_wconf 69' lang='lat' dir='ltr'><strong>circuitu</strong></span> <span class='ocrx_word' id='word_1_1076' title='bbox 2885 4543 3164 4600; x_wconf 79' lang='lat' dir='ltr'><strong>Jerusalem</strong></span> <span class='ocrx_word' id='word_1_1077' title='bbox 3191 4551 3209 4618; x_wconf 96' lang='lat'><strong>(</strong></span> <span class='ocrx_word' id='word_1_1078' title='bbox 3236 4543 3424 4607; x_wconf 70' lang='lat' dir='ltr'><strong>Matth.</strong></span> 
     </span>
    </p>
   </div>
   <div class='ocr_carea' id='block_1_139' title="bbox 1847 4616 3422 4687">
    <p class='ocr_par' dir='ltr' id='par_1_139' title="bbox 1847 4616 3422 4687">
     <span class='ocr_line' id='line_1_143' title="bbox 1847 4616 3422 4687; baseline 0.001 -16"><span class='ocrx_word' id='word_1_1079' title='bbox 1847 4616 1949 4672; x_wconf 78' lang='lat'><strong>27.</strong></span> <span class='ocrx_word' id='word_1_1080' title='bbox 1967 4619 2071 4687; x_wconf 82' lang='lat'><strong>25)</strong></span> <span class='ocrx_word' id='word_1_1081' title='bbox 2093 4660 2106 4682; x_wconf 93' lang='lat'><strong>,</strong></span> <span class='ocrx_word' id='word_1_1082' title='bbox 2136 4619 2185 4672; x_wconf 92' lang='lat' dir='ltr'><strong>id</strong></span> <span class='ocrx_word' id='word_1_1083' title='bbox 2212 4625 2323 4682; x_wconf 90' lang='lat' dir='ltr'><strong>est,</strong></span> <span class='ocrx_word' id='word_1_1084' title='bbox 2353 4617 2404 4670; x_wconf 92' lang='lat' dir='ltr'><strong>in</strong></span> <span class='ocrx_word' id='word_1_1085' title='bbox 2427 4616 2536 4684; x_wconf 89' lang='lat' dir='ltr'><strong>ipsa</strong></span> <span class='ocrx_word' id='word_1_1086' title='bbox 2563 4658 2576 4677; x_wconf 87' lang='lat'><strong>,</strong></span> <span class='ocrx_word' id='word_1_1087' title='bbox 2601 4626 2653 4670; x_wconf 92' lang='lat' dir='ltr'><strong>et</strong></span> <span class='ocrx_word' id='word_1_1088' title='bbox 2677 4619 2790 4685; x_wconf 88' lang='lat' dir='ltr'><strong>ejus</strong></span> <span class='ocrx_word' id='word_1_1089' title='bbox 2819 4617 3142 4671; x_wconf 85' lang='lat' dir='ltr'><strong>habitatores</strong></span> <span class='ocrx_word' id='word_1_1090' title='bbox 3159 4616 3422 4686; x_wconf 87' lang='lat' dir='ltr'><strong>perdidit:</strong></span> 
     </span>
    </p>
   </div>
   <div class='ocr_carea' id='block_1_140' title="bbox 1847 4688 3428 4758">
    <p class='ocr_par' dir='ltr' id='par_1_140' title="bbox 1847 4688 3428 4758">
     <span class='ocr_line' id='line_1_144' title="bbox 1847 4688 3428 4758; baseline -0.001 -15"><span class='ocrx_word' id='word_1_1091' title='bbox 1847 4689 1935 4743; x_wconf 86' lang='lat' dir='ltr'><strong>ille</strong></span> <span class='ocrx_word' id='word_1_1092' title='bbox 1962 4691 2101 4743; x_wconf 90' lang='lat' dir='ltr'><strong>enim</strong></span> <span class='ocrx_word' id='word_1_1093' title='bbox 2146 4689 2358 4756; x_wconf 85' lang='lat' dir='ltr'><strong>sanguis</strong></span> <span class='ocrx_word' id='word_1_1094' title='bbox 2401 4702 2583 4758; x_wconf 91' lang='lat' dir='ltr'><strong>eorum</strong></span> <span class='ocrx_word' id='word_1_1095' title='bbox 2626 4702 2786 4755; x_wconf 90' lang='lat' dir='ltr'><strong>super</strong></span> <span class='ocrx_word' id='word_1_1096' title='bbox 2815 4688 2960 4757; x_wconf 90' lang='lat' dir='ltr'><strong>ipsos</strong></span> <span class='ocrx_word' id='word_1_1097' title='bbox 3007 4697 3060 4741; x_wconf 92' lang='lat' dir='ltr'><strong>et</strong></span> <span class='ocrx_word' id='word_1_1098' title='bbox 3104 4702 3266 4758; x_wconf 88' lang='lat' dir='ltr'><strong>super</strong></span> <span class='ocrx_word' id='word_1_1099' title='bbox 3292 4691 3428 4743; x_wconf 90' lang='lat' dir='ltr'><strong>tilios</strong></span> 
     </span>
    </p>
   </div>
   <div class='ocr_carea' id='block_1_141' title="bbox 1849 4757 3428 4826">
    <p class='ocr_par' dir='ltr' id='par_1_141' title="bbox 1849 4757 3428 4826">
     <span class='ocr_line' id='line_1_145' title="bbox 1849 4757 3428 4826; baseline 0.001 -15"><span class='ocrx_word' id='word_1_1100' title='bbox 1849 4774 2033 4812; x_wconf 87' lang='lat' dir='ltr'><strong>eorum</strong></span> <span class='ocrx_word' id='word_1_1101' title='bbox 2055 4801 2068 4823; x_wconf 94' lang='lat'><strong>,</strong></span> <span class='ocrx_word' id='word_1_1102' title='bbox 2102 4758 2349 4813; x_wconf 91' lang='lat' dir='ltr'><strong>dicebant</strong></span> <span class='ocrx_word' id='word_1_1103' title='bbox 2378 4757 2475 4826; x_wconf 88' lang='lat' dir='ltr'><strong>ipsi</strong></span> <span class='ocrx_word' id='word_1_1104' title='bbox 2505 4757 2770 4810; x_wconf 81' lang='lat' dir='ltr'><strong>Christum</strong></span> <span class='ocrx_word' id='word_1_1105' title='bbox 2801 4757 3203 4813; x_wconf 78' lang='lat' dir='ltr'><strong>calumniantes.</strong></span> <span class='ocrx_word' id='word_1_1106' title='bbox 3235 4759 3300 4812; x_wconf 82' lang='lat' dir='ltr'><strong>Et</strong></span> <span class='ocrx_word' id='word_1_1107' title='bbox 3327 4776 3428 4813; x_wconf 88' lang='lat' dir='ltr'><strong>non</strong></span> 
     </span>
    </p>
   </div>
   <div class='ocr_carea' id='block_1_142' title="bbox 1849 4826 3429 4899">
    <p class='ocr_par' dir='ltr' id='par_1_142' title="bbox 1849 4826 3429 4899">
     <span class='ocr_line' id='line_1_146' title="bbox 1849 4826 3429 4899; baseline 0.001 -18"><span class='ocrx_word' id='word_1_1108' title='bbox 1849 4839 1952 4881; x_wconf 86' lang='lat' dir='ltr'><strong>erat</strong></span> <span class='ocrx_word' id='word_1_1109' title='bbox 1996 4831 2078 4896; x_wconf 87' lang='lat' dir='ltr'><strong>qui</strong></span> <span class='ocrx_word' id='word_1_1110' title='bbox 2119 4827 2366 4899; x_wconf 85' lang='lat' dir='ltr'><strong>sepeliret.</strong></span> <span class='ocrx_word' id='word_1_1111' title='bbox 2412 4826 2625 4899; x_wconf 63' lang='lat' dir='ltr'><strong>Quare?</strong></span> <span class='ocrx_word' id='word_1_1112' title='bbox 2666 4826 2796 4893; x_wconf 86' lang='lat' dir='ltr'><strong>Quia</strong></span> <span class='ocrx_word' id='word_1_1113' title='bbox 2843 4829 2942 4897; x_wconf 87' lang='lat' dir='ltr'><strong>ipsi</strong></span> <span class='ocrx_word' id='word_1_1114' title='bbox 2985 4829 3204 4899; x_wconf 17' lang='lat' dir='ltr'><strong>quidem,</strong></span> <span class='ocrx_word' id='word_1_1115' title='bbox 3243 4838 3429 4898; x_wconf 83' lang='lat' dir='ltr'><strong>utpOte</strong></span> 
     </span>
    </p>
   </div>
   <div class='ocr_carea' id='block_1_143' title="bbox 1850 4897 3430 4968">
    <p class='ocr_par' dir='ltr' id='par_1_143' title="bbox 1850 4897 3430 4968">
     <span class='ocr_line' id='line_1_147' title="bbox 1850 4897 3430 4968; baseline 0.001 -16"><span class='ocrx_word' id='word_1_1116' title='bbox 1850 4901 2042 4952; x_wconf 90' lang='lat' dir='ltr'><strong>mortui</strong></span> <span class='ocrx_word' id='word_1_1117' title='bbox 2084 4897 2204 4954; x_wconf 86' lang='lat' dir='ltr'><strong>sese</strong></span> <span class='ocrx_word' id='word_1_1118' title='bbox 2247 4907 2429 4952; x_wconf 90' lang='lat' dir='ltr'><strong>mutuo</strong></span> <span class='ocrx_word' id='word_1_1119' title='bbox 2467 4897 2692 4966; x_wconf 88' lang='lat' dir='ltr'><strong>sepelire</strong></span> <span class='ocrx_word' id='word_1_1120' title='bbox 2733 4914 2834 4950; x_wconf 92' lang='lat' dir='ltr'><strong>non</strong></span> <span class='ocrx_word' id='word_1_1121' title='bbox 2875 4907 3154 4968; x_wconf 88' lang='lat' dir='ltr'><strong>poterant,</strong></span> <span class='ocrx_word' id='word_1_1122' title='bbox 3192 4897 3430 4953; x_wconf 86' lang='lat' dir='ltr'><strong>Ecclesia</strong></span> 
     </span>
    </p>
   </div>
   <div class='ocr_carea' id='block_1_144' title="bbox 1850 4969 3430 5040">
    <p class='ocr_par' dir='ltr' id='par_1_144' title="bbox 1850 4969 3430 5040">
     <span class='ocr_line' id='line_1_148' title="bbox 1850 4969 3430 5040; baseline 0 -20"><span class='ocrx_word' id='word_1_1123' title='bbox 1850 4984 1976 5023; x_wconf 81' lang='lat' dir='ltr'><strong>vero</strong></span> <span class='ocrx_word' id='word_1_1124' title='bbox 1997 4970 2221 5040; x_wconf 87' lang='lat' dir='ltr'><strong>sepelire</strong></span> <span class='ocrx_word' id='word_1_1125' title='bbox 2242 4984 2333 5040; x_wconf 90' lang='lat' dir='ltr'><strong>eos</strong></span> <span class='ocrx_word' id='word_1_1126' title='bbox 2356 4983 2463 5040; x_wconf 86' lang='lat' dir='ltr'><strong>non</strong></span> <span class='ocrx_word' id='word_1_1127' title='bbox 2487 4969 2742 5040; x_wconf 86' lang='lat' dir='ltr'><strong>permittit</strong></span> <span class='ocrx_word' id='word_1_1128' title='bbox 2764 4987 2779 5040; x_wconf 68' lang='grc' dir='ltr'><strong><em>ς</em></strong></span> <span class='ocrx_word' id='word_1_1129' title='bbox 2808 4969 2858 5040; x_wconf 84' lang='lat' dir='ltr'><strong>id</strong></span> <span class='ocrx_word' id='word_1_1130' title='bbox 2887 4979 3000 5040; x_wconf 82' lang='lat' dir='ltr'><strong>est,</strong></span> <span class='ocrx_word' id='word_1_1131' title='bbox 3026 4983 3430 5040; x_wconf 87' lang='lat' dir='ltr'><strong>eorumpecca-</strong></span> 
     </span>
    </p>
   </div>
   <div class='ocr_carea' id='block_1_145' title="bbox 1853 5038 3428 5109">
    <p class='ocr_par' dir='ltr' id='par_1_145' title="bbox 1853 5038 3428 5109">
     <span class='ocr_line' id='line_1_149' title="bbox 1853 5038 3428 5109; baseline -0.003 -15"><span class='ocrx_word' id='word_1_1132' title='bbox 1853 5051 1899 5094; x_wconf 81' lang='lat' dir='ltr'><strong>ta</strong></span> <span class='ocrx_word' id='word_1_1133' title='bbox 1931 5038 2199 5109; x_wconf 76' lang='lat' dir='ltr'><strong>obtegere.</strong></span> <span class='ocrx_word' id='word_1_1134' title='bbox 2233 5039 2367 5104; x_wconf 84' lang='lat' dir='ltr'><strong>Quid</strong></span> <span class='ocrx_word' id='word_1_1135' title='bbox 2397 5049 2569 5092; x_wconf 87' lang='lat' dir='ltr'><strong>autem</strong></span> <span class='ocrx_word' id='word_1_1136' title='bbox 2601 5038 2856 5106; x_wconf 69' lang='lat' dir='ltr'><strong>impedit?</strong></span> <span class='ocrx_word' id='word_1_1137' title='bbox 2887 5039 2977 5092; x_wconf 90' lang='lat' dir='ltr'><strong>Dei</strong></span> <span class='ocrx_word' id='word_1_1138' title='bbox 3008 5039 3428 5109; x_wconf 78' lang='lat' dir='ltr'><strong>sententiaquze</strong></span> 
     </span>
    </p>
   </div>
   <div class='ocr_carea' id='block_1_146' title="bbox 1850 5107 3429 5177">
    <p class='ocr_par' dir='ltr' id='par_1_146' title="bbox 1850 5107 3429 5177">
     <span class='ocr_line' id='line_1_150' title="bbox 1850 5107 3429 5177; baseline -0.002 -13"><span class='ocrx_word' id='word_1_1139' title='bbox 1850 5110 2012 5164; x_wconf 73' lang='lat' dir='ltr'><strong>dicit:</strong></span> <span class='ocrx_word' id='word_1_1140' title='bbox 2048 5107 2170 5164; x_wconf 89' lang='lat' dir='ltr'><strong>Sine</strong></span> <span class='ocrx_word' id='word_1_1141' title='bbox 2209 5120 2429 5162; x_wconf 88' lang='lat' dir='ltr'><strong>mortuos</strong></span> <span class='ocrx_word' id='word_1_1142' title='bbox 2469 5109 2677 5176; x_wconf 83' lang='lat' dir='ltr'><strong>sepelire</strong></span> <span class='ocrx_word' id='word_1_1143' title='bbox 2702 5119 2920 5161; x_wconf 71' lang='lat' dir='ltr'><strong>mortuos</strong></span> <span class='ocrx_word' id='word_1_1144' title='bbox 2946 5125 3064 5162; x_wconf 82' lang='lat' dir='ltr'><strong>suos</strong></span> <span class='ocrx_word' id='word_1_1145' title='bbox 3103 5107 3327 5177; x_wconf 82' lang='lat' dir='ltr'><strong>(Matth.</strong></span> <span class='ocrx_word' id='word_1_1146' title='bbox 3373 5111 3429 5161; x_wconf 85' lang='lat'><strong>8.</strong></span> 
     </span>
    </p>
   </div>
   <div class='ocr_carea' id='block_1_147' title="bbox 1849 5177 3429 5252">
    <p class='ocr_par' dir='ltr' id='par_1_147' title="bbox 1849 5177 3429 5252">
     <span class='ocr_line' id='line_1_151' title="bbox 1849 5177 3429 5252; baseline -0.003 -18"><span class='ocrx_word' id='word_1_1147' title='bbox 1849 5181 1920 5234; x_wconf 83' lang='lat'><strong>22</strong></span> <span class='ocrx_word' id='word_1_1148' title='bbox 1942 5181 1983 5252; x_wconf 92' lang='lat'><strong>).</strong></span> <span class='ocrx_word' id='word_1_1149' title='bbox 2007 5181 2216 5248; x_wconf 88' lang='lat' dir='ltr'><strong>Quare?</strong></span> <span class='ocrx_word' id='word_1_1150' title='bbox 2241 5180 2374 5247; x_wconf 89' lang='lat' dir='ltr'><strong>Quia</strong></span> <span class='ocrx_word' id='word_1_1151' title='bbox 2399 5179 2523 5232; x_wconf 88' lang='lat' dir='ltr'><strong>dum</strong></span> <span class='ocrx_word' id='word_1_1152' title='bbox 2544 5186 2856 5252; x_wconf 7' lang='lat' dir='ltr'><strong>(peccatores</strong></span> <span class='ocrx_word' id='word_1_1153' title='bbox 2881 5177 3130 5252; x_wconf 79' lang='lat' dir='ltr'><strong>obtegere</strong></span> <span class='ocrx_word' id='word_1_1154' title='bbox 3148 5188 3429 5252; x_wconf 84' lang='lat' dir='ltr'><strong>conantur,</strong></span> 
     </span>
    </p>
   </div>
   <div class='ocr_carea' id='block_1_148' title="bbox 1851 5247 3431 5320">
    <p class='ocr_par' dir='ltr' id='par_1_148' title="bbox 1851 5247 3431 5320">
     <span class='ocr_line' id='line_1_152' title="bbox 1851 5247 3431 5320; baseline -0.001 -16"><span class='ocrx_word' id='word_1_1155' title='bbox 1851 5265 1915 5304; x_wconf 92' lang='lat' dir='ltr'><strong>eo</strong></span> <span class='ocrx_word' id='word_1_1156' title='bbox 1942 5247 2110 5319; x_wconf 74' lang='lat' dir='ltr'><strong>inagis</strong></span> <span class='ocrx_word' id='word_1_1157' title='bbox 2138 5266 2296 5320; x_wconf 79' lang='lat' dir='ltr'><strong>Opera</strong></span> <span class='ocrx_word' id='word_1_1158' title='bbox 2329 5265 2420 5303; x_wconf 88' lang='lat' dir='ltr'><strong>sua</strong></span> <span class='ocrx_word' id='word_1_1159' title='bbox 2451 5251 2588 5302; x_wconf 89' lang='lat' dir='ltr'><strong>nuda</strong></span> <span class='ocrx_word' id='word_1_1160' title='bbox 2610 5289 2623 5313; x_wconf 92' lang='lat'><strong>,</strong></span> <span class='ocrx_word' id='word_1_1161' title='bbox 2665 5259 2720 5302; x_wconf 91' lang='lat' dir='ltr'><strong>et</strong></span> <span class='ocrx_word' id='word_1_1162' title='bbox 2766 5247 2905 5320; x_wconf 84' lang='lat' dir='ltr'><strong>apud</strong></span> <span class='ocrx_word' id='word_1_1163' title='bbox 2947 5247 3138 5320; x_wconf 84' lang='lat' dir='ltr'><strong>omnes</strong></span> <span class='ocrx_word' id='word_1_1164' title='bbox 3178 5249 3431 5317; x_wconf 77' lang='lat' dir='ltr'><strong>probrosa</strong></span> 
     </span>
    </p>
   </div>
   <div class='ocr_carea' id='block_1_149' title="bbox 1852 5318 3430 5388">
    <p class='ocr_par' dir='ltr' id='par_1_149' title="bbox 1852 5318 3430 5388">
     <span class='ocr_line' id='line_1_153' title="bbox 1852 5318 3430 5388; baseline -0.001 -14"><span class='ocrx_word' id='word_1_1165' title='bbox 1852 5318 2105 5375; x_wconf 83' lang='lat' dir='ltr'><strong>efficiunt.</strong></span> <span class='ocrx_word' id='word_1_1166' title='bbox 2137 5318 2190 5374; x_wconf 71' lang='grc'><strong>4.</strong></span> <span class='ocrx_word' id='word_1_1167' title='bbox 2239 5318 2385 5372; x_wconf 82' lang='lat' dir='ltr'><strong>Facti</strong></span> <span class='ocrx_word' id='word_1_1168' title='bbox 2418 5334 2590 5372; x_wconf 84' lang='lat' dir='ltr'><strong>sumus</strong></span> <span class='ocrx_word' id='word_1_1169' title='bbox 2631 5318 2955 5388; x_wconf 67' lang='lat' dir='ltr'><strong>Oppi-obvium</strong></span> <span class='ocrx_word' id='word_1_1170' title='bbox 2996 5319 3169 5373; x_wconf 83' lang='lat' dir='ltr'><strong>vicinis</strong></span> <span class='ocrx_word' id='word_1_1171' title='bbox 3211 5321 3430 5386; x_wconf 68' lang='lat' dir='ltr'><strong>nostris,</strong></span> 
     </span>
    </p>
   </div>
   <div class='ocr_carea' id='block_1_150' title="bbox 1853 5388 3430 5457">
    <p class='ocr_par' dir='ltr' id='par_1_150' title="bbox 1853 5388 3430 5457">
     <span class='ocr_line' id='line_1_154' title="bbox 1853 5388 3430 5457; baseline -0.001 -13"><span class='ocrx_word' id='word_1_1172' title='bbox 1853 5391 2176 5444; x_wconf 88' lang='lat' dir='ltr'><strong>subsannatio</strong></span> <span class='ocrx_word' id='word_1_1173' title='bbox 2216 5399 2261 5442; x_wconf 79' lang='lat' dir='ltr'><strong>et</strong></span> <span class='ocrx_word' id='word_1_1174' title='bbox 2300 5390 2482 5442; x_wconf 84' lang='lat' dir='ltr'><strong>derisio</strong></span> <span class='ocrx_word' id='word_1_1175' title='bbox 2520 5389 2582 5441; x_wconf 88' lang='lat' dir='ltr'><strong>iis</strong></span> <span class='ocrx_word' id='word_1_1176' title='bbox 2613 5392 2699 5457; x_wconf 85' lang='lat' dir='ltr'><strong>qui</strong></span> <span class='ocrx_word' id='word_1_1177' title='bbox 2743 5389 2796 5441; x_wconf 87' lang='lat' dir='ltr'><strong>in</strong></span> <span class='ocrx_word' id='word_1_1178' title='bbox 2842 5388 3053 5441; x_wconf 83' lang='lat' dir='ltr'><strong>circuitu</strong></span> <span class='ocrx_word' id='word_1_1179' title='bbox 3090 5397 3259 5442; x_wconf 83' lang='lat' dir='ltr'><strong>nostra</strong></span> <span class='ocrx_word' id='word_1_1180' title='bbox 3297 5399 3430 5442; x_wconf 88' lang='lat' dir='ltr'><strong>sunt.</strong></span> 
     </span>
    </p>
   </div>
   <div class='ocr_carea' id='block_1_151' title="bbox 1853 5457 3447 5528">
    <p class='ocr_par' dir='ltr' id='par_1_151' title="bbox 1853 5457 3447 5528">
     <span class='ocr_line' id='line_1_155' title="bbox 1853 5457 3447 5528; baseline -0.001 -14"><span class='ocrx_word' id='word_1_1181' title='bbox 1853 5461 2033 5528; x_wconf 84' lang='lat' dir='ltr'><strong>Neque</strong></span> <span class='ocrx_word' id='word_1_1182' title='bbox 2064 5460 2204 5513; x_wconf 90' lang='lat' dir='ltr'><strong>enim</strong></span> <span class='ocrx_word' id='word_1_1183' title='bbox 2234 5471 2514 5528; x_wconf 85' lang='lat' dir='ltr'><strong>paupertas</strong></span> <span class='ocrx_word' id='word_1_1184' title='bbox 2533 5497 2547 5524; x_wconf 93' lang='lat'><strong>,</strong></span> <span class='ocrx_word' id='word_1_1185' title='bbox 2575 5473 2746 5528; x_wconf 90' lang='lat' dir='ltr'><strong>neque</strong></span> <span class='ocrx_word' id='word_1_1186' title='bbox 2776 5457 3021 5512; x_wconf 85' lang='lat' dir='ltr'><strong>indecora</strong></span> <span class='ocrx_word' id='word_1_1187' title='bbox 3052 5459 3291 5527; x_wconf 86' lang='lat' dir='ltr'><strong>corporis</strong></span> <span class='ocrx_word' id='word_1_1188' title='bbox 3319 5473 3447 5527; x_wconf 80' lang='lat' dir='ltr'><strong>Spe-</strong></span> 
     </span>
    </p>
   </div>
   <div class='ocr_carea' id='block_1_152' title="bbox 1853 5528 3449 5599">
    <p class='ocr_par' dir='ltr' id='par_1_152' title="bbox 1853 5528 3449 5599">
     <span class='ocr_line' id='line_1_156' title="bbox 1853 5528 3449 5599; baseline -0.005 -16"><span class='ocrx_word' id='word_1_1189' title='bbox 1853 5531 1962 5584; x_wconf 86' lang='lat' dir='ltr'><strong>cies</strong></span> <span class='ocrx_word' id='word_1_1190' title='bbox 1981 5572 1996 5595; x_wconf 95' lang='lat'><strong>,</strong></span> <span class='ocrx_word' id='word_1_1191' title='bbox 2026 5544 2195 5599; x_wconf 88' lang='lat' dir='ltr'><strong>neque</strong></span> <span class='ocrx_word' id='word_1_1192' title='bbox 2223 5529 2498 5582; x_wconf 86' lang='lat' dir='ltr'><strong>infirmitas</strong></span> <span class='ocrx_word' id='word_1_1193' title='bbox 2519 5569 2532 5590; x_wconf 92' lang='lat'><strong>,</strong></span> <span class='ocrx_word' id='word_1_1194' title='bbox 2564 5545 2736 5597; x_wconf 87' lang='lat' dir='ltr'><strong>neque</strong></span> <span class='ocrx_word' id='word_1_1195' title='bbox 2764 5528 2905 5581; x_wconf 89' lang='lat' dir='ltr'><strong>aliud</strong></span> <span class='ocrx_word' id='word_1_1196' title='bbox 2933 5528 3198 5598; x_wconf 87' lang='lat' dir='ltr'><strong>quidpiam</strong></span> <span class='ocrx_word' id='word_1_1197' title='bbox 3229 5530 3298 5581; x_wconf 85' lang='lat' dir='ltr'><strong>ita</strong></span> <span class='ocrx_word' id='word_1_1198' title='bbox 3327 5546 3449 5597; x_wconf 85' lang='lat' dir='ltr'><strong>pro-</strong></span> 
     </span>
    </p>
   </div>
   <div class='ocr_carea' id='block_1_153' title="bbox 1855 5599 3432 5668">
    <p class='ocr_par' dir='ltr' id='par_1_153' title="bbox 1855 5599 3432 5668">
     <span class='ocr_line' id='line_1_157' title="bbox 1855 5599 3432 5668; baseline 0.001 -15"><span class='ocrx_word' id='word_1_1199' title='bbox 1855 5600 2068 5654; x_wconf 87' lang='lat' dir='ltr'><strong>brosum</strong></span> <span class='ocrx_word' id='word_1_1200' title='bbox 2111 5607 2193 5653; x_wconf 90' lang='lat' dir='ltr'><strong>est</strong></span> <span class='ocrx_word' id='word_1_1201' title='bbox 2241 5608 2298 5652; x_wconf 91' lang='lat' dir='ltr'><strong>ut</strong></span> <span class='ocrx_word' id='word_1_1202' title='bbox 2342 5607 2614 5668; x_wconf 87' lang='lat' dir='ltr'><strong>peccatum</strong></span> <span class='ocrx_word' id='word_1_1203' title='bbox 2663 5600 2761 5664; x_wconf 86' lang='lat' dir='ltr'><strong>iis,</strong></span> <span class='ocrx_word' id='word_1_1204' title='bbox 2803 5599 3039 5668; x_wconf 15' lang='lat' dir='ltr'><strong>qttiiillis</strong></span> <span class='ocrx_word' id='word_1_1205' title='bbox 3093 5599 3432 5655; x_wconf 82' lang='lat' dir='ltr'><strong>detinentur:</strong></span> 
     </span>
    </p>
   </div>
   <div class='ocr_carea' id='block_1_154' title="bbox 1856 5667 3446 5738">
    <p class='ocr_par' dir='ltr' id='par_1_154' title="bbox 1856 5667 3446 5738">
     <span class='ocr_line' id='line_1_158' title="bbox 1856 5667 3446 5738; baseline -0.001 -16"><span class='ocrx_word' id='word_1_1206' title='bbox 1856 5671 1978 5738; x_wconf 88' lang='lat' dir='ltr'><strong>quia</strong></span> <span class='ocrx_word' id='word_1_1207' title='bbox 2025 5670 2239 5724; x_wconf 91' lang='lat' dir='ltr'><strong>morbus</strong></span> <span class='ocrx_word' id='word_1_1208' title='bbox 2268 5667 2704 5738; x_wconf 12' lang='lat' dir='ltr'><strong>estivoluntarius</strong></span> <span class='ocrx_word' id='word_1_1209' title='bbox 2724 5707 2739 5733; x_wconf 88' lang='lat'><strong>,</strong></span> <span class='ocrx_word' id='word_1_1210' title='bbox 2783 5678 2838 5722; x_wconf 92' lang='lat' dir='ltr'><strong>et</strong></span> <span class='ocrx_word' id='word_1_1211' title='bbox 2867 5667 3016 5721; x_wconf 88' lang='lat' dir='ltr'><strong>ulcus</strong></span> <span class='ocrx_word' id='word_1_1212' title='bbox 3043 5683 3110 5723; x_wconf 76' lang='lat' dir='ltr'><strong>ex</strong></span> <span class='ocrx_word' id='word_1_1213' title='bbox 3148 5671 3328 5724; x_wconf 83' lang='lat' dir='ltr'><strong>animo</strong></span> <span class='ocrx_word' id='word_1_1214' title='bbox 3365 5670 3446 5721; x_wconf 89' lang='lat' dir='ltr'><strong>t&#39;a-</strong></span> 
     </span>
    </p>
   </div>
   <div class='ocr_carea' id='block_1_155' title="bbox 1859 5737 3448 5811">
    <p class='ocr_par' dir='ltr' id='par_1_155' title="bbox 1859 5737 3448 5811">
     <span class='ocr_line' id='line_1_159' title="bbox 1859 5737 3448 5811; baseline -0.003 -16"><span class='ocrx_word' id='word_1_1215' title='bbox 1859 5737 2023 5795; x_wconf 84' lang='lat' dir='ltr'><strong>ctum.</strong></span> <span class='ocrx_word' id='word_1_1216' title='bbox 2058 5741 2314 5795; x_wconf 76' lang='lat' dir='ltr'><strong>Caeterum</strong></span> <span class='ocrx_word' id='word_1_1217' title='bbox 2345 5737 2489 5793; x_wconf 88' lang='lat' dir='ltr'><strong>disce</strong></span> <span class='ocrx_word' id='word_1_1218' title='bbox 2518 5739 2786 5809; x_wconf 69' lang='lat' dir='ltr'><strong>propheta:</strong></span> <span class='ocrx_word' id='word_1_1219' title='bbox 2813 5740 3160 5810; x_wconf 86' lang='lat' dir='ltr'><strong>sapientiam,</strong></span> <span class='ocrx_word' id='word_1_1220' title='bbox 3189 5741 3279 5811; x_wconf 80' lang='lat' dir='ltr'><strong>qui</strong></span> <span class='ocrx_word' id='word_1_1221' title='bbox 3315 5753 3448 5807; x_wconf 77' lang='lat' dir='ltr'><strong>sup-</strong></span> 
     </span>
    </p>
   </div>
   <div class='ocr_carea' id='block_1_156' title="bbox 1875 415 2392 483">
    <p class='ocr_par' dir='ltr' id='par_1_156' title="bbox 1875 415 2392 483">
     <span class='ocr_line' id='line_1_160' title="bbox 1875 415 2392 483; baseline 0 -15"><span class='ocrx_word' id='word_1_1222' title='bbox 1875 423 2025 469; x_wconf 89' lang='lat' dir='ltr'><strong>certo</strong></span> <span class='ocrx_word' id='word_1_1223' title='bbox 2053 415 2392 483; x_wconf 77' lang='lat' dir='ltr'><strong>declarabat,</strong></span> 
     </span>
    </p>
   </div>
  </div>
