3968 6294
388 327 493 381 725

389 505 437 556 l.
473 501 531 555 in
565 502 715 565 ﬁnem
764 517 855 573 pro
884 503 942 573 iis
981 501 1061 573 qui
1110 499 1584 573 committnbnntur,
1641 497 1976 553 testimonium

560 575 657 641 ipsi
687 572 860 645 Διαρή
887 613 899 638 ,
924 572 1159 627 Psalmus
1186 584 1339 641 super
1367 572 1590 644 Assyrio.
1618 586 1801 625 LXXIX.

456 710 510 766 1.
541 706 957 765 Commutandos
1002 714 1158 761 vocat
1201 718 1293 775 eos
1333 705 1421 775 qui
1470 718 1565 774 per
1594 703 1974 775 paenitentiam

388 780 676 835 renovandi
718 786 863 833 sunt.
903 777 946 832 E
973 793 1031 831 re
1054 786 1231 831 autem
1268 773 1516 844 In'ﬁnem
1540 774 1782 844 adjunxit
1808 813 1821 837 ,
1853 773 1977 842 quia

390 853 627 905 ultimam
676 862 928 905 ancoram
968 846 1227 902 habemus
1259 846 1620 914 paenitentiam
1654 889 1660 896 .
1696 859 1757 900 ea
1797 854 1975 897 autem

386 924 546 976 etiam
577 922 629 974 in
662 920 765 974 line
801 919 1117 974 sazculorum
1157 932 1255 986 per
1278 916 1473 971 Christi
1504 916 1789 970 adventum
1841 929 1978 981 prae-

388 992 561 1048 dirata
591 990 708 1045 fuit.
738 990 793 1043 ln
816 989 1005 1043 horum
1052 988 1414 1042 testimonium
1446 987 1623 1057 Asaph
1654 993 1973 1057 prmsentem

391 1063 659 1118 Psahnnm
709 1059 1012 1114 modulatus
1054 1068 1138 1113 est
1179 1070 1337 1129 atque
1378 1059 1429 1129 in
1480 1054 1690 1129 Psalmo
1745 1054 1979 1108 narravit

391 1142 585 1202 quanta
608 1131 913 1187 Judatorum
944 1130 1172 1202 populus
1197 1127 1266 1202 ob
1302 1127 1694 1202 multitudinem
1731 1135 1979 1202 peceato-

391 1195 505 1256 rnm
539 1217 724 1271 passus
753 1211 851 1256 est.
883 1195 1065 1271 εξρειε
1090 1199 1270 1271 pascis
1292 1197 1475 1271 Israel,
1501 1196 1741 1271 attende,-
1767 1196 1857 1271 qui
1878 1195 1975 1271 ae-

391 1264 553 1327 ducis'
575 1272 706 1327 velut
748 1287 887 1326 ovem
930 1264 1121 1340 Ioseph
1150 1269 1272 1339 :qui
1292 1269 1432 1323 sedes
1474 1284 1625 1338 super
1672 1264 1973 1340 Circi-abitu,

390 1360 601 1412 appare.
625 1342 782 1398 Vides
811 1336 1083 1412 quomodp
1103 1336 1237 1412 cum
1255 1340 1335 1393 his
1360 1336 1658 1412 consonent
1687 1337 1845 1391 verba
1875 1336 1978 1390 Do-

391 1407 520 1469 mini
547 1454 562 1476 ,
596 1428 712 1482 qua:
740 1413 791 1482 in
818 1407 1336 1482 Evangeliisdixisse
1376 1409 1584 1482 fertur;
1612 1407 1724 1482 Ege
1750 1422 1860 1482 sum
1883 1424 1976 1482 pa-

393 1498 500 1538 stor
523 1477 683 1538 bonus
722 1480 899 1552 (Joan.
940 1477 1022 1534 li).
1068 1481 1182 1550 14).
1212 1480 1317 1552 Sed
1340 1495 1459 1552 cur,
1481 1479 1600 1552 aliis
1630 1477 1853 1552 reiictis,
1884 1477 1977 1532 Jo-

391 1555 615 1624 scphum
661 1548 1010 1609 et'Jacohum
1055 1552 1105 1624 i_u
1138 1548 1367 1605 medium
1396 1548 1648 1624 adducit?
1676 1548 1806 1624 Quia
1835 1557 1980 1602 uter-

391 1618 495 1695 que
527 1641 595 1680 ex
614 1624 921 1678 memoratis
959 1619 1228 1695 profectus
1266 1628 1366 1683 est,
1403 1620 1536 1695 alius
1573 1620 1624 1673 in
1654 1618 1974 1695 _ngyptum,

392 1690 529 1750 alius
548 1697 601 1750 in
631 1694 1085 1764 Mesopotamiam,
1103 1699 1157 1745 et
1181 1703 1399 1764 uterque
1426 1690 1495 1764 ibi
1523 1691 1864 1764 servivit.__At
1882 1703 1976 1764 co-_

393 1782 511 1821 rum
538 1759 848 1820 servitutem
871 1765 920 1817 in
947 1763 1266 1827 libertatem,
1290 1759 1344 1816 et
1366 1762 1416 1815 in
1446 1761 1581 1816 bona
1609 1776 1725 1828 qua:
1749 1759 1976 1814 libertati

398 1837 578 1891 addita
623 1845 748 1891 sunt
795 1833 1064 1889 transtulit
1101 1833 1273 1895 Deus,
1318 1846 1478 1902 quem
1519 1846 1663 1886 nunc
1700 1828 1979 1885 attendere

393 1907 654 1977 propheta
697 1906 935 1977 expetit;
964 1912 1022 1977 ut
1052 1916 1292 1977 cernens
1318 1904 1624 1977 universum
1660 1916 1828 1977 genus
1877 1917 1970 1977 no-l

392 1969 565 2032 stt-tim
593 1969 956 2047 spirittialibus
994 1974 1220 2047 inimicis
1253 1973 1455 2028 servire
1499 1974 1627 2047 (non
1654 1969 1795 2027 enim
1827 1979 1884 2047 ut
1911 1969 1978 2026 ad

394 2063 488 2113 se,
515 2042 962 2111 scd'indellnite,
991 2059 1084 2101 seu
1124 2045 1188 2098 ad
1221 2059 1410 2099 omnes
1438 2042 1687 2112 respiciat
1720 2042 1978 2113 propheta

395 2122 595 2188 optime
626 2115 833 2187 rogat),
868 2116 1142 2171 festinaret
1167 2115 1234 2169 ad
1273 2115 1574 2188 libertatem
1606 2124 1841 2188 nostram
1870 2154 1884 2177 ,
1916 2126 1979 2188 ae

395 2182 504 2244 cito
540 2182 856 2243 adventaret
884 2187 934 2240 in
968 2201 1160 2250 carne,
1206 2185 1456 2255 quoniam
1502 2184 1617 2254 ejus
1643 2183 1873 2255 adventu
1911 2182 1976 2236 ad

397 2260 699 2314 libertatem
726 2273 860 2327 opus
883 2256 1164 2322 habemus;
1195 2253 1368 2326 neque
1391 2256 1498 2327 alio
1524 2253 1683 2327 modo
1703 2253 1979 2327 sedentem

398 2346 559 2400 super
587 2324 877 2384 Cherubim
928 2324 1419 2400 suseepturi_erant_
1465 2325 1745 2400 ltontiues,
1773 2324 1978 2400 nisi__iu

396 2392 557 2456 Carne
586 2400 904 2455 advenisset.
930 2399 984 2453 5.
1012 2392 1196 2453 Coram
1221 2396 1492 2466 Ephraim,
1518 2395 1784 2466 Benjamin
1805 2404 1851 2449 et
1870 2392 1981 2447 Ma-

398 2487 546 2525 nusse
569 2512 583 2533 ,
611 2471 776 2525 excita
810 2469 1084 2535 potentiam
1121 2478 1259 2522 tuam
1278 2508 1292 2528 .
1321 2477 1367 2521 et
1392 2468 1502 2521 veni
1544 2478 1597 2519 ut
1618 2466 1783 2521 salvos
1821 2466 1980 2535 facias

397 2559 510 2596 nos.
557 2541 712 2596 Clare
758 2536 1041 2595 adventum
1072 2536 1338 2608 Unigcniti
1379 2539 1430 2592 in
1457 2552 1672 2592 carnem
1716 2537 1978 2605 postulat;

397 2613 657 2680 quocirca
674 2626 776 2665 non
802 2610 963 2665 modo
992 2611 1266 2676 utvcniat,
1295 2608 1389 2665 sed
1417 2609 1576 2664 etiam
1603 2615 1661 2662 ut
1688 2608 1979 2680 potentiam

398 2678 546 2736 suam
578 2682 791 2748 excitet,
826 2689 993 2752 rogat;
1030 2681 1323 2752 potentiam
1342 2688 1523 2734 autem
1545 2688 1706 2752 vocat
1738 2678 1980 2732 incarna-

400 2754 598 2808 tionem
629 2771 642 2806 :
672 2754 748 2807 sic
771 2748 913 2807 enini
936 2764 990 2806 et
1011 2748 1060 2804 in
1078 2750 1185 2806 alio
1209 2749 1539 2804 Psahnorum
1558 2750 1674 2805 loco
1696 2748 1862 2817 ipsam
1889 2762 1983 2817 ap-

399 2825 556 2891 ιιι-11η
616 2840 629 2876 :
675 2821 852 2876 Induit
906 2821 1153 2876 Dominus
1204 2821 1498 2892 potentiam?
1526 2828 1575 2874 et
1622 2819 1883 2892 prazcinxit
1930 2834 1983 2873 se

401 2890 570 2966 (Psal.
597 2894 684 2949 9:2.
716 2895 786 2963 l).
810 2894 990 2966 Ecqua
1014 2890 1263 2966 de_cattsa
1291 2906 1412 2946 cum
1433 2891 1592 2945 etiam
1619 2890 1766 2966 prius
1794 2897 1983 2966 potetis

398 2959 543 3020 esset
564 3005 577 3028 ,
610 2959 918 3034 lateretque
947 2963 1219 3025 homines,
1255 2972 1429 3034 tamen
1469 2976 1589 3034 cum
1618 2961 1669 3014 in
1700 2975 1860 3014 carne
1878 2959 1982 3034 Aad-

399 3037 563 3099 venit,
592 3030 987 3104 potentiamque
1031 3031 1493 3104 suamostendii,
1522 3032 1660 3085 hanc
1690 3030 1982 3104 potentiam

399 3101 604 3159 coram
634 3101 920 3175 Ephraim,
971 3103 1248 3173 Benjamin
1305 3112 1380 3175 et_
1408 3101 1670 3175 Manasse
1699 3102 1981 3175 excitatam

400 3175 566 3231 fuisse
610 3171 827 3229 dicitur?
857 3175 932 3230 Ex
976 3171 1130 3245 parte
1167 3183 1331 3229 totum
1362 3172 1612 3245 lsraeiem
1635 3171 1885 3245 indicat,
1917 3172 1982 3226 ad

399 3262 556 3316 quem
586 3246 829 3301 Christus
855 3262 922 3301 ex
947 3240 1090 3300 caelis
1124 3245 1429 3316 incarnatus
1458 3240 1677 3316 advenit
1703 3261 1717 3297 :
1747 3256 1982 3316 quapro-

403 3312 520 3386 pter
546 3318 639 3381 ait,
668 3317 857 3372 Coram
882 3316 1008 3385 ipsis
1034 3315 1324 3386 potentiam
1355 3313 1526 3386 excita
1551 3329 1565 3377 ;
1595 3312 1680 3386 vel
1707 3313 1832 3386 quia
1861 3328 1983 3367 cum

399 3382 658 3442 adversus
685 3388 833 3442 illum
860 3382 1141 3451 sentirent,
1163 3385 1323 3452 talem
1354 3397 1473 3437 esse
1494 3382 1982 3452 deprehenderunt,

401 3469 456 3510 nt
485 3457 551 3512 ad
583 3457 753 3526 ipsum
782 3456 1117 3513 accederent.
1141 3455 1199 3510 4.
1229 3450 1387 3520 Deus,
1413 3450 1642 3526 conserte
1671 3469 1763 3526 nos
1783 3492 1798 3517 ,
1827 3461 1873 3507 et
1897 3470 1985 3507 os-

401 3528 548 3582 tende
576 3523 756 3597 faciem
783 3537 943 3591 tuam,
971 3536 1015 3579 et
1033 3526 1159 3581 salvi
1183 3526 1387 3580 erimus.
1412 3524 1469 3579 In
1495 3523 1843 3597 sequentibus
1865 3538 1984 3592 pro«

402 3592 883 3667 pheta'clariorem
930 3597 1104 3651 reddit
1144 3610 1478 3667 sermonem,
1507 3592 1817 3667 _oStendcns
1851 3609 1986 3663 quo-

400 3664 561 3723 inodo
608 3677 663 3723 et
703 3684 807 3737 qua
847 3668 916 3723 de
956 3681 1117 3723 causa
1170 3666 1414 3721 Christus
1457 3664 1782 3719 adventuros
1816 3673 1978 3719 esset.

404 3738 681 3794 Adventus
707 3738 848 3794 enim
873 3738 987 3792 haec
1006 3751 1165 3792 causa
1188 3737 1283 3790 luit
1300 3778 1315 3803 ,
1346 3743 1405 3790 ut
1433 3750 1533 3789 nos
1557 3743 1895 3789 converteret
1931 3744 1987 3789 ct

400 3810 694 3876 corrigeret
724 3827 738 3864 :
769 3806 958 3863 modus
1005 3815 1183 3861 autem
1205 3848 1218 3870 ,
1264 3807 1527 3876 apparitio
1550 3805 1884 3876 manifesta,
1908 3815 1988 3876 Aut

401 3894 521 3934 eum
549 3874 685 3933 facie
710 3880 774 3932 ad
805 3877 992 3932 faciem
1019 3874 1320 3932 videremus
1340 3874 1361 3930 Ξ
1393 3891 1493 3931 nec
1515 3875 1622 3929 alio
1648 3874 1806 3929 modo
1843 3874 1987 3929 salu-

405 3960 510 4004 tem
534 3952 671 4003 nacti
701 3964 944 4004 essemus
963 3988 978 4014 ,
1010 3949 1109 4003 nisi
1136 3949 1237 4002 hoc
1262 3947 1422 4003 modo
1447 3945 1798 4014 apparuisset.
1831 3945 1984 4011 Quod

401 4022 563 4101 etiam
591 4020 759 4101 Jaeoh
803 4020 1102 4101 patriarcha
1137 4017 1346 4101 dicebat
1372 4015 1738 4101 iﬂViftiDenm
1765 4015 1894 4101 faeie
1917 4014 1986 4069 ad

402 4094 606 4161 faciem,
638 4100 683 4144 et
713 4085 834 4144 vixit
864 4089 1034 4161 anima
1056 4105 1166 4142 mea
1191 4086 1345 4157 (Gen.
1371 4087 1461 4143 32.
1484 4085 1595 4161 50).
1626 4086 1986 4161 Quamobrem

404 4156 673 4230 ipsnmita
703 4161 887 4214 videre
926 4158 1136 4230 Moyses
1167 4156 1378 4227 qquue
1416 4156 1727 4228 postulavit,
1747 4172 1864 4230 Anon
1887 4172 1986 4230 cu-

402 4226 642 4286 riositate
665 4241 839 4285 motus
861 4269 878 4295 ,
906 4230 998 4285 sed
1015 4226 1145 4285 'cum
1171 4226 1372 4293 nosset,
1400 4226 1583 4296 utpote
1612 4226 1900 4296 prepheta,
1929 4228 1985 4282 in

404 4301 505 4355 hoc
535 4303 820 4371 repositam
847 4314 965 4355 esse
992 4299 1265 4354 hominum
1288 4299 1512 4371 salutem
1538 4314 1551 4349 :
1562 4313 1675 4371 non
1707 4307 1764 4350 ut
1787 4297 1984 4371 nudam

405 4366 612 4427 videret
656 4371 986 4425 divinitatem
1019 4387 1035 4426 :
1067 4373 1204 4424 hanc
1227 4371 1369 4424 enim
1414 4369 1530 4438 ejus
1555 4366 1743 4438 faciem
1768 4368 1945 4438 nullus
1967 4409 1983 4433 ,

405 4452 461 4497 ut
486 4443 600 4511 ipse
627 4443 767 4497 Deus
790 4442 883 4503 ait.
901 4440 1082 4496 videre
1105 4440 1297 4510 poterit
1319 4436 1511 4511 (Exod.
1543 4440 1631 4495 33.
1654 4437 1771 4508 20).
1799 4438 1853 4511 5.
1872 4436 1985 4494 Do-

403 4509 537 4566 mine
552 4512 692 4566 Deus
713 4513 970 4575 virtutum,
994 4509 1251 4581 quousque
1270 4509 1500 4581 irasceris
1525 4525 1678 4579 super
1706 4509 1987 4581 orationem

402 4599 658 4639 servorum
683 4592 885 4638 tuorum
901 4583 926 4635 ?
949 4581 1062 4636 Non
1086 4580 1201 4636 sine
1222 4596 1380 4635 causa
1412 4580 1494 4635 his
1520 4593 1648 4635 usus
1674 4587 1756 4634 est
1783 4580 1983 4646 verbis,

403 4654 496 4709 scd
524 4654 683 4709 simul
731 4668 881 4708 suam
922 4651 1233 4721 dignitatem
1272 4651 1547 4716 indicans,
1579 4649 1737 4704 simul
1763 4664 1886 4705 eum
1928 4659 1988 4705 ut

402 4726 584 4779 veniat
629 4724 785 4779 enixe
835 4735 1068 4793 rogans:
1101 4723 1449 4791 quamobrem
1505 4736 1636 4793 eum
1672 4736 1777 4793 non
1825 4721 1987 4793 modo

404 4797 595 4860 Deum,
629 4795 722 4850 sed
748 4791 918 4848 etiam
940 4793 1218 4848 Dominum
1246 4793 1521 4852 virtutum,
1556 4791 1804 4845 videlicet
1829 4792 1987 4846 cmic-

402 4867 586 4933 stium,
610 4864 863 4935 appellat.
885 4861 1017 4919 Cum
1044 4871 1219 4935 autem
1247 4862 1444 4935 Spiritu
1470 4860 1678 4935 afﬂatus
1697 4876 1986 4935 cognosceg

402 4947 486 4992 ret
525 4932 578 4990 in
625 4932 767 4990 aliud
816 4945 1026 5004 tempus
1069 4932 1269 4987 differri
1317 4932 1513 5004 Christi
1553 4940 1865 5004 mysterium
1890 4972 1905 4997 ,
1935 4934 1985 4987 id

402 5013 539 5062 iram
583 5006 855 5076 appellat,
892 5002 1035 5075 quod
1062 5004 1238 5058 oratio
1281 5002 1397 5076 ejus
1433 5010 1580 5076 tunc-
1610 5002 1813 5076 exitum
1878 5018 1984 5076 non

402 5071 815 5133 liabitura'esset
849 5096 861 5132 :
890 5071 954 5130 ac
980 5088 1253 5145 quousque
1284 5071 1367 5145 ira
1389 5071 1723 5145 extendenda
1741 5074 1983 5145 _sitiscis-

400 5149 595 5203 citatur
620 5164 636 5198 :
665 5161 829 5217 quare
861 5141 1253 5217 sequentiasic
1288 5142 1527 5217 adjunxit
1559 5162 1573 5217 ξ
1602 5141 1868 5217 6.Ctbabis
1894 5160 1987 5198 nos

402 5234 535 5289 pmte
564 5214 923 5289 lacrpmarum,
945 5214 992 5270 et
1021 5214 1216 5285 potabis
1246 5229 1336 5289 nos
1361 5214 1598 5289 lacrymis
1635 5214 1689 5289 in
1728 5230 1982 5289 mensura.

472 5283 700 5343 Christus
726 5287 874 5356 panis
898 5283 1082 5341 uitaret
1110 5284 1346 5357 poculum
1362 5283 1693 5357 [actum-fin
1719 5287 1987 5357 communi

405 5359 534 5413 illttd
559 5399 575 5426 ,
608 5354 875 5428 Usqueun
899 5399 915 5423 ,
961 5354 1160 5413 dictum
1193 5363 1295 5428 est
1326 5373 1340 5408 :
1371 5369 1491 5411 nam
1539 5354 1607 5410 ad
1653 5354 1779 5409 illud
1821 5369 1987 5425 usque

406 5442 619 5499 tempus
655 5426 931 5499 prepheta:
973 5442 1163 5499 panem
1193 5426 1546 5499 lacrymarum
1574 5434 1637 5499 et_
1675 5434 1854 5495 potum
1876 5441 1988 5499 _su-

401 5495 989 5566 luebant{humanum
1005 5513 1174 5568 genus
1199 5495 1573 5568 deplorantes,
1605 5495 1779 5568 donec
1808 5495 1986 5568 _adve-

402 5572 555 5626 niens
605 5570 721 5639 ipse
745 5566 1029 5634 Christus;
1054 5568 1204 5639 panis
1243 5566 1365 5639 vitm
1391 5575 1447 5624 et
1487 5567 1736 5638 poculum
1758 5566 1997 5639 eli‘ectus

401 5650 505 5696 est.
533 5636 900 5710 congruenter
924 5636 1102 5710 autem
1130 5638 1278 5702 illud,
1298 5636 1366 5693 In
1394 5636 1630 5693 mensura
1647 5676 1663 5703 ,
1689 5637 1981 5710 subjunxit,

402 5707 695 5765 ostendens
721 5709 849 5762 nihil
876 5707 1014 5778 apud
1045 5708 1212 5764 Deum
1239 5710 1355 5764 sine
1384 5724 1652 5774 mensura,
1685 5707 1780 5763 sed
1805 5709 1984 5764 omnia

401 5795 519 5836 cum
541 5781 720 5852 regula
749 5789 802 5836 et
828 5793 1078 5836 mensura
1116 5792 1238 5834 esse
1260 5795 1276 5846 ;
1302 5780 1416 5836 sive
1454 5781 1533 5837 ira
1559 5780 1672 5838 sive
1700 5778 1977 5851 castigatio

1688 314 1752 370 lN
1792 309 2109 371 PSALMU.“
2150 305 2389 368 LXXIX.

3564 321 3667 373 7‘26

2086 439 2138 479 tn
2160 423 2433 479 hominum
2451 421 2727 479 utilitatem
2749 424 3030 483 inducitur.
3048 429 3099 484 7.
3117 429 3344 486 Posuisti
3360 449 3451 486 nos
3475 432 3527 486 in
3550 450 3670 487 cor.-

2086 495 2431 548 trudictionem
2466 494 2640 550 ricinis
2666 497 2881 562 nostris,
2912 510 2958 552 et
2978 501 3168 555 inimici
3196 504 3353 557 nostri
3382 503 3662 557 subsanna-

2084 575 2257 646 verunt
2300 581 2410 646 nos.
2443 565 2670 646 Eosdem
2716 568 2863 646 ipsos
2889 585 3030 646 nunc
3069 587 3281 646 quoque
3331 573 3578 629 inimicos
3613 585 3669 629 et

2084 637 2287 689 vicinos
2331 637 2474 691 clare
2527 640 2706 691 serfno
2739 637 3046 695 Stultindimt
3075 637 3286 699 {donec
3326 645 3467 699 enim
3510 660 3667 700 suum

2084 705 2289 776 distulit
2324 706 2610 761 adventum
2656 705 2937 776 Christus,
2985 711 3039 765 in
3094 713 3563 769 subsannationcm
3617 725 3673 771 et

2084 779 2136 854 iu
2165 775 2399 831 derisum
2428 776 2692 832 habebant
2714 777 2977 854 homines;
3009 782 3260 854 ipsosque
3282 785 3511 840 maxime
3537 799 3664 854 pro-

2084 846 2273 928 phetas
2295 856 2361 928 ut_
2376 863 2479 901 non
2502 863 2717 903 veraces
2749 846 3044 928 habebant,
3064 846 3202 928 circa
3226 869 3284 906 ea
3314 871 3431 923 qua:
3456 854 3523 909 de
3539 846 3667 911 Sal-

2085 917 2281 971 vatoris
2297 917 2524 973 adventu
2544 920 2984 987 praenuntiabant:
3004 923 3110 977 imo
3126 924 3284 977 etiam
3302 917 3672 980 contradictio-

2086 1003 2208 1069 nem
2230 986 2304 1069 _ab
2339 989 2468 1060 ipsis
2497 986 2615 1069 nou
2645 989 2812 1069 levem
2839 992 3175 1069 sustinebant
3204 994 3477 1064 propheta:
3500 1036 3515 1059 ,
3543 1011 3668 1069 cum

2090 1058 2162 1112 illi
2196 1057 2419 1112 aliorum
2451 1059 3035 1130 pseudoprophetarmn
3079 1057 3319 1119 diversa'
3339 1057 3669 1121 narrantinm

2084 1142 2186 1196 ope
2208 1137 2503 1184 uterentur.
2528 1128 2690 1184 Forte
2716 1128 2875 1185 etiam
2903 1133 3379 1189 contradictionem
3407 1137 3589 1190 statuit
3611 1136 3666 1192 in

2084 1198 2716 1273 diemonibus,_inimicis
2756 1210 2816 1273 et
2856 1202 3044 1257 vicinis
3091 1205 3490 1273 spiritualibus,
3523 1208 3670 1260 clare

2084 1269 2408 1350 signiﬁcans,
2434 1271 2570 1326 sicut
2594 1270 2915 1350 domestieos
2945 1269 3209 1350 heris,'ita
3240 1276 3517 1350 daemonas
3548 1292 3672 1345 pro.

2084 1340 2258 1415 phetis
2280 1340 2548 1415 subjectos
2576 1356 2696 1396 esse
2715 1382 2730 1408 ,
2755 1344 2879 1415 _qui_
2900 1352 3075 1397 tamen
3098 1344 3393 1415 aliquando
3420 1361 3485 1401 cx
3511 1340 3669 1402 arro-

2081 1411 2259 1480 gantia
2307 1411 2697 1467 contradicunt.
2740 1411 2795 1467 8.
2840 1411 3059 1468 Domine
3085 1411 3223 1470 Deus
3252 1418 3519 1482 virtutum,
3551 1435 3672 1471 con-

2084 1490 2216 1552 uerte
2257 1497 2380 1545 nos,
2412 1490 2457 1534 et
2503 1484 2707 1536 ostende
2733 1482 2916 1552 faciem
2939 1496 3107 1551 tuam,
3139 1495 3185 1538 et
3212 1488 3339 1540 salvi
3371 1489 3574 1544 erimus.
3612 1487 3668 1541 In

2085 1551 2274 1633 eadem
2321 1561 2523 1633 perstat
2560 1554 2975 1633 supplicatione,
3009 1563 3065 1609 ut
3103 1556 3349 1633 gstendat
3378 1567 3571 1633 quanta
3602 1558 3673 1633 sit

2082 1623 2197 1689 ejus
2223 1623 2512 1678 necessitas
2531 1663 2547 1686 ,
2575 1624 2841 1693 simulque
2868 1640 2964 1680 nos
2989 1625 3190 1689 erudit,
3223 1643 3293 1682 ne
3318 1623 3498 1681 animo
3528 1627 3667 1682 dcti-

2084 1693 2320 1756 ciamus,
2347 1693 2392 1747 si
2432 1694 2646 1761 quando
2677 1695 2939 1767 postulata
2985 1711 3091 1751 non
3129 1711 3542 1767 consequamur,
3575 1698 3673 1767 sed

2083 1777 2538 1835 perseveremus:
2576 1765 2795 1820 omnino
2841 1766 2984 1820 enim
3030 1765 3450 1835 impetrabiinns.
3495 1768 3551 1822 9.
3585 1766 3675 1821 Vi-

2084 1849 2231 1957 :teqnt
2280 1834 2343 1887 de
2368 1834 2601 1906 Aigypto
2629 1836 2960 1903 transtulisti,
2989 1834 3178 1908 ejecisti
3213 1849 3385 1910 gentes
3405 1878 3420 1906 ,
3450 1847 3497 1893 et
3519 1837 3673 1909 plan-

2105 1922 2159 1957 as
2187 1921 2200 1956 t
2225 1920 2356 1957 eam.

2105 1920 2200 1957 αδιι
2225 1920 2356 1959 eam.

2155 1974 2211 2028 2.
2242 1974 2337 2028 llic
2361 1984 2578 2046 enarrat
2603 1985 2854 2046 quantam
2880 1976 3018 2033 Deus
3044 1991 3225 2033 curam
3257 1977 3505 2034 habuerit
3530 1978 3671 2035 circa

2083 2045 2308 2099 s’alutcm
2352 2044 2567 2116 dutlaici
2612 2044 2814 2116 populi.
2845 2047 3305 2115 Quemadmodum
3342 2051 3487 2104 en'm
3526 2051 3676 2104 colo-

2085 2131 2187 2169 nus
2208 2157 2221 2175 .
2257 2124 2314 2170 ιιι
2343 2113 2628 2170 fecundam
2655 2113 2703 2171 et
2729 2113 3043 2172 feraciorem
3075 2118 3288 2173 vineam
3318 2119 3515 2174 cl‘liciat
3534 2161 3549 2186 ,
3578 2134 3668 2174 se-

2087 2186 2189 2241 mel
2222 2186 2365 2239 illam
2395 2195 2451 2240 ct
2478 2187 2666 2241 iterum
2710 2187 2999 2243 transfert:
3030 2188 3109 2244 sic
3135 2189 3275 2243 Deus
3317 2189 3565 2244 lsraclent
3600 2206 3665 2244 ex

2087 2264 2228 2312 terra
2250 2255 2618 2328 Chaldmorum
2645 2272 2743 2328 per
2764 2258 3123 2313 Abrahamum
3153 2260 3205 2314 in
3234 2268 3428 2315 terram
3463 2260 3672 2314 Chana-

2058 2327 2324 2400 natorum
2349 2327 2598 2400 deduxit;
2641 2327 2766 2400 inde
2816 2343 2911 2397 per
2955 2328 3213 2384 Jacobnm
3262 2332 3311 2383 in
3338 2328 3670 2400 Egyptum;

2085 2397 2302 2471 demum
2349 2398 2469 2471 illus
2513 2398 2665 2471 quasi
2708 2399 2758 2471 in
2811 2414 2995 2471 arvum
3042 2401 3234 2471 pingue
3276 2401 3344 2455 ad
3376 2397 3675 2471 arma.

2086 2468 2237 2542 initio
2266 2466 2582 2542 promissam
2622 2467 2794 2542 duxit.
2828 2469 2936 2525 Nec
2971 2466 3157 2542 modo'
3178 2471 3344 2542 ipsam
3369 2466 3630 2542 plantavit
3654 2512 3671 2533 ,

2086 2538 2179 2594 sed
2206 2539 2368 2610 etiam
2414 2538 2705 2594 radicavit:
2735 2539 2786 2594 id
2829 2548 2913 2594 est
2957 2539 3166 2596 radices
3199 2538 3279 2596 illi
3312 2538 3674 2610 iit—profundo

2085 2609 2284 2680 posuit,
2318 2618 2500 2679 utpote
2530 2626 2647 2679 quae
2669 2625 2773 2664 non
2797 2610 2934 2665 ultra
2965 2610 3337 2667 transferenda
3363 2609 3527 2667 esset.
3561 2610 3671 2667 Nec

2085 2681 2234 2752 prius
2269 2681 2319 2735 id
2360 2688 2686 2752 exsequutus
2724 2690 3037 2752 est,iquatn
3065 2691 3255 2751 gentes
3294 2682 3498 2737 incolas
3520 2683 3670 2752 quasi

2086 2750 2268 2823 Spinas
2318 2751 2619 2823 eruis-isset.
2650 2750 3008 2823 Quamobrem
3047 2750 3303 2823 prospere
3328 2754 3469 2823 egit,
3502 2750 3560 2806 ut
3581 2766 3670 2809 se-

2088 2821 2375 2892 quentibus
2418 2821 2728 2876 declaravit.
2768 2821 2854 2876 10.
2902 2821 3020 2876 Due:
3054 2821 3249 2878 itineris
3279 2821 3421 2892 fuisti
3450 2823 3502 2876 in
3549 2838 3676 2877 con.

2085 2902 2259 2964 specta
2284 2892 2413 2964 ejus.
2438 2892 2553 2958 Quo
2580 2892 2774 2964 pacto?
2800 2894 2900 2947 Per
2921 2892 3100 2947 datam
3127 2893 3322 2963 legem,
3353 2902 3407 2948 et
3431 2894 3669 2962 gentium

2089 2962 2533 3035 intc‘rnceionem.
2582 2962 3161 3035 Et_plantastiradices
3186 2962 3336 3035 ejus,
3367 2973 3411 3018 et
3454 2964 3678 3035 impleuit

2087 3040 2295 3106 terram.
2320 3032 2491 3106 Radix
2508 3049 2637 3106 vero
2664 3032 2897 3089 Judaieae
2913 3034 3083 3106 vincte
3105 3032 3236 3090 sunt
3248 3035 3480 3106 Moyses,
3495 3034 3672 3099 JesuS,

2090 3102 2340 3169 Phinees,
2358 3103 2600 3158 Eleazar.
2626 3105 2684 3158 lli
2717 3114 2912 3160 terram
2936 3105 3133 3174 pietate
3154 3120 3249 3161 sua
3270 3102 3667 3173 impleverunt:

2128 3189 2427 3244 uocumque
2467 3175 2610 3229 enim
2662 3175 2875 3229 illorum
2918 3177 3141 3231 virtutes
3186 3178 3535 3231 transierunt.
3584 3176 3673 3230 ll.

2087 3190 2427 3299 qjuocumque
2467 3190 2610 3229 enim
2662 3190 2875 3229 uterum
2918 3190 3141 3231 virtutes
3186 3190 3535 3231 transierunt.
3584 3190 3673 3230 ‘ll.

2090 3315 2106 3318 _
2121 3246 2302 3318 _peruit
2325 3253 2514 3318 montes
2550 3246 2728 3318 umbra
2748 3247 2890 3318 ejus,
2913 3255 2964 3318 et
2982 3245 3188 3318 arbusta
3210 3248 3323 3317 ejus
3356 3247 3534 3318 (euros
3558 3244 3676 3299 Dei.

2090 3315 2298 3371 Montes
2328 3325 2452 3369 sunt
2492 3315 2619 3384 justi
2673 3315 2798 3383 Dei,
2825 3318 2895 3370 ob
2922 3317 3043 3370 vita:
3082 3315 3297 3371 illorum
3340 3316 3676 3371 altitudinem

2089 3386 2572 3457 etrsublimitatem
2599 3405 2612 3440 :
2644 3387 2910 3457 iidemque
2953 3386 3053 3456 ipsi
3090 3387 3237 3443 cedri
3282 3396 3409 3441 sunt
3451 3404 3464 3439 :
3496 3386 3679 3441 Justus

2089 3456 2232 3512 enim
2270 3468 2326 3510 ut
2372 3455 2543 3527 pqlma
2565 3456 2793 3527 ﬂorebit,
2822 3455 2950 3511 sicut
2978 3455 3157 3513 cedrus
3198 3458 3251 3512 in
3278 3457 3474 3527 Libano
3502 3457 3675 3510 mutti-

2089 3527 2359 3595 plicabitur
2374 3525 2677 3598 ‘(Psal.'9l.
2712 3527 2818 3594 l5).
2848 3527 2956 3582 llos
2990 3529 3199 3596 operuit
3230 3529 3414 3583 umbra
3436 3526 3681 3598 Iudaica:

2089 3598 2283 3668 vincte,
2314 3595 2509 3667 nempe
2545 3595 3135 3668 lcx,quemadmodum
3174 3600 3250 3655 ait
3278 3598 3514 3653 Paulus:
3549 3595 3679 3653 Unt-

2089 3667 2232 3722 bram
2252 3669 2445 3739 habens
2459 3669 2541 3739 lea:
2563 3667 2850 3739 futurorum
2875 3668 3120 3723 bonorum
3139 3710 3153 3733 ,
3182 3686 3284 3724 non
3305 3669 3469 3738 ipsam
3498 3669 3680 3739 imagi-

2090 3754 2204 3791 nem
2227 3756 2395 3810 rerum
2430 3737 2613 3809 (Hebr.
2638 3740 2726 3794 l0.
2756 3739 2833 3807 1).
2862 3740 3091 3794 Arbusta
3120 3737 3381 3810 intelliges
3407 3737 3681 3808 propheti-

2054 3816 2184 3862 cas
2240 3809 2537 3879 dictiones,
2593 3825 2713 3879 qua:
2759 3814 3132 3877 cperantium,
3174 3809 3679 3879 ceu’agricolarutn

2089 3879 2310 3950 arbores
2348 3878 2640 3950 colentium
2680 3880 2963 3934 virtutibus
2993 3880 3248 3936 sublimes
3287 3880 3513 3950 eliceant,
3552 3893 3680 3948 pro.

2092 3947 2263 4017 prium
2307 3948 2562 4003 exhibent
2616 3947 2870 4003 fructum.
2929 3950 3055 4004 lltrc
3117 3950 3296 4019 itaque
3331 3949 3504 4019 justos
3546 3947 3678 4017 ope—

2089 4028 2345 4081 ruerunt,
2378 4033 2485 4072 non
2539 4018 2610 4071 ita
2648 4027 2706 4072 ut
2752 4020 3116 4084 occultarent;
3160 4018 3256 4076 sed
3301 4018 3372 4075 ita
3408 4028 3465 4075 ut
3496 4019 3564 4073 ab
3604 4019 3683 4074 eis

2090 4088 2480 4160 incredulitatis
2558 4089 2796 4160 algorem
2836 4099 2964 4160 _aut
3023 4092 3408 4160 cnjuscumque
3476 4091 3680 4159 peccati

2090 4168 2278 4214 aestum
2318 4156 2635 4214 eliminaret.
2693 4157 2804 4230 i9...
2831 4156 3069 4213 Extendit
3092 4156 3340 4229 palmites
3380 4156 3499 4215 suci
3527 4175 3682 4230 usque

2090 4229 2158 4283 ad
2201 4247 2373 4294 mare,
2405 4238 2451 4282 et
2486 4245 2646 4298 usque
2672 4230 2739 4300 ad
2775 4229 2993 4300 [lumina
3028 4231 3330 4300 prapagines
3356 4232 3485 4299 ejus.
3538 4230 3683 4283 Mare

2090 4301 2221 4356 dicit
2285 4300 2603 4370 baptismum
2632 4341 2649 4366 ,
2695 4298 2915 4354 ﬂumina
2965 4298 3261 4368 peettliares
3297 4298 3677 4370 expiationes;

2091 4372 2373 4453 palmites,
2419 4386 2486 4425 ex
2526 4371 2719 4451 quibus
2751 4384 2872 4453 _uvae
2916 4372 3680 4453 Itascuulur,‘quoiquot_Avitus

2091 4439 2332 4497 instituto
2387 4439 2703 4511 conspicuos
2740 4440 3046 4511 Judaiorum
3092 4439 3319 4510 populus
3366 4439 3569 4511 habuit.
3614 4440 3678 4496 lli

2091 4529 2196 4567 non
2260 4512 2313 4567 in
2357 4509 2536 4577 mari,
2572 4511 2667 4566 sed
2717 4526 2885 4582 usque
2945 4510 3012 4566 ad
3072 4509 3473 4582 marerextensi
3520 4519 3678 4576 sunt,

2092 4583 2579 4654 propterrvirtutes
2621 4598 2746 4637 snas
2792 4581 2958 4651 prepe
3004 4581 3253 4654 baptismi
3291 4581 3516 4652 gratiam
3559 4596 3683 4654 pro-

2089 4652 2278 4725 gressi.
2308 4653 2579 4725 Quotquot
2599 4662 2778 4709 autem
2808 4655 3122 4725 propagines
3149 4652 3395 4725 inerunt,
3429 4666 3547 4725 non
3567 4652 3682 4725 pal-

2091 4722 2269 4791 mites,
2327 4724 2421 4779 sed
2468 4722 2739 4792 palmitum
2778 4724 3097 4794 imitatores,
3148 4723 3384 4794 legisque
3423 4722 3682 4794 justitiam

2091 4811 2202 4864 prae
2249 4808 2308 4849 se
2354 4796 2629 4860 ferentes;
2670 4794 2726 4849 hi
2770 4809 2939 4864 usque
2988 4793 3055 4849 ad
3100 4792 3339 4859 ﬂumina,
3387 4792 3684 4863 peculiares

2091 4879 2283 4935 nempe
2318 4865 2688 4933 expiationes,
2734 4865 2942 4921 extensi
2988 4864 3422 4935 sunt,ﬂnoniis_
3450 4864 3679 4935 purgati,

2091 4936 2188 4991 sed
2218 4932 2284 4989 se
2311 4932 2563 5005 purgatos
2596 4936 2983 4992 existimantes.
3014 4936 3102 4991 15.
3144 4933 3210 4989 Ut
3231 4933 3353 5004 quid
3387 4932 3683 4987 destrueisti

2091 5006 2362 5060 maceriam
2388 5009 2518 5076 ejus,
2561 5016 2608 5059 et
2649 5006 2956 5060 vindemiant
2981 5022 3093 5060 eam
3128 5020 3320 5070 euntes,
3359 5005 3445 5075 qui
3472 5012 3682 5076 prmia:

2091 5079 2389 5148 grediuntur
2406 5072 2544 5131 'viam
2560 5077 2835 5148 ?__Ma_ceria
2855 5076 3090 5148 Iudaica:
3113 5072 3387 5148 vinegeilex
3414 5072 3516 5148 est.
3549 5072 3605 5127 id
3630 5072 3676 5127 si

2093 5144 2199 5202 non
2242 5146 2456 5213 credas,
2501 5146 2629 5201 and}
2674 5145 2862 5201 Isaiam
2893 5147 3198 5202 dicentem:
3237 5144 3395 5201 Vinea
3436 5146 3571 5216 facta
3609 5152 3685 5199 est

2092 5218 2382 5290 dilectotin
2422 5233 2616 5290 cornu,_
2637 5218 2689 5270 in
2717 5217 2827 5271 loco
2852 5219 3031 5290 pingui
3062 5217 3215 5290 (lsai.
3260 5216 3409 5290 5.__l)_
3433 5233 3447 5267 :
3475 5223 3530 5269 et
3558 5230 3681 5290 rur-

2091 5303 2232 5352 sum,
2267 5287 2544 5342 Materiam
2568 5285 2909 5355 circumposui
2925 5285 3143 5357 {legem
3163 5302 3292 5342 vero
3308 5285 3471 5351 dicit;
3501 5295 3546 5339 et
3562 5285 3685 5357 eval-

2092 5360 2192 5413 lavi
2213 5375 2231 5421 ,'
2254 5359 2459 5412 scilicet
2482 5358 2793 5427 prmceptis;
2834 5367 2880 5411 et
2912 5355 3138 5426 plantavi
3165 5360 3360 5412 vineam
3389 5355 3603 5421 Sorerlt,
3635 5362 3685 5408 et

2092 5429 2338 5497 aediﬁcavi
2369 5426 2546 5482 turrim
2578 5429 2633 5481 in
2665 5427 2831 5498 medio
2861 5430 3002 5498 ejus;
3032 5444 3237 5498 nempe
3264 5426 3595 5498 Jerusalem;
3636 5434 3686 5479 et

2093 5495 2317 5580 toreuiar
2519 5500 2593 5580 inA
2627 5514 2687 5580 eq
2711 5495 2963 5580 {Mitlqu
2993 5496 3051 5569 2)
3072 5516 3113 5580 ;Δ
3135 5495 3345 5580 scilicet
3388 5497 3683 5577 templum:

2091 5569 2284 5625 deinde
2300 5567 2481 5641 adjicit
2511 5568 2692 5641 :Quid
2707 5567 3073 5641 [heiampinetz
3088 5570 3114 5623 ?
3144 5569 3389 5641 Auferam
3410 5567 3681 5641 maeniana

2080 5636 2225 5711 'ejus,
2247 5649 2294 5719 et
2315 5636 2407 5693 erit
2433 5640 2486 5693 in
2510 5640 2842 5719 direptionth
2870 5637 3030 5719 (Ibid.
3056 5655 3101 5693 υ.
3133 5636 3393 5707 4).’11ειιιο
3412 5638 3681 5719 destruxit

2093 5708 2401 5775 titaeeriam,
2442 5708 2654 5780 quando
2679 5709 2731 5780 in
2761 5708 3033 5780 Christum
3063 5720 3369 5779 pecearunt,
3401 5710 3492 5779 qui
3532 5709 3678 5780 ipsos

2092 5782 2209 5853 lege
2239 5776 2550 5849 vallaverat,
2589 5789 2646 5837 et
2679 5776 3078 5835 vindemiantur
3102 5793 3131 5834 a
3177 5776 3674 5850 pertranseuntibus
