3968 6294
385 249 481 298 727

385 364 552 420 viam;
597 358 646 412 id
677 367 776 423 est,
807 357 874 412 ab
899 355 1112 428 iniquis,
1143 355 1230 426 qui
1257 356 1724 428 non_incedebant
1752 359 1834 411 via
1874 372 1962 411 re-

381 435 482 501 gia.
521 430 831 496 IlttjuSmodi
863 426 1005 482 enim
1047 442 1185 481 nunc
1220 438 1342 480 sunt
1365 426 1673 501 Jttdtt‘i,_qui
1709 429 1760 481 in
1792 429 1962 501 iegem

387 498 799 570 pratvaricantur
839 516 852 551 :
896 511 1217 568 quapmpter
1265 514 1384 570 noti
1414 498 1672 570 transire.
1718 498 1810 570 sed
1849 514 1968 566 per-

389 568 636 635 transire,
666 573 803 624 viam
850 571 1096 622 dicuntur
1125 587 1138 620 :
1169 570 1325 638 igitur
1355 568 1623 637 Sapientia
1653 568 1703 622 in
1736 569 1963 622 Prover-

386 644 504 707 hiis,
541 641 822 710 deceptum
866 639 932 692 ab
972 639 1460 710 itnprobaimuliere
1483 638 1756 707 juvenem.
1790 648 1966 693 meme

382 724 614 783 captum,
647 708 1101 783 pertranseuntetn
1131 710 1180 762 in
1210 708 1542 783 {inomni-ter
1562 711 1831 783 ang_tiluin,
1855 726 1962 783 non

386 778 766 843 transeuntem,
800 781 1010 834 dicebat
1039 778 1218 850 (Prov.
1249 780 1299 833 7.
1324 779 1374 833 7.
1405 779 1482 849 8).
1522 779 1606 834 14.
1641 780 1966 833 Extennina-

385 855 453 906 cit
490 871 600 907 eam
639 869 760 920 aper
785 852 846 903 de
887 851 1030 913 silva,
1074 859 1119 920 et
1161 850 1432 918 singularis
1458 851 1595 918 ferus
1621 850 1856 919 depastus
1893 860 1966 902 est

387 942 517 977 cant.
552 919 679 978 Non
707 931 905 975 tantum
939 921 1023 974 leo
1066 919 1134 974 ob
1160 920 1520 987 rapacitatem,
1569 935 1666 974 nec
1705 921 1866 974 draco
1896 921 1966 974 ob

387 996 633 1064 nequitite
665 1007 946 1051 venenum,
977 1001 1275 1064 cmteraque
1308 989 1608 1064 ltujusmodi
1634 991 1689 1064 in
1721 991 1965 1064 Scriptu-

387 1059 681 1119 tis'divinis
711 1064 902 1125 :tllala;
947 1059 1039 1114 sed
1071 1061 1227 1114 etiam
1272 1075 1418 1128 aper,
1461 1059 1601 1129 quod
1634 1061 1744 1114 luto
1775 1062 1965 1129 nequi-

388 1137 472 1187 ti:r
489 1135 734 1205 gaudeat,
753 1131 1001 1205 diabolus
1039 1131 1355 1205 appellatur,
1383 1133 1470 1201 qui
1502 1131 1551 1205 in
1591 1130 1805 1205 malitia:
1835 1133 1965 1185 silva

389 1201 712 1259 infructuosa
753 1202 986 1264 habitat;
1011 1209 1066 1254 et
1108 1201 1408 1268 singularis,
1443 1201 1564 1270 quia
1595 1204 1742 1256 solus
1780 1212 1964 1256 contra

391 1277 554 1328 Deum
595 1281 908 1342 arroganter
950 1287 1008 1324 se
1051 1273 1289 1342 gessisse
1309 1271 1550 1342 dicitur;
1600 1270 1963 1342 ferusiautem

387 1355 567 1415 utpote
593 1341 741 1398 ferox
783 1354 834 1396 et
866 1342 1229 1415 intracmbilis.
1275 1341 1370 1396 llic
1399 1356 1716 1415 synzigogam
1751 1341 1964 1415 ,Ιιιιιιριιτ

389 1411 523 1479 runt,
559 1431 622 1470 ex
651 1429 756 1483 quo
781 1412 1038 1483 maceries
1058 1412 1172 1481 ejus
1193 1411 1459 1465 destructa
1485 1421 1586 1475 est,
1614 1414 1884 1480 depascit;
1915 1413 1965 1466 id

385 1498 487 1547 est,
517 1501 580 1538 ex
603 1482 707 1554 quo
727 1483 969 1554 Christus
997 1482 1163 1554 legale
1186 1483 1480 1535 institutum
1503 1483 1777 1554 abrogavit
1804 1501 1816 1536 :
1843 1498 1964 1536 nam

387 1557 584 1608 inimici
625 1553 868 1619 partibus
911 1553 1160 1619 adscripti
1206 1563 1348 1616 sunt,
1390 1553 1512 1622 quia
1559 1568 1731 1622 neque
1768 1553 1958 1623 legem,

389 1642 560 1689 neque
589 1625 774 1686 altare,
820 1639 993 1693 neque
1020 1623 1160 1676 aliud
1192 1623 1460 1693 quidpiam
1501 1637 1707 1693 eorum,
1743 1638 1860 1689 qua:
1899 1623 1965 1678 ad

384 1701 582 1749 cultum
613 1694 702 1750 Dei
723 1692 1076 1763 pertinebant,
1101 1693 1388 1760 possident.
1416 1693 1507 1748 15.
1537 1692 1672 1746 Deus
1702 1695 1963 1758 virtutum,

389 1776 637 1830 converte,
681 1776 728 1817 et
757 1766 946 1834 respice
974 1765 1036 1817 de
1070 1764 1214 1829 caelo,
1257 1773 1303 1817 et
1330 1765 1459 1817 vide.
1493 1763 1756 1829 Quoniam
1795 1780 1967 1834 neque

388 1837 492 1902 lex,
523 1849 694 1905 neque
722 1840 992 1904 propheta:
1017 1835 1261 1887 lsraelem
1293 1843 1687 1905 converterunt,
1718 1849 1966 1890 necessa-

388 1907 467 1960 rio
511 1903 658 1975 rogat
701 1903 845 1958 illum
896 1913 951 1956 ιιι
991 1912 1301 1975 convertat;
1357 1903 1671 1975 scilicet,ut
1711 1906 1963 1974 corrigat.

387 1973 666 2042 Quomodo
704 1975 1017 2029 convertat?
1059 1973 1369 2041 Respiciens
1395 1973 1463 2028 de
1504 1974 1636 2027 cado
1673 1982 1728 2028 ct
1757 1973 1965 2029 videns.

377 2046 609 2113 'Qnando
634 2060 740 2099 non
768 2044 948 2097 videt?
980 2046 1046 2096 At
1077 2054 1200 2098 tunc
1224 2058 1342 2097 eum
1371 2058 1491 2097 cum
1523 2046 1724 2112 majore
1744 2047 1967 2100 commi-

389 2117 658 2170 seratione
685 2115 952 2183 reSpicere
981 2123 1152 2180 rogat,
1187 2114 1394 2184 utquid
1425 2115 1652 2182 amplius
1681 2129 1838 2184 quam
1863 2131 1965 2169 an-

375 2195 473 2240 ftea
506 2188 658 2240 nobis
688 2184 924 2240 benelicii
953 2184 1208 2238 conferat.
1245 2183 1380 2250 Quid
1411 2184 1579 2238 illud?
1610 2185 1664 2238 In
1696 2183 1967 2254 sequenti-

394 2257 489 2311 bus
535 2257 849 2310 declaratur.
881 2254 946 2307 Et
975 2256 1116 2326 visita
1144 2254 1337 2308 vineam
1361 2255 1508 2308 istam
1532 2273 1550 2308 :
1591 2256 1695 2326 16:7
1709 2263 1755 2308 et
1783 2259 1967 2326 perﬁce

389 2344 520 2388 eam,
548 2342 700 2398 quant
737 2326 978 2398 plantavit
1005 2325 1210 2398 detulere
1250 2335 1359 2398 tua,
1386 2335 1433 2378 et
1462 2342 1616 2394 super
1647 2324 1839 2398 Filium
1869 2328 1964 2380 Ito-

389 2394 569 2461 minis,
599 2413 742 2467 quem
783 2395 1093 2467 conﬁrmasti
1119 2394 1223 2467 tibi.
1264 2394 1420 2467 Vides
1449 2395 1714 2464 quomodo
1741 2399 1966 2467 postulet

391 2479 445 2521 ut
475 2464 632 2527 Deus,
667 2483 768 2520 non
795 2466 1038 2536 agricolae
1085 2464 1263 2524 modo,
1297 2464 1595 2536 sedetiam
1635 2464 1825 2520 medici
1851 2468 1968 2521 olli-

389 2539 529 2592 cium
556 2539 730 2591 adeat.
757 2535 939 2608 Medici
968 2550 1196 2605 namque
1225 2543 1305 2590 est
1327 2535 1538 2591 visitare
1569 2553 1581 2589 :
1607 2537 1697 2608 qui
1728 2537 1966 2592 medicus

377 2624 486 2679 vper
515 2608 748 2676 scipsum
778 2607 973 2661 invisit.

462 2680 514 2732 5.
560 2675 735 2747 Itaque
761 2679 903 2731 illum
931 2675 1114 2730 Venire
1137 2683 1352 2745 exoptat
1387 2684 1443 2731 ut
1473 2675 1758 2743 medicum,
1791 2687 1847 2732 ut
1872 2693 1962 2734 co-

395 2750 574 2802 lonum
607 2749 859 2816 perlicere
884 2748 1110 2812 vineam,
1139 2748 1452 2817 aulerreque
1492 2747 1818 2817 spiritualem
1850 2765 1968 2804 ver-

395 2835 556 2884 mem,
589 2833 832 2873 resec:tre
859 2817 1100 2888 palmites
1126 2816 1502 2888 redundantes,
1523 2816 1528 2817 ⁷
1551 2834 1614 2871 ex
1641 2819 1834 2888 quibus
1861 2819 1968 2873 fru-

392 2901 533 2943 ctum
576 2903 870 2957 excerpere
897 2904 999 2940 non
1042 2887 1238 2941 licebit.
1281 2887 1443 2956 Cujus
1467 2902 1594 2942 vero
1623 2887 1818 2942 causa?
1853 2889 1967 2944 Non

395 2961 559 3019 illius.
603 2960 788 3026 inquit,
831 2958 983 3026 cujus
1023 2957 1308 3011 maceriam
1350 2957 1629 3023 destruxit,
1662 2974 1818 3028 quam
1863 2959 1964 3013 ini-

395 3031 532 3083 mico
559 3029 806 3092 tradidit;
835 3029 926 3082 sed
958 3036 1172 3096 propter
1201 3027 1470 3096 palmitem
1503 3027 1845 3098 dominicum.
1878 3032 1966 3098 qui

391 3117 454 3154 ex
486 3115 546 3155 ea
570 3099 868 3168 proditurus
890 3108 989 3153 est.
1022 3101 1356 3168 Quapropter
1380 3097 1766 3168 cumitlixisset,
1805 3097 1968 3153 Visita

390 3166 584 3224 vincant
622 3171 788 3231 istam,
835 3166 1241 3237 subjunxit,’Et
1279 3183 1433 3235 super
1487 3166 1682 3237 Filium
1729 3169 1964 3234 hominis,

391 3258 536 3310 quem
578 3240 888 3301 conﬁrmasti
932 3236 1055 3303 tibi;
1100 3237 1151 3310 i_t|
1190 3246 1298 3310 est,
1332 3246 1548 3310 propter
1586 3236 1774 3292 Filium
1820 3240 1967 3310 illum

393 3306 480 3376 qui
511 3311 807 3365 nasciturus
833 3325 896 3363 ex
925 3310 1076 3363 vinea
1103 3306 1322 3377 Iudaica
1344 3317 1444 3369 est,
1475 3307 1635 3370 Quem
1660 3309 1970 3377 conﬁrmasti

392 3383 428 3434 ti
461 3382 498 3444 i,
531 3384 681 3433 visita
713 3381 878 3433 illam.
913 3379 1048 3433 Vere
1075 3378 1273 3448 etenim
1299 3376 1502 3448 Judaici
1529 3378 1706 3448 populi
1738 3376 1970 3432 visitatio

393 3452 492 3506 fuit
517 3451 779 3519 Unigeniti
806 3450 1084 3511 adventus,
1107 3447 1368 3519 siquidem
1387 3446 1465 3519 illi
1491 3446 1846 3519 visitationem
1873 3448 1972 3502 ad-

394 3517 683 3575 misissent.
721 3519 1075 3585 Quamobrem
1105 3517 1337 3572 Joannes
1367 3517 1577 3589 dicebat
1607 3535 1620 3571 :
1653 3517 1718 3571 In
1761 3521 1970 3589 propria

391 3593 540 3647 venit.
573 3601 616 3643 et
645 3590 724 3642 sui
744 3605 853 3641 eum
882 3605 988 3658 non
1010 3597 1341 3656 cognoverunt
1371 3587 1550 3655 (J-oan.
1583 3589 1635 3642 1.
1666 3587 1794 3656 11)’;
1828 3587 1969 3658 ipse-

392 3678 495 3730 que
530 3661 780 3730 Dominus
814 3676 828 3711 :
861 3657 1135 3730 lilonveni
1178 3658 1288 3730 nisi»
1315 3658 1386 3730 ad
1402 3674 1531 3730 iove‘s
1567 3673 1680 3729 qua!
1717 3657 1970 3730 perierunt

395 3726 573 3784 domus
617 3729 780 3800 Israel
823 3727 1036 3800 (Matth.
1071 3727 1158 3780 15.
1205 3727 1319 3800 24).
1366 3727 1454 3800 17.
1494 3726 1727 3800 Incensa'
1747 3729 1870 3800 igni,
1925 3740 1971 3783 et

393 3801 631 3867 stt/fossa,
671 3799 732 3852 ab
758 3798 1097 3866 increpatione
1139 3798 1303 3850 vultus
1346 3799 1418 3851 tui
1444 3799 1688 3866 peribunt.
1718 3798 1850 3864 Quia
1893 3800 1972 3854 vi-

393 3887 507 3926 neze
532 3885 849 3942 synagogam
869 3867 1138 3942 Judaicam
1159 3869 1643 3942 comparavit,_jure
1668 3884 1969 3942 sermonem

395 3938 602 4003 dividit,
637 3938 776 3994 nunc
800 3940 868 3993 de
897 3940 1142 4008 imagine,
1177 3954 1316 3992 nunc
1345 3939 1411 3993 de
1451 3938 1554 4009 illis
1592 3940 1720 4008 ipsis
1749 3945 1972 4009 loquens

399 4021 616 4082 preptcr
635 4025 774 4082 quos
813 4010 1103 4082 imaginem
1122 4009 1426 4082 assumpsit.
1462 4007 1680 4082 Incensa
1710 4007 1867 4082 igitur
1890 4020 1972 4082 est

397 4077 514 4149 igni
534 4077 840 4136 Jttdtieorttm
881 4077 1056 4144 vinea,
1096 4079 1146 4150 id
1174 4087 1257 4133 est
1293 4077 1581 4150 synagoga.
1614 4077 1747 4133 Illud
1778 4088 1879 4144 est,
1906 4081 1974 4135 de

394 4148 500 4222 quo
526 4153 772 4206 Christus
793 4150 1056 4222 dicebat:
1091 4148 1411 4222 lgnemtfeni
1454 4151 1653 4222 mittere
1665 4151 1967 4222 _i_n_t_erra_m,

391 4217 436 4276 et
464 4222 582 4290 quid
611 4223 720 4275 volo
750 4221 847 4274 nisi
872 4229 925 4273 ut
950 4217 1262 4290 accendatur
1281 4217 1428 4288 (Luc.
1471 4217 1560 4272 12.
1591 4218 1720 4290 49)?
1745 4217 1874 4290 Ideo
1894 4219 1976 4273 in-

390 4287 560 4361 jectus
601 4293 734 4362 ignis
761 4299 864 4358 est,
897 4301 952 4345 et
980 4290 1206 4362 sullossa
1242 4287 1446 4362 luit,_nt
1483 4303 1543 4343 ea
1573 4288 1820 4362 suffossa,
1852 4287 1974 4342 l'un—

392 4358 699 4418 datnentum
753 4363 805 4416 in
846 4377 909 4414 ea
956 4359 1326 4414 absconditum
1351 4359 1687 4428 detegeretur
1717 4375 1732 4412 :
1757 4358 1824 4412 de
1868 4373 1975 4428 quo

399 4433 561 4488 lsaias
595 4433 730 4487 dixit
754 4449 767 4485 :
797 4429 930 4484 Ecce
955 4446 1044 4500 ego
1072 4429 1299 4500 injiciam
1319 4428 1371 4481 in
1399 4429 1724 4500 fundamenta
1747 4428 1875 4483 Sion
1905 4429 1974 4500 lag

396 4505 564 4572 pidem
589 4502 847 4566 eximium,
875 4498 1104 4563 electum,
1134 4498 1448 4572 angularem,
1481 4499 1792 4572 pretiosum,-
1818 4507 1863 4572 ει
1891 4499 1977 4572 qui

397 4566 562 4656 credet
613 4574 665 4624 in
713 4588 854 4652 eum,
875 4586 975 4623 non
1005 4569 1340 4691 conﬁundetur
1371 4566 1520 4639 (lsai.
1549 4567 1640 4650 ‘28..
1673 4566 1782 4640 16).
1811 4566 1974 4650 Quin-

397 4653 561 4691 etiam
606 4641 766 4691 Dawd
799 4639 1048 4691 dicebat:
1142 4654 1278 4691 emor
1317 4649 1445 4691 esto.
1478 4637 1712 4691 Domine.
1755 4639 1974 4691 ﬁliorum

396 4650 561 4696 etiam
606 4641 766 4695 David
799 4639 1048 4693 dicebat:
1082 4637 1278 4691 Memor
1317 4637 1445 4705 esto,
1478 4637 1712 4704 Domine,
1743 4637 1976 4701 'ﬁliorum

402 4713 566 4766 Edoni
590 4713 639 4765 in
670 4711 752 4763 die
778 4708 1261 4778 Jerusaleni(l’sal.
1294 4709 1417 4762 156.
1451 4709 1506 4778 7)
1533 4724 1546 4772 ;
1577 4708 1821 4763 videlicet
1845 4722 1978 4778 gen-

396 4788 524 4836 tium
560 4798 678 4849 qua:
713 4781 960 4834 dicebant
987 4797 1001 4833 τ
1032 4777 1305 4832 Exinanite
1348 4777 1503 4849 usque
1539 4779 1606 4831 ad
1651 4777 1977 4849 fundamenta

395 4848 744 4935 reatum)-
789 4851 1036 4935 15.2959“
1059 4850 1353 4935 animus
1376 4848 1688 4935 lite-lisse
1727 4848 1976 4935 εετιιξβνξ

395 4916 732 4987 ιὲιῐοιιίιιιιιιιιί,
758 4916 962 4976 scilicet
983 4920 1370 4978 examinantur,
1395 4916 1778 4986 disquirnntur.
1807 4916 1978 4972 donec

397 4995 796 5048 fundamentum
824 4991 1142 5052 detexerint,
1176 4987 1316 5058 qttod
1346 4988 1420 5042 illi
1446 4988 1729 5041 occultant.
1762 4987 1887 5058 Ideo
1911 4988 1978 5042 ab

396 5064 760 5131 increpatione
796 5060 970 5114 vultus
1022 5061 1134 5126 Dei,
1185 5057 1419 5131 intellige
1459 5058 1676 5131 Christi,
1703 5057 1974 5131 peribunt.

399 5128 699 5202 loerepavit
727 5133 874 5186 enim
913 5146 1029 5202 eos,
1061 5129 1202 5199 quod
1227 5129 1406 5183 claves
1435 5128 1671 5202 scientiae
1699 5128 1975 5202 habentes,

396 5197 574 5272 neque
615 5203 726 5273 ipsi
749 5197 1145 5273 ingrediuntur,
1189 5209 1252 5273 _et
1275 5214 1386 5273 _e_os
1414 5199 1502 5268 qui
1549 5197 1750 5266 ingredi
1793 5199 1980 5273 volunt

399 5268 682 5344 prohibent
709 5268 857 5346 (Luc.
886 5273 974 5327 11.
1003 5271 1119 5341 52).
1147 5268 1384 5346 l8_.__I_"iat
1409 5285 1588 5346 manus
1605 5277 1702 5346 tua
1728 5283 1880 5336 super
1907 5269 1982 5320 ui-

396 5340 510 5400 rum
535 5340 755 5398 dextera:
779 5353 898 5408 tute,
925 5352 971 5394 et
1000 5340 1151 5410 super
1191 5340 1384 5393 Filium
1425 5340 1672 5410 hominis.
1688 5354 1831 5407 quem
1859 5354 1981 5410 con-

397 5416 613 5485 ﬁrmasti
641 5414 748 5468 tibi.
779 5407 964 5485 19.;Et
999 5407 1100 5485 non
1133 5411 1450 5464 discedamus
1479 5427 1510 5485 ιι
1532 5419 1596 5463 te.
1631 5409 1814 5464 Virum
1851 5407 1983 5465 dex-

399 5481 528 5540 tera:
556 5485 821 5538 Christum
849 5482 1006 5548 dicit;
1045 5483 1219 5535 virum
1247 5491 1464 5550 preptcr
1494 5481 1791 5550 humanam
1823 5487 1980 5531 natu-

397 5571 512 5609 ram
532 5572 546 5618 ;
565 5555 800 5609 dextera:
815 5555 948 5622 ejus,
972 5555 1142 5622 primo
1157 5549 1367 5621 quidem
1385 5562 1435 5606 ut
1448 5561 1567 5618 pote
1587 5551 1676 5619 qui
1697 5551 1746 5602 in
1765 5549 1981 5603 dextera

402 5625 575 5680 Patris
598 5639 722 5680 cum
741 5639 900 5678 carne
919 5625 1136 5686 sedeat;
1165 5622 1357 5676 deinde
1380 5626 1501 5690 quia
1529 5636 1743 5674 omnem
1774 5630 1984 5673 creatu-

406 5710 517 5751 ram
548 5696 836 5752 constituit.
882 5695 1056 5766 Ipsum
1085 5695 1240 5749 etiam
1276 5692 1465 5747 Filium
1507 5691 1734 5748 hominis
1766 5698 1980 5761 prOpter

1869 237 2060 295 ευυιιι
2070 241 2106 294 Α
2117 279 2130 293 .

3541 239 3631 295 7'33

2075 371 2288 410 Carnem
2338 366 2507 422 vocat,
2542 357 2634 412 sed
2680 365 2733 411 ιιι
2778 358 3106 413 existimaret
3152 358 3292 414 illum
3327 369 3493 415 torum
3523 377 3632 416 cou-

2074 428 2477 498 substantialetn
2520 428 2658 480 Patri
2693 441 2906 495 propter
2946 429 3294 495 divinitatem,
3348 433 3444 495 ait,
3491 433 3634 498 Qum

2071 499 2382 570 conﬁrmasti
2424 497 2528 570 tibi.
2571 499 2915 570 Cot‘tlirmavit
2963 501 3103 553 enim
3135 516 3275 565 eum,
3310 512 3366 555 ιιι
3410 505 3494 570 qui
3513 497 3632 558 deum

2069 569 2343 642 genuerit;
2387 568 2720 642 confirmavit
2748 577 2925 642 autem
2956 571 3076 635 sibi,
3120 571 3247 642 quia
3271 568 3508 641 ejusdem
3547 591 3632 642 po-

2073 638 2279 710 testatis
2309 647 2357 692 et
2392 653 2486 706 per
2523 641 2700 710 omnia
2731 641 2958 694 similem
2995 638 3197 710 genuit.
3228 638 3402 706 Super
3428 643 3522 698 hos
3549 638 3638 698 im-

2072 707 2205 780 mitti
2235 717 2382 778 rogat
2405 725 2619 780 manum
2651 708 2840 772 Patris,
2873 712 2920 762 id
2962 707 3064 776 est,
3095 720 3151 763 ut
3181 713 3440 780 prodeant
3473 715 3522 768 in
3549 730 3636 769 nos

2070 778 2217 849 signa
2258 788 2307 849 et
2345 779 2632 833 miracula:
2663 780 2774 832 lucc
2812 781 3006 848 quippe
3050 778 3207 836 modo
3240 799 3451 849 manus,
3493 787 3636 838 modo

2069 846 2264 917 digitus
2295 848 2382 923 Dei
2411 850 2763 923 appellantur.
2793 846 2920 923 Non
2940 846 3068 904 ultra
3093 865 3270 906 autem
3305 870 3398 921 per
3426 846 3636 923 propin.L

2074 930 2314 994 tam.__au_t
2339 919 2596 994 tleilerum
2637 922 2937 994 quempiam
2970 923 3161 994 virum,
3205 933 3261 976 ut
3288 919 3385 992 per
3411 919 3632 994 Moysen,

2071 1003 2166 1057 per
2193 988 2416 1062 Heliam,
2441 988 2687 1062 tuitipsis
2710 991 2930 1056 similes,
2961 991 3106 1062 signa
3130 988 3302 1060 super
3317 1009 3417 1048 nos
3439 988 3545 1051 tie-ri
3568 988 3637 1050 ro-

2069 1069 2157 1127 gat
2194 1077 2206 1112 :
2229 1060 2319 1113 sed
2339 1076 2430 1127 per
2452 1057 2666 1124 Filium,
2691 1057 3030 1128 promittens,
3047 1063 3090 1114 si
3112 1065 3160 1115 id
3187 1057 3294 1125 l'iat,
3317 1080 3417 1118 nos
3437 1067 3636 1122 minime

2069 1129 2399 1204 discessuros
2421 1131 2486 1183 ab
2508 1145 2572 1184 eo
2603 1148 2616 1184 :
2648 1145 2790 1200 saepe
2821 1148 3047 1204 namque
3069 1133 3436 1204 discessimus.
3474 1134 3636 1204 Vini/i-

2071 1199 2205 1253 cabis
2232 1217 2342 1264 nos,
2376 1211 2421 1252 et
2449 1217 2627 1253 nomen
2659 1199 2801 1253 tuum
2828 1199 3196 1257 int'ocabintus.
3219 1201 3523 1259 ViviliCabis
3552 1199 3636 1260 nos

2069 1283 2203 1339 aqua
2223 1272 2429 1343 vivente
2450 1270 2799 1343 baptismatis.
2818 1270 2967 1343 Tunc
2987 1274 3128 1326 enim
3151 1288 3343 1343 nomen
3364 1275 3478 1343 ejus
3499 1276 3636 1329 ittvoo

2069 1355 2272 1406 camus,
2291 1357 2317 1392 ιι
2337 1340 2547 1395 Christo
2563 1340 2846 1394 Christiani
2868 1345 3054 1396 vocati.
3070 1343 3158 1396 ‘20.
3181 1340 3648 1399 DotttineDeusuir-

2070 1419 2509 1484 ttttuttt,_c0ttcerte
2533 1428 2640 1474 nos,
2665 1421 2709 1464 et
2737 1413 2938 1484 ostende
2959 1414 3136 1484 faciem
3155 1425 3314 1480 luant,
3340 1425 3385 1467 et
3412 1416 3638 1470 salvicri-

2069 1497 2198 1554 mus.
2231 1481 2355 1534 llaec
2381 1480 2686 1550 frequenter
2719 1480 2982 1554 dicuntur.
3013 1483 3123 1536 Non
3147 1484 3290 1538 enim
3321 1486 3374 1538 in
3406 1486 3636 1554 prmseuti

2070 1551 2242 1604 solum
2296 1554 2551 1620 propheta
2593 1553 2889 1620 supplicat:
2923 1554 3213 1607 ostemlens
3256 1569 3358 1610 nos
3406 1551 3508 1609 non
3542 1557 3636 1608 alio

2071 1620 2228 1674 modo
2267 1623 2745 1697 convertititteque
2779 1625 2982 1697 servari
3027 1639 3202 1697 posse,
3232 1641 3393 1693 quam
3441 1641 3535 1697 per
3555 1627 3638 1680 ad-

2070 1701 2287 1747 ventum
2318 1692 2492 1746 vultus
2524 1694 2638 1758 Dei,
2671 1692 2829 1748 Verbi
2859 1694 3060 1748 scilicet
3088 1692 3370 1750 incarnati.

2583 1823 2893 1880 I‘SALMUS
2932 1823 3146 1880 LXXX.

2177 1961 2227 2015 1.
2272 1958 2335 2013 In
2366 1961 2539 2030 ﬁnem,
2567 1977 2658 2031 pro
2684 1961 3037 2016 torcularibus.
3077 1962 3309 2018 Psalmus
3343 1965 3533 2035 Asaplt.

2142 2094 2192 2147 1.
2223 2093 2342 2166 _Cur
2369 2093 2623 2163 propheta
2657 2093 2796 2166 hunc
2826 2095 3090 2149 Psalmum
3132 2096 3268 2151 inter
3292 2113 3390 2152 eos
3429 2099 3514 2166 qui
3556 2114 3640 2166 pro

2071 2163 2421 2237 torcularibus
2452 2165 2688 2237 inscripti
2727 2174 2848 2219 sunt
2879 2167 3112 2220 locavit?
3137 2166 3318 2237 Neque
3369 2163 3507 2223 enim
3539 2163 3636 2222 tor-

2069 2235 2246 2308 colar,
2276 2243 2365 2288 aut
2391 2235 2727 2308 vindemiant,
2762 2237 3133 2308 autpriniitias
3161 2235 3385 2308 ex'agro
3425 2239 3516 2292 hic
3543 2239 3641 2294 ullo

2071 2305 2228 2358 modo
2252 2316 2632 2378 connnetnorat
2659 2324 2670 2360 :
2700 2307 2894 2374 .loseph
2917 2317 3093 2360 autem
3117 2305 3352 2374 adducit,
3376 2313 3463 2378 qui
3484 2311 3643 2378 imago

2069 2385 2118 2430 et
2151 2376 2507 2446 testimonium
2535 2375 2729 2429 Christi
2774 2377 2900 2441 fuit,
2932 2378 3017 2446 qtti
3051 2379 3280 2433 torcular
3322 2375 3642 2434 cruciatntuu

2070 2461 2167 2515 pro
2198 2445 2348 2519 nobis
2373 2447 2612 2519 calcavit,
2637 2455 2695 2500 ut
2720 2447 2831 2519 ipse
2877 2445 2966 2519 per
2996 2447 3143 2502 lsaia:
3175 2450 3506 2519 prophetiam
3549 2451 3639 2503 do-

2069 2519 2179 2570 cuit
2207 2532 2237 2589 :A
2256 2515 2500 2569 Torcttlar
2523 2517 2711 2570 calcavi
2737 2518 2871 2570 solus
2901 2517 3054 2586 (lsai.
3084 2515 3296 2589 65:5).
3328 2523 3439 2575 Cur
3477 2531 3643 2575 autem

2073 2587 2305 2658 torcular
2355 2598 2509 2642 vocat
2559 2589 2868 2641 cruciatus?
2899 2589 3031 2654 Quia
3087 2604 3184 2644 nos
3233 2587 3542 2658 sanguinem
3584 2606 3643 2644 ex

2071 2658 2200 2726 ipsis
2245 2657 2493 2712 liuentem
2523 2658 2676 2710 musti
2707 2659 2873 2712 instar
2904 2659 3144 2714 bibentes
3173 2657 3437 2715 ltetamur.
3462 2661 3514 2714 2.
3548 2660 3644 2714 Ea:-

2069 2728 2255 2782 sultate
2279 2726 2387 2780 Deo
2427 2729 2652 2799 adjutari
2679 2739 2867 2790 nostro,
2889 2730 3106 2798 jubilate
3136 2730 3238 2783 Deo
3271 2731 3453 2785 Iacob.
3486 2733 3643 2786 Probe

2073 2813 2170 2852 nos
2212 2799 2262 2852 in
2305 2799 2412 2851 Deo
2443 2814 2498 2853 nt
2528 2799 2725 2868 potenti
2753 2809 2804 2852 et
2827 2801 3038 2853 sincero
3062 2802 3364 2856 auxiliatori
3393 2803 3643 2858 exsultare

2067 2869 2237 2941 jubet.
2266 2883 2370 2923 non
2397 2869 2446 2922 in
2473 2870 2685 2941 homine
2706 2871 2951 2941 quopiam
2984 2885 2997 2920 :
3033 2887 3201 2941 neque
3229 2874 3372 2925 enim
3403 2874 3536 2940 apud
3559 2874 3643 2928 ho-

2073 2940 2244 3011 mines
2269 2947 2360 2992 aut
2393 2940 2622 3007 potentia
2661 2949 2750 2992 aut
2786 2940 3064 3011 sinceritas
3090 2940 3190 2994 ulla
3222 2953 3470 2996 servatur
3497 2961 3507 2994 :
3531 2945 3642 3011 quia

2071 3010 2248 3064 animo
2270 3011 2466 3080 pariter
2485 3019 2642 3080 atque
2666 3010 2898 3077 potentia
2921 3011 3146 3064 instabili
3169 3023 3308 3065 stitit.
3338 3014 3474 3078 Quin
3495 3010 3639 3067 etiam

2073 3094 2170 3152 nos
2196 3079 2460 3152 exsultare
2485 3079 2648 3146 jubet,
2668 3089 2722 3152 ut
2747 3081 2843 3152 qui
2859 3082 2964 3152 jam
2995 3097 3090 3152 per
3134 3081 3222 3136 Dei
3254 3098 3412 3152 opem
3433 3085 3644 3138 victores

2072 3149 2258 3204 simus.
2276 3151 2382 3203 Deo
2398 3159 2571 3203 autem
2597 3150 2848 3203 cuinam?
2877 3149 2979 3203 Deo
2998 3149 3181 3214 Jacob,
3206 3149 3397 3214 inquit.
3422 3155 3641 3211 Abraha-

2073 3236 2218 3274 mum
2253 3230 2410 3283 tacet,
2445 3221 2678 3274 lsaacum
2709 3222 2934 3283 omittit,
2964 3222 3232 3290 soliusque
3262 3221 3463 3290 Iacob,
3494 3235 3547 3278 ut
3574 3224 3642 3281 rei

2075 3290 2321 3360 pra-senti
2352 3292 2631 3359 opportuni
2665 3291 2922 3346 meminit.
2947 3290 3322 3347 Jubilationem
3373 3310 3498 3349 vero
3537 3310 3640 3349 mc-

2075 3376 2311 3424 morans,
2346 3362 2618 3433 victoriam
2643 3361 2925 3433 quamdam
2949 3373 3039 3414 aut
3063 3363 3366 3433 symbolum
3391 3365 3643 3433 juhilatio-

2075 3447 2196 3486 nem
2237 3447 2357 3486 esse
2383 3432 2701 3503 subindicm.
2734 3430 2825 3484 Illa
2855 3433 3050 3501 quippe
3088 3430 3306 3487 victoria
3341 3430 3493 3489 nobis
3531 3451 3644 3503 sup-

2078 3503 2314 3572 plantato
2341 3517 2432 3570 per
2459 3501 2731 3555 Christum
2775 3503 2928 3572 hoste
2968 3513 3150 3572 parata
3189 3513 3290 3558 est.
3324 3504 3448 3560 Ideo
3491 3501 3643 3559 Deum

2075 3571 2240 3627 Jacob
2271 3573 2390 3644 jure
2432 3572 2745 3644 inmedium
2777 3571 3020 3644 adducit,
3049 3574 3173 3641 quia
3202 3572 3370 3629 Jacob
3403 3576 3640 3644 supplan-

2078 3641 2300 3697 tatorem
2343 3641 2603 3712 signiﬁcat
2627 3641 2774 3715 (Gen,
2807 3643 2895 3715 27.
2924 3643 3040 3715 56).
3069 3644 3120 3697 3.
3149 3645 3347 3699 Sumite
3367 3641 3606 3715 psalmum
3625 3685 3641 3707 ,

2075 3723 2122 3768 et
2164 3716 2278 3766 date
2320 3710 2948 3783 tympanum,psalterium
2977 3710 3264 3782 jucundum
3289 3710 3403 3769 cum
3441 3717 3640 3769 cithara.

2075 3782 2382 3855 Symbolum
2417 3782 2620 3855 Veteris
2651 3782 2972 3855 Testamenti
3006 3793 3312 3853 tympanum
3342 3796 3444 3852 est,
3477 3796 3643 3855 utpote

2075 3853 2215 3924 quod
2259 3868 2446 3906 sonum
2491 3853 3078 3924 emittatﬁinconditnm
3130 3865 3184 3908 et
3235 3856 3516 3910 obscurum
3534 3853 3553 3920 “,
3595 3865 3642 3909 ct

2075 3923 2324 3995 quoniam
2353 3925 2508 3976 Maria
2534 3938 2687 3995 soror
2713 3923 2906 3992 Moysis
2926 3938 3044 3977 cum
3065 3933 3316 3995 tympano
3344 3936 3464 3980 ante
3485 3941 3640 3995 popu-

2076 3996 2184 4050 lum
2235 3994 2536 4048 Judteorum
2585 3994 2808 4046 choreas
2864 3994 3404 4061 agebat.’Psalmista
3454 3994 3639 4051 Novum

2077 4065 2234 4121 etiam
2261 4064 2659 4119 Testamentum
2680 4064 2927 4132 exprimit
2953 4080 2966 4115 :
2994 4064 3192 4120 claram
3221 4067 3364 4120 enim
3391 4077 3442 4121 et
3468 4067 3638 4121 distin-

2078 4144 2216 4207 c_tam
2249 4150 2431 4207 vocem
2459 4134 2774 4207 psallentes
2799 4135 3046 4207 emittunt
3074 4152 3087 4198 ;
3120 4136 3211 4189 illo
3247 4151 3475 4207 namque
3502 4147 3638 4207 pacto

2086 4154 2216 4188 ctam
2249 4154 2431 4189 vocem
2470 4154 2756 4206 psallentes
2799 4154 3046 4188 ιιιιιιιιιιιιι
3074 4154 3087 4198 ;
3120 4154 3211 4189 ιιιο
3247 4154 3369 4190 nam
3412 4154 3475 4191 ne
3502 4154 3636 4207 pacto

2086 4203 2429 4274 Evangelinm
2457 4202 2706 4273 loquitur.
2741 4202 2871 4274 Quia
2909 4204 3068 4273 igitur
3097 4207 3347 4274 populum
3375 4154 3636 4262 gudaicunt

2081 4290 2220 4327 nunc
2243 4273 2548 4342 alloquitur,
2584 4275 2807 4341 illosque
2832 4273 2990 4344 docet
3010 4273 3111 4344 qua
3139 4273 3204 4329 de
3229 4292 3288 4331 re
3313 4278 3568 4332 exsultare
3593 4286 3638 4328 et

2074 4345 2301 4414 jubilare
2351 4345 2612 4414 debeant,
2641 4358 2706 4398 ac
2737 4343 2876 4412 quod
2909 4343 3114 4412 paetum
3151 4361 3272 4400 cum
3313 4347 3540 4402 Ecclesia
3582 4360 3638 4400 es

2077 4413 2322 4485 gentibus
2352 4415 2506 4476 inire,
2526 4413 2670 4468 clare
2701 4415 2817 4468 illos
2849 4414 3091 4468 hortatur
3121 4425 3178 4469 ut
3205 4419 3464 4485 accipiant
3494 4433 3635 4475 nova,

2079 4497 2133 4540 et
2159 4485 2287 4538 dent
2317 4485 2419 4537 illis
2448 4494 2660 4546 vetera;
2693 4485 2775 4537 illa
2807 4485 3000 4553 quippe
3029 4501 3265 4540 connexa
3298 4489 3502 4541 utiliora
3524 4499 3639 4540 eva—

2079 4555 2233 4628 dunt.
2255 4555 2385 4608 Nam
2427 4556 2516 4628 qui
2537 4556 2818 4628 veritatem
2851 4554 3039 4628 habet,
3067 4557 3234 4624 magis
3265 4557 3510 4628 impletur
3530 4571 3637 4610 cum

2081 4626 2363 4695 imaginem
2383 4626 2605 4694 accipit;
2633 4626 2721 4694 qui
2748 4633 2921 4678 autem
2952 4627 3230 4696 imaginem
3261 4626 3436 4693 habet,
3465 4641 3639 4694 magno

2081 4696 2310 4750 afﬁcitur
2334 4695 2590 4766 beneﬁcio
2619 4710 2739 4748 cum
2770 4697 3042 4748 veritatem
3067 4695 3260 4766 accipit
3287 4742 3300 4759 ,
3329 4700 3476 4765 cujus
3496 4710 3638 4750 causa

2083 4767 2364 4834 imaginem
2411 4765 2684 4835 possidet:
2713 4777 3037 4834 quapmpter
3073 4767 3144 4820 ait
3178 4765 3198 4820 :'
3225 4766 3522 4822 Psalterium
3557 4767 3637 4832 ju-

2083 4838 2303 4891 cundunt
2352 4851 2466 4888 cum
2511 4837 2734 4900 cit/tura,
2780 4837 2828 4888 id
2873 4845 2955 4890 est
2997 4851 3128 4890 nova
3179 4853 3300 4891 cum
3348 4838 3635 4891 veteribus:

2083 4905 2526 4977 quemadmodum
2550 4915 2604 4960 et
2625 4907 2873 4977 Salomon
2897 4905 2970 4958 ait
2995 4907 3044 4959 in
3073 4907 3306 4960 Canticis
3329 4926 3342 4963 :
3375 4907 3516 4961 Nova
3540 4920 3638 4977 cunt

2086 4975 2348 5040 ueteribus,
2376 4992 2698 5045 quacumque
2723 4976 2857 5028 dedit
2887 4978 3008 5029 mihi
3035 4987 3194 5029 mater
3219 4994 3329 5030 mea
3349 5020 3362 5040 ,
3381 4979 3534 5044 frater
3558 4975 3636 5032 nti,

2086 5047 2275 5102 servavi
2300 5046 2383 5099 tibi
2410 5047 2596 5116 (Cant.
2617 5047 2671 5101 7.
2697 5047 2823 5117 15).
2854 5046 2960 5117 Cur
2985 5056 3159 5100 autem
3197 5047 3310 5101 haec.
3336 5047 3572 5117 psalterio
3593 5052 3640 5096 et

2087 5118 2306 5173 cithara:
2343 5115 2714 5186 comparavit?
2739 5116 2871 5183 Quia
2899 5115 3010 5170 htrc
3050 5115 3396 5172 instrumenta
3431 5120 3558 5171 inter
3585 5126 3637 5166 se

2088 5199 2213 5242 sunt
2240 5186 2440 5247 ailinia,
2471 5187 2565 5242 sed
2595 5187 2835 5240 diVCI'SttS
2865 5187 3060 5241 habent
3099 5187 3415 5243 chordarum
3446 5198 3596 5241 nexus
3621 5199 3633 5246 ;

2087 5258 2230 5314 aliud
2279 5258 2729 5328 enimsnperne,
2769 5257 2910 5328 aliud
2959 5257 3164 5312 inferne
3204 5260 3498 5328 colligatum
3518 5263 3632 5328 est:

2089 5325 2541 5400 quemadmodum
2565 5327 2726 5400 Vetus
2750 5338 2805 5382 et
2834 5327 3036 5381 Novum
3066 5325 3454 5400 Testamentum
3479 5325 3632 5379 allioia

2089 5398 2228 5456 inter
2253 5412 2311 5451 se
2338 5407 2479 5462 sunt,
2513 5408 2564 5452 et
2586 5398 2652 5452 ad
2680 5413 2839 5452 unum
2867 5412 3084 5466 scopum
3108 5440 3122 5463 ,
3156 5399 3401 5468 pietatem
3429 5409 3632 5468 netnpe,

2089 5469 2378 5539 reSpiciunt
2404 5484 2418 5532 ;
2446 5468 2539 5522 sed
2569 5470 2707 5540 illius
2737 5465 3000 5540 praecepta
3028 5465 3277 5524 deorsum
3321 5475 3548 5540 vergunt,
3577 5465 3635 5540 ob

2094 5534 2407 5613 tenuitatem
2440 5534 2804 5613 mandatorum
2834 5555 2849 5592 :
2879 5534 3020 5594 illius
3043 5555 3172 5596 vero
3199 5534 3633 5613 sursunt,_ob_cei-

2091 5611 2378 5736 sittlid'inem
2424 5622 2476 5663 et
2520 5609 2898 5666 sublimitatem
2928 5627 3108 5667 eorum
3143 5613 3228 5681 qui
3258 5610 3451 5666 Christi
3492 5609 3631 5661 disci-

2098 5699 2207 5736 nut
2252 5689 2458 5735 uerunt.

2098 5683 2207 5756 puli
2229 5683 2458 5735 fuerunt.
