3968 6290
553 305 612 360 51
2016 302 2283 364 SPL'RIA.
3676 318 3758 377 73‘!

518 422 761 478 inimicos
792 419 1124 488 tribulantes,
1150 418 1372 493 illosque
1392 420 1497 493 sub
1527 429 1867 491 conspectum
1890 437 1993 476 non
2013 439 2102 477 ca-

515 498 702 548 dentes
732 493 1056 559 humiliavit;
1097 494 1190 549 sed
1235 491 1339 546 non
1381 491 1684 548 Judmorum
1712 507 1905 547 causa:
1934 508 2097 548 cornu

516 579 746 634 namque
777 564 1080 618 daemonum
1125 565 1412 619 etiamnum
1456 579 1617 634 super
1649 562 1764 634 illos
1804 565 2096 628 evaltatur;

514 635 608 690 sed
638 633 689 688 in
719 645 960 688 nostrum
993 636 1228 705 gentium
1276 634 1498 704 gratiam
1544 633 1799 686 humiliati
1832 644 1976 696 sunt,
2009 636 2096 704 qui

515 706 644 773 ipsis
672 705 981 760 servitutem
1008 706 1333 774 negavimus.
1362 719 1651 773 eorumque
1673 705 1869 757 cultum
1892 706 2101 758 destru-

516 779 708 830 ximus.
733 776 1089 843 Quamobrem
1120 775 1284 829 iratus
1314 774 1511 830 Judmis
1534 775 1669 828 Deus
1690 775 1830 841 ipsos
1851 776 2099 830 inimicos

514 846 616 901 sibi
647 847 852 909 statuit,
903 855 960 899 ut
1001 846 1271 917 sequentia
1313 846 1619 901 declarant:
1652 844 1738 898 16.
1766 843 1969 917 Inimici
1998 846 2101 900 Do-

515 919 641 971 mini
666 918 855 970 mentiti
898 925 1012 970 sunt
1041 916 1104 981 ei,
1147 926 1195 971 et
1233 918 1326 970 erit
1370 925 1564 985 tempus
1601 931 1775 968 eorum
1811 916 1862 969 in
1892 917 2095 970 stvcula.

516 988 739 1049 Inimici,
766 987 1016 1055 quinam?
1050 988 1121 1042 De
1156 987 1345 1057 quibus
1375 986 1566 1041 Paulus
1592 987 1830 1057 dicebat:
1861 985 2100 1057 Inimicos

398 1082 405 1086 >
460 1106 466 1111 .
516 1060 678 1111 crucis
707 1057 913 1123 Christi,
938 1073 1150 1127 quorum
1176 1056 1296 1125 ﬁnis
1314 1058 1541 1111 interitus
1561 1056 1781 1128 (Philip.
1801 1058 1853 1111 5.
1878 1057 1962 1111 18.
1986 1056 2095 1128 19).

517 1129 746 1197 Ideoque
777 1138 984 1195 tempus
1019 1142 1225 1192 eorum,
1255 1128 1305 1182 id
1334 1137 1437 1192 est,
1470 1127 1682 1181 ultionis
1708 1127 1835 1197 ipsis
1868 1128 2102 1183 inferen-

515 1201 621 1265 the,
653 1196 702 1253 in
735 1197 909 1252 futuro
935 1199 1129 1252 smculo
1151 1198 1263 1252 fore
1283 1200 1636 1253 comminatus
1668 1207 1767 1252 est.
1800 1196 1852 1250 In
1876 1213 1981 1268 quo
2006 1214 2102 1251 au-

518 1280 622 1322 tem
650 1269 856 1323 mentiti
888 1268 1045 1323 sunt?
1074 1269 1206 1336 Quia
1247 1270 1360 1336 ipse
1401 1270 1467 1323 ad
1514 1268 1654 1328 illos,
1705 1277 1761 1321 ut
1788 1268 1853 1321 ad
1888 1270 2096 1337 propria

514 1342 679 1405 venit,
708 1338 771 1392 Et
786 1341 862 1393 sui
877 1355 1013 1403 eum,
1035 1349 1094 1394 ut
1118 1342 1192 1395 ait
1211 1339 1464 1404 Joannes,
1489 1355 1588 1393 non
1606 1348 1901 1406 receperunt
1918 1338 2097 1409 (Joan.

514 1414 567 1466 1.
610 1411 719 1481 11).
754 1411 838 1465 17.
871 1410 1062 1464 (.‘ibavit
1101 1426 1184 1465 eos
1211 1427 1274 1465 ea:
1300 1409 1452 1479 adipe
1477 1410 1736 1481 frumenti,
1783 1418 1829 1462 et
1867 1408 1933 1462 de
1960 1419 2100 1481 petra

512 1482 661 1535 melle
680 1480 922 1535 saturavit
943 1498 1046 1535 eos.
1078 1481 1209 1551 Ipsis
1235 1481 1334 1535 hoc
1358 1480 1645 1550 exprobrat
1667 1494 1890 1551 narrans
1910 1480 2100 1548 quibus

513 1552 686 1606 atii-eti
712 1552 1003 1615 beneﬁciis,
1033 1549 1223 1622 ingrati
1249 1549 1561 1616 manserint,
1586 1566 1684 1620 per
1703 1549 1970 1622 sensibilia
1993 1551 2103 1619 spi-

512 1623 721 1677 ritualia
766 1620 1126 1677 subindicans.
1173 1624 1446 1677 Frumenti
1489 1623 1632 1676 enim
1676 1620 1885 1690 adipem
1928 1621 2098 1691 legem

512 1704 688 1758 vocat,
720 1693 789 1747 ob
814 1694 1057 1762 spiritum
1089 1693 1468 1748 inhabitantcm
1491 1693 1542 1746 in
1567 1693 1715 1746 litera
1740 1710 1752 1745 :
1778 1700 2102 1761 quapropter

512 1764 566 1818 in
594 1764 699 1818 alio
726 1764 935 1819 Psalmo
958 1765 1052 1830 ait,
1076 1762 1175 1833 Qui
1202 1766 1367 1831 posuit
1394 1766 1519 1833 ﬁnes
1545 1773 1657 1833 tuos
1674 1778 1864 1833 pacem,
1886 1770 1929 1814 et
1946 1764 2100 1833 adipe

517 1836 759 1907 frumenti
785 1836 939 1907 satiat
952 1843 1008 1907 te
1040 1831 1208 1907 (Psal.
1235 1835 1357 1907 147.
1390 1835 1446 1907 ὃ.
1477 1831 1634 1907 [14]).
1666 1831 1943 1907 Quodnam
1972 1831 2096 1886 illud

515 1903 586 1958 sit
623 1906 674 1959 in
704 1903 1057 1972 sequentibus
1087 1904 1274 1959 docet:
1311 1905 1408 1969 Qui
1437 1903 1616 1958 emittit
1657 1903 1913 1972 eloquium
1950 1919 2099 1956 suum

512 1985 661 2030 terra:
679 1972 842 2044 (Ibid.
863 1989 910 2027 υ.
929 1975 979 2029 4.
1003 1972 1159 2046 [15]).
1180 1974 1280 2046 Mel
1298 1989 1534 2046 namque
1555 1990 1619 2028 ex
1647 1983 1791 2043 petra
1816 1973 2100 2046 prophetas

518 2042 787 2115 appellat:
820 2042 1069 2115 quoniam
1098 2042 1142 2098 ‘a
1185 2045 1415 2110 Christo,
1445 2042 1533 2114 qui
1566 2042 1712 2114 petra
1741 2052 1843 2109 est,
1875 2042 2102 2115 prOphe-

517 2112 640 2170 tiam
669 2112 883 2179 habent,
913 2130 1018 2185 qua
1049 2115 1191 2184 ipsos
1221 2116 1435 2170 satiavit
1462 2112 1622 2177 Deus,
1651 2129 1756 2168 non
1789 2112 2096 2182 pmphetam

515 2201 681 2313 qutunJ
705 2185 839 2241 dans
867 2195 959 2240 aut
982 2185 1229 2252 alterum,
1257 2186 1350 2242 sed
1372 2185 1566 2241 multos
1594 2186 1648 2239 in
1673 2185 1851 2238 multis
1874 2199 2098 2254 genera-

515 2268 644 2312 tiont
687 2271 767 2313 us.
872 2284 885 2289 ’

513 2268 767 2313 tionibus.

767 2328 820 2383 1.
848 2325 1140 2383 Intellectus
1168 2324 1363 2397 Asaph.
1397 2325 1635 2381 Psalmus
1666 2341 1852 2397 LXXXI.

585 2398 771 2454 Brevis
793 2406 875 2455 est
898 2400 1171 2468 inscriptio
1192 2398 1387 2454 Psalmi
1411 2415 1425 2452 :
1459 2398 1560 2452 hoc
1584 2398 1723 2452 enim
1752 2397 1911 2468 habet
1938 2411 2096 2467 argu-

511 2480 750 2525 mentum
778 2488 790 2523 :
820 2466 1244 2524 adhortationem
1270 2469 1334 2523 ad
1356 2468 1616 2539 justitiam
1643 2478 1697 2521 et
1724 2466 2097 2535 reprehensio-

512 2555 657 2606 nem,
686 2540 827 2609 quod
856 2539 939 2594 his
958 2555 1062 2593 non
1089 2538 1415 2594 adhzereant.
1443 2538 1580 2593 Deus
1607 2539 1736 2592 stetit
1762 2539 1813 2591 in
1839 2554 2098 2608 synagoga

510 2611 737 2678 deorum,
767 2611 821 2665 in
839 2611 1002 2664 medio
1030 2621 1198 2663 autem
1226 2612 1346 2664 deos
1372 2610 1637 2680 dijudicat.
1670 2609 1853 2678 Magna
1876 2609 1990 2662 lucc
2014 2617 2098 2663 est

514 2682 604 2735 Dei
626 2696 748 2752 erga
776 2696 874 2736 nos
903 2680 1662 2752 liberalitatis,demonstratur,
1683 2680 1804 2752 quia
1822 2693 1969 2752 suam
1997 2694 2095 2748 ap-

513 2749 851 2822 pellationem
887 2751 1099 2822 opiﬁcio
1124 2751 1307 2821 Opifex
1350 2750 1555 2805 indidit.
1597 2749 1664 2822 Et
1692 2749 1805 2822 ipse
1838 2751 1974 2803 Deus
2004 2764 2096 2818 per

512 2821 879 2878 excellentiam
904 2821 1095 2883 dictus,
1120 2822 1255 2876 hanc
1278 2823 1501 2891 gratiam
1524 2821 1846 2892 quibusdam
1867 2835 2092 2892 conces-

510 2895 600 2955 sit,
626 2903 680 2948 ut
704 2893 951 2949 similiter
969 2890 1321 2957 vocarentur;
1352 2893 1417 2946 iis
1447 2890 1638 2961 nempe
1658 2893 1745 2961 qui
1772 2890 2097 2960 principatus

510 2965 820 3033 dignitatem
866 2964 1160 3019 secundum
1205 2964 1376 3018 zelum
1426 2963 1516 3017 Dei
1566 2963 1801 3033 omnium
1843 2962 2095 3033 principis

512 3032 728 3103 habent,
773 3044 827 3089 et
864 3046 1097 3089 servant.
1141 3033 1496 3100 Quamobrem
1533 3047 1674 3087 nunc
1711 3032 1842 3103 deos
1893 3032 2010 3103 illos
2062 3045 2095 3086 e

514 3108 712 3175 pepulo
766 3106 854 3175 qui
926 3105 1345 3175 praeemipebant
1408 3103 1730 3175 appellavit,
1774 3102 1842 3175 de
1901 3102 2095 3175 quibus

510 3173 670 3231 etiam
698 3173 904 3247 Μυῇπεε
927 3173 1067 3247 dixit
1090 3192 1103 3247 ξ
1136 3173 1390 3247 Diisnon
1407 3173 1764 3247 maledieeszet
1786 3174 1848 3247 de
1868 3173 2096 3242 principe

512 3248 688 3318 populi
714 3240 906 3318 tui'non
930 3246 1063 3300 male
1085 3246 1298 3316 loqueris
1320 3244 1520 3318 (Exod.
1543 3245 1633 3318 22.
1664 3240 1778 3316 28).
1802 3240 2000 3297 verum
2028 3258 2094 3297 ex

512 3315 617 3371 illis
645 3333 739 3373 eos
760 3315 848 3384 qui
871 3332 1085 3372 veraces
1109 3315 1253 3383 sunt,
1281 3326 1332 3370 et
1357 3316 1443 3385 qui
1470 3315 1778 3385 dignitatem
1807 3327 1953 3385 suam
1986 3328 2092 3368 non

510 3383 890 3451 ementiuntur,
936 3389 1130 3457 quique
1172 3383 1491 3457 prophetae,
1524 3383 1615 3440 aut
1658 3383 1961 3457 sacerdotii,
2004 3391 2097 3438 aut

511 3460 706 3512 ducum
733 3454 998 3513 exercitus
1024 3454 1334 3525 digniiatem
1367 3456 1605 3510 obtinent
1624 3496 1639 3522 ,
1680 3464 1826 3509 tanto
1850 3454 2096 3525 dignatur

513 3530 736 3594 honore,
764 3539 826 3582 ut
852 3535 956 3582 stet
986 3529 1039 3582 in
1082 3529 1291 3582 illorum
1323 3541 1618 3597 synagoga,
1646 3524 2091 3597 quemadmodum

510 3601 585 3652 ait
612 3600 913 3670 psahnista;
946 3612 1040 3670 eos
1068 3607 1244 3670 autem
1270 3595 1366 3670 qui
1391 3595 1488 3670 sibi
1516 3598 1752 3670 pra-stilo
1778 3595 1984 3670 honore
2010 3597 2094 3649 in-

511 3666 667 3739 digna
699 3668 954 3736 fecerant,
997 3669 1051 3723 in
1083 3669 1256 3723 medio
1284 3666 1557 3739 dijudieat,
1590 3668 1693 3739 hoc
1721 3676 1832 3739 est,
1867 3666 1918 3720 in
1959 3680 2091 3720 con-

508 3737 696 3811 spectu
737 3740 911 3795 omnis
947 3748 1223 3811 creaturae,
1262 3737 1518 3811 dignitate
1556 3745 1611 3792 et
1651 3737 1833 3811 habitu
1875 3751 2095 3811 prorsus

508 3808 783 3866 dbnudans
812 3826 934 3872 eos,
973 3820 1027 3865 et
1070 3808 1370 3874 traducens,
1402 3810 1522 3879 quia
1553 3824 1673 3862 cum
1705 3808 1967 3876 imperare
1994 3808 2093 3861 de-

509 3884 768 3949 buissent,
794 3882 892 3949 ipsi
915 3889 1098 3937 contra
1119 3880 1369 3952 nequitiae
1391 3880 1614 3952 imperio
1635 3896 1692 3933 se
1718 3879 2089 3952 subjecerunt;

507 3969 644 4024 quos
688 3952 1140 4024 prapheta__modo
1165 3949 1604 4024 corripit,_tnodo
1639 3953 1882 4024 hortatur
1912 3949 1964 4024 in
2002 3964 2092 4024 se-

507 4021 810 4096 quentibus.
843 4023 898 4077 2.
930 4021 1195 4096 Usquequo
1215 4021 1462 4096 iudicatis
1480 4021 1825 4096 iniquitatem,
1865 4030 1911 4074 et
1939 4021 2094 4096 facies

508 4091 821 4167 peccatorum
846 4091 1327 4167 sumitisll'ulchre
1371 4091 1517 4167 illud,
1545 4091 1832 4167 Usquequo,
1882 4091 2094 4167 praemi:

507 4161 597 4230 sit,
628 4166 919 4221 ostendens
943 4166 1064 4220 illos
1084 4165 1136 4218 in
1165 4165 1439 4235 iniquitate
1465 4162 1554 4217 diu
1582 4161 1890 4235 peijsistere,
1921 4169 1971 4216 et
1995 4161 2088 4235 Dei

510 4238 843 4309 tolerantiam
869 4251 976 4291 non
1019 4231 1439 4309 persentiscere;
1471 4248 1535 4288 ac
1572 4231 1718 4287 nullo
1746 4232 1905 4286 modo
1941 4231 2097 4309 eogi-

509 4317 623 4363 tam
652 4304 859 4377 tempus
888 4301 1114 4362 tratisire
1141 4315 1300 4376 atque
1329 4314 1757 4377 praetercurrere,
1785 4301 2093 4377 quo_ela_pso

509 4382 717 4448 iniquos
762 4372 892 4434 ultio
927 4377 1139 4433 invadet
1167 4395 1180 4431 :
1210 4372 1537 4446 quapropter
1568 4374 1808 4443 judicant
1837 4372 2090 4448 iniquieaf

512 4442 641 4513 teni,
668 4459 720 4502 et
747 4448 907 4503 facies
934 4442 1270 4517 peccatorum
1294 4442 1530 4512 sumunt,
1559 4442 1681 4500 eum
1707 4451 1975 4517 oporteret
1999 4442 2092 4497 Dei

511 4520 827 4575 sententiam
879 4513 1074 4588 ubique
1122 4527 1293 4583 stare,
1326 4533 1441 4588 Aqui
1486 4516 1744 4585 justitiam
1791 4513 2089 4577 desiderat,

513 4590 809 4660 ideoquein
834 4585 1058 4660 singulis
1080 4588 1289 4660 judiciis
1317 4585 1507 4660 faciem
1531 4599 1681 4640 suam
1710 4593 2088 4660 repraesentat;

511 4662 582 4716 ita
615 4653 671 4714 ui
710 4653 1123 4730 Moyses'dicat':
1154 4657 1523 4730 Nondaccipies
1562 4670 1827 4730 personant
1872 4656 1925 4730 in
1945 4653 2094 4724 judi-

511 4733 611 4799 cio,
642 4730 761 4801 quia
791 4725 1006 4801 '_Domini
1047 4738 1118 4783 est
1137 4728 1392 4798 judicium
1418 4725 1681 4801 (Deut._1:
1721 4728 1744 4801 l_
1756 4726 1833 4796 7).
1864 4725 1973 4801 Cur
1995 4739 2093 4801 aut

512 4796 617 4857 tem
654 4796 751 4868 ait,
781 4798 989 4853 Faciem
1028 4796 1342 4868 peccatorum
1384 4796 1621 4868 sumitis?
1648 4797 1780 4863 Quia
1803 4796 1977 4868 omnis
2002 4796 2088 4864 qui

503 4865 762 4944 justitiam
813 4865 1163 4944 corrumpere
1194 4869 1392 4933 studet,
1439 4877 1494 4923 et
1535 4867 1788 4935 judicium
1821 4865 2092 4944 adversus

512 4936 810 5015 proximum
837 4942 958 4996 ferri
1001 4936 1210 5015 satagit:
1226 4953 1386 5015 _vere_
1402 4946 1646 5015 peccator
1671 4945 1759 5015 est
1775 4977 1789 5000 ,
1821 4936 1943 5015 licet
1964 4936 2092 5004 justi

509 5007 743 5080 speciem
772 5029 880 5084 pra:
908 5026 966 5066 se
996 5007 1151 5084 {erat}
1181 5007 1728 5084 Diapsalmajndmtit,
1758 5008 1879 5076 quia
1905 5021 2093 5084 repre-

511 5077 824 5141 hensionem
850 5084 903 5138 in
937 5083 1217 5138 consilium
1258 5077 1444 5136 mutat.
1475 5080 1527 5133 5.
1551 5077 1788 5131 Judicate
1822 5077 2019 5146 pupillo
2046 5086 2093 5131 et

511 5159 772 5222 mendico,
814 5154 1054 5209 humilem
1083 5163 1130 5208 et
1171 5168 1438 5223 pauperem
1454 5149 1752 5225 justi/icate.
1787 5148 1900 5225 Non
1932 5147 2090 5225 dicit,

510 5218 947 5296 Judicate'justo,
977 5239 1150 5296 neque
1171 5218 1478 5296 propheta,
1512 5236 1680 5291 neque
1702 5219 1994 5296 sacerdoti,
2026 5218 2094 5273 de

511 5301 701 5369 quibus
722 5290 863 5369 Deus
882 5296 952 5369 ita
981 5290 1255 5369 praecipit:
1275 5290 1459 5369 Nolite
1478 5303 1680 5369 tangere
1702 5290 1915 5369 chrisma
1937 5306 2090 5369 meus,

509 5360 556 5424 et
583 5367 935 5441 inipropltetis
963 5360 1098 5441 meis
1124 5360 1279 5441 nolite
1316 5360 1584 5441 malignari
1610 5361 1778 5434 (Psal.
1806 5361 1932 5441 ἰοί.
1977 5360 2091 5441 15)Σ

509 5442 606 5497 sed
635 5430 848 5510 Pupilla
872 5437 1020 5510 dicit,
1062 5436 1329 5510 mendico,
1357 5430 1562 5510 humili,
1603 5430 1842 5510 pauperi,
1885 5430 2095 5498 Quare?

510 5512 641 5580 Quia
677 5504 780 5565 illis
812 5509 1025 5579 quidem
1064 5507 1580 5580 iniuriatti_accipere
1622 5504 1889 5580 convenit,
1913 5517 2094 5580 quem-

510 5573 797 5638 admodum
831 5573 1040 5635 'Paulus
1086 5578 1213 5634 dicit
1244 5596 1258 5634 :
1292 5573 1470 5642 Quare
1504 5591 1603 5630 non
1652 5573 2095 5646 magisinjuiiam

509 5653 774 5723 accipitis?
792 5667 947 5723 quare
970 5668 1071 5723 non
1102 5650 1260 5723 magis
1290 5649 1528 5723 fraudem,
1541 5643 1769 5723 patimini
1792 5645 1866 5723 (I_.
1895 5645 2013 5723 Cor.
2038 5643 2092 5698 6.

512 5716 730 5795 7)ΥἸ1ἱε
754 5716 884 5776 vero
906 5716 1238 5778 intolerabile
1263 5716 1346 5775 est
1368 5720 1619 5795 injurium
1643 5717 1772 5795 pati,
1799 5716 1869 5769 ob
1895 5716 2095 5768 instan-

512 5788 623 5852 tem
652 5810 714 5853 es
746 5801 901 5847 :etate
936 5802 1027 5848 aut
1057 5808 1121 5848 es
1165 5788 1435 5862 pauperie
1461 5788 1822 5845 inﬁrmitatem
1855 5803 1867 5836 ε
1907 5801 2093 5858 quam-

2211 428 2393 501 qbrem
2447 426 2549 482 illis
2596 425 2864 498 Iegislator
2911 429 3281 486 vehementius
3329 429 3689 501 patrocinatur.
3712 439 3755 491 l.

2208 495 2256 570 If:
2260 498 2302 549 ri
2307 495 2708 570 pitepauperem,
2736 511 2780 553 et
2802 517 3011 569 egenum
3031 504 3094 553 de
3109 518 3263 554 manu
3282 495 3552 570 peccatoris
3566 505 3757 560 liberate.

2205 567 2461 642 Quaside
2492 568 2620 624 feris
2640 567 2958 642 agreSIilitts,
2986 571 3054 626 de
3092 572 3155 625 iis
3177 567 3549 642 qui'iujustitia
3578 586 3627 628 et
3653 593 3755 629 an.

2206 639 2323 712 ritia
2356 638 2704 712 delectantur,
2754 641 3004 708 loquitur,
3036 638 3363 712 quapropter
3384 644 3509 698 alibi
3533 646 3603 698 ait
3631 665 3644 698 :
3681 646 3754 701 la-

2204 708 2418 761 sidiatur
2437 712 2502 783 in,
2517 710 2806 764 abscondito
2827 716 2972 783 quasi
2993 708 3070 766 leo
3094 708 3156 767 in
3174 708 3413 783 spelunca
3433 731 3524 768 sua
3545 732 3564 768 :
3583 717 3758 770 insidia-

2205 787 2287 854 tur
2312 790 2366 831 ut
2390 780 2557 849 rapiat
2587 780 2860 852 pauperem
2891 782 3058 851 (Psal.
3087 784 3170 838 10.
3202 780 3283 853 9).
3317 784 3495 853 Itaque
3519 787 3602 854 qui
3632 800 3759 841 ment

2203 846 2378 924 dicum
2416 846 2610 924 servat,
2633 846 3212 924 pastorisdignitatem
3243 846 3422 924 'atque'
3445 846 3661 921 preiium
3688 874 3755 911 rr-

2206 918 2337 983 lert;
2365 919 3054 993 pastoris,inquam,illius,
3091 925 3180 993 qui
3207 918 3547 992 semetipsum
3576 928 3757 983 tradam

2207 1004 2303 1057 pro
2334 993 2485 1065 nobis
2521 1005 2601 1065 ex_
2623 992 2984 1065 Spiritualibus
3019 992 3126 1065 nos
3165 993 3301 1049 feris
3320 997 3547 1062 eripuit;
3575 998 3655 1065 qui
3679 1013 3754 1051 au-

2207 1071 2311 1113 tem
2339 1060 2479 1125 rapit
2498 1069 2551 1113 et
2572 1061 2831 1127 devastat,
2852 1064 2990 1117 inter
3011 1062 3148 1117 feras
3170 1060 3498 1120 numeratur.
3525 1060 3756 1124 Ut'autem

2205 1130 2256 1202 in
2282 1129 2434 1202 nobis
2459 1131 2648 1200 injuria
2681 1132 2988 1187 aﬂ'ectorum
3019 1137 3367 1200 patrocinium
3390 1137 3655 1202 adaugent,
3682 1141 3758 1191 ad-

2202 1201 2357 1272 didit,
2398 1204 2479 1254 De
2507 1218 2659 1255 manu
2688 1205 2961 1272 peccatoris
3000 1203 3222 1270 liberate,
3252 1214 3309 1260 ut
3335 1205 3401 1260 ad
3431 1201 3755 1263 defensionem

2205 1271 2534 1345 festinemus,
2565 1272 2609 1326 si
2648 1274 2861 1345 quando
2900 1274 3174 1330 videamus
3204 1276 3449 1345 injuriam
3480 1277 3754 1334 inferentem

2204 1340 2508 1407 inﬁrmum,
2560 1351 2614 1396 et
2663 1340 2781 1398 sine
2832 1340 3300 1401 commiseratione
3350 1362 3494 1402 esse.
3549 1348 3757 1403 Inﬁrmus

2203 1411 2399 1489 quippe
2424 1423 2506 1466 est
2528 1424 2820 1489 peccator,
2871 1423 3053 1483 utpote
3078 1417 3167 1489 qui
3209 1416 3262 1470 in
3291 1417 3456 1489 Deum
3502 1419 3752 1489 impingat;

2203 1483 2319 1556 sine
2348 1483 2811 1556 commiseratione
2839 1497 3037 1556 autem,
3060 1483 3183 1556 quia
3211 1503 3277 1542 ne
3300 1487 3399 1542 sibi
3431 1483 3636 1556 quidem
3659 1483 3758 1556 im;

2205 1504 2319 1537 sine
2348 1504 2811 1539 commiseratione
2839 1504 3037 1549 autem,
3060 1504 3183 1556 quia
3211 1504 3277 1542 ne
3300 1504 3399 1542 sun
3470 1504 3636 1544 maem
3661 1505 3758 1556 par-

2205 1552 2296 1615 cit,
2323 1553 2520 1628 ncdum
2548 1555 2721 1628 alteri.
2749 1555 2815 1628 5._
2833 1555 3131 1628 Nescierunt
3155 1574 3311 1628 neque
3336 1504 3692 1621 intellexerunt,
3715 1561 3758 1612 is

2205 1623 2416 1678 tenebris
2462 1625 2741 1679 ambulant.
2785 1625 2923 1692 Quid
2968 1623 3314 1683 nescierunt?
3340 1628 3621 1684 Praisentis
3659 1632 3758 1684 vita:

2204 1703 2398 1748 Statum
2449 1693 2978 1769 ﬂ_uxu_m,nbumana2
3025 1697 3145 1752 vita:
3190 1698 3617 1762 instabilitatem;
3660 1704 3758 1769 quia

2204 1778 2359 1840 agros
2382 1766 2544 1840 agris,
2574 1766 2818 1822 domibus
2840 1768 3032 1840 dooms
3059 1769 3372 1840 adiungunt,
3405 1783 3644 1840 smpeqee
3668 1766 3758 1824 hac

2207 1834 2435 1890 inimicis
2461 1838 2570 1891 suis
2612 1839 2967 1891 accumulant.
2999 1838 3137 1906 Quid
3164 1834 3338 1894 autem
3368 1834 3498 1894 nou'
3519 1834 3759 1896 intellexe~

2205 1909 2365 1979 eum?
2398 1907 2544 1975 Ipsos
2578 1908 2719 1962 circa
2750 1909 2967 1976 minima
2994 1918 3300 1979 occupatos,
3343 1911 3627 1978 majoribus
3661 1925 3760 1965 sese

2206 1974 2449 2050 fraudare
2472 1995 2486 2041 ;
2514 1987 2839 2047 quapropter
2868 1974 3179 2034 intenebris
3218 1974 3472 2050 nequitia:
3499 1981 3756 2046 ambulant,

2203 2046 2286 2121 ad
2302 2048 2470 2121 lucem
2493 2046 2756 2121 accedere
2767 2050 3142 2121 erubescentes
3165 2068 3176 2103 :
3204 2046 3385 2104 Omnis
3401 2052 3533 2105 enim
3547 2053 3628 2121 qui
3650 2052 3760 2104 mala

2203 2118 2325 2186 agit.
2354 2119 2458 2171 odit
2498 2120 2658 2172 lucem
2696 2117 2876 2183 (Joan.
2910 2121 2961 2174 5.
2990 2120 3109 2189 20),
3154 2130 3210 2174 ιιι
3252 2121 3454 2176 Paulus
3491 2117 3630 2176 dicit.
3662 2122 3760 2176 Ideo

2203 2190 2360 2261 etiam
2386 2188 2609 2261 fortasse
2636 2189 2878 2260 objurgat
2899 2190 3037 2261 illos,
3061 2188 3199 2261 quod
3235 2194 3286 2245 in
3324 2192 3564 2247 tenebris
3602 2193 3759 2246 antlia-

2203 2256 2392 2333 lantes,
2419 2256 2892 2333 nescierint—neque
2913 2256 3276 2333 intellexerint
3292 2262 3346 2316 id
3367 2262 3513 2332 quod
3532 2264 3759 2333 sequitur.

2202 2328 2480 2402 Quodnam
2517 2330 2683 2402 illudil
2711 2328 2846 2402 Audi
2876 2350 2889 2386 :
2915 2330 3215 2386 Moneantur
3248 2328 3420 2386 omnia
3462 2328 3760 2402 fundamenta

2202 2408 2365 2453 terrae.
2393 2400 2543 2473 Quod
2573 2402 2616 2455 si
2650 2399 2989 2473 fundamenta
3014 2412 3171 2457 terra:
3192 2399 3495 2465 meventur,
3526 2404 3759 2473 qumodo

2207 2479 2457 2539 poterunt
2509 2472 2560 2525 in
2615 2472 2703 2526 illa
2758 2473 3018 2527 manere?
3073 2473 3166 2527 His
3226 2473 3296 2528 ita
3348 2488 3409 2528 se
3479 2472 3760 2528 habentibus

2201 2555 2307 2613 cur
2328 2539 2544 2613 fratrem
2573 2540 2900 2607 fraudamus,
2927 2557 3023 2597 cur
3037 2559 3261 2613 egenum
3288 2544 3639 2613 comedinius,
3660 2559 3757 2598 cum

2202 2612 2377 2686 mullus
2408 2611 2540 2686 hinc
2570 2613 2723 2686 nobis
2759 2614 2969 2686 ‘l'ructus
3005 2611 3244 2686 oriatur?
3286 2613 3342 2669 6.
3375 2611 3492 2686 Ego
3537 2615 3669 2681 dixi,
3702 2615 3759 2666 dii

2205 2684 2345 2748 estis,
2376 2693 2420 2735 et
2446 2682 2541 2752 ﬁlii
2568 2682 2769 2737 Excelsi
2794 2699 2987 2738 omnes.
3020 2685 3072 2739 7.
3102 2683 3203 2737 Vos
3224 2694 3393 2737 autem
3420 2682 3548 2739 s'icut
3568 2686 3759 2738 honiines

2200 2754 2502 2819 moriemini,
2526 2763 2571 2807 et
2589 2755 2713 2807 sicut
2733 2770 2861 2825 unus
2877 2756 2938 2808 de
2961 2755 3274 2825 principibus
3297 2755 3515 2810 cadetis.
3538 2754 3758 2821 Quando-

2199 2837 2321 2876 nam
2349 2839 2534 2879 omnes
2573 2838 2692 2879 esse
2721 2824 2851 2879 deos
2891 2834 2944 2879 et
2987 2824 3417 2880 liliosAltissinti
3461 2825 3759 2881 declaravit?

2199 2892 2315 2948 Non
2346 2896 2486 2949 enim
2511 2895 2738 2964 amplius
2765 2894 2832 2949 de
2858 2896 3186 2965 principibus
3214 2905 3445 2961 tantum,
3475 2896 3567 2951 sed
3586 2895 3648 2951 de
3671 2902 3760 2949 toto

2198 2978 2393 3036 genere
2448 2965 2681 3020 humano
2729 2967 2980 3035 loquitur.
3034 2967 3194 3021 Certe
3248 2968 3467 3036 quando
3522 2967 3756 3021 hominem

2199 3034 2494 3106 etl‘ormiavit
2540 3036 2709 3097 Deus.
2757 3034 3026 3106 dignitatis
3072 3037 3231 3092 talem
3265 3034 3642 3092 'detinitionem
3685 3036 3759 3090 de-

2197 3104 2277 3160 dit
2319 3122 2332 3159 :
2364 3105 2641 3161 Faciamus
2685 3104 2937 3180 hominem
2980 3108 3050 3161 ad
3087 3108 3358 3180 imaginem
3400 3119 3450 3163 et
3498 3107 3755 3163 similitudi-

2200 3193 2313 3230 nem
2358 3187 2632 3242 nostram;
2673 3187 2723 3229 et
2767 3179 3089 3232 dominentur
3131 3177 3364 3232 omnibus
3409 3180 3623 3248 piscibus
3666 3194 3755 3230 ma-

2198 3249 2270 3301 ris
2287 3288 2302 3314 ,
2328 3257 2375 3301 et
2403 3248 2693 3321 uolatilibus
2715 3249 2852 3321 ctrli,
2878 3258 2930 3321 et
2944 3249 3224 3321 jumentis,
3254 3258 3301 3321 e_t
3329 3252 3579 3304 universa!
3617 3257 3753 3321 terra,

2198 3327 2246 3371 et
2276 3319 2506 3373 omnibus
2530 3319 2806 3391 rreptilibus
2837 3318 2990 3391 (Gen.
3026 3322 3077 3375 1.
3106 3320 3222 3387 26).
3266 3319 3422 3385 Quod
3454 3322 3497 3374 si
3530 3319 3756 3391 custodis-

2199 3398 2354 3454 sent,
2402 3404 2499 3444 ncc
2528 3390 2878 3460 inobedienlia
2930 3390 3021 3446 Dei
3067 3391 3353 3460 imaginem
3385 3390 3754 3460 prodidissent,

2200 3474 2304 3512 non
2325 3469 2495 3515 morte
2514 3461 2747 3515 damnati
2767 3459 3009 3516 fuissent.
3024 3459 3358 3516 Contumelia
3378 3459 3522 3516 enim
3544 3463 3596 3515 in
3618 3462 3754 3514 Deum

2198 3537 2277 3601 est
2306 3530 2423 3599 ejus
2453 3531 2782 3600 majestatem
2812 3532 3074 3601 ignorare,
3106 3541 3161 3586 et
3188 3532 3375 3586 eadem
3396 3533 3503 3601 pati
3531 3548 3641 3601 qua:
3667 3531 3755 3583 dia-

2196 3600 2370 3655 bolus.
2415 3602 2769 3668 Quamobrem
2818 3600 2934 3669 ait,
2987 3603 3131 3657 Sicut
3179 3600 3411 3657 homines
3459 3600 3753 3662 moriemini,

2197 3672 2486 3727 ostendens
2515 3673 2798 3728 humanam
2844 3674 3144 3743 passionem
3184 3687 3305 3727 esse
3334 3682 3583 3727 mortem.
3630 3674 3752 3725 Atta-

2198 3757 2320 3797 men
2351 3743 2542 3799 licebat
2569 3759 2672 3797 non
2705 3745 2838 3797 mori
2861 3785 2874 3807 ,
2901 3745 2942 3797 si
2978 3743 3065 3797 Dei
3098 3744 3265 3813 legem
3296 3743 3367 3797 ab
3398 3745 3550 3797 initio
3572 3754 3752 3813 servas-

2197 3826 2406 3880 setnus;
2427 3824 2604 3869 nostra
2622 3814 2814 3882 quippe
2833 3822 3014 3867 natura
3032 3812 3313 3884 utrumque
3332 3813 3620 3868 habuisset.
3637 3812 3753 3884 Sicut

2197 3901 2348 3951 unus,
2378 3885 2564 3953 inquit,
2589 3880 2652 3939 de
2678 3880 2988 3955 principibus
3007 3880 3524 3949 cadetisfdiabolum
3552 3880 3754 3955 subindi-

2197 3969 2255 4009 ea
2265 3971 2347 4021 ns,
2367 3952 2461 4023 qui
2473 3952 2724 4023 principis
2743 3958 3030 4023 potentiam
3047 3959 3185 4008 inter
3198 3956 3423 4021 angelos
3440 3952 3749 4023 sortiebatur:

2196 4021 2540 4095 quamobrem
2583 4021 2656 4079 ait
2684 4021 2877 4078 Paulus
2900 4042 2914 4080 :
2948 4024 3069 4078 Non
3096 4035 3165 4078 est
3193 4024 3336 4078 nobis
3367 4024 3647 4078 colluctatio
3671 4021 3750 4073 ad-

2196 4112 2365 4149 versus
2389 4098 2685 4166 sanguinem
2704 4104 2750 4148 et
2774 4112 2996 4166 carnem,
3024 4096 3113 4166 sed
3138 4095 3380 4149 adversus
3397 4095 3693 4166 principatus
3714 4100 3752 4141 et

2196 4175 2463 4235 potestates
2484 4162 2722 4292 '3Epltes.
2770 4166 2824 4221 6.
2854 4165 2980 4233 12);
3013 4165 3223 4223 inﬂatus
3258 4162 3440 4221 autem
3484 4176 3539 4220 et
3562 4162 3751 4233 majora

2196 4247 2471 4292 appetens.
2536 4237 2715 4292 ccidit.
2749 4235 2978 4292 Idipsum
3021 4236 3220 4290 homini
3261 4236 3516 4292 contigit;
3542 4250 3651 4289 cum
3673 4248 3751 4287 au-

2196 4247 2471 4306 appetens,
2500 4235 2715 4300 decidit.
2749 4235 2978 4306 Idipsum
3021 4236 3220 4290 homini
3261 4236 3516 4305 contigit;
3542 4248 3752 4306 cum_au-

2195 4301 2362 4362 disset
2398 4301 2539 4363 enim
2587 4307 2703 4362 haec
2745 4301 3005 4378 serpentis
3043 4308 3203 4361 verba
3251 4323 3265 4360 :
3318 4301 3439 4363 Sci?
3473 4301 3752 4378 enimHDettt

2194 4379 2329 4448 quod
2352 4394 2660 4448 quacumque
2688 4379 2769 4432 die
2809 4375 3121 4433 comederitis
3162 4394 3326 4441 exeo,
3374 4378 3576 4433 scilicet
3614 4375 3749 4443 ligno.

2194 4447 2483 4519 aperientur
2508 4448 2643 4503 oculi
2670 4450 2839 4514 vestri,
2861 4460 2906 4503 et
2931 4449 3068 4503 eritis
3093 4449 3218 4502 sicut
3246 4449 3339 4514 dii,
3367 4450 3573 4519 scientes
3598 4447 3749 4519 bonum

2196 4514 2243 4574 ei
2268 4521 2459 4592 malum
2484 4519 2637 4590 (Gen.
2682 4520 2734 4573 '5.
2765 4520 2820 4590 5)
2849 4535 2863 4573 :
2898 4519 3267 4592 inobedienthe
3296 4535 3357 4574 se
3393 4517 3611 4592 dedidit,
3637 4514 3748 4592 unde

2198 4588 2501 4644 necessario
2523 4588 2808 4660 sequutum
2832 4598 2917 4645 est
2940 4605 3060 4660 eum
3091 4592 3142 4643 in
3173 4590 3378 4660 ruinam
3410 4588 3594 4642 morbo
3616 4588 3747 4639 animi

2196 4663 2278 4716 sui
2305 4660 2537 4715 debitam
2562 4659 2843 4716 decidisse.
2871 4662 2923 4715 8.
2955 4659 3142 4731 Surge,
3166 4659 3318 4731 Deus,
3363 4660 3536 4731 iudica
3572 4665 3743 4731 tergm.

2196 4732 2435 4801 quoniam
2488 4741 2543 4784 tu
2610 4731 2908 4785 hereditabis
2966 4732 3022 4785 in
3061 4723 3312 4784 vomnibas
3357 4723 3600 4799 gentibus.
3651 4723 3746 4801 _NOI

2196 4796 2513 4875 praesentem
2544 4802 2700 4875 igitur
2722 4800 3092 4875 hereditatem,
3139 4800 3234 4856 sed
3264 4796 3493 4855 futuram
3523 4796 3746 4875 prppltwl

2198 4868 2523 4943 subindicat,
2555 4868 2585 4925 ε’
2623 4871 2742 4943 ideo
2782 4873 2948 4927 Deum
2998 4881 3149 4940 rogat
3173 4882 3231 4925 ut
3256 4881 3476 4943 surgat,
3504 4879 3554 4924 et
3578 4868 3748 4943 judicet

2199 4953 2417 5008 terram,
2445 4942 2689 4999 videlicet
2718 4942 2989 4999 hominem
3024 4960 3038 4994 :
3065 4958 3187 4996 cum
3213 4941 3504 4995 surrexerit
3524 4951 3683 4992 autem
3706 4941 3748 4988 il

2198 5016 2445 5069 omnibus
2474 5014 2716 5083 gentibus
2742 5013 3079 5068 hereditabit.
3132 5012 3390 5067 Omnibus
3426 5010 3615 5083 quippe
3645 5020 3747 5060 mn-

2198 5082 2593 5154 grucntem’dat
2616 5093 2851 5154 sortema;
2874 5084 3029 5137 aliam
3061 5083 3365 5154 humilibus,
3393 5082 3550 5154 aliam
3577 5087 3743 5147 tempe-

2200 5152 2471 5227 rantibus;
2506 5154 2641 5208 hanc
2668 5153 2943 5227 beneﬁcis,
2974 5155 3115 5209 illam
3148 5152 3389 5227 mtechis,
3418 5153 3570 5206 aliam
3594 5159 3743 5227 super-

2200 5226 2303 5292 bis,
2356 5226 2514 5280 aliam
2563 5224 2738 5279 avaris
2785 5243 2799 5279 :
2855 5235 3041 5294 gentes
3076 5225 3270 5293 quippe
3301 5225 3351 5277 in
3383 5224 3622 5291 praesenti
3658 5227 3742 5268 non

2200 5296 2520 5368 linguarum,
2553 5296 2649 5351 sed
2679 5297 2798 5350 vita:
2826 5296 3189 5350 diversitatem
3217 5296 3442 5349 vocavit.

2415 5409 2466 5462 1.
2499 5407 2761 5462 Canticum
2791 5404 2989 5461 Psalmi
3015 5407 3117 5477 ipsi
3143 5404 3335 5475 Asaplt.
3366 5415 3559 5459 Lxxxn.

2273 5501 2323 5555 1.
2352 5499 2478 5554 Iure
2503 5499 2769 5553 canticum
2800 5505 2855 5553 et
2883 5498 3149 5552 Psalmum
3176 5505 3489 5568 praesentem
3508 5484 3740 5568 enarratin

2202 5586 2323 5626 nem
2346 5571 2628 5640 appellavit
2653 5588 2667 5624 :
2695 5571 2941 5638 quoniam
2963 5565 3274 5640 prophetiae,
3296 5582 3448 5640 quam
3473 5565 3740 5640 plerumqtﬁ

2202 5638 2759 5723 maluniinappeltai.
2773 5638 3737 5723 caulicgmntriumpl'Ph.“95"”

2203 5697 2323 5768 dam
2352 5697 2595 5767 inimicos
2619 5697 2921 5765 admiscuit.
2942 5710 2998 5764 2.
3036 5708 3190 5771 Deus,
3219 5697 3329 5781 quis
3348 5706 3523 5781 similis
3542 5697 3729 5781 erittibi.’

2204 5784 2315 5842 Iloc
2336 5782 2592 5855 propheta
2623 5781 2771 5851 dicit,
2800 5796 2906 5838 non
2936 5783 3267 5852 interrogans
3301 5778 3487 5852 (stulta
3514 5778 3641 5831 enim
3668 5781 3735 5820 tn-
