3968 6290
155 343 263 398 τίιῦ

151 457 440 528 terrogatio
484 452 672 528 esset),
706 455 795 528 sed
828 454 1053 528 Numine
1093 454 1302 528 afﬂatus
1347 455 1658 512 immensam
1685 467 1739 514 et

151 526 621 599 ἱιιροιῐιμιιιξειὶιὶιυιιι
658 527 746 599 Dei
780 527 1193 599 magnitudinem
1238 526 1537 596 descripsit.
1570 528 1738 584 Nemo

148 601 295 655 enim
325 597 382 654 se
410 598 519 651 Deo
548 597 785 650 omnium
817 598 1016 650 auctori
1047 597 1096 650 in
1118 597 1296 666 aliquo
1320 599 1738 665 comparandum

146 685 272 725 esse
298 667 626 740 gloriabitur.
670 667 801 733 Quia
833 683 965 740 vero
1000 668 1286 740 dictionum
1318 667 1604 723 discrimen
1635 671 1738 724 ob.

146 738 469 794 servandum
517 747 635 796 est;
668 752 839 806 neque
885 739 1028 792 enim
1073 738 1225 802 dixit,
1253 739 1381 805 Quis
1427 740 1613 794 similis
1657 749 1739 794 est

147 811 267 873 tibi,
291 810 406 875 sed,
439 808 563 875 Quis
591 809 771 862 similis
809 808 900 861 erit
924 809 1032 872 tibi,
1062 817 1118 863 et
1155 808 1238 862 his
1263 811 1493 863 futurum
1527 821 1738 879 tempus

146 881 383 944 indicat;
430 890 576 932 certe
621 879 1040 934 incarnationem
1101 879 1366 948 Unigeniti
1416 880 1734 947 adumbrat,

142 965 395 1020 quzcrens
416 966 536 1004 eum
559 950 874 1018 quibusnam
904 949 1175 1019 prophetis
1203 950 1316 1020 ejus
1331 951 1494 1020 gloria
1522 965 1737 1020 compa-

143 1021 315 1075 randa
333 1021 402 1075 sit
428 1037 441 1073 :
468 1020 814 1090 quamobrem
835 1021 1055 1074 eutnalii
1077 1019 1300 1085 IIeIiam,
1321 1021 1408 1074 alii
1425 1019 1734 1088 Jercmiam,

143 1093 238 1146 alii
267 1109 330 1146 ex
362 1091 637 1160 prophetis
681 1091 910 1159 aliquem
939 1106 1056 1144 esse
1088 1092 1344 1159 putabant
1388 1107 1401 1144 :
1431 1091 1524 1144 sed
1558 1092 1736 1147 nullus

142 1178 211 1215 ex
249 1161 513 1230 przrdictis
543 1161 613 1213 illi
637 1161 824 1215 similis
849 1176 966 1216 esse
995 1171 1220 1228 poterat.
1246 1161 1340 1217 Ille
1364 1161 1561 1230 quippe
1591 1162 1736 1217 solus

141 1242 270 1287 erat
315 1233 452 1285 Deus
481 1241 536 1285 et
583 1231 764 1293 homo,
795 1233 942 1286 solus
976 1247 1144 1302 geuus
1193 1243 1432 1302 noSIrum
1483 1233 1732 1302 servavit.

149 1303 235 1355 Ae
263 1303 432 1366 sileas,
465 1305 624 1371 neque
650 1301 1000 1370 compescaris,
1033 1301 1204 1367 Deus;
1233 1301 1334 1356 hoc
1372 1311 1472 1367 est,
1507 1301 1582 1357 Ne
1612 1303 1734 1356 diu-

145 1374 257 1427 tius
287 1373 479 1426 toleres
512 1390 526 1424 :
555 1372 821 1426 silentium
847 1373 989 1427 enim
1016 1373 1226 1442 iudicis,
1255 1373 1370 1441 ejus
1400 1388 1523 1442 erga
1553 1388 1736 1441 pecca-

143 1454 295 1497 tores
339 1443 674 1497 tolerantiam
725 1444 952 1497 vocavit.
1002 1443 1109 1498 Cur
1156 1454 1332 1498 autem
1390 1443 1442 1497 id
1487 1444 1735 1512 rogavit?

143 1514 402 1577 Quoniam
440 1529 552 1566 ecce
582 1512 772 1566 inimici
811 1513 885 1566 tui
909 1523 1201 1577 sonuerunt,
1230 1523 1278 1567 et
1302 1513 1386 1582 qui
1411 1513 1623 1568 oderunt
1649 1523 1695 1566 te
1715 1553 1732 1580 ,

139 1585 433 1637 extulerunt
477 1592 649 1648 caput.
700 1583 754 1636 In
801 1593 1024 1650 tantum,
1067 1584 1254 1653 inquit,
1283 1584 1352 1638 ob
1399 1583 1732 1638 tolerantiam

143 1664 295 1708 tuam
323 1653 445 1707 elati
471 1662 595 1706 sunt
622 1653 840 1720 inimici,
872 1664 932 1709 ut
958 1665 1249 1719 sonarent;
1282 1654 1332 1709 id
1351 1664 1432 1709 est
1453 1654 1732 1708 conliden—

143 1737 234 1778 ter
264 1726 623 1795 quuerentur,
655 1733 709 1778 et
738 1725 1025 1795 nequitiam
1050 1740 1198 1779 suam
1228 1725 1378 1795 quasi
1409 1725 1529 1779 tuba
1560 1725 1732 1793 impu-

139 1792 530 1866 denter—palam
562 1792 1273 1866 facerentfextollerentque
1301 1804 1476 1866 caput,
1506 1795 1574 1849 de
1601 1792 1730 1848 faci-

142 1867 369 1919 noribus
389 1865 499 1918 suis
518 1880 624 1918 non
637 1865 1034 1928 erubescentes,
1058 1865 1150 1920 sed
1169 1865 1478 1934 arroganter
1494 1874 1730 1934 agentes,

140 1938 299 2005 quasi
347 1935 524 1988 nullus
571 1945 712 1989 esset
753 1951 911 2003 quem
958 1936 1224 1990 timerent.
1267 1935 1513 1990 Inimicos
1554 1943 1731 1989 autem

155 2007 253 2060 Dei
285 2016 590 2074 peccatores
609 2007 842 2076 appellat
875 2025 889 2061 :
928 2008 1048 2075 quia
1074 2016 1251 2061 autem
1277 2007 1510 2075 sibiipsis
1537 2005 1731 2059 inimici

150 2087 280 2131 sunt
309 2077 395 2130 illa
421 2085 640 2145 agentes
668 2092 786 2144 quae
815 2077 916 2130 sibi
947 2088 1193 2142 noceant,
1223 2077 1480 2147 benignus
1505 2091 1624 2130 cum
1654 2076 1734 2147 sit

147 2148 313 2208 Deus,
343 2155 395 2200 et
415 2157 639 2200 mortem
679 2148 971 2215 peccatoris
996 2148 1158 2213 nolit,
1189 2145 1430 2202 inimicos
1459 2147 1575 2200 illos
1603 2145 1736 2200 sibi-

145 2218 280 2282 ipsis
307 2217 616 2270 insidiantes
644 2219 807 2285 ponit.
841 2218 896 2274 4.
928 2217 1097 2286 Super
1135 2219 1378 2287 populum
1417 2226 1557 2270 tuum
1583 2217 1733 2269 culti-

142 2289 269 2340 dum
298 2289 516 2340 inierunt
558 2287 843 2354 consilium,
883 2289 1288 2342 consultaverunt
1331 2299 1505 2341 contra
1534 2295 1734 2340 sanctos

143 2369 280 2412 tuos.
309 2358 391 2411 En
413 2357 552 2411 aliud
574 2372 742 2427 genus
764 2359 1054 2412 inimicitia:
1078 2369 1262 2414 contra
1289 2359 1452 2413 Deum
1475 2357 1732 2426 propheta

143 2429 416 2495 exposuit.
443 2427 576 2481 Nam
624 2428 712 2497 qui
743 2437 796 2482 et
839 2429 1034 2498 populo
1064 2429 1156 2483 Dei
1193 2437 1247 2484 et
1288 2427 1488 2484 sanctis
1531 2427 1733 2480 inimici

141 2511 322 2564 erant,
354 2498 610 2552 adversus
635 2513 755 2553 eum
779 2499 974 2553 bellum
1002 2500 1281 2563 suscitant,
1312 2499 1464 2569 cujus
1490 2498 1564 2551 illi
1590 2498 1731 2569 serui

142 2579 205 2621 ct
246 2569 434 2623 fratres
481 2577 655 2624 erant.
701 2569 902 2623 Bellum
941 2578 1120 2624 autem
1164 2567 1390 2634 indicat,
1437 2584 1542 2622 non
1576 2567 1736 2622 modo

145 2639 305 2704 illud,
328 2639 470 2709 quod
497 2639 751 2710 deinceps
786 2639 1124 2706 describitur,
1153 2641 1207 2694 in
1235 2654 1340 2710 quo
1361 2653 1455 2694 eas
1482 2653 1600 2708 qua:
1624 2638 1736 2710 bel-

143 2711 259 2763 lum
284 2711 539 2764 adversus
561 2709 776 2780 Iudaeos
789 2712 1045 2779 gerebant
1066 2709 1262 2780 gentes
1274 2709 1731 2780 commemoravit;

141 2780 244 2834 sed
265 2781 424 2834 etiam
450 2779 711 2846 quoddam
739 2777 1004 2836 occultum
1033 2777 1229 2836 bellum
1251 2779 1568 2845 subindicat,
1592 2777 1734 2847 quod

143 2851 351 2906 sanctis
379 2859 684 2920 peccatores
714 2851 909 2906 inferre
933 2851 1129 2906 solent.
1174 2851 1402 2920 Ideoque
1433 2866 1536 2904 non
1562 2849 1734 2904 solum

143 2921 274 2975 illos
297 2921 484 2975 callide
515 2921 648 2975 inire
673 2921 952 2976 consilium
982 2922 1129 2989 dicit,
1156 2923 1250 2977 sed
1276 2922 1434 2976 etiam
1463 2935 1586 2975 cum
1617 2933 1734 2972 ma-

143 2992 294 3046 xima
323 2991 632 3058 calliditate,
665 2991 715 3045 id
746 3001 847 3057 est,
891 2996 1124 3047 versutia
1163 2993 1306 3047 varia
1335 3003 1390 3045 et
1429 2989 1736 3045 omnimoda

143 3071 365 3116 utentes
394 3080 407 3114 :
439 3063 621 3130 quales
645 3073 769 3116 sunt
813 3064 869 3126 ii,
902 3063 991 3132 qui
1024 3065 1170 3132 prius
1208 3062 1465 3132 pecuniis,
1492 3069 1584 3115 aut
1609 3074 1735 3130 pos-

143 3132 501 3204 sessionibus,
543 3142 632 3186 aut
658 3133 774 3187 aliis
810 3132 975 3204 rebus
1003 3148 1098 3189 eos
1122 3134 1212 3204 qui
1246 3134 1354 3187 Deo
1391 3132 1585 3204 addicti
1610 3139 1736 3204 sunt

143 3203 490 3275 defraudant,
534 3213 590 3256 ut
619 3217 714 3258 eos
756 3203 822 3258 ad
862 3204 1066 3274 ingrate
1107 3201 1370 3275 agendum
1398 3211 1454 3258 et
1482 3201 1735 3275 blaSphe-

145 3274 406 3328 mandum
450 3275 683 3328 excitent
717 3293 728 3328 :
761 3289 881 3328 cum
927 3273 1104 3330 autem
1146 3273 1234 3329 res
1278 3275 1381 3328 hoc
1425 3273 1585 3327 modo
1628 3287 1736 3326 non

142 3344 409 3416 succedit,
439 3345 736 3414 voluptates
763 3345 892 3413 ipsis
915 3353 1226 3416 suggerunt,
1257 3359 1408 3398 vana:
1427 3344 1613 3413 gloriae
1639 3357 1737 3416 cu-

145 3415 450 3485 piditatem,
496 3413 876 3484 arrogantiam,
943 3413 1174 3482 fastum,
1219 3417 1512 3468 amicorum
1557 3413 1737 3485 Specie

148 3483 488 3540 inimicorum
537 3483 757 3556 cutisilia
809 3487 997 3540 dantes
1041 3502 1055 3539 :
1100 3487 1150 3541 id
1196 3487 1338 3556 quod
1391 3483 1738 3556 sequentibus

150 3559 436 3610 indicatur.
467 3556 520 3611 5.
551 3554 799 3609 Dixerunt
827 3571 846 3610 :
881 3556 1072 3621 Venite,
1113 3567 1159 3610 et
1188 3553 1536 3624 disperdamus
1575 3570 1656 3608 eos
1677 3553 1740 3607 de

147 3638 317 3699 gente,
335 3635 378 3680 et
392 3643 490 3699 non
503 3636 811 3699 utemuretur
826 3643 1005 3680 nomen
1020 3626 1186 3699 Israel
1201 3628 1355 3699 ultra.
1375 3624 1465 3680 Cla
1473 3641 1530 3682 re
1552 3625 1739 3699 isthmc

146 3693 223 3752 {Ie
244 3697 474 3751 inimicis
501 3695 664 3751 Israel
688 3698 819 3750 infra
843 3698 1199 3752 memorandis
1222 3697 1358 3752 dicta
1377 3705 1520 3762 sunt,
1545 3703 1601 3750 et
1625 3693 1739 3748 baac

146 3769 225 3823 ab
251 3769 330 3822 eis
357 3779 471 3838 acta
500 3777 621 3821 sunt
655 3785 668 3820 :
700 3782 876 3838 neque
905 3767 992 3822 hic
1021 3768 1344 3838 intelligendi
1387 3775 1513 3838 sunt
1541 3765 1617 3838 illi
1649 3764 1742 3838 qui

147 3839 296 3893 mala
348 3837 477 3892 dant
509 3839 752 3903 consilia,
781 3834 835 3892 et
866 3838 958 3907 qui
997 3837 1064 3892 ad
1115 3834 1313 3888 malum
1332 3834 1485 3904 quasi
1507 3835 1556 3888 vi
1585 3834 1739 3890 indu-

147 3919 284 3963 cunt
307 3910 386 3978 (a)
417 3927 429 3962 :
462 3908 516 3962 hi
545 3909 688 3962 enim
718 3923 816 3963 nos
840 3908 906 3963 de
930 3917 1090 3977 gente
1117 3907 1426 3977 disperdere
1451 3910 1653 3978 volunt,
1682 3912 1740 3958 ut

156 3995 232 4034 ne
257 3977 375 4032 cum
416 3980 608 4048 iniquis
633 3979 846 4047 quidem
875 3979 1231 4043 nominemur,
1270 3978 1392 4048 quia
1421 3991 1541 4032 cum
1569 3977 1738 4048 legem

151 4050 470 4116 habeamus,
494 4047 780 4119 peccamus
801 4059 998 4114 tamen,
1021 4063 1193 4118 neque
1211 4047 1332 4103 cum
1360 4049 1425 4103 iis
1453 4047 1540 4117 qui
1568 4047 1740 4116 legem

151 4119 486 4186 custodiunt,
517 4121 638 4190 quia
661 4121 1114 4190 prtevaricamur;
1146 4119 1237 4174 sed
1258 4119 1308 4173 id
1335 4119 1518 4190 volunt
1561 4125 1741 4190 utno-

154 4206 286 4245 Ineu
313 4190 468 4246 Israel
492 4186 745 4244 oblivibni
772 4190 1029 4245 tradatur.
1051 4189 1182 4244 Nam
1201 4191 1244 4244 si
1275 4189 1433 4244 Israel
1455 4198 1538 4241 est
1556 4186 1741 4242 videns

153 4263 351 4325 Deum,
377 4270 429 4315 et
457 4261 500 4315 si
529 4260 790 4331 quispiam
820 4276 925 4315 non
951 4268 1072 4330 agat
1110 4274 1170 4315 ea
1215 4275 1346 4331 qu:e_
1366 4259 1534 4331 Deum
1559 4257 1743 4312 viden-

155 4343 272 4387 tem
311 4341 364 4385 et
390 4331 455 4386 ad
481 4329 600 4386 euin
631 4329 816 4386 Oculos
840 4329 1035 4385 mentis
1067 4333 1298 4385 intentos
1335 4329 1617 4384 habentem
1647 4343 1742 4398 par

151 4413 244 4458 est
274 4416 449 4471 agere,
491 4417 714 4457 necesse
744 4410 802 4455 ut
845 4403 889 4456 is
917 4401 1137 4455 omnino
1163 4401 1418 4455 oblivioni
1460 4398 1700 4471 tradatur
1723 4439 1738 4463 ,

153 4470 335 4542 neque
361 4487 428 4526 an
457 4473 616 4527 fuerit
643 4471 800 4527 Israel
825 4473 971 4527 credi
999 4472 1187 4542 possit,
1215 4472 1262 4526 is
1286 4471 1376 4540 qui
1400 4470 1742 4542 Spiritualiter

154 4541 280 4600 illos
309 4543 540 4604 videbat,
573 4543 624 4596 id
655 4551 758 4605 est,
805 4558 978 4612 neque
1005 4541 1174 4596 Deum
1203 4543 1416 4596 novisse
1453 4541 1522 4595 ob
1563 4550 1742 4595 extre‘

153 4629 302 4669 mam
330 4615 585 4668 incuriam
611 4613 715 4666 dici
745 4614 930 4683 possit.
961 4615 1016 4667 6.
1051 4613 1306 4678 Quoniam
1337 4612 1744 4683 consultaverunt

154 4686 479 4748 unanimiter,
495 4683 649 4737 simul
663 4682 928 4737 aduersum
946 4692 992 4736 tc
1006 4691 1348 4736 testamentum
1365 4682 1738 4751 disposuerunt.

155 4755 360 4824 Ecquis
397 4754 652 4810 adversus
693 4755 880 4820 Deum,
919 4754 1010 4819 qui
1057 4769 1162 4807 non
1207 4753 1377 4824 oeulis
1426 4750 1608 4824 modo,
1649 4750 1744 4824 sed

153 4821 322 4881 etiam
367 4824 776 4896 cogitationibus
803 4824 1109 4896 inaccessos
1144 4831 1247 4896 est,
1293 4821 1509 4896 aliquid
1527 4821 1744 4896 consul-

154 4908 297 4962 utre,
347 4891 460 4948 aut'
477 4895 780 4962 disponere,
827 4905 917 4948 aut
956 4894 1234 4962 imaginari
1278 4894 1514 4962 poterit?
1550 4891 1744 4962 Verum

156 4968 254 5022 ille
281 4961 468 5020 contra
498 4961 718 5020 se’facta
760 4961 966 5034 reputat
991 4979 1054 5019 ea
1083 4979 1203 5034 qua:
1241 4961 1423 5034 contra
1453 4976 1545 5017 eos
1574 4977 1663 5030 qui
1692 4961 1746 5015 in

159 5040 282 5107 ipso
305 5037 581 5091 confidunt
602 5033 861 5106 geruntur
891 5053 902 5089 :
936 5033 1163 5104 ideoque
1189 5033 1393 5087 insidiae
1420 5034 1470 5086 in
1492 5047 1586 5087 eos
1608 5041 1749 5085 stru-

154 5121 262 5164 ctae
283 5108 334 5161 in
371 5109 541 5176 ipsum
568 5107 730 5161 Deum
758 5115 944 5176 utpote
983 5120 1186 5176 eorum
1214 5113 1438 5176 patrem,
1465 5112 1746 5173 patronum

166 5189 222 5232 et
249 5174 550 5232 curatorem
580 5174 832 5232 conﬂata!
862 5177 1128 5230 dicuntur.
1158 5174 1383 5242 Quintam
1413 5182 1540 5242 sunt
1568 5183 1746 5226 autem

157 5251 252 5319 qui
273 5249 512 5319 insidias
542 5248 904 5319 meditantur?
929 5249 982 5302 7.
1018 5241 1363 5319 Tabernucula
1405 5241 1749 5319 ldumworum

159 5314 209 5374 et
260 5317 554 5390 Ismaclitw,
588 5317 742 5372 Moab
768 5329 814 5372 et
852 5319 1090 5390 Agareni,
1117 5318 1170 5372 8.
1203 5314 1359 5370 Gebal
1385 5314 1750 5390 ct_Ammon_ct

160 5391 387 5444 Amalec.
429 5389 492 5443 Ili
521 5405 706 5444 omnes
741 5405 806 5444 ex
853 5386 1158 5444 Abrahamo
1204 5387 1628 5456 genusiductmt,
1677 5386 1749 5438 ita

160 5470 223 5515 ut
270 5461 480 5530 cognati
535 5459 748 5514 Israelis
792 5467 991 5514 essent.
1038 5459 1170 5514 Nam
1199 5455 1491 5530 ilsmaelita:
1544 5468 1748 5530 patrem

165 5526 460 5585 habuerant
504 5530 782 5586 Ismaelem
828 5530 1112 5584 Abrahami
1158 5529 1347 5582 lilium.
1404 5526 1634 5596 Agareni
1683 5541 1750 5580 ex

164 5601 471 5679 ultrabamo
496 5601 726 5679 quidem
766 5609 1096 5679 nouerant,
1143 5599 1238 5655 sed
1281 5613 1347 5653 ex
1397 5601 1558 5679 Agar,
1584 5611 1748 5679 quam

75 5711 79 5716 .
169 5674 300 5727 Sara
328 5687 450 5726 cum
480 5668 785 5725 Abrahatno
826 5670 892 5724 ad
921 5670 1186 5740 quoddam
1218 5680 1425 5751 tempus
1446 5668 1710 5739 junxisset
1731 5707 1746 5732 ,

231 5786 304 5847 (ιι)
338 5771 454 5900 na:
489 5790 713 5848 corrupta
750 5784 944 5836 omnino
965 5790 1113 5834 sunt:
1141 5797 1250 5835 nam
1289 5783 1366 5836 hic
1401 5784 1600 5848 negatio
1618 5782 1749 5835 nulla

231 5863 279 5900 se
303 5861 372 5900 ou
455 5883 472 5900 .

169 5861 279 5900 esse
303 5861 472 5912 queat.

1444 341 1506 398 ΙΝ
1556 343 1874 401 ΡΒΜιΜυΜ
1912 343 2170 400 LXXXII.

3329 361 3428 418 734

1849 458 2214 546 κοῐοιηιίωηιο
2243 474 2421 542 posrea
2471 471 2614 519 mota
2653 475 2828 546 esset,
2882 482 3000 546 cum
3035 470 3257 529 Ismaele
3309 479 3428 546 ejiei

1846 532 2366 615 curavitzalterique
2395 545 2572 615 postea
2612 537 2895 615 copulata,
2935 540 3116 615 _ab_se
3162 532 3430 615 prognatis

1846 603 2213 675 Agat-euomuit
2272 618 2474 675 nomen
2524 603 2850 661 deditIItem
2884 603 2968 663 ab
3021 603 3174 668 Esait'
3211 603 3429 675 Atvnalec

1846 671 2119 726 oriebatur
2145 671 2241 795 ﬁo).
2270 673 2421 728 IlIOab
2450 683 2504 728 et
2530 677 2755 730 Ammon
2790 677 2880 732 filii
2910 679 3008 733 [λοι
3032 695 3182 737 erant
3208 700 3273 740 ex
3300 671 3432 743 dua;

1846 738 1944 795 bus
1973 741 2086 795 eius
2118 743 2150 794 li
2178 743 2324 795 iabus
2368 745 2598 795 snseenti
2619 787 2634 795 -
2679 756 2794 795 00st
2836 749 3137 795 incendium
3167 755 3428 795 ςηδηηυι-

1845 738 1944 795 bus
1973 738 2324 815 ejus__liliabus
2368 745 2634 812 suscepti,
2679 756 2794 815 post
2836 749 3138 806 incendium
3167 738 3428 811 5όεὶοῆἶό-

1844 825 1960 885 rum
1981 853 1996 874 ,
2019 813 2210 880 quibus
2248 816 2610 868 conterminus
2637 813 2746 870 erat
2770 817 2964 885 Gebal,
2997 831 3052 874 et
3081 823 3302 880 fortasse
3344 829 3426 881 af-

1844 880 1963 964 finis
1988 900 2001 945 ;
2030 894 2354 964 quapropter
2400 885 2450 938 in
2479 885 2655 964 utedio
2680 902 2864 964 eorum
2911 880 3241 964 numeratur.
3289 880 3427 964 Quid

1845 953 2110 1034 igiturltis
2141 955 2624 1034 sigutlieatur?_aut
2660 973 2763 1034 qua
2790 958 2857 1034 de
2880 975 3040 1015 causa
3070 963 3214 1030 ipsos
3233 953 3430 1034 Cogna-

1843 1029 1925 1102 tos
1947 1023 2203 1102 exhibet?
2236 1023 2493 1102 Uidiseas
2521 1026 2659 1102 inter
2679 1023 2925 1102 iuittticos
2944 1072 2959 1098 ,
2987 1023 3102 1086 eos'
3120 1036 3207 1102 qui
3243 1023 3430 1093 deume-

1841 1092 1959 1174 stici
1989 1103 2147 1160 sunt,
2177 1104 2228 1147 ut
2257 1093 2506 1174 Christus
2541 1097 2649 1159 ait,
2701 1097 2752 1152 id
2793 1108 2882 1174 est
2901 1141 2914 1166 ,
2944 1092 3201 1174 cognatos
3229 1092 3427 1174 primas

1845 1173 2022 1244 partes
2046 1179 2206 1244 agere
2237 1182 2250 1218 :
2281 1166 2624 1244 quamobrem
2656 1169 2910 1244 propheta
2942 1166 3427 1244 infultimo'ordine

1843 1235 2016 1314 posuit
2046 1235 2251 1314 alieno_s_
2279 1252 2290 1287 :
2324 1235 2404 1290 sic
2439 1236 2613 1314 itaque
2637 1235 2911 1314 subjnnxit
2934 1259 2947 1294 :
2973 1241 3282 1314 Alienigena:
3308 1264 3423 1300 cum

1843 1302 2185 1374 habitantibus
2208 1305 2422 1374 Tyrum.
2454 1305 2506 1361 9.
2531 1302 2751 1362 'Etenitn'
2791 1310 2950 1363 Assur
2973 1315 3104 1366 venit
3140 1302 3263 1368 cum
3301 1317 3423 1371 illis.

1840 1372 1954 1446 Non
1986 1388 2105 1428 cum
2135 1375 2198 1428 iis
2227 1372 2315 1444 qui
2343 1375 2542 1446 Tyrum
2581 1377 2852 1444 habitant,
2886 1381 2978 1435 sed
3017 1397 3137 1436 cum
3181 1385 3334 1439 Moab
3373 1399 3428 1442 et

1838 1445 2068 1518 Ammon
2088 1485 2103 1511 ,
2132 1455 2187 1499 et
2222 1461 2344 1518 cum
2371 1445 2489 1500 aliis
2528 1463 2664 1517 quos
2693 1459 2946 1518 cognatos
2973 1451 3279 1510 Iudaeorum
3303 1471 3422 1511 esse

1837 1514 2190 1589 ostendimus.
2222 1514 2402 1589 Itaque
2425 1532 2530 1570 non
2546 1514 2654 1572 suo
2683 1514 2829 1572 motu
2862 1520 2912 1574 in
2935 1520 3038 1576 hoc
3068 1523 3262 1579 bellmn
3284 1567 3298 1589 ,
3327 1529 3422 1582 sed

1838 1599 1872 1663 ξι
1913 1585 2170 1663 cognatis
2185 1586 2398 1663 excitati
2425 1627 2441 1651 ,
2467 1602 2527 1663 se
2544 1591 2948 1663 contulerunt:
2978 1585 3303 1663 quapmpter
3329 1598 3425 1650 ad—

1832 1653 1951 1730 jicit
1982 1653 2001 1709 Ξ
2024 1654 2170 1709 Facti
2191 1666 2312 1730 sunt
2360 1657 2412 1710 in
2431 1655 2799 1730 _adjutoriumi
2821 1661 2940 1728 ﬁliis
2968 1653 3099 1726 L'otf
3137 1653 3198 1718 id'
3228 1678 3304 1720 est
3326 1706 3341 1730 ,
3371 1668 3422 1720 in

1839 1725 2050 1804 illorum
2082 1727 2359 1804 auxilium
2382 1723 2734 1804 advenerunt.
2765 1723 2908 1804 Caye
2947 1723 3104 1802 igitur
3144 1723 3424 1790 interiores

1838 1795 2248 1870 inimicos;_ips_i
2278 1796 2416 1851 enim
2438 1797 2950 1870 exterioresadhuc
2965 1795 3206 1858 'armant.
3243 1805 3423 1870 Neque

1839 1867 2141 1942 cogitationi
2172 1865 2336 1942 tida_s_,
2363 1868 2483 1933 quia
2512 1868 2597 1920 illa
2620 1868 2671 1920 in
2701 1869 3028 1942 inimicitiam
3053 1885 3107 1925 ut
3137 1865 3421 1942 plurimum

1839 1937 2098 2010 vertiltt_r_;_
2139 1936 2466 2010 consideres
2496 1947 2675 2010 autem
2742 1939 2899 1992 velim
2959 1936 3422 2010 tnaledictionem,

1839 2020 1998 2074 quam
2029 2006 2131 2060 illis
2159 2007 2357 2061 intulit.
2402 2005 2700 2076 Diapsalma
2719 2049 2735 2073 ,
2763 2013 2883 2076 quia
2912 2026 3215 2067 sermonem
3249 2005 3424 2068 trans;

1837 2076 1933 2150 fert
1961 2079 2012 2130 in
2031 2076 2349 2150 urationem.
2382 2077 2470 2132 I0.
2489 2076 2717 2150 Faciltis
2742 2079 2869 2132 sicut
2895 2080 3106 2136 Madian
3134 2092 3181 2136 et
3209 2084 3422 2150 δίκαι-ιι»,

1836 2145 1987 2269 agutd
2016 2144 2190 2200 Jabim
2217 2148 2274 2200 in
2319 2157 2538 2201 torrente
2589 2146 2787 2202 Cisson.
2841 2151 2928 2204 11.
2979 2151 3328 2222 Disperierunt
3373 2144 3426 2209 in

1887 2230 1948 2269 ιιι
1989 2233 2065 2269 or.

1887 2230 1906 2268 ἃ
1918 2230 2065 2272 ηαον.

2007 2286 2128 2364 Νοιιή
2159 2285 2356 2364 frustra
2398 2286 2497 2342 hos
2525 2303 2591 2342 ex
2629 2288 2876 2344 omnibus
2919 2290 3148 2359 delet-it;
3181 2293 3273 2348 sed
3304 2294 3424 2364 quia

1838 2356 2034 2427 bellum
2082 2357 2150 2411 ab
2204 2358 2333 2425 ipsis
2369 2372 2474 2411 non
2529 2369 2895 2427 exspectatum
2948 2356 3151 2416 exitum
3195 2356 3422 2419 habuit:

1840 2426 2046 2498 Madian
2089 2427 2233 2481 enim
2261 2438 2454 2498 terram
2485 2428 2823 2485 multitudine
2852 2433 3180 2498 operientem
3205 2433 3424 2489 Gedeon

1837 2497 1954 2552 sine
1993 2499 2158 2572 armis
2186 2497 2444 2572 invadens
2487 2499 2706 2565 cecidit,
2730 2511 2783 2554 et
2827 2497 3124 2572 proﬂigant
3152 2518 3272 2557 cum
3296 2507 3424 2562 viris

1839 2569 2128 2644 trecentis,
2159 2569 2392 2644 quihnon
2410 2583 2564 2624 enses
2585 2611 2601 2635 ,
2625 2585 2732 2624 non
2753 2573 2968 2644 clypeos
2981 2569 3007 2635 ζ
3031 2588 3137 2628 non
3165 2576 3424 2644 cassides,

1837 2652 2014 2714 neque
2038 2638 2141 2692 alia
2167 2638 2351 2694 bellica
2379 2639 2730 2714 instrumenta
2757 2638 3056 2714 habebant,
3087 2644 3178 2697 sed
3225 2638 3425 2714 lampa;

1837 2708 1934 2762 des
1962 2717 2168 2762 tantum
2188 2750 2204 2775 ,
2230 2719 2291 2782 _et
2329 2709 2484 2764 tubas
2528 2725 2753 2782 corneas
2773 2752 2790 2777 ,
2822 2713 2972 2782 queis
3012 2723 3308 2768 uterentur.
3337 2708 3419 2770 Si-

1839 2793 2014 2853 saram
2041 2794 2170 2834 vero
2211 2779 2400 2853 ducem
2430 2781 2602 2853 gentis
2629 2779 2952 2853 Jabim,'qui
2982 2799 3102 2837 cum
3145 2789 3427 2852 nongentis

1837 2849 2029 2922 ferreis
2083 2850 2329 2922 curribus
2379 2849 2677 2922 pugnabat,
2731 2849 3320 2922 Deus'perterrefecit,
3373 2857 3426 2910 in

1839 2919 2250 2996 fugam_vertit,
2283 2929 2337 2975 et
2363 2919 2519 2974 uxori
2547 2921 2755 2976 Chaber
2803 2919 2969 2996 Cinaei
3008 2925 3260 2996 tradidit,
3307 2942 3428 2996 qua:

1839 2990 1989 3044 illum
2025 2989 2264 3045 immisso
2287 3006 2382 3060 per
2404 3000 2641 3059 tempora
2673 3003 2827 3048 recte
2859 2994 3140 3048 interfecit.
3173 2989 3427 3051 I’reca'tur

1838 3075 1967 3129 ergo
1995 3070 2050 3114 ut
2076 3061 2522 3137 quemadmodum
2551 3061 2634 3126 bi,
2683 3063 2758 3137 sic
2785 3064 3046 3137 e_tiam_illi
3067 3106 3080 3129 ,
3124 3080 3257 3137 quos
3279 3069 3427 3137 prius

1840 3132 2210 3196 enumeravit,
2257 3131 2456 3185 inimici
2509 3147 2669 3186 manu
2727 3133 2818 3188 Dei
2869 3134 3080 3189 cadant.
3144 3131 3426 3192 "I‘orr'entis

1838 3201 2036 3272 quippe
2056 3201 2250 3272 tCisson
2277 3210 2332 3257 et
2373 3201 2601 3268 Endor,
2631 3204 2771 3271 quod
2811 3204 2920 3258 illic
2961 3215 3146 3259 contra
3191 3205 3424 3262 Sisaram

1841 3271 2026 3342 pugna‘
2043 3271 2264 3335 fuisset,
2295 3275 2619 3327 mentionem
2647 3272 2790 3328 facit.
2824 3273 2974 3328 Facti
3002 3287 3117 3330 sunt
3148 3286 3200 3328 ut
3236 3286 3426 3331 stercus

1841 3352 2006 3396 terrae.
2034 3342 2112 3397 Eo
2137 3357 2305 3413 usque
2330 3343 2536 3412 dejecta
2573 3358 2666 3412 per
2691 3343 2896 3400 cladem
2927 3346 3023 3400 fuit
3049 3361 3232 3400 eorum
3266 3363 3426 3401 arro-

1838 3414 2016 3483 gantia
2035 3454 2048 3476 ,
2080 3421 2136 3467 ut
2167 3429 2277 3482 prze
2304 3415 2504 3486 vilitate
2529 3416 2679 3486 quasi
2718 3424 2924 3470 stercus
2952 3427 3345 3486 reputarentur.
3381 3417 3425 3472 E

1841 3499 1900 3538 re
1922 3493 2099 3538 autem
2124 3493 2331 3538 stercus
2368 3484 2580 3539 dicitur.
2612 3484 3066 3553 Quemadmodum
3099 3489 3240 3541 enim
3275 3488 3425 3551 illud,

1841 3553 1964 3625 licet
1991 3554 2094 3608 vile
2137 3553 2509 3625 abiectumque
2538 3555 2638 3618 sit,
2688 3564 2883 3610 terram
2928 3557 3101 3611 reddit
3147 3558 3376 3612 feracem
3410 3576 3425 3612 :

1841 3622 1912 3696 ita
1952 3633 2006 3679 et
2051 3622 2397 3696 superborum
2422 3622 2587 3696 'ruina
2636 3625 2916 3696 vilitaisque
2963 3629 3171 3681 animas
3217 3637 3428 3683 nostras

1841 3694 2347 3769 virtutum_ferages
2394 3694 2576 3769 effi_ci_t.
2628 3697 2728 3769 I2:
2759 3694 2904 3769 eum
2950 3699 3202 3769 principes
3255 3715 3429 3752 eorum

1841 3765 1969 3818 sicut
1997 3764 2147 3830 Oreb,
2172 3774 2218 3817 et
2243 3764 2366 3832 Zeb,
2390 3775 2434 3819 et
2458 3765 2606 3820 Zebte
2625 3777 2668 3820 et
2691 3764 2994 3822 Salmonan.
3019 3764 3172 3823 Viros
3191 3783 3432 3824 comme-

1844 3845 2018 3908 morat
2061 3850 2092 3889 a
2138 3835 2390 3908 Gedeone
2417 3836 2743 3908 interfectos
2785 3853 2799 3908 ς
2852 3849 3107 3908 rogatque
3163 3840 3428 3908 principes

1845 3904 2077 3960 hostium
2101 3920 2282 3977 parem
2313 3906 2494 3960 subire
2520 3917 2747 3977 sortem.
2763 3904 3108 3973 Quos'autem
3140 3904 3426 3977 principes,

1842 3978 2078 4048 apertius
2098 3975 2686 4048 declarant_seqttetitia.
2722 3976 2907 4048 Omnes
2953 3979 3206 4048 principes
3232 3975 3424 4042 eorum,

1845 4047 1940 4118 [ὗε
1965 4048 2051 4118 qui
2073 4045 2335 4118 dixerunt,
2356 4044 2655 4118 iHereditate
2692 4044 3037 4117 possideamus
3079 4044 3429 4101 sanctuarium

1844 4114 2268 4184 DeiIPrincipes
2300 4117 2471 4187 igitur
2492 4131 2598 4170 non
2622 4114 2877 4187 dignitate
2909 4127 3108 4171 tantum
3129 4157 3144 4185 ,
3169 4127 3428 4186 quantum

1844 4187 2044 4241 malitia
2067 4187 2194 4256 dicit
2225 4203 2237 4239 :
2266 4186 2609 4256 quamobrem
2640 4186 2734 4240 Dei
2765 4190 3122 4241 sanctuarium
3156 4187 3429 4242 heredita-

1845 4265 1950 4311 tem
1975 4272 2124 4311 suam
2157 4255 2741 4325 fore’imaginabantur,
2771 4260 2842 4311 ita
2879 4265 2938 4311 ut
2963 4259 3160 4312 sanctis
3198 4261 3262 4311 ad
3289 4258 3430 4312 divi-

1849 4329 1985 4394 tias,
2032 4337 2086 4383 et
2110 4327 2304 4381 divinis
2345 4329 2410 4380 ad
2442 4327 2646 4381 lucrum
2697 4329 2772 4381 uti
2803 4337 3036 4396 possent.
3084 4328 3202 4382 Non
3257 4329 3430 4382 solum

1845 4408 2022 4452 autem
2055 4399 2157 4452 hoc
2184 4396 2378 4451 faciunt
2419 4399 2508 4466 qui
2539 4412 2686 4451 sacra
2714 4412 2838 4451 vasa
2878 4397 3134 4466 diripiunt
3161 4407 3216 4452 et
3247 4409 3432 4454 saneta

1846 4468 2169 4534 divenduut;
2203 4467 2295 4522 sed
2335 4469 2654 4537 quicumque
2682 4467 2856 4523 divina
2885 4479 3253 4538 rauponantur
3297 4485 3430 4524 ven-

1847 4538 2033 4594 dentes
2062 4549 2116 4594 et
2145 4547 2386 4593 ementes
2412 4553 2472 4590 ea
2510 4555 2627 4606 qua:
2658 4539 2751 4593 Dei
2782 4547 2904 4592 sunt
2926 4580 2940 4605 ,
2973 4551 3026 4593 et
3053 4550 3205 4608 pacta
3251 4541 3430 4594 illicita

1849 4610 2128 4665 ineuntes:
2163 4608 2332 4677 qualis
2356 4617 2472 4662 erat
2500 4609 2681 4662 Simon
2705 4651 2719 4676 ,
2744 4610 2830 4678 qui
2862 4609 3177 4664 charismata
3208 4611 3432 4678 pecunia

1847 4695 2028 4751 emere
2066 4680 2283 4751 voluit:
2335 4679 2681 4749 quamobrem
2728 4680 2919 4734 Petrus
2964 4681 3109 4733 illum
3154 4680 3433 4751 indignum

1843 4749 2102 4822 judicavit
2129 4751 2271 4804 dono
2302 4751 2469 4822 sancti
2495 4751 2720 4819 Spiritus
2762 4751 2896 4822 (Act.
2929 4751 2984 4805 8.
3018 4753 3119 4822 18η
3151 4749 3306 4822 εᾳᾳ.)’.
3341 4752 3432 4808 14.

1849 4821 1986 4873 Deus
2029 4836 2185 4882 meus,
2220 4835 2347 4889 pone
2375 4821 2490 4873 illos
2535 4829 2586 4872 ut
2611 4821 2811 4886 rotam;
2863 4822 2913 4874 id
2962 4830 3077 4885 est,
3110 4821 3162 4875 in
3190 4821 3434 4875 cummo-

1852 4893 1995 4945 tione
2033 4899 2088 4944 et
2131 4891 2360 4944 instabili
2387 4904 2580 4960 cursu,
2604 4901 2657 4944 et
2678 4900 2930 4960 perpetua
2967 4894 3295 4946 mutatione:
3332 4891 3436 4946 hoc

1849 4963 1992 5016 enim
2022 4971 2152 5014 rota:
2183 4962 2475 5030 propritnn.
2497 4959 2639 5015 Sicut
2664 4959 2904 5029 stipulam
2930 4973 3046 5015 ante
3067 4963 3246 5032 faciem
3269 4963 3395 5014 venti
3416 4979 3436 5026 ;

1851 5033 1930 5112 ila_
1959 5041 2018 5085 ut
2044 5047 2301 5112 nusquam
2348 5043 2490 5084 stare
2542 5033 2779 5112 possint,
2838 5043 2893 5087 et
2939 5048 3197 5112 nusquam
3249 5047 3436 5112 corqu

1851 5103 2144 5156 substantia
2195 5110 2482 5170 appareat,
2540 5102 2739 5170 impetu
2793 5110 2967 5156 motus
3012 5102 3286 5168 dissipata.
3343 5102 3431 5156 I5.

1853 5173 1998 5226 Sicut
2043 5173 2174 5243 ignis
2197 5174 2281 5242 qui
2328 5172 2568 5243 comburit
2624 5174 2838 5242 sylram,
2879 5173 3004 5226 sicut
3031 5172 3239 5240 ﬂamma
3293 5187 3437 5224 com-

1852 5244 2035 5320 burens
2063 5242 2275 5320 mentes.
2331 5242 2840 5320 Infrucluososnlos
2891 5257 3016 5297 esse
3070 5250 3236 5320 rugat.
3294 5243 3440 5311 Ignis

1853 5315 2050 5383 quippe
2077 5313 2217 5365 utilis
2246 5312 2408 5383 estad
2441 5312 2776 5366 conflandutn
2806 5328 2995 5366 aurum
3026 5312 3434 5382 velargentutn,

1852 5382 2112 5455 panemve
2135 5382 2466 5455 coquendum
2487 5421 2502 5445 ,
2533 5383 2979 5455 pharmacumque
3001 5393 3094 5455 aut
3119 5384 3242 5453 quid
3265 5384 3440 5455 simile

1854 5452 1919 5507 ad
1947 5452 2282 5508 commodum
2313 5462 2551 5522 nostrum
2584 5471 2595 5504 :
2641 5454 2776 5522 ignis
2803 5469 2930 5508 vero
2951 5469 3056 5522 quo
3086 5452 3442 5507 incenduntur

1855 5525 2051 5594 sylva},
2082 5531 2174 5576 aut
2218 5521 2604 5594 comburuntur
2631 5521 2872 5589 montes,
2925 5521 3054 5578 nihil
3103 5525 3257 5579 nobis
3306 5525 3442 5594 parit

1856 5591 1982 5649 utile
2006 5603 2097 5646 aut
2124 5591 2485 5658 commodum,
2514 5592 2607 5646 sed
2633 5595 2784 5648 ardet
2809 5594 3021 5663 quidem
3048 5591 3438 5659 vehementius,

1856 5665 2177 5721 exstinctum
2221 5672 2398 5716 autem
2431 5663 2559 5718 nihil
2589 5665 2730 5720 aliud
2762 5666 2996 5738 profert,
3024 5683 3180 5739 quam
3209 5668 3444 5731 favillam

1927 5837 1996 5907 (a)
2032 5847 2165 5892 Error
2190 5837 2516 5905 gravissimus.
