  <div class='ocr_page' id='page_1' title='image "/cluster/home/n/w/nwhite01/storage/ocr_20150623/55/mdp.39015028539511/742.png"; bbox 0 0 3968 6290; ppageno 0'>
   <div class='ocr_carea' id='block_1_1' title="bbox 75 477 197 536">
    <p class='ocr_par' dir='ltr' id='par_1_1' title="bbox 75 477 197 536">
     <span class='ocr_line' id='line_1_1' title="bbox 75 477 197 536; baseline 0.008 -1"><span class='ocrx_word' id='word_1_1' title='bbox 75 477 197 536; x_wconf 72' lang='grc' dir='ltr'><strong>τω</strong></span> 
     </span>
    </p>
   </div>
   <div class='ocr_carea' id='block_1_2' title="bbox 75 586 1678 660">
    <p class='ocr_par' dir='ltr' id='par_1_2' title="bbox 75 586 1678 660">
     <span class='ocr_line' id='line_1_2' title="bbox 75 586 1678 660; baseline -0.002 -14"><span class='ocrx_word' id='word_1_2' title='bbox 75 601 243 648; x_wconf 79' lang='lat' dir='ltr'><strong>ratus</strong></span> <span class='ocrx_word' id='word_1_3' title='bbox 253 599 357 655; x_wconf 79' lang='lat' dir='ltr'><strong>est,</strong></span> <span class='ocrx_word' id='word_1_4' title='bbox 388 589 611 660; x_wconf 85' lang='lat' dir='ltr'><strong>ideoque</strong></span> <span class='ocrx_word' id='word_1_5' title='bbox 631 603 697 643; x_wconf 82' lang='lat' dir='ltr'><strong>ex</strong></span> <span class='ocrx_word' id='word_1_6' title='bbox 715 586 964 660; x_wconf 74' lang='lat' dir='ltr'><strong>supernis</strong></span> <span class='ocrx_word' id='word_1_7' title='bbox 983 586 1115 642; x_wconf 91' lang='lat' dir='ltr'><strong>locis</strong></span> <span class='ocrx_word' id='word_1_8' title='bbox 1138 586 1189 640; x_wconf 91' lang='lat' dir='ltr'><strong>in</strong></span> <span class='ocrx_word' id='word_1_9' title='bbox 1212 593 1410 641; x_wconf 87' lang='lat' dir='ltr'><strong>terram</strong></span> <span class='ocrx_word' id='word_1_10' title='bbox 1425 586 1678 660; x_wconf 80' lang='lat' dir='ltr'><strong>dejectus</strong></span> 
     </span>
    </p>
   </div>
   <div class='ocr_carea' id='block_1_3' title="bbox 80 657 1678 727">
    <p class='ocr_par' dir='ltr' id='par_1_3' title="bbox 80 657 1678 727">
     <span class='ocr_line' id='line_1_3' title="bbox 80 657 1678 727; baseline -0.006 -9"><span class='ocrx_word' id='word_1_11' title='bbox 80 661 404 718; x_wconf 79' lang='lat' dir='ltr'><strong>humiliatus</strong></span> <span class='ocrx_word' id='word_1_12' title='bbox 449 657 560 726; x_wconf 67' lang='lat' dir='ltr'><strong>est,</strong></span> <span class='ocrx_word' id='word_1_13' title='bbox 594 660 664 713; x_wconf 92' lang='lat' dir='ltr'><strong>ita</strong></span> <span class='ocrx_word' id='word_1_14' title='bbox 687 667 749 713; x_wconf 90' lang='lat' dir='ltr'><strong>ut</strong></span> <span class='ocrx_word' id='word_1_15' title='bbox 781 657 1006 727; x_wconf 86' lang='lat' dir='ltr'><strong>pedibus</strong></span> <span class='ocrx_word' id='word_1_16' title='bbox 1032 667 1334 727; x_wconf 81' lang='lat' dir='ltr'><strong>sanctorum</strong></span> <span class='ocrx_word' id='word_1_17' title='bbox 1361 657 1678 721; x_wconf 75' lang='lat' dir='ltr'><strong>calcaretur,</strong></span> 
     </span>
    </p>
   </div>
   <div class='ocr_carea' id='block_1_4' title="bbox 79 726 1683 800">
    <p class='ocr_par' dir='ltr' id='par_1_4' title="bbox 79 726 1683 800">
     <span class='ocr_line' id='line_1_4' title="bbox 79 726 1683 800; baseline -0.006 -12"><span class='ocrx_word' id='word_1_18' title='bbox 79 741 145 788; x_wconf 86' lang='lat' dir='ltr'><strong>et</strong></span> <span class='ocrx_word' id='word_1_19' title='bbox 161 740 532 788; x_wconf 88' lang='lat' dir='ltr'><strong>contereretur</strong></span> <span class='ocrx_word' id='word_1_20' title='bbox 555 749 568 784; x_wconf 95' lang='lat'>:</span> <span class='ocrx_word' id='word_1_21' title='bbox 588 726 1035 800; x_wconf 74' lang='lat' dir='ltr'><strong>quemadmodum</strong></span> <span class='ocrx_word' id='word_1_22' title='bbox 1052 728 1246 782; x_wconf 87' lang='lat' dir='ltr'><strong>Paulus</strong></span> <span class='ocrx_word' id='word_1_23' title='bbox 1266 726 1522 800; x_wconf 78' lang='lat' dir='ltr'><strong>Romanis</strong></span> <span class='ocrx_word' id='word_1_24' title='bbox 1550 729 1683 800; x_wconf 78' lang='lat' dir='ltr'><strong>scri-</strong></span> 
     </span>
    </p>
   </div>
   <div class='ocr_carea' id='block_1_5' title="bbox 80 795 1680 869">
    <p class='ocr_par' dir='ltr' id='par_1_5' title="bbox 80 795 1680 869">
     <span class='ocr_line' id='line_1_5' title="bbox 80 795 1680 869; baseline -0.005 -12"><span class='ocrx_word' id='word_1_25' title='bbox 80 802 256 857; x_wconf 86' lang='lat' dir='ltr'><strong>bebat</strong></span> <span class='ocrx_word' id='word_1_26' title='bbox 286 821 299 857; x_wconf 92' lang='lat'>:</span> <span class='ocrx_word' id='word_1_27' title='bbox 329 801 468 856; x_wconf 85' lang='lat' dir='ltr'><strong>Deus</strong></span> <span class='ocrx_word' id='word_1_28' title='bbox 492 795 658 854; x_wconf 70' lang='lat' dir='ltr'><strong>autem</strong></span> <span class='ocrx_word' id='word_1_29' title='bbox 685 799 824 869; x_wconf 87' lang='lat' dir='ltr'><strong>pacis</strong></span> <span class='ocrx_word' id='word_1_30' title='bbox 845 807 1062 869; x_wconf 74' lang='lat' dir='ltr'><strong>conteret</strong></span> <span class='ocrx_word' id='word_1_31' title='bbox 1105 807 1333 869; x_wconf 84' lang='lat' dir='ltr'><strong>satanam</strong></span> <span class='ocrx_word' id='word_1_32' title='bbox 1354 796 1444 850; x_wconf 97' lang='lat' dir='ltr'><strong>sub</strong></span> <span class='ocrx_word' id='word_1_33' title='bbox 1475 795 1680 869; x_wconf 76' lang='lat' dir='ltr'><strong>pedibus</strong></span> 
     </span>
    </p>
   </div>
   <div class='ocr_carea' id='block_1_6' title="bbox 77 867 1683 940">
    <p class='ocr_par' dir='ltr' id='par_1_6' title="bbox 77 867 1683 940">
     <span class='ocr_line' id='line_1_6' title="bbox 77 867 1683 940; baseline -0.006 -14"><span class='ocrx_word' id='word_1_34' title='bbox 77 873 267 927; x_wconf 73' lang='lat' dir='ltr'><strong>vestris</strong></span> <span class='ocrx_word' id='word_1_35' title='bbox 309 875 537 926; x_wconf 69' lang='lat' dir='ltr'><strong>velociter</strong></span> <span class='ocrx_word' id='word_1_36' title='bbox 561 867 735 940; x_wconf 80' lang='lat' dir='ltr'><strong>(Rom.</strong></span> <span class='ocrx_word' id='word_1_37' title='bbox 766 869 858 940; x_wconf 67' lang='grc'>16.</span> <span class='ocrx_word' id='word_1_38' title='bbox 881 867 996 940; x_wconf 74' lang='grc'><strong>20).</strong></span> <span class='ocrx_word' id='word_1_39' title='bbox 1029 867 1094 921; x_wconf 81' lang='lat' dir='ltr'><strong>In</strong></span> <span class='ocrx_word' id='word_1_40' title='bbox 1132 867 1334 940; x_wconf 69' lang='lat' dir='ltr'><strong>brachio</strong></span> <span class='ocrx_word' id='word_1_41' title='bbox 1367 868 1683 940; x_wconf 50' lang='lat' dir='ltr'><strong>vittatistua:</strong></span> 
     </span>
    </p>
   </div>
   <div class='ocr_carea' id='block_1_7' title="bbox 80 935 1681 1012">
    <p class='ocr_par' dir='ltr' id='par_1_7' title="bbox 80 935 1681 1012">
     <span class='ocr_line' id='line_1_7' title="bbox 80 935 1681 1012; baseline -0.004 -17"><span class='ocrx_word' id='word_1_42' title='bbox 80 944 378 1012; x_wconf 81' lang='lat' dir='ltr'><strong>dispersisti</strong></span> <span class='ocrx_word' id='word_1_43' title='bbox 399 935 628 994; x_wconf 80' lang='lat' dir='ltr'><strong>inimicos</strong></span> <span class='ocrx_word' id='word_1_44' title='bbox 646 950 804 1012; x_wconf 20' lang='lat' dir='ltr'><strong>ituos.</strong></span> <span class='ocrx_word' id='word_1_45' title='bbox 835 935 1119 1012; x_wconf 75' lang='lat' dir='ltr'><strong>Brachium</strong></span> <span class='ocrx_word' id='word_1_46' title='bbox 1146 938 1238 1012; x_wconf 83' lang='lat' dir='ltr'><strong>Dei</strong></span> <span class='ocrx_word' id='word_1_47' title='bbox 1267 937 1476 1012; x_wconf 70' lang='lat' dir='ltr'><strong>virtutis</strong></span> <span class='ocrx_word' id='word_1_48' title='bbox 1521 935 1681 1012; x_wconf 70' lang='lat' dir='ltr'><strong>Chri-</strong></span> 
     </span>
    </p>
   </div>
   <div class='ocr_carea' id='block_1_8' title="bbox 81 1006 1675 1074">
    <p class='ocr_par' dir='ltr' id='par_1_8' title="bbox 81 1006 1675 1074">
     <span class='ocr_line' id='line_1_8' title="bbox 81 1006 1675 1074; baseline -0.005 -8"><span class='ocrx_word' id='word_1_49' title='bbox 81 1006 208 1066; x_wconf 74' lang='lat' dir='ltr'><strong>stus</strong></span> <span class='ocrx_word' id='word_1_50' title='bbox 229 1024 332 1068; x_wconf 91' lang='lat' dir='ltr'><strong>est.</strong></span> <span class='ocrx_word' id='word_1_51' title='bbox 359 1013 446 1068; x_wconf 89' lang='lat' dir='ltr'><strong>Sic</strong></span> <span class='ocrx_word' id='word_1_52' title='bbox 469 1013 612 1065; x_wconf 89' lang='lat' dir='ltr'><strong>enim</strong></span> <span class='ocrx_word' id='word_1_53' title='bbox 645 1011 807 1064; x_wconf 82' lang='lat' dir='ltr'><strong>Isaias</strong></span> <span class='ocrx_word' id='word_1_54' title='bbox 850 1009 980 1064; x_wconf 84' lang='lat' dir='ltr'><strong>dicit</strong></span> <span class='ocrx_word' id='word_1_55' title='bbox 1007 1026 1020 1060; x_wconf 88' lang='lat'><strong>:</strong></span> <span class='ocrx_word' id='word_1_56' title='bbox 1054 1007 1288 1070; x_wconf 78' lang='lat' dir='ltr'><strong>Domine,</strong></span> <span class='ocrx_word' id='word_1_57' title='bbox 1326 1007 1436 1074; x_wconf 88' lang='lat' dir='ltr'><strong>quis</strong></span> <span class='ocrx_word' id='word_1_58' title='bbox 1461 1006 1675 1060; x_wconf 82' lang='lat' dir='ltr'><strong>credidit</strong></span> 
     </span>
    </p>
   </div>
   <div class='ocr_carea' id='block_1_9' title="bbox 79 1077 1682 1137">
    <p class='ocr_par' dir='ltr' id='par_1_9' title="bbox 79 1077 1682 1137">
     <span class='ocr_line' id='line_1_9' title="bbox 79 1077 1682 1137; baseline -0.003 -2"><span class='ocrx_word' id='word_1_59' title='bbox 79 1084 298 1137; x_wconf 84' lang='lat' dir='ltr'><strong>auditui</strong></span> <span class='ocrx_word' id='word_1_60' title='bbox 329 1082 537 1136; x_wconf 82' lang='lat' dir='ltr'><strong>nostro?</strong></span> <span class='ocrx_word' id='word_1_61' title='bbox 560 1090 606 1134; x_wconf 88' lang='lat' dir='ltr'><strong>et</strong></span> <span class='ocrx_word' id='word_1_62' title='bbox 647 1080 904 1134; x_wconf 82' lang='lat' dir='ltr'><strong>brachium</strong></span> <span class='ocrx_word' id='word_1_63' title='bbox 934 1079 1138 1133; x_wconf 87' lang='lat' dir='ltr'><strong>Domini</strong></span> <span class='ocrx_word' id='word_1_64' title='bbox 1167 1079 1247 1130; x_wconf 84' lang='lat' dir='ltr'><strong>cui</strong></span> <span class='ocrx_word' id='word_1_65' title='bbox 1293 1077 1564 1131; x_wconf 86' lang='lat' dir='ltr'><strong>revelatum</strong></span> <span class='ocrx_word' id='word_1_66' title='bbox 1609 1087 1682 1130; x_wconf 90' lang='lat' dir='ltr'><strong>est</strong></span> 
     </span>
    </p>
   </div>
   <div class='ocr_carea' id='block_1_10' title="bbox 78 1145 1680 1220">
    <p class='ocr_par' dir='ltr' id='par_1_10' title="bbox 78 1145 1680 1220">
     <span class='ocr_line' id='line_1_10' title="bbox 78 1145 1680 1220; baseline -0.004 -14"><span class='ocrx_word' id='word_1_67' title='bbox 78 1153 253 1218; x_wconf 81' lang='lat' dir='ltr'><strong>(Isai.</strong></span> <span class='ocrx_word' id='word_1_68' title='bbox 282 1155 371 1209; x_wconf 78' lang='lat'><strong>53.</strong></span> <span class='ocrx_word' id='word_1_69' title='bbox 405 1152 489 1220; x_wconf 74' lang='lat'><strong>1)?</strong></span> <span class='ocrx_word' id='word_1_70' title='bbox 522 1151 621 1205; x_wconf 86' lang='lat' dir='ltr'><strong>Hic</strong></span> <span class='ocrx_word' id='word_1_71' title='bbox 650 1151 890 1204; x_wconf 88' lang='lat' dir='ltr'><strong>inimicos</strong></span> <span class='ocrx_word' id='word_1_72' title='bbox 918 1151 1008 1204; x_wconf 85' lang='lat' dir='ltr'><strong>Dei</strong></span> <span class='ocrx_word' id='word_1_73' title='bbox 1033 1147 1248 1204; x_wconf 71' lang='lat' dir='ltr'><strong>Judreos</strong></span> <span class='ocrx_word' id='word_1_74' title='bbox 1291 1147 1587 1220; x_wconf 73' lang='lat' dir='ltr'><strong>di_spersit,_</strong></span> <span class='ocrx_word' id='word_1_75' title='bbox 1611 1145 1680 1200; x_wconf 83' lang='lat' dir='ltr'><strong>de</strong></span> 
     </span>
    </p>
   </div>
   <div class='ocr_carea' id='block_1_11' title="bbox 80 1215 1685 1292">
    <p class='ocr_par' dir='ltr' id='par_1_11' title="bbox 80 1215 1685 1292">
     <span class='ocr_line' id='line_1_11' title="bbox 80 1215 1685 1292; baseline -0.005 -15"><span class='ocrx_word' id='word_1_76' title='bbox 80 1215 291 1292; x_wconf 62' lang='lat' dir='ltr'><strong>iiuibus</strong></span> <span class='ocrx_word' id='word_1_77' title='bbox 323 1215 580 1292; x_wconf 84' lang='lat' dir='ltr'><strong>propheta</strong></span> <span class='ocrx_word' id='word_1_78' title='bbox 609 1221 814 1292; x_wconf 75' lang='lat' dir='ltr'><strong>induxit</strong></span> <span class='ocrx_word' id='word_1_79' title='bbox 845 1235 967 1292; x_wconf 89' lang='lat' dir='ltr'><strong>eum</strong></span> <span class='ocrx_word' id='word_1_80' title='bbox 995 1220 1260 1273; x_wconf 89' lang='lat' dir='ltr'><strong>dicentem</strong></span> <span class='ocrx_word' id='word_1_81' title='bbox 1289 1234 1298 1266; x_wconf 89' lang='lat'><strong>:</strong></span> <span class='ocrx_word' id='word_1_82' title='bbox 1330 1215 1532 1292; x_wconf 80' lang='lat' dir='ltr'><strong>Inimici</strong></span> <span class='ocrx_word' id='word_1_83' title='bbox 1561 1218 1685 1286; x_wconf 79' lang='lat' dir='ltr'><strong>facti</strong></span> 
     </span>
    </p>
   </div>
   <div class='ocr_carea' id='block_1_12' title="bbox 77 1287 1681 1364">
    <p class='ocr_par' dir='ltr' id='par_1_12' title="bbox 77 1287 1681 1364">
     <span class='ocr_line' id='line_1_12' title="bbox 77 1287 1681 1364; baseline -0.004 -16"><span class='ocrx_word' id='word_1_84' title='bbox 77 1287 212 1348; x_wconf 64' lang='lat' dir='ltr'><strong>sum</strong></span> <span class='ocrx_word' id='word_1_85' title='bbox 238 1287 696 1364; x_wconf 59' lang='lat' dir='ltr'><strong>(Psal.&#39;138.2‘2).</strong></span> <span class='ocrx_word' id='word_1_86' title='bbox 728 1291 985 1364; x_wconf 85' lang='lat' dir='ltr'><strong>Dispersit</strong></span> <span class='ocrx_word' id='word_1_87' title='bbox 1013 1297 1208 1364; x_wconf 75' lang='lat' dir='ltr'><strong>autem</strong></span> <span class='ocrx_word' id='word_1_88' title='bbox 1251 1302 1364 1352; x_wconf 93' lang='lat' dir='ltr'><strong>eos,</strong></span> <span class='ocrx_word' id='word_1_89' title='bbox 1398 1287 1681 1364; x_wconf 90' lang='lat' dir='ltr'><strong>destru_ens</strong></span> 
     </span>
    </p>
   </div>
   <div class='ocr_carea' id='block_1_13' title="bbox 85 1357 1682 1431">
    <p class='ocr_par' dir='ltr' id='par_1_13' title="bbox 85 1357 1682 1431">
     <span class='ocr_line' id='line_1_13' title="bbox 85 1357 1682 1431; baseline -0.005 -13"><span class='ocrx_word' id='word_1_90' title='bbox 85 1357 299 1429; x_wconf 80' lang='lat' dir='ltr'><strong>locum,</strong></span> <span class='ocrx_word' id='word_1_91' title='bbox 333 1367 384 1418; x_wconf 94' lang='lat' dir='ltr'><strong>in</strong></span> <span class='ocrx_word' id='word_1_92' title='bbox 412 1378 518 1431; x_wconf 87' lang='lat' dir='ltr'><strong>quo</strong></span> <span class='ocrx_word' id='word_1_93' title='bbox 560 1357 851 1416; x_wconf 83' lang='lat' dir='ltr'><strong>secundum</strong></span> <span class='ocrx_word' id='word_1_94' title='bbox 880 1361 1083 1414; x_wconf 86' lang='lat' dir='ltr'><strong>literam</strong></span> <span class='ocrx_word' id='word_1_95' title='bbox 1127 1358 1299 1431; x_wconf 78' lang='lat' dir='ltr'><strong>cultus</strong></span> <span class='ocrx_word' id='word_1_96' title='bbox 1325 1372 1506 1411; x_wconf 91' lang='lat' dir='ltr'><strong>eorum</strong></span> <span class='ocrx_word' id='word_1_97' title='bbox 1548 1357 1682 1431; x_wconf 86' lang='lat' dir='ltr'><strong>situs</strong></span> 
     </span>
    </p>
   </div>
   <div class='ocr_carea' id='block_1_14' title="bbox 83 1426 1678 1492">
    <p class='ocr_par' dir='ltr' id='par_1_14' title="bbox 83 1426 1678 1492">
     <span class='ocr_line' id='line_1_14' title="bbox 83 1426 1678 1492; baseline -0.005 -4"><span class='ocrx_word' id='word_1_98' title='bbox 83 1445 235 1489; x_wconf 83' lang='lat' dir='ltr'><strong>eral.</strong></span> <span class='ocrx_word' id='word_1_99' title='bbox 268 1426 352 1489; x_wconf 70' lang='lat' dir='ltr'><strong>i2.</strong></span> <span class='ocrx_word' id='word_1_100' title='bbox 387 1426 482 1487; x_wconf 78' lang='lat' dir='ltr'><strong>Tui</strong></span> <span class='ocrx_word' id='word_1_101' title='bbox 508 1443 623 1486; x_wconf 84' lang='lat' dir='ltr'><strong>sunt</strong></span> <span class='ocrx_word' id='word_1_102' title='bbox 651 1431 764 1486; x_wconf 72' lang='lat' dir='ltr'><strong>ca&#39;li</strong></span> <span class='ocrx_word' id='word_1_103' title='bbox 791 1439 833 1484; x_wconf 86' lang='lat' dir='ltr'><strong>et</strong></span> <span class='ocrx_word' id='word_1_104' title='bbox 853 1439 938 1484; x_wconf 88' lang='lat' dir='ltr'><strong>tua</strong></span> <span class='ocrx_word' id='word_1_105' title='bbox 967 1439 1038 1484; x_wconf 86' lang='lat' dir='ltr'><strong>est</strong></span> <span class='ocrx_word' id='word_1_106' title='bbox 1067 1438 1218 1482; x_wconf 88' lang='lat' dir='ltr'><strong>terra.</strong></span> <span class='ocrx_word' id='word_1_107' title='bbox 1246 1427 1301 1482; x_wconf 90' lang='lat' dir='ltr'><strong>Id</strong></span> <span class='ocrx_word' id='word_1_108' title='bbox 1324 1443 1388 1481; x_wconf 81' lang='lat' dir='ltr'><strong>ex</strong></span> <span class='ocrx_word' id='word_1_109' title='bbox 1413 1441 1479 1480; x_wconf 91' lang='lat' dir='ltr'><strong>eo</strong></span> <span class='ocrx_word' id='word_1_110' title='bbox 1511 1426 1678 1492; x_wconf 84' lang='lat' dir='ltr'><strong>palam</strong></span> 
     </span>
    </p>
   </div>
   <div class='ocr_carea' id='block_1_15' title="bbox 79 1495 1680 1572">
    <p class='ocr_par' dir='ltr' id='par_1_15' title="bbox 79 1495 1680 1572">
     <span class='ocr_line' id='line_1_15' title="bbox 79 1495 1680 1572; baseline -0.006 -13"><span class='ocrx_word' id='word_1_111' title='bbox 79 1515 198 1571; x_wconf 86' lang='lat' dir='ltr'><strong>est,</strong></span> <span class='ocrx_word' id='word_1_112' title='bbox 248 1504 386 1572; x_wconf 90' lang='lat' dir='ltr'><strong>quod</strong></span> <span class='ocrx_word' id='word_1_113' title='bbox 431 1505 542 1572; x_wconf 92' lang='lat' dir='ltr'><strong>ipse</strong></span> <span class='ocrx_word' id='word_1_114' title='bbox 572 1503 721 1558; x_wconf 90' lang='lat' dir='ltr'><strong>solus</strong></span> <span class='ocrx_word' id='word_1_115' title='bbox 773 1501 836 1555; x_wconf 85' lang='lat' dir='ltr'><strong>iis</strong></span> <span class='ocrx_word' id='word_1_116' title='bbox 893 1500 958 1554; x_wconf 90' lang='lat' dir='ltr'><strong>ad</strong></span> <span class='ocrx_word' id='word_1_117' title='bbox 1009 1500 1467 1572; x_wconf 35' lang='lat' dir='ltr'><strong>libitu_m_utat_ur.‘</strong></span> <span class='ocrx_word' id='word_1_118' title='bbox 1498 1495 1680 1572; x_wconf 76' lang='lat' dir='ltr'><strong>Orbem</strong></span> 
     </span>
    </p>
   </div>
   <div class='ocr_carea' id='block_1_16' title="bbox 82 1565 1674 1643">
    <p class='ocr_par' dir='ltr' id='par_1_16' title="bbox 82 1565 1674 1643">
     <span class='ocr_line' id='line_1_16' title="bbox 82 1565 1674 1643; baseline -0.004 -17"><span class='ocrx_word' id='word_1_119' title='bbox 82 1565 245 1629; x_wconf 73' lang='lat' dir='ltr'><strong>terra:</strong></span> <span class='ocrx_word' id='word_1_120' title='bbox 258 1565 304 1628; x_wconf 77' lang='lat' dir='ltr'><strong>et</strong></span> <span class='ocrx_word' id='word_1_121' title='bbox 331 1565 692 1643; x_wconf 89' lang='lat' dir='ltr'><strong>plenitudinem</strong></span> <span class='ocrx_word' id='word_1_122' title='bbox 720 1572 840 1643; x_wconf 78' lang='lat' dir='ltr'><strong>ejus</strong></span> <span class='ocrx_word' id='word_1_123' title='bbox 873 1579 927 1624; x_wconf 88' lang='lat' dir='ltr'><strong>tu</strong></span> <span class='ocrx_word' id='word_1_124' title='bbox 952 1570 1196 1643; x_wconf 76' lang='lat' dir='ltr'><strong>fundasti.</strong></span> <span class='ocrx_word' id='word_1_125' title='bbox 1228 1565 1514 1643; x_wconf 77' lang='lat' dir='ltr'><strong>Plenitudo</strong></span> <span class='ocrx_word' id='word_1_126' title='bbox 1527 1567 1674 1643; x_wconf 77' lang='lat' dir='ltr'><strong>orbis</strong></span> 
     </span>
    </p>
   </div>
   <div class='ocr_carea' id='block_1_17' title="bbox 83 1636 1680 1700">
    <p class='ocr_par' dir='ltr' id='par_1_17' title="bbox 83 1636 1680 1700">
     <span class='ocr_line' id='line_1_17' title="bbox 83 1636 1680 1700; baseline -0.006 -1"><span class='ocrx_word' id='word_1_127' title='bbox 83 1654 254 1700; x_wconf 73' lang='lat' dir='ltr'><strong>terra:</strong></span> <span class='ocrx_word' id='word_1_128' title='bbox 278 1636 359 1700; x_wconf 77' lang='lat' dir='ltr'><strong>est</strong></span> <span class='ocrx_word' id='word_1_129' title='bbox 380 1644 564 1698; x_wconf 86' lang='lat' dir='ltr'><strong>homo.</strong></span> <span class='ocrx_word' id='word_1_130' title='bbox 591 1636 901 1697; x_wconf 58' lang='lat' dir='ltr'><strong>lllius&#39;enim</strong></span> <span class='ocrx_word' id='word_1_131' title='bbox 926 1636 1083 1694; x_wconf 81' lang='lat' dir='ltr'><strong>causa</strong></span> <span class='ocrx_word' id='word_1_132' title='bbox 1113 1639 1164 1692; x_wconf 92' lang='lat' dir='ltr'><strong>id</strong></span> <span class='ocrx_word' id='word_1_133' title='bbox 1193 1637 1369 1692; x_wconf 90' lang='lat' dir='ltr'><strong>evenit</strong></span> <span class='ocrx_word' id='word_1_134' title='bbox 1393 1647 1449 1692; x_wconf 91' lang='lat' dir='ltr'><strong>ut</strong></span> <span class='ocrx_word' id='word_1_135' title='bbox 1469 1638 1536 1692; x_wconf 90' lang='lat' dir='ltr'><strong>ab</strong></span> <span class='ocrx_word' id='word_1_136' title='bbox 1560 1636 1680 1690; x_wconf 89' lang='lat' dir='ltr'><strong>aliis</strong></span> 
     </span>
    </p>
   </div>
   <div class='ocr_carea' id='block_1_18' title="bbox 79 1707 1679 1774">
    <p class='ocr_par' dir='ltr' id='par_1_18' title="bbox 79 1707 1679 1774">
     <span class='ocr_line' id='line_1_18' title="bbox 79 1707 1679 1774; baseline -0.006 -5"><span class='ocrx_word' id='word_1_137' title='bbox 79 1717 256 1769; x_wconf 79' lang='lat' dir='ltr'><strong>etiam</strong></span> <span class='ocrx_word' id='word_1_138' title='bbox 287 1714 600 1769; x_wconf 86' lang='lat' dir='ltr'><strong>animalibus</strong></span> <span class='ocrx_word' id='word_1_139' title='bbox 630 1713 960 1766; x_wconf 89' lang='lat' dir='ltr'><strong>habitaretur</strong></span> <span class='ocrx_word' id='word_1_140' title='bbox 990 1721 1149 1774; x_wconf 87' lang='lat' dir='ltr'><strong>terra,</strong></span> <span class='ocrx_word' id='word_1_141' title='bbox 1179 1708 1246 1762; x_wconf 93' lang='lat' dir='ltr'><strong>ad</strong></span> <span class='ocrx_word' id='word_1_142' title='bbox 1268 1717 1506 1761; x_wconf 91' lang='lat' dir='ltr'><strong>nostram</strong></span> <span class='ocrx_word' id='word_1_143' title='bbox 1533 1707 1679 1760; x_wconf 90' lang='lat' dir='ltr'><strong>vide-</strong></span> 
     </span>
    </p>
   </div>
   <div class='ocr_carea' id='block_1_19' title="bbox 79 1776 1676 1852">
    <p class='ocr_par' dir='ltr' id='par_1_19' title="bbox 79 1776 1676 1852">
     <span class='ocr_line' id='line_1_19' title="bbox 79 1776 1676 1852; baseline -0.007 -11"><span class='ocrx_word' id='word_1_144' title='bbox 79 1786 221 1840; x_wconf 87' lang='lat' dir='ltr'><strong>licet</strong></span> <span class='ocrx_word' id='word_1_145' title='bbox 246 1786 552 1839; x_wconf 88' lang='lat' dir='ltr'><strong>utilitatem.</strong></span> <span class='ocrx_word' id='word_1_146' title='bbox 585 1783 732 1837; x_wconf 81' lang='lat' dir='ltr'><strong>ilane</strong></span> <span class='ocrx_word' id='word_1_147' title='bbox 761 1782 920 1852; x_wconf 80' lang='lat' dir='ltr'><strong>igitur</strong></span> <span class='ocrx_word' id='word_1_148' title='bbox 967 1779 1224 1840; x_wconf 81' lang='lat' dir='ltr'><strong>fundavit,</strong></span> <span class='ocrx_word' id='word_1_149' title='bbox 1246 1778 1546 1852; x_wconf 74' lang='lat' dir='ltr'><strong>legemque</strong></span> <span class='ocrx_word' id='word_1_150' title='bbox 1578 1776 1676 1845; x_wconf 86' lang='lat' dir='ltr'><strong>ipsi</strong></span> 
     </span>
    </p>
   </div>
   <div class='ocr_carea' id='block_1_20' title="bbox 79 1847 1679 1923">
    <p class='ocr_par' dir='ltr' id='par_1_20' title="bbox 79 1847 1679 1923">
     <span class='ocr_line' id='line_1_20' title="bbox 79 1847 1679 1923; baseline -0.006 -13"><span class='ocrx_word' id='word_1_151' title='bbox 79 1857 388 1912; x_wconf 83' lang='lat' dir='ltr'><strong>naturalem</strong></span> <span class='ocrx_word' id='word_1_152' title='bbox 420 1854 584 1920; x_wconf 87' lang='lat' dir='ltr'><strong>dedit,</strong></span> <span class='ocrx_word' id='word_1_153' title='bbox 629 1868 748 1923; x_wconf 65' lang='lat' dir='ltr'><strong>quae</strong></span> <span class='ocrx_word' id='word_1_154' title='bbox 781 1847 1062 1923; x_wconf 69' lang='lat' dir='ltr'><strong>&#39;bonorum</strong></span> <span class='ocrx_word' id='word_1_155' title='bbox 1115 1849 1351 1902; x_wconf 90' lang='lat' dir='ltr'><strong>omnium</strong></span> <span class='ocrx_word' id='word_1_156' title='bbox 1420 1847 1679 1923; x_wconf 72' lang='lat' dir='ltr'><strong>humano-</strong></span> 
     </span>
    </p>
   </div>
   <div class='ocr_carea' id='block_1_21' title="bbox 81 1918 1681 1990">
    <p class='ocr_par' dir='ltr' id='par_1_21' title="bbox 81 1918 1681 1990">
     <span class='ocr_line' id='line_1_21' title="bbox 81 1918 1681 1990; baseline -0.006 -10"><span class='ocrx_word' id='word_1_157' title='bbox 81 1941 216 1980; x_wconf 86' lang='lat' dir='ltr'><strong>rum</strong></span> <span class='ocrx_word' id='word_1_158' title='bbox 248 1918 662 1980; x_wconf 59' lang='lat' dir='ltr'><strong>fundamentum&#39;</strong></span> <span class='ocrx_word' id='word_1_159' title='bbox 691 1930 853 1977; x_wconf 90' lang='lat' dir='ltr'><strong>esset.</strong></span> <span class='ocrx_word' id='word_1_160' title='bbox 905 1921 1081 1990; x_wconf 83' lang='lat' dir='ltr'><strong>Itaque</strong></span> <span class='ocrx_word' id='word_1_161' title='bbox 1116 1935 1221 1974; x_wconf 90' lang='lat' dir='ltr'><strong>non</strong></span> <span class='ocrx_word' id='word_1_162' title='bbox 1257 1918 1681 1990; x_wconf 82' lang='lat' dir='ltr'><strong>commovebitur</strong></span> 
     </span>
    </p>
   </div>
   <div class='ocr_carea' id='block_1_22' title="bbox 83 1988 1681 2056">
    <p class='ocr_par' dir='ltr' id='par_1_22' title="bbox 83 1988 1681 2056">
     <span class='ocr_line' id='line_1_22' title="bbox 83 1988 1681 2056; baseline -0.007 -5"><span class='ocrx_word' id='word_1_163' title='bbox 83 1998 139 2051; x_wconf 85' lang='lat' dir='ltr'><strong>si</strong></span> <span class='ocrx_word' id='word_1_164' title='bbox 164 1997 386 2051; x_wconf 78' lang='lat' dir='ltr'><strong>illzesum</strong></span> <span class='ocrx_word' id='word_1_165' title='bbox 411 1995 701 2050; x_wconf 82' lang='lat' dir='ltr'><strong>servaverit</strong></span> <span class='ocrx_word' id='word_1_166' title='bbox 732 1988 1129 2045; x_wconf 85' lang='lat' dir='ltr'><strong>fundamentum</strong></span> <span class='ocrx_word' id='word_1_167' title='bbox 1151 2005 1325 2043; x_wconf 90' lang='lat' dir='ltr'><strong>suum.</strong></span> <span class='ocrx_word' id='word_1_168' title='bbox 1351 1989 1438 2042; x_wconf 79' lang='grc'>15.</span> <span class='ocrx_word' id='word_1_169' title='bbox 1469 1988 1681 2056; x_wconf 73' lang='lat' dir='ltr'><strong>Aquilo-</strong></span> 
     </span>
    </p>
   </div>
   <div class='ocr_carea' id='block_1_23' title="bbox 83 2055 1683 2128">
    <p class='ocr_par' dir='ltr' id='par_1_23' title="bbox 83 2055 1683 2128">
     <span class='ocr_line' id='line_1_23' title="bbox 83 2055 1683 2128; baseline -0.007 -9"><span class='ocrx_word' id='word_1_170' title='bbox 83 2083 210 2119; x_wconf 81' lang='lat' dir='ltr'><strong>nem</strong></span> <span class='ocrx_word' id='word_1_171' title='bbox 235 2077 280 2120; x_wconf 89' lang='lat' dir='ltr'><strong>et</strong></span> <span class='ocrx_word' id='word_1_172' title='bbox 304 2081 442 2118; x_wconf 87' lang='lat' dir='ltr'><strong>mare</strong></span> <span class='ocrx_word' id='word_1_173' title='bbox 468 2074 520 2118; x_wconf 88' lang='lat' dir='ltr'><strong>tu</strong></span> <span class='ocrx_word' id='word_1_174' title='bbox 547 2064 744 2117; x_wconf 87' lang='lat' dir='ltr'><strong>creasti.</strong></span> <span class='ocrx_word' id='word_1_175' title='bbox 772 2063 872 2116; x_wconf 81' lang='lat' dir='ltr'><strong>Alii</strong></span> <span class='ocrx_word' id='word_1_176' title='bbox 902 2063 1217 2128; x_wconf 90' lang='lat' dir='ltr'><strong>interpretes</strong></span> <span class='ocrx_word' id='word_1_177' title='bbox 1252 2074 1347 2128; x_wconf 88' lang='lat' dir='ltr'><strong>pro</strong></span> <span class='ocrx_word' id='word_1_178' title='bbox 1374 2055 1534 2122; x_wconf 86' lang='lat' dir='ltr'><strong>Mari,</strong></span> <span class='ocrx_word' id='word_1_179' title='bbox 1567 2055 1683 2109; x_wconf 89' lang='lat' dir='ltr'><strong>No-</strong></span> 
     </span>
    </p>
   </div>
   <div class='ocr_carea' id='block_1_24' title="bbox 85 2128 1678 2203">
    <p class='ocr_par' dir='ltr' id='par_1_24' title="bbox 85 2128 1678 2203">
     <span class='ocr_line' id='line_1_24' title="bbox 85 2128 1678 2203; baseline -0.007 -13"><span class='ocrx_word' id='word_1_180' title='bbox 85 2147 224 2203; x_wconf 78' lang='lat' dir='ltr'><strong>tum,</strong></span> <span class='ocrx_word' id='word_1_181' title='bbox 262 2145 354 2190; x_wconf 90' lang='lat' dir='ltr'><strong>aut</strong></span> <span class='ocrx_word' id='word_1_182' title='bbox 380 2135 652 2188; x_wconf 71' lang='lat' dir='ltr'><strong>Dexteram</strong></span> <span class='ocrx_word' id='word_1_183' title='bbox 703 2133 1002 2196; x_wconf 88' lang='lat' dir='ltr'><strong>ediderunt,</strong></span> <span class='ocrx_word' id='word_1_184' title='bbox 1037 2140 1221 2184; x_wconf 90' lang='lat' dir='ltr'><strong>notum</strong></span> <span class='ocrx_word' id='word_1_185' title='bbox 1263 2145 1357 2203; x_wconf 82' lang='lat' dir='ltr'><strong>per</strong></span> <span class='ocrx_word' id='word_1_186' title='bbox 1383 2128 1678 2203; x_wconf 80' lang='lat' dir='ltr'><strong>dexteram,</strong></span> 
     </span>
    </p>
   </div>
   <div class='ocr_carea' id='block_1_25' title="bbox 86 2197 1681 2276">
    <p class='ocr_par' dir='ltr' id='par_1_25' title="bbox 86 2197 1681 2276">
     <span class='ocr_line' id='line_1_25' title="bbox 86 2197 1681 2276; baseline -0.007 -15"><span class='ocrx_word' id='word_1_187' title='bbox 86 2197 223 2276; x_wconf 77' lang='lat' dir='ltr'><strong>quia</strong></span> <span class='ocrx_word' id='word_1_188' title='bbox 273 2208 325 2260; x_wconf 92' lang='lat' dir='ltr'><strong>in</strong></span> <span class='ocrx_word' id='word_1_189' title='bbox 368 2207 580 2260; x_wconf 89' lang='lat' dir='ltr'><strong>climate</strong></span> <span class='ocrx_word' id='word_1_190' title='bbox 611 2203 675 2258; x_wconf 87' lang='lat' dir='ltr'><strong>ad</strong></span> <span class='ocrx_word' id='word_1_191' title='bbox 698 2203 992 2276; x_wconf 77' lang='lat' dir='ltr'><strong>_dexleram</strong></span> <span class='ocrx_word' id='word_1_192' title='bbox 1032 2215 1218 2254; x_wconf 89' lang='lat' dir='ltr'><strong>versus</strong></span> <span class='ocrx_word' id='word_1_193' title='bbox 1245 2197 1506 2276; x_wconf 83' lang='lat' dir='ltr'><strong>orientem</strong></span> <span class='ocrx_word' id='word_1_194' title='bbox 1548 2197 1681 2251; x_wconf 88' lang='lat' dir='ltr'><strong>situs</strong></span> 
     </span>
    </p>
   </div>
   <div class='ocr_carea' id='block_1_26' title="bbox 89 2269 1683 2343">
    <p class='ocr_par' dir='ltr' id='par_1_26' title="bbox 89 2269 1683 2343">
     <span class='ocr_line' id='line_1_26' title="bbox 89 2269 1683 2343; baseline -0.007 -12"><span class='ocrx_word' id='word_1_195' title='bbox 89 2269 203 2343; x_wconf 60' lang='grc' dir='ltr'><strong>εἰμι,</strong></span> <span class='ocrx_word' id='word_1_196' title='bbox 233 2276 649 2330; x_wconf 89' lang='lat' dir='ltr'><strong>subiudicantes.</strong></span> <span class='ocrx_word' id='word_1_197' title='bbox 698 2273 739 2326; x_wconf 79' lang='grc' dir='ltr'><strong>Ε</strong></span> <span class='ocrx_word' id='word_1_198' title='bbox 781 2288 839 2326; x_wconf 89' lang='lat' dir='ltr'><strong>re</strong></span> <span class='ocrx_word' id='word_1_199' title='bbox 886 2282 1065 2326; x_wconf 92' lang='lat' dir='ltr'><strong>autem</strong></span> <span class='ocrx_word' id='word_1_200' title='bbox 1090 2286 1214 2343; x_wconf 78' lang='lat' dir='ltr'><strong>eum</strong></span> <span class='ocrx_word' id='word_1_201' title='bbox 1241 2269 1491 2338; x_wconf 87' lang='lat' dir='ltr'><strong>aquilone</strong></span> <span class='ocrx_word' id='word_1_202' title='bbox 1532 2283 1683 2321; x_wconf 91' lang='lat' dir='ltr'><strong>mare</strong></span> 
     </span>
    </p>
   </div>
   <div class='ocr_carea' id='block_1_27' title="bbox 86 2340 1683 2408">
    <p class='ocr_par' dir='ltr' id='par_1_27' title="bbox 86 2340 1683 2408">
     <span class='ocr_line' id='line_1_27' title="bbox 86 2340 1683 2408; baseline -0.008 -7"><span class='ocrx_word' id='word_1_203' title='bbox 86 2340 435 2402; x_wconf 79' lang='lat' dir='ltr'><strong>constituitur</strong></span> <span class='ocrx_word' id='word_1_204' title='bbox 467 2363 479 2397; x_wconf 94' lang='lat'>:</span> <span class='ocrx_word' id='word_1_205' title='bbox 514 2360 634 2399; x_wconf 90' lang='lat' dir='ltr'><strong>nam</strong></span> <span class='ocrx_word' id='word_1_206' title='bbox 657 2343 792 2398; x_wconf 89' lang='lat' dir='ltr'><strong>solet</strong></span> <span class='ocrx_word' id='word_1_207' title='bbox 820 2344 872 2396; x_wconf 92' lang='lat' dir='ltr'><strong>in</strong></span> <span class='ocrx_word' id='word_1_208' title='bbox 895 2343 1073 2395; x_wconf 88' lang='lat' dir='ltr'><strong>divina</strong></span> <span class='ocrx_word' id='word_1_209' title='bbox 1103 2340 1374 2408; x_wconf 83' lang='lat' dir='ltr'><strong>Scriptura</strong></span> <span class='ocrx_word' id='word_1_210' title='bbox 1415 2352 1560 2391; x_wconf 89' lang='lat' dir='ltr'><strong>mare</strong></span> <span class='ocrx_word' id='word_1_211' title='bbox 1588 2352 1683 2406; x_wconf 91' lang='lat' dir='ltr'><strong>pro</strong></span> 
     </span>
    </p>
   </div>
   <div class='ocr_carea' id='block_1_28' title="bbox 88 2407 1684 2486">
    <p class='ocr_par' dir='ltr' id='par_1_28' title="bbox 88 2407 1684 2486">
     <span class='ocr_line' id='line_1_28' title="bbox 88 2407 1684 2486; baseline -0.007 -14"><span class='ocrx_word' id='word_1_212' title='bbox 88 2417 376 2472; x_wconf 86' lang='lat' dir='ltr'><strong>occidente</strong></span> <span class='ocrx_word' id='word_1_213' title='bbox 399 2417 544 2486; x_wconf 86' lang='lat' dir='ltr'><strong>poni.</strong></span> <span class='ocrx_word' id='word_1_214' title='bbox 571 2413 933 2486; x_wconf 81' lang='lat' dir='ltr'><strong>Quamobrem</strong></span> <span class='ocrx_word' id='word_1_215' title='bbox 957 2407 1332 2486; x_wconf 56' lang='lat' dir='ltr'><strong>_Numeror:um</strong></span> <span class='ocrx_word' id='word_1_216' title='bbox 1355 2409 1486 2486; x_wconf 88' lang='lat' dir='ltr'><strong>liber</strong></span> <span class='ocrx_word' id='word_1_217' title='bbox 1516 2407 1684 2461; x_wconf 90' lang='lat' dir='ltr'><strong>tribus</strong></span> 
     </span>
    </p>
   </div>
   <div class='ocr_carea' id='block_1_29' title="bbox 88 2479 1680 2556">
    <p class='ocr_par' dir='ltr' id='par_1_29' title="bbox 88 2479 1680 2556">
     <span class='ocr_line' id='line_1_29' title="bbox 88 2479 1680 2556; baseline -0.009 -13"><span class='ocrx_word' id='word_1_218' title='bbox 88 2479 415 2545; x_wconf 56' lang='lat' dir='ltr'><strong>recensens:</strong></span> <span class='ocrx_word' id='word_1_219' title='bbox 427 2479 651 2556; x_wconf 81' lang='lat' dir='ltr'><strong>quarum</strong></span> <span class='ocrx_word' id='word_1_220' title='bbox 668 2483 872 2556; x_wconf 64' lang='lat' dir='ltr'><strong>alitead</strong></span> <span class='ocrx_word' id='word_1_221' title='bbox 890 2484 1183 2556; x_wconf 84' lang='lat' dir='ltr'><strong>orientem,_</strong></span> <span class='ocrx_word' id='word_1_222' title='bbox 1195 2480 1311 2533; x_wconf 68' lang='lat' dir='ltr'><strong>alia)</strong></span> <span class='ocrx_word' id='word_1_223' title='bbox 1327 2479 1393 2533; x_wconf 91' lang='lat' dir='ltr'><strong>ad</strong></span> <span class='ocrx_word' id='word_1_224' title='bbox 1419 2487 1680 2544; x_wconf 87' lang='lat' dir='ltr'><strong>austrum,</strong></span> 
     </span>
    </p>
   </div>
   <div class='ocr_carea' id='block_1_30' title="bbox 84 2551 1684 2626">
    <p class='ocr_par' dir='ltr' id='par_1_30' title="bbox 84 2551 1684 2626">
     <span class='ocr_line' id='line_1_30' title="bbox 84 2551 1684 2626; baseline -0.007 -15"><span class='ocrx_word' id='word_1_225' title='bbox 84 2559 214 2612; x_wconf 72' lang='lat' dir='ltr'><strong>aliae</strong></span> <span class='ocrx_word' id='word_1_226' title='bbox 239 2559 306 2612; x_wconf 89' lang='lat' dir='ltr'><strong>ad</strong></span> <span class='ocrx_word' id='word_1_227' title='bbox 356 2551 659 2626; x_wconf 75' lang='lat' dir='ltr'><strong>aquilonem</strong></span> <span class='ocrx_word' id='word_1_228' title='bbox 689 2554 945 2626; x_wconf 62' lang='lat' dir='ltr'><strong>ordinatae</strong></span> <span class='ocrx_word' id='word_1_229' title='bbox 962 2561 1141 2626; x_wconf 75' lang='lat' dir='ltr'><strong>erant,</strong></span> <span class='ocrx_word' id='word_1_230' title='bbox 1171 2551 1271 2626; x_wconf 77' lang='lat' dir='ltr'><strong>hac</strong></span> <span class='ocrx_word' id='word_1_231' title='bbox 1293 2564 1424 2626; x_wconf 79' lang='lat' dir='ltr'><strong>voce</strong></span> <span class='ocrx_word' id='word_1_232' title='bbox 1449 2562 1540 2602; x_wconf 89' lang='lat' dir='ltr'><strong>eas</strong></span> <span class='ocrx_word' id='word_1_233' title='bbox 1566 2563 1684 2616; x_wconf 72' lang='lat' dir='ltr'><strong>qua:</strong></span> 
     </span>
    </p>
   </div>
   <div class='ocr_carea' id='block_1_31' title="bbox 85 2619 1682 2691">
    <p class='ocr_par' dir='ltr' id='par_1_31' title="bbox 85 2619 1682 2691">
     <span class='ocr_line' id='line_1_31' title="bbox 85 2619 1682 2691; baseline -0.008 -9"><span class='ocrx_word' id='word_1_234' title='bbox 85 2629 164 2682; x_wconf 82' lang='lat' dir='ltr'><strong>ad</strong></span> <span class='ocrx_word' id='word_1_235' title='bbox 217 2619 548 2683; x_wconf 78' lang='lat' dir='ltr'><strong>occidentem</strong></span> <span class='ocrx_word' id='word_1_236' title='bbox 597 2633 751 2680; x_wconf 90' lang='lat' dir='ltr'><strong>erant</strong></span> <span class='ocrx_word' id='word_1_237' title='bbox 813 2621 1173 2691; x_wconf 90' lang='lat' dir='ltr'><strong>significavit:</strong></span> <span class='ocrx_word' id='word_1_238' title='bbox 1212 2619 1352 2691; x_wconf 78' lang='lat' dir='ltr'><strong>Ordo</strong></span> <span class='ocrx_word' id='word_1_239' title='bbox 1406 2628 1682 2691; x_wconf 62' lang='lat' dir='ltr'><strong>cagtrorum</strong></span> 
     </span>
    </p>
   </div>
   <div class='ocr_carea' id='block_1_32' title="bbox 84 2689 1681 2767">
    <p class='ocr_par' dir='ltr' id='par_1_32' title="bbox 84 2689 1681 2767">
     <span class='ocr_line' id='line_1_32' title="bbox 84 2689 1681 2767; baseline -0.007 -14"><span class='ocrx_word' id='word_1_240' title='bbox 84 2697 350 2767; x_wconf 76' lang='lat' dir='ltr'><strong>Ephraim</strong></span> <span class='ocrx_word' id='word_1_241' title='bbox 393 2697 461 2749; x_wconf 90' lang='lat' dir='ltr'><strong>ad</strong></span> <span class='ocrx_word' id='word_1_242' title='bbox 487 2712 625 2749; x_wconf 89' lang='lat' dir='ltr'><strong>mare</strong></span> <span class='ocrx_word' id='word_1_243' title='bbox 651 2711 769 2767; x_wconf 72' lang='lat' dir='ltr'><strong>cum</strong></span> <span class='ocrx_word' id='word_1_244' title='bbox 807 2689 1200 2767; x_wconf 57' lang='lat' dir='ltr'><strong>virtuteeorum</strong></span> <span class='ocrx_word' id='word_1_245' title='bbox 1229 2694 1244 2756; x_wconf 92' lang='lat'><strong>(</strong></span> <span class='ocrx_word' id='word_1_246' title='bbox 1273 2689 1434 2767; x_wconf 79' lang='lat' dir='ltr'><strong>um.</strong></span> <span class='ocrx_word' id='word_1_247' title='bbox 1460 2689 1515 2742; x_wconf 74' lang='grc'>2.</span> <span class='ocrx_word' id='word_1_248' title='bbox 1550 2690 1616 2767; x_wconf 72' lang='lat'><strong>18_</strong></span> <span class='ocrx_word' id='word_1_249' title='bbox 1638 2689 1681 2758; x_wconf 91' lang='lat'><strong>).</strong></span> 
     </span>
    </p>
   </div>
   <div class='ocr_carea' id='block_1_33' title="bbox 91 2759 1679 2834">
    <p class='ocr_par' dir='ltr' id='par_1_33' title="bbox 91 2759 1679 2834">
     <span class='ocr_line' id='line_1_33' title="bbox 91 2759 1679 2834; baseline -0.009 -10"><span class='ocrx_word' id='word_1_250' title='bbox 91 2759 299 2824; x_wconf 57' lang='lat' dir='ltr'><strong>Verum</strong></span> <span class='ocrx_word' id='word_1_251' title='bbox 324 2782 465 2822; x_wconf 90' lang='lat' dir='ltr'><strong>nunc</strong></span> <span class='ocrx_word' id='word_1_252' title='bbox 483 2782 604 2820; x_wconf 91' lang='lat' dir='ltr'><strong>cum</strong></span> <span class='ocrx_word' id='word_1_253' title='bbox 630 2764 878 2834; x_wconf 91' lang='lat' dir='ltr'><strong>aquilone</strong></span> <span class='ocrx_word' id='word_1_254' title='bbox 902 2761 1230 2834; x_wconf 85' lang='lat' dir='ltr'><strong>occidentem</strong></span> <span class='ocrx_word' id='word_1_255' title='bbox 1259 2761 1414 2834; x_wconf 81' lang='lat' dir='ltr'><strong>simul</strong></span> <span class='ocrx_word' id='word_1_256' title='bbox 1442 2759 1679 2834; x_wconf 79' lang='lat' dir='ltr'><strong>comple-</strong></span> 
     </span>
    </p>
   </div>
   <div class='ocr_carea' id='block_1_34' title="bbox 85 2828 1683 2907">
    <p class='ocr_par' dir='ltr' id='par_1_34' title="bbox 85 2828 1683 2907">
     <span class='ocr_line' id='line_1_34' title="bbox 85 2828 1683 2907; baseline -0.009 -13"><span class='ocrx_word' id='word_1_257' title='bbox 85 2854 197 2894; x_wconf 64' lang='lat' dir='ltr'><strong>xus</strong></span> <span class='ocrx_word' id='word_1_258' title='bbox 231 2849 347 2902; x_wconf 88' lang='lat' dir='ltr'><strong>est;</strong></span> <span class='ocrx_word' id='word_1_259' title='bbox 376 2837 626 2907; x_wconf 89' lang='lat' dir='ltr'><strong>quoniam</strong></span> <span class='ocrx_word' id='word_1_260' title='bbox 666 2828 956 2907; x_wconf 78' lang='lat' dir='ltr'><strong>utrumque</strong></span> <span class='ocrx_word' id='word_1_261' title='bbox 975 2833 1130 2886; x_wconf 82' lang='lat' dir='ltr'><strong>clima</strong></span> <span class='ocrx_word' id='word_1_262' title='bbox 1154 2830 1492 2907; x_wconf 82' lang='lat' dir='ltr'><strong>tenebrosum</strong></span> <span class='ocrx_word' id='word_1_263' title='bbox 1518 2837 1571 2882; x_wconf 88' lang='lat' dir='ltr'><strong>et</strong></span> <span class='ocrx_word' id='word_1_264' title='bbox 1598 2828 1683 2905; x_wconf 84' lang='lat' dir='ltr'><strong>hi-</strong></span> 
     </span>
    </p>
   </div>
   <div class='ocr_carea' id='block_1_35' title="bbox 86 2894 1686 2976">
    <p class='ocr_par' dir='ltr' id='par_1_35' title="bbox 86 2894 1686 2976">
     <span class='ocr_line' id='line_1_35' title="bbox 86 2894 1686 2976; baseline -0.011 -12"><span class='ocrx_word' id='word_1_265' title='bbox 86 2911 321 2964; x_wconf 80' lang='lat' dir='ltr'><strong>bernum</strong></span> <span class='ocrx_word' id='word_1_266' title='bbox 336 2894 740 2976; x_wconf 63' lang='lat' dir='ltr'><strong>es&#39;t.Eapropter</strong></span> <span class='ocrx_word' id='word_1_267' title='bbox 759 2894 882 2972; x_wconf 70' lang='lat' dir='ltr'><strong>quia</strong></span> <span class='ocrx_word' id='word_1_268' title='bbox 906 2903 1022 2976; x_wconf 86' lang='lat' dir='ltr'><strong>illas</strong></span> <span class='ocrx_word' id='word_1_269' title='bbox 1041 2900 1325 2976; x_wconf 73' lang='lat' dir='ltr'><strong>creationis</strong></span> <span class='ocrx_word' id='word_1_270' title='bbox 1347 2904 1534 2976; x_wconf 70' lang='lat' dir='ltr'><strong>partes</strong></span> <span class='ocrx_word' id='word_1_271' title='bbox 1565 2894 1686 2975; x_wconf 86' lang='lat' dir='ltr'><strong>qui-</strong></span> 
     </span>
    </p>
   </div>
   <div class='ocr_carea' id='block_1_36' title="bbox 78 2952 1688 3041">
    <p class='ocr_par' dir='ltr' id='par_1_36' title="bbox 78 2952 1688 3041">
     <span class='ocr_line' id='line_1_36' title="bbox 78 2952 1688 3041; baseline -0.001 -14"><span class='ocrx_word' id='word_1_272' title='bbox 78 2952 1017 3032; x_wconf 57' lang='grc' dir='ltr'><strong>Πιῖἑιῖἑὲίὲῑόὀὶέᾘίὅὶῖἕὺἐὲιὲἔῦίῖηἶᾶἶή</strong></span> <span class='ocrx_word' id='word_1_273' title='bbox 1025 2952 1182 3041; x_wconf 42' lang='lat' dir='ltr'><strong>pio—el</strong></span> <span class='ocrx_word' id='word_1_274' title='bbox 1197 2952 1505 3041; x_wconf 68' lang='lat' dir='ltr'><strong>blaspheme</strong></span> <span class='ocrx_word' id='word_1_275' title='bbox 1525 2952 1688 3020; x_wconf 73' lang='lat' dir='ltr'><strong>raiio-</strong></span> 
     </span>
    </p>
   </div>
   <div class='ocr_carea' id='block_1_37' title="bbox 83 3040 1684 3105">
    <p class='ocr_par' dir='ltr' id='par_1_37' title="bbox 83 3040 1684 3105">
     <span class='ocr_line' id='line_1_37' title="bbox 83 3040 1684 3105; baseline -0.007 -5"><span class='ocrx_word' id='word_1_276' title='bbox 83 3049 239 3100; x_wconf 81' lang='lat' dir='ltr'><strong>cinio</strong></span> <span class='ocrx_word' id='word_1_277' title='bbox 266 3056 565 3099; x_wconf 76' lang='lat' dir='ltr'><strong>creaturam</strong></span> <span class='ocrx_word' id='word_1_278' title='bbox 589 3045 885 3098; x_wconf 80' lang='lat' dir='ltr'><strong>dividentes</strong></span> <span class='ocrx_word' id='word_1_279' title='bbox 909 3084 924 3105; x_wconf 95' lang='lat'><strong>,</strong></span> <span class='ocrx_word' id='word_1_280' title='bbox 971 3040 1181 3096; x_wconf 87' lang='lat' dir='ltr'><strong>illorum</strong></span> <span class='ocrx_word' id='word_1_281' title='bbox 1220 3040 1404 3094; x_wconf 90' lang='lat' dir='ltr'><strong>volens</strong></span> <span class='ocrx_word' id='word_1_282' title='bbox 1448 3051 1684 3092; x_wconf 83' lang='lat' dir='ltr'><strong>errorem</strong></span> 
     </span>
    </p>
   </div>
   <div class='ocr_carea' id='block_1_38' title="bbox 85 3111 1687 3178">
    <p class='ocr_par' dir='ltr' id='par_1_38' title="bbox 85 3111 1687 3178">
     <span class='ocr_line' id='line_1_38' title="bbox 85 3111 1687 3178; baseline -0.006 -9"><span class='ocrx_word' id='word_1_283' title='bbox 85 3116 330 3178; x_wconf 86' lang='lat' dir='ltr'><strong>auferre,</strong></span> <span class='ocrx_word' id='word_1_284' title='bbox 347 3132 375 3168; x_wconf 84' lang='lat' dir='ltr'><strong>a</strong></span> <span class='ocrx_word' id='word_1_285' title='bbox 393 3114 656 3169; x_wconf 89' lang='lat' dir='ltr'><strong>communi</strong></span> <span class='ocrx_word' id='word_1_286' title='bbox 696 3115 946 3168; x_wconf 84' lang='lat' dir='ltr'><strong>Creatore</strong></span> <span class='ocrx_word' id='word_1_287' title='bbox 968 3111 1080 3166; x_wconf 66' lang='lat' dir='ltr'><strong>haac</strong></span> <span class='ocrx_word' id='word_1_288' title='bbox 1098 3113 1254 3166; x_wconf 88' lang='lat' dir='ltr'><strong>etiam</strong></span> <span class='ocrx_word' id='word_1_289' title='bbox 1273 3118 1446 3163; x_wconf 88' lang='lat' dir='ltr'><strong>creata</strong></span> <span class='ocrx_word' id='word_1_290' title='bbox 1463 3123 1582 3162; x_wconf 87' lang='lat' dir='ltr'><strong>esse</strong></span> <span class='ocrx_word' id='word_1_291' title='bbox 1612 3116 1687 3160; x_wconf 82' lang='lat' dir='ltr'><strong>te-</strong></span> 
     </span>
    </p>
   </div>
   <div class='ocr_carea' id='block_1_39' title="bbox 85 3178 1683 3242">
    <p class='ocr_par' dir='ltr' id='par_1_39' title="bbox 85 3178 1683 3242">
     <span class='ocr_line' id='line_1_39' title="bbox 85 3178 1683 3242; baseline -0.008 0"><span class='ocrx_word' id='word_1_292' title='bbox 85 3187 376 3242; x_wconf 83' lang='lat' dir='ltr'><strong>stificatur.</strong></span> <span class='ocrx_word' id='word_1_293' title='bbox 403 3185 601 3238; x_wconf 84' lang='lat' dir='ltr'><strong>Thabor</strong></span> <span class='ocrx_word' id='word_1_294' title='bbox 617 3195 661 3237; x_wconf 89' lang='lat' dir='ltr'><strong>et</strong></span> <span class='ocrx_word' id='word_1_295' title='bbox 677 3183 954 3237; x_wconf 81' lang='lat' dir='ltr'><strong>Ermoniim</strong></span> <span class='ocrx_word' id='word_1_296' title='bbox 969 3183 1021 3234; x_wconf 91' lang='lat' dir='ltr'><strong>in</strong></span> <span class='ocrx_word' id='word_1_297' title='bbox 1033 3181 1232 3236; x_wconf 87' lang='lat' dir='ltr'><strong>nomine</strong></span> <span class='ocrx_word' id='word_1_298' title='bbox 1242 3189 1327 3232; x_wconf 86' lang='lat' dir='ltr'><strong>tuo</strong></span> <span class='ocrx_word' id='word_1_299' title='bbox 1347 3178 1683 3233; x_wconf 71' lang='lat' dir='ltr'><strong>exsultabunt.</strong></span> 
     </span>
    </p>
   </div>
   <div class='ocr_carea' id='block_1_40' title="bbox 164 3248 1678 3313">
    <p class='ocr_par' dir='ltr' id='par_1_40' title="bbox 164 3248 1678 3313">
     <span class='ocr_line' id='line_1_40' title="bbox 164 3248 1678 3313; baseline -0.009 0"><span class='ocrx_word' id='word_1_300' title='bbox 164 3259 220 3313; x_wconf 83' lang='grc'>5.</span> <span class='ocrx_word' id='word_1_301' title='bbox 251 3256 358 3312; x_wconf 89' lang='lat' dir='ltr'><strong>Cur</strong></span> <span class='ocrx_word' id='word_1_302' title='bbox 382 3256 568 3309; x_wconf 87' lang='lat' dir='ltr'><strong>horutn</strong></span> <span class='ocrx_word' id='word_1_303' title='bbox 613 3263 815 3307; x_wconf 89' lang='lat' dir='ltr'><strong>tantum</strong></span> <span class='ocrx_word' id='word_1_304' title='bbox 843 3252 1098 3306; x_wconf 91' lang='lat' dir='ltr'><strong>montium</strong></span> <span class='ocrx_word' id='word_1_305' title='bbox 1149 3252 1473 3304; x_wconf 90' lang='lat' dir='ltr'><strong>mentionem</strong></span> <span class='ocrx_word' id='word_1_306' title='bbox 1532 3248 1678 3312; x_wconf 81' lang='lat' dir='ltr'><strong>facit,</strong></span> 
     </span>
    </p>
   </div>
   <div class='ocr_carea' id='block_1_41' title="bbox 87 3317 1682 3397">
    <p class='ocr_par' dir='ltr' id='par_1_41' title="bbox 87 3317 1682 3397">
     <span class='ocr_line' id='line_1_41' title="bbox 87 3317 1682 3397; baseline -0.008 -14"><span class='ocrx_word' id='word_1_307' title='bbox 87 3329 200 3384; x_wconf 86' lang='lat' dir='ltr'><strong>nisi</strong></span> <span class='ocrx_word' id='word_1_308' title='bbox 230 3327 353 3397; x_wconf 86' lang='lat' dir='ltr'><strong>quia</strong></span> <span class='ocrx_word' id='word_1_309' title='bbox 386 3325 822 3397; x_wconf 75' lang='lat' dir='ltr'><strong>&#39;l‘lialior_vicittus</strong></span> <span class='ocrx_word' id='word_1_310' title='bbox 843 3319 1308 3397; x_wconf 73' lang='lat' dir='ltr'><strong>Ermoni,_Cbristi</strong></span> <span class='ocrx_word' id='word_1_311' title='bbox 1337 3317 1682 3397; x_wconf 75' lang='lat' dir='ltr'><strong>transfigura-</strong></span> 
     </span>
    </p>
   </div>
   <div class='ocr_carea' id='block_1_42' title="bbox 89 3390 1690 3465">
    <p class='ocr_par' dir='ltr' id='par_1_42' title="bbox 89 3390 1690 3465">
     <span class='ocr_line' id='line_1_42' title="bbox 89 3390 1690 3465; baseline -0.009 -11"><span class='ocrx_word' id='word_1_312' title='bbox 89 3390 297 3454; x_wconf 76' lang='lat' dir='ltr'><strong>tionein</strong></span> <span class='ocrx_word' id='word_1_313' title='bbox 325 3396 570 3465; x_wconf 83' lang='lat' dir='ltr'><strong>excepit?</strong></span> <span class='ocrx_word' id='word_1_314' title='bbox 595 3395 716 3449; x_wconf 91' lang='lat' dir='ltr'><strong>ldco</strong></span> <span class='ocrx_word' id='word_1_315' title='bbox 742 3397 792 3447; x_wconf 93' lang='lat' dir='ltr'><strong>in</strong></span> <span class='ocrx_word' id='word_1_316' title='bbox 823 3393 939 3465; x_wconf 84' lang='lat' dir='ltr'><strong>ejus</strong></span> <span class='ocrx_word' id='word_1_317' title='bbox 962 3392 1176 3465; x_wconf 85' lang='lat' dir='ltr'><strong>nomine</strong></span> <span class='ocrx_word' id='word_1_318' title='bbox 1199 3401 1483 3465; x_wconf 83' lang='lat' dir='ltr'><strong>utrumque</strong></span> <span class='ocrx_word' id='word_1_319' title='bbox 1509 3390 1690 3442; x_wconf 83' lang='lat' dir='ltr'><strong>exsul-</strong></span> 
     </span>
    </p>
   </div>
   <div class='ocr_carea' id='block_1_43' title="bbox 90 3461 1683 3533">
    <p class='ocr_par' dir='ltr' id='par_1_43' title="bbox 90 3461 1683 3533">
     <span class='ocr_line' id='line_1_43' title="bbox 90 3461 1683 3533; baseline -0.01 -8"><span class='ocrx_word' id='word_1_320' title='bbox 90 3470 295 3525; x_wconf 82' lang='lat' dir='ltr'><strong>tavisse</strong></span> <span class='ocrx_word' id='word_1_321' title='bbox 350 3461 514 3532; x_wconf 82' lang='lat' dir='ltr'><strong>dicit;</strong></span> <span class='ocrx_word' id='word_1_322' title='bbox 572 3466 718 3519; x_wconf 91' lang='lat' dir='ltr'><strong>illum</strong></span> <span class='ocrx_word' id='word_1_323' title='bbox 769 3463 1004 3533; x_wconf 90' lang='lat' dir='ltr'><strong>quidem,</strong></span> <span class='ocrx_word' id='word_1_324' title='bbox 1050 3463 1171 3531; x_wconf 88' lang='lat' dir='ltr'><strong>quia</strong></span> <span class='ocrx_word' id='word_1_325' title='bbox 1204 3461 1304 3533; x_wconf 86' lang='lat' dir='ltr'><strong>ipsi</strong></span> <span class='ocrx_word' id='word_1_326' title='bbox 1336 3470 1536 3533; x_wconf 84' lang='lat' dir='ltr'><strong>tantum</strong></span> <span class='ocrx_word' id='word_1_327' title='bbox 1567 3475 1683 3533; x_wconf 60' lang='lat' dir='ltr'><strong>my-</strong></span> 
     </span>
    </p>
   </div>
   <div class='ocr_carea' id='block_1_44' title="bbox 94 3529 1683 3600">
    <p class='ocr_par' dir='ltr' id='par_1_44' title="bbox 94 3529 1683 3600">
     <span class='ocr_line' id='line_1_44' title="bbox 94 3529 1683 3600; baseline -0.009 -6"><span class='ocrx_word' id='word_1_328' title='bbox 94 3541 318 3595; x_wconf 89' lang='lat' dir='ltr'><strong>sterium</strong></span> <span class='ocrx_word' id='word_1_329' title='bbox 346 3529 708 3592; x_wconf 83' lang='lat' dir='ltr'><strong>concreditum</strong></span> <span class='ocrx_word' id='word_1_330' title='bbox 731 3529 846 3598; x_wconf 78' lang='lat' dir='ltr'><strong>est;</strong></span> <span class='ocrx_word' id='word_1_331' title='bbox 884 3535 1024 3587; x_wconf 91' lang='lat' dir='ltr'><strong>hunc</strong></span> <span class='ocrx_word' id='word_1_332' title='bbox 1045 3529 1192 3595; x_wconf 74' lang='lat' dir='ltr'><strong>vero,</strong></span> <span class='ocrx_word' id='word_1_333' title='bbox 1219 3529 1340 3600; x_wconf 84' lang='lat' dir='ltr'><strong>quia</strong></span> <span class='ocrx_word' id='word_1_334' title='bbox 1383 3545 1446 3582; x_wconf 84' lang='lat' dir='ltr'><strong>ex</strong></span> <span class='ocrx_word' id='word_1_335' title='bbox 1483 3529 1683 3600; x_wconf 9' lang='lat' dir='ltr'><strong>rvicinia</strong></span> 
     </span>
    </p>
   </div>
   <div class='ocr_carea' id='block_1_45' title="bbox 93 3599 1689 3674">
    <p class='ocr_par' dir='ltr' id='par_1_45' title="bbox 93 3599 1689 3674">
     <span class='ocr_line' id='line_1_45' title="bbox 93 3599 1689 3674; baseline -0.009 -9"><span class='ocrx_word' id='word_1_336' title='bbox 93 3609 486 3665; x_wconf 90' lang='lat' dir='ltr'><strong>benedictionis</strong></span> <span class='ocrx_word' id='word_1_337' title='bbox 516 3607 777 3674; x_wconf 89' lang='lat' dir='ltr'><strong>particeps</strong></span> <span class='ocrx_word' id='word_1_338' title='bbox 805 3603 922 3658; x_wconf 93' lang='lat' dir='ltr'><strong>fuit.</strong></span> <span class='ocrx_word' id='word_1_339' title='bbox 966 3599 1302 3674; x_wconf 84' lang='lat' dir='ltr'><strong>Quapropter</strong></span> <span class='ocrx_word' id='word_1_340' title='bbox 1319 3600 1428 3674; x_wconf 81' lang='lat' dir='ltr'><strong>ipsi</strong></span> <span class='ocrx_word' id='word_1_341' title='bbox 1445 3599 1532 3674; x_wconf 39' lang='lat' dir='ltr'><strong>Ain</strong></span> <span class='ocrx_word' id='word_1_342' title='bbox 1584 3599 1689 3651; x_wconf 89' lang='lat' dir='ltr'><strong>alio</strong></span> 
     </span>
    </p>
   </div>
   <div class='ocr_carea' id='block_1_46' title="bbox 92 3667 1690 3743">
    <p class='ocr_par' dir='ltr' id='par_1_46' title="bbox 92 3667 1690 3743">
     <span class='ocr_line' id='line_1_46' title="bbox 92 3667 1690 3743; baseline -0.01 -7"><span class='ocrx_word' id='word_1_343' title='bbox 92 3682 313 3736; x_wconf 86' lang='lat' dir='ltr'><strong>Psalmo</strong></span> <span class='ocrx_word' id='word_1_344' title='bbox 339 3667 766 3734; x_wconf 80' lang='lat' dir='ltr'><strong>benedictionem</strong></span> <span class='ocrx_word' id='word_1_345' title='bbox 796 3667 1159 3743; x_wconf 75' lang='lat' dir='ltr'><strong>impertiithis</strong></span> <span class='ocrx_word' id='word_1_346' title='bbox 1186 3667 1404 3743; x_wconf 48' lang='lat' dir='ltr'><strong>verbis;</strong></span> <span class='ocrx_word' id='word_1_347' title='bbox 1437 3667 1690 3743; x_wconf 56' lang='lat' dir='ltr'><strong>Sieutfos</strong></span> 
     </span>
    </p>
   </div>
   <div class='ocr_carea' id='block_1_47' title="bbox 89 3738 1686 3818">
    <p class='ocr_par' dir='ltr' id='par_1_47' title="bbox 89 3738 1686 3818">
     <span class='ocr_line' id='line_1_47' title="bbox 89 3738 1686 3818; baseline -0.009 -14"><span class='ocrx_word' id='word_1_348' title='bbox 89 3753 316 3814; x_wconf 79' lang='lat' dir='ltr'><strong>Ermon,</strong></span> <span class='ocrx_word' id='word_1_349' title='bbox 344 3750 428 3818; x_wconf 89' lang='lat' dir='ltr'><strong>qui</strong></span> <span class='ocrx_word' id='word_1_350' title='bbox 451 3748 702 3801; x_wconf 78' lang='lat' dir='ltr'><strong>descendit</strong></span> <span class='ocrx_word' id='word_1_351' title='bbox 738 3748 789 3799; x_wconf 89' lang='lat' dir='ltr'><strong>in</strong></span> <span class='ocrx_word' id='word_1_352' title='bbox 819 3738 1010 3797; x_wconf 75' lang='lat' dir='ltr'><strong>mbntes</strong></span> <span class='ocrx_word' id='word_1_353' title='bbox 1035 3741 1174 3818; x_wconf 61' lang='lat' dir='ltr'><strong>Sion</strong></span> <span class='ocrx_word' id='word_1_354' title='bbox 1218 3738 1406 3812; x_wconf 88' lang='lat' dir='ltr'><strong>(Psal.</strong></span> <span class='ocrx_word' id='word_1_355' title='bbox 1440 3738 1560 3794; x_wconf 70' lang='grc'>152.</span> <span class='ocrx_word' id='word_1_356' title='bbox 1591 3738 1686 3818; x_wconf 62' lang='grc' dir='ltr'><strong>ἐξ)Σ</strong></span> 
     </span>
    </p>
   </div>
   <div class='ocr_carea' id='block_1_48' title="bbox 87 3810 1690 3885">
    <p class='ocr_par' dir='ltr' id='par_1_48' title="bbox 87 3810 1690 3885">
     <span class='ocr_line' id='line_1_48' title="bbox 87 3810 1690 3885; baseline -0.011 -7"><span class='ocrx_word' id='word_1_357' title='bbox 87 3825 184 3878; x_wconf 79' lang='grc'>14.</span> <span class='ocrx_word' id='word_1_358' title='bbox 217 3810 390 3873; x_wconf 79' lang='lat' dir='ltr'><strong>Tuum</strong></span> <span class='ocrx_word' id='word_1_359' title='bbox 427 3818 684 3873; x_wconf 83' lang='lat' dir='ltr'><strong>brachium</strong></span> <span class='ocrx_word' id='word_1_360' title='bbox 714 3833 825 3870; x_wconf 87' lang='lat' dir='ltr'><strong>cum</strong></span> <span class='ocrx_word' id='word_1_361' title='bbox 858 3810 1261 3885; x_wconf 84' lang='lat' dir='ltr'><strong>potentia._Ctn_n</strong></span> <span class='ocrx_word' id='word_1_362' title='bbox 1283 3826 1395 3885; x_wconf 67' lang='lat' dir='ltr'><strong>qua</strong></span> <span class='ocrx_word' id='word_1_363' title='bbox 1415 3810 1690 3885; x_wconf 86' lang='lat' dir='ltr'><strong>potentia?</strong></span> 
     </span>
    </p>
   </div>
   <div class='ocr_carea' id='block_1_49' title="bbox 85 3880 1689 3949">
    <p class='ocr_par' dir='ltr' id='par_1_49' title="bbox 85 3880 1689 3949">
     <span class='ocr_line' id='line_1_49' title="bbox 85 3880 1689 3949; baseline -0.011 -2"><span class='ocrx_word' id='word_1_364' title='bbox 85 3891 304 3947; x_wconf 85' lang='lat' dir='ltr'><strong>Crucis.</strong></span> <span class='ocrx_word' id='word_1_365' title='bbox 338 3889 468 3944; x_wconf 83' lang='lat' dir='ltr'><strong>Nam</strong></span> <span class='ocrx_word' id='word_1_366' title='bbox 501 3888 680 3943; x_wconf 89' lang='lat' dir='ltr'><strong>Sermo</strong></span> <span class='ocrx_word' id='word_1_367' title='bbox 705 3880 888 3947; x_wconf 75' lang='lat' dir='ltr'><strong>crucis,</strong></span> <span class='ocrx_word' id='word_1_368' title='bbox 926 3896 983 3938; x_wconf 88' lang='lat' dir='ltr'><strong>ut</strong></span> <span class='ocrx_word' id='word_1_369' title='bbox 1005 3884 1078 3938; x_wconf 89' lang='lat' dir='ltr'><strong>ait</strong></span> <span class='ocrx_word' id='word_1_370' title='bbox 1107 3882 1323 3947; x_wconf 88' lang='lat' dir='ltr'><strong>Paulus,</strong></span> <span class='ocrx_word' id='word_1_371' title='bbox 1358 3881 1420 3933; x_wconf 88' lang='lat' dir='ltr'><strong>iis</strong></span> <span class='ocrx_word' id='word_1_372' title='bbox 1449 3880 1535 3949; x_wconf 87' lang='lat' dir='ltr'><strong>qui</strong></span> <span class='ocrx_word' id='word_1_373' title='bbox 1564 3895 1689 3948; x_wconf 81' lang='lat' dir='ltr'><strong>per-</strong></span> 
     </span>
    </p>
   </div>
   <div class='ocr_carea' id='block_1_50' title="bbox 85 3951 1691 4024">
    <p class='ocr_par' dir='ltr' id='par_1_50' title="bbox 85 3951 1691 4024">
     <span class='ocr_line' id='line_1_50' title="bbox 85 3951 1691 4024; baseline -0.008 -8"><span class='ocrx_word' id='word_1_374' title='bbox 85 3971 217 4017; x_wconf 86' lang='lat' dir='ltr'><strong>eunt</strong></span> <span class='ocrx_word' id='word_1_375' title='bbox 258 3959 474 4014; x_wconf 71' lang='lat' dir='ltr'><strong>stultitia</strong></span> <span class='ocrx_word' id='word_1_376' title='bbox 503 3968 595 4022; x_wconf 86' lang='lat' dir='ltr'><strong>est,</strong></span> <span class='ocrx_word' id='word_1_377' title='bbox 630 3957 769 4010; x_wconf 89' lang='lat' dir='ltr'><strong>nobis</strong></span> <span class='ocrx_word' id='word_1_378' title='bbox 799 3965 969 4009; x_wconf 91' lang='lat' dir='ltr'><strong>autem</strong></span> <span class='ocrx_word' id='word_1_379' title='bbox 994 3954 1082 4024; x_wconf 87' lang='lat' dir='ltr'><strong>qui</strong></span> <span class='ocrx_word' id='word_1_380' title='bbox 1109 3952 1320 4006; x_wconf 86' lang='lat' dir='ltr'><strong>salutent</strong></span> <span class='ocrx_word' id='word_1_381' title='bbox 1335 3951 1691 4024; x_wconf 81' lang='lat' dir='ltr'><strong>consequimur</strong></span> 
     </span>
    </p>
   </div>
   <div class='ocr_carea' id='block_1_51' title="bbox 87 4021 1688 4100">
    <p class='ocr_par' dir='ltr' id='par_1_51' title="bbox 87 4021 1688 4100">
     <span class='ocr_line' id='line_1_51' title="bbox 87 4021 1688 4100; baseline -0.01 -13"><span class='ocrx_word' id='word_1_382' title='bbox 87 4033 194 4087; x_wconf 83' lang='lat' dir='ltr'><strong>Dei</strong></span> <span class='ocrx_word' id='word_1_383' title='bbox 222 4032 377 4084; x_wconf 80' lang='lat' dir='ltr'><strong>virtus</strong></span> <span class='ocrx_word' id='word_1_384' title='bbox 403 4039 472 4083; x_wconf 86' lang='lat' dir='ltr'><strong>est</strong></span> <span class='ocrx_word' id='word_1_385' title='bbox 499 4021 589 4100; x_wconf 86' lang='grc'>(1.</span> <span class='ocrx_word' id='word_1_386' title='bbox 619 4027 736 4082; x_wconf 89' lang='lat' dir='ltr'><strong>Cor.</strong></span> <span class='ocrx_word' id='word_1_387' title='bbox 771 4027 820 4080; x_wconf 97' lang='grc'><strong>1.</strong></span> <span class='ocrx_word' id='word_1_388' title='bbox 856 4021 1131 4100; x_wconf 48' lang='grc' dir='ltr'><strong>κλωπ</strong></span> <span class='ocrx_word' id='word_1_389' title='bbox 1151 4023 1421 4092; x_wconf 77' lang='lat' dir='ltr'><strong>potentia?</strong></span> <span class='ocrx_word' id='word_1_390' title='bbox 1450 4021 1688 4100; x_wconf 52' lang='grc' dir='ltr'><strong>(ἐοργὼς-</strong></span> 
     </span>
    </p>
   </div>
   <div class='ocr_carea' id='block_1_52' title="bbox 89 4090 1689 4162">
    <p class='ocr_par' dir='ltr' id='par_1_52' title="bbox 89 4090 1689 4162">
     <span class='ocr_line' id='line_1_52' title="bbox 89 4090 1689 4162; baseline -0.009 -4"><span class='ocrx_word' id='word_1_391' title='bbox 89 4105 182 4159; x_wconf 92' lang='lat' dir='ltr'><strong>sio</strong></span> <span class='ocrx_word' id='word_1_392' title='bbox 207 4103 277 4154; x_wconf 89' lang='lat' dir='ltr'><strong>ab</strong></span> <span class='ocrx_word' id='word_1_393' title='bbox 304 4117 485 4154; x_wconf 89' lang='lat' dir='ltr'><strong>errore</strong></span> <span class='ocrx_word' id='word_1_394' title='bbox 505 4090 730 4153; x_wconf 77' lang='lat' dir='ltr'><strong>nostro:</strong></span> <span class='ocrx_word' id='word_1_395' title='bbox 767 4111 884 4149; x_wconf 91' lang='lat' dir='ltr'><strong>eam</strong></span> <span class='ocrx_word' id='word_1_396' title='bbox 915 4090 1054 4149; x_wconf 83' lang='lat' dir='ltr'><strong>enim</strong></span> <span class='ocrx_word' id='word_1_397' title='bbox 1109 4090 1202 4162; x_wconf 80' lang='lat' dir='ltr'><strong>per</strong></span> <span class='ocrx_word' id='word_1_398' title='bbox 1253 4106 1467 4146; x_wconf 91' lang='lat' dir='ltr'><strong>crucem</strong></span> <span class='ocrx_word' id='word_1_399' title='bbox 1518 4090 1689 4144; x_wconf 88' lang='lat' dir='ltr'><strong>Patris</strong></span> 
     </span>
    </p>
   </div>
   <div class='ocr_carea' id='block_1_53' title="bbox 86 4163 1688 4239">
    <p class='ocr_par' dir='ltr' id='par_1_53' title="bbox 86 4163 1688 4239">
     <span class='ocr_line' id='line_1_53' title="bbox 86 4163 1688 4239; baseline -0.01 -11"><span class='ocrx_word' id='word_1_400' title='bbox 86 4171 376 4228; x_wconf 85' lang='lat' dir='ltr'><strong>brachium</strong></span> <span class='ocrx_word' id='word_1_401' title='bbox 408 4171 570 4224; x_wconf 84' lang='lat' dir='ltr'><strong>Filius</strong></span> <span class='ocrx_word' id='word_1_402' title='bbox 597 4167 833 4239; x_wconf 82' lang='lat' dir='ltr'><strong>perfecit.</strong></span> <span class='ocrx_word' id='word_1_403' title='bbox 869 4166 922 4220; x_wconf 85' lang='lat' dir='ltr'><strong>id</strong></span> <span class='ocrx_word' id='word_1_404' title='bbox 963 4173 1138 4220; x_wconf 87' lang='lat' dir='ltr'><strong>autem</strong></span> <span class='ocrx_word' id='word_1_405' title='bbox 1163 4163 1434 4239; x_wconf 81' lang='lat' dir='ltr'><strong>declarant</strong></span> <span class='ocrx_word' id='word_1_406' title='bbox 1457 4176 1688 4239; x_wconf 74' lang='lat' dir='ltr'><strong>sequen-</strong></span> 
     </span>
    </p>
   </div>
   <div class='ocr_carea' id='block_1_54' title="bbox 88 4227 1689 4300">
    <p class='ocr_par' dir='ltr' id='par_1_54' title="bbox 88 4227 1689 4300">
     <span class='ocr_line' id='line_1_54' title="bbox 88 4227 1689 4300; baseline -0.01 -2"><span class='ocrx_word' id='word_1_407' title='bbox 88 4227 171 4299; x_wconf 79' lang='lat' dir='ltr'><strong>tia</strong></span> <span class='ocrx_word' id='word_1_408' title='bbox 201 4261 215 4297; x_wconf 90' lang='lat'><strong>:</strong></span> <span class='ocrx_word' id='word_1_409' title='bbox 253 4241 506 4294; x_wconf 80' lang='lat' dir='ltr'><strong>Firmetur</strong></span> <span class='ocrx_word' id='word_1_410' title='bbox 548 4227 726 4293; x_wconf 75' lang='lat' dir='ltr'><strong>manus</strong></span> <span class='ocrx_word' id='word_1_411' title='bbox 753 4248 857 4300; x_wconf 88' lang='lat' dir='ltr'><strong>tua,</strong></span> <span class='ocrx_word' id='word_1_412' title='bbox 892 4239 1141 4290; x_wconf 73' lang='lat' dir='ltr'><strong>exaltetur</strong></span> <span class='ocrx_word' id='word_1_413' title='bbox 1177 4233 1382 4287; x_wconf 66' lang='lat' dir='ltr'><strong>dextera</strong></span> <span class='ocrx_word' id='word_1_414' title='bbox 1427 4227 1689 4284; x_wconf 53' lang='lat' dir='ltr'><strong>tuafl’ir-</strong></span> 
     </span>
    </p>
   </div>
   <div class='ocr_carea' id='block_1_55' title="bbox 88 4301 1692 4376">
    <p class='ocr_par' dir='ltr' id='par_1_55' title="bbox 88 4301 1692 4376">
     <span class='ocr_line' id='line_1_55' title="bbox 88 4301 1692 4376; baseline -0.008 -9"><span class='ocrx_word' id='word_1_415' title='bbox 88 4325 289 4375; x_wconf 84' lang='lat' dir='ltr'><strong>metur,</strong></span> <span class='ocrx_word' id='word_1_416' title='bbox 329 4328 432 4364; x_wconf 88' lang='lat' dir='ltr'><strong>non</strong></span> <span class='ocrx_word' id='word_1_417' title='bbox 486 4321 543 4365; x_wconf 89' lang='lat' dir='ltr'><strong>ut</strong></span> <span class='ocrx_word' id='word_1_418' title='bbox 594 4311 758 4365; x_wconf 85' lang='lat' dir='ltr'><strong>robur</strong></span> <span class='ocrx_word' id='word_1_419' title='bbox 801 4308 1064 4376; x_wconf 79' lang='lat' dir='ltr'><strong>accipiat;</strong></span> <span class='ocrx_word' id='word_1_420' title='bbox 1105 4301 1428 4376; x_wconf 64' lang='lat' dir='ltr'><strong>habetcuim</strong></span> <span class='ocrx_word' id='word_1_421' title='bbox 1464 4320 1477 4356; x_wconf 85' lang='lat'><strong>:</strong></span> <span class='ocrx_word' id='word_1_422' title='bbox 1510 4301 1692 4376; x_wconf 76' lang='lat' dir='ltr'><strong>sedul;</strong></span> 
     </span>
    </p>
   </div>
   <div class='ocr_carea' id='block_1_56' title="bbox 85 4371 1687 4453">
    <p class='ocr_par' dir='ltr' id='par_1_56' title="bbox 85 4371 1687 4453">
     <span class='ocr_line' id='line_1_56' title="bbox 85 4371 1687 4453; baseline -0.008 -15"><span class='ocrx_word' id='word_1_423' title='bbox 85 4371 358 4453; x_wconf 79' lang='lat' dir='ltr'><strong>appareat</strong></span> <span class='ocrx_word' id='word_1_424' title='bbox 378 4381 502 4435; x_wconf 90' lang='lat' dir='ltr'><strong>dum</strong></span> <span class='ocrx_word' id='word_1_425' title='bbox 533 4379 877 4453; x_wconf 73' lang='lat' dir='ltr'><strong>mysterium,</strong></span> <span class='ocrx_word' id='word_1_426' title='bbox 920 4371 1063 4453; x_wconf 80' lang='lat' dir='ltr'><strong>quod</strong></span> <span class='ocrx_word' id='word_1_427' title='bbox 1113 4374 1356 4453; x_wconf 73' lang='lat' dir='ltr'><strong>Christus</strong></span> <span class='ocrx_word' id='word_1_428' title='bbox 1409 4371 1687 4442; x_wconf 88' lang='lat' dir='ltr'><strong>promisit,</strong></span> 
     </span>
    </p>
   </div>
   <div class='ocr_carea' id='block_1_57' title="bbox 88 4447 1685 4521">
    <p class='ocr_par' dir='ltr' id='par_1_57' title="bbox 88 4447 1685 4521">
     <span class='ocr_line' id='line_1_57' title="bbox 88 4447 1685 4521; baseline -0.009 -13"><span class='ocrx_word' id='word_1_429' title='bbox 88 4447 263 4509; x_wconf 73' lang='lat' dir='ltr'><strong>finem</strong></span> <span class='ocrx_word' id='word_1_430' title='bbox 285 4454 478 4521; x_wconf 84' lang='lat' dir='ltr'><strong>accip.t</strong></span> <span class='ocrx_word' id='word_1_431' title='bbox 506 4469 519 4504; x_wconf 90' lang='lat'><strong>:</strong></span> <span class='ocrx_word' id='word_1_432' title='bbox 551 4447 676 4506; x_wconf 80' lang='lat' dir='ltr'><strong>Cum</strong></span> <span class='ocrx_word' id='word_1_433' title='bbox 698 4449 982 4521; x_wconf 68' lang='lat' dir='ltr'><strong>exaltatus,</strong></span> <span class='ocrx_word' id='word_1_434' title='bbox 1031 4447 1480 4521; x_wconf 41' lang='lat' dir='ltr'><strong>inquit,_[u_erona</strong></span> <span class='ocrx_word' id='word_1_435' title='bbox 1521 4453 1685 4521; x_wconf 42' lang='lat' dir='ltr'><strong>tctzra,</strong></span> 
     </span>
    </p>
   </div>
   <div class='ocr_carea' id='block_1_58' title="bbox 87 4512 1687 4588">
    <p class='ocr_par' dir='ltr' id='par_1_58' title="bbox 87 4512 1687 4588">
     <span class='ocr_line' id='line_1_58' title="bbox 87 4512 1687 4588; baseline -0.009 -10"><span class='ocrx_word' id='word_1_436' title='bbox 87 4541 274 4578; x_wconf 86' lang='lat' dir='ltr'><strong>omnes</strong></span> <span class='ocrx_word' id='word_1_437' title='bbox 301 4512 496 4575; x_wconf 56' lang='lat' dir='ltr'><strong>trah&#39;am</strong></span> <span class='ocrx_word' id='word_1_438' title='bbox 516 4521 583 4573; x_wconf 90' lang='lat' dir='ltr'><strong>ad</strong></span> <span class='ocrx_word' id='word_1_439' title='bbox 612 4521 859 4588; x_wconf 87' lang='lat' dir='ltr'><strong>meipsum</strong></span> <span class='ocrx_word' id='word_1_440' title='bbox 894 4516 1085 4584; x_wconf 85' lang='lat' dir='ltr'><strong>(Joan.</strong></span> <span class='ocrx_word' id='word_1_441' title='bbox 1108 4512 1197 4570; x_wconf 68' lang='grc'>12.</span> <span class='ocrx_word' id='word_1_442' title='bbox 1234 4512 1360 4588; x_wconf 59' lang='grc'><strong>52).</strong></span> <span class='ocrx_word' id='word_1_443' title='bbox 1405 4512 1687 4588; x_wconf 77' lang='lat' dir='ltr'><strong>Brachium</strong></span> 
     </span>
    </p>
   </div>
   <div class='ocr_carea' id='block_1_59' title="bbox 86 4583 1691 4662">
    <p class='ocr_par' dir='ltr' id='par_1_59' title="bbox 86 4583 1691 4662">
     <span class='ocr_line' id='line_1_59' title="bbox 86 4583 1691 4662; baseline -0.009 -12"><span class='ocrx_word' id='word_1_444' title='bbox 86 4603 278 4650; x_wconf 84' lang='lat' dir='ltr'><strong>autem</strong></span> <span class='ocrx_word' id='word_1_445' title='bbox 329 4593 465 4656; x_wconf 89' lang='lat' dir='ltr'><strong>diei,</strong></span> <span class='ocrx_word' id='word_1_446' title='bbox 512 4593 635 4662; x_wconf 89' lang='lat' dir='ltr'><strong>quia</strong></span> <span class='ocrx_word' id='word_1_447' title='bbox 690 4583 1008 4662; x_wconf 77' lang='lat' dir='ltr'><strong>Uuigcnitus</strong></span> <span class='ocrx_word' id='word_1_448' title='bbox 1029 4599 1217 4639; x_wconf 88' lang='lat' dir='ltr'><strong>manus</strong></span> <span class='ocrx_word' id='word_1_449' title='bbox 1269 4586 1486 4638; x_wconf 86' lang='lat' dir='ltr'><strong>dextera</strong></span> <span class='ocrx_word' id='word_1_450' title='bbox 1519 4583 1691 4662; x_wconf 55' lang='lat' dir='ltr'><strong>Patris</strong></span> 
     </span>
    </p>
   </div>
   <div class='ocr_carea' id='block_1_60' title="bbox 90 4653 1692 4732">
    <p class='ocr_par' dir='ltr' id='par_1_60' title="bbox 90 4653 1692 4732">
     <span class='ocr_line' id='line_1_60' title="bbox 90 4653 1692 4732; baseline -0.007 -14"><span class='ocrx_word' id='word_1_451' title='bbox 90 4674 342 4727; x_wconf 80' lang='lat' dir='ltr'><strong>vocatur,</strong></span> <span class='ocrx_word' id='word_1_452' title='bbox 379 4653 487 4732; x_wconf 85' lang='lat' dir='ltr'><strong>jam</strong></span> <span class='ocrx_word' id='word_1_453' title='bbox 530 4653 669 4717; x_wconf 57' lang='lat' dir='ltr'><strong>&#39;satis</strong></span> <span class='ocrx_word' id='word_1_454' title='bbox 720 4677 748 4713; x_wconf 90' lang='lat' dir='ltr'><strong>a</strong></span> <span class='ocrx_word' id='word_1_455' title='bbox 794 4653 948 4732; x_wconf 75' lang='lat' dir='ltr'><strong>nobis</strong></span> <span class='ocrx_word' id='word_1_456' title='bbox 977 4659 1395 4732; x_wconf 84' lang='lat' dir='ltr'><strong>demonstratum</strong></span> <span class='ocrx_word' id='word_1_457' title='bbox 1416 4662 1523 4732; x_wconf 82' lang='lat' dir='ltr'><strong>est.</strong></span> <span class='ocrx_word' id='word_1_458' title='bbox 1569 4653 1692 4707; x_wconf 80' lang='lat' dir='ltr'><strong>lla-.c</strong></span> 
     </span>
    </p>
   </div>
   <div class='ocr_carea' id='block_1_61' title="bbox 97 4725 1686 4806">
    <p class='ocr_par' dir='ltr' id='par_1_61' title="bbox 97 4725 1686 4806">
     <span class='ocr_line' id='line_1_61' title="bbox 97 4725 1686 4806; baseline -0.008 -19"><span class='ocrx_word' id='word_1_459' title='bbox 97 4752 280 4806; x_wconf 80' lang='lat' dir='ltr'><strong>porro</strong></span> <span class='ocrx_word' id='word_1_460' title='bbox 299 4725 568 4794; x_wconf 71' lang='lat' dir='ltr'><strong>dicuntur,</strong></span> <span class='ocrx_word' id='word_1_461' title='bbox 599 4733 718 4801; x_wconf 90' lang='lat' dir='ltr'><strong>quia</strong></span> <span class='ocrx_word' id='word_1_462' title='bbox 745 4729 921 4806; x_wconf 80' lang='lat' dir='ltr'><strong>omnia</strong></span> <span class='ocrx_word' id='word_1_463' title='bbox 949 4742 1048 4806; x_wconf 84' lang='lat' dir='ltr'><strong>per_</strong></span> <span class='ocrx_word' id='word_1_464' title='bbox 1077 4727 1249 4806; x_wconf 80' lang='lat' dir='ltr'><strong>ipsum</strong></span> <span class='ocrx_word' id='word_1_465' title='bbox 1281 4725 1431 4806; x_wconf 81' lang='lat' dir='ltr'><strong>quasi</strong></span> <span class='ocrx_word' id='word_1_466' title='bbox 1455 4739 1546 4791; x_wconf 91' lang='lat' dir='ltr'><strong>per</strong></span> <span class='ocrx_word' id='word_1_467' title='bbox 1570 4739 1686 4775; x_wconf 91' lang='lat' dir='ltr'><strong>ma-</strong></span> 
     </span>
    </p>
   </div>
   <div class='ocr_carea' id='block_1_62' title="bbox 89 4794 1688 4871">
    <p class='ocr_par' dir='ltr' id='par_1_62' title="bbox 89 4794 1688 4871">
     <span class='ocr_line' id='line_1_62' title="bbox 89 4794 1688 4871; baseline -0.011 -9"><span class='ocrx_word' id='word_1_468' title='bbox 89 4794 228 4862; x_wconf 67' lang='lat' dir='ltr'><strong>imm</strong></span> <span class='ocrx_word' id='word_1_469' title='bbox 263 4805 417 4858; x_wconf 84' lang='lat' dir='ltr'><strong>Pater</strong></span> <span class='ocrx_word' id='word_1_470' title='bbox 437 4794 685 4871; x_wconf 72' lang='lat' dir='ltr'><strong>operatur</strong></span> <span class='ocrx_word' id='word_1_471' title='bbox 715 4820 728 4855; x_wconf 89' lang='lat'><strong>:</strong></span> <span class='ocrx_word' id='word_1_472' title='bbox 757 4794 1104 4871; x_wconf 69' lang='lat' dir='ltr'><strong>Untniaenim</strong></span> <span class='ocrx_word' id='word_1_473' title='bbox 1121 4813 1208 4866; x_wconf 87' lang='lat' dir='ltr'><strong>per</strong></span> <span class='ocrx_word' id='word_1_474' title='bbox 1227 4796 1388 4865; x_wconf 88' lang='lat' dir='ltr'><strong>ipsum</strong></span> <span class='ocrx_word' id='word_1_475' title='bbox 1405 4794 1537 4871; x_wconf 67' lang='lat' dir='ltr'><strong>facta</strong></span> <span class='ocrx_word' id='word_1_476' title='bbox 1553 4803 1688 4871; x_wconf 71' lang='lat' dir='ltr'><strong>sunt,</strong></span> 
     </span>
    </p>
   </div>
   <div class='ocr_carea' id='block_1_63' title="bbox 90 4863 1688 4945">
    <p class='ocr_par' dir='ltr' id='par_1_63' title="bbox 90 4863 1688 4945">
     <span class='ocr_line' id='line_1_63' title="bbox 90 4863 1688 4945; baseline -0.009 -14"><span class='ocrx_word' id='word_1_477' title='bbox 90 4888 142 4931; x_wconf 84' lang='lat' dir='ltr'><strong>et</strong></span> <span class='ocrx_word' id='word_1_478' title='bbox 170 4877 282 4930; x_wconf 87' lang='lat' dir='ltr'><strong>sine</strong></span> <span class='ocrx_word' id='word_1_479' title='bbox 315 4875 427 4945; x_wconf 76' lang='lat' dir='ltr'><strong>ipso</strong></span> <span class='ocrx_word' id='word_1_480' title='bbox 448 4863 635 4943; x_wconf 80' lang='lat' dir='ltr'><strong>factum</strong></span> <span class='ocrx_word' id='word_1_481' title='bbox 673 4871 914 4945; x_wconf 79' lang='lat' dir='ltr'><strong>estnihil,</strong></span> <span class='ocrx_word' id='word_1_482' title='bbox 941 4867 1076 4939; x_wconf 87' lang='lat' dir='ltr'><strong>quod</strong></span> <span class='ocrx_word' id='word_1_483' title='bbox 1105 4863 1291 4945; x_wconf 75' lang='lat' dir='ltr'><strong>factum</strong></span> <span class='ocrx_word' id='word_1_484' title='bbox 1306 4875 1390 4945; x_wconf 39' lang='lat' dir='ltr'><strong>‘est</strong></span> <span class='ocrx_word' id='word_1_485' title='bbox 1421 4863 1688 4945; x_wconf 42' lang='lat' dir='ltr'><strong>(Joani‘i.</strong></span> 
     </span>
    </p>
   </div>
   <div class='ocr_carea' id='block_1_64' title="bbox 90 4933 1692 5016">
    <p class='ocr_par' dir='ltr' id='par_1_64' title="bbox 90 4933 1692 5016">
     <span class='ocr_line' id='line_1_64' title="bbox 90 4933 1692 5016; baseline -0.009 -13"><span class='ocrx_word' id='word_1_486' title='bbox 90 4951 129 5003; x_wconf 81' lang='grc'>5</span> <span class='ocrx_word' id='word_1_487' title='bbox 156 4949 198 5016; x_wconf 91' lang='grc'>).</span> <span class='ocrx_word' id='word_1_488' title='bbox 234 4933 632 5016; x_wconf 26' lang='lat' dir='ltr'><strong>lSJJusiitiact</strong></span> <span class='ocrx_word' id='word_1_489' title='bbox 657 4933 913 5016; x_wconf 83' lang='lat' dir='ltr'><strong>judicium</strong></span> <span class='ocrx_word' id='word_1_490' title='bbox 951 4933 1254 5016; x_wconf 77' lang='lat' dir='ltr'><strong>prwparatio</strong></span> <span class='ocrx_word' id='word_1_491' title='bbox 1275 4933 1442 4988; x_wconf 82' lang='lat' dir='ltr'><strong>throni</strong></span> <span class='ocrx_word' id='word_1_492' title='bbox 1465 4935 1558 4987; x_wconf 90' lang='lat' dir='ltr'><strong>tui.</strong></span> <span class='ocrx_word' id='word_1_493' title='bbox 1589 4933 1692 4988; x_wconf 86' lang='lat' dir='ltr'><strong>Cu-</strong></span> 
     </span>
    </p>
   </div>
   <div class='ocr_carea' id='block_1_65' title="bbox 87 5007 1695 5090">
    <p class='ocr_par' dir='ltr' id='par_1_65' title="bbox 87 5007 1695 5090">
     <span class='ocr_line' id='line_1_65' title="bbox 87 5007 1695 5090; baseline -0.008 -19"><span class='ocrx_word' id='word_1_494' title='bbox 87 5007 352 5090; x_wconf 76' lang='lat' dir='ltr'><strong>jusnam?</strong></span> <span class='ocrx_word' id='word_1_495' title='bbox 383 5017 524 5090; x_wconf 72' lang='lat' dir='ltr'><strong>§ane</strong></span> <span class='ocrx_word' id='word_1_496' title='bbox 571 5007 729 5090; x_wconf 78' lang='lat' dir='ltr'><strong>futuri</strong></span> <span class='ocrx_word' id='word_1_497' title='bbox 760 5033 772 5068; x_wconf 94' lang='lat'><strong>:</strong></span> <span class='ocrx_word' id='word_1_498' title='bbox 805 5013 926 5090; x_wconf 82' lang='lat' dir='ltr'><strong>ideo</strong></span> <span class='ocrx_word' id='word_1_499' title='bbox 953 5007 1406 5089; x_wconf 63' lang='lat' dir='ltr'><strong>praeparationem</strong></span> <span class='ocrx_word' id='word_1_500' title='bbox 1438 5019 1695 5087; x_wconf 40' lang='lat' dir='ltr'><strong>.comme-</strong></span> 
     </span>
    </p>
   </div>
   <div class='ocr_carea' id='block_1_66' title="bbox 92 5075 1688 5148">
    <p class='ocr_par' dir='ltr' id='par_1_66' title="bbox 92 5075 1688 5148">
     <span class='ocr_line' id='line_1_66' title="bbox 92 5075 1688 5148; baseline -0.009 -5"><span class='ocrx_word' id='word_1_501' title='bbox 92 5075 347 5143; x_wconf 80' lang='lat' dir='ltr'><strong>inoravit.</strong></span> <span class='ocrx_word' id='word_1_502' title='bbox 382 5084 516 5138; x_wconf 88' lang='lat' dir='ltr'><strong>llinc</strong></span> <span class='ocrx_word' id='word_1_503' title='bbox 533 5085 674 5138; x_wconf 90' lang='lat' dir='ltr'><strong>enim</strong></span> <span class='ocrx_word' id='word_1_504' title='bbox 701 5100 766 5138; x_wconf 87' lang='lat' dir='ltr'><strong>ex</strong></span> <span class='ocrx_word' id='word_1_505' title='bbox 798 5083 902 5148; x_wconf 84' lang='lat' dir='ltr'><strong>vita</strong></span> <span class='ocrx_word' id='word_1_506' title='bbox 930 5075 984 5134; x_wconf 80' lang='lat' dir='ltr'><strong>et</strong></span> <span class='ocrx_word' id='word_1_507' title='bbox 1010 5075 1174 5148; x_wconf 80' lang='lat' dir='ltr'><strong>gestis</strong></span> <span class='ocrx_word' id='word_1_508' title='bbox 1206 5076 1403 5130; x_wconf 88' lang='lat' dir='ltr'><strong>nostris</strong></span> <span class='ocrx_word' id='word_1_509' title='bbox 1420 5075 1688 5148; x_wconf 79' lang='lat' dir='ltr'><strong>justitiam</strong></span> 
     </span>
    </p>
   </div>
   <div class='ocr_carea' id='block_1_67' title="bbox 90 5145 1694 5224">
    <p class='ocr_par' dir='ltr' id='par_1_67' title="bbox 90 5145 1694 5224">
     <span class='ocr_line' id='line_1_67' title="bbox 90 5145 1694 5224; baseline -0.012 -10"><span class='ocrx_word' id='word_1_510' title='bbox 90 5168 154 5214; x_wconf 87' lang='lat' dir='ltr'><strong>et</strong></span> <span class='ocrx_word' id='word_1_511' title='bbox 176 5157 433 5224; x_wconf 86' lang='lat' dir='ltr'><strong>judicium</strong></span> <span class='ocrx_word' id='word_1_512' title='bbox 460 5155 561 5210; x_wconf 87' lang='lat' dir='ltr'><strong>sibi</strong></span> <span class='ocrx_word' id='word_1_513' title='bbox 589 5145 1040 5224; x_wconf 65' lang='lat' dir='ltr'><strong>pracparatjudeit</strong></span> <span class='ocrx_word' id='word_1_514' title='bbox 1074 5156 1277 5224; x_wconf 82' lang='lat' dir='ltr'><strong>noster,</strong></span> <span class='ocrx_word' id='word_1_515' title='bbox 1306 5145 1523 5224; x_wconf 66' lang='lat' dir='ltr'><strong>e15__illis</strong></span> <span class='ocrx_word' id='word_1_516' title='bbox 1565 5159 1694 5224; x_wconf 62' lang='lat' dir='ltr'><strong>ope.</strong></span> 
     </span>
    </p>
   </div>
   <div class='ocr_carea' id='block_1_68' title="bbox 91 5215 1694 5288">
    <p class='ocr_par' dir='ltr' id='par_1_68' title="bbox 91 5215 1694 5288">
     <span class='ocr_line' id='line_1_68' title="bbox 91 5215 1694 5288; baseline -0.011 -4"><span class='ocrx_word' id='word_1_517' title='bbox 91 5215 403 5286; x_wconf 67' lang='lat' dir='ltr'><strong>rationibus</strong></span> <span class='ocrx_word' id='word_1_518' title='bbox 433 5215 669 5279; x_wconf 78' lang='lat' dir='ltr'><strong>futurum</strong></span> <span class='ocrx_word' id='word_1_519' title='bbox 699 5215 971 5277; x_wconf 75' lang='lat' dir='ltr'><strong>adducens</strong></span> <span class='ocrx_word' id='word_1_520' title='bbox 1009 5219 1289 5288; x_wconf 84' lang='lat' dir='ltr'><strong>judicium.</strong></span> <span class='ocrx_word' id='word_1_521' title='bbox 1343 5215 1694 5288; x_wconf 66' lang='lat' dir='ltr'><strong>Misericordia</strong></span> 
     </span>
    </p>
   </div>
   <div class='ocr_carea' id='block_1_69' title="bbox 90 5286 1689 5366">
    <p class='ocr_par' dir='ltr' id='par_1_69' title="bbox 90 5286 1689 5366">
     <span class='ocr_line' id='line_1_69' title="bbox 90 5286 1689 5366; baseline -0.011 -11"><span class='ocrx_word' id='word_1_522' title='bbox 90 5309 146 5355; x_wconf 83' lang='lat' dir='ltr'><strong>et</strong></span> <span class='ocrx_word' id='word_1_523' title='bbox 168 5302 352 5352; x_wconf 83' lang='lat' dir='ltr'><strong>veritas</strong></span> <span class='ocrx_word' id='word_1_524' title='bbox 373 5295 653 5366; x_wconf 75' lang='lat' dir='ltr'><strong>prwcedent</strong></span> <span class='ocrx_word' id='word_1_525' title='bbox 685 5294 864 5362; x_wconf 78' lang='lat' dir='ltr'><strong>faciem</strong></span> <span class='ocrx_word' id='word_1_526' title='bbox 895 5286 1338 5366; x_wconf 43' lang='lat' dir='ltr'><strong>tuaiiiL_Pe:L-cedit</strong></span> <span class='ocrx_word' id='word_1_527' title='bbox 1384 5286 1689 5366; x_wconf 71' lang='lat' dir='ltr'><strong>misericor-</strong></span> 
     </span>
    </p>
   </div>
   <div class='ocr_carea' id='block_1_70' title="bbox 92 5357 1694 5435">
    <p class='ocr_par' dir='ltr' id='par_1_70' title="bbox 92 5357 1694 5435">
     <span class='ocr_line' id='line_1_70' title="bbox 92 5357 1694 5435; baseline -0.009 -10"><span class='ocrx_word' id='word_1_528' title='bbox 92 5373 212 5432; x_wconf 89' lang='lat' dir='ltr'><strong>dia,</strong></span> <span class='ocrx_word' id='word_1_529' title='bbox 241 5380 296 5424; x_wconf 90' lang='lat' dir='ltr'><strong>et</strong></span> <span class='ocrx_word' id='word_1_530' title='bbox 321 5357 512 5420; x_wconf 59' lang='lat' dir='ltr'><strong>m&#39;erito</strong></span> <span class='ocrx_word' id='word_1_531' title='bbox 541 5357 775 5435; x_wconf 82' lang='lat' dir='ltr'><strong>sequitur</strong></span> <span class='ocrx_word' id='word_1_532' title='bbox 799 5365 1012 5435; x_wconf 86' lang='lat' dir='ltr'><strong>veritas.</strong></span> <span class='ocrx_word' id='word_1_533' title='bbox 1037 5359 1154 5435; x_wconf 71' lang='lat' dir='ltr'><strong>Nisi</strong></span> <span class='ocrx_word' id='word_1_534' title='bbox 1176 5359 1318 5413; x_wconf 86' lang='lat' dir='ltr'><strong>enim</strong></span> <span class='ocrx_word' id='word_1_535' title='bbox 1357 5357 1503 5435; x_wconf 85' lang='lat' dir='ltr'><strong>prius</strong></span> <span class='ocrx_word' id='word_1_536' title='bbox 1535 5364 1694 5435; x_wconf 89' lang='lat' dir='ltr'><strong>ponat</strong></span> 
     </span>
    </p>
   </div>
   <div class='ocr_carea' id='block_1_71' title="bbox 94 5429 1693 5507">
    <p class='ocr_par' dir='ltr' id='par_1_71' title="bbox 94 5429 1693 5507">
     <span class='ocr_line' id='line_1_71' title="bbox 94 5429 1693 5507; baseline -0.011 -11"><span class='ocrx_word' id='word_1_537' title='bbox 94 5429 549 5507; x_wconf 69' lang='lat' dir='ltr'><strong>misericordiam,</strong></span> <span class='ocrx_word' id='word_1_538' title='bbox 577 5429 694 5506; x_wconf 80' lang='lat' dir='ltr'><strong>quis</strong></span> <span class='ocrx_word' id='word_1_539' title='bbox 716 5434 909 5507; x_wconf 84' lang='lat' dir='ltr'><strong>judicis</strong></span> <span class='ocrx_word' id='word_1_540' title='bbox 939 5433 1215 5507; x_wconf 79' lang='lat' dir='ltr'><strong>veritatem</strong></span> <span class='ocrx_word' id='word_1_541' title='bbox 1257 5429 1520 5507; x_wconf 69' lang='lat' dir='ltr'><strong>sustinere</strong></span> <span class='ocrx_word' id='word_1_542' title='bbox 1544 5434 1693 5507; x_wconf 43' lang='lat' dir='ltr'><strong>pnote-</strong></span> 
     </span>
    </p>
   </div>
   <div class='ocr_carea' id='block_1_72' title="bbox 93 5497 1693 5575">
    <p class='ocr_par' dir='ltr' id='par_1_72' title="bbox 93 5497 1693 5575">
     <span class='ocr_line' id='line_1_72' title="bbox 93 5497 1693 5575; baseline -0.012 -8"><span class='ocrx_word' id='word_1_543' title='bbox 93 5497 350 5569; x_wconf 51' lang='lat' dir='ltr'><strong>rit‘fCur</strong></span> <span class='ocrx_word' id='word_1_544' title='bbox 379 5497 784 5575; x_wconf 57' lang='lat' dir='ltr'><strong>autenij&#39;ustiiia</strong></span> <span class='ocrx_word' id='word_1_545' title='bbox 832 5500 1211 5575; x_wconf 68' lang='lat' dir='ltr'><strong>misericordia:</strong></span> <span class='ocrx_word' id='word_1_546' title='bbox 1263 5497 1510 5553; x_wconf 86' lang='lat' dir='ltr'><strong>additur?</strong></span> <span class='ocrx_word' id='word_1_547' title='bbox 1559 5497 1693 5575; x_wconf 75' lang='lat' dir='ltr'><strong>Quia</strong></span> 
     </span>
    </p>
   </div>
   <div class='ocr_carea' id='block_1_73' title="bbox 94 5568 1693 5643">
    <p class='ocr_par' dir='ltr' id='par_1_73' title="bbox 94 5568 1693 5643">
     <span class='ocr_line' id='line_1_73' title="bbox 94 5568 1693 5643; baseline -0.012 -5"><span class='ocrx_word' id='word_1_548' title='bbox 94 5568 211 5639; x_wconf 72' lang='lat' dir='ltr'><strong>non</strong></span> <span class='ocrx_word' id='word_1_549' title='bbox 233 5580 472 5635; x_wconf 90' lang='lat' dir='ltr'><strong>omnium</strong></span> <span class='ocrx_word' id='word_1_550' title='bbox 505 5568 786 5631; x_wconf 62' lang='lat' dir='ltr'><strong>miScretur</strong></span> <span class='ocrx_word' id='word_1_551' title='bbox 815 5575 1000 5643; x_wconf 86' lang='lat' dir='ltr'><strong>judex,</strong></span> <span class='ocrx_word' id='word_1_552' title='bbox 1048 5572 1139 5626; x_wconf 89' lang='lat' dir='ltr'><strong>sed</strong></span> <span class='ocrx_word' id='word_1_553' title='bbox 1167 5585 1350 5624; x_wconf 90' lang='lat' dir='ltr'><strong>eorum</strong></span> <span class='ocrx_word' id='word_1_554' title='bbox 1375 5579 1576 5643; x_wconf 69' lang='lat' dir='ltr'><strong>tantum</strong></span> <span class='ocrx_word' id='word_1_555' title='bbox 1604 5568 1693 5636; x_wconf 89' lang='lat' dir='ltr'><strong>qui</strong></span> 
     </span>
    </p>
   </div>
   <div class='ocr_carea' id='block_1_74' title="bbox 97 5638 1691 5724">
    <p class='ocr_par' dir='ltr' id='par_1_74' title="bbox 97 5638 1691 5724">
     <span class='ocr_line' id='line_1_74' title="bbox 97 5638 1691 5724; baseline -0.012 -17"><span class='ocrx_word' id='word_1_556' title='bbox 97 5638 445 5724; x_wconf 78' lang='lat' dir='ltr'><strong>peccatorum</strong></span> <span class='ocrx_word' id='word_1_557' title='bbox 477 5663 692 5724; x_wconf 78' lang='lat' dir='ltr'><strong>suorum</strong></span> <span class='ocrx_word' id='word_1_558' title='bbox 741 5638 1159 5724; x_wconf 58' lang='lat' dir='ltr'><strong>miéericordiam</strong></span> <span class='ocrx_word' id='word_1_559' title='bbox 1189 5638 1502 5722; x_wconf 77' lang='lat' dir='ltr'><strong>consequuti</strong></span> <span class='ocrx_word' id='word_1_560' title='bbox 1539 5647 1691 5718; x_wconf 81' lang='lat' dir='ltr'><strong>sunt,</strong></span> 
     </span>
    </p>
   </div>
   <div class='ocr_carea' id='block_1_75' title="bbox 97 5709 1693 5790">
    <p class='ocr_par' dir='ltr' id='par_1_75' title="bbox 97 5709 1693 5790">
     <span class='ocr_line' id='line_1_75' title="bbox 97 5709 1693 5790; baseline -0.011 -12"><span class='ocrx_word' id='word_1_561' title='bbox 97 5709 220 5780; x_wconf 52' lang='lat' dir='ltr'><strong>loive</strong></span> <span class='ocrx_word' id='word_1_562' title='bbox 246 5719 612 5790; x_wconf 60' lang='lat' dir='ltr'><strong>paenitentiam</strong></span> <span class='ocrx_word' id='word_1_563' title='bbox 639 5726 875 5790; x_wconf 71' lang='lat' dir='ltr'><strong>agentes,</strong></span> <span class='ocrx_word' id='word_1_564' title='bbox 900 5716 1012 5790; x_wconf 78' lang='lat' dir='ltr'><strong>sive</strong></span> <span class='ocrx_word' id='word_1_565' title='bbox 1032 5728 1154 5782; x_wconf 82' lang='lat' dir='ltr'><strong>erga</strong></span> <span class='ocrx_word' id='word_1_566' title='bbox 1194 5711 1492 5790; x_wconf 81' lang='lat' dir='ltr'><strong>proximum</strong></span> <span class='ocrx_word' id='word_1_567' title='bbox 1525 5709 1693 5790; x_wconf 77' lang='lat' dir='ltr'><strong>mise-</strong></span> 
     </span>
    </p>
   </div>
   <div class='ocr_carea' id='block_1_76' title="bbox 101 5779 1691 5851">
    <p class='ocr_par' dir='ltr' id='par_1_76' title="bbox 101 5779 1691 5851">
     <span class='ocr_line' id='line_1_76' title="bbox 101 5779 1691 5851; baseline -0.012 -2"><span class='ocrx_word' id='word_1_568' title='bbox 101 5779 393 5849; x_wconf 59' lang='lat' dir='ltr'><strong>ricordiam</strong></span> <span class='ocrx_word' id='word_1_569' title='bbox 423 5779 753 5842; x_wconf 61' lang='lat' dir='ltr'><strong>exercentES.</strong></span> <span class='ocrx_word' id='word_1_570' title='bbox 787 5786 875 5840; x_wconf 84' lang='lat'><strong>16.</strong></span> <span class='ocrx_word' id='word_1_571' title='bbox 917 5779 1115 5838; x_wconf 62' lang='lat' dir='ltr'><strong>Beatus</strong></span> <span class='ocrx_word' id='word_1_572' title='bbox 1133 5779 1348 5851; x_wconf 83' lang='lat' dir='ltr'><strong>populus</strong></span> <span class='ocrx_word' id='word_1_573' title='bbox 1375 5781 1460 5849; x_wconf 90' lang='lat' dir='ltr'><strong>qui</strong></span> <span class='ocrx_word' id='word_1_574' title='bbox 1487 5782 1578 5851; x_wconf 79' lang='lat' dir='ltr'><strong>scit</strong></span> <span class='ocrx_word' id='word_1_575' title='bbox 1596 5779 1691 5851; x_wconf 84' lang='lat' dir='ltr'><strong>ju-</strong></span> 
     </span>
    </p>
   </div>
   <div class='ocr_carea' id='block_1_77' title="bbox 90 5849 1694 5919">
    <p class='ocr_par' dir='ltr' id='par_1_77' title="bbox 90 5849 1694 5919">
     <span class='ocr_line' id='line_1_77' title="bbox 90 5849 1694 5919; baseline -0.007 -6"><span class='ocrx_word' id='word_1_576' title='bbox 90 5861 415 5917; x_wconf 86' lang='lat' dir='ltr'><strong>bilationem.</strong></span> <span class='ocrx_word' id='word_1_577' title='bbox 453 5859 701 5913; x_wconf 81' lang='lat' dir='ltr'><strong>Jubilatio</strong></span> <span class='ocrx_word' id='word_1_578' title='bbox 728 5857 918 5910; x_wconf 88' lang='lat' dir='ltr'><strong>dicitur</strong></span> <span class='ocrx_word' id='word_1_579' title='bbox 937 5871 1038 5908; x_wconf 90' lang='lat' dir='ltr'><strong>vox</strong></span> <span class='ocrx_word' id='word_1_580' title='bbox 1071 5849 1314 5912; x_wconf 86' lang='lat' dir='ltr'><strong>militum,</strong></span> <span class='ocrx_word' id='word_1_581' title='bbox 1344 5856 1431 5919; x_wconf 88' lang='lat' dir='ltr'><strong>qui</strong></span> <span class='ocrx_word' id='word_1_582' title='bbox 1474 5851 1524 5904; x_wconf 90' lang='lat' dir='ltr'><strong>in</strong></span> <span class='ocrx_word' id='word_1_583' title='bbox 1553 5849 1694 5903; x_wconf 80' lang='lat' dir='ltr'><strong>bello</strong></span> 
     </span>
    </p>
   </div>
   <div class='ocr_carea' id='block_1_78' title="bbox 99 5922 1691 5998">
    <p class='ocr_par' dir='ltr' id='par_1_78' title="bbox 99 5922 1691 5998">
     <span class='ocr_line' id='line_1_78' title="bbox 99 5922 1691 5998; baseline -0.011 -7"><span class='ocrx_word' id='word_1_584' title='bbox 99 5942 373 5994; x_wconf 77' lang='lat' dir='ltr'><strong>vicerunt.</strong></span> <span class='ocrx_word' id='word_1_585' title='bbox 422 5929 692 5998; x_wconf 80' lang='lat' dir='ltr'><strong>Quotquot</strong></span> <span class='ocrx_word' id='word_1_586' title='bbox 737 5929 894 5997; x_wconf 81' lang='lat' dir='ltr'><strong>igitur</strong></span> <span class='ocrx_word' id='word_1_587' title='bbox 943 5923 1209 5980; x_wconf 71' lang='lat' dir='ltr'><strong>diabolum</strong></span> <span class='ocrx_word' id='word_1_588' title='bbox 1266 5922 1546 5989; x_wconf 77' lang='lat' dir='ltr'><strong>vicerunt,</strong></span> <span class='ocrx_word' id='word_1_589' title='bbox 1602 5929 1691 5974; x_wconf 93' lang='lat' dir='ltr'><strong>aut</strong></span> 
     </span>
    </p>
   </div>
   <div class='ocr_carea' id='block_1_79' title="bbox 1312 472 2102 533">
    <p class='ocr_par' dir='ltr' id='par_1_79' title="bbox 1312 472 2102 533">
     <span class='ocr_line' id='line_1_79' title="bbox 1312 472 2102 533; baseline 0.005 -5"><span class='ocrx_word' id='word_1_590' title='bbox 1312 472 1380 530; x_wconf 79' lang='grc' dir='ltr'><strong>ΙΝ</strong></span> <span class='ocrx_word' id='word_1_591' title='bbox 1415 473 1737 531; x_wconf 73' lang='lat' dir='ltr'><strong>PSAMIUM</strong></span> <span class='ocrx_word' id='word_1_592' title='bbox 1777 473 2102 533; x_wconf 77' lang='lat' dir='ltr'><strong>LXXXVlll.</strong></span> 
     </span>
    </p>
   </div>
   <div class='ocr_carea' id='block_1_80' title="bbox 3281 485 3379 540">
    <p class='ocr_par' dir='ltr' id='par_1_80' title="bbox 3281 485 3379 540">
     <span class='ocr_line' id='line_1_80' title="bbox 3281 485 3379 540; baseline 0.031 -3"><span class='ocrx_word' id='word_1_593' title='bbox 3281 485 3379 540; x_wconf 62' lang='grc' dir='ltr'><strong>’ἕδη</strong></span> 
     </span>
    </p>
   </div>
   <div class='ocr_carea' id='block_1_81' title="bbox 1787 589 3370 672">
    <p class='ocr_par' dir='ltr' id='par_1_81' title="bbox 1787 589 3370 672">
     <span class='ocr_line' id='line_1_81' title="bbox 1787 589 3370 672; baseline 0.007 -31"><span class='ocrx_word' id='word_1_594' title='bbox 1787 589 2036 672; x_wconf 85' lang='lat' dir='ltr'><strong>virtutem</strong></span> <span class='ocrx_word' id='word_1_595' title='bbox 2058 597 2394 672; x_wconf 68' lang='lat' dir='ltr'><strong>exercentes,</strong></span> <span class='ocrx_word' id='word_1_596' title='bbox 2410 599 2515 672; x_wconf 49' lang='lat' dir='ltr'><strong>aut:</strong></span> <span class='ocrx_word' id='word_1_597' title='bbox 2525 590 2602 648; x_wconf 85' lang='lat' dir='ltr'><strong>de</strong></span> <span class='ocrx_word' id='word_1_598' title='bbox 2623 591 2854 672; x_wconf 76' lang='lat' dir='ltr'><strong>peccatis</strong></span> <span class='ocrx_word' id='word_1_599' title='bbox 2877 593 2989 672; x_wconf 89' lang='lat' dir='ltr'><strong>suis</strong></span> <span class='ocrx_word' id='word_1_600' title='bbox 3007 594 3370 672; x_wconf 61' lang='lat' dir='ltr'><strong>paenitentiam</strong></span> 
     </span>
    </p>
   </div>
   <div class='ocr_carea' id='block_1_82' title="bbox 1785 662 3372 740">
    <p class='ocr_par' dir='ltr' id='par_1_82' title="bbox 1785 662 3372 740">
     <span class='ocr_line' id='line_1_82' title="bbox 1785 662 3372 740; baseline 0.006 -28"><span class='ocrx_word' id='word_1_601' title='bbox 1785 671 2026 740; x_wconf 78' lang='lat' dir='ltr'><strong>agentes,</strong></span> <span class='ocrx_word' id='word_1_602' title='bbox 2057 662 2096 740; x_wconf 88' lang='lat' dir='ltr'><strong>ii</strong></span> <span class='ocrx_word' id='word_1_603' title='bbox 2113 662 2286 716; x_wconf 88' lang='lat' dir='ltr'><strong>sciunt</strong></span> <span class='ocrx_word' id='word_1_604' title='bbox 2306 662 2678 732; x_wconf 86' lang='lat' dir='ltr'><strong>jubilationem</strong></span> <span class='ocrx_word' id='word_1_605' title='bbox 2717 671 2782 740; x_wconf 86' lang='lat' dir='ltr'><strong>_et</strong></span> <span class='ocrx_word' id='word_1_606' title='bbox 2826 662 3202 740; x_wconf 76' lang='lat' dir='ltr'><strong>beatitudinem</strong></span> <span class='ocrx_word' id='word_1_607' title='bbox 3223 667 3372 740; x_wconf 42' lang='lat' dir='ltr'><strong>,“aiii</strong></span> 
     </span>
    </p>
   </div>
   <div class='ocr_carea' id='block_1_83' title="bbox 1785 729 3374 812">
    <p class='ocr_par' dir='ltr' id='par_1_83' title="bbox 1785 729 3374 812">
     <span class='ocr_line' id='line_1_83' title="bbox 1785 729 3374 812; baseline 0.007 -31"><span class='ocrx_word' id='word_1_608' title='bbox 1785 729 2014 812; x_wconf 43' lang='lat' dir='ltr'><strong>quidem.</strong></span> <span class='ocrx_word' id='word_1_609' title='bbox 2047 739 2105 784; x_wconf 91' lang='lat' dir='ltr'><strong>ut</strong></span> <span class='ocrx_word' id='word_1_610' title='bbox 2141 729 2368 812; x_wconf 72' lang='lat' dir='ltr'><strong>coronas</strong></span> <span class='ocrx_word' id='word_1_611' title='bbox 2413 735 2752 802; x_wconf 86' lang='lat' dir='ltr'><strong>reportaturi,</strong></span> <span class='ocrx_word' id='word_1_612' title='bbox 2779 733 2888 812; x_wconf 78' lang='lat' dir='ltr'><strong>_:_tlii</strong></span> <span class='ocrx_word' id='word_1_613' title='bbox 2930 743 2994 812; x_wconf 81' lang='lat' dir='ltr'><strong>ut_</strong></span> <span class='ocrx_word' id='word_1_614' title='bbox 3035 750 3066 788; x_wconf 89' lang='lat' dir='ltr'><strong>a</strong></span> <span class='ocrx_word' id='word_1_615' title='bbox 3100 736 3374 812; x_wconf 78' lang='lat' dir='ltr'><strong>suppliciis</strong></span> 
     </span>
    </p>
   </div>
   <div class='ocr_carea' id='block_1_84' title="bbox 1785 802 3374 880">
    <p class='ocr_par' dir='ltr' id='par_1_84' title="bbox 1785 802 3374 880">
     <span class='ocr_line' id='line_1_84' title="bbox 1785 802 3374 880; baseline 0.006 -30"><span class='ocrx_word' id='word_1_616' title='bbox 1785 802 2036 880; x_wconf 73' lang='lat' dir='ltr'><strong>exempti,</strong></span> <span class='ocrx_word' id='word_1_617' title='bbox 2059 816 2164 880; x_wconf 70' lang='lat' dir='ltr'><strong>rion</strong></span> <span class='ocrx_word' id='word_1_618' title='bbox 2189 802 2448 880; x_wconf 84' lang='lat' dir='ltr'><strong>modicam</strong></span> <span class='ocrx_word' id='word_1_619' title='bbox 2465 813 2758 880; x_wconf 75' lang='lat' dir='ltr'><strong>reportant.</strong></span> <span class='ocrx_word' id='word_1_620' title='bbox 2765 803 2894 880; x_wconf 55' lang='lat' dir='ltr'><strong>you</strong></span> <span class='ocrx_word' id='word_1_621' title='bbox 2917 805 3093 880; x_wconf 71' lang='lat' dir='ltr'><strong>solum</strong></span> <span class='ocrx_word' id='word_1_622' title='bbox 3109 802 3249 880; x_wconf 81' lang='lat' dir='ltr'><strong>enim</strong></span> <span class='ocrx_word' id='word_1_623' title='bbox 3272 805 3374 880; x_wconf 80' lang='lat' dir='ltr'><strong>hoc</strong></span> 
     </span>
    </p>
   </div>
   <div class='ocr_carea' id='block_1_85' title="bbox 1787 869 3372 950">
    <p class='ocr_par' dir='ltr' id='par_1_85' title="bbox 1787 869 3372 950">
     <span class='ocr_line' id='line_1_85' title="bbox 1787 869 3372 950; baseline 0.007 -30"><span class='ocrx_word' id='word_1_624' title='bbox 1787 869 2055 950; x_wconf 41' lang='lat' dir='ltr'><strong>didicisti;</strong></span> <span class='ocrx_word' id='word_1_625' title='bbox 2079 869 2222 950; x_wconf 70' lang='lat' dir='ltr'><strong>Beati</strong></span> <span class='ocrx_word' id='word_1_626' title='bbox 2258 869 2567 950; x_wconf 79' lang='lat' dir='ltr'><strong>immaculati</strong></span> <span class='ocrx_word' id='word_1_627' title='bbox 2607 875 2660 927; x_wconf 88' lang='lat' dir='ltr'><strong>in</strong></span> <span class='ocrx_word' id='word_1_628' title='bbox 2680 869 2803 946; x_wconf 54' lang='lat' dir='ltr'><strong>via&#39;(</strong></span> <span class='ocrx_word' id='word_1_629' title='bbox 2824 873 2966 950; x_wconf 60' lang='lat' dir='ltr'><strong>i’sal.</strong></span> <span class='ocrx_word' id='word_1_630' title='bbox 2981 875 3118 950; x_wconf 72' lang='lat' dir='ltr'><strong>_l18.</strong></span> <span class='ocrx_word' id='word_1_631' title='bbox 3146 879 3166 930; x_wconf 93' lang='grc'><strong>1</strong></span> <span class='ocrx_word' id='word_1_632' title='bbox 3193 875 3248 944; x_wconf 89' lang='grc'>);</span> <span class='ocrx_word' id='word_1_633' title='bbox 3277 876 3372 931; x_wconf 78' lang='lat' dir='ltr'><strong>sed</strong></span> 
     </span>
    </p>
   </div>
   <div class='ocr_carea' id='block_1_86' title="bbox 1786 938 3373 1014">
    <p class='ocr_par' dir='ltr' id='par_1_86' title="bbox 1786 938 3373 1014">
     <span class='ocr_line' id='line_1_86' title="bbox 1786 938 3373 1014; baseline 0.005 -22"><span class='ocrx_word' id='word_1_634' title='bbox 1786 939 1946 992; x_wconf 88' lang='lat' dir='ltr'><strong>etiam</strong></span> <span class='ocrx_word' id='word_1_635' title='bbox 1968 980 1982 1004; x_wconf 94' lang='lat'><strong>,</strong></span> <span class='ocrx_word' id='word_1_636' title='bbox 2010 938 2158 995; x_wconf 88' lang='lat' dir='ltr'><strong>Beati</strong></span> <span class='ocrx_word' id='word_1_637' title='bbox 2183 958 2397 1008; x_wconf 83' lang='lat' dir='ltr'><strong>quorum</strong></span> <span class='ocrx_word' id='word_1_638' title='bbox 2437 944 2661 1014; x_wconf 70' lang='lat' dir='ltr'><strong>remissae</strong></span> <span class='ocrx_word' id='word_1_639' title='bbox 2693 938 3140 1014; x_wconf 62' lang='lat' dir='ltr'><strong>sun&#39;tiniquitates,</strong></span> <span class='ocrx_word' id='word_1_640' title='bbox 3169 938 3216 999; x_wconf 76' lang='lat' dir='ltr'><strong>et</strong></span> <span class='ocrx_word' id='word_1_641' title='bbox 3236 938 3373 1012; x_wconf 5' lang='lat' dir='ltr'><strong>lquo-</strong></span> 
     </span>
    </p>
   </div>
   <div class='ocr_carea' id='block_1_87' title="bbox 1785 1012 3374 1090">
    <p class='ocr_par' dir='ltr' id='par_1_87' title="bbox 1785 1012 3374 1090">
     <span class='ocr_line' id='line_1_87' title="bbox 1785 1012 3374 1090; baseline 0.006 -29"><span class='ocrx_word' id='word_1_642' title='bbox 1785 1025 1909 1090; x_wconf 42' lang='lat' dir='ltr'><strong>rum‘</strong></span> <span class='ocrx_word' id='word_1_643' title='bbox 1923 1019 2052 1090; x_wconf 83' lang='lat' dir='ltr'><strong>tecta</strong></span> <span class='ocrx_word' id='word_1_644' title='bbox 2077 1021 2196 1064; x_wconf 83' lang='lat' dir='ltr'><strong>sunt</strong></span> <span class='ocrx_word' id='word_1_645' title='bbox 2219 1022 2420 1079; x_wconf 86' lang='lat' dir='ltr'><strong>peccata</strong></span> <span class='ocrx_word' id='word_1_646' title='bbox 2444 1013 2462 1083; x_wconf 94' lang='lat'>(</span> <span class='ocrx_word' id='word_1_647' title='bbox 2482 1012 2626 1066; x_wconf 82' lang='lat' dir='ltr'><strong>Psal.</strong></span> <span class='ocrx_word' id='word_1_648' title='bbox 2645 1016 2740 1090; x_wconf 53' lang='grc' dir='ltr'><strong>ξι.</strong></span> <span class='ocrx_word' id='word_1_649' title='bbox 2821 1012 2862 1084; x_wconf 92' lang='grc'>).</span> <span class='ocrx_word' id='word_1_650' title='bbox 2893 1012 2935 1090; x_wconf 79' lang='lat' dir='ltr'><strong>li</strong></span> <span class='ocrx_word' id='word_1_651' title='bbox 2942 1018 2984 1069; x_wconf 92' lang='lat' dir='ltr'><strong>is</strong></span> <span class='ocrx_word' id='word_1_652' title='bbox 3004 1030 3221 1090; x_wconf 80' lang='lat' dir='ltr'><strong>quoque</strong></span> <span class='ocrx_word' id='word_1_653' title='bbox 3244 1031 3374 1090; x_wconf 82' lang='lat' dir='ltr'><strong>con-</strong></span> 
     </span>
    </p>
   </div>
   <div class='ocr_carea' id='block_1_88' title="bbox 1791 1083 3378 1160">
    <p class='ocr_par' dir='ltr' id='par_1_88' title="bbox 1791 1083 3378 1160">
     <span class='ocr_line' id='line_1_88' title="bbox 1791 1083 3378 1160; baseline 0.006 -28"><span class='ocrx_word' id='word_1_654' title='bbox 1791 1083 2012 1160; x_wconf 69' lang='lat' dir='ltr'><strong>veniutit</strong></span> <span class='ocrx_word' id='word_1_655' title='bbox 2031 1095 2105 1160; x_wconf 68' lang='lat' dir='ltr'><strong>ea</strong></span> <span class='ocrx_word' id='word_1_656' title='bbox 2124 1097 2242 1151; x_wconf 78' lang='lat' dir='ltr'><strong>qua:</strong></span> <span class='ocrx_word' id='word_1_657' title='bbox 2263 1091 2564 1160; x_wconf 69' lang='lat' dir='ltr'><strong>sequuntur</strong></span> <span class='ocrx_word' id='word_1_658' title='bbox 2589 1102 2601 1138; x_wconf 95' lang='lat'><strong>:</strong></span> <span class='ocrx_word' id='word_1_659' title='bbox 2637 1083 2850 1160; x_wconf 83' lang='lat' dir='ltr'><strong>Domine</strong></span> <span class='ocrx_word' id='word_1_660' title='bbox 2875 1125 2890 1152; x_wconf 91' lang='lat'><strong>,</strong></span> <span class='ocrx_word' id='word_1_661' title='bbox 2917 1086 2970 1138; x_wconf 90' lang='lat' dir='ltr'><strong>in</strong></span> <span class='ocrx_word' id='word_1_662' title='bbox 2995 1083 3182 1160; x_wconf 77' lang='lat' dir='ltr'><strong>lumine</strong></span> <span class='ocrx_word' id='word_1_663' title='bbox 3207 1087 3378 1141; x_wconf 73' lang='lat' dir='ltr'><strong>vultus</strong></span> 
     </span>
    </p>
   </div>
   <div class='ocr_carea' id='block_1_89' title="bbox 1786 1150 3376 1230">
    <p class='ocr_par' dir='ltr' id='par_1_89' title="bbox 1786 1150 3376 1230">
     <span class='ocr_line' id='line_1_89' title="bbox 1786 1150 3376 1230; baseline 0.006 -30"><span class='ocrx_word' id='word_1_664' title='bbox 1786 1150 1858 1230; x_wconf 65' lang='lat' dir='ltr'><strong>tui</strong></span> <span class='ocrx_word' id='word_1_665' title='bbox 1883 1150 2232 1230; x_wconf 67' lang='lat' dir='ltr'><strong>aqz_bulab:tn_t_,_</strong></span> <span class='ocrx_word' id='word_1_666' title='bbox 2256 1150 2419 1230; x_wconf 41' lang='lat' dir='ltr'><strong>“(ei</strong></span> <span class='ocrx_word' id='word_1_667' title='bbox 2454 1154 2506 1206; x_wconf 90' lang='lat' dir='ltr'><strong>in</strong></span> <span class='ocrx_word' id='word_1_668' title='bbox 2541 1155 2742 1208; x_wconf 86' lang='lat' dir='ltr'><strong>nomine</strong></span> <span class='ocrx_word' id='word_1_669' title='bbox 2777 1150 3221 1230; x_wconf 49' lang='lat' dir='ltr'><strong>tudepsultabunt</strong></span> <span class='ocrx_word' id='word_1_670' title='bbox 3269 1167 3376 1210; x_wconf 81' lang='lat' dir='ltr'><strong>tota</strong></span> 
     </span>
    </p>
   </div>
   <div class='ocr_carea' id='block_1_90' title="bbox 1785 1219 3370 1294">
    <p class='ocr_par' dir='ltr' id='par_1_90' title="bbox 1785 1219 3370 1294">
     <span class='ocr_line' id='line_1_90' title="bbox 1785 1219 3370 1294; baseline 0.006 -23"><span class='ocrx_word' id='word_1_671' title='bbox 1785 1219 1886 1294; x_wconf 74' lang='lat' dir='ltr'><strong>die.</strong></span> <span class='ocrx_word' id='word_1_672' title='bbox 1937 1220 2086 1294; x_wconf 85' lang='lat' dir='ltr'><strong>Toto</strong></span> <span class='ocrx_word' id='word_1_673' title='bbox 2123 1223 2324 1294; x_wconf 83' lang='lat' dir='ltr'><strong>scilicet</strong></span> <span class='ocrx_word' id='word_1_674' title='bbox 2371 1224 2492 1294; x_wconf 70' lang='lat' dir='ltr'><strong>vita:</strong></span> <span class='ocrx_word' id='word_1_675' title='bbox 2521 1239 2632 1294; x_wconf 80' lang='lat' dir='ltr'><strong>sua:</strong></span> <span class='ocrx_word' id='word_1_676' title='bbox 2680 1233 2919 1294; x_wconf 85' lang='lat' dir='ltr'><strong>tempore</strong></span> <span class='ocrx_word' id='word_1_677' title='bbox 2945 1226 3000 1280; x_wconf 93' lang='lat' dir='ltr'><strong>in</strong></span> <span class='ocrx_word' id='word_1_678' title='bbox 3026 1225 3228 1281; x_wconf 89' lang='lat' dir='ltr'><strong>lumine</strong></span> <span class='ocrx_word' id='word_1_679' title='bbox 3255 1227 3370 1288; x_wconf 87' lang='lat' dir='ltr'><strong>Dei,</strong></span> 
     </span>
    </p>
   </div>
   <div class='ocr_carea' id='block_1_91' title="bbox 1785 1287 3372 1365">
    <p class='ocr_par' dir='ltr' id='par_1_91' title="bbox 1785 1287 3372 1365">
     <span class='ocr_line' id='line_1_91' title="bbox 1785 1287 3372 1365; baseline 0.006 -23"><span class='ocrx_word' id='word_1_680' title='bbox 1785 1287 1889 1365; x_wconf 84' lang='lat' dir='ltr'><strong>hoc</strong></span> <span class='ocrx_word' id='word_1_681' title='bbox 1943 1301 2026 1345; x_wconf 92' lang='lat' dir='ltr'><strong>est</strong></span> <span class='ocrx_word' id='word_1_682' title='bbox 2076 1292 2128 1346; x_wconf 91' lang='lat' dir='ltr'><strong>in</strong></span> <span class='ocrx_word' id='word_1_683' title='bbox 2172 1291 2306 1365; x_wconf 77' lang='lat' dir='ltr'><strong>lege</strong></span> <span class='ocrx_word' id='word_1_684' title='bbox 2330 1293 2696 1347; x_wconf 90' lang='lat' dir='ltr'><strong>ambulabunt.</strong></span> <span class='ocrx_word' id='word_1_685' title='bbox 2742 1287 2974 1365; x_wconf 46' lang='lat' dir='ltr'><strong>buccina</strong></span> <span class='ocrx_word' id='word_1_686' title='bbox 3019 1297 3227 1365; x_wconf 87' lang='lat' dir='ltr'><strong>pedibus</strong></span> <span class='ocrx_word' id='word_1_687' title='bbox 3248 1287 3372 1351; x_wconf 75' lang='lat' dir='ltr'><strong>meis</strong></span> 
     </span>
    </p>
   </div>
   <div class='ocr_carea' id='block_1_92' title="bbox 1784 1361 3373 1441">
    <p class='ocr_par' dir='ltr' id='par_1_92' title="bbox 1784 1361 3373 1441">
     <span class='ocr_line' id='line_1_92' title="bbox 1784 1361 3373 1441; baseline 0.006 -29"><span class='ocrx_word' id='word_1_688' title='bbox 1784 1361 1987 1441; x_wconf 49' lang='lat' dir='ltr'><strong>uerbum</strong></span> <span class='ocrx_word' id='word_1_689' title='bbox 2023 1371 2162 1441; x_wconf 76' lang='lat' dir='ltr'><strong>tuum</strong></span> <span class='ocrx_word' id='word_1_690' title='bbox 2182 1404 2195 1425; x_wconf 93' lang='lat'><strong>,</strong></span> <span class='ocrx_word' id='word_1_691' title='bbox 2219 1373 2265 1441; x_wconf 80' lang='lat' dir='ltr'><strong>et</strong></span> <span class='ocrx_word' id='word_1_692' title='bbox 2288 1363 2456 1416; x_wconf 87' lang='lat' dir='ltr'><strong>lumen</strong></span> <span class='ocrx_word' id='word_1_693' title='bbox 2475 1365 2662 1441; x_wconf 72' lang='lat' dir='ltr'><strong>semitis</strong></span> <span class='ocrx_word' id='word_1_694' title='bbox 2691 1368 2812 1418; x_wconf 84' lang='lat' dir='ltr'><strong>meis</strong></span> <span class='ocrx_word' id='word_1_695' title='bbox 2840 1361 3027 1441; x_wconf 62' lang='lat' dir='ltr'><strong>(Piai.</strong></span> <span class='ocrx_word' id='word_1_696' title='bbox 3055 1366 3176 1420; x_wconf 85' lang='lat' dir='ltr'><strong>H8.</strong></span> <span class='ocrx_word' id='word_1_697' title='bbox 3210 1365 3311 1441; x_wconf 76' lang='lat'><strong>105_</strong></span> <span class='ocrx_word' id='word_1_698' title='bbox 3331 1368 3373 1435; x_wconf 89' lang='lat'><strong>).</strong></span> 
     </span>
    </p>
   </div>
   <div class='ocr_carea' id='block_1_93' title="bbox 1785 1427 3375 1513">
    <p class='ocr_par' dir='ltr' id='par_1_93' title="bbox 1785 1427 3375 1513">
     <span class='ocr_line' id='line_1_93' title="bbox 1785 1427 3375 1513; baseline 0.005 -31"><span class='ocrx_word' id='word_1_699' title='bbox 1785 1427 1855 1510; x_wconf 65' lang='lat' dir='ltr'><strong>Et</strong></span> <span class='ocrx_word' id='word_1_700' title='bbox 1880 1430 1935 1513; x_wconf 85' lang='lat' dir='ltr'><strong>in</strong></span> <span class='ocrx_word' id='word_1_701' title='bbox 1965 1433 2180 1513; x_wconf 69' lang='lat' dir='ltr'><strong>nomine</strong></span> <span class='ocrx_word' id='word_1_702' title='bbox 2204 1433 2628 1506; x_wconf 22' lang='lat' dir='ltr'><strong>ejuskexsultant,</strong></span> <span class='ocrx_word' id='word_1_703' title='bbox 2659 1427 2856 1504; x_wconf 54' lang='lat' dir='ltr'><strong>utpote&#39;</strong></span> <span class='ocrx_word' id='word_1_704' title='bbox 2885 1435 2950 1488; x_wconf 91' lang='lat' dir='ltr'><strong>ad</strong></span> <span class='ocrx_word' id='word_1_705' title='bbox 2984 1436 3146 1513; x_wconf 83' lang='lat' dir='ltr'><strong>Deum</strong></span> <span class='ocrx_word' id='word_1_706' title='bbox 3184 1427 3375 1490; x_wconf 80' lang='lat' dir='ltr'><strong>confu-</strong></span> 
     </span>
    </p>
   </div>
   <div class='ocr_carea' id='block_1_94' title="bbox 1783 1509 3371 1579">
    <p class='ocr_par' dir='ltr' id='par_1_94' title="bbox 1783 1509 3371 1579">
     <span class='ocr_line' id='line_1_94' title="bbox 1783 1509 3371 1579; baseline 0.005 -26"><span class='ocrx_word' id='word_1_707' title='bbox 1783 1509 2010 1579; x_wconf 70' lang='lat' dir='ltr'><strong>gientes,</strong></span> <span class='ocrx_word' id='word_1_708' title='bbox 2041 1509 2191 1579; x_wconf 66' lang='lat' dir='ltr'><strong>cujus</strong></span> <span class='ocrx_word' id='word_1_709' title='bbox 2217 1518 2411 1558; x_wconf 90' lang='lat' dir='ltr'><strong>nomen</strong></span> <span class='ocrx_word' id='word_1_710' title='bbox 2440 1519 2782 1579; x_wconf 82' lang='lat' dir='ltr'><strong>super_om_ne</strong></span> <span class='ocrx_word' id='word_1_711' title='bbox 2808 1519 3025 1579; x_wconf 86' lang='lat' dir='ltr'><strong>nomen,</strong></span> <span class='ocrx_word' id='word_1_712' title='bbox 3057 1509 3208 1574; x_wconf 87' lang='lat' dir='ltr'><strong>cujus</strong></span> <span class='ocrx_word' id='word_1_713' title='bbox 3250 1520 3371 1560; x_wconf 90' lang='lat' dir='ltr'><strong>ser-</strong></span> 
     </span>
    </p>
   </div>
   <div class='ocr_carea' id='block_1_95' title="bbox 1784 1573 3371 1640">
    <p class='ocr_par' dir='ltr' id='par_1_95' title="bbox 1784 1573 3371 1640">
     <span class='ocr_line' id='line_1_95' title="bbox 1784 1573 3371 1640; baseline 0.005 -18"><span class='ocrx_word' id='word_1_714' title='bbox 1784 1573 1925 1624; x_wconf 91' lang='lat' dir='ltr'><strong>vitus</strong></span> <span class='ocrx_word' id='word_1_715' title='bbox 1973 1580 2056 1626; x_wconf 91' lang='lat' dir='ltr'><strong>est</strong></span> <span class='ocrx_word' id='word_1_716' title='bbox 2100 1573 2338 1638; x_wconf 86' lang='lat' dir='ltr'><strong>libertas,</strong></span> <span class='ocrx_word' id='word_1_717' title='bbox 2390 1575 2541 1640; x_wconf 91' lang='lat' dir='ltr'><strong>cujus</strong></span> <span class='ocrx_word' id='word_1_718' title='bbox 2597 1575 2925 1630; x_wconf 85' lang='lat' dir='ltr'><strong>familiaritas</strong></span> <span class='ocrx_word' id='word_1_719' title='bbox 2950 1587 3032 1630; x_wconf 88' lang='lat' dir='ltr'><strong>est</strong></span> <span class='ocrx_word' id='word_1_720' title='bbox 3060 1573 3178 1629; x_wconf 85' lang='lat' dir='ltr'><strong>cum</strong></span> <span class='ocrx_word' id='word_1_721' title='bbox 3225 1579 3371 1630; x_wconf 91' lang='lat' dir='ltr'><strong>omni</strong></span> 
     </span>
    </p>
   </div>
   <div class='ocr_carea' id='block_1_96' title="bbox 1783 1642 3371 1715">
    <p class='ocr_par' dir='ltr' id='par_1_96' title="bbox 1783 1642 3371 1715">
     <span class='ocr_line' id='line_1_96' title="bbox 1783 1642 3371 1715; baseline 0.004 -22"><span class='ocrx_word' id='word_1_722' title='bbox 1783 1649 2024 1715; x_wconf 72' lang='lat' dir='ltr'><strong>creatura</strong></span> <span class='ocrx_word' id='word_1_723' title='bbox 2050 1644 2090 1697; x_wconf 76' lang='grc'>⁸.</span> <span class='ocrx_word' id='word_1_724' title='bbox 2123 1642 2190 1715; x_wconf 81' lang='lat' dir='ltr'><strong>Et</strong></span> <span class='ocrx_word' id='word_1_725' title='bbox 2213 1645 2267 1696; x_wconf 86' lang='lat' dir='ltr'><strong>in</strong></span> <span class='ocrx_word' id='word_1_726' title='bbox 2285 1644 2485 1715; x_wconf 73' lang='lat' dir='ltr'><strong>iustitia</strong></span> <span class='ocrx_word' id='word_1_727' title='bbox 2514 1653 2601 1698; x_wconf 87' lang='lat' dir='ltr'><strong>tua</strong></span> <span class='ocrx_word' id='word_1_728' title='bbox 2631 1645 2987 1699; x_wconf 70' lang='lat' dir='ltr'><strong>excitabuntur</strong></span> <span class='ocrx_word' id='word_1_729' title='bbox 3020 1663 3037 1698; x_wconf 90' lang='lat'><strong><em>:</em></strong></span> <span class='ocrx_word' id='word_1_730' title='bbox 3068 1646 3226 1699; x_wconf 89' lang='lat' dir='ltr'><strong>iidem</strong></span> <span class='ocrx_word' id='word_1_731' title='bbox 3249 1647 3371 1714; x_wconf 85' lang='lat' dir='ltr'><strong>ipsi.</strong></span> 
     </span>
    </p>
   </div>
   <div class='ocr_carea' id='block_1_97' title="bbox 1784 1709 3372 1793">
    <p class='ocr_par' dir='ltr' id='par_1_97' title="bbox 1784 1709 3372 1793">
     <span class='ocr_line' id='line_1_97' title="bbox 1784 1709 3372 1793; baseline 0.003 -30"><span class='ocrx_word' id='word_1_732' title='bbox 1784 1709 1919 1793; x_wconf 74' lang='lat' dir='ltr'><strong>Quid</strong></span> <span class='ocrx_word' id='word_1_733' title='bbox 1945 1727 2103 1793; x_wconf 83' lang='lat' dir='ltr'><strong>porro</strong></span> <span class='ocrx_word' id='word_1_734' title='bbox 2131 1714 2259 1793; x_wconf 81' lang='lat' dir='ltr'><strong>ipsis</strong></span> <span class='ocrx_word' id='word_1_735' title='bbox 2285 1709 2678 1793; x_wconf 68' lang='lat' dir='ltr'><strong>exultationem</strong></span> <span class='ocrx_word' id='word_1_736' title='bbox 2706 1715 2960 1793; x_wconf 71' lang='lat' dir='ltr'><strong>przrstat?</strong></span> <span class='ocrx_word' id='word_1_737' title='bbox 2981 1715 3088 1793; x_wconf 79' lang='lat' dir='ltr'><strong>_l8.</strong></span> <span class='ocrx_word' id='word_1_738' title='bbox 3122 1709 3372 1793; x_wconf 78' lang='lat' dir='ltr'><strong>Quoniam</strong></span> 
     </span>
    </p>
   </div>
   <div class='ocr_carea' id='block_1_98' title="bbox 1782 1781 3376 1862">
    <p class='ocr_par' dir='ltr' id='par_1_98' title="bbox 1782 1781 3376 1862">
     <span class='ocr_line' id='line_1_98' title="bbox 1782 1781 3376 1862; baseline 0.004 -29"><span class='ocrx_word' id='word_1_739' title='bbox 1782 1781 1952 1862; x_wconf 27' lang='lat' dir='ltr'><strong>qioria’</strong></span> <span class='ocrx_word' id='word_1_740' title='bbox 1970 1785 2167 1837; x_wconf 82' lang='lat' dir='ltr'><strong>virtutis</strong></span> <span class='ocrx_word' id='word_1_741' title='bbox 2195 1801 2367 1837; x_wconf 88' lang='lat' dir='ltr'><strong>eorum</strong></span> <span class='ocrx_word' id='word_1_742' title='bbox 2391 1793 2445 1862; x_wconf 86' lang='lat' dir='ltr'><strong>t_u</strong></span> <span class='ocrx_word' id='word_1_743' title='bbox 2470 1801 2520 1862; x_wconf 81' lang='lat' dir='ltr'><strong>es</strong></span> <span class='ocrx_word' id='word_1_744' title='bbox 2538 1826 2556 1862; x_wconf 47' lang='grc' dir='ltr'><strong><em>η</em></strong></span> <span class='ocrx_word' id='word_1_745' title='bbox 2585 1795 2632 1838; x_wconf 89' lang='lat' dir='ltr'><strong>et</strong></span> <span class='ocrx_word' id='word_1_746' title='bbox 2651 1781 3043 1862; x_wconf 69' lang='lat' dir='ltr'><strong>beneplacito</strong></span> <span class='ocrx_word' id='word_1_747' title='bbox 3074 1797 3160 1862; x_wconf 74' lang='lat' dir='ltr'><strong>tuo</strong></span> <span class='ocrx_word' id='word_1_748' title='bbox 3175 1786 3376 1862; x_wconf 67' lang='lat' dir='ltr'><strong>exalta-</strong></span> 
     </span>
    </p>
   </div>
   <div class='ocr_carea' id='block_1_99' title="bbox 1785 1851 3369 1933">
    <p class='ocr_par' dir='ltr' id='par_1_99' title="bbox 1785 1851 3369 1933">
     <span class='ocr_line' id='line_1_99' title="bbox 1785 1851 3369 1933; baseline 0.004 -30"><span class='ocrx_word' id='word_1_749' title='bbox 1785 1851 1917 1933; x_wconf 70' lang='lat' dir='ltr'><strong>bittir</strong></span> <span class='ocrx_word' id='word_1_750' title='bbox 1940 1869 2098 1933; x_wconf 72' lang='lat' dir='ltr'><strong>cernit</strong></span> <span class='ocrx_word' id='word_1_751' title='bbox 2122 1864 2367 1933; x_wconf 80' lang='lat' dir='ltr'><strong>nostrum.</strong></span> <span class='ocrx_word' id='word_1_752' title='bbox 2391 1854 2557 1908; x_wconf 74' lang='grc' dir='ltr'><strong>,Ιυάςυί</strong></span> <span class='ocrx_word' id='word_1_753' title='bbox 2581 1855 2803 1933; x_wconf 67' lang='lat' dir='ltr'><strong>enimin</strong></span> <span class='ocrx_word' id='word_1_754' title='bbox 2851 1851 3031 1933; x_wconf 75' lang='lat' dir='ltr'><strong>Moyse</strong></span> <span class='ocrx_word' id='word_1_755' title='bbox 3054 1856 3369 1933; x_wconf 75' lang='lat' dir='ltr'><strong>gloriantur,</strong></span> 
     </span>
    </p>
   </div>
   <div class='ocr_carea' id='block_1_100' title="bbox 1786 1923 3372 1990">
    <p class='ocr_par' dir='ltr' id='par_1_100' title="bbox 1786 1923 3372 1990">
     <span class='ocr_line' id='line_1_100' title="bbox 1786 1923 3372 1990; baseline 0.002 -14"><span class='ocrx_word' id='word_1_756' title='bbox 1786 1923 1930 1976; x_wconf 89' lang='lat' dir='ltr'><strong>etin</strong></span> <span class='ocrx_word' id='word_1_757' title='bbox 1978 1923 2302 1986; x_wconf 84' lang='lat' dir='ltr'><strong>Abrahamo,</strong></span> <span class='ocrx_word' id='word_1_758' title='bbox 2352 1935 2534 1990; x_wconf 87' lang='lat' dir='ltr'><strong>utpote</strong></span> <span class='ocrx_word' id='word_1_759' title='bbox 2581 1941 2648 1978; x_wconf 87' lang='lat' dir='ltr'><strong>ex</strong></span> <span class='ocrx_word' id='word_1_760' title='bbox 2697 1925 2787 1978; x_wconf 92' lang='lat' dir='ltr'><strong>illo</strong></span> <span class='ocrx_word' id='word_1_761' title='bbox 2835 1923 2958 1988; x_wconf 72' lang='lat' dir='ltr'><strong>orti,</strong></span> <span class='ocrx_word' id='word_1_762' title='bbox 3001 1923 3372 1980; x_wconf 78' lang='lat' dir='ltr'><strong>extolluntur:</strong></span> 
     </span>
    </p>
   </div>
   <div class='ocr_carea' id='block_1_101' title="bbox 1783 1993 3368 2075">
    <p class='ocr_par' dir='ltr' id='par_1_101' title="bbox 1783 1993 3368 2075">
     <span class='ocr_line' id='line_1_101' title="bbox 1783 1993 3368 2075; baseline 0 -27"><span class='ocrx_word' id='word_1_763' title='bbox 1783 1993 2008 2075; x_wconf 74' lang='lat' dir='ltr'><strong>gentiles</strong></span> <span class='ocrx_word' id='word_1_764' title='bbox 2035 1995 2189 2075; x_wconf 75' lang='lat' dir='ltr'><strong>lignis</strong></span> <span class='ocrx_word' id='word_1_765' title='bbox 2209 2004 2262 2075; x_wconf 77' lang='lat' dir='ltr'><strong>et</strong></span> <span class='ocrx_word' id='word_1_766' title='bbox 2281 1995 2540 2063; x_wconf 86' lang='lat' dir='ltr'><strong>lapidibus</strong></span> <span class='ocrx_word' id='word_1_767' title='bbox 2568 1995 2755 2059; x_wconf 89' lang='lat' dir='ltr'><strong>fidunt,</strong></span> <span class='ocrx_word' id='word_1_768' title='bbox 2785 2005 2876 2075; x_wconf 86' lang='lat' dir='ltr'><strong>aut</strong></span> <span class='ocrx_word' id='word_1_769' title='bbox 2900 1995 3056 2075; x_wconf 86' lang='lat' dir='ltr'><strong>etiam</strong></span> <span class='ocrx_word' id='word_1_770' title='bbox 3081 1995 3368 2075; x_wconf 64' lang='lat' dir='ltr'><strong>insapien-</strong></span> 
     </span>
    </p>
   </div>
   <div class='ocr_carea' id='block_1_102' title="bbox 1786 2063 3365 2134">
    <p class='ocr_par' dir='ltr' id='par_1_102' title="bbox 1786 2063 3365 2134">
     <span class='ocr_line' id='line_1_102' title="bbox 1786 2063 3365 2134; baseline 0.001 -17"><span class='ocrx_word' id='word_1_771' title='bbox 1786 2064 1857 2118; x_wconf 90' lang='lat' dir='ltr'><strong>tia</strong></span> <span class='ocrx_word' id='word_1_772' title='bbox 1899 2063 2092 2118; x_wconf 89' lang='lat' dir='ltr'><strong>diaboli</strong></span> <span class='ocrx_word' id='word_1_773' title='bbox 2130 2066 2421 2134; x_wconf 88' lang='lat' dir='ltr'><strong>gloriantur</strong></span> <span class='ocrx_word' id='word_1_774' title='bbox 2454 2083 2466 2118; x_wconf 91' lang='lat'><strong>:</strong></span> <span class='ocrx_word' id='word_1_775' title='bbox 2495 2075 2675 2119; x_wconf 90' lang='lat' dir='ltr'><strong>nostra</strong></span> <span class='ocrx_word' id='word_1_776' title='bbox 2717 2074 2893 2119; x_wconf 90' lang='lat' dir='ltr'><strong>autem</strong></span> <span class='ocrx_word' id='word_1_777' title='bbox 2926 2065 3091 2119; x_wconf 89' lang='lat' dir='ltr'><strong>virtus</strong></span> <span class='ocrx_word' id='word_1_778' title='bbox 3119 2063 3365 2118; x_wconf 80' lang='lat' dir='ltr'><strong>Christus</strong></span> 
     </span>
    </p>
   </div>
   <div class='ocr_carea' id='block_1_103' title="bbox 1786 2134 3373 2204">
    <p class='ocr_par' dir='ltr' id='par_1_103' title="bbox 1786 2134 3373 2204">
     <span class='ocr_line' id='line_1_103' title="bbox 1786 2134 3373 2204; baseline 0 -16"><span class='ocrx_word' id='word_1_779' title='bbox 1786 2143 1868 2188; x_wconf 89' lang='lat' dir='ltr'><strong>est</strong></span> <span class='ocrx_word' id='word_1_780' title='bbox 1901 2155 1913 2188; x_wconf 91' lang='lat'>:</span> <span class='ocrx_word' id='word_1_781' title='bbox 1947 2134 2113 2204; x_wconf 89' lang='lat' dir='ltr'><strong>gloria</strong></span> <span class='ocrx_word' id='word_1_782' title='bbox 2144 2151 2272 2190; x_wconf 88' lang='lat' dir='ltr'><strong>vero</strong></span> <span class='ocrx_word' id='word_1_783' title='bbox 2303 2136 2455 2188; x_wconf 88' lang='lat' dir='ltr'><strong>Pater</strong></span> <span class='ocrx_word' id='word_1_784' title='bbox 2495 2137 2701 2189; x_wconf 89' lang='lat' dir='ltr'><strong>virtutis</strong></span> <span class='ocrx_word' id='word_1_785' title='bbox 2723 2143 2950 2199; x_wconf 70' lang='lat' dir='ltr'><strong>nostrae;</strong></span> <span class='ocrx_word' id='word_1_786' title='bbox 2983 2145 3038 2188; x_wconf 91' lang='lat' dir='ltr'><strong>et</strong></span> <span class='ocrx_word' id='word_1_787' title='bbox 3076 2149 3242 2189; x_wconf 89' lang='lat' dir='ltr'><strong>cornu</strong></span> <span class='ocrx_word' id='word_1_788' title='bbox 3273 2149 3373 2188; x_wconf 88' lang='lat' dir='ltr'><strong>no-</strong></span> 
     </span>
    </p>
   </div>
   <div class='ocr_carea' id='block_1_104' title="bbox 1786 2205 3375 2273">
    <p class='ocr_par' dir='ltr' id='par_1_104' title="bbox 1786 2205 3375 2273">
     <span class='ocr_line' id='line_1_104' title="bbox 1786 2205 3375 2273; baseline 0.001 -15"><span class='ocrx_word' id='word_1_789' title='bbox 1786 2214 1954 2258; x_wconf 88' lang='lat' dir='ltr'><strong>strum</strong></span> <span class='ocrx_word' id='word_1_790' title='bbox 2005 2205 2058 2259; x_wconf 90' lang='lat' dir='ltr'><strong>in</strong></span> <span class='ocrx_word' id='word_1_791' title='bbox 2101 2205 2432 2273; x_wconf 84' lang='lat' dir='ltr'><strong>beneplacito</strong></span> <span class='ocrx_word' id='word_1_792' title='bbox 2472 2205 2642 2258; x_wconf 86' lang='lat' dir='ltr'><strong>Patris</strong></span> <span class='ocrx_word' id='word_1_793' title='bbox 2692 2205 2956 2260; x_wconf 87' lang='lat' dir='ltr'><strong>exaltatur</strong></span> <span class='ocrx_word' id='word_1_794' title='bbox 2997 2223 3010 2258; x_wconf 91' lang='lat'>:</span> <span class='ocrx_word' id='word_1_795' title='bbox 3051 2215 3375 2273; x_wconf 86' lang='lat' dir='ltr'><strong>quapropter</strong></span> 
     </span>
    </p>
   </div>
   <div class='ocr_carea' id='block_1_105' title="bbox 1787 2275 3372 2344">
    <p class='ocr_par' dir='ltr' id='par_1_105' title="bbox 1787 2275 3372 2344">
     <span class='ocr_line' id='line_1_105' title="bbox 1787 2275 3372 2344; baseline 0.001 -17"><span class='ocrx_word' id='word_1_796' title='bbox 1787 2291 1892 2328; x_wconf 93' lang='lat' dir='ltr'><strong>non</strong></span> <span class='ocrx_word' id='word_1_797' title='bbox 1933 2285 2282 2329; x_wconf 90' lang='lat' dir='ltr'><strong>conteretur:</strong></span> <span class='ocrx_word' id='word_1_798' title='bbox 2316 2276 2409 2328; x_wconf 89' lang='lat' dir='ltr'><strong>Dei</strong></span> <span class='ocrx_word' id='word_1_799' title='bbox 2465 2290 2692 2342; x_wconf 86' lang='lat' dir='ltr'><strong>namque</strong></span> <span class='ocrx_word' id='word_1_800' title='bbox 2735 2275 2956 2344; x_wconf 82' lang='lat' dir='ltr'><strong>gloriam</strong></span> <span class='ocrx_word' id='word_1_801' title='bbox 3002 2277 3120 2342; x_wconf 86' lang='lat' dir='ltr'><strong>quis</strong></span> <span class='ocrx_word' id='word_1_802' title='bbox 3165 2275 3372 2328; x_wconf 87' lang='lat' dir='ltr'><strong>solvere</strong></span> 
     </span>
    </p>
   </div>
   <div class='ocr_carea' id='block_1_106' title="bbox 1789 2344 3372 2414">
    <p class='ocr_par' dir='ltr' id='par_1_106' title="bbox 1789 2344 3372 2414">
     <span class='ocr_line' id='line_1_106' title="bbox 1789 2344 3372 2414; baseline 0 -16"><span class='ocrx_word' id='word_1_803' title='bbox 1789 2345 2018 2414; x_wconf 88' lang='lat' dir='ltr'><strong>poterit?</strong></span> <span class='ocrx_word' id='word_1_804' title='bbox 2039 2345 2318 2413; x_wconf 87' lang='lat' dir='ltr'><strong>Quomodo</strong></span> <span class='ocrx_word' id='word_1_805' title='bbox 2346 2354 2521 2400; x_wconf 89' lang='lat' dir='ltr'><strong>autem</strong></span> <span class='ocrx_word' id='word_1_806' title='bbox 2547 2345 2842 2398; x_wconf 80' lang='lat' dir='ltr'><strong>exaltatur‘t</strong></span> <span class='ocrx_word' id='word_1_807' title='bbox 2871 2344 2973 2414; x_wconf 87' lang='lat' dir='ltr'><strong>Per</strong></span> <span class='ocrx_word' id='word_1_808' title='bbox 2998 2344 3170 2397; x_wconf 88' lang='lat' dir='ltr'><strong>Patris</strong></span> <span class='ocrx_word' id='word_1_809' title='bbox 3205 2344 3372 2398; x_wconf 83' lang='lat' dir='ltr'><strong>bene-</strong></span> 
     </span>
    </p>
   </div>
   <div class='ocr_carea' id='block_1_107' title="bbox 1789 2413 3370 2484">
    <p class='ocr_par' dir='ltr' id='par_1_107' title="bbox 1789 2413 3370 2484">
     <span class='ocr_line' id='line_1_107' title="bbox 1789 2413 3370 2484; baseline -0.001 -17"><span class='ocrx_word' id='word_1_810' title='bbox 1789 2413 2076 2483; x_wconf 83' lang='lat' dir='ltr'><strong>placitum,</strong></span> <span class='ocrx_word' id='word_1_811' title='bbox 2123 2416 2332 2484; x_wconf 90' lang='lat' dir='ltr'><strong>inquit,</strong></span> <span class='ocrx_word' id='word_1_812' title='bbox 2363 2430 2526 2482; x_wconf 88' lang='lat' dir='ltr'><strong>aquo</strong></span> <span class='ocrx_word' id='word_1_813' title='bbox 2551 2415 2601 2468; x_wconf 92' lang='lat' dir='ltr'><strong>in</strong></span> <span class='ocrx_word' id='word_1_814' title='bbox 2656 2414 2772 2483; x_wconf 89' lang='lat' dir='ltr'><strong>ejus</strong></span> <span class='ocrx_word' id='word_1_815' title='bbox 2820 2413 3157 2484; x_wconf 82' lang='lat' dir='ltr'><strong>adoptionem</strong></span> <span class='ocrx_word' id='word_1_816' title='bbox 3202 2415 3370 2467; x_wconf 84' lang='lat' dir='ltr'><strong>vocati</strong></span> 
     </span>
    </p>
   </div>
   <div class='ocr_carea' id='block_1_108' title="bbox 1786 2483 3368 2554">
    <p class='ocr_par' dir='ltr' id='par_1_108' title="bbox 1786 2483 3368 2554">
     <span class='ocr_line' id='line_1_108' title="bbox 1786 2483 3368 2554; baseline -0.001 -16"><span class='ocrx_word' id='word_1_817' title='bbox 1786 2499 2008 2552; x_wconf 91' lang='lat' dir='ltr'><strong>sumus,</strong></span> <span class='ocrx_word' id='word_1_818' title='bbox 2053 2483 2499 2554; x_wconf 84' lang='lat' dir='ltr'><strong>quemadmodum</strong></span> <span class='ocrx_word' id='word_1_819' title='bbox 2551 2485 2742 2539; x_wconf 87' lang='lat' dir='ltr'><strong>Paulus</strong></span> <span class='ocrx_word' id='word_1_820' title='bbox 2790 2483 3032 2553; x_wconf 81' lang='lat' dir='ltr'><strong>Ephesiis</strong></span> <span class='ocrx_word' id='word_1_821' title='bbox 3058 2483 3323 2537; x_wconf 87' lang='lat' dir='ltr'><strong>scribebat</strong></span> <span class='ocrx_word' id='word_1_822' title='bbox 3355 2501 3368 2537; x_wconf 93' lang='lat'>:</span> 
     </span>
    </p>
   </div>
   <div class='ocr_carea' id='block_1_109' title="bbox 1794 2554 3372 2624">
    <p class='ocr_par' dir='ltr' id='par_1_109' title="bbox 1794 2554 3372 2624">
     <span class='ocr_line' id='line_1_109' title="bbox 1794 2554 3372 2624; baseline -0.001 -16"><span class='ocrx_word' id='word_1_823' title='bbox 1794 2557 1868 2609; x_wconf 87' lang='lat' dir='ltr'><strong>ait</strong></span> <span class='ocrx_word' id='word_1_824' title='bbox 1893 2557 2035 2610; x_wconf 89' lang='lat' dir='ltr'><strong>enim</strong></span> <span class='ocrx_word' id='word_1_825' title='bbox 2065 2557 2131 2610; x_wconf 92' lang='lat' dir='ltr'><strong>de</strong></span> <span class='ocrx_word' id='word_1_826' title='bbox 2156 2557 2311 2610; x_wconf 89' lang='lat' dir='ltr'><strong>Patre</strong></span> <span class='ocrx_word' id='word_1_827' title='bbox 2344 2573 2357 2609; x_wconf 94' lang='lat'>:</span> <span class='ocrx_word' id='word_1_828' title='bbox 2389 2555 2489 2622; x_wconf 86' lang='lat' dir='ltr'><strong>Qui</strong></span> <span class='ocrx_word' id='word_1_829' title='bbox 2529 2556 2582 2608; x_wconf 90' lang='lat' dir='ltr'><strong>in</strong></span> <span class='ocrx_word' id='word_1_830' title='bbox 2633 2556 2839 2609; x_wconf 89' lang='lat' dir='ltr'><strong>caritate</strong></span> <span class='ocrx_word' id='word_1_831' title='bbox 2884 2554 3254 2624; x_wconf 64' lang='lat' dir='ltr'><strong>praedestinavit</strong></span> <span class='ocrx_word' id='word_1_832' title='bbox 3281 2570 3372 2607; x_wconf 89' lang='lat' dir='ltr'><strong>nos</strong></span> 
     </span>
    </p>
   </div>
   <div class='ocr_carea' id='block_1_110' title="bbox 1786 2624 3370 2696">
    <p class='ocr_par' dir='ltr' id='par_1_110' title="bbox 1786 2624 3370 2696">
     <span class='ocr_line' id='line_1_110' title="bbox 1786 2624 3370 2696; baseline -0.001 -18"><span class='ocrx_word' id='word_1_833' title='bbox 1786 2626 1838 2679; x_wconf 90' lang='lat' dir='ltr'><strong>in</strong></span> <span class='ocrx_word' id='word_1_834' title='bbox 1857 2627 2174 2696; x_wconf 83' lang='lat' dir='ltr'><strong>adoptionem</strong></span> <span class='ocrx_word' id='word_1_835' title='bbox 2205 2627 2427 2694; x_wconf 83' lang='lat' dir='ltr'><strong>filiorum</strong></span> <span class='ocrx_word' id='word_1_836' title='bbox 2457 2643 2545 2693; x_wconf 84' lang='lat' dir='ltr'><strong>per</strong></span> <span class='ocrx_word' id='word_1_837' title='bbox 2589 2626 2764 2696; x_wconf 82' lang='lat' dir='ltr'><strong>Jesum</strong></span> <span class='ocrx_word' id='word_1_838' title='bbox 2795 2625 3138 2696; x_wconf 61' lang='lat' dir='ltr'><strong>Christunriu</strong></span> <span class='ocrx_word' id='word_1_839' title='bbox 3181 2624 3370 2696; x_wconf 76' lang='lat' dir='ltr'><strong>ipsum,</strong></span> 
     </span>
    </p>
   </div>
   <div class='ocr_carea' id='block_1_111' title="bbox 1787 2693 3368 2765">
    <p class='ocr_par' dir='ltr' id='par_1_111' title="bbox 1787 2693 3368 2765">
     <span class='ocr_line' id='line_1_111' title="bbox 1787 2693 3368 2765; baseline 0 -17"><span class='ocrx_word' id='word_1_840' title='bbox 1787 2693 2061 2750; x_wconf 87' lang='lat' dir='ltr'><strong>secundum</strong></span> <span class='ocrx_word' id='word_1_841' title='bbox 2097 2693 2462 2765; x_wconf 83' lang='lat' dir='ltr'><strong>beneplacitum</strong></span> <span class='ocrx_word' id='word_1_842' title='bbox 2495 2695 2760 2749; x_wconf 71' lang='lat' dir='ltr'><strong>voluntatis</strong></span> <span class='ocrx_word' id='word_1_843' title='bbox 2782 2711 2888 2749; x_wconf 82' lang='lat' dir='ltr'><strong>sua:</strong></span> <span class='ocrx_word' id='word_1_844' title='bbox 2926 2693 3172 2765; x_wconf 77' lang='lat' dir='ltr'><strong>(Ep/tes.</strong></span> <span class='ocrx_word' id='word_1_845' title='bbox 3197 2695 3247 2765; x_wconf 74' lang='lat' dir='ltr'><strong>‘l_.</strong></span> <span class='ocrx_word' id='word_1_846' title='bbox 3276 2695 3308 2747; x_wconf 81' lang='lat'><strong>5</strong></span> <span class='ocrx_word' id='word_1_847' title='bbox 3327 2693 3368 2764; x_wconf 80' lang='lat'><strong>).</strong></span> 
     </span>
    </p>
   </div>
   <div class='ocr_carea' id='block_1_112' title="bbox 1789 2763 3369 2833">
    <p class='ocr_par' dir='ltr' id='par_1_112' title="bbox 1789 2763 3369 2833">
     <span class='ocr_line' id='line_1_112' title="bbox 1789 2763 3369 2833; baseline -0.002 -13"><span class='ocrx_word' id='word_1_848' title='bbox 1789 2768 1875 2820; x_wconf 81' lang='grc'>19.</span> <span class='ocrx_word' id='word_1_849' title='bbox 1905 2766 2037 2832; x_wconf 85' lang='lat' dir='ltr'><strong>Quia</strong></span> <span class='ocrx_word' id='word_1_850' title='bbox 2068 2763 2272 2820; x_wconf 85' lang='lat' dir='ltr'><strong>Domini</strong></span> <span class='ocrx_word' id='word_1_851' title='bbox 2303 2775 2373 2820; x_wconf 88' lang='lat' dir='ltr'><strong>est</strong></span> <span class='ocrx_word' id='word_1_852' title='bbox 2399 2766 2670 2833; x_wconf 84' lang='lat' dir='ltr'><strong>assumptio</strong></span> <span class='ocrx_word' id='word_1_853' title='bbox 2694 2775 2864 2818; x_wconf 82' lang='lat' dir='ltr'><strong>nostra</strong></span> <span class='ocrx_word' id='word_1_854' title='bbox 2886 2807 2900 2831; x_wconf 92' lang='lat'><strong>,</strong></span> <span class='ocrx_word' id='word_1_855' title='bbox 2936 2763 2989 2818; x_wconf 77' lang='lat' dir='ltr'><strong>et</strong></span> <span class='ocrx_word' id='word_1_856' title='bbox 3017 2764 3175 2816; x_wconf 85' lang='lat' dir='ltr'><strong>sancti</strong></span> <span class='ocrx_word' id='word_1_857' title='bbox 3207 2763 3369 2817; x_wconf 77' lang='lat' dir='ltr'><strong>Israel</strong></span> 
     </span>
    </p>
   </div>
   <div class='ocr_carea' id='block_1_113' title="bbox 1789 2834 3370 2906">
    <p class='ocr_par' dir='ltr' id='par_1_113' title="bbox 1789 2834 3370 2906">
     <span class='ocr_line' id='line_1_113' title="bbox 1789 2834 3370 2906; baseline -0.003 -16"><span class='ocrx_word' id='word_1_858' title='bbox 1789 2837 1922 2906; x_wconf 87' lang='lat' dir='ltr'><strong>regis</strong></span> <span class='ocrx_word' id='word_1_859' title='bbox 1955 2837 2131 2890; x_wconf 85' lang='lat' dir='ltr'><strong>nostri.</strong></span> <span class='ocrx_word' id='word_1_860' title='bbox 2161 2836 2291 2891; x_wconf 82' lang='lat' dir='ltr'><strong>Vide</strong></span> <span class='ocrx_word' id='word_1_861' title='bbox 2337 2837 2589 2889; x_wconf 86' lang='lat' dir='ltr'><strong>Davidem</strong></span> <span class='ocrx_word' id='word_1_862' title='bbox 2618 2837 2804 2890; x_wconf 87' lang='lat' dir='ltr'><strong>eadem</strong></span> <span class='ocrx_word' id='word_1_863' title='bbox 2834 2850 2955 2890; x_wconf 87' lang='lat' dir='ltr'><strong>cum</strong></span> <span class='ocrx_word' id='word_1_864' title='bbox 2984 2835 3148 2906; x_wconf 82' lang='lat' dir='ltr'><strong>Paulo</strong></span> <span class='ocrx_word' id='word_1_865' title='bbox 3173 2834 3370 2902; x_wconf 67' lang='lat' dir='ltr'><strong>prtedi-</strong></span> 
     </span>
    </p>
   </div>
   <div class='ocr_carea' id='block_1_114' title="bbox 1787 2905 3372 2975">
    <p class='ocr_par' dir='ltr' id='par_1_114' title="bbox 1787 2905 3372 2975">
     <span class='ocr_line' id='line_1_114' title="bbox 1787 2905 3372 2975; baseline -0.004 -14"><span class='ocrx_word' id='word_1_866' title='bbox 1787 2905 1913 2961; x_wconf 86' lang='lat' dir='ltr'><strong>care</strong></span> <span class='ocrx_word' id='word_1_867' title='bbox 1940 2917 1994 2960; x_wconf 89' lang='lat' dir='ltr'><strong>et</strong></span> <span class='ocrx_word' id='word_1_868' title='bbox 2017 2907 2194 2960; x_wconf 88' lang='lat' dir='ltr'><strong>dicere</strong></span> <span class='ocrx_word' id='word_1_869' title='bbox 2219 2949 2233 2968; x_wconf 89' lang='lat'><strong>,</strong></span> <span class='ocrx_word' id='word_1_870' title='bbox 2259 2906 2390 2960; x_wconf 82' lang='lat' dir='ltr'><strong>Mihi</strong></span> <span class='ocrx_word' id='word_1_871' title='bbox 2417 2906 2618 2975; x_wconf 85' lang='lat' dir='ltr'><strong>quidem</strong></span> <span class='ocrx_word' id='word_1_872' title='bbox 2643 2923 2742 2958; x_wconf 84' lang='lat' dir='ltr'><strong>non</strong></span> <span class='ocrx_word' id='word_1_873' title='bbox 2767 2905 2966 2974; x_wconf 81' lang='lat' dir='ltr'><strong>pigrum</strong></span> <span class='ocrx_word' id='word_1_874' title='bbox 2985 2947 3000 2968; x_wconf 92' lang='lat'><strong>,</strong></span> <span class='ocrx_word' id='word_1_875' title='bbox 3041 2905 3176 2975; x_wconf 82' lang='lat' dir='ltr'><strong>vobis</strong></span> <span class='ocrx_word' id='word_1_876' title='bbox 3203 2914 3372 2975; x_wconf 80' lang='lat' dir='ltr'><strong>autem</strong></span> 
     </span>
    </p>
   </div>
   <div class='ocr_carea' id='block_1_115' title="bbox 1789 2974 3371 3045">
    <p class='ocr_par' dir='ltr' id='par_1_115' title="bbox 1789 2974 3371 3045">
     <span class='ocr_line' id='line_1_115' title="bbox 1789 2974 3371 3045; baseline -0.001 -16"><span class='ocrx_word' id='word_1_877' title='bbox 1789 2985 1950 3029; x_wconf 80' lang='lat' dir='ltr'><strong>tutum</strong></span> <span class='ocrx_word' id='word_1_878' title='bbox 1977 2978 1996 3044; x_wconf 85' lang='lat'><strong>(</strong></span> <span class='ocrx_word' id='word_1_879' title='bbox 2021 2975 2253 3045; x_wconf 82' lang='lat' dir='ltr'><strong>Philipp.</strong></span> <span class='ocrx_word' id='word_1_880' title='bbox 2282 2977 2332 3031; x_wconf 78' lang='lat'><strong>&#39;5.</strong></span> <span class='ocrx_word' id='word_1_881' title='bbox 2369 2977 2392 3028; x_wconf 88' lang='grc'><strong>1</strong></span> <span class='ocrx_word' id='word_1_882' title='bbox 2488 2975 2626 3030; x_wconf 85' lang='lat' dir='ltr'><strong>Ecce</strong></span> <span class='ocrx_word' id='word_1_883' title='bbox 2649 2977 2791 3030; x_wconf 79' lang='lat' dir='ltr'><strong>enim</strong></span> <span class='ocrx_word' id='word_1_884' title='bbox 2848 2977 2898 3029; x_wconf 87' lang='lat' dir='ltr'><strong>in</strong></span> <span class='ocrx_word' id='word_1_885' title='bbox 2945 2974 3186 3045; x_wconf 80' lang='lat' dir='ltr'><strong>plurimis</strong></span> <span class='ocrx_word' id='word_1_886' title='bbox 3215 2974 3371 3045; x_wconf 73' lang='lat' dir='ltr'><strong>deiti-</strong></span> 
     </span>
    </p>
   </div>
   <div class='ocr_carea' id='block_1_116' title="bbox 1788 3043 3370 3116">
    <p class='ocr_par' dir='ltr' id='par_1_116' title="bbox 1788 3043 3370 3116">
     <span class='ocr_line' id='line_1_116' title="bbox 1788 3043 3370 3116; baseline -0.003 -15"><span class='ocrx_word' id='word_1_887' title='bbox 1788 3061 1916 3116; x_wconf 90' lang='lat' dir='ltr'><strong>ceps</strong></span> <span class='ocrx_word' id='word_1_888' title='bbox 1947 3043 2278 3101; x_wconf 86' lang='lat' dir='ltr'><strong>versibusde</strong></span> <span class='ocrx_word' id='word_1_889' title='bbox 2302 3045 2582 3100; x_wconf 87' lang='lat' dir='ltr'><strong>Servatorc</strong></span> <span class='ocrx_word' id='word_1_890' title='bbox 2608 3061 2907 3100; x_wconf 87' lang='lat' dir='ltr'><strong>sermonem</strong></span> <span class='ocrx_word' id='word_1_891' title='bbox 2936 3043 3086 3113; x_wconf 88' lang='lat' dir='ltr'><strong>quasi</strong></span> <span class='ocrx_word' id='word_1_892' title='bbox 3114 3043 3164 3097; x_wconf 89' lang='lat' dir='ltr'><strong>in</strong></span> <span class='ocrx_word' id='word_1_893' title='bbox 3196 3044 3370 3116; x_wconf 76' lang='lat' dir='ltr'><strong>circu-</strong></span> 
     </span>
    </p>
   </div>
   <div class='ocr_carea' id='block_1_117' title="bbox 1789 3115 3371 3188">
    <p class='ocr_par' dir='ltr' id='par_1_117' title="bbox 1789 3115 3371 3188">
     <span class='ocr_line' id='line_1_117' title="bbox 1789 3115 3371 3188; baseline -0.002 -18"><span class='ocrx_word' id='word_1_894' title='bbox 1789 3117 1898 3170; x_wconf 93' lang='lat' dir='ltr'><strong>lum</strong></span> <span class='ocrx_word' id='word_1_895' title='bbox 1927 3119 2136 3188; x_wconf 83' lang='lat' dir='ltr'><strong>repetit,</strong></span> <span class='ocrx_word' id='word_1_896' title='bbox 2162 3119 2333 3184; x_wconf 90' lang='lat' dir='ltr'><strong>ipsum</strong></span> <span class='ocrx_word' id='word_1_897' title='bbox 2359 3115 2637 3170; x_wconf 89' lang='lat' dir='ltr'><strong>Dominum</strong></span> <span class='ocrx_word' id='word_1_898' title='bbox 2656 3125 2709 3169; x_wconf 88' lang='lat' dir='ltr'><strong>et</strong></span> <span class='ocrx_word' id='word_1_899' title='bbox 2733 3126 2975 3170; x_wconf 76' lang='lat' dir='ltr'><strong>sanetum</strong></span> <span class='ocrx_word' id='word_1_900' title='bbox 3003 3124 3183 3182; x_wconf 89' lang='lat' dir='ltr'><strong>utpote</strong></span> <span class='ocrx_word' id='word_1_901' title='bbox 3207 3115 3371 3168; x_wconf 85' lang='lat' dir='ltr'><strong>Deum</strong></span> 
     </span>
    </p>
   </div>
   <div class='ocr_carea' id='block_1_118' title="bbox 1788 3188 3370 3256">
    <p class='ocr_par' dir='ltr' id='par_1_118' title="bbox 1788 3188 3370 3256">
     <span class='ocr_line' id='line_1_118' title="bbox 1788 3188 3370 3256; baseline -0.004 -14"><span class='ocrx_word' id='word_1_902' title='bbox 1788 3202 2016 3249; x_wconf 85' lang='lat' dir='ltr'><strong>vocans;</strong></span> <span class='ocrx_word' id='word_1_903' title='bbox 2052 3188 2298 3242; x_wconf 88' lang='lat' dir='ltr'><strong>lsraelem</strong></span> <span class='ocrx_word' id='word_1_904' title='bbox 2321 3196 2496 3239; x_wconf 88' lang='lat' dir='ltr'><strong>autem</strong></span> <span class='ocrx_word' id='word_1_905' title='bbox 2520 3195 2574 3240; x_wconf 86' lang='lat' dir='ltr'><strong>et</strong></span> <span class='ocrx_word' id='word_1_906' title='bbox 2595 3201 2772 3256; x_wconf 82' lang='lat' dir='ltr'><strong>regem</strong></span> <span class='ocrx_word' id='word_1_907' title='bbox 2802 3195 3061 3245; x_wconf 79' lang='lat' dir='ltr'><strong>nostrum,</strong></span> <span class='ocrx_word' id='word_1_908' title='bbox 3093 3193 3274 3256; x_wconf 82' lang='lat' dir='ltr'><strong>utpote</strong></span> <span class='ocrx_word' id='word_1_909' title='bbox 3303 3199 3370 3236; x_wconf 78' lang='lat' dir='ltr'><strong>ex</strong></span> 
     </span>
    </p>
   </div>
   <div class='ocr_carea' id='block_1_119' title="bbox 1789 3253 3362 3327">
    <p class='ocr_par' dir='ltr' id='par_1_119' title="bbox 1789 3253 3362 3327">
     <span class='ocr_line' id='line_1_119' title="bbox 1789 3253 3362 3327; baseline -0.006 -13"><span class='ocrx_word' id='word_1_910' title='bbox 1789 3259 1992 3314; x_wconf 85' lang='lat' dir='ltr'><strong>semine</strong></span> <span class='ocrx_word' id='word_1_911' title='bbox 2015 3259 2154 3327; x_wconf 86' lang='lat' dir='ltr'><strong>regis</strong></span> <span class='ocrx_word' id='word_1_912' title='bbox 2203 3257 2415 3310; x_wconf 90' lang='lat' dir='ltr'><strong>Davidis</strong></span> <span class='ocrx_word' id='word_1_913' title='bbox 2442 3266 2615 3327; x_wconf 71' lang='lat' dir='ltr'><strong>ortum</strong></span> <span class='ocrx_word' id='word_1_914' title='bbox 2650 3253 2740 3310; x_wconf 67' lang='lat' dir='ltr'><strong>{et</strong></span> <span class='ocrx_word' id='word_1_915' title='bbox 2790 3256 3036 3312; x_wconf 83' lang='lat' dir='ltr'><strong>ISraclettt</strong></span> <span class='ocrx_word' id='word_1_916' title='bbox 3071 3253 3362 3327; x_wconf 81' lang='lat' dir='ltr'><strong>secundum</strong></span> 
     </span>
    </p>
   </div>
   <div class='ocr_carea' id='block_1_120' title="bbox 1789 3323 3375 3397">
    <p class='ocr_par' dir='ltr' id='par_1_120' title="bbox 1789 3323 3375 3397">
     <span class='ocr_line' id='line_1_120' title="bbox 1789 3323 3375 3397; baseline -0.004 -13"><span class='ocrx_word' id='word_1_917' title='bbox 1789 3329 2043 3397; x_wconf 87' lang='lat' dir='ltr'><strong>Spiritum</strong></span> <span class='ocrx_word' id='word_1_918' title='bbox 2069 3323 2412 3396; x_wconf 74' lang='lat' dir='ltr'><strong>appellatum.</strong></span> <span class='ocrx_word' id='word_1_919' title='bbox 2442 3325 2533 3380; x_wconf 73' lang='lat'><strong>9.0.</strong></span> <span class='ocrx_word' id='word_1_920' title='bbox 2571 3325 2712 3397; x_wconf 74' lang='lat' dir='ltr'><strong>Tunc</strong></span> <span class='ocrx_word' id='word_1_921' title='bbox 2733 3327 2964 3394; x_wconf 87' lang='lat' dir='ltr'><strong>loquutus</strong></span> <span class='ocrx_word' id='word_1_922' title='bbox 2992 3335 3083 3397; x_wconf 60' lang='lat' dir='ltr'><strong>est</strong></span> <span class='ocrx_word' id='word_1_923' title='bbox 3108 3325 3160 3377; x_wconf 88' lang='lat' dir='ltr'><strong>in</strong></span> <span class='ocrx_word' id='word_1_924' title='bbox 3188 3323 3375 3397; x_wconf 67' lang='lat' dir='ltr'><strong>uisione</strong></span> 
     </span>
    </p>
   </div>
   <div class='ocr_carea' id='block_1_121' title="bbox 1791 3394 3371 3469">
    <p class='ocr_par' dir='ltr' id='par_1_121' title="bbox 1791 3394 3371 3469">
     <span class='ocr_line' id='line_1_121' title="bbox 1791 3394 3371 3469; baseline -0.003 -17"><span class='ocrx_word' id='word_1_925' title='bbox 1791 3394 1914 3469; x_wconf 80' lang='lat' dir='ltr'><strong>ﬁliis</strong></span> <span class='ocrx_word' id='word_1_926' title='bbox 1939 3400 2056 3453; x_wconf 89' lang='lat' dir='ltr'><strong>tuis.</strong></span> <span class='ocrx_word' id='word_1_927' title='bbox 2083 3394 2252 3464; x_wconf 81' lang='lat' dir='ltr'><strong>&#39;l‘ttnc,</strong></span> <span class='ocrx_word' id='word_1_928' title='bbox 2292 3395 2753 3469; x_wconf 60' lang='lat' dir='ltr'><strong>quandonamHn</strong></span> <span class='ocrx_word' id='word_1_929' title='bbox 2773 3397 2964 3469; x_wconf 68' lang='lat' dir='ltr'><strong>uisione</strong></span> <span class='ocrx_word' id='word_1_930' title='bbox 2991 3395 3114 3469; x_wconf 76' lang='lat' dir='ltr'><strong>ﬁliis</strong></span> <span class='ocrx_word' id='word_1_931' title='bbox 3141 3395 3211 3469; x_wconf 82' lang='lat' dir='ltr'><strong>tui</strong></span> <span class='ocrx_word' id='word_1_932' title='bbox 3255 3411 3272 3458; x_wconf 81' lang='lat'><strong>,°</strong></span> <span class='ocrx_word' id='word_1_933' title='bbox 3320 3394 3371 3447; x_wconf 90' lang='lat' dir='ltr'><strong>id</strong></span> 
     </span>
    </p>
   </div>
   <div class='ocr_carea' id='block_1_122' title="bbox 1791 3465 3374 3534">
    <p class='ocr_par' dir='ltr' id='par_1_122' title="bbox 1791 3465 3374 3534">
     <span class='ocr_line' id='line_1_122' title="bbox 1791 3465 3374 3534; baseline -0.004 -10"><span class='ocrx_word' id='word_1_934' title='bbox 1791 3465 1894 3534; x_wconf 83' lang='lat' dir='ltr'><strong>est,</strong></span> <span class='ocrx_word' id='word_1_935' title='bbox 1944 3471 1996 3524; x_wconf 94' lang='lat' dir='ltr'><strong>in</strong></span> <span class='ocrx_word' id='word_1_936' title='bbox 2037 3469 2239 3523; x_wconf 87' lang='lat' dir='ltr'><strong>visione</strong></span> <span class='ocrx_word' id='word_1_937' title='bbox 2287 3465 2355 3522; x_wconf 85' lang='lat' dir='ltr'><strong>de</strong></span> <span class='ocrx_word' id='word_1_938' title='bbox 2403 3467 2522 3520; x_wconf 86' lang='lat' dir='ltr'><strong>filiis</strong></span> <span class='ocrx_word' id='word_1_939' title='bbox 2556 3467 2676 3520; x_wconf 91' lang='lat' dir='ltr'><strong>tuis.</strong></span> <span class='ocrx_word' id='word_1_940' title='bbox 2707 3467 2867 3520; x_wconf 80' lang='lat' dir='ltr'><strong>Filios</strong></span> <span class='ocrx_word' id='word_1_941' title='bbox 2892 3474 3067 3519; x_wconf 87' lang='lat' dir='ltr'><strong>autem</strong></span> <span class='ocrx_word' id='word_1_942' title='bbox 3101 3465 3189 3518; x_wconf 86' lang='lat' dir='ltr'><strong>Dei</strong></span> <span class='ocrx_word' id='word_1_943' title='bbox 3219 3475 3374 3518; x_wconf 86' lang='lat' dir='ltr'><strong>vocat</strong></span> 
     </span>
    </p>
   </div>
   <div class='ocr_carea' id='block_1_123' title="bbox 1790 3535 3373 3609">
    <p class='ocr_par' dir='ltr' id='par_1_123' title="bbox 1790 3535 3373 3609">
     <span class='ocr_line' id='line_1_123' title="bbox 1790 3535 3373 3609; baseline -0.005 -16"><span class='ocrx_word' id='word_1_944' title='bbox 1790 3555 1885 3594; x_wconf 95' lang='lat' dir='ltr'><strong>eos</strong></span> <span class='ocrx_word' id='word_1_945' title='bbox 1905 3541 1994 3609; x_wconf 91' lang='lat' dir='ltr'><strong>qui</strong></span> <span class='ocrx_word' id='word_1_946' title='bbox 2020 3555 2082 3594; x_wconf 86' lang='lat' dir='ltr'><strong>ex</strong></span> <span class='ocrx_word' id='word_1_947' title='bbox 2115 3539 2360 3609; x_wconf 75' lang='lat' dir='ltr'><strong>gentibus</strong></span> <span class='ocrx_word' id='word_1_948' title='bbox 2379 3538 2604 3592; x_wconf 91' lang='lat' dir='ltr'><strong>salutem</strong></span> <span class='ocrx_word' id='word_1_949' title='bbox 2631 3537 2943 3609; x_wconf 85' lang='lat' dir='ltr'><strong>consequuti</strong></span> <span class='ocrx_word' id='word_1_950' title='bbox 2971 3544 3115 3609; x_wconf 76' lang='lat' dir='ltr'><strong>sunt,</strong></span> <span class='ocrx_word' id='word_1_951' title='bbox 3139 3535 3205 3587; x_wconf 89' lang='lat' dir='ltr'><strong>ad</strong></span> <span class='ocrx_word' id='word_1_952' title='bbox 3238 3550 3373 3609; x_wconf 71' lang='lat' dir='ltr'><strong>quos</strong></span> 
     </span>
    </p>
   </div>
   <div class='ocr_carea' id='block_1_124' title="bbox 1793 3604 3375 3679">
    <p class='ocr_par' dir='ltr' id='par_1_124' title="bbox 1793 3604 3375 3679">
     <span class='ocr_line' id='line_1_124' title="bbox 1793 3604 3375 3679; baseline -0.005 -15"><span class='ocrx_word' id='word_1_953' title='bbox 1793 3604 1984 3679; x_wconf 75' lang='lat' dir='ltr'><strong>Paulus</strong></span> <span class='ocrx_word' id='word_1_954' title='bbox 2033 3604 2242 3664; x_wconf 73' lang='lat' dir='ltr'><strong>dicebat</strong></span> <span class='ocrx_word' id='word_1_955' title='bbox 2273 3627 2285 3661; x_wconf 89' lang='lat'><strong>:</strong></span> <span class='ocrx_word' id='word_1_956' title='bbox 2317 3608 2455 3679; x_wconf 85' lang='lat' dir='ltr'><strong>Ergo</strong></span> <span class='ocrx_word' id='word_1_957' title='bbox 2507 3624 2639 3660; x_wconf 84' lang='lat' dir='ltr'><strong>nunc</strong></span> <span class='ocrx_word' id='word_1_958' title='bbox 2686 3624 2785 3679; x_wconf 82' lang='lat' dir='ltr'><strong>non</strong></span> <span class='ocrx_word' id='word_1_959' title='bbox 2816 3604 2948 3660; x_wconf 56' lang='lat' dir='ltr'><strong>estis</strong></span> <span class='ocrx_word' id='word_1_960' title='bbox 2970 3606 3135 3679; x_wconf 73' lang='lat' dir='ltr'><strong>servi,</strong></span> <span class='ocrx_word' id='word_1_961' title='bbox 3166 3604 3375 3679; x_wconf 60' lang='lat' dir='ltr'><strong>scdjilii</strong></span> 
     </span>
    </p>
   </div>
   <div class='ocr_carea' id='block_1_125' title="bbox 1793 3676 3375 3751">
    <p class='ocr_par' dir='ltr' id='par_1_125' title="bbox 1793 3676 3375 3751">
     <span class='ocr_line' id='line_1_125' title="bbox 1793 3676 3375 3751; baseline -0.003 -19"><span class='ocrx_word' id='word_1_962' title='bbox 1793 3678 1951 3751; x_wconf 66' lang='lat' dir='ltr'><strong>(Gal.</strong></span> <span class='ocrx_word' id='word_1_963' title='bbox 1980 3681 2032 3734; x_wconf 76' lang='grc'>4.</span> <span class='ocrx_word' id='word_1_964' title='bbox 2059 3681 2089 3734; x_wconf 85' lang='grc'>7</span> <span class='ocrx_word' id='word_1_965' title='bbox 2113 3680 2156 3751; x_wconf 83' lang='grc'>).</span> <span class='ocrx_word' id='word_1_966' title='bbox 2177 3676 2408 3744; x_wconf 75' lang='lat' dir='ltr'><strong>Quando</strong></span> <span class='ocrx_word' id='word_1_967' title='bbox 2435 3679 2592 3748; x_wconf 90' lang='lat' dir='ltr'><strong>igitur</strong></span> <span class='ocrx_word' id='word_1_968' title='bbox 2625 3677 2755 3751; x_wconf 85' lang='lat' dir='ltr'><strong>vidit</strong></span> <span class='ocrx_word' id='word_1_969' title='bbox 2772 3693 2864 3732; x_wconf 91' lang='lat' dir='ltr'><strong>eos</strong></span> <span class='ocrx_word' id='word_1_970' title='bbox 2893 3678 2978 3745; x_wconf 90' lang='lat' dir='ltr'><strong>qui</strong></span> <span class='ocrx_word' id='word_1_971' title='bbox 3012 3691 3074 3728; x_wconf 76' lang='lat' dir='ltr'><strong>ex</strong></span> <span class='ocrx_word' id='word_1_972' title='bbox 3130 3676 3375 3751; x_wconf 76' lang='lat' dir='ltr'><strong>gentibus</strong></span> 
     </span>
    </p>
   </div>
   <div class='ocr_carea' id='block_1_126' title="bbox 1791 3746 3376 3819">
    <p class='ocr_par' dir='ltr' id='par_1_126' title="bbox 1791 3746 3376 3819">
     <span class='ocr_line' id='line_1_126' title="bbox 1791 3746 3376 3819; baseline -0.002 -16"><span class='ocrx_word' id='word_1_973' title='bbox 1791 3746 2072 3819; x_wconf 84' lang='lat' dir='ltr'><strong>diligenter</strong></span> <span class='ocrx_word' id='word_1_974' title='bbox 2096 3746 2160 3803; x_wconf 82' lang='lat' dir='ltr'><strong>ad</strong></span> <span class='ocrx_word' id='word_1_975' title='bbox 2191 3752 2415 3804; x_wconf 89' lang='lat' dir='ltr'><strong>salutem</strong></span> <span class='ocrx_word' id='word_1_976' title='bbox 2445 3746 2503 3802; x_wconf 78' lang='lat' dir='ltr'><strong>se</strong></span> <span class='ocrx_word' id='word_1_977' title='bbox 2527 3748 2890 3811; x_wconf 88' lang='lat' dir='ltr'><strong>conferebant,</strong></span> <span class='ocrx_word' id='word_1_978' title='bbox 2922 3757 2974 3800; x_wconf 90' lang='lat' dir='ltr'><strong>et</strong></span> <span class='ocrx_word' id='word_1_979' title='bbox 3004 3746 3228 3798; x_wconf 87' lang='lat' dir='ltr'><strong>naturali</strong></span> <span class='ocrx_word' id='word_1_980' title='bbox 3258 3746 3376 3815; x_wconf 84' lang='lat' dir='ltr'><strong>lege</strong></span> 
     </span>
    </p>
   </div>
   <div class='ocr_carea' id='block_1_127' title="bbox 1794 3820 3374 3890">
    <p class='ocr_par' dir='ltr' id='par_1_127' title="bbox 1794 3820 3374 3890">
     <span class='ocr_line' id='line_1_127' title="bbox 1794 3820 3374 3890; baseline -0.002 -17"><span class='ocrx_word' id='word_1_981' title='bbox 1794 3820 2148 3890; x_wconf 83' lang='lat' dir='ltr'><strong>legislatorem</strong></span> <span class='ocrx_word' id='word_1_982' title='bbox 2203 3820 2646 3890; x_wconf 69' lang='lat' dir='ltr'><strong>contrectahaut,</strong></span> <span class='ocrx_word' id='word_1_983' title='bbox 2677 3834 2848 3886; x_wconf 89' lang='lat' dir='ltr'><strong>neque</strong></span> <span class='ocrx_word' id='word_1_984' title='bbox 2894 3825 3077 3890; x_wconf 84' lang='lat' dir='ltr'><strong>tamen</strong></span> <span class='ocrx_word' id='word_1_985' title='bbox 3126 3831 3374 3883; x_wconf 87' lang='lat' dir='ltr'><strong>compre-</strong></span> 
     </span>
    </p>
   </div>
   <div class='ocr_carea' id='block_1_128' title="bbox 1793 3888 3370 3956">
    <p class='ocr_par' dir='ltr' id='par_1_128' title="bbox 1793 3888 3370 3956">
     <span class='ocr_line' id='line_1_128' title="bbox 1793 3888 3370 3956; baseline -0.004 -12"><span class='ocrx_word' id='word_1_986' title='bbox 1793 3888 2096 3944; x_wconf 83' lang='lat' dir='ltr'><strong>hendebant</strong></span> <span class='ocrx_word' id='word_1_987' title='bbox 2134 3890 2228 3955; x_wconf 92' lang='lat' dir='ltr'><strong>(in</strong></span> <span class='ocrx_word' id='word_1_988' title='bbox 2263 3890 2389 3956; x_wconf 84' lang='lat' dir='ltr'><strong>ipsis</strong></span> <span class='ocrx_word' id='word_1_989' title='bbox 2417 3888 2558 3942; x_wconf 90' lang='lat' dir='ltr'><strong>enim</strong></span> <span class='ocrx_word' id='word_1_990' title='bbox 2602 3889 2670 3942; x_wconf 90' lang='lat' dir='ltr'><strong>ob</strong></span> <span class='ocrx_word' id='word_1_991' title='bbox 2716 3889 3083 3940; x_wconf 78' lang='lat' dir='ltr'><strong>advenientem</strong></span> <span class='ocrx_word' id='word_1_992' title='bbox 3133 3900 3370 3938; x_wconf 87' lang='lat' dir='ltr'><strong>errorem</strong></span> 
     </span>
    </p>
   </div>
   <div class='ocr_carea' id='block_1_129' title="bbox 1793 3959 3372 4028">
    <p class='ocr_par' dir='ltr' id='par_1_129' title="bbox 1793 3959 3372 4028">
     <span class='ocr_line' id='line_1_129' title="bbox 1793 3959 3372 4028; baseline -0.006 -12"><span class='ocrx_word' id='word_1_993' title='bbox 1793 3959 2190 4028; x_wconf 85' lang='lat' dir='ltr'><strong>infirmabatur)</strong></span> <span class='ocrx_word' id='word_1_994' title='bbox 2215 4000 2228 4022; x_wconf 92' lang='lat'><strong>,</strong></span> <span class='ocrx_word' id='word_1_995' title='bbox 2272 3971 2394 4012; x_wconf 88' lang='lat' dir='ltr'><strong>tunc</strong></span> <span class='ocrx_word' id='word_1_996' title='bbox 2424 3959 2672 4026; x_wconf 90' lang='lat' dir='ltr'><strong>loquutus</strong></span> <span class='ocrx_word' id='word_1_997' title='bbox 2698 3970 2779 4012; x_wconf 90' lang='lat' dir='ltr'><strong>est</strong></span> <span class='ocrx_word' id='word_1_998' title='bbox 2803 3973 2864 4010; x_wconf 91' lang='lat' dir='ltr'><strong>ca</strong></span> <span class='ocrx_word' id='word_1_999' title='bbox 2895 3972 3012 4024; x_wconf 78' lang='lat' dir='ltr'><strong>qua:</strong></span> <span class='ocrx_word' id='word_1_1000' title='bbox 3038 3966 3332 4028; x_wconf 84' lang='lat' dir='ltr'><strong>sequuntur</strong></span> <span class='ocrx_word' id='word_1_1001' title='bbox 3357 3973 3372 4006; x_wconf 88' lang='lat'><strong>:</strong></span> 
     </span>
    </p>
   </div>
   <div class='ocr_carea' id='block_1_130' title="bbox 1795 4025 3376 4097">
    <p class='ocr_par' dir='ltr' id='par_1_130' title="bbox 1795 4025 3376 4097">
     <span class='ocr_line' id='line_1_130' title="bbox 1795 4025 3376 4097; baseline -0.004 -12"><span class='ocrx_word' id='word_1_1002' title='bbox 1795 4031 1860 4085; x_wconf 84' lang='lat' dir='ltr'><strong>Et</strong></span> <span class='ocrx_word' id='word_1_1003' title='bbox 1888 4031 2060 4084; x_wconf 78' lang='lat' dir='ltr'><strong>dixisti</strong></span> <span class='ocrx_word' id='word_1_1004' title='bbox 2089 4046 2106 4084; x_wconf 94' lang='lat'><strong><em>:</em></strong></span> <span class='ocrx_word' id='word_1_1005' title='bbox 2136 4025 2296 4083; x_wconf 81' lang='lat' dir='ltr'><strong>Posui</strong></span> <span class='ocrx_word' id='word_1_1006' title='bbox 2329 4025 2637 4097; x_wconf 70' lang='lat' dir='ltr'><strong>adjutbrium</strong></span> <span class='ocrx_word' id='word_1_1007' title='bbox 2683 4029 2736 4080; x_wconf 86' lang='lat' dir='ltr'><strong>in</strong></span> <span class='ocrx_word' id='word_1_1008' title='bbox 2767 4035 2988 4096; x_wconf 85' lang='lat' dir='ltr'><strong>potente,</strong></span> <span class='ocrx_word' id='word_1_1009' title='bbox 3021 4025 3238 4097; x_wconf 82' lang='lat' dir='ltr'><strong>exaltavi</strong></span> <span class='ocrx_word' id='word_1_1010' title='bbox 3275 4025 3376 4097; x_wconf 54' lang='lat' dir='ltr'><strong>elej</strong></span> 
     </span>
    </p>
   </div>
   <div class='ocr_carea' id='block_1_131' title="bbox 1792 4095 3374 4170">
    <p class='ocr_par' dir='ltr' id='par_1_131' title="bbox 1792 4095 3374 4170">
     <span class='ocr_line' id='line_1_131' title="bbox 1792 4095 3374 4170; baseline -0.004 -15"><span class='ocrx_word' id='word_1_1011' title='bbox 1792 4113 1928 4156; x_wconf 86' lang='lat' dir='ltr'><strong>ctum</strong></span> <span class='ocrx_word' id='word_1_1012' title='bbox 1951 4102 2013 4154; x_wconf 89' lang='lat' dir='ltr'><strong>de</strong></span> <span class='ocrx_word' id='word_1_1013' title='bbox 2040 4099 2179 4170; x_wconf 86' lang='lat' dir='ltr'><strong>plebe</strong></span> <span class='ocrx_word' id='word_1_1014' title='bbox 2207 4116 2336 4153; x_wconf 87' lang='lat' dir='ltr'><strong>mea.</strong></span> <span class='ocrx_word' id='word_1_1015' title='bbox 2363 4095 2558 4170; x_wconf 85' lang='lat' dir='ltr'><strong>Potens</strong></span> <span class='ocrx_word' id='word_1_1016' title='bbox 2588 4098 2779 4170; x_wconf 76' lang='lat' dir='ltr'><strong>illoest</strong></span> <span class='ocrx_word' id='word_1_1017' title='bbox 2795 4097 3064 4170; x_wconf 79' lang='lat' dir='ltr'><strong>_Christus,</strong></span> <span class='ocrx_word' id='word_1_1018' title='bbox 3088 4095 3165 4170; x_wconf 83' lang='lat' dir='ltr'><strong>ita</strong></span> <span class='ocrx_word' id='word_1_1019' title='bbox 3183 4106 3252 4170; x_wconf 87' lang='lat' dir='ltr'><strong>_u_t</strong></span> <span class='ocrx_word' id='word_1_1020' title='bbox 3281 4095 3374 4148; x_wconf 90' lang='lat' dir='ltr'><strong>Dei</strong></span> 
     </span>
    </p>
   </div>
   <div class='ocr_carea' id='block_1_132' title="bbox 1792 4164 3372 4240">
    <p class='ocr_par' dir='ltr' id='par_1_132' title="bbox 1792 4164 3372 4240">
     <span class='ocr_line' id='line_1_132' title="bbox 1792 4164 3372 4240; baseline -0.006 -13"><span class='ocrx_word' id='word_1_1021' title='bbox 1792 4173 1962 4227; x_wconf 92' lang='lat' dir='ltr'><strong>virtus</strong></span> <span class='ocrx_word' id='word_1_1022' title='bbox 1987 4164 2049 4225; x_wconf 57' lang='lat' dir='ltr'><strong>et&#39;</strong></span> <span class='ocrx_word' id='word_1_1023' title='bbox 2086 4172 2317 4240; x_wconf 90' lang='lat' dir='ltr'><strong>potentia</strong></span> <span class='ocrx_word' id='word_1_1024' title='bbox 2347 4166 2744 4240; x_wconf 83' lang='lat' dir='ltr'><strong>appelletur._ln</strong></span> <span class='ocrx_word' id='word_1_1025' title='bbox 2795 4167 2938 4220; x_wconf 89' lang='lat' dir='ltr'><strong>hunc</strong></span> <span class='ocrx_word' id='word_1_1026' title='bbox 2979 4166 3149 4226; x_wconf 88' lang='lat' dir='ltr'><strong>nobis.</strong></span> <span class='ocrx_word' id='word_1_1027' title='bbox 3183 4164 3233 4219; x_wconf 91' lang='lat' dir='ltr'><strong>id</strong></span> <span class='ocrx_word' id='word_1_1028' title='bbox 3260 4174 3372 4240; x_wconf 88' lang='lat' dir='ltr'><strong>est,</strong></span> 
     </span>
    </p>
   </div>
   <div class='ocr_carea' id='block_1_133' title="bbox 1795 4236 3376 4313">
    <p class='ocr_par' dir='ltr' id='par_1_133' title="bbox 1795 4236 3376 4313">
     <span class='ocr_line' id='line_1_133' title="bbox 1795 4236 3376 4313; baseline -0.005 -16"><span class='ocrx_word' id='word_1_1029' title='bbox 1795 4258 1888 4312; x_wconf 90' lang='lat' dir='ltr'><strong>per</strong></span> <span class='ocrx_word' id='word_1_1030' title='bbox 1915 4242 2057 4296; x_wconf 90' lang='lat' dir='ltr'><strong>hunc</strong></span> <span class='ocrx_word' id='word_1_1031' title='bbox 2087 4236 2226 4313; x_wconf 72' lang='lat' dir='ltr'><strong>(non</strong></span> <span class='ocrx_word' id='word_1_1032' title='bbox 2257 4236 2396 4313; x_wconf 83' lang='lat' dir='ltr'><strong>enim</strong></span> <span class='ocrx_word' id='word_1_1033' title='bbox 2417 4236 3009 4313; x_wconf 28' lang='lat' dir='ltr'><strong>perlegislatorem-aut</strong></span> <span class='ocrx_word' id='word_1_1034' title='bbox 3033 4251 3126 4304; x_wconf 91' lang='lat' dir='ltr'><strong>per</strong></span> <span class='ocrx_word' id='word_1_1035' title='bbox 3147 4236 3376 4313; x_wconf 66' lang='lat' dir='ltr'><strong>prophe-</strong></span> 
     </span>
    </p>
   </div>
   <div class='ocr_carea' id='block_1_134' title="bbox 1795 4305 3378 4382">
    <p class='ocr_par' dir='ltr' id='par_1_134' title="bbox 1795 4305 3378 4382">
     <span class='ocr_line' id='line_1_134' title="bbox 1795 4305 3378 4382; baseline -0.005 -16"><span class='ocrx_word' id='word_1_1036' title='bbox 1795 4305 1922 4378; x_wconf 78' lang='lat' dir='ltr'><strong>iam,</strong></span> <span class='ocrx_word' id='word_1_1037' title='bbox 1955 4313 2047 4366; x_wconf 91' lang='lat' dir='ltr'><strong>sed</strong></span> <span class='ocrx_word' id='word_1_1038' title='bbox 2095 4305 2192 4382; x_wconf 84' lang='lat' dir='ltr'><strong>per</strong></span> <span class='ocrx_word' id='word_1_1039' title='bbox 2220 4305 2488 4379; x_wconf 83' lang='lat' dir='ltr'><strong>proprium</strong></span> <span class='ocrx_word' id='word_1_1040' title='bbox 2517 4305 2742 4382; x_wconf 75' lang='lat' dir='ltr'><strong>Filium)</strong></span> <span class='ocrx_word' id='word_1_1041' title='bbox 2773 4306 3023 4382; x_wconf 67' lang='lat' dir='ltr'><strong>auxilium</strong></span> <span class='ocrx_word' id='word_1_1042' title='bbox 3051 4305 3296 4382; x_wconf 77' lang='lat' dir='ltr'><strong>gentibus</strong></span> <span class='ocrx_word' id='word_1_1043' title='bbox 3323 4313 3378 4358; x_wconf 87' lang='lat' dir='ltr'><strong>et</strong></span> 
     </span>
    </p>
   </div>
   <div class='ocr_carea' id='block_1_135' title="bbox 1793 4375 3376 4450">
    <p class='ocr_par' dir='ltr' id='par_1_135' title="bbox 1793 4375 3376 4450">
     <span class='ocr_line' id='line_1_135' title="bbox 1793 4375 3376 4450; baseline -0.006 -13"><span class='ocrx_word' id='word_1_1044' title='bbox 1793 4375 2014 4437; x_wconf 84' lang='lat' dir='ltr'><strong>salutem</strong></span> <span class='ocrx_word' id='word_1_1045' title='bbox 2044 4375 2238 4450; x_wconf 50' lang='lat' dir='ltr'><strong>posuit:</strong></span> <span class='ocrx_word' id='word_1_1046' title='bbox 2263 4375 2377 4448; x_wconf 82' lang='lat' dir='ltr'><strong>Quo</strong></span> <span class='ocrx_word' id='word_1_1047' title='bbox 2396 4389 2571 4434; x_wconf 91' lang='lat' dir='ltr'><strong>autem</strong></span> <span class='ocrx_word' id='word_1_1048' title='bbox 2600 4377 2797 4450; x_wconf 86' lang='lat' dir='ltr'><strong>modo?</strong></span> <span class='ocrx_word' id='word_1_1049' title='bbox 2827 4375 2941 4445; x_wconf 81' lang='lat' dir='ltr'><strong>ipse</strong></span> <span class='ocrx_word' id='word_1_1050' title='bbox 2963 4377 3202 4450; x_wconf 73' lang='lat' dir='ltr'><strong>Psalutus</strong></span> <span class='ocrx_word' id='word_1_1051' title='bbox 3230 4375 3376 4450; x_wconf 71' lang='lat' dir='ltr'><strong>clare</strong></span> 
     </span>
    </p>
   </div>
   <div class='ocr_carea' id='block_1_136' title="bbox 1794 4445 3376 4518">
    <p class='ocr_par' dir='ltr' id='par_1_136' title="bbox 1794 4445 3376 4518">
     <span class='ocr_line' id='line_1_136' title="bbox 1794 4445 3376 4518; baseline -0.007 -10"><span class='ocrx_word' id='word_1_1052' title='bbox 1794 4455 1968 4508; x_wconf 90' lang='lat' dir='ltr'><strong>intulit</strong></span> <span class='ocrx_word' id='word_1_1053' title='bbox 1999 4471 2010 4506; x_wconf 94' lang='lat'>:</span> <span class='ocrx_word' id='word_1_1054' title='bbox 2037 4445 2269 4505; x_wconf 75' lang='lat' dir='ltr'><strong>Exaltavi</strong></span> <span class='ocrx_word' id='word_1_1055' title='bbox 2286 4445 2498 4504; x_wconf 71' lang='lat' dir='ltr'><strong>electum</strong></span> <span class='ocrx_word' id='word_1_1056' title='bbox 2548 4450 2609 4502; x_wconf 85' lang='lat' dir='ltr'><strong>de</strong></span> <span class='ocrx_word' id='word_1_1057' title='bbox 2651 4449 2790 4518; x_wconf 85' lang='lat' dir='ltr'><strong>plebe</strong></span> <span class='ocrx_word' id='word_1_1058' title='bbox 2817 4464 2946 4500; x_wconf 89' lang='lat' dir='ltr'><strong>mea.</strong></span> <span class='ocrx_word' id='word_1_1059' title='bbox 2975 4445 3136 4501; x_wconf 78' lang='lat' dir='ltr'><strong>Vides</strong></span> <span class='ocrx_word' id='word_1_1060' title='bbox 3156 4462 3276 4500; x_wconf 88' lang='lat' dir='ltr'><strong>eum</strong></span> <span class='ocrx_word' id='word_1_1061' title='bbox 3308 4447 3376 4498; x_wconf 92' lang='lat' dir='ltr'><strong>de</strong></span> 
     </span>
    </p>
   </div>
   <div class='ocr_carea' id='block_1_137' title="bbox 1793 4518 3374 4592">
    <p class='ocr_par' dir='ltr' id='par_1_137' title="bbox 1793 4518 3374 4592">
     <span class='ocr_line' id='line_1_137' title="bbox 1793 4518 3374 4592; baseline -0.008 -12"><span class='ocrx_word' id='word_1_1062' title='bbox 1793 4525 2012 4580; x_wconf 83' lang='lat' dir='ltr'><strong>Christo</strong></span> <span class='ocrx_word' id='word_1_1063' title='bbox 2068 4522 2228 4592; x_wconf 90' lang='lat' dir='ltr'><strong>loqui.</strong></span> <span class='ocrx_word' id='word_1_1064' title='bbox 2282 4521 2560 4575; x_wconf 81' lang='lat' dir='ltr'><strong>Exaltatns</strong></span> <span class='ocrx_word' id='word_1_1065' title='bbox 2585 4522 2779 4592; x_wconf 86' lang='lat' dir='ltr'><strong>quippe</strong></span> <span class='ocrx_word' id='word_1_1066' title='bbox 2809 4526 2892 4572; x_wconf 89' lang='lat' dir='ltr'><strong>est</strong></span> <span class='ocrx_word' id='word_1_1067' title='bbox 2921 4519 3193 4592; x_wconf 82' lang='lat' dir='ltr'><strong>in_cruc_e_,</strong></span> <span class='ocrx_word' id='word_1_1068' title='bbox 3235 4526 3286 4592; x_wconf 87' lang='lat' dir='ltr'><strong>et_</strong></span> <span class='ocrx_word' id='word_1_1069' title='bbox 3309 4518 3374 4569; x_wconf 90' lang='lat' dir='ltr'><strong>ad</strong></span> 
     </span>
    </p>
   </div>
   <div class='ocr_carea' id='block_1_138' title="bbox 1793 4587 3378 4657">
    <p class='ocr_par' dir='ltr' id='par_1_138' title="bbox 1793 4587 3378 4657">
     <span class='ocr_line' id='line_1_138' title="bbox 1793 4587 3378 4657; baseline -0.005 -9"><span class='ocrx_word' id='word_1_1070' title='bbox 1793 4611 1853 4650; x_wconf 92' lang='lat' dir='ltr'><strong>se</strong></span> <span class='ocrx_word' id='word_1_1071' title='bbox 1877 4602 2114 4648; x_wconf 89' lang='lat' dir='ltr'><strong>errantes</strong></span> <span class='ocrx_word' id='word_1_1072' title='bbox 2134 4587 2369 4655; x_wconf 78' lang='lat' dir='ltr'><strong>attraxit,</strong></span> <span class='ocrx_word' id='word_1_1073' title='bbox 2405 4607 2524 4644; x_wconf 88' lang='lat' dir='ltr'><strong>cum</strong></span> <span class='ocrx_word' id='word_1_1074' title='bbox 2559 4587 2762 4644; x_wconf 89' lang='lat' dir='ltr'><strong>electus</strong></span> <span class='ocrx_word' id='word_1_1075' title='bbox 2791 4597 2933 4642; x_wconf 88' lang='lat' dir='ltr'><strong>esset</strong></span> <span class='ocrx_word' id='word_1_1076' title='bbox 2961 4588 3028 4640; x_wconf 92' lang='lat' dir='ltr'><strong>de</strong></span> <span class='ocrx_word' id='word_1_1077' title='bbox 3076 4587 3228 4657; x_wconf 86' lang='lat' dir='ltr'><strong>plebe</strong></span> <span class='ocrx_word' id='word_1_1078' title='bbox 3273 4587 3378 4640; x_wconf 86' lang='lat' dir='ltr'><strong>bu-</strong></span> 
     </span>
    </p>
   </div>
   <div class='ocr_carea' id='block_1_139' title="bbox 1796 4657 3375 4734">
    <p class='ocr_par' dir='ltr' id='par_1_139' title="bbox 1796 4657 3375 4734">
     <span class='ocr_line' id='line_1_139' title="bbox 1796 4657 3375 4734; baseline -0.005 -15"><span class='ocrx_word' id='word_1_1079' title='bbox 1796 4665 1935 4719; x_wconf 91' lang='lat' dir='ltr'><strong>mani</strong></span> <span class='ocrx_word' id='word_1_1080' title='bbox 1957 4663 2187 4734; x_wconf 83' lang='lat' dir='ltr'><strong>generis.</strong></span> <span class='ocrx_word' id='word_1_1081' title='bbox 2209 4662 2285 4716; x_wconf 88' lang='lat' dir='ltr'><strong>Ex</strong></span> <span class='ocrx_word' id='word_1_1082' title='bbox 2309 4661 2542 4734; x_wconf 78' lang='lat' dir='ltr'><strong>millibus</strong></span> <span class='ocrx_word' id='word_1_1083' title='bbox 2557 4661 2698 4714; x_wconf 91' lang='lat' dir='ltr'><strong>enim</strong></span> <span class='ocrx_word' id='word_1_1084' title='bbox 2725 4659 2931 4734; x_wconf 79' lang='lat' dir='ltr'><strong>eiectus</strong></span> <span class='ocrx_word' id='word_1_1085' title='bbox 2953 4657 3078 4723; x_wconf 90' lang='lat' dir='ltr'><strong>fuit,</strong></span> <span class='ocrx_word' id='word_1_1086' title='bbox 3107 4669 3164 4734; x_wconf 83' lang='lat' dir='ltr'><strong>u_t</strong></span> <span class='ocrx_word' id='word_1_1087' title='bbox 3183 4657 3375 4730; x_wconf 75' lang='lat' dir='ltr'><strong>dicitur</strong></span> 
     </span>
    </p>
   </div>
   <div class='ocr_carea' id='block_1_140' title="bbox 1796 4727 3380 4804">
    <p class='ocr_par' dir='ltr' id='par_1_140' title="bbox 1796 4727 3380 4804">
     <span class='ocr_line' id='line_1_140' title="bbox 1796 4727 3380 4804; baseline -0.006 -14"><span class='ocrx_word' id='word_1_1088' title='bbox 1796 4738 1847 4790; x_wconf 92' lang='lat' dir='ltr'><strong>in</strong></span> <span class='ocrx_word' id='word_1_1089' title='bbox 1865 4727 2093 4790; x_wconf 68' lang='lat' dir='ltr'><strong>Caritieis</strong></span> <span class='ocrx_word' id='word_1_1090' title='bbox 2115 4733 2264 4804; x_wconf 72' lang='lat' dir='ltr'><strong>(Cap.</strong></span> <span class='ocrx_word' id='word_1_1091' title='bbox 2295 4733 2346 4804; x_wconf 8' lang='lat'><strong>5,.</strong></span> <span class='ocrx_word' id='word_1_1092' title='bbox 2372 4747 2418 4784; x_wconf 88' lang='grc' dir='ltr'>υ.</span> <span class='ocrx_word' id='word_1_1093' title='bbox 2445 4731 2571 4800; x_wconf 88' lang='lat' dir='ltr'><strong>l0):</strong></span> <span class='ocrx_word' id='word_1_1094' title='bbox 2598 4728 3021 4804; x_wconf 82' lang='lat' dir='ltr'><strong>quandoquidem</strong></span> <span class='ocrx_word' id='word_1_1095' title='bbox 3053 4727 3245 4782; x_wconf 79' lang='lat' dir='ltr'><strong>multas</strong></span> <span class='ocrx_word' id='word_1_1096' title='bbox 3269 4743 3380 4804; x_wconf 55' lang='lat' dir='ltr'><strong>prie</strong></span> 
     </span>
    </p>
   </div>
   <div class='ocr_carea' id='block_1_141' title="bbox 1794 4799 3376 4870">
    <p class='ocr_par' dir='ltr' id='par_1_141' title="bbox 1794 4799 3376 4870">
     <span class='ocr_line' id='line_1_141' title="bbox 1794 4799 3376 4870; baseline -0.008 -9"><span class='ocrx_word' id='word_1_1097' title='bbox 1794 4807 1912 4861; x_wconf 91' lang='lat' dir='ltr'><strong>aliis</strong></span> <span class='ocrx_word' id='word_1_1098' title='bbox 1939 4799 2241 4860; x_wconf 82' lang='lat' dir='ltr'><strong>hominibus</strong></span> <span class='ocrx_word' id='word_1_1099' title='bbox 2267 4803 2426 4857; x_wconf 90' lang='lat' dir='ltr'><strong>etiam</strong></span> <span class='ocrx_word' id='word_1_1100' title='bbox 2459 4817 2552 4870; x_wconf 88' lang='lat' dir='ltr'><strong>per</strong></span> <span class='ocrx_word' id='word_1_1101' title='bbox 2595 4815 2811 4854; x_wconf 89' lang='lat' dir='ltr'><strong>carnem</strong></span> <span class='ocrx_word' id='word_1_1102' title='bbox 2855 4799 3039 4852; x_wconf 88' lang='lat' dir='ltr'><strong>habuit</strong></span> <span class='ocrx_word' id='word_1_1103' title='bbox 3065 4799 3376 4868; x_wconf 69' lang='lat' dir='ltr'><strong>praerogati-</strong></span> 
     </span>
    </p>
   </div>
   <div class='ocr_carea' id='block_1_142' title="bbox 1797 4870 3380 4946">
    <p class='ocr_par' dir='ltr' id='par_1_142' title="bbox 1797 4870 3380 4946">
     <span class='ocr_line' id='line_1_142' title="bbox 1797 4870 3380 4946; baseline -0.006 -18"><span class='ocrx_word' id='word_1_1104' title='bbox 1797 4892 1909 4940; x_wconf 89' lang='lat' dir='ltr'><strong>vas,</strong></span> <span class='ocrx_word' id='word_1_1105' title='bbox 1937 4876 2076 4946; x_wconf 85' lang='lat' dir='ltr'><strong>quod</strong></span> <span class='ocrx_word' id='word_1_1106' title='bbox 2105 4891 2170 4946; x_wconf 90' lang='lat' dir='ltr'><strong>e_x</strong></span> <span class='ocrx_word' id='word_1_1107' title='bbox 2199 4875 2403 4946; x_wconf 80' lang='lat' dir='ltr'><strong>virgine</strong></span> <span class='ocrx_word' id='word_1_1108' title='bbox 2430 4879 2772 4946; x_wconf 65' lang='lat' dir='ltr'><strong>natusesset,</strong></span> <span class='ocrx_word' id='word_1_1109' title='bbox 2803 4870 2961 4946; x_wconf 83' lang='lat' dir='ltr'><strong>_qnod</strong></span> <span class='ocrx_word' id='word_1_1110' title='bbox 3011 4881 3224 4939; x_wconf 86' lang='lat' dir='ltr'><strong>peccata</strong></span> <span class='ocrx_word' id='word_1_1111' title='bbox 3274 4883 3380 4920; x_wconf 91' lang='lat' dir='ltr'><strong>non</strong></span> 
     </span>
    </p>
   </div>
   <div class='ocr_carea' id='block_1_143' title="bbox 1796 4939 3378 5011">
    <p class='ocr_par' dir='ltr' id='par_1_143' title="bbox 1796 4939 3378 5011">
     <span class='ocr_line' id='line_1_143' title="bbox 1796 4939 3378 5011; baseline -0.008 -10"><span class='ocrx_word' id='word_1_1112' title='bbox 1796 4939 2039 5011; x_wconf 70' lang='lat' dir='ltr'><strong>haberet,</strong></span> <span class='ocrx_word' id='word_1_1113' title='bbox 2064 4955 2118 5000; x_wconf 90' lang='lat' dir='ltr'><strong>et</strong></span> <span class='ocrx_word' id='word_1_1114' title='bbox 2137 4944 2221 4998; x_wconf 86' lang='lat' dir='ltr'><strong>his</strong></span> <span class='ocrx_word' id='word_1_1115' title='bbox 2241 4939 2452 4997; x_wconf 75' lang='lat' dir='ltr'><strong>siinilia.</strong></span> <span class='ocrx_word' id='word_1_1116' title='bbox 2478 4942 2568 4996; x_wconf 73' lang='grc'>21.</span> <span class='ocrx_word' id='word_1_1117' title='bbox 2589 4939 2766 4994; x_wconf 81' lang='lat' dir='ltr'><strong>Inveni</strong></span> <span class='ocrx_word' id='word_1_1118' title='bbox 2791 4939 2956 4994; x_wconf 85' lang='lat' dir='ltr'><strong>David</strong></span> <span class='ocrx_word' id='word_1_1119' title='bbox 2981 4953 3378 5001; x_wconf 79' lang='lat' dir='ltr'><strong>servummeum,</strong></span> 
     </span>
    </p>
   </div>
   <div class='ocr_carea' id='block_1_144' title="bbox 1795 5016 2561 5073">
    <p class='ocr_par' dir='ltr' id='par_1_144' title="bbox 1795 5016 2561 5073">
     <span class='ocr_line' id='line_1_144' title="bbox 1795 5016 2561 5073; baseline -0.008 -1"><span class='ocrx_word' id='word_1_1120' title='bbox 1795 5020 1904 5073; x_wconf 89' lang='lat' dir='ltr'><strong>oleo</strong></span> <span class='ocrx_word' id='word_1_1121' title='bbox 1928 5026 2102 5072; x_wconf 84' lang='lat' dir='ltr'><strong>sancto</strong></span> <span class='ocrx_word' id='word_1_1122' title='bbox 2141 5031 2249 5068; x_wconf 89' lang='lat' dir='ltr'><strong>meo</strong></span> <span class='ocrx_word' id='word_1_1123' title='bbox 2278 5016 2402 5068; x_wconf 71' lang='grc' dir='ltr'><strong>ωιπὶ</strong></span> <span class='ocrx_word' id='word_1_1124' title='bbox 2429 5030 2561 5068; x_wconf 86' lang='lat' dir='ltr'><strong>eum.</strong></span> 
     </span>
    </p>
   </div>
   <div class='ocr_carea' id='block_1_145' title="bbox 1866 5075 3377 5154">
    <p class='ocr_par' dir='ltr' id='par_1_145' title="bbox 1866 5075 3377 5154">
     <span class='ocr_line' id='line_1_145' title="bbox 1866 5075 3377 5154; baseline -0.007 -12"><span class='ocrx_word' id='word_1_1125' title='bbox 1866 5089 1922 5142; x_wconf 80' lang='grc'>4.</span> <span class='ocrx_word' id='word_1_1126' title='bbox 1961 5087 2094 5142; x_wconf 83' lang='lat' dir='ltr'><strong>Cum</strong></span> <span class='ocrx_word' id='word_1_1127' title='bbox 2153 5100 2310 5154; x_wconf 84' lang='lat' dir='ltr'><strong>supra</strong></span> <span class='ocrx_word' id='word_1_1128' title='bbox 2350 5085 2416 5138; x_wconf 92' lang='lat' dir='ltr'><strong>de</strong></span> <span class='ocrx_word' id='word_1_1129' title='bbox 2455 5083 2668 5154; x_wconf 77' lang='lat' dir='ltr'><strong>Christo</strong></span> <span class='ocrx_word' id='word_1_1130' title='bbox 2719 5082 3121 5154; x_wconf 82' lang='lat' dir='ltr'><strong>prephetasset,</strong></span> <span class='ocrx_word' id='word_1_1131' title='bbox 3175 5077 3260 5132; x_wconf 87' lang='lat' dir='ltr'><strong>hic</strong></span> <span class='ocrx_word' id='word_1_1132' title='bbox 3306 5075 3377 5132; x_wconf 88' lang='lat' dir='ltr'><strong>de</strong></span> 
     </span>
    </p>
   </div>
   <div class='ocr_carea' id='block_1_146' title="bbox 1797 5151 3378 5230">
    <p class='ocr_par' dir='ltr' id='par_1_146' title="bbox 1797 5151 3378 5230">
     <span class='ocr_line' id='line_1_146' title="bbox 1797 5151 3378 5230; baseline -0.008 -16"><span class='ocrx_word' id='word_1_1133' title='bbox 1797 5159 1994 5230; x_wconf 90' lang='lat' dir='ltr'><strong>populo</strong></span> <span class='ocrx_word' id='word_1_1134' title='bbox 2036 5151 2455 5230; x_wconf 33' lang='lat' dir='ltr'><strong>quiAse&#39;cundum</strong></span> <span class='ocrx_word' id='word_1_1135' title='bbox 2497 5153 2771 5230; x_wconf 63' lang='lat' dir='ltr'><strong>Qllrisiuni</strong></span> <span class='ocrx_word' id='word_1_1136' title='bbox 2797 5161 2880 5205; x_wconf 88' lang='lat' dir='ltr'><strong>est</strong></span> <span class='ocrx_word' id='word_1_1137' title='bbox 2904 5151 3048 5204; x_wconf 91' lang='lat' dir='ltr'><strong>clare</strong></span> <span class='ocrx_word' id='word_1_1138' title='bbox 3077 5163 3378 5230; x_wconf 80' lang='lat' dir='ltr'><strong>sermonem</strong></span> 
     </span>
    </p>
   </div>
   <div class='ocr_carea' id='block_1_147' title="bbox 1796 5221 3382 5295">
    <p class='ocr_par' dir='ltr' id='par_1_147' title="bbox 1796 5221 3382 5295">
     <span class='ocr_line' id='line_1_147' title="bbox 1796 5221 3382 5295; baseline -0.008 -11"><span class='ocrx_word' id='word_1_1139' title='bbox 1796 5221 2096 5284; x_wconf 64' lang='lat' dir='ltr'><strong>adumbrat.</strong></span> <span class='ocrx_word' id='word_1_1140' title='bbox 2119 5226 2473 5295; x_wconf 71' lang='lat' dir='ltr'><strong>Quapropter,</strong></span> <span class='ocrx_word' id='word_1_1141' title='bbox 2511 5222 2701 5295; x_wconf 77' lang='lat' dir='ltr'><strong>Inveni,</strong></span> <span class='ocrx_word' id='word_1_1142' title='bbox 2727 5223 2816 5288; x_wconf 92' lang='lat' dir='ltr'><strong>ait,</strong></span> <span class='ocrx_word' id='word_1_1143' title='bbox 2853 5230 3035 5295; x_wconf 77' lang='lat' dir='ltr'><strong>utpote</strong></span> <span class='ocrx_word' id='word_1_1144' title='bbox 3073 5221 3382 5295; x_wconf 69' lang='lat' dir='ltr'><strong>deerrante</strong></span> 
     </span>
    </p>
   </div>
   <div class='ocr_carea' id='block_1_148' title="bbox 1797 5289 3386 5368">
    <p class='ocr_par' dir='ltr' id='par_1_148' title="bbox 1797 5289 3386 5368">
     <span class='ocr_line' id='line_1_148' title="bbox 1797 5289 3386 5368; baseline -0.008 -13"><span class='ocrx_word' id='word_1_1145' title='bbox 1797 5311 1852 5356; x_wconf 91' lang='lat' dir='ltr'><strong>et</strong></span> <span class='ocrx_word' id='word_1_1146' title='bbox 1879 5301 2026 5368; x_wconf 90' lang='lat' dir='ltr'><strong>lapso</strong></span> <span class='ocrx_word' id='word_1_1147' title='bbox 2053 5289 2296 5366; x_wconf 69' lang='lat' dir='ltr'><strong>loquens.</strong></span> <span class='ocrx_word' id='word_1_1148' title='bbox 2324 5289 2434 5349; x_wconf 76' lang='lat' dir='ltr'><strong>Nos</strong></span> <span class='ocrx_word' id='word_1_1149' title='bbox 2459 5289 2600 5348; x_wconf 85' lang='lat' dir='ltr'><strong>enim</strong></span> <span class='ocrx_word' id='word_1_1150' title='bbox 2641 5307 2854 5368; x_wconf 83' lang='lat' dir='ltr'><strong>eramus</strong></span> <span class='ocrx_word' id='word_1_1151' title='bbox 2877 5289 3198 5368; x_wconf 77' lang='lat' dir='ltr'><strong>perditailla</strong></span> <span class='ocrx_word' id='word_1_1152' title='bbox 3218 5297 3273 5344; x_wconf 88' lang='lat' dir='ltr'><strong>et</strong></span> <span class='ocrx_word' id='word_1_1153' title='bbox 3295 5304 3386 5343; x_wconf 87' lang='lat' dir='ltr'><strong>er-</strong></span> 
     </span>
    </p>
   </div>
   <div class='ocr_carea' id='block_1_149' title="bbox 1797 5360 3382 5436">
    <p class='ocr_par' dir='ltr' id='par_1_149' title="bbox 1797 5360 3382 5436">
     <span class='ocr_line' id='line_1_149' title="bbox 1797 5360 3382 5436; baseline -0.009 -10"><span class='ocrx_word' id='word_1_1154' title='bbox 1797 5360 2082 5434; x_wconf 48' lang='lat' dir='ltr'><strong>rans&#39;ovis,</strong></span> <span class='ocrx_word' id='word_1_1155' title='bbox 2109 5360 2270 5436; x_wconf 80' lang='lat' dir='ltr'><strong>quam</strong></span> <span class='ocrx_word' id='word_1_1156' title='bbox 2292 5375 2470 5434; x_wconf 87' lang='lat' dir='ltr'><strong>pastor</strong></span> <span class='ocrx_word' id='word_1_1157' title='bbox 2491 5364 2777 5436; x_wconf 69' lang='lat' dir='ltr'><strong>noriaginta</strong></span> <span class='ocrx_word' id='word_1_1158' title='bbox 2807 5360 2997 5415; x_wconf 83' lang='lat' dir='ltr'><strong>novem</strong></span> <span class='ocrx_word' id='word_1_1159' title='bbox 3032 5360 3232 5415; x_wconf 82' lang='lat' dir='ltr'><strong>relictis</strong></span> <span class='ocrx_word' id='word_1_1160' title='bbox 3259 5374 3382 5428; x_wconf 91' lang='lat' dir='ltr'><strong>per-</strong></span> 
     </span>
    </p>
   </div>
   <div class='ocr_carea' id='block_1_150' title="bbox 1797 5433 3385 5511">
    <p class='ocr_par' dir='ltr' id='par_1_150' title="bbox 1797 5433 3385 5511">
     <span class='ocr_line' id='line_1_150' title="bbox 1797 5433 3385 5511; baseline -0.008 -16"><span class='ocrx_word' id='word_1_1161' title='bbox 1797 5440 2015 5511; x_wconf 90' lang='lat' dir='ltr'><strong>quisivit</strong></span> <span class='ocrx_word' id='word_1_1162' title='bbox 2053 5433 2216 5510; x_wconf 71' lang='lat' dir='ltr'><strong>(Luc.</strong></span> <span class='ocrx_word' id='word_1_1163' title='bbox 2265 5433 2352 5511; x_wconf 45' lang='lat'><strong>1:5:</strong></span> <span class='ocrx_word' id='word_1_1164' title='bbox 2374 5435 2548 5511; x_wconf 70' lang='lat'><strong>_4-_-_6).</strong></span> <span class='ocrx_word' id='word_1_1165' title='bbox 2575 5433 2680 5488; x_wconf 86' lang='lat' dir='ltr'><strong>Sed</strong></span> <span class='ocrx_word' id='word_1_1166' title='bbox 2705 5442 2778 5511; x_wconf 86' lang='lat' dir='ltr'><strong>_et</strong></span> <span class='ocrx_word' id='word_1_1167' title='bbox 2821 5445 3197 5511; x_wconf 42' lang='lat' dir='ltr'><strong>nuncservunm</strong></span> <span class='ocrx_word' id='word_1_1168' title='bbox 3228 5445 3385 5511; x_wconf 73' lang='lat' dir='ltr'><strong>stium</strong></span> 
     </span>
    </p>
   </div>
   <div class='ocr_carea' id='block_1_151' title="bbox 1798 5500 3385 5578">
    <p class='ocr_par' dir='ltr' id='par_1_151' title="bbox 1798 5500 3385 5578">
     <span class='ocr_line' id='line_1_151' title="bbox 1798 5500 3385 5578; baseline -0.008 -12"><span class='ocrx_word' id='word_1_1169' title='bbox 1798 5500 1972 5573; x_wconf 67' lang='lat' dir='ltr'><strong>vocat,</strong></span> <span class='ocrx_word' id='word_1_1170' title='bbox 2007 5500 2190 5578; x_wconf 75' lang='lat' dir='ltr'><strong>utpote</strong></span> <span class='ocrx_word' id='word_1_1171' title='bbox 2216 5500 2638 5578; x_wconf 15' lang='lat' dir='ltr'><strong>quiiidolis&#39;non</strong></span> <span class='ocrx_word' id='word_1_1172' title='bbox 2668 5504 2804 5578; x_wconf 76' lang='lat' dir='ltr'><strong>ultra</strong></span> <span class='ocrx_word' id='word_1_1173' title='bbox 2852 5502 3053 5578; x_wconf 80' lang='lat' dir='ltr'><strong>serviat</strong></span> <span class='ocrx_word' id='word_1_1174' title='bbox 3081 5518 3096 5554; x_wconf 84' lang='lat'><strong>:</strong></span> <span class='ocrx_word' id='word_1_1175' title='bbox 3127 5500 3385 5578; x_wconf 82' lang='lat' dir='ltr'><strong>Davidem</strong></span> 
     </span>
    </p>
   </div>
   <div class='ocr_carea' id='block_1_152' title="bbox 1797 5571 3381 5652">
    <p class='ocr_par' dir='ltr' id='par_1_152' title="bbox 1797 5571 3381 5652">
     <span class='ocr_line' id='line_1_152' title="bbox 1797 5571 3381 5652; baseline -0.007 -16"><span class='ocrx_word' id='word_1_1176' title='bbox 1797 5571 2010 5652; x_wconf 84' lang='lat' dir='ltr'><strong>quoque</strong></span> <span class='ocrx_word' id='word_1_1177' title='bbox 2030 5571 2259 5648; x_wconf 74' lang='lat' dir='ltr'><strong>appellat</strong></span> <span class='ocrx_word' id='word_1_1178' title='bbox 2277 5577 2346 5631; x_wconf 88' lang='lat' dir='ltr'><strong>ob</strong></span> <span class='ocrx_word' id='word_1_1179' title='bbox 2386 5576 2552 5645; x_wconf 91' lang='lat' dir='ltr'><strong>ipsius</strong></span> <span class='ocrx_word' id='word_1_1180' title='bbox 2577 5590 2697 5630; x_wconf 89' lang='lat' dir='ltr'><strong>cum</strong></span> <span class='ocrx_word' id='word_1_1181' title='bbox 2739 5573 2952 5627; x_wconf 76' lang='lat' dir='ltr'><strong>Christo</strong></span> <span class='ocrx_word' id='word_1_1182' title='bbox 2977 5571 3381 5642; x_wconf 88' lang='lat' dir='ltr'><strong>cognationem:</strong></span> 
     </span>
    </p>
   </div>
   <div class='ocr_carea' id='block_1_153' title="bbox 1865 5730 3388 5792">
    <p class='ocr_par' dir='ltr' id='par_1_153' title="bbox 1865 5730 3388 5792">
     <span class='ocr_line' id='line_1_153' title="bbox 1865 5730 3388 5792; baseline -0.008 -7"><span class='ocrx_word' id='word_1_1183' title='bbox 1865 5738 1881 5770; x_wconf 72' lang='grc' dir='ltr'>ί</span> <span class='ocrx_word' id='word_1_1184' title='bbox 1917 5736 1972 5786; x_wconf 89' lang='lat' dir='ltr'><strong>In</strong></span> <span class='ocrx_word' id='word_1_1185' title='bbox 1993 5743 2172 5791; x_wconf 71' lang='lat' dir='ltr'><strong>Graeco,</strong></span> <span class='ocrx_word' id='word_1_1186' title='bbox 2205 5747 2265 5783; x_wconf 58' lang='lat' dir='ltr'><strong>ut</strong></span> <span class='ocrx_word' id='word_1_1187' title='bbox 2293 5745 2317 5792; x_wconf 81' lang='grc' dir='ltr'><strong>ἧ</strong></span> <span class='ocrx_word' id='word_1_1188' title='bbox 2349 5743 2520 5788; x_wconf 70' lang='grc' dir='ltr'><strong>οιιιίυσις</strong></span> <span class='ocrx_word' id='word_1_1189' title='bbox 2551 5744 2668 5791; x_wconf 60' lang='grc' dir='ltr'><strong>πάσης</strong></span> <span class='ocrx_word' id='word_1_1190' title='bbox 2701 5741 2780 5781; x_wconf 66' lang='lat' dir='ltr'><strong>lavi</strong></span> <span class='ocrx_word' id='word_1_1191' title='bbox 2801 5736 3013 5792; x_wconf 58' lang='lat' dir='ltr'><strong>dicuntsic</strong></span> <span class='ocrx_word' id='word_1_1192' title='bbox 3043 5739 3208 5792; x_wconf 58' lang='grc' dir='ltr'><strong>ξτὶοως.</strong></span> <span class='ocrx_word' id='word_1_1193' title='bbox 3247 5730 3388 5775; x_wconf 79' lang='lat' dir='ltr'><strong>Forte</strong></span> 
     </span>
    </p>
   </div>
   <div class='ocr_carea' id='block_1_154' title="bbox 1799 5789 3383 5860">
    <p class='ocr_par' dir='ltr' id='par_1_154' title="bbox 1799 5789 3383 5860">
     <span class='ocr_line' id='line_1_154' title="bbox 1799 5789 3383 5860; baseline -0.006 -10"><span class='ocrx_word' id='word_1_1194' title='bbox 1799 5799 1976 5850; x_wconf 90' lang='lat' dir='ltr'><strong>melius</strong></span> <span class='ocrx_word' id='word_1_1195' title='bbox 1997 5789 2250 5860; x_wconf 82' lang='lat' dir='ltr'><strong>legeretur</strong></span> <span class='ocrx_word' id='word_1_1196' title='bbox 2272 5789 2648 5860; x_wconf 70' lang='lat' dir='ltr'><strong>substantivum,</strong></span> <span class='ocrx_word' id='word_1_1197' title='bbox 2663 5801 2872 5860; x_wconf 45' lang='lat' dir='ltr'><strong>smnus,</strong></span> <span class='ocrx_word' id='word_1_1198' title='bbox 2885 5789 3136 5860; x_wconf 70' lang='lat' dir='ltr'><strong>adjectiyo,</strong></span> <span class='ocrx_word' id='word_1_1199' title='bbox 3153 5795 3383 5860; x_wconf 52' lang='lat' dir='ltr'><strong>its-mai}.</strong></span> 
     </span>
    </p>
   </div>
   <div class='ocr_carea' id='block_1_155' title="bbox 1802 5847 3392 5924">
    <p class='ocr_par' dir='ltr' id='par_1_155' title="bbox 1802 5847 3392 5924">
     <span class='ocr_line' id='line_1_155' title="bbox 1802 5847 3392 5924; baseline -0.008 -13"><span class='ocrx_word' id='word_1_1200' title='bbox 1802 5847 2014 5924; x_wconf 72' lang='lat' dir='ltr'><strong>tuncque</strong></span> <span class='ocrx_word' id='word_1_1201' title='bbox 2038 5847 2216 5908; x_wconf 67' lang='lat' dir='ltr'><strong>sensus</strong></span> <span class='ocrx_word' id='word_1_1202' title='bbox 2239 5865 2392 5916; x_wconf 83' lang='lat' dir='ltr'><strong>esset,</strong></span> <span class='ocrx_word' id='word_1_1203' title='bbox 2427 5855 2568 5917; x_wconf 86' lang='lat' dir='ltr'><strong>cujus</strong></span> <span class='ocrx_word' id='word_1_1204' title='bbox 2591 5847 2896 5918; x_wconf 67' lang='lat' dir='ltr'><strong>familiaritas</strong></span> <span class='ocrx_word' id='word_1_1205' title='bbox 2933 5847 3001 5901; x_wconf 82' lang='lat' dir='ltr'><strong>ést</strong></span> <span class='ocrx_word' id='word_1_1206' title='bbox 3038 5847 3305 5899; x_wconf 82' lang='lat' dir='ltr'><strong>dominium</strong></span> <span class='ocrx_word' id='word_1_1207' title='bbox 3338 5849 3392 5899; x_wconf 81' lang='lat' dir='ltr'><strong>in</strong></span> 
     </span>
    </p>
   </div>
   <div class='ocr_carea' id='block_1_156' title="bbox 1799 5926 2302 5977">
    <p class='ocr_par' dir='ltr' id='par_1_156' title="bbox 1799 5926 2302 5977">
     <span class='ocr_line' id='line_1_156' title="bbox 1799 5926 2302 5977; baseline -0.024 -2"><span class='ocrx_word' id='word_1_1208' title='bbox 1799 5935 1984 5974; x_wconf 75' lang='lat' dir='ltr'><strong>omnem</strong></span> <span class='ocrx_word' id='word_1_1209' title='bbox 2006 5926 2302 5977; x_wconf 73' lang='lat' dir='ltr'><strong>creaturam,</strong></span> 
     </span>
    </p>
   </div>
  </div>
