  <div class='ocr_page' id='page_1' title='image "/cluster/home/n/w/nwhite01/storage/ocr_20150623/55/mdp.39015028539511/746.png"; bbox 0 0 3968 6290; ppageno 0'>
   <div class='ocr_carea' id='block_1_1' title="bbox 177 283 285 343">
    <p class='ocr_par' dir='ltr' id='par_1_1' title="bbox 177 283 285 343">
     <span class='ocr_line' id='line_1_1' title="bbox 177 283 285 343; baseline 0.037 -4"><span class='ocrx_word' id='word_1_1' title='bbox 177 283 285 343; x_wconf 72' lang='lat'><strong>753</strong></span> 
     </span>
    </p>
   </div>
   <div class='ocr_carea' id='block_1_2' title="bbox 175 396 1762 472">
    <p class='ocr_par' dir='ltr' id='par_1_2' title="bbox 175 396 1762 472">
     <span class='ocr_line' id='line_1_2' title="bbox 175 396 1762 472; baseline -0.001 -18"><span class='ocrx_word' id='word_1_2' title='bbox 175 402 450 468; x_wconf 81' lang='lat' dir='ltr'><strong>Dominus,</strong></span> <span class='ocrx_word' id='word_1_3' title='bbox 479 409 526 472; x_wconf 83' lang='lat' dir='ltr'><strong>et</strong></span> <span class='ocrx_word' id='word_1_4' title='bbox 543 414 677 472; x_wconf 80' lang='lat' dir='ltr'><strong>puer</strong></span> <span class='ocrx_word' id='word_1_5' title='bbox 704 410 878 472; x_wconf 62' lang='lat' dir='ltr'><strong>gneus,</strong></span> <span class='ocrx_word' id='word_1_6' title='bbox 891 414 1043 472; x_wconf 80' lang='lat' dir='ltr'><strong>quem</strong></span> <span class='ocrx_word' id='word_1_7' title='bbox 1067 398 1192 470; x_wconf 82' lang='lat' dir='ltr'><strong>elegi</strong></span> <span class='ocrx_word' id='word_1_8' title='bbox 1218 397 1368 472; x_wconf 71' lang='lat' dir='ltr'><strong>(lsai.</strong></span> <span class='ocrx_word' id='word_1_9' title='bbox 1393 399 1484 472; x_wconf 64' lang='lat'><strong>45.</strong></span> <span class='ocrx_word' id='word_1_10' title='bbox 1515 396 1625 472; x_wconf 77' lang='grc'><strong>10).</strong></span> <span class='ocrx_word' id='word_1_11' title='bbox 1655 396 1762 452; x_wconf 89' lang='lat' dir='ltr'><strong>Te-</strong></span> 
     </span>
    </p>
   </div>
   <div class='ocr_carea' id='block_1_3' title="bbox 172 469 1766 542">
    <p class='ocr_par' dir='ltr' id='par_1_3' title="bbox 172 469 1766 542">
     <span class='ocr_line' id='line_1_3' title="bbox 172 469 1766 542; baseline -0.001 -17"><span class='ocrx_word' id='word_1_12' title='bbox 172 473 277 542; x_wconf 74' lang='lat' dir='ltr'><strong>stis</strong></span> <span class='ocrx_word' id='word_1_13' title='bbox 303 484 471 542; x_wconf 15' lang='lat' dir='ltr'><strong>porro;</strong></span> <span class='ocrx_word' id='word_1_14' title='bbox 489 470 664 542; x_wconf 82' lang='lat' dir='ltr'><strong>ﬁdelis</strong></span> <span class='ocrx_word' id='word_1_15' title='bbox 696 470 819 539; x_wconf 87' lang='lat' dir='ltr'><strong>jure</strong></span> <span class='ocrx_word' id='word_1_16' title='bbox 849 469 1130 542; x_wconf 74' lang='lat' dir='ltr'><strong>dicebatur</strong></span> <span class='ocrx_word' id='word_1_17' title='bbox 1144 469 1311 542; x_wconf 28' lang='lat' dir='ltr'><strong>,Mquia</strong></span> <span class='ocrx_word' id='word_1_18' title='bbox 1338 470 1514 542; x_wconf 80' lang='lat' dir='ltr'><strong>verbis</strong></span> <span class='ocrx_word' id='word_1_19' title='bbox 1542 469 1766 542; x_wconf 81' lang='lat' dir='ltr'><strong>operum</strong></span> 
     </span>
    </p>
   </div>
   <div class='ocr_carea' id='block_1_4' title="bbox 172 539 1766 611">
    <p class='ocr_par' dir='ltr' id='par_1_4' title="bbox 172 539 1766 611">
     <span class='ocr_line' id='line_1_4' title="bbox 172 539 1766 611; baseline -0.003 -16"><span class='ocrx_word' id='word_1_20' title='bbox 172 539 341 597; x_wconf 81' lang='lat' dir='ltr'><strong>ﬁdem</strong></span> <span class='ocrx_word' id='word_1_21' title='bbox 372 540 575 595; x_wconf 76' lang='lat' dir='ltr'><strong>addidit</strong></span> <span class='ocrx_word' id='word_1_22' title='bbox 600 557 616 595; x_wconf 88' lang='lat'><strong>:</strong></span> <span class='ocrx_word' id='word_1_23' title='bbox 638 554 824 594; x_wconf 89' lang='lat' dir='ltr'><strong>verum</strong></span> <span class='ocrx_word' id='word_1_24' title='bbox 857 549 981 595; x_wconf 91' lang='lat' dir='ltr'><strong>tunc</strong></span> <span class='ocrx_word' id='word_1_25' title='bbox 1009 540 1189 595; x_wconf 84' lang='lat' dir='ltr'><strong>Davidi</strong></span> <span class='ocrx_word' id='word_1_26' title='bbox 1220 540 1356 611; x_wconf 84' lang='lat' dir='ltr'><strong>Deus</strong></span> <span class='ocrx_word' id='word_1_27' title='bbox 1382 539 1766 611; x_wconf 48' lang='lat' dir='ltr'><strong>pollicebatug,</strong></span> 
     </span>
    </p>
   </div>
   <div class='ocr_carea' id='block_1_5' title="bbox 172 607 1769 678">
    <p class='ocr_par' dir='ltr' id='par_1_5' title="bbox 172 607 1769 678">
     <span class='ocr_line' id='line_1_5' title="bbox 172 607 1769 678; baseline -0.004 -11"><span class='ocrx_word' id='word_1_28' title='bbox 172 627 303 667; x_wconf 88' lang='lat' dir='ltr'><strong>cum</strong></span> <span class='ocrx_word' id='word_1_29' title='bbox 328 626 467 666; x_wconf 70' lang='lat' dir='ltr'><strong>arcae</strong></span> <span class='ocrx_word' id='word_1_30' title='bbox 491 611 706 665; x_wconf 89' lang='lat' dir='ltr'><strong>domum</strong></span> <span class='ocrx_word' id='word_1_31' title='bbox 733 624 991 678; x_wconf 89' lang='lat' dir='ltr'><strong>apparare</strong></span> <span class='ocrx_word' id='word_1_32' title='bbox 1014 611 1266 675; x_wconf 87' lang='lat' dir='ltr'><strong>curabat;</strong></span> <span class='ocrx_word' id='word_1_33' title='bbox 1293 607 1539 666; x_wconf 53' lang='lat' dir='ltr'><strong>sic&#39;enim</strong></span> <span class='ocrx_word' id='word_1_34' title='bbox 1565 610 1640 663; x_wconf 91' lang='lat' dir='ltr'><strong>ait</strong></span> <span class='ocrx_word' id='word_1_35' title='bbox 1663 625 1676 661; x_wconf 92' lang='lat'>:</span> <span class='ocrx_word' id='word_1_36' title='bbox 1702 607 1769 661; x_wconf 84' lang='lat' dir='ltr'><strong>Et</strong></span> 
     </span>
    </p>
   </div>
   <div class='ocr_carea' id='block_1_6' title="bbox 172 681 1770 751">
    <p class='ocr_par' dir='ltr' id='par_1_6' title="bbox 172 681 1770 751">
     <span class='ocr_line' id='line_1_6' title="bbox 172 681 1770 751; baseline -0.004 -13"><span class='ocrx_word' id='word_1_37' title='bbox 172 683 425 739; x_wconf 80' lang='lat' dir='ltr'><strong>suscitabo</strong></span> <span class='ocrx_word' id='word_1_38' title='bbox 466 697 635 735; x_wconf 87' lang='lat' dir='ltr'><strong>semen</strong></span> <span class='ocrx_word' id='word_1_39' title='bbox 672 689 812 733; x_wconf 86' lang='lat' dir='ltr'><strong>tuum</strong></span> <span class='ocrx_word' id='word_1_40' title='bbox 844 690 954 751; x_wconf 83' lang='lat' dir='ltr'><strong>post</strong></span> <span class='ocrx_word' id='word_1_41' title='bbox 991 690 1072 747; x_wconf 86' lang='lat' dir='ltr'><strong>te,</strong></span> <span class='ocrx_word' id='word_1_42' title='bbox 1113 681 1199 751; x_wconf 81' lang='lat' dir='ltr'><strong>qui</strong></span> <span class='ocrx_word' id='word_1_43' title='bbox 1234 681 1517 751; x_wconf 77' lang='lat' dir='ltr'><strong>egredietur</strong></span> <span class='ocrx_word' id='word_1_44' title='bbox 1538 697 1567 734; x_wconf 86' lang='lat' dir='ltr'><strong>e</strong></span> <span class='ocrx_word' id='word_1_45' title='bbox 1603 688 1770 733; x_wconf 80' lang='lat' dir='ltr'><strong>ventre</strong></span> 
     </span>
    </p>
   </div>
   <div class='ocr_carea' id='block_1_7' title="bbox 172 748 1770 835">
    <p class='ocr_par' dir='ltr' id='par_1_7' title="bbox 172 748 1770 835">
     <span class='ocr_line' id='line_1_7' title="bbox 172 748 1770 835; baseline -0.004 -28"><span class='ocrx_word' id='word_1_46' title='bbox 172 763 290 820; x_wconf 70' lang='lat' dir='ltr'><strong>tuo,</strong></span> <span class='ocrx_word' id='word_1_47' title='bbox 306 762 373 835; x_wconf 63' lang='lat' dir='ltr'><strong>et</strong></span> <span class='ocrx_word' id='word_1_48' title='bbox 392 752 688 835; x_wconf 76' lang='lat' dir='ltr'><strong>prteparabo</strong></span> <span class='ocrx_word' id='word_1_49' title='bbox 704 748 931 835; x_wconf 40' lang='lat' dir='ltr'><strong>.regnu&#39;tln</strong></span> <span class='ocrx_word' id='word_1_50' title='bbox 963 753 1075 821; x_wconf 88' lang='lat' dir='ltr'><strong>ejus</strong></span> <span class='ocrx_word' id='word_1_51' title='bbox 1100 748 1253 835; x_wconf 74' lang='lat' dir='ltr'><strong>:ipse</strong></span> <span class='ocrx_word' id='word_1_52' title='bbox 1263 748 1539 834; x_wconf 62' lang='lat' dir='ltr'><strong>ludiﬁcabit</strong></span> <span class='ocrx_word' id='word_1_53' title='bbox 1564 751 1770 835; x_wconf 71' lang='lat' dir='ltr'><strong>domum</strong></span> 
     </span>
    </p>
   </div>
   <div class='ocr_carea' id='block_1_8' title="bbox 171 820 1770 892">
    <p class='ocr_par' dir='ltr' id='par_1_8' title="bbox 171 820 1770 892">
     <span class='ocr_line' id='line_1_8' title="bbox 171 820 1770 892; baseline -0.004 -14"><span class='ocrx_word' id='word_1_54' title='bbox 171 824 373 878; x_wconf 81' lang='lat' dir='ltr'><strong>nonn&#39;ni</strong></span> <span class='ocrx_word' id='word_1_55' title='bbox 396 820 538 887; x_wconf 79' lang='lat' dir='ltr'><strong>meo,</strong></span> <span class='ocrx_word' id='word_1_56' title='bbox 565 830 613 892; x_wconf 83' lang='lat' dir='ltr'><strong>et</strong></span> <span class='ocrx_word' id='word_1_57' title='bbox 644 822 834 892; x_wconf 79' lang='lat' dir='ltr'><strong>erigam</strong></span> <span class='ocrx_word' id='word_1_58' title='bbox 861 820 1097 874; x_wconf 82' lang='lat' dir='ltr'><strong>thronum</strong></span> <span class='ocrx_word' id='word_1_59' title='bbox 1132 820 1240 892; x_wconf 85' lang='lat' dir='ltr'><strong>ejus</strong></span> <span class='ocrx_word' id='word_1_60' title='bbox 1269 837 1430 891; x_wconf 86' lang='lat' dir='ltr'><strong>usque</strong></span> <span class='ocrx_word' id='word_1_61' title='bbox 1450 822 1503 875; x_wconf 88' lang='lat' dir='ltr'><strong>in</strong></span> <span class='ocrx_word' id='word_1_62' title='bbox 1529 820 1770 875; x_wconf 67' lang='lat' dir='ltr'><strong>secutum</strong></span> 
     </span>
    </p>
   </div>
   <div class='ocr_carea' id='block_1_9' title="bbox 171 890 1771 964">
    <p class='ocr_par' dir='ltr' id='par_1_9' title="bbox 171 890 1771 964">
     <span class='ocr_line' id='line_1_9' title="bbox 171 890 1771 964; baseline -0.003 -15"><span class='ocrx_word' id='word_1_63' title='bbox 171 894 195 958; x_wconf 67' lang='grc' dir='ltr'><strong>ί</strong></span> <span class='ocrx_word' id='word_1_64' title='bbox 216 895 274 949; x_wconf 74' lang='lat'><strong>2.</strong></span> <span class='ocrx_word' id='word_1_65' title='bbox 307 895 434 964; x_wconf 79' lang='lat' dir='ltr'><strong>Reg.</strong></span> <span class='ocrx_word' id='word_1_66' title='bbox 467 893 519 946; x_wconf 90' lang='lat'><strong>7.</strong></span> <span class='ocrx_word' id='word_1_67' title='bbox 549 891 637 946; x_wconf 75' lang='grc'><strong>12.</strong></span> <span class='ocrx_word' id='word_1_68' title='bbox 670 890 778 964; x_wconf 66' lang='lat' dir='ltr'><strong>i3)</strong></span> <span class='ocrx_word' id='word_1_69' title='bbox 810 910 825 946; x_wconf 91' lang='lat'><strong>:</strong></span> <span class='ocrx_word' id='word_1_70' title='bbox 851 905 1032 946; x_wconf 86' lang='lat' dir='ltr'><strong><em>semen</em></strong></span> <span class='ocrx_word' id='word_1_71' title='bbox 1063 890 1225 964; x_wconf 68' lang='lat' dir='ltr'><strong>David</strong></span> <span class='ocrx_word' id='word_1_72' title='bbox 1251 890 1520 964; x_wconf 53' lang='lat' dir='ltr'><strong>Christum</strong></span> <span class='ocrx_word' id='word_1_73' title='bbox 1550 897 1771 964; x_wconf 79' lang='lat' dir='ltr'><strong>propter</strong></span> 
     </span>
    </p>
   </div>
   <div class='ocr_carea' id='block_1_10' title="bbox 171 961 1768 1047">
    <p class='ocr_par' dir='ltr' id='par_1_10' title="bbox 171 961 1768 1047">
     <span class='ocr_line' id='line_1_10' title="bbox 171 961 1768 1047; baseline -0.005 -27"><span class='ocrx_word' id='word_1_74' title='bbox 171 961 641 1047; x_wconf 60' lang='lat' dir='ltr'><strong>carnemvocans.</strong></span> <span class='ocrx_word' id='word_1_75' title='bbox 669 961 1006 1047; x_wconf 63' lang='lat' dir='ltr'><strong>Quapropter</strong></span> <span class='ocrx_word' id='word_1_76' title='bbox 1034 962 1112 1016; x_wconf 90' lang='lat' dir='ltr'><strong>sic</strong></span> <span class='ocrx_word' id='word_1_77' title='bbox 1140 961 1420 1047; x_wconf 72' lang='lat' dir='ltr'><strong>Matthmus</strong></span> <span class='ocrx_word' id='word_1_78' title='bbox 1445 961 1768 1047; x_wconf 46' lang='lat' dir='ltr'><strong>&#39;Evan‘gelio;</strong></span> 
     </span>
    </p>
   </div>
   <div class='ocr_carea' id='block_1_11' title="bbox 176 1029 1770 1102">
    <p class='ocr_par' dir='ltr' id='par_1_11' title="bbox 176 1029 1770 1102">
     <span class='ocr_line' id='line_1_11' title="bbox 176 1029 1770 1102; baseline -0.004 -13"><span class='ocrx_word' id='word_1_79' title='bbox 176 1050 299 1089; x_wconf 84' lang='lat' dir='ltr'><strong>rum</strong></span> <span class='ocrx_word' id='word_1_80' title='bbox 338 1034 549 1088; x_wconf 86' lang='lat' dir='ltr'><strong>initium</strong></span> <span class='ocrx_word' id='word_1_81' title='bbox 580 1029 803 1102; x_wconf 77' lang='lat' dir='ltr'><strong>scripsit</strong></span> <span class='ocrx_word' id='word_1_82' title='bbox 838 1049 853 1086; x_wconf 90' lang='lat'><strong>:</strong></span> <span class='ocrx_word' id='word_1_83' title='bbox 891 1029 1402 1102; x_wconf 77' lang='lat' dir='ltr'><strong>Libergenerationis</strong></span> <span class='ocrx_word' id='word_1_84' title='bbox 1430 1029 1770 1102; x_wconf 27' lang='lat' dir='ltr'><strong>JesuAChristi</strong></span> 
     </span>
    </p>
   </div>
   <div class='ocr_carea' id='block_1_12' title="bbox 175 1100 1768 1174">
    <p class='ocr_par' dir='ltr' id='par_1_12' title="bbox 175 1100 1768 1174">
     <span class='ocr_line' id='line_1_12' title="bbox 175 1100 1768 1174; baseline -0.004 -15"><span class='ocrx_word' id='word_1_85' title='bbox 175 1106 278 1173; x_wconf 80' lang='lat' dir='ltr'><strong>ﬁlii</strong></span> <span class='ocrx_word' id='word_1_86' title='bbox 305 1104 474 1159; x_wconf 77' lang='lat' dir='ltr'><strong>David</strong></span> <span class='ocrx_word' id='word_1_87' title='bbox 496 1145 515 1170; x_wconf 86' lang='lat'><strong>,</strong></span> <span class='ocrx_word' id='word_1_88' title='bbox 551 1103 644 1167; x_wconf 78' lang='lat' dir='ltr'><strong>ﬁlii</strong></span> <span class='ocrx_word' id='word_1_89' title='bbox 683 1100 939 1174; x_wconf 66' lang='lat' dir='ltr'><strong>Abraham</strong></span> <span class='ocrx_word' id='word_1_90' title='bbox 965 1103 984 1174; x_wconf 94' lang='lat'>(</span> <span class='ocrx_word' id='word_1_91' title='bbox 1007 1100 1205 1174; x_wconf 68' lang='lat' dir='ltr'><strong>Matth.</strong></span> <span class='ocrx_word' id='word_1_92' title='bbox 1229 1104 1280 1174; x_wconf 77' lang='lat' dir='ltr'><strong>l.</strong></span> <span class='ocrx_word' id='word_1_93' title='bbox 1311 1104 1339 1158; x_wconf 78' lang='grc'><strong>1</strong></span> <span class='ocrx_word' id='word_1_94' title='bbox 1364 1101 1406 1172; x_wconf 92' lang='grc'><strong>).</strong></span> <span class='ocrx_word' id='word_1_95' title='bbox 1439 1103 1518 1158; x_wconf 89' lang='lat' dir='ltr'><strong>De</strong></span> <span class='ocrx_word' id='word_1_96' title='bbox 1551 1100 1768 1174; x_wconf 82' lang='lat' dir='ltr'><strong>Cltristo</strong></span> 
     </span>
    </p>
   </div>
   <div class='ocr_carea' id='block_1_13' title="bbox 326 1172 1770 1242">
    <p class='ocr_par' dir='ltr' id='par_1_13' title="bbox 326 1172 1770 1242">
     <span class='ocr_line' id='line_1_13' title="bbox 326 1172 1770 1242; baseline -0.005 -11"><span class='ocrx_word' id='word_1_97' title='bbox 326 1190 393 1231; x_wconf 78' lang='lat' dir='ltr'><strong>ue</strong></span> <span class='ocrx_word' id='word_1_98' title='bbox 416 1175 492 1229; x_wconf 88' lang='lat' dir='ltr'><strong>ait</strong></span> <span class='ocrx_word' id='word_1_99' title='bbox 510 1173 703 1229; x_wconf 86' lang='lat' dir='ltr'><strong>Paulus</strong></span> <span class='ocrx_word' id='word_1_100' title='bbox 731 1188 744 1226; x_wconf 93' lang='lat'><strong>:</strong></span> <span class='ocrx_word' id='word_1_101' title='bbox 770 1173 849 1227; x_wconf 84' lang='lat' dir='ltr'><strong>De</strong></span> <span class='ocrx_word' id='word_1_102' title='bbox 867 1172 983 1242; x_wconf 79' lang='lat' dir='ltr'><strong>ﬁlio</strong></span> <span class='ocrx_word' id='word_1_103' title='bbox 994 1177 1102 1241; x_wconf 87' lang='lat' dir='ltr'><strong>ejus</strong></span> <span class='ocrx_word' id='word_1_104' title='bbox 1120 1173 1207 1242; x_wconf 86' lang='lat' dir='ltr'><strong>qui</strong></span> <span class='ocrx_word' id='word_1_105' title='bbox 1226 1173 1391 1241; x_wconf 75' lang='lat' dir='ltr'><strong>{actus</strong></span> <span class='ocrx_word' id='word_1_106' title='bbox 1410 1182 1482 1226; x_wconf 77' lang='lat' dir='ltr'><strong>est</strong></span> <span class='ocrx_word' id='word_1_107' title='bbox 1500 1172 1770 1242; x_wconf 13' lang='lat' dir='ltr'><strong>exrsemine</strong></span> 
     </span>
    </p>
   </div>
   <div class='ocr_carea' id='block_1_14' title="bbox 232 1241 1768 1326">
    <p class='ocr_par' dir='ltr' id='par_1_14' title="bbox 232 1241 1768 1326">
     <span class='ocr_line' id='line_1_14' title="bbox 232 1241 1768 1326; baseline -0.004 -27"><span class='ocrx_word' id='word_1_108' title='bbox 379 1244 655 1326; x_wconf 73' lang='lat' dir='ltr'><strong>secundum</strong></span> <span class='ocrx_word' id='word_1_109' title='bbox 683 1260 883 1326; x_wconf 74' lang='lat' dir='ltr'><strong>carnem</strong></span> <span class='ocrx_word' id='word_1_110' title='bbox 912 1244 931 1313; x_wconf 94' lang='lat'><strong>(</strong></span> <span class='ocrx_word' id='word_1_111' title='bbox 955 1243 1105 1297; x_wconf 83' lang='lat' dir='ltr'><strong>Rom.</strong></span> <span class='ocrx_word' id='word_1_112' title='bbox 1133 1241 1188 1300; x_wconf 71' lang='grc'><strong>1.</strong></span> <span class='ocrx_word' id='word_1_113' title='bbox 1217 1245 1251 1299; x_wconf 74' lang='lat'><strong>3</strong></span> <span class='ocrx_word' id='word_1_114' title='bbox 1270 1245 1317 1326; x_wconf 48' lang='grc' dir='ltr'>λ</span> <span class='ocrx_word' id='word_1_115' title='bbox 1346 1243 1528 1326; x_wconf 62' lang='lat' dir='ltr'><strong>Hujus</strong></span> <span class='ocrx_word' id='word_1_116' title='bbox 1546 1241 1768 1326; x_wconf 60' lang='lat' dir='ltr'><strong>thronus</strong></span> 
     </span>
    </p>
   </div>
   <div class='ocr_carea' id='block_1_15' title="bbox 176 1311 1768 1383">
    <p class='ocr_par' dir='ltr' id='par_1_15' title="bbox 176 1311 1768 1383">
     <span class='ocr_line' id='line_1_15' title="bbox 176 1311 1768 1383; baseline -0.003 -13"><span class='ocrx_word' id='word_1_117' title='bbox 176 1319 322 1370; x_wconf 85' lang='lat' dir='ltr'><strong>sicut</strong></span> <span class='ocrx_word' id='word_1_118' title='bbox 348 1316 429 1370; x_wconf 88' lang='lat' dir='ltr'><strong>sol</strong></span> <span class='ocrx_word' id='word_1_119' title='bbox 455 1333 471 1369; x_wconf 89' lang='lat'><strong>:</strong></span> <span class='ocrx_word' id='word_1_120' title='bbox 498 1316 549 1369; x_wconf 92' lang='lat' dir='ltr'><strong>in</strong></span> <span class='ocrx_word' id='word_1_121' title='bbox 579 1315 695 1370; x_wconf 89' lang='lat' dir='ltr'><strong>luce</strong></span> <span class='ocrx_word' id='word_1_122' title='bbox 720 1313 861 1369; x_wconf 92' lang='lat' dir='ltr'><strong>enim</strong></span> <span class='ocrx_word' id='word_1_123' title='bbox 890 1311 1111 1383; x_wconf 80' lang='lat' dir='ltr'><strong>regnum</strong></span> <span class='ocrx_word' id='word_1_124' title='bbox 1141 1311 1395 1381; x_wconf 85' lang='lat' dir='ltr'><strong>possidet.</strong></span> <span class='ocrx_word' id='word_1_125' title='bbox 1423 1311 1529 1370; x_wconf 87' lang='lat' dir='ltr'><strong>Sed</strong></span> <span class='ocrx_word' id='word_1_126' title='bbox 1551 1321 1610 1367; x_wconf 91' lang='lat' dir='ltr'><strong>ut</strong></span> <span class='ocrx_word' id='word_1_127' title='bbox 1634 1311 1768 1366; x_wconf 83' lang='lat' dir='ltr'><strong>nihil</strong></span> 
     </span>
    </p>
   </div>
   <div class='ocr_carea' id='block_1_16' title="bbox 175 1383 1770 1456">
    <p class='ocr_par' dir='ltr' id='par_1_16' title="bbox 175 1383 1770 1456">
     <span class='ocr_line' id='line_1_16' title="bbox 175 1383 1770 1456; baseline -0.004 -15"><span class='ocrx_word' id='word_1_128' title='bbox 175 1388 429 1456; x_wconf 80' lang='lat' dir='ltr'><strong>exiguum</strong></span> <span class='ocrx_word' id='word_1_129' title='bbox 453 1386 520 1440; x_wconf 86' lang='lat' dir='ltr'><strong>de</strong></span> <span class='ocrx_word' id='word_1_130' title='bbox 543 1386 659 1452; x_wconf 88' lang='lat' dir='ltr'><strong>ipso</strong></span> <span class='ocrx_word' id='word_1_131' title='bbox 683 1385 1008 1456; x_wconf 76' lang='lat' dir='ltr'><strong>imagineris,</strong></span> <span class='ocrx_word' id='word_1_132' title='bbox 1031 1383 1231 1456; x_wconf 79' lang='lat' dir='ltr'><strong>adjicit,</strong></span> <span class='ocrx_word' id='word_1_133' title='bbox 1258 1383 1322 1438; x_wconf 90' lang='lat' dir='ltr'><strong>In</strong></span> <span class='ocrx_word' id='word_1_134' title='bbox 1342 1395 1610 1456; x_wconf 81' lang='lat' dir='ltr'><strong>conspectu</strong></span> <span class='ocrx_word' id='word_1_135' title='bbox 1627 1398 1770 1447; x_wconf 87' lang='lat' dir='ltr'><strong>meo;</strong></span> 
     </span>
    </p>
   </div>
   <div class='ocr_carea' id='block_1_17' title="bbox 174 1454 1771 1525">
    <p class='ocr_par' dir='ltr' id='par_1_17' title="bbox 174 1454 1771 1525">
     <span class='ocr_line' id='line_1_17' title="bbox 174 1454 1771 1525; baseline -0.003 -14"><span class='ocrx_word' id='word_1_136' title='bbox 174 1457 236 1511; x_wconf 97' lang='lat' dir='ltr'><strong>id</strong></span> <span class='ocrx_word' id='word_1_137' title='bbox 266 1454 365 1523; x_wconf 80' lang='lat' dir='ltr'><strong>est,</strong></span> <span class='ocrx_word' id='word_1_138' title='bbox 397 1456 617 1525; x_wconf 81' lang='lat' dir='ltr'><strong>:equalis</strong></span> <span class='ocrx_word' id='word_1_139' title='bbox 641 1469 784 1510; x_wconf 89' lang='lat' dir='ltr'><strong>meo.</strong></span> <span class='ocrx_word' id='word_1_140' title='bbox 800 1454 949 1510; x_wconf 35' lang='lat' dir='ltr'><strong>’lllud</strong></span> <span class='ocrx_word' id='word_1_141' title='bbox 978 1454 1121 1510; x_wconf 91' lang='lat' dir='ltr'><strong>enim</strong></span> <span class='ocrx_word' id='word_1_142' title='bbox 1147 1459 1352 1511; x_wconf 64' lang='grc' dir='ltr'><strong>ἐναντιον</strong></span> <span class='ocrx_word' id='word_1_143' title='bbox 1382 1454 1485 1509; x_wconf 89' lang='lat' dir='ltr'><strong>hoc</strong></span> <span class='ocrx_word' id='word_1_144' title='bbox 1507 1456 1624 1509; x_wconf 86' lang='lat' dir='ltr'><strong>loco</strong></span> <span class='ocrx_word' id='word_1_145' title='bbox 1647 1468 1771 1525; x_wconf 77' lang='lat' dir='ltr'><strong>pro~</strong></span> 
     </span>
    </p>
   </div>
   <div class='ocr_carea' id='block_1_18' title="bbox 222 1524 1767 1596">
    <p class='ocr_par' dir='ltr' id='par_1_18' title="bbox 222 1524 1767 1596">
     <span class='ocr_line' id='line_1_18' title="bbox 222 1524 1767 1596; baseline -0.003 -16"><span class='ocrx_word' id='word_1_146' title='bbox 222 1528 344 1582; x_wconf 86' lang='lat' dir='ltr'><strong>beta</strong></span> <span class='ocrx_word' id='word_1_147' title='bbox 386 1524 491 1580; x_wconf 88' lang='lat' dir='ltr'><strong>non</strong></span> <span class='ocrx_word' id='word_1_148' title='bbox 538 1541 633 1594; x_wconf 89' lang='lat' dir='ltr'><strong>pro</strong></span> <span class='ocrx_word' id='word_1_149' title='bbox 674 1525 980 1580; x_wconf 85' lang='lat' dir='ltr'><strong>adversario</strong></span> <span class='ocrx_word' id='word_1_150' title='bbox 1021 1526 1259 1596; x_wconf 84' lang='lat' dir='ltr'><strong>accepit,</strong></span> <span class='ocrx_word' id='word_1_151' title='bbox 1291 1525 1385 1579; x_wconf 89' lang='lat' dir='ltr'><strong>sed</strong></span> <span class='ocrx_word' id='word_1_152' title='bbox 1424 1540 1524 1596; x_wconf 87' lang='lat' dir='ltr'><strong>pro</strong></span> <span class='ocrx_word' id='word_1_153' title='bbox 1557 1524 1767 1594; x_wconf 66' lang='lat' dir='ltr'><strong>aequali.</strong></span> 
     </span>
    </p>
   </div>
   <div class='ocr_carea' id='block_1_19' title="bbox 231 1595 1765 1666">
    <p class='ocr_par' dir='ltr' id='par_1_19' title="bbox 231 1595 1765 1666">
     <span class='ocr_line' id='line_1_19' title="bbox 231 1595 1765 1666; baseline -0.002 -15"><span class='ocrx_word' id='word_1_154' title='bbox 231 1599 391 1652; x_wconf 89' lang='lat' dir='ltr'><strong>tenim</strong></span> <span class='ocrx_word' id='word_1_155' title='bbox 430 1597 518 1651; x_wconf 91' lang='lat' dir='ltr'><strong>ille</strong></span> <span class='ocrx_word' id='word_1_156' title='bbox 548 1598 684 1651; x_wconf 88' lang='lat' dir='ltr'><strong>sicut</strong></span> <span class='ocrx_word' id='word_1_157' title='bbox 709 1596 825 1652; x_wconf 90' lang='lat' dir='ltr'><strong>dies</strong></span> <span class='ocrx_word' id='word_1_158' title='bbox 854 1596 905 1650; x_wconf 90' lang='lat' dir='ltr'><strong>in</strong></span> <span class='ocrx_word' id='word_1_159' title='bbox 936 1595 1189 1650; x_wconf 57' lang='lat' dir='ltr'><strong>sarculum</strong></span> <span class='ocrx_word' id='word_1_160' title='bbox 1219 1595 1455 1666; x_wconf 71' lang='lat' dir='ltr'><strong>paratur.</strong></span> <span class='ocrx_word' id='word_1_161' title='bbox 1503 1595 1765 1666; x_wconf 65' lang='lat' dir='ltr'><strong>Saeculum</strong></span> 
     </span>
    </p>
   </div>
   <div class='ocr_carea' id='block_1_20' title="bbox 173 1665 1769 1738">
    <p class='ocr_par' dir='ltr' id='par_1_20' title="bbox 173 1665 1769 1738">
     <span class='ocr_line' id='line_1_20' title="bbox 173 1665 1769 1738; baseline -0.003 -16"><span class='ocrx_word' id='word_1_162' title='bbox 173 1682 312 1723; x_wconf 79' lang='lat' dir='ltr'><strong>vero</strong></span> <span class='ocrx_word' id='word_1_163' title='bbox 334 1708 351 1735; x_wconf 93' lang='lat'><strong>,</strong></span> <span class='ocrx_word' id='word_1_164' title='bbox 394 1677 449 1721; x_wconf 92' lang='lat' dir='ltr'><strong>ut</strong></span> <span class='ocrx_word' id='word_1_165' title='bbox 483 1682 626 1738; x_wconf 64' lang='lat' dir='ltr'><strong>saepe</strong></span> <span class='ocrx_word' id='word_1_166' title='bbox 649 1667 883 1738; x_wconf 76' lang='lat' dir='ltr'><strong>diximus</strong></span> <span class='ocrx_word' id='word_1_167' title='bbox 906 1708 919 1729; x_wconf 84' lang='lat'><strong>,</strong></span> <span class='ocrx_word' id='word_1_168' title='bbox 951 1676 1104 1738; x_wconf 84' lang='lat' dir='ltr'><strong>vocat</strong></span> <span class='ocrx_word' id='word_1_169' title='bbox 1140 1665 1457 1738; x_wconf 63' lang='lat' dir='ltr'><strong>praesentem</strong></span> <span class='ocrx_word' id='word_1_170' title='bbox 1487 1668 1686 1738; x_wconf 83' lang='lat' dir='ltr'><strong>vitam;</strong></span> <span class='ocrx_word' id='word_1_171' title='bbox 1715 1665 1769 1718; x_wconf 92' lang='lat' dir='ltr'><strong>in</strong></span> 
     </span>
    </p>
   </div>
   <div class='ocr_carea' id='block_1_21' title="bbox 172 1736 1773 1808">
    <p class='ocr_par' dir='ltr' id='par_1_21' title="bbox 172 1736 1773 1808">
     <span class='ocr_line' id='line_1_21' title="bbox 172 1736 1773 1808; baseline -0.002 -16"><span class='ocrx_word' id='word_1_172' title='bbox 172 1754 286 1808; x_wconf 86' lang='lat' dir='ltr'><strong>qua</strong></span> <span class='ocrx_word' id='word_1_173' title='bbox 332 1754 437 1793; x_wconf 91' lang='lat' dir='ltr'><strong>non</strong></span> <span class='ocrx_word' id='word_1_174' title='bbox 485 1736 661 1793; x_wconf 82' lang='lat' dir='ltr'><strong>utsol</strong></span> <span class='ocrx_word' id='word_1_175' title='bbox 687 1780 701 1799; x_wconf 86' lang='lat'><strong>.</strong></span> <span class='ocrx_word' id='word_1_176' title='bbox 734 1737 828 1792; x_wconf 87' lang='lat' dir='ltr'><strong>sed</strong></span> <span class='ocrx_word' id='word_1_177' title='bbox 869 1747 928 1791; x_wconf 94' lang='lat' dir='ltr'><strong>ut</strong></span> <span class='ocrx_word' id='word_1_178' title='bbox 966 1737 1090 1791; x_wconf 91' lang='lat' dir='ltr'><strong>luna</strong></span> <span class='ocrx_word' id='word_1_179' title='bbox 1122 1737 1441 1806; x_wconf 87' lang='lat' dir='ltr'><strong>perﬁcitur:</strong></span> <span class='ocrx_word' id='word_1_180' title='bbox 1472 1752 1594 1791; x_wconf 90' lang='lat' dir='ltr'><strong>nam</strong></span> <span class='ocrx_word' id='word_1_181' title='bbox 1636 1736 1773 1808; x_wconf 83' lang='lat' dir='ltr'><strong>sicut</strong></span> 
     </span>
    </p>
   </div>
   <div class='ocr_carea' id='block_1_22' title="bbox 176 1806 1771 1879">
    <p class='ocr_par' dir='ltr' id='par_1_22' title="bbox 176 1806 1771 1879">
     <span class='ocr_line' id='line_1_22' title="bbox 176 1806 1771 1879; baseline -0.003 -16"><span class='ocrx_word' id='word_1_182' title='bbox 176 1806 308 1879; x_wconf 79' lang='lat' dir='ltr'><strong>luna</strong></span> <span class='ocrx_word' id='word_1_183' title='bbox 336 1809 565 1879; x_wconf 82' lang='lat' dir='ltr'><strong>eclipses</strong></span> <span class='ocrx_word' id='word_1_184' title='bbox 594 1808 849 1875; x_wconf 87' lang='lat' dir='ltr'><strong>quasdam</strong></span> <span class='ocrx_word' id='word_1_185' title='bbox 878 1817 930 1861; x_wconf 91' lang='lat' dir='ltr'><strong>et</strong></span> <span class='ocrx_word' id='word_1_186' title='bbox 957 1808 1339 1862; x_wconf 83' lang='lat' dir='ltr'><strong>conversiones</strong></span> <span class='ocrx_word' id='word_1_187' title='bbox 1377 1808 1574 1879; x_wconf 85' lang='lat' dir='ltr'><strong>habet,</strong></span> <span class='ocrx_word' id='word_1_188' title='bbox 1603 1806 1679 1860; x_wconf 90' lang='lat' dir='ltr'><strong>sie</strong></span> <span class='ocrx_word' id='word_1_189' title='bbox 1718 1815 1771 1879; x_wconf 89' lang='lat' dir='ltr'><strong>et</strong></span> 
     </span>
    </p>
   </div>
   <div class='ocr_carea' id='block_1_23' title="bbox 176 1878 1770 1949">
    <p class='ocr_par' dir='ltr' id='par_1_23' title="bbox 176 1878 1770 1949">
     <span class='ocr_line' id='line_1_23' title="bbox 176 1878 1770 1949; baseline -0.003 -15"><span class='ocrx_word' id='word_1_190' title='bbox 176 1878 383 1934; x_wconf 86' lang='lat' dir='ltr'><strong>Christi</strong></span> <span class='ocrx_word' id='word_1_191' title='bbox 408 1878 573 1949; x_wconf 88' lang='lat' dir='ltr'><strong>gloria</strong></span> <span class='ocrx_word' id='word_1_192' title='bbox 599 1880 651 1933; x_wconf 89' lang='lat' dir='ltr'><strong>in</strong></span> <span class='ocrx_word' id='word_1_193' title='bbox 682 1879 925 1949; x_wconf 63' lang='lat' dir='ltr'><strong>praesenti</strong></span> <span class='ocrx_word' id='word_1_194' title='bbox 947 1879 1083 1948; x_wconf 90' lang='lat' dir='ltr'><strong>apud</strong></span> <span class='ocrx_word' id='word_1_195' title='bbox 1108 1880 1365 1945; x_wconf 87' lang='lat' dir='ltr'><strong>quosdam</strong></span> <span class='ocrx_word' id='word_1_196' title='bbox 1391 1878 1606 1949; x_wconf 79' lang='lat' dir='ltr'><strong>deﬁcit;</strong></span> <span class='ocrx_word' id='word_1_197' title='bbox 1630 1878 1770 1945; x_wconf 85' lang='lat' dir='ltr'><strong>apud</strong></span> 
     </span>
    </p>
   </div>
   <div class='ocr_carea' id='block_1_24' title="bbox 178 1947 1770 2018">
    <p class='ocr_par' dir='ltr' id='par_1_24' title="bbox 178 1947 1770 2018">
     <span class='ocr_line' id='line_1_24' title="bbox 178 1947 1770 2018; baseline -0.003 -16"><span class='ocrx_word' id='word_1_198' title='bbox 178 1950 379 2018; x_wconf 89' lang='lat' dir='ltr'><strong>impios</strong></span> <span class='ocrx_word' id='word_1_199' title='bbox 406 1947 685 2013; x_wconf 79' lang='lat' dir='ltr'><strong>videlicet;</strong></span> <span class='ocrx_word' id='word_1_200' title='bbox 713 1948 853 2016; x_wconf 89' lang='lat' dir='ltr'><strong>apud</strong></span> <span class='ocrx_word' id='word_1_201' title='bbox 880 1947 994 2017; x_wconf 88' lang='lat' dir='ltr'><strong>pios</strong></span> <span class='ocrx_word' id='word_1_202' title='bbox 1014 1960 1190 2005; x_wconf 90' lang='lat' dir='ltr'><strong>autem</strong></span> <span class='ocrx_word' id='word_1_203' title='bbox 1211 1949 1496 2004; x_wconf 80' lang='lat' dir='ltr'><strong>exaltatur.</strong></span> <span class='ocrx_word' id='word_1_204' title='bbox 1520 1947 1770 2017; x_wconf 64' lang='lat' dir='ltr'><strong>Aliquam</strong></span> 
     </span>
    </p>
   </div>
   <div class='ocr_carea' id='block_1_25' title="bbox 177 2018 1771 2090">
    <p class='ocr_par' dir='ltr' id='par_1_25' title="bbox 177 2018 1771 2090">
     <span class='ocr_line' id='line_1_25' title="bbox 177 2018 1771 2090; baseline -0.001 -17"><span class='ocrx_word' id='word_1_205' title='bbox 177 2019 259 2073; x_wconf 92' lang='lat' dir='ltr'><strong>do</strong></span> <span class='ocrx_word' id='word_1_206' title='bbox 302 2020 440 2074; x_wconf 91' lang='lat' dir='ltr'><strong>enim</strong></span> <span class='ocrx_word' id='word_1_207' title='bbox 481 2021 622 2075; x_wconf 87' lang='lat' dir='ltr'><strong>cedit</strong></span> <span class='ocrx_word' id='word_1_208' title='bbox 664 2021 1141 2090; x_wconf 82' lang='lat' dir='ltr'><strong>persequentibus.</strong></span> <span class='ocrx_word' id='word_1_209' title='bbox 1186 2019 1548 2090; x_wconf 86' lang='lat' dir='ltr'><strong>permittitque</strong></span> <span class='ocrx_word' id='word_1_210' title='bbox 1589 2018 1771 2090; x_wconf 84' lang='lat' dir='ltr'><strong>ﬁdeles</strong></span> 
     </span>
    </p>
   </div>
   <div class='ocr_carea' id='block_1_26' title="bbox 177 2088 1768 2158">
    <p class='ocr_par' dir='ltr' id='par_1_26' title="bbox 177 2088 1768 2158">
     <span class='ocr_line' id='line_1_26' title="bbox 177 2088 1768 2158; baseline -0.001 -15"><span class='ocrx_word' id='word_1_211' title='bbox 177 2104 313 2145; x_wconf 87' lang='lat' dir='ltr'><strong>suos</strong></span> <span class='ocrx_word' id='word_1_212' title='bbox 332 2091 586 2153; x_wconf 70' lang='lat' dir='ltr'><strong>vinculis,</strong></span> <span class='ocrx_word' id='word_1_213' title='bbox 612 2088 915 2144; x_wconf 75' lang='lat' dir='ltr'><strong>carceribus</strong></span> <span class='ocrx_word' id='word_1_214' title='bbox 936 2101 988 2143; x_wconf 89' lang='lat' dir='ltr'><strong>et</strong></span> <span class='ocrx_word' id='word_1_215' title='bbox 1015 2091 1170 2144; x_wconf 87' lang='lat' dir='ltr'><strong>morti</strong></span> <span class='ocrx_word' id='word_1_216' title='bbox 1190 2088 1333 2144; x_wconf 89' lang='lat' dir='ltr'><strong>tradi</strong></span> <span class='ocrx_word' id='word_1_217' title='bbox 1362 2108 1375 2144; x_wconf 92' lang='lat'>:</span> <span class='ocrx_word' id='word_1_218' title='bbox 1404 2090 1455 2143; x_wconf 89' lang='lat' dir='ltr'><strong>id</strong></span> <span class='ocrx_word' id='word_1_219' title='bbox 1485 2088 1626 2158; x_wconf 90' lang='lat' dir='ltr'><strong>quod</strong></span> <span class='ocrx_word' id='word_1_220' title='bbox 1652 2089 1768 2158; x_wconf 82' lang='lat' dir='ltr'><strong>glo-</strong></span> 
     </span>
    </p>
   </div>
   <div class='ocr_carea' id='block_1_27' title="bbox 178 2160 1767 2232">
    <p class='ocr_par' dir='ltr' id='par_1_27' title="bbox 178 2160 1767 2232">
     <span class='ocr_line' id='line_1_27' title="bbox 178 2160 1767 2232; baseline -0.002 -18"><span class='ocrx_word' id='word_1_221' title='bbox 178 2162 281 2215; x_wconf 67' lang='lat' dir='ltr'><strong>ria:</strong></span> <span class='ocrx_word' id='word_1_222' title='bbox 325 2161 489 2232; x_wconf 86' lang='lat' dir='ltr'><strong>ipsius</strong></span> <span class='ocrx_word' id='word_1_223' title='bbox 529 2160 757 2216; x_wconf 75' lang='lat' dir='ltr'><strong>defectio</strong></span> <span class='ocrx_word' id='word_1_224' title='bbox 799 2172 1205 2232; x_wconf 72' lang='lat' dir='ltr'><strong>esseputatur;</strong></span> <span class='ocrx_word' id='word_1_225' title='bbox 1238 2160 1538 2232; x_wconf 75' lang='lat' dir='ltr'><strong>aliquando</strong></span> <span class='ocrx_word' id='word_1_226' title='bbox 1580 2162 1767 2232; x_wconf 82' lang='lat' dir='ltr'><strong>iterum</strong></span> 
     </span>
    </p>
   </div>
   <div class='ocr_carea' id='block_1_28' title="bbox 180 2230 1766 2301">
    <p class='ocr_par' dir='ltr' id='par_1_28' title="bbox 180 2230 1766 2301">
     <span class='ocr_line' id='line_1_28' title="bbox 180 2230 1766 2301; baseline -0.001 -17"><span class='ocrx_word' id='word_1_227' title='bbox 180 2230 565 2301; x_wconf 81' lang='lat' dir='ltr'><strong>persequentes</strong></span> <span class='ocrx_word' id='word_1_228' title='bbox 595 2232 882 2298; x_wconf 89' lang='lat' dir='ltr'><strong>derepente</strong></span> <span class='ocrx_word' id='word_1_229' title='bbox 910 2230 1085 2298; x_wconf 81' lang='lat' dir='ltr'><strong>dejicit</strong></span> <span class='ocrx_word' id='word_1_230' title='bbox 1109 2271 1122 2294; x_wconf 93' lang='lat'><strong>,</strong></span> <span class='ocrx_word' id='word_1_231' title='bbox 1152 2239 1208 2284; x_wconf 91' lang='lat' dir='ltr'><strong>et</strong></span> <span class='ocrx_word' id='word_1_232' title='bbox 1236 2231 1286 2284; x_wconf 90' lang='lat' dir='ltr'><strong>in</strong></span> <span class='ocrx_word' id='word_1_233' title='bbox 1316 2241 1518 2285; x_wconf 89' lang='lat' dir='ltr'><strong>tantum</strong></span> <span class='ocrx_word' id='word_1_234' title='bbox 1547 2231 1766 2299; x_wconf 82' lang='lat' dir='ltr'><strong>gloriam</strong></span> 
     </span>
    </p>
   </div>
   <div class='ocr_carea' id='block_1_29' title="bbox 178 2301 1771 2373">
    <p class='ocr_par' dir='ltr' id='par_1_29' title="bbox 178 2301 1771 2373">
     <span class='ocr_line' id='line_1_29' title="bbox 178 2301 1771 2373; baseline 0.002 -19"><span class='ocrx_word' id='word_1_235' title='bbox 178 2316 337 2373; x_wconf 87' lang='lat' dir='ltr'><strong>suam</strong></span> <span class='ocrx_word' id='word_1_236' title='bbox 363 2301 514 2356; x_wconf 83' lang='lat' dir='ltr'><strong>eﬂ&#39;ert</strong></span> <span class='ocrx_word' id='word_1_237' title='bbox 532 2342 547 2366; x_wconf 93' lang='lat'><strong>,</strong></span> <span class='ocrx_word' id='word_1_238' title='bbox 578 2310 635 2355; x_wconf 91' lang='lat' dir='ltr'><strong>ut</strong></span> <span class='ocrx_word' id='word_1_239' title='bbox 658 2316 752 2357; x_wconf 90' lang='lat' dir='ltr'><strong>eos</strong></span> <span class='ocrx_word' id='word_1_240' title='bbox 779 2302 867 2371; x_wconf 90' lang='lat' dir='ltr'><strong>qui</strong></span> <span class='ocrx_word' id='word_1_241' title='bbox 895 2316 990 2369; x_wconf 89' lang='lat' dir='ltr'><strong>pro</strong></span> <span class='ocrx_word' id='word_1_242' title='bbox 1022 2302 1135 2373; x_wconf 76' lang='lat' dir='ltr'><strong>ipso</strong></span> <span class='ocrx_word' id='word_1_243' title='bbox 1156 2304 1464 2373; x_wconf 71' lang='lat' dir='ltr'><strong>martyrium</strong></span> <span class='ocrx_word' id='word_1_244' title='bbox 1493 2304 1771 2357; x_wconf 86' lang='lat' dir='ltr'><strong>subierunt</strong></span> 
     </span>
    </p>
   </div>
   <div class='ocr_carea' id='block_1_30' title="bbox 176 2370 1769 2442">
    <p class='ocr_par' dir='ltr' id='par_1_30' title="bbox 176 2370 1769 2442">
     <span class='ocr_line' id='line_1_30' title="bbox 176 2370 1769 2442; baseline 0.002 -19"><span class='ocrx_word' id='word_1_245' title='bbox 176 2374 286 2442; x_wconf 83' lang='lat' dir='ltr'><strong>ipsi</strong></span> <span class='ocrx_word' id='word_1_246' title='bbox 324 2372 685 2442; x_wconf 81' lang='lat' dir='ltr'><strong>imperatores</strong></span> <span class='ocrx_word' id='word_1_247' title='bbox 729 2370 1067 2427; x_wconf 75' lang='lat' dir='ltr'><strong>venerentur.</strong></span> <span class='ocrx_word' id='word_1_248' title='bbox 1118 2370 1239 2425; x_wconf 89' lang='lat' dir='ltr'><strong>Ideo</strong></span> <span class='ocrx_word' id='word_1_249' title='bbox 1286 2370 1336 2427; x_wconf 84' lang='lat' dir='ltr'><strong>in</strong></span> <span class='ocrx_word' id='word_1_250' title='bbox 1381 2373 1630 2442; x_wconf 67' lang='lat' dir='ltr'><strong>prtesenti</strong></span> <span class='ocrx_word' id='word_1_251' title='bbox 1666 2374 1769 2426; x_wconf 81' lang='lat' dir='ltr'><strong>vita</strong></span> 
     </span>
    </p>
   </div>
   <div class='ocr_carea' id='block_1_31' title="bbox 176 2442 1770 2512">
    <p class='ocr_par' dir='ltr' id='par_1_31' title="bbox 176 2442 1770 2512">
     <span class='ocr_line' id='line_1_31' title="bbox 176 2442 1770 2512; baseline 0 -16"><span class='ocrx_word' id='word_1_252' title='bbox 176 2442 384 2496; x_wconf 73' lang='lat' dir='ltr'><strong>Christi</strong></span> <span class='ocrx_word' id='word_1_253' title='bbox 428 2458 646 2508; x_wconf 83' lang='lat' dir='ltr'><strong>regnum</strong></span> <span class='ocrx_word' id='word_1_254' title='bbox 686 2442 826 2512; x_wconf 68' lang='lat' dir='ltr'><strong>lunae</strong></span> <span class='ocrx_word' id='word_1_255' title='bbox 866 2451 1225 2508; x_wconf 87' lang='lat' dir='ltr'><strong>comparatur.</strong></span> <span class='ocrx_word' id='word_1_256' title='bbox 1275 2443 1571 2512; x_wconf 88' lang='lat' dir='ltr'><strong>Diapsalma</strong></span> <span class='ocrx_word' id='word_1_257' title='bbox 1612 2443 1770 2512; x_wconf 87' lang='lat' dir='ltr'><strong>igitur</strong></span> 
     </span>
    </p>
   </div>
   <div class='ocr_carea' id='block_1_32' title="bbox 178 2511 1769 2582">
    <p class='ocr_par' dir='ltr' id='par_1_32' title="bbox 178 2511 1769 2582">
     <span class='ocr_line' id='line_1_32' title="bbox 178 2511 1769 2582; baseline 0.002 -17"><span class='ocrx_word' id='word_1_258' title='bbox 178 2514 446 2582; x_wconf 86' lang='lat' dir='ltr'><strong>propheta</strong></span> <span class='ocrx_word' id='word_1_259' title='bbox 483 2511 784 2568; x_wconf 86' lang='lat' dir='ltr'><strong>necessario</strong></span> <span class='ocrx_word' id='word_1_260' title='bbox 819 2512 1059 2573; x_wconf 79' lang='lat' dir='ltr'><strong>induxit,</strong></span> <span class='ocrx_word' id='word_1_261' title='bbox 1098 2513 1219 2581; x_wconf 86' lang='lat' dir='ltr'><strong>quia</strong></span> <span class='ocrx_word' id='word_1_262' title='bbox 1261 2511 1384 2568; x_wconf 83' lang='lat' dir='ltr'><strong>cum</strong></span> <span class='ocrx_word' id='word_1_263' title='bbox 1422 2511 1677 2568; x_wconf 82' lang='lat' dir='ltr'><strong>hactenus</strong></span> <span class='ocrx_word' id='word_1_264' title='bbox 1703 2529 1769 2568; x_wconf 76' lang='lat' dir='ltr'><strong>ex</strong></span> 
     </span>
    </p>
   </div>
   <div class='ocr_carea' id='block_1_33' title="bbox 180 2582 1766 2653">
    <p class='ocr_par' dir='ltr' id='par_1_33' title="bbox 180 2582 1766 2653">
     <span class='ocr_line' id='line_1_33' title="bbox 180 2582 1766 2653; baseline -0.001 -16"><span class='ocrx_word' id='word_1_265' title='bbox 180 2597 417 2653; x_wconf 82' lang='lat' dir='ltr'><strong>persona</strong></span> <span class='ocrx_word' id='word_1_266' title='bbox 441 2584 531 2639; x_wconf 91' lang='lat' dir='ltr'><strong>Dei</strong></span> <span class='ocrx_word' id='word_1_267' title='bbox 550 2584 706 2653; x_wconf 69' lang='lat' dir='ltr'><strong>verba</strong></span> <span class='ocrx_word' id='word_1_268' title='bbox 732 2583 1029 2651; x_wconf 84' lang='lat' dir='ltr'><strong>protulerit,</strong></span> <span class='ocrx_word' id='word_1_269' title='bbox 1049 2597 1189 2636; x_wconf 91' lang='lat' dir='ltr'><strong>nunc</strong></span> <span class='ocrx_word' id='word_1_270' title='bbox 1209 2582 1322 2653; x_wconf 88' lang='lat' dir='ltr'><strong>ipse</strong></span> <span class='ocrx_word' id='word_1_271' title='bbox 1339 2584 1573 2638; x_wconf 85' lang='lat' dir='ltr'><strong>vicissim</strong></span> <span class='ocrx_word' id='word_1_272' title='bbox 1601 2585 1766 2638; x_wconf 89' lang='lat' dir='ltr'><strong>Deum</strong></span> 
     </span>
    </p>
   </div>
   <div class='ocr_carea' id='block_1_34' title="bbox 178 2651 1768 2724">
    <p class='ocr_par' dir='ltr' id='par_1_34' title="bbox 178 2651 1768 2724">
     <span class='ocr_line' id='line_1_34' title="bbox 178 2651 1768 2724; baseline 0.001 -18"><span class='ocrx_word' id='word_1_273' title='bbox 178 2651 495 2721; x_wconf 70' lang='lat' dir='ltr'><strong>alloquitur.</strong></span> <span class='ocrx_word' id='word_1_274' title='bbox 523 2655 613 2709; x_wconf 78' lang='lat'><strong>59.</strong></span> <span class='ocrx_word' id='word_1_275' title='bbox 643 2651 720 2706; x_wconf 88' lang='lat' dir='ltr'><strong>Tu</strong></span> <span class='ocrx_word' id='word_1_276' title='bbox 744 2668 859 2724; x_wconf 85' lang='lat' dir='ltr'><strong>vero</strong></span> <span class='ocrx_word' id='word_1_277' title='bbox 886 2654 1124 2724; x_wconf 78' lang='lat' dir='ltr'><strong>repulisti</strong></span> <span class='ocrx_word' id='word_1_278' title='bbox 1140 2662 1185 2706; x_wconf 90' lang='lat' dir='ltr'><strong>et</strong></span> <span class='ocrx_word' id='word_1_279' title='bbox 1211 2651 1497 2723; x_wconf 68' lang='lat' dir='ltr'><strong>despexisti.</strong></span> <span class='ocrx_word' id='word_1_280' title='bbox 1534 2655 1623 2709; x_wconf 89' lang='lat' dir='ltr'><strong>llla</strong></span> <span class='ocrx_word' id='word_1_281' title='bbox 1651 2670 1768 2724; x_wconf 90' lang='lat' dir='ltr'><strong>per-</strong></span> 
     </span>
    </p>
   </div>
   <div class='ocr_carea' id='block_1_35' title="bbox 179 2723 1767 2793">
    <p class='ocr_par' dir='ltr' id='par_1_35' title="bbox 179 2723 1767 2793">
     <span class='ocr_line' id='line_1_35' title="bbox 179 2723 1767 2793; baseline 0.001 -16"><span class='ocrx_word' id='word_1_282' title='bbox 179 2738 438 2778; x_wconf 88' lang='lat' dir='ltr'><strong>sonarum</strong></span> <span class='ocrx_word' id='word_1_283' title='bbox 463 2725 684 2779; x_wconf 89' lang='lat' dir='ltr'><strong>mutatio</strong></span> <span class='ocrx_word' id='word_1_284' title='bbox 706 2723 1058 2793; x_wconf 83' lang='lat' dir='ltr'><strong>simpliciores</strong></span> <span class='ocrx_word' id='word_1_285' title='bbox 1078 2723 1457 2793; x_wconf 71' lang='lat' dir='ltr'><strong>obstupefacit;</strong></span> <span class='ocrx_word' id='word_1_286' title='bbox 1480 2726 1568 2780; x_wconf 88' lang='lat' dir='ltr'><strong>illa</strong></span> <span class='ocrx_word' id='word_1_287' title='bbox 1593 2723 1767 2780; x_wconf 86' lang='lat' dir='ltr'><strong>tamen</strong></span> 
     </span>
    </p>
   </div>
   <div class='ocr_carea' id='block_1_36' title="bbox 180 2793 1769 2864">
    <p class='ocr_par' dir='ltr' id='par_1_36' title="bbox 180 2793 1769 2864">
     <span class='ocr_line' id='line_1_36' title="bbox 180 2793 1769 2864; baseline 0.003 -16"><span class='ocrx_word' id='word_1_288' title='bbox 180 2793 463 2848; x_wconf 80' lang='lat' dir='ltr'><strong>familiaris</strong></span> <span class='ocrx_word' id='word_1_289' title='bbox 492 2805 575 2849; x_wconf 86' lang='lat' dir='ltr'><strong>est</strong></span> <span class='ocrx_word' id='word_1_290' title='bbox 607 2794 787 2849; x_wconf 87' lang='lat' dir='ltr'><strong>Davidi</strong></span> <span class='ocrx_word' id='word_1_291' title='bbox 815 2835 831 2857; x_wconf 89' lang='lat'><strong>,</strong></span> <span class='ocrx_word' id='word_1_292' title='bbox 867 2794 987 2860; x_wconf 89' lang='lat' dir='ltr'><strong>quia</strong></span> <span class='ocrx_word' id='word_1_293' title='bbox 1026 2809 1187 2849; x_wconf 87' lang='lat' dir='ltr'><strong>scena</strong></span> <span class='ocrx_word' id='word_1_294' title='bbox 1226 2811 1382 2864; x_wconf 88' lang='lat' dir='ltr'><strong>quam</strong></span> <span class='ocrx_word' id='word_1_295' title='bbox 1415 2797 1690 2862; x_wconf 85' lang='lat' dir='ltr'><strong>psalleu’do</strong></span> <span class='ocrx_word' id='word_1_296' title='bbox 1715 2807 1769 2852; x_wconf 90' lang='lat' dir='ltr'><strong>et</strong></span> 
     </span>
    </p>
   </div>
   <div class='ocr_carea' id='block_1_37' title="bbox 184 2864 1770 2934">
    <p class='ocr_par' dir='ltr' id='par_1_37' title="bbox 184 2864 1770 2934">
     <span class='ocr_line' id='line_1_37' title="bbox 184 2864 1770 2934; baseline 0.002 -16"><span class='ocrx_word' id='word_1_297' title='bbox 184 2864 451 2918; x_wconf 87' lang='lat' dir='ltr'><strong>citharam</strong></span> <span class='ocrx_word' id='word_1_298' title='bbox 482 2864 737 2934; x_wconf 87' lang='lat' dir='ltr'><strong>pulsando</strong></span> <span class='ocrx_word' id='word_1_299' title='bbox 762 2865 1054 2930; x_wconf 87' lang='lat' dir='ltr'><strong>constituit,</strong></span> <span class='ocrx_word' id='word_1_300' title='bbox 1085 2865 1206 2918; x_wconf 88' lang='lat' dir='ltr'><strong>huic</strong></span> <span class='ocrx_word' id='word_1_301' title='bbox 1229 2866 1512 2920; x_wconf 87' lang='lat' dir='ltr'><strong>admodum</strong></span> <span class='ocrx_word' id='word_1_302' title='bbox 1543 2882 1770 2922; x_wconf 83' lang='lat' dir='ltr'><strong>consen-</strong></span> 
     </span>
    </p>
   </div>
   <div class='ocr_carea' id='block_1_38' title="bbox 182 2934 1769 3005">
    <p class='ocr_par' dir='ltr' id='par_1_38' title="bbox 182 2934 1769 3005">
     <span class='ocr_line' id='line_1_38' title="bbox 182 2934 1769 3005; baseline 0.003 -16"><span class='ocrx_word' id='word_1_303' title='bbox 182 2944 343 2989; x_wconf 90' lang='lat' dir='ltr'><strong>tanea</strong></span> <span class='ocrx_word' id='word_1_304' title='bbox 365 2945 465 2991; x_wconf 91' lang='lat' dir='ltr'><strong>est.</strong></span> <span class='ocrx_word' id='word_1_305' title='bbox 493 2935 757 2991; x_wconf 66' lang='lat' dir='ltr'><strong>Caeterum</strong></span> <span class='ocrx_word' id='word_1_306' title='bbox 779 2934 1068 3005; x_wconf 18' lang='lat' dir='ltr'><strong>datasiillas</strong></span> <span class='ocrx_word' id='word_1_307' title='bbox 1093 2937 1472 3003; x_wconf 89' lang='lat' dir='ltr'><strong>promissiones</strong></span> <span class='ocrx_word' id='word_1_308' title='bbox 1493 2937 1558 2991; x_wconf 91' lang='lat' dir='ltr'><strong>ad</strong></span> <span class='ocrx_word' id='word_1_309' title='bbox 1584 2947 1769 3005; x_wconf 77' lang='lat' dir='ltr'><strong>gentes</strong></span> 
     </span>
    </p>
   </div>
   <div class='ocr_carea' id='block_1_39' title="bbox 182 3003 1767 3077">
    <p class='ocr_par' dir='ltr' id='par_1_39' title="bbox 182 3003 1767 3077">
     <span class='ocr_line' id='line_1_39' title="bbox 182 3003 1767 3077; baseline 0.003 -19"><span class='ocrx_word' id='word_1_310' title='bbox 182 3013 433 3077; x_wconf 85' lang='lat' dir='ltr'><strong>spectare</strong></span> <span class='ocrx_word' id='word_1_311' title='bbox 451 3048 467 3072; x_wconf 88' lang='lat'><strong>,</strong></span> <span class='ocrx_word' id='word_1_312' title='bbox 499 3023 602 3077; x_wconf 85' lang='lat' dir='ltr'><strong>non</strong></span> <span class='ocrx_word' id='word_1_313' title='bbox 631 3015 804 3060; x_wconf 90' lang='lat' dir='ltr'><strong>autem</strong></span> <span class='ocrx_word' id='word_1_314' title='bbox 831 3003 1160 3077; x_wconf 31' lang='lat' dir='ltr'><strong>ad‘Judaeos,</strong></span> <span class='ocrx_word' id='word_1_315' title='bbox 1186 3021 1251 3060; x_wconf 83' lang='lat' dir='ltr'><strong>ex</strong></span> <span class='ocrx_word' id='word_1_316' title='bbox 1282 3008 1344 3061; x_wconf 90' lang='lat' dir='ltr'><strong>iis</strong></span> <span class='ocrx_word' id='word_1_317' title='bbox 1373 3023 1493 3077; x_wconf 75' lang='lat' dir='ltr'><strong>qua:</strong></span> <span class='ocrx_word' id='word_1_318' title='bbox 1520 3003 1660 3062; x_wconf 89' lang='lat' dir='ltr'><strong>nunc</strong></span> <span class='ocrx_word' id='word_1_319' title='bbox 1684 3009 1767 3063; x_wconf 90' lang='lat' dir='ltr'><strong>di-</strong></span> 
     </span>
    </p>
   </div>
   <div class='ocr_carea' id='block_1_40' title="bbox 181 3074 1768 3146">
    <p class='ocr_par' dir='ltr' id='par_1_40' title="bbox 181 3074 1768 3146">
     <span class='ocr_line' id='line_1_40' title="bbox 181 3074 1768 3146; baseline 0.003 -17"><span class='ocrx_word' id='word_1_320' title='bbox 181 3086 383 3146; x_wconf 87' lang='lat' dir='ltr'><strong>cuntur</strong></span> <span class='ocrx_word' id='word_1_321' title='bbox 414 3075 667 3146; x_wconf 85' lang='lat' dir='ltr'><strong>liquidum</strong></span> <span class='ocrx_word' id='word_1_322' title='bbox 706 3084 788 3131; x_wconf 85' lang='lat' dir='ltr'><strong>est</strong></span> <span class='ocrx_word' id='word_1_323' title='bbox 829 3092 842 3129; x_wconf 92' lang='lat'><strong>:</strong></span> <span class='ocrx_word' id='word_1_324' title='bbox 884 3074 1013 3130; x_wconf 89' lang='lat' dir='ltr'><strong>dicit</strong></span> <span class='ocrx_word' id='word_1_325' title='bbox 1049 3078 1190 3130; x_wconf 88' lang='lat' dir='ltr'><strong>enim</strong></span> <span class='ocrx_word' id='word_1_326' title='bbox 1233 3074 1679 3146; x_wconf 59' lang='lat' dir='ltr'><strong>illunfrepulisse</strong></span> <span class='ocrx_word' id='word_1_327' title='bbox 1716 3091 1768 3135; x_wconf 91' lang='lat' dir='ltr'><strong>et</strong></span> 
     </span>
    </p>
   </div>
   <div class='ocr_carea' id='block_1_41' title="bbox 182 3145 1765 3220">
    <p class='ocr_par' dir='ltr' id='par_1_41' title="bbox 182 3145 1765 3220">
     <span class='ocr_line' id='line_1_41' title="bbox 182 3145 1765 3220; baseline 0.005 -22"><span class='ocrx_word' id='word_1_328' title='bbox 182 3145 504 3220; x_wconf 68' lang='lat' dir='ltr'><strong>despexisse</strong></span> <span class='ocrx_word' id='word_1_329' title='bbox 525 3147 830 3220; x_wconf 68' lang='lat' dir='ltr'><strong>Judteorum</strong></span> <span class='ocrx_word' id='word_1_330' title='bbox 855 3146 1112 3220; x_wconf 81' lang='lat' dir='ltr'><strong>pupulum</strong></span> <span class='ocrx_word' id='word_1_331' title='bbox 1133 3188 1147 3211; x_wconf 92' lang='lat'><strong>,</strong></span> <span class='ocrx_word' id='word_1_332' title='bbox 1178 3147 1227 3199; x_wconf 90' lang='lat' dir='ltr'><strong>id</strong></span> <span class='ocrx_word' id='word_1_333' title='bbox 1256 3159 1375 3220; x_wconf 84' lang='lat' dir='ltr'><strong>est,</strong></span> <span class='ocrx_word' id='word_1_334' title='bbox 1403 3145 1727 3220; x_wconf 85' lang='lat' dir='ltr'><strong>vilipendcre</strong></span> <span class='ocrx_word' id='word_1_335' title='bbox 1749 3190 1765 3206; x_wconf 94' lang='lat'><strong>.</strong></span> 
     </span>
    </p>
   </div>
   <div class='ocr_carea' id='block_1_42' title="bbox 183 3216 1767 3289">
    <p class='ocr_par' dir='ltr' id='par_1_42' title="bbox 183 3216 1767 3289">
     <span class='ocr_line' id='line_1_42' title="bbox 183 3216 1767 3289; baseline 0.004 -20"><span class='ocrx_word' id='word_1_336' title='bbox 183 3224 244 3269; x_wconf 86' lang='lat' dir='ltr'><strong>et</strong></span> <span class='ocrx_word' id='word_1_337' title='bbox 285 3216 431 3271; x_wconf 92' lang='lat' dir='ltr'><strong>nullo</strong></span> <span class='ocrx_word' id='word_1_338' title='bbox 458 3218 672 3289; x_wconf 83' lang='lat' dir='ltr'><strong>dignum</strong></span> <span class='ocrx_word' id='word_1_339' title='bbox 712 3218 1036 3289; x_wconf 71' lang='lat' dir='ltr'><strong>e_!t_istimare.</strong></span> <span class='ocrx_word' id='word_1_340' title='bbox 1080 3218 1205 3289; x_wconf 77' lang='lat' dir='ltr'><strong>Qua</strong></span> <span class='ocrx_word' id='word_1_341' title='bbox 1231 3219 1474 3272; x_wconf 85' lang='lat' dir='ltr'><strong>ratione?</strong></span> <span class='ocrx_word' id='word_1_342' title='bbox 1498 3216 1646 3273; x_wconf 55' lang='lat' dir='ltr'><strong>&#39;Audi</strong></span> <span class='ocrx_word' id='word_1_343' title='bbox 1678 3236 1767 3276; x_wconf 90' lang='lat' dir='ltr'><strong>se-</strong></span> 
     </span>
    </p>
   </div>
   <div class='ocr_carea' id='block_1_43' title="bbox 182 3286 1765 3360">
    <p class='ocr_par' dir='ltr' id='par_1_43' title="bbox 182 3286 1765 3360">
     <span class='ocr_line' id='line_1_43' title="bbox 182 3286 1765 3360; baseline 0.004 -20"><span class='ocrx_word' id='word_1_344' title='bbox 182 3289 400 3360; x_wconf 81' lang='lat' dir='ltr'><strong>quentia</strong></span> <span class='ocrx_word' id='word_1_345' title='bbox 421 3304 434 3341; x_wconf 92' lang='lat'><strong>:</strong></span> <span class='ocrx_word' id='word_1_346' title='bbox 453 3286 703 3342; x_wconf 81' lang='lat' dir='ltr'><strong>Distulisti</strong></span> <span class='ocrx_word' id='word_1_347' title='bbox 723 3286 978 3360; x_wconf 76' lang='lat' dir='ltr'><strong>Christum</strong></span> <span class='ocrx_word' id='word_1_348' title='bbox 998 3296 1154 3360; x_wconf 82' lang='lat' dir='ltr'><strong>tuum.</strong></span> <span class='ocrx_word' id='word_1_349' title='bbox 1178 3288 1302 3357; x_wconf 87' lang='lat' dir='ltr'><strong>Ejus</strong></span> <span class='ocrx_word' id='word_1_350' title='bbox 1322 3304 1551 3360; x_wconf 89' lang='lat' dir='ltr'><strong>namque</strong></span> <span class='ocrx_word' id='word_1_351' title='bbox 1568 3291 1765 3346; x_wconf 86' lang='lat' dir='ltr'><strong>adven-</strong></span> 
     </span>
    </p>
   </div>
   <div class='ocr_carea' id='block_1_44' title="bbox 184 3357 1765 3432">
    <p class='ocr_par' dir='ltr' id='par_1_44' title="bbox 184 3357 1765 3432">
     <span class='ocr_line' id='line_1_44' title="bbox 184 3357 1765 3432; baseline 0.006 -22"><span class='ocrx_word' id='word_1_352' title='bbox 184 3367 300 3411; x_wconf 85' lang='lat' dir='ltr'><strong>tum</strong></span> <span class='ocrx_word' id='word_1_353' title='bbox 327 3358 393 3412; x_wconf 91' lang='lat' dir='ltr'><strong>ad</strong></span> <span class='ocrx_word' id='word_1_354' title='bbox 415 3369 619 3432; x_wconf 81' lang='lat' dir='ltr'><strong>tempus</strong></span> <span class='ocrx_word' id='word_1_355' title='bbox 640 3358 903 3432; x_wconf 83' lang='lat' dir='ltr'><strong>quoddam</strong></span> <span class='ocrx_word' id='word_1_356' title='bbox 926 3357 1154 3432; x_wconf 75' lang='lat' dir='ltr'><strong>diStuIit,</strong></span> <span class='ocrx_word' id='word_1_357' title='bbox 1187 3368 1366 3432; x_wconf 80' lang='lat' dir='ltr'><strong>utpote</strong></span> <span class='ocrx_word' id='word_1_358' title='bbox 1390 3357 1509 3432; x_wconf 77' lang='lat' dir='ltr'><strong>enin</strong></span> <span class='ocrx_word' id='word_1_359' title='bbox 1535 3362 1630 3432; x_wconf 89' lang='lat' dir='ltr'><strong>ipsi</strong></span> <span class='ocrx_word' id='word_1_360' title='bbox 1659 3379 1765 3419; x_wconf 93' lang='lat' dir='ltr'><strong>non</strong></span> 
     </span>
    </p>
   </div>
   <div class='ocr_carea' id='block_1_45' title="bbox 178 3428 1766 3499">
    <p class='ocr_par' dir='ltr' id='par_1_45' title="bbox 178 3428 1766 3499">
     <span class='ocr_line' id='line_1_45' title="bbox 178 3428 1766 3499; baseline 0.003 -16"><span class='ocrx_word' id='word_1_361' title='bbox 178 3438 373 3484; x_wconf 82' lang='lat' dir='ltr'><strong>essent</strong></span> <span class='ocrx_word' id='word_1_362' title='bbox 408 3430 552 3499; x_wconf 72' lang='lat' dir='ltr'><strong>digni</strong></span> <span class='ocrx_word' id='word_1_363' title='bbox 582 3439 634 3483; x_wconf 82' lang='lat' dir='ltr'><strong>et</strong></span> <span class='ocrx_word' id='word_1_364' title='bbox 662 3428 839 3498; x_wconf 84' lang='lat' dir='ltr'><strong>parati</strong></span> <span class='ocrx_word' id='word_1_365' title='bbox 875 3428 940 3499; x_wconf 85' lang='lat' dir='ltr'><strong>ad</strong></span> <span class='ocrx_word' id='word_1_366' title='bbox 974 3428 1362 3498; x_wconf 81' lang='lat' dir='ltr'><strong>accipiendum.</strong></span> <span class='ocrx_word' id='word_1_367' title='bbox 1399 3428 1515 3484; x_wconf 89' lang='lat' dir='ltr'><strong>Non</strong></span> <span class='ocrx_word' id='word_1_368' title='bbox 1548 3428 1648 3488; x_wconf 83' lang='lat' dir='ltr'><strong>hoc</strong></span> <span class='ocrx_word' id='word_1_369' title='bbox 1675 3448 1766 3487; x_wconf 89' lang='lat' dir='ltr'><strong>so-</strong></span> 
     </span>
    </p>
   </div>
   <div class='ocr_carea' id='block_1_46' title="bbox 177 3498 1763 3569">
    <p class='ocr_par' dir='ltr' id='par_1_46' title="bbox 177 3498 1763 3569">
     <span class='ocr_line' id='line_1_46' title="bbox 177 3498 1763 3569; baseline 0.003 -16"><span class='ocrx_word' id='word_1_370' title='bbox 177 3500 458 3554; x_wconf 90' lang='lat' dir='ltr'><strong>lummodo</strong></span> <span class='ocrx_word' id='word_1_371' title='bbox 473 3498 781 3554; x_wconf 80' lang='lat' dir='ltr'><strong>dilationem</strong></span> <span class='ocrx_word' id='word_1_372' title='bbox 798 3508 851 3552; x_wconf 85' lang='lat' dir='ltr'><strong>et</strong></span> <span class='ocrx_word' id='word_1_373' title='bbox 865 3498 1168 3553; x_wconf 76' lang='lat' dir='ltr'><strong>.Iudzeurum</strong></span> <span class='ocrx_word' id='word_1_374' title='bbox 1186 3500 1493 3566; x_wconf 86' lang='lat' dir='ltr'><strong>despectum</strong></span> <span class='ocrx_word' id='word_1_375' title='bbox 1511 3502 1763 3569; x_wconf 88' lang='lat' dir='ltr'><strong>declarat,</strong></span> 
     </span>
    </p>
   </div>
   <div class='ocr_carea' id='block_1_47' title="bbox 178 3569 1766 3640">
    <p class='ocr_par' dir='ltr' id='par_1_47' title="bbox 178 3569 1766 3640">
     <span class='ocr_line' id='line_1_47' title="bbox 178 3569 1766 3640; baseline 0.001 -14"><span class='ocrx_word' id='word_1_376' title='bbox 178 3570 279 3626; x_wconf 83' lang='lat' dir='ltr'><strong>sed</strong></span> <span class='ocrx_word' id='word_1_377' title='bbox 308 3572 467 3625; x_wconf 85' lang='lat' dir='ltr'><strong>etiam</strong></span> <span class='ocrx_word' id='word_1_378' title='bbox 492 3584 553 3624; x_wconf 90' lang='lat' dir='ltr'><strong>ea</strong></span> <span class='ocrx_word' id='word_1_379' title='bbox 575 3586 692 3640; x_wconf 77' lang='lat' dir='ltr'><strong>qua:</strong></span> <span class='ocrx_word' id='word_1_380' title='bbox 713 3579 1029 3640; x_wconf 86' lang='lat' dir='ltr'><strong>sequuntur.</strong></span> <span class='ocrx_word' id='word_1_381' title='bbox 1054 3569 1142 3623; x_wconf 74' lang='grc'><strong>40.</strong></span> <span class='ocrx_word' id='word_1_382' title='bbox 1169 3569 1401 3623; x_wconf 78' lang='lat' dir='ltr'><strong>Evertiin</strong></span> <span class='ocrx_word' id='word_1_383' title='bbox 1422 3579 1766 3628; x_wconf 76' lang='lat' dir='ltr'><strong>testamentum</strong></span> 
     </span>
    </p>
   </div>
   <div class='ocr_carea' id='block_1_48' title="bbox 176 3641 1766 3711">
    <p class='ocr_par' dir='ltr' id='par_1_48' title="bbox 176 3641 1766 3711">
     <span class='ocr_line' id='line_1_48' title="bbox 176 3641 1766 3711; baseline 0.002 -16"><span class='ocrx_word' id='word_1_384' title='bbox 176 3642 312 3695; x_wconf 82' lang='lat' dir='ltr'><strong>serui</strong></span> <span class='ocrx_word' id='word_1_385' title='bbox 340 3642 431 3695; x_wconf 88' lang='lat' dir='ltr'><strong>tui.</strong></span> <span class='ocrx_word' id='word_1_386' title='bbox 462 3641 614 3706; x_wconf 84' lang='lat' dir='ltr'><strong>Quod</strong></span> <span class='ocrx_word' id='word_1_387' title='bbox 644 3649 1015 3695; x_wconf 88' lang='lat' dir='ltr'><strong>testamentum</strong></span> <span class='ocrx_word' id='word_1_388' title='bbox 1036 3682 1050 3704; x_wconf 89' lang='lat'><strong>,</strong></span> <span class='ocrx_word' id='word_1_389' title='bbox 1080 3650 1171 3695; x_wconf 91' lang='lat' dir='ltr'><strong>aut</strong></span> <span class='ocrx_word' id='word_1_390' title='bbox 1197 3654 1318 3695; x_wconf 87' lang='lat' dir='ltr'><strong>cum</strong></span> <span class='ocrx_word' id='word_1_391' title='bbox 1346 3642 1658 3711; x_wconf 81' lang='lat' dir='ltr'><strong>quibusnam</strong></span> <span class='ocrx_word' id='word_1_392' title='bbox 1686 3644 1766 3699; x_wconf 81' lang='lat' dir='ltr'><strong>la-</strong></span> 
     </span>
    </p>
   </div>
   <div class='ocr_carea' id='block_1_49' title="bbox 177 3706 1767 3780">
    <p class='ocr_par' dir='ltr' id='par_1_49' title="bbox 177 3706 1767 3780">
     <span class='ocr_line' id='line_1_49' title="bbox 177 3706 1767 3780; baseline 0.001 -14"><span class='ocrx_word' id='word_1_393' title='bbox 177 3724 329 3766; x_wconf 89' lang='lat' dir='ltr'><strong>etum</strong></span> <span class='ocrx_word' id='word_1_394' title='bbox 360 3713 570 3776; x_wconf 86' lang='lat' dir='ltr'><strong>evertit,</strong></span> <span class='ocrx_word' id='word_1_395' title='bbox 599 3711 697 3766; x_wconf 89' lang='lat' dir='ltr'><strong>nisi</strong></span> <span class='ocrx_word' id='word_1_396' title='bbox 728 3711 855 3765; x_wconf 88' lang='lat' dir='ltr'><strong>illud</strong></span> <span class='ocrx_word' id='word_1_397' title='bbox 879 3711 1017 3780; x_wconf 85' lang='lat' dir='ltr'><strong>quod</strong></span> <span class='ocrx_word' id='word_1_398' title='bbox 1045 3726 1163 3763; x_wconf 84' lang='lat' dir='ltr'><strong>cum</strong></span> <span class='ocrx_word' id='word_1_399' title='bbox 1189 3706 1387 3765; x_wconf 74' lang='lat' dir='ltr'><strong>.Iutl:eis</strong></span> <span class='ocrx_word' id='word_1_400' title='bbox 1415 3723 1621 3779; x_wconf 88' lang='lat' dir='ltr'><strong>paetum</strong></span> <span class='ocrx_word' id='word_1_401' title='bbox 1643 3716 1767 3769; x_wconf 87' lang='lat' dir='ltr'><strong>est?</strong></span> 
     </span>
    </p>
   </div>
   <div class='ocr_carea' id='block_1_50' title="bbox 176 3781 1769 3851">
    <p class='ocr_par' dir='ltr' id='par_1_50' title="bbox 176 3781 1769 3851">
     <span class='ocr_line' id='line_1_50' title="bbox 176 3781 1769 3851; baseline 0.001 -14"><span class='ocrx_word' id='word_1_402' title='bbox 176 3798 308 3837; x_wconf 90' lang='lat' dir='ltr'><strong>cum</strong></span> <span class='ocrx_word' id='word_1_403' title='bbox 336 3783 536 3837; x_wconf 88' lang='lat' dir='ltr'><strong>scilicet</strong></span> <span class='ocrx_word' id='word_1_404' title='bbox 565 3783 740 3837; x_wconf 89' lang='lat' dir='ltr'><strong>omnia</strong></span> <span class='ocrx_word' id='word_1_405' title='bbox 770 3797 887 3851; x_wconf 68' lang='lat' dir='ltr'><strong>quae</strong></span> <span class='ocrx_word' id='word_1_406' title='bbox 916 3781 1053 3848; x_wconf 87' lang='lat' dir='ltr'><strong>apud</strong></span> <span class='ocrx_word' id='word_1_407' title='bbox 1095 3782 1237 3848; x_wconf 88' lang='lat' dir='ltr'><strong>ipsos</strong></span> <span class='ocrx_word' id='word_1_408' title='bbox 1267 3792 1417 3835; x_wconf 89' lang='lat' dir='ltr'><strong>erant</strong></span> <span class='ocrx_word' id='word_1_409' title='bbox 1454 3782 1687 3844; x_wconf 81' lang='lat' dir='ltr'><strong>delevit.</strong></span> <span class='ocrx_word' id='word_1_410' title='bbox 1714 3795 1769 3839; x_wconf 88' lang='lat' dir='ltr'><strong>et</strong></span> 
     </span>
    </p>
   </div>
   <div class='ocr_carea' id='block_1_51' title="bbox 176 3852 1764 3923">
    <p class='ocr_par' dir='ltr' id='par_1_51' title="bbox 176 3852 1764 3923">
     <span class='ocr_line' id='line_1_51' title="bbox 176 3852 1764 3923; baseline 0.003 -18"><span class='ocrx_word' id='word_1_411' title='bbox 176 3852 372 3923; x_wconf 72' lang='lat' dir='ltr'><strong>legalis</strong></span> <span class='ocrx_word' id='word_1_412' title='bbox 399 3854 589 3908; x_wconf 82' lang='lat' dir='ltr'><strong>evertit</strong></span> <span class='ocrx_word' id='word_1_413' title='bbox 630 3871 644 3906; x_wconf 92' lang='lat'>:</span> <span class='ocrx_word' id='word_1_414' title='bbox 685 3866 819 3922; x_wconf 90' lang='lat' dir='ltr'><strong>quos</strong></span> <span class='ocrx_word' id='word_1_415' title='bbox 849 3861 1024 3906; x_wconf 89' lang='lat' dir='ltr'><strong>tamen</strong></span> <span class='ocrx_word' id='word_1_416' title='bbox 1052 3867 1191 3923; x_wconf 83' lang='lat' dir='ltr'><strong>nunc</strong></span> <span class='ocrx_word' id='word_1_417' title='bbox 1225 3866 1407 3905; x_wconf 84' lang='lat' dir='ltr'><strong>servos</strong></span> <span class='ocrx_word' id='word_1_418' title='bbox 1435 3862 1630 3918; x_wconf 81' lang='lat' dir='ltr'><strong>vocat,</strong></span> <span class='ocrx_word' id='word_1_419' title='bbox 1659 3869 1764 3909; x_wconf 86' lang='lat' dir='ltr'><strong>non</strong></span> 
     </span>
    </p>
   </div>
   <div class='ocr_carea' id='block_1_52' title="bbox 177 3922 1765 3993">
    <p class='ocr_par' dir='ltr' id='par_1_52' title="bbox 177 3922 1765 3993">
     <span class='ocr_line' id='line_1_52' title="bbox 177 3922 1765 3993; baseline 0.001 -16"><span class='ocrx_word' id='word_1_420' title='bbox 177 3922 329 3993; x_wconf 85' lang='lat' dir='ltr'><strong>quod</strong></span> <span class='ocrx_word' id='word_1_421' title='bbox 359 3924 636 3993; x_wconf 70' lang='lat' dir='ltr'><strong>prmceptis</strong></span> <span class='ocrx_word' id='word_1_422' title='bbox 664 3923 753 3977; x_wconf 86' lang='lat' dir='ltr'><strong>Dei</strong></span> <span class='ocrx_word' id='word_1_423' title='bbox 782 3923 1035 3988; x_wconf 86' lang='lat' dir='ltr'><strong>serviant,</strong></span> <span class='ocrx_word' id='word_1_424' title='bbox 1063 3922 1156 3976; x_wconf 91' lang='lat' dir='ltr'><strong>sed</strong></span> <span class='ocrx_word' id='word_1_425' title='bbox 1190 3932 1244 3976; x_wconf 89' lang='lat' dir='ltr'><strong>ut</strong></span> <span class='ocrx_word' id='word_1_426' title='bbox 1275 3923 1419 3976; x_wconf 89' lang='lat' dir='ltr'><strong>illum</strong></span> <span class='ocrx_word' id='word_1_427' title='bbox 1450 3924 1513 3977; x_wconf 89' lang='lat' dir='ltr'><strong>ad</strong></span> <span class='ocrx_word' id='word_1_428' title='bbox 1538 3926 1765 3978; x_wconf 85' lang='lat' dir='ltr'><strong>commi-</strong></span> 
     </span>
    </p>
   </div>
   <div class='ocr_carea' id='block_1_53' title="bbox 176 3993 1764 4063">
    <p class='ocr_par' dir='ltr' id='par_1_53' title="bbox 176 3993 1764 4063">
     <span class='ocr_line' id='line_1_53' title="bbox 176 3993 1764 4063; baseline -0.001 -14"><span class='ocrx_word' id='word_1_429' title='bbox 176 3994 504 4049; x_wconf 83' lang='lat' dir='ltr'><strong>seratiouem</strong></span> <span class='ocrx_word' id='word_1_430' title='bbox 532 3994 802 4063; x_wconf 90' lang='lat' dir='ltr'><strong>pertrahat</strong></span> <span class='ocrx_word' id='word_1_431' title='bbox 824 4010 840 4047; x_wconf 88' lang='lat'><strong>:</strong></span> <span class='ocrx_word' id='word_1_432' title='bbox 862 3993 1124 4062; x_wconf 88' lang='lat' dir='ltr'><strong>simulque</strong></span> <span class='ocrx_word' id='word_1_433' title='bbox 1147 3993 1353 4063; x_wconf 84' lang='lat' dir='ltr'><strong>pigrum</strong></span> <span class='ocrx_word' id='word_1_434' title='bbox 1381 4008 1591 4048; x_wconf 79' lang='lat' dir='ltr'><strong>servum</strong></span> <span class='ocrx_word' id='word_1_435' title='bbox 1617 3996 1764 4049; x_wconf 84' lang='lat' dir='ltr'><strong>illum</strong></span> 
     </span>
    </p>
   </div>
   <div class='ocr_carea' id='block_1_54' title="bbox 176 4062 1762 4135">
    <p class='ocr_par' dir='ltr' id='par_1_54' title="bbox 176 4062 1762 4135">
     <span class='ocr_line' id='line_1_54' title="bbox 176 4062 1762 4135; baseline 0.002 -17"><span class='ocrx_word' id='word_1_436' title='bbox 176 4064 512 4135; x_wconf 83' lang='lat' dir='ltr'><strong>subiudicat,</strong></span> <span class='ocrx_word' id='word_1_437' title='bbox 536 4062 911 4135; x_wconf 14' lang='lat' dir='ltr'><strong>quiﬁtalentum</strong></span> <span class='ocrx_word' id='word_1_438' title='bbox 938 4063 1263 4135; x_wconf 65' lang='lat' dir='ltr'><strong>absconditl</strong></span> <span class='ocrx_word' id='word_1_439' title='bbox 1286 4062 1473 4135; x_wconf 76' lang='lat' dir='ltr'><strong>Matth.</strong></span> <span class='ocrx_word' id='word_1_440' title='bbox 1503 4064 1590 4120; x_wconf 71' lang='lat'><strong>35.</strong></span> <span class='ocrx_word' id='word_1_441' title='bbox 1619 4065 1690 4121; x_wconf 69' lang='grc'><strong>25</strong></span> <span class='ocrx_word' id='word_1_442' title='bbox 1714 4068 1762 4135; x_wconf 91' lang='grc'><strong>),</strong></span> 
     </span>
    </p>
   </div>
   <div class='ocr_carea' id='block_1_55' title="bbox 175 4134 1765 4206">
    <p class='ocr_par' dir='ltr' id='par_1_55' title="bbox 175 4134 1765 4206">
     <span class='ocr_line' id='line_1_55' title="bbox 175 4134 1765 4206; baseline 0.001 -17"><span class='ocrx_word' id='word_1_443' title='bbox 175 4134 381 4205; x_wconf 91' lang='lat' dir='ltr'><strong>quique</strong></span> <span class='ocrx_word' id='word_1_444' title='bbox 406 4137 586 4206; x_wconf 80' lang='lat' dir='ltr'><strong>populi</strong></span> <span class='ocrx_word' id='word_1_445' title='bbox 628 4134 833 4206; x_wconf 84' lang='lat' dir='ltr'><strong>Judaici</strong></span> <span class='ocrx_word' id='word_1_446' title='bbox 862 4134 1082 4206; x_wconf 83' lang='lat' dir='ltr'><strong>ﬁguram</strong></span> <span class='ocrx_word' id='word_1_447' title='bbox 1112 4134 1347 4206; x_wconf 81' lang='lat' dir='ltr'><strong>exhibet.</strong></span> <span class='ocrx_word' id='word_1_448' title='bbox 1388 4134 1685 4204; x_wconf 80' lang='lat' dir='ltr'><strong>Profanasti</strong></span> <span class='ocrx_word' id='word_1_449' title='bbox 1712 4134 1765 4191; x_wconf 88' lang='lat' dir='ltr'><strong>in</strong></span> 
     </span>
    </p>
   </div>
   <div class='ocr_carea' id='block_1_56' title="bbox 178 4203 1763 4275">
    <p class='ocr_par' dir='ltr' id='par_1_56' title="bbox 178 4203 1763 4275">
     <span class='ocr_line' id='line_1_56' title="bbox 178 4203 1763 4275; baseline 0.003 -16"><span class='ocrx_word' id='word_1_450' title='bbox 178 4203 320 4259; x_wconf 78' lang='lat' dir='ltr'><strong>terra</strong></span> <span class='ocrx_word' id='word_1_451' title='bbox 355 4203 699 4259; x_wconf 72' lang='lat' dir='ltr'><strong>sanctuarium</strong></span> <span class='ocrx_word' id='word_1_452' title='bbox 735 4204 864 4275; x_wconf 89' lang='lat' dir='ltr'><strong>ejus.</strong></span> <span class='ocrx_word' id='word_1_453' title='bbox 908 4203 1024 4258; x_wconf 88' lang='lat' dir='ltr'><strong>Non</strong></span> <span class='ocrx_word' id='word_1_454' title='bbox 1073 4214 1189 4273; x_wconf 82' lang='lat' dir='ltr'><strong>eget</strong></span> <span class='ocrx_word' id='word_1_455' title='bbox 1231 4203 1332 4258; x_wconf 86' lang='lat' dir='ltr'><strong>hoc</strong></span> <span class='ocrx_word' id='word_1_456' title='bbox 1369 4203 1763 4273; x_wconf 68' lang='lat' dir='ltr'><strong>explicatione:</strong></span> 
     </span>
    </p>
   </div>
   <div class='ocr_carea' id='block_1_57' title="bbox 176 4275 1762 4343">
    <p class='ocr_par' dir='ltr' id='par_1_57' title="bbox 176 4275 1762 4343">
     <span class='ocr_line' id='line_1_57' title="bbox 176 4275 1762 4343; baseline -0.001 -12"><span class='ocrx_word' id='word_1_457' title='bbox 176 4290 307 4331; x_wconf 87' lang='lat' dir='ltr'><strong>nam</strong></span> <span class='ocrx_word' id='word_1_458' title='bbox 329 4275 428 4330; x_wconf 90' lang='lat' dir='ltr'><strong>sub</strong></span> <span class='ocrx_word' id='word_1_459' title='bbox 444 4277 679 4330; x_wconf 87' lang='lat' dir='ltr'><strong>omnium</strong></span> <span class='ocrx_word' id='word_1_460' title='bbox 698 4275 865 4330; x_wconf 90' lang='lat' dir='ltr'><strong>oculis</strong></span> <span class='ocrx_word' id='word_1_461' title='bbox 884 4275 1155 4343; x_wconf 81' lang='lat' dir='ltr'><strong>profanum</strong></span> <span class='ocrx_word' id='word_1_462' title='bbox 1174 4275 1283 4343; x_wconf 89' lang='lat' dir='ltr'><strong>jam</strong></span> <span class='ocrx_word' id='word_1_463' title='bbox 1305 4284 1386 4328; x_wconf 85' lang='lat' dir='ltr'><strong>est</strong></span> <span class='ocrx_word' id='word_1_464' title='bbox 1406 4277 1762 4331; x_wconf 88' lang='lat' dir='ltr'><strong>sanctuarium</strong></span> 
     </span>
    </p>
   </div>
   <div class='ocr_carea' id='block_1_58' title="bbox 174 4344 1765 4416">
    <p class='ocr_par' dir='ltr' id='par_1_58' title="bbox 174 4344 1765 4416">
     <span class='ocr_line' id='line_1_58' title="bbox 174 4344 1765 4416; baseline -0.001 -14"><span class='ocrx_word' id='word_1_465' title='bbox 174 4344 313 4402; x_wconf 89' lang='lat' dir='ltr'><strong>illud</strong></span> <span class='ocrx_word' id='word_1_466' title='bbox 345 4344 645 4401; x_wconf 71' lang='lat' dir='ltr'><strong>Judaeorum</strong></span> <span class='ocrx_word' id='word_1_467' title='bbox 667 4389 682 4411; x_wconf 85' lang='lat'><strong>,</strong></span> <span class='ocrx_word' id='word_1_468' title='bbox 721 4347 860 4416; x_wconf 91' lang='lat' dir='ltr'><strong>quod</strong></span> <span class='ocrx_word' id='word_1_469' title='bbox 888 4346 955 4400; x_wconf 91' lang='lat' dir='ltr'><strong>ab</strong></span> <span class='ocrx_word' id='word_1_470' title='bbox 982 4345 1228 4416; x_wconf 86' lang='lat' dir='ltr'><strong>omnibus</strong></span> <span class='ocrx_word' id='word_1_471' title='bbox 1255 4360 1359 4416; x_wconf 85' lang='lat' dir='ltr'><strong>non</strong></span> <span class='ocrx_word' id='word_1_472' title='bbox 1391 4347 1561 4399; x_wconf 87' lang='lat' dir='ltr'><strong>solum</strong></span> <span class='ocrx_word' id='word_1_473' title='bbox 1590 4345 1765 4400; x_wconf 89' lang='lat' dir='ltr'><strong>homi-</strong></span> 
     </span>
    </p>
   </div>
   <div class='ocr_carea' id='block_1_59' title="bbox 171 4415 1760 4486">
    <p class='ocr_par' dir='ltr' id='par_1_59' title="bbox 171 4415 1760 4486">
     <span class='ocr_line' id='line_1_59' title="bbox 171 4415 1760 4486; baseline -0.001 -16"><span class='ocrx_word' id='word_1_474' title='bbox 171 4416 338 4486; x_wconf 83' lang='lat' dir='ltr'><strong>nibus</strong></span> <span class='ocrx_word' id='word_1_475' title='bbox 357 4459 371 4480; x_wconf 89' lang='lat'><strong>,</strong></span> <span class='ocrx_word' id='word_1_476' title='bbox 415 4417 508 4471; x_wconf 90' lang='lat' dir='ltr'><strong>sed</strong></span> <span class='ocrx_word' id='word_1_477' title='bbox 548 4418 706 4471; x_wconf 83' lang='lat' dir='ltr'><strong>etiam</strong></span> <span class='ocrx_word' id='word_1_478' title='bbox 734 4415 761 4468; x_wconf 81' lang='lat' dir='ltr'><strong>a</strong></span> <span class='ocrx_word' id='word_1_479' title='bbox 785 4415 1048 4486; x_wconf 80' lang='lat' dir='ltr'><strong>jumentis</strong></span> <span class='ocrx_word' id='word_1_480' title='bbox 1078 4415 1364 4470; x_wconf 86' lang='lat' dir='ltr'><strong>immundis</strong></span> <span class='ocrx_word' id='word_1_481' title='bbox 1391 4416 1645 4471; x_wconf 90' lang='lat' dir='ltr'><strong>calcatur.</strong></span> <span class='ocrx_word' id='word_1_482' title='bbox 1672 4419 1760 4473; x_wconf 75' lang='grc'><strong>41.</strong></span> 
     </span>
    </p>
   </div>
   <div class='ocr_carea' id='block_1_60' title="bbox 170 4485 1758 4559">
    <p class='ocr_par' dir='ltr' id='par_1_60' title="bbox 170 4485 1758 4559">
     <span class='ocr_line' id='line_1_60' title="bbox 170 4485 1758 4559; baseline 0.002 -19"><span class='ocrx_word' id='word_1_483' title='bbox 170 4485 484 4559; x_wconf 74' lang='lat' dir='ltr'><strong>Destruxisti</strong></span> <span class='ocrx_word' id='word_1_484' title='bbox 512 4504 683 4541; x_wconf 88' lang='lat' dir='ltr'><strong>omnes</strong></span> <span class='ocrx_word' id='word_1_485' title='bbox 708 4485 850 4559; x_wconf 80' lang='lat' dir='ltr'><strong>sepes</strong></span> <span class='ocrx_word' id='word_1_486' title='bbox 873 4487 998 4558; x_wconf 83' lang='lat' dir='ltr'><strong>ejus.</strong></span> <span class='ocrx_word' id='word_1_487' title='bbox 1031 4485 1241 4554; x_wconf 84' lang='lat' dir='ltr'><strong>chalia</strong></span> <span class='ocrx_word' id='word_1_488' title='bbox 1270 4486 1439 4559; x_wconf 86' lang='lat' dir='ltr'><strong>inquit</strong></span> <span class='ocrx_word' id='word_1_489' title='bbox 1464 4499 1727 4559; x_wconf 70' lang='lat' dir='ltr'><strong>praecepta</strong></span> <span class='ocrx_word' id='word_1_490' title='bbox 1744 4530 1758 4552; x_wconf 90' lang='lat'><strong>,</strong></span> 
     </span>
    </p>
   </div>
   <div class='ocr_carea' id='block_1_61' title="bbox 215 4557 1765 4628">
    <p class='ocr_par' dir='ltr' id='par_1_61' title="bbox 215 4557 1765 4628">
     <span class='ocr_line' id='line_1_61' title="bbox 215 4557 1765 4628; baseline 0.001 -18"><span class='ocrx_word' id='word_1_491' title='bbox 215 4573 300 4610; x_wconf 77' lang='lat' dir='ltr'><strong>ua:</strong></span> <span class='ocrx_word' id='word_1_492' title='bbox 330 4558 451 4627; x_wconf 88' lang='lat' dir='ltr'><strong>jure</strong></span> <span class='ocrx_word' id='word_1_493' title='bbox 487 4573 643 4627; x_wconf 90' lang='lat' dir='ltr'><strong>sepes</strong></span> <span class='ocrx_word' id='word_1_494' title='bbox 672 4557 1006 4628; x_wconf 87' lang='lat' dir='ltr'><strong>appellantur</strong></span> <span class='ocrx_word' id='word_1_495' title='bbox 1028 4598 1042 4621; x_wconf 93' lang='lat'><strong>,</strong></span> <span class='ocrx_word' id='word_1_496' title='bbox 1072 4558 1142 4610; x_wconf 90' lang='lat' dir='ltr'><strong>ob</strong></span> <span class='ocrx_word' id='word_1_497' title='bbox 1180 4557 1605 4628; x_wconf 85' lang='lat' dir='ltr'><strong>maledictionem</strong></span> <span class='ocrx_word' id='word_1_498' title='bbox 1638 4557 1765 4628; x_wconf 83' lang='lat' dir='ltr'><strong>ipsis</strong></span> 
     </span>
    </p>
   </div>
   <div class='ocr_carea' id='block_1_62' title="bbox 169 4574 1765 4699">
    <p class='ocr_par' dir='ltr' id='par_1_62' title="bbox 169 4574 1765 4699">
     <span class='ocr_line' id='line_1_62' title="bbox 215 4574 1765 4628; baseline 0.001 -18"><span class='ocrx_word' id='word_1_499' title='bbox 215 4574 300 4610; x_wconf 78' lang='lat' dir='ltr'><strong>ua:</strong></span> <span class='ocrx_word' id='word_1_500' title='bbox 330 4574 451 4627; x_wconf 78' lang='lat' dir='ltr'><strong>jure</strong></span> <span class='ocrx_word' id='word_1_501' title='bbox 487 4574 643 4627; x_wconf 91' lang='lat' dir='ltr'><strong>sepes</strong></span> <span class='ocrx_word' id='word_1_502' title='bbox 672 4574 1006 4628; x_wconf 71' lang='lat' dir='ltr'><strong>appellantur</strong></span> <span class='ocrx_word' id='word_1_503' title='bbox 1028 4598 1042 4621; x_wconf 94' lang='lat'><strong>,</strong></span> <span class='ocrx_word' id='word_1_504' title='bbox 1072 4574 1142 4610; x_wconf 88' lang='lat' dir='ltr'><strong>ou</strong></span> <span class='ocrx_word' id='word_1_505' title='bbox 1180 4574 1605 4612; x_wconf 80' lang='lat' dir='ltr'><strong>mateuieuonem</strong></span> <span class='ocrx_word' id='word_1_506' title='bbox 1638 4574 1765 4628; x_wconf 81' lang='lat' dir='ltr'><strong>lpSIS</strong></span> 
     </span>
     <span class='ocr_line' id='line_1_63' title="bbox 169 4574 1765 4699; baseline 0 -16"><span class='ocrx_word' id='word_1_507' title='bbox 169 4574 380 4688; x_wconf 63' lang='lat' dir='ltr'><strong>iiatam.</strong></span> <span class='ocrx_word' id='word_1_508' title='bbox 410 4644 527 4699; x_wconf 69' lang='lat' dir='ltr'><strong>quae</strong></span> <span class='ocrx_word' id='word_1_509' title='bbox 556 4629 1092 4699; x_wconf 64' lang='lat' dir='ltr'><strong>spinarumspecietn</strong></span> <span class='ocrx_word' id='word_1_510' title='bbox 1125 4643 1232 4695; x_wconf 72' lang='lat' dir='ltr'><strong>prae</strong></span> <span class='ocrx_word' id='word_1_511' title='bbox 1263 4644 1321 4682; x_wconf 88' lang='lat' dir='ltr'><strong>se</strong></span> <span class='ocrx_word' id='word_1_512' title='bbox 1353 4627 1505 4692; x_wconf 81' lang='lat' dir='ltr'><strong>ferat.</strong></span> <span class='ocrx_word' id='word_1_513' title='bbox 1542 4628 1765 4683; x_wconf 79' lang='lat' dir='ltr'><strong>Posuisti</strong></span> 
     </span>
    </p>
   </div>
   <div class='ocr_carea' id='block_1_63' title="bbox 170 4696 1763 4768">
    <p class='ocr_par' dir='ltr' id='par_1_63' title="bbox 170 4696 1763 4768">
     <span class='ocr_line' id='line_1_64' title="bbox 170 4696 1763 4768; baseline 0.002 -17"><span class='ocrx_word' id='word_1_514' title='bbox 170 4696 497 4767; x_wconf 75' lang='lat' dir='ltr'><strong>ﬁrmamenta</strong></span> <span class='ocrx_word' id='word_1_515' title='bbox 526 4696 636 4766; x_wconf 85' lang='lat' dir='ltr'><strong>ejus</strong></span> <span class='ocrx_word' id='word_1_516' title='bbox 657 4698 997 4768; x_wconf 79' lang='lat' dir='ltr'><strong>formidinem.</strong></span> <span class='ocrx_word' id='word_1_517' title='bbox 1038 4696 1093 4750; x_wconf 87' lang='lat' dir='ltr'><strong>In</strong></span> <span class='ocrx_word' id='word_1_518' title='bbox 1135 4700 1197 4751; x_wconf 86' lang='lat' dir='ltr'><strong>iis</strong></span> <span class='ocrx_word' id='word_1_519' title='bbox 1236 4699 1364 4768; x_wconf 85' lang='lat' dir='ltr'><strong>ipsis</strong></span> <span class='ocrx_word' id='word_1_520' title='bbox 1387 4740 1403 4766; x_wconf 92' lang='lat'><strong>,</strong></span> <span class='ocrx_word' id='word_1_521' title='bbox 1436 4699 1628 4768; x_wconf 87' lang='lat' dir='ltr'><strong>quibus</strong></span> <span class='ocrx_word' id='word_1_522' title='bbox 1665 4714 1763 4754; x_wconf 89' lang='lat' dir='ltr'><strong>ceu</strong></span> 
     </span>
    </p>
   </div>
   <div class='ocr_carea' id='block_1_64' title="bbox 168 4768 1763 4830">
    <p class='ocr_par' dir='ltr' id='par_1_64' title="bbox 168 4768 1763 4830">
     <span class='ocr_line' id='line_1_65' title="bbox 168 4768 1763 4830; baseline -0.001 -6"><span class='ocrx_word' id='word_1_523' title='bbox 168 4770 523 4824; x_wconf 83' lang='lat' dir='ltr'><strong>nntnimentis</strong></span> <span class='ocrx_word' id='word_1_524' title='bbox 552 4769 887 4824; x_wconf 88' lang='lat' dir='ltr'><strong>conﬁdebant</strong></span> <span class='ocrx_word' id='word_1_525' title='bbox 910 4810 923 4830; x_wconf 87' lang='lat'><strong>,</strong></span> <span class='ocrx_word' id='word_1_526' title='bbox 968 4768 1225 4822; x_wconf 88' lang='lat' dir='ltr'><strong>iniisdem</strong></span> <span class='ocrx_word' id='word_1_527' title='bbox 1258 4785 1396 4824; x_wconf 90' lang='lat' dir='ltr'><strong>nunc</strong></span> <span class='ocrx_word' id='word_1_528' title='bbox 1427 4777 1626 4824; x_wconf 89' lang='lat' dir='ltr'><strong>mutata</strong></span> <span class='ocrx_word' id='word_1_529' title='bbox 1656 4773 1763 4824; x_wconf 88' lang='lat' dir='ltr'><strong>rei-</strong></span> 
     </span>
    </p>
   </div>
   <div class='ocr_carea' id='block_1_65' title="bbox 170 4838 1763 4910">
    <p class='ocr_par' dir='ltr' id='par_1_65' title="bbox 170 4838 1763 4910">
     <span class='ocr_line' id='line_1_66' title="bbox 170 4838 1763 4910; baseline 0.001 -17"><span class='ocrx_word' id='word_1_530' title='bbox 170 4838 406 4909; x_wconf 67' lang='lat' dir='ltr'><strong>publicae</strong></span> <span class='ocrx_word' id='word_1_531' title='bbox 436 4839 601 4894; x_wconf 79' lang='lat' dir='ltr'><strong>forma</strong></span> <span class='ocrx_word' id='word_1_532' title='bbox 630 4841 1029 4910; x_wconf 88' lang='lat' dir='ltr'><strong>pertimescunt,</strong></span> <span class='ocrx_word' id='word_1_533' title='bbox 1050 4853 1153 4892; x_wconf 87' lang='lat' dir='ltr'><strong>non</strong></span> <span class='ocrx_word' id='word_1_534' title='bbox 1182 4839 1478 4901; x_wconf 85' lang='lat' dir='ltr'><strong>immolare,</strong></span> <span class='ocrx_word' id='word_1_535' title='bbox 1502 4856 1605 4894; x_wconf 90' lang='lat' dir='ltr'><strong>non</strong></span> <span class='ocrx_word' id='word_1_536' title='bbox 1632 4840 1763 4895; x_wconf 92' lang='lat' dir='ltr'><strong>l&#39;esta</strong></span> 
     </span>
    </p>
   </div>
   <div class='ocr_carea' id='block_1_66' title="bbox 168 4910 1764 4979">
    <p class='ocr_par' dir='ltr' id='par_1_66' title="bbox 168 4910 1764 4979">
     <span class='ocr_line' id='line_1_67' title="bbox 168 4910 1764 4979; baseline -0.001 -14"><span class='ocrx_word' id='word_1_537' title='bbox 168 4910 453 4971; x_wconf 84' lang='lat' dir='ltr'><strong>celebrare</strong></span> <span class='ocrx_word' id='word_1_538' title='bbox 480 4952 493 4974; x_wconf 87' lang='lat'><strong>,</strong></span> <span class='ocrx_word' id='word_1_539' title='bbox 535 4925 638 4964; x_wconf 91' lang='lat' dir='ltr'><strong>non</strong></span> <span class='ocrx_word' id='word_1_540' title='bbox 676 4911 817 4964; x_wconf 88' lang='lat' dir='ltr'><strong>aliud</strong></span> <span class='ocrx_word' id='word_1_541' title='bbox 855 4910 1122 4979; x_wconf 83' lang='lat' dir='ltr'><strong>quidpiam</strong></span> <span class='ocrx_word' id='word_1_542' title='bbox 1160 4910 1328 4979; x_wconf 77' lang='lat' dir='ltr'><strong>legale</strong></span> <span class='ocrx_word' id='word_1_543' title='bbox 1356 4912 1644 4965; x_wconf 89' lang='lat' dir='ltr'><strong>observare</strong></span> <span class='ocrx_word' id='word_1_544' title='bbox 1670 4926 1764 4964; x_wconf 83' lang='lat' dir='ltr'><strong>au-</strong></span> 
     </span>
    </p>
   </div>
   <div class='ocr_carea' id='block_1_67' title="bbox 169 4979 1758 5051">
    <p class='ocr_par' dir='ltr' id='par_1_67' title="bbox 169 4979 1758 5051">
     <span class='ocr_line' id='line_1_68' title="bbox 169 4979 1758 5051; baseline -0.001 -17"><span class='ocrx_word' id='word_1_545' title='bbox 169 4980 389 5051; x_wconf 52' lang='lat' dir='ltr'><strong>dentes,</strong></span> <span class='ocrx_word' id='word_1_546' title='bbox 426 4979 519 5036; x_wconf 75' lang='grc'><strong>42·</strong></span> <span class='ocrx_word' id='word_1_547' title='bbox 549 4980 875 5051; x_wconf 86' lang='lat' dir='ltr'><strong>Diripuerunt</strong></span> <span class='ocrx_word' id='word_1_548' title='bbox 909 4997 1022 5034; x_wconf 86' lang='lat' dir='ltr'><strong>eum</strong></span> <span class='ocrx_word' id='word_1_549' title='bbox 1062 4988 1579 5051; x_wconf 59' lang='lat' dir='ltr'><strong>omnestranseuntcs</strong></span> <span class='ocrx_word' id='word_1_550' title='bbox 1607 4982 1758 5034; x_wconf 85' lang='lat' dir='ltr'><strong>uiam.</strong></span> 
     </span>
    </p>
   </div>
   <div class='ocr_carea' id='block_1_68' title="bbox 130 5049 1757 5106">
    <p class='ocr_par' dir='ltr' id='par_1_68' title="bbox 130 5049 1757 5106">
     <span class='ocr_line' id='line_1_69' title="bbox 130 5049 1757 5106; baseline -0.001 0"><span class='ocrx_word' id='word_1_551' title='bbox 130 5072 137 5077; x_wconf 60' lang='grc' dir='ltr'><strong>τ</strong></span> <span class='ocrx_word' id='word_1_552' title='bbox 171 5050 329 5106; x_wconf 78' lang='lat' dir='ltr'><strong>Viam</strong></span> <span class='ocrx_word' id='word_1_553' title='bbox 359 5049 557 5105; x_wconf 80' lang='lat' dir='ltr'><strong>dixeris</strong></span> <span class='ocrx_word' id='word_1_554' title='bbox 585 5049 719 5106; x_wconf 85' lang='lat' dir='ltr'><strong>hanc</strong></span> <span class='ocrx_word' id='word_1_555' title='bbox 741 5053 902 5106; x_wconf 87' lang='lat' dir='ltr'><strong>vitam</strong></span> <span class='ocrx_word' id='word_1_556' title='bbox 930 5053 1036 5104; x_wconf 89' lang='lat' dir='ltr'><strong>:ait</strong></span> <span class='ocrx_word' id='word_1_557' title='bbox 1063 5050 1203 5104; x_wconf 84' lang='lat' dir='ltr'><strong>enim</strong></span> <span class='ocrx_word' id='word_1_558' title='bbox 1230 5049 1474 5105; x_wconf 83' lang='lat' dir='ltr'><strong>Christus</strong></span> <span class='ocrx_word' id='word_1_559' title='bbox 1504 5052 1555 5104; x_wconf 92' lang='lat' dir='ltr'><strong>in</strong></span> <span class='ocrx_word' id='word_1_560' title='bbox 1585 5051 1757 5105; x_wconf 88' lang='lat' dir='ltr'><strong>Evan-</strong></span> 
     </span>
    </p>
   </div>
   <div class='ocr_carea' id='block_1_69' title="bbox 166 5121 1759 5194">
    <p class='ocr_par' dir='ltr' id='par_1_69' title="bbox 166 5121 1759 5194">
     <span class='ocr_line' id='line_1_70' title="bbox 166 5121 1759 5194; baseline 0 -18"><span class='ocrx_word' id='word_1_561' title='bbox 166 5123 328 5194; x_wconf 72' lang='lat' dir='ltr'><strong>geliis</strong></span> <span class='ocrx_word' id='word_1_562' title='bbox 356 5139 370 5176; x_wconf 89' lang='lat'><strong>:</strong></span> <span class='ocrx_word' id='word_1_563' title='bbox 398 5121 523 5194; x_wconf 72' lang='lat' dir='ltr'><strong>Esto</strong></span> <span class='ocrx_word' id='word_1_564' title='bbox 565 5122 825 5194; x_wconf 80' lang='lat' dir='ltr'><strong>benevolus</strong></span> <span class='ocrx_word' id='word_1_565' title='bbox 867 5121 1152 5194; x_wconf 71' lang='lat' dir='ltr'><strong>aduersario</strong></span> <span class='ocrx_word' id='word_1_566' title='bbox 1188 5129 1307 5186; x_wconf 90' lang='lat' dir='ltr'><strong>tuo,</strong></span> <span class='ocrx_word' id='word_1_567' title='bbox 1344 5123 1501 5176; x_wconf 85' lang='lat' dir='ltr'><strong>donec</strong></span> <span class='ocrx_word' id='word_1_568' title='bbox 1525 5122 1680 5190; x_wconf 83' lang='lat' dir='ltr'><strong>[ueris</strong></span> <span class='ocrx_word' id='word_1_569' title='bbox 1705 5124 1759 5176; x_wconf 88' lang='lat' dir='ltr'><strong>in</strong></span> 
     </span>
    </p>
   </div>
   <div class='ocr_carea' id='block_1_70' title="bbox 167 5191 1755 5263">
    <p class='ocr_par' dir='ltr' id='par_1_70' title="bbox 167 5191 1755 5263">
     <span class='ocr_line' id='line_1_71' title="bbox 167 5191 1755 5263; baseline 0.001 -17"><span class='ocrx_word' id='word_1_570' title='bbox 167 5191 254 5246; x_wconf 64' lang='lat' dir='ltr'><strong>tua</strong></span> <span class='ocrx_word' id='word_1_571' title='bbox 277 5209 397 5247; x_wconf 83' lang='lat' dir='ltr'><strong>cum</strong></span> <span class='ocrx_word' id='word_1_572' title='bbox 424 5193 534 5261; x_wconf 85' lang='lat' dir='ltr'><strong>ipso</strong></span> <span class='ocrx_word' id='word_1_573' title='bbox 560 5191 767 5263; x_wconf 79' lang='lat' dir='ltr'><strong>(Matth.</strong></span> <span class='ocrx_word' id='word_1_574' title='bbox 792 5194 844 5248; x_wconf 84' lang='lat'><strong>5.</strong></span> <span class='ocrx_word' id='word_1_575' title='bbox 871 5192 985 5257; x_wconf 79' lang='grc'><strong>25).</strong></span> <span class='ocrx_word' id='word_1_576' title='bbox 1012 5193 1157 5246; x_wconf 87' lang='lat' dir='ltr'><strong>Hauc</strong></span> <span class='ocrx_word' id='word_1_577' title='bbox 1178 5201 1550 5263; x_wconf 85' lang='lat' dir='ltr'><strong>pertranseunt</strong></span> <span class='ocrx_word' id='word_1_578' title='bbox 1569 5207 1755 5247; x_wconf 88' lang='lat' dir='ltr'><strong>onmes</strong></span> 
     </span>
    </p>
   </div>
   <div class='ocr_carea' id='block_1_71' title="bbox 167 5262 1762 5332">
    <p class='ocr_par' dir='ltr' id='par_1_71' title="bbox 167 5262 1762 5332">
     <span class='ocr_line' id='line_1_72' title="bbox 167 5262 1762 5332; baseline 0.001 -16"><span class='ocrx_word' id='word_1_579' title='bbox 167 5264 260 5332; x_wconf 84' lang='lat' dir='ltr'><strong>qui</strong></span> <span class='ocrx_word' id='word_1_580' title='bbox 303 5265 355 5316; x_wconf 90' lang='lat' dir='ltr'><strong>in</strong></span> <span class='ocrx_word' id='word_1_581' title='bbox 391 5262 662 5317; x_wconf 83' lang='lat' dir='ltr'><strong>Christum</strong></span> <span class='ocrx_word' id='word_1_582' title='bbox 693 5263 1029 5317; x_wconf 72' lang='lat' dir='ltr'><strong>crediderunt</strong></span> <span class='ocrx_word' id='word_1_583' title='bbox 1051 5303 1066 5328; x_wconf 93' lang='lat'><strong>,</strong></span> <span class='ocrx_word' id='word_1_584' title='bbox 1100 5262 1463 5331; x_wconf 81' lang='lat' dir='ltr'><strong>perfunctorie</strong></span> <span class='ocrx_word' id='word_1_585' title='bbox 1497 5273 1550 5317; x_wconf 90' lang='lat' dir='ltr'><strong>et</strong></span> <span class='ocrx_word' id='word_1_586' title='bbox 1589 5263 1762 5318; x_wconf 89' lang='lat' dir='ltr'><strong>obiter</strong></span> 
     </span>
    </p>
   </div>
   <div class='ocr_carea' id='block_1_72' title="bbox 170 5332 1762 5402">
    <p class='ocr_par' dir='ltr' id='par_1_72' title="bbox 170 5332 1762 5402">
     <span class='ocr_line' id='line_1_73' title="bbox 170 5332 1762 5402; baseline 0.003 -20"><span class='ocrx_word' id='word_1_587' title='bbox 170 5334 337 5387; x_wconf 81' lang='lat' dir='ltr'><strong>vitam</strong></span> <span class='ocrx_word' id='word_1_588' title='bbox 359 5334 725 5398; x_wconf 84' lang='lat' dir='ltr'><strong>decurrentes,</strong></span> <span class='ocrx_word' id='word_1_589' title='bbox 747 5342 802 5388; x_wconf 89' lang='lat' dir='ltr'><strong>et</strong></span> <span class='ocrx_word' id='word_1_590' title='bbox 822 5333 947 5387; x_wconf 87' lang='lat' dir='ltr'><strong>nulli</strong></span> <span class='ocrx_word' id='word_1_591' title='bbox 970 5348 1149 5388; x_wconf 85' lang='lat' dir='ltr'><strong>rerum</strong></span> <span class='ocrx_word' id='word_1_592' title='bbox 1172 5333 1326 5402; x_wconf 81' lang='lat' dir='ltr'><strong>hujus</strong></span> <span class='ocrx_word' id='word_1_593' title='bbox 1348 5332 1531 5386; x_wconf 88' lang='lat' dir='ltr'><strong>mundi</strong></span> <span class='ocrx_word' id='word_1_594' title='bbox 1555 5332 1762 5388; x_wconf 71' lang='lat' dir='ltr'><strong>hzercn-</strong></span> 
     </span>
    </p>
   </div>
   <div class='ocr_carea' id='block_1_73' title="bbox 171 5403 1759 5473">
    <p class='ocr_par' dir='ltr' id='par_1_73' title="bbox 171 5403 1759 5473">
     <span class='ocr_line' id='line_1_74' title="bbox 171 5403 1759 5473; baseline 0 -16"><span class='ocrx_word' id='word_1_595' title='bbox 171 5412 283 5469; x_wconf 85' lang='lat' dir='ltr'><strong>tes,</strong></span> <span class='ocrx_word' id='word_1_596' title='bbox 311 5403 406 5458; x_wconf 85' lang='lat' dir='ltr'><strong>sed</strong></span> <span class='ocrx_word' id='word_1_597' title='bbox 435 5404 584 5460; x_wconf 83' lang='lat' dir='ltr'><strong>brevi</strong></span> <span class='ocrx_word' id='word_1_598' title='bbox 613 5404 756 5458; x_wconf 84' lang='lat' dir='ltr'><strong>illam</strong></span> <span class='ocrx_word' id='word_1_599' title='bbox 781 5404 989 5459; x_wconf 91' lang='lat' dir='ltr'><strong>emetiri</strong></span> <span class='ocrx_word' id='word_1_600' title='bbox 1021 5404 1364 5467; x_wconf 77' lang='lat' dir='ltr'><strong>lesﬁnantes,</strong></span> <span class='ocrx_word' id='word_1_601' title='bbox 1392 5417 1419 5455; x_wconf 90' lang='lat' dir='ltr'><strong>a</strong></span> <span class='ocrx_word' id='word_1_602' title='bbox 1448 5404 1637 5473; x_wconf 82' lang='lat' dir='ltr'><strong>quibus</strong></span> <span class='ocrx_word' id='word_1_603' title='bbox 1662 5403 1759 5458; x_wconf 80' lang='grc' dir='ltr'><strong>,Ιη-</strong></span> 
     </span>
    </p>
   </div>
   <div class='ocr_carea' id='block_1_74' title="bbox 167 5474 1761 5544">
    <p class='ocr_par' dir='ltr' id='par_1_74' title="bbox 167 5474 1761 5544">
     <span class='ocr_line' id='line_1_75' title="bbox 167 5474 1761 5544; baseline 0.002 -17"><span class='ocrx_word' id='word_1_604' title='bbox 167 5474 410 5528; x_wconf 72' lang='lat' dir='ltr'><strong>timorum</strong></span> <span class='ocrx_word' id='word_1_605' title='bbox 441 5475 605 5544; x_wconf 10' lang='lat' dir='ltr'><strong>lexict</strong></span> <span class='ocrx_word' id='word_1_606' title='bbox 630 5477 925 5544; x_wconf 66' lang='lat' dir='ltr'><strong>prophetae,</strong></span> <span class='ocrx_word' id='word_1_607' title='bbox 952 5489 1093 5528; x_wconf 67' lang='lat' dir='ltr'><strong>verae</strong></span> <span class='ocrx_word' id='word_1_608' title='bbox 1120 5489 1314 5544; x_wconf 89' lang='lat' dir='ltr'><strong>nempe</strong></span> <span class='ocrx_word' id='word_1_609' title='bbox 1338 5474 1761 5537; x_wconf 71' lang='lat' dir='ltr'><strong>divitire,subre-</strong></span> 
     </span>
    </p>
   </div>
   <div class='ocr_carea' id='block_1_75' title="bbox 206 5543 1756 5615">
    <p class='ocr_par' dir='ltr' id='par_1_75' title="bbox 206 5543 1756 5615">
     <span class='ocr_line' id='line_1_76' title="bbox 206 5543 1756 5615; baseline 0.001 -17"><span class='ocrx_word' id='word_1_610' title='bbox 206 5551 277 5598; x_wconf 66' lang='lat' dir='ltr'><strong>tua</strong></span> <span class='ocrx_word' id='word_1_611' title='bbox 316 5554 458 5599; x_wconf 90' lang='lat' dir='ltr'><strong>sunt.</strong></span> <span class='ocrx_word' id='word_1_612' title='bbox 503 5543 693 5614; x_wconf 75' lang='lat' dir='ltr'><strong>Factus</strong></span> <span class='ocrx_word' id='word_1_613' title='bbox 733 5543 806 5599; x_wconf 87' lang='lat' dir='ltr'><strong>est</strong></span> <span class='ocrx_word' id='word_1_614' title='bbox 848 5546 1173 5615; x_wconf 80' lang='lat' dir='ltr'><strong>opprobrium</strong></span> <span class='ocrx_word' id='word_1_615' title='bbox 1213 5543 1388 5600; x_wconf 83' lang='lat' dir='ltr'><strong>uicinis</strong></span> <span class='ocrx_word' id='word_1_616' title='bbox 1425 5545 1551 5599; x_wconf 87' lang='lat' dir='ltr'><strong>suis.</strong></span> <span class='ocrx_word' id='word_1_617' title='bbox 1588 5545 1756 5600; x_wconf 79' lang='lat' dir='ltr'><strong>Vicini</strong></span> 
     </span>
    </p>
   </div>
   <div class='ocr_carea' id='block_1_76' title="bbox 201 5614 1758 5687">
    <p class='ocr_par' dir='ltr' id='par_1_76' title="bbox 201 5614 1758 5687">
     <span class='ocr_line' id='line_1_77' title="bbox 201 5614 1758 5687; baseline 0 -17"><span class='ocrx_word' id='word_1_618' title='bbox 201 5614 473 5687; x_wconf 54' lang='lat' dir='ltr'><strong>Maiorum</strong></span> <span class='ocrx_word' id='word_1_619' title='bbox 532 5619 723 5669; x_wconf 89' lang='lat' dir='ltr'><strong>merito</strong></span> <span class='ocrx_word' id='word_1_620' title='bbox 775 5614 1002 5687; x_wconf 84' lang='lat' dir='ltr'><strong>dicimur</strong></span> <span class='ocrx_word' id='word_1_621' title='bbox 1046 5631 1062 5668; x_wconf 90' lang='lat'><strong>:</strong></span> <span class='ocrx_word' id='word_1_622' title='bbox 1106 5615 1341 5687; x_wconf 86' lang='lat' dir='ltr'><strong>illosque</strong></span> <span class='ocrx_word' id='word_1_623' title='bbox 1378 5615 1758 5687; x_wconf 85' lang='lat' dir='ltr'><strong>vituperabiles</strong></span> 
     </span>
    </p>
   </div>
   <div class='ocr_carea' id='block_1_77' title="bbox 166 5686 1752 5757">
    <p class='ocr_par' dir='ltr' id='par_1_77' title="bbox 166 5686 1752 5757">
     <span class='ocr_line' id='line_1_78' title="bbox 166 5686 1752 5757; baseline -0.001 -16"><span class='ocrx_word' id='word_1_624' title='bbox 166 5686 391 5742; x_wconf 89' lang='lat' dir='ltr'><strong>omnino</strong></span> <span class='ocrx_word' id='word_1_625' title='bbox 431 5697 676 5756; x_wconf 89' lang='lat' dir='ltr'><strong>putamus</strong></span> <span class='ocrx_word' id='word_1_626' title='bbox 698 5727 716 5753; x_wconf 90' lang='lat'><strong>,</strong></span> <span class='ocrx_word' id='word_1_627' title='bbox 757 5686 879 5757; x_wconf 88' lang='lat' dir='ltr'><strong>quia</strong></span> <span class='ocrx_word' id='word_1_628' title='bbox 911 5699 1033 5741; x_wconf 87' lang='lat' dir='ltr'><strong>eum</strong></span> <span class='ocrx_word' id='word_1_629' title='bbox 1064 5687 1206 5741; x_wconf 84' lang='lat' dir='ltr'><strong>salus</strong></span> <span class='ocrx_word' id='word_1_630' title='bbox 1236 5686 1300 5743; x_wconf 77' lang='lat' dir='ltr'><strong>ex</strong></span> <span class='ocrx_word' id='word_1_631' title='bbox 1331 5686 1462 5757; x_wconf 87' lang='lat' dir='ltr'><strong>ipsis</strong></span> <span class='ocrx_word' id='word_1_632' title='bbox 1499 5695 1616 5741; x_wconf 88' lang='lat' dir='ltr'><strong>orta</strong></span> <span class='ocrx_word' id='word_1_633' title='bbox 1645 5686 1752 5754; x_wconf 81' lang='lat' dir='ltr'><strong>sit,</strong></span> 
     </span>
    </p>
   </div>
   <div class='ocr_carea' id='block_1_78' title="bbox 1455 277 2252 341">
    <p class='ocr_par' dir='ltr' id='par_1_78' title="bbox 1455 277 2252 341">
     <span class='ocr_line' id='line_1_79' title="bbox 1455 277 2252 341; baseline -0.003 -6"><span class='ocrx_word' id='word_1_634' title='bbox 1455 279 1522 341; x_wconf 80' lang='lat' dir='ltr'><strong>IN</strong></span> <span class='ocrx_word' id='word_1_635' title='bbox 1559 277 1885 338; x_wconf 76' lang='lat' dir='ltr'><strong>PSALMUM</strong></span> <span class='ocrx_word' id='word_1_636' title='bbox 1919 277 2252 335; x_wconf 78' lang='lat' dir='ltr'><strong>LXXXVIII.</strong></span> 
     </span>
    </p>
   </div>
   <div class='ocr_carea' id='block_1_79' title="bbox 3338 298 3451 356">
    <p class='ocr_par' dir='ltr' id='par_1_79' title="bbox 3338 298 3451 356">
     <span class='ocr_line' id='line_1_80' title="bbox 3338 298 3451 356; baseline 0.035 -4"><span class='ocrx_word' id='word_1_637' title='bbox 3338 298 3451 356; x_wconf 65' lang='grc' dir='ltr'><strong>γει</strong></span> 
     </span>
    </p>
   </div>
   <div class='ocr_carea' id='block_1_80' title="bbox 1879 396 3458 471">
    <p class='ocr_par' dir='ltr' id='par_1_80' title="bbox 1879 396 3458 471">
     <span class='ocr_line' id='line_1_81' title="bbox 1879 396 3458 471; baseline 0.008 -19"><span class='ocrx_word' id='word_1_638' title='bbox 1879 396 2107 471; x_wconf 81' lang='lat' dir='ltr'><strong>salutem</strong></span> <span class='ocrx_word' id='word_1_639' title='bbox 2138 406 2317 471; x_wconf 77' lang='lat' dir='ltr'><strong>tamen</strong></span> <span class='ocrx_word' id='word_1_640' title='bbox 2360 412 2613 468; x_wconf 79' lang='lat' dir='ltr'><strong>consequi</strong></span> <span class='ocrx_word' id='word_1_641' title='bbox 2646 400 2852 456; x_wconf 90' lang='lat' dir='ltr'><strong>nolunt.</strong></span> <span class='ocrx_word' id='word_1_642' title='bbox 2882 403 2975 458; x_wconf 75' lang='lat'><strong>43-</strong></span> <span class='ocrx_word' id='word_1_643' title='bbox 3007 401 3256 459; x_wconf 74' lang='lat' dir='ltr'><strong>Exaltaeti</strong></span> <span class='ocrx_word' id='word_1_644' title='bbox 3282 409 3458 464; x_wconf 67' lang='lat' dir='ltr'><strong>deste-</strong></span> 
     </span>
    </p>
   </div>
   <div class='ocr_carea' id='block_1_81' title="bbox 1873 468 2560 536">
    <p class='ocr_par' dir='ltr' id='par_1_81' title="bbox 1873 468 2560 536">
     <span class='ocr_line' id='line_1_82' title="bbox 1873 468 2560 536; baseline -0.001 -14"><span class='ocrx_word' id='word_1_645' title='bbox 1873 484 1989 522; x_wconf 80' lang='lat' dir='ltr'><strong>ram</strong></span> <span class='ocrx_word' id='word_1_646' title='bbox 2017 468 2401 536; x_wconf 60' lang='lat' dir='ltr'><strong>deprimendum</strong></span> <span class='ocrx_word' id='word_1_647' title='bbox 2428 485 2560 523; x_wconf 89' lang='lat' dir='ltr'><strong>eum.</strong></span> 
     </span>
    </p>
   </div>
   <div class='ocr_carea' id='block_1_82' title="bbox 1944 539 3463 612">
    <p class='ocr_par' dir='ltr' id='par_1_82' title="bbox 1944 539 3463 612">
     <span class='ocr_line' id='line_1_83' title="bbox 1944 539 3463 612; baseline 0.008 -19"><span class='ocrx_word' id='word_1_648' title='bbox 1944 540 1999 594; x_wconf 87' lang='lat'><strong>7.</strong></span> <span class='ocrx_word' id='word_1_649' title='bbox 2031 539 2213 612; x_wconf 71' lang='lat' dir='ltr'><strong>Vides</strong></span> <span class='ocrx_word' id='word_1_650' title='bbox 2245 554 2368 595; x_wconf 88' lang='lat' dir='ltr'><strong>eum</strong></span> <span class='ocrx_word' id='word_1_651' title='bbox 2393 540 2459 594; x_wconf 89' lang='lat' dir='ltr'><strong>de</strong></span> <span class='ocrx_word' id='word_1_652' title='bbox 2500 539 2566 594; x_wconf 90' lang='lat' dir='ltr'><strong>iis</strong></span> <span class='ocrx_word' id='word_1_653' title='bbox 2592 540 2742 612; x_wconf 83' lang='lat' dir='ltr'><strong>loqui</strong></span> <span class='ocrx_word' id='word_1_654' title='bbox 2770 581 2786 612; x_wconf 87' lang='lat'><strong>,</strong></span> <span class='ocrx_word' id='word_1_655' title='bbox 2824 542 2913 612; x_wconf 90' lang='lat' dir='ltr'><strong>qui</strong></span> <span class='ocrx_word' id='word_1_656' title='bbox 2954 542 3250 601; x_wconf 81' lang='lat' dir='ltr'><strong>Romanum</strong></span> <span class='ocrx_word' id='word_1_657' title='bbox 3280 557 3463 605; x_wconf 87' lang='lat' dir='ltr'><strong>tenent</strong></span> 
     </span>
    </p>
   </div>
   <div class='ocr_carea' id='block_1_83' title="bbox 1875 610 3459 697">
    <p class='ocr_par' dir='ltr' id='par_1_83' title="bbox 1875 610 3459 697">
     <span class='ocr_line' id='line_1_84' title="bbox 1875 610 3459 697; baseline 0.006 -33"><span class='ocrx_word' id='word_1_658' title='bbox 1875 610 2163 697; x_wconf 68' lang='lat' dir='ltr'><strong>imperium</strong></span> <span class='ocrx_word' id='word_1_659' title='bbox 2195 610 2349 697; x_wconf 69' lang='lat' dir='ltr'><strong>ipsos</strong></span> <span class='ocrx_word' id='word_1_660' title='bbox 2371 610 3459 697; x_wconf 48' lang='lat' dir='ltr'><strong>quippeillam_(syfnagogam)_deprimore</strong></span> 
     </span>
    </p>
   </div>
   <div class='ocr_carea' id='block_1_84' title="bbox 1873 679 3456 757">
    <p class='ocr_par' dir='ltr' id='par_1_84' title="bbox 1873 679 3456 757">
     <span class='ocr_line' id='line_1_85' title="bbox 1873 679 3456 757; baseline 0.006 -22"><span class='ocrx_word' id='word_1_661' title='bbox 1873 695 2034 757; x_wconf 81' lang='lat' dir='ltr'><strong>nemo</strong></span> <span class='ocrx_word' id='word_1_662' title='bbox 2064 693 2170 757; x_wconf 81' lang='lat' dir='ltr'><strong>non</strong></span> <span class='ocrx_word' id='word_1_663' title='bbox 2194 679 2341 757; x_wconf 76' lang='lat' dir='ltr'><strong>videt</strong></span> <span class='ocrx_word' id='word_1_664' title='bbox 2359 679 2514 757; x_wconf 85' lang='lat' dir='ltr'><strong>;_imo</strong></span> <span class='ocrx_word' id='word_1_665' title='bbox 2538 681 2705 757; x_wconf 78' lang='lat' dir='ltr'><strong>etiam</strong></span> <span class='ocrx_word' id='word_1_666' title='bbox 2726 679 2968 757; x_wconf 66' lang='lat' dir='ltr'><strong>deitera,</strong></span> <span class='ocrx_word' id='word_1_667' title='bbox 2991 679 3044 738; x_wconf 83' lang='lat' dir='ltr'><strong>id</strong></span> <span class='ocrx_word' id='word_1_668' title='bbox 3071 679 3153 741; x_wconf 75' lang='lat' dir='ltr'><strong>est</strong></span> <span class='ocrx_word' id='word_1_669' title='bbox 3179 727 3195 752; x_wconf 92' lang='lat'><strong>,</strong></span> <span class='ocrx_word' id='word_1_670' title='bbox 3219 679 3456 757; x_wconf 82' lang='lat' dir='ltr'><strong>potentia</strong></span> 
     </span>
    </p>
   </div>
   <div class='ocr_carea' id='block_1_85' title="bbox 1872 750 3461 825">
    <p class='ocr_par' dir='ltr' id='par_1_85' title="bbox 1872 750 3461 825">
     <span class='ocr_line' id='line_1_86' title="bbox 1872 750 3461 825; baseline 0.004 -19"><span class='ocrx_word' id='word_1_671' title='bbox 1872 750 2089 806; x_wconf 81' lang='lat' dir='ltr'><strong>exaltati</strong></span> <span class='ocrx_word' id='word_1_672' title='bbox 2120 758 2246 825; x_wconf 79' lang='lat' dir='ltr'><strong>sunt</strong></span> <span class='ocrx_word' id='word_1_673' title='bbox 2267 791 2283 814; x_wconf 90' lang='lat'><strong>,</strong></span> <span class='ocrx_word' id='word_1_674' title='bbox 2311 751 2499 825; x_wconf 78' lang='lat' dir='ltr'><strong>latiore</strong></span> <span class='ocrx_word' id='word_1_675' title='bbox 2525 751 2706 825; x_wconf 83' lang='lat' dir='ltr'><strong>donati</strong></span> <span class='ocrx_word' id='word_1_676' title='bbox 2739 753 2963 825; x_wconf 77' lang='lat' dir='ltr'><strong>imperio</strong></span> <span class='ocrx_word' id='word_1_677' title='bbox 2982 769 3090 825; x_wconf 82' lang='lat' dir='ltr'><strong>.ex</strong></span> <span class='ocrx_word' id='word_1_678' title='bbox 3119 750 3461 825; x_wconf 62' lang='lat' dir='ltr'><strong>quo&#39;Judaem</strong></span> 
     </span>
    </p>
   </div>
   <div class='ocr_carea' id='block_1_86' title="bbox 1873 820 3459 895">
    <p class='ocr_par' dir='ltr' id='par_1_86' title="bbox 1873 820 3459 895">
     <span class='ocr_line' id='line_1_87' title="bbox 1873 820 3459 895; baseline 0.005 -19"><span class='ocrx_word' id='word_1_679' title='bbox 1873 836 1993 895; x_wconf 82' lang='lat' dir='ltr'><strong>rum</strong></span> <span class='ocrx_word' id='word_1_680' title='bbox 2031 820 2299 895; x_wconf 69' lang='lat' dir='ltr'><strong>regionem</strong></span> <span class='ocrx_word' id='word_1_681' title='bbox 2326 821 2629 892; x_wconf 89' lang='lat' dir='ltr'><strong>depopulati</strong></span> <span class='ocrx_word' id='word_1_682' title='bbox 2672 820 3151 895; x_wconf 55' lang='grc' dir='ltr'><strong>βιιηιςιιειὶβεαειῖ</strong></span> <span class='ocrx_word' id='word_1_683' title='bbox 3166 843 3337 883; x_wconf 85' lang='lat' dir='ltr'><strong>omnes</strong></span> <span class='ocrx_word' id='word_1_684' title='bbox 3357 829 3459 884; x_wconf 86' lang='lat' dir='ltr'><strong>ini-</strong></span> 
     </span>
    </p>
   </div>
   <div class='ocr_carea' id='block_1_87' title="bbox 1874 891 3457 961">
    <p class='ocr_par' dir='ltr' id='par_1_87' title="bbox 1874 891 3457 961">
     <span class='ocr_line' id='line_1_88' title="bbox 1874 891 3457 961; baseline 0.006 -17"><span class='ocrx_word' id='word_1_685' title='bbox 1874 892 2030 945; x_wconf 82' lang='lat' dir='ltr'><strong>micos</strong></span> <span class='ocrx_word' id='word_1_686' title='bbox 2049 893 2180 961; x_wconf 83' lang='lat' dir='ltr'><strong>ejus.</strong></span> <span class='ocrx_word' id='word_1_687' title='bbox 2210 891 2265 945; x_wconf 90' lang='lat' dir='ltr'><strong>Si</strong></span> <span class='ocrx_word' id='word_1_688' title='bbox 2293 891 2482 961; x_wconf 82' lang='lat' dir='ltr'><strong>gentes</strong></span> <span class='ocrx_word' id='word_1_689' title='bbox 2499 900 2652 948; x_wconf 90' lang='lat' dir='ltr'><strong>vocet</strong></span> <span class='ocrx_word' id='word_1_690' title='bbox 2669 893 2913 950; x_wconf 88' lang='lat' dir='ltr'><strong>inimicos</strong></span> <span class='ocrx_word' id='word_1_691' title='bbox 2935 934 2951 957; x_wconf 87' lang='lat'><strong>.</strong></span> <span class='ocrx_word' id='word_1_692' title='bbox 2974 891 3096 950; x_wconf 87' lang='lat' dir='ltr'><strong>illas</strong></span> <span class='ocrx_word' id='word_1_693' title='bbox 3115 907 3261 953; x_wconf 89' lang='lat' dir='ltr'><strong>certe</strong></span> <span class='ocrx_word' id='word_1_694' title='bbox 3284 898 3457 954; x_wconf 68' lang='lat' dir='ltr'><strong>laetiﬁ-</strong></span> 
     </span>
    </p>
   </div>
   <div class='ocr_carea' id='block_1_88' title="bbox 1873 962 3463 1037">
    <p class='ocr_par' dir='ltr' id='par_1_88' title="bbox 1873 962 3463 1037">
     <span class='ocr_line' id='line_1_89' title="bbox 1873 962 3463 1037; baseline 0.008 -22"><span class='ocrx_word' id='word_1_695' title='bbox 1873 962 2013 1037; x_wconf 82' lang='lat' dir='ltr'><strong>cavit</strong></span> <span class='ocrx_word' id='word_1_696' title='bbox 2037 1000 2054 1026; x_wconf 94' lang='lat'><strong>,</strong></span> <span class='ocrx_word' id='word_1_697' title='bbox 2080 975 2186 1015; x_wconf 91' lang='lat' dir='ltr'><strong>non</strong></span> <span class='ocrx_word' id='word_1_698' title='bbox 2216 962 2519 1037; x_wconf 76' lang='lat' dir='ltr'><strong>quod_illos</strong></span> <span class='ocrx_word' id='word_1_699' title='bbox 2554 963 2918 1037; x_wconf 78' lang='lat' dir='ltr'><strong>devastaverit</strong></span> <span class='ocrx_word' id='word_1_700' title='bbox 2940 1006 2954 1029; x_wconf 90' lang='lat'><strong>,</strong></span> <span class='ocrx_word' id='word_1_701' title='bbox 2995 966 3090 1037; x_wconf 75' lang='lat' dir='ltr'><strong>sed</strong></span> <span class='ocrx_word' id='word_1_702' title='bbox 3123 966 3263 1037; x_wconf 92' lang='lat' dir='ltr'><strong>quod</strong></span> <span class='ocrx_word' id='word_1_703' title='bbox 3307 970 3463 1028; x_wconf 80' lang='lat' dir='ltr'><strong>nobis</strong></span> 
     </span>
    </p>
   </div>
   <div class='ocr_carea' id='block_1_89' title="bbox 1871 1032 3457 1104">
    <p class='ocr_par' dir='ltr' id='par_1_89' title="bbox 1871 1032 3457 1104">
     <span class='ocr_line' id='line_1_90' title="bbox 1871 1032 3457 1104; baseline 0.007 -21"><span class='ocrx_word' id='word_1_704' title='bbox 1871 1033 2099 1104; x_wconf 75' lang='lat' dir='ltr'><strong>gratiam</strong></span> <span class='ocrx_word' id='word_1_705' title='bbox 2123 1032 2441 1104; x_wconf 84' lang='lat' dir='ltr'><strong>contulerit:</strong></span> <span class='ocrx_word' id='word_1_706' title='bbox 2469 1035 2550 1087; x_wconf 89' lang='lat' dir='ltr'><strong>sin</strong></span> <span class='ocrx_word' id='word_1_707' title='bbox 2577 1034 2851 1088; x_wconf 73' lang='lat' dir='ltr'><strong>daemonas</strong></span> <span class='ocrx_word' id='word_1_708' title='bbox 2869 1035 3010 1091; x_wconf 85' lang='lat' dir='ltr'><strong>dicat</strong></span> <span class='ocrx_word' id='word_1_709' title='bbox 3028 1032 3271 1092; x_wconf 77' lang='lat' dir='ltr'><strong>inimicos</strong></span> <span class='ocrx_word' id='word_1_710' title='bbox 3293 1081 3309 1104; x_wconf 96' lang='lat'><strong>,</strong></span> <span class='ocrx_word' id='word_1_711' title='bbox 3337 1039 3457 1094; x_wconf 83' lang='lat' dir='ltr'><strong>illos</strong></span> 
     </span>
    </p>
   </div>
   <div class='ocr_carea' id='block_1_90' title="bbox 1874 1102 3460 1173">
    <p class='ocr_par' dir='ltr' id='par_1_90' title="bbox 1874 1102 3460 1173">
     <span class='ocr_line' id='line_1_91' title="bbox 1874 1102 3460 1173; baseline 0.007 -18"><span class='ocrx_word' id='word_1_712' title='bbox 1874 1102 2060 1173; x_wconf 84' lang='lat' dir='ltr'><strong>utique</strong></span> <span class='ocrx_word' id='word_1_713' title='bbox 2088 1102 2380 1156; x_wconf 72' lang='lat' dir='ltr'><strong>laetiﬁcavit</strong></span> <span class='ocrx_word' id='word_1_714' title='bbox 2404 1143 2418 1167; x_wconf 95' lang='lat'><strong>,</strong></span> <span class='ocrx_word' id='word_1_715' title='bbox 2452 1105 2704 1173; x_wconf 88' lang='lat' dir='ltr'><strong>quoniam</strong></span> <span class='ocrx_word' id='word_1_716' title='bbox 2739 1120 2899 1160; x_wconf 89' lang='lat' dir='ltr'><strong>manu</strong></span> <span class='ocrx_word' id='word_1_717' title='bbox 2929 1121 3025 1161; x_wconf 89' lang='lat' dir='ltr'><strong>sua</strong></span> <span class='ocrx_word' id='word_1_718' title='bbox 3048 1106 3264 1163; x_wconf 78' lang='lat' dir='ltr'><strong>Judteos</strong></span> <span class='ocrx_word' id='word_1_719' title='bbox 3289 1102 3460 1165; x_wconf 88' lang='lat' dir='ltr'><strong>denu-</strong></span> 
     </span>
    </p>
   </div>
   <div class='ocr_carea' id='block_1_91' title="bbox 1874 1172 3459 1246">
    <p class='ocr_par' dir='ltr' id='par_1_91' title="bbox 1874 1172 3459 1246">
     <span class='ocr_line' id='line_1_92' title="bbox 1874 1172 3459 1246; baseline 0.007 -22"><span class='ocrx_word' id='word_1_720' title='bbox 1874 1172 2056 1246; x_wconf 83' lang='lat' dir='ltr'><strong>davit,</strong></span> <span class='ocrx_word' id='word_1_721' title='bbox 2101 1180 2162 1246; x_wconf 87' lang='lat' dir='ltr'><strong>et_</strong></span> <span class='ocrx_word' id='word_1_722' title='bbox 2181 1182 2510 1246; x_wconf 82' lang='lat' dir='ltr'><strong>opportunos</strong></span> <span class='ocrx_word' id='word_1_723' title='bbox 2538 1173 2745 1246; x_wconf 88' lang='lat' dir='ltr'><strong>insidiis</strong></span> <span class='ocrx_word' id='word_1_724' title='bbox 2779 1177 2977 1230; x_wconf 86' lang='lat' dir='ltr'><strong>volenti</strong></span> <span class='ocrx_word' id='word_1_725' title='bbox 3003 1183 3196 1246; x_wconf 86' lang='lat' dir='ltr'><strong>cuique</strong></span> <span class='ocrx_word' id='word_1_726' title='bbox 3222 1179 3459 1235; x_wconf 88' lang='lat' dir='ltr'><strong>tradidit.</strong></span> 
     </span>
    </p>
   </div>
   <div class='ocr_carea' id='block_1_92' title="bbox 1873 1242 3458 1320">
    <p class='ocr_par' dir='ltr' id='par_1_92' title="bbox 1873 1242 3458 1320">
     <span class='ocr_line' id='line_1_93' title="bbox 1873 1242 3458 1320; baseline 0.006 -26"><span class='ocrx_word' id='word_1_727' title='bbox 1995 1243 2227 1320; x_wconf 67' lang='lat' dir='ltr'><strong>Auertiin</strong></span> <span class='ocrx_word' id='word_1_728' title='bbox 2255 1244 2565 1313; x_wconf 83' lang='lat' dir='ltr'><strong>adjutorium</strong></span> <span class='ocrx_word' id='word_1_729' title='bbox 2590 1245 2747 1320; x_wconf 68' lang='lat' dir='ltr'><strong>gladii</strong></span> <span class='ocrx_word' id='word_1_730' title='bbox 2776 1247 2907 1320; x_wconf 81' lang='lat' dir='ltr'><strong>ejus.</strong></span> <span class='ocrx_word' id='word_1_731' title='bbox 2936 1247 3014 1320; x_wconf 82' lang='lat' dir='ltr'><strong>Pii</strong></span> <span class='ocrx_word' id='word_1_732' title='bbox 3040 1242 3188 1304; x_wconf 79' lang='lat' dir='ltr'><strong>certe</strong></span> <span class='ocrx_word' id='word_1_733' title='bbox 3215 1248 3313 1304; x_wconf 86' lang='lat' dir='ltr'><strong>viri</strong></span> <span class='ocrx_word' id='word_1_734' title='bbox 3338 1252 3458 1320; x_wconf 89' lang='lat' dir='ltr'><strong>gla-</strong></span> 
     </span>
    </p>
   </div>
   <div class='ocr_carea' id='block_1_93' title="bbox 1875 1312 3462 1388">
    <p class='ocr_par' dir='ltr' id='par_1_93' title="bbox 1875 1312 3462 1388">
     <span class='ocr_line' id='line_1_94' title="bbox 1875 1312 3462 1388; baseline 0.005 -21"><span class='ocrx_word' id='word_1_735' title='bbox 1875 1313 1998 1367; x_wconf 89' lang='lat' dir='ltr'><strong>dius</strong></span> <span class='ocrx_word' id='word_1_736' title='bbox 2023 1323 2104 1366; x_wconf 76' lang='lat' dir='ltr'><strong>est</strong></span> <span class='ocrx_word' id='word_1_737' title='bbox 2126 1312 2216 1388; x_wconf 71' lang='lat' dir='ltr'><strong>Dei</strong></span> <span class='ocrx_word' id='word_1_738' title='bbox 2250 1312 2610 1383; x_wconf 35' lang='lat' dir='ltr'><strong>praeceptum’:</strong></span> <span class='ocrx_word' id='word_1_739' title='bbox 2645 1315 2737 1388; x_wconf 85' lang='lat' dir='ltr'><strong>illo</strong></span> <span class='ocrx_word' id='word_1_740' title='bbox 2774 1312 2915 1388; x_wconf 72' lang='lat' dir='ltr'><strong>enim</strong></span> <span class='ocrx_word' id='word_1_741' title='bbox 2948 1317 3279 1373; x_wconf 78' lang='lat' dir='ltr'><strong>adversarias</strong></span> <span class='ocrx_word' id='word_1_742' title='bbox 3312 1312 3462 1388; x_wconf 61' lang='lat' dir='ltr'><strong>pote-</strong></span> 
     </span>
    </p>
   </div>
   <div class='ocr_carea' id='block_1_94' title="bbox 1875 1381 3464 1453">
    <p class='ocr_par' dir='ltr' id='par_1_94' title="bbox 1875 1381 3464 1453">
     <span class='ocr_line' id='line_1_95' title="bbox 1875 1381 3464 1453; baseline 0.006 -16"><span class='ocrx_word' id='word_1_743' title='bbox 1875 1390 2040 1438; x_wconf 84' lang='lat' dir='ltr'><strong>states</strong></span> <span class='ocrx_word' id='word_1_744' title='bbox 2061 1381 2439 1453; x_wconf 47' lang='lat' dir='ltr'><strong>proﬂigamosi</strong></span> <span class='ocrx_word' id='word_1_745' title='bbox 2454 1385 2800 1453; x_wconf 86' lang='lat' dir='ltr'><strong>quamobrem</strong></span> <span class='ocrx_word' id='word_1_746' title='bbox 2825 1387 3018 1442; x_wconf 75' lang='lat' dir='ltr'><strong>Paulus</strong></span> <span class='ocrx_word' id='word_1_747' title='bbox 3037 1388 3280 1444; x_wconf 82' lang='lat' dir='ltr'><strong>dicebat:</strong></span> <span class='ocrx_word' id='word_1_748' title='bbox 3309 1381 3464 1446; x_wconf 75' lang='lat' dir='ltr'><strong>Vivus</strong></span> 
     </span>
    </p>
   </div>
   <div class='ocr_carea' id='block_1_95' title="bbox 1874 1452 3460 1531">
    <p class='ocr_par' dir='ltr' id='par_1_95' title="bbox 1874 1452 3460 1531">
     <span class='ocr_line' id='line_1_96' title="bbox 1874 1452 3460 1531; baseline 0.006 -25"><span class='ocrx_word' id='word_1_749' title='bbox 1874 1454 2008 1531; x_wconf 79' lang='lat' dir='ltr'><strong>enim</strong></span> <span class='ocrx_word' id='word_1_750' title='bbox 2030 1468 2193 1531; x_wconf 69' lang='lat' dir='ltr'><strong>sermo</strong></span> <span class='ocrx_word' id='word_1_751' title='bbox 2226 1452 2357 1531; x_wconf 65' lang='lat'><strong>._</strong></span> <span class='ocrx_word' id='word_1_752' title='bbox 2384 1452 2650 1531; x_wconf 10' lang='lat' dir='ltr'><strong>etreﬂicatr,</strong></span> <span class='ocrx_word' id='word_1_753' title='bbox 2669 1465 2716 1531; x_wconf 77' lang='lat' dir='ltr'><strong>et</strong></span> <span class='ocrx_word' id='word_1_754' title='bbox 2744 1458 3104 1531; x_wconf 72' lang='lat' dir='ltr'><strong>penetrabilior</strong></span> <span class='ocrx_word' id='word_1_755' title='bbox 3123 1460 3260 1512; x_wconf 86' lang='lat' dir='ltr'><strong>omni</strong></span> <span class='ocrx_word' id='word_1_756' title='bbox 3286 1461 3460 1531; x_wconf 84' lang='lat' dir='ltr'><strong>gladio</strong></span> 
     </span>
    </p>
   </div>
   <div class='ocr_carea' id='block_1_96' title="bbox 1875 1523 3462 1600">
    <p class='ocr_par' dir='ltr' id='par_1_96' title="bbox 1875 1523 3462 1600">
     <span class='ocr_line' id='line_1_97' title="bbox 1875 1523 3462 1600; baseline 0.006 -25"><span class='ocrx_word' id='word_1_757' title='bbox 1875 1524 2089 1600; x_wconf 66' lang='lat' dir='ltr'><strong>ancipiti</strong></span> <span class='ocrx_word' id='word_1_758' title='bbox 2113 1523 2383 1600; x_wconf 56' lang='lat' dir='ltr'><strong>(Hebr._§.</strong></span> <span class='ocrx_word' id='word_1_759' title='bbox 2407 1523 2519 1600; x_wconf 36' lang='lat'><strong>12)”.</strong></span> <span class='ocrx_word' id='word_1_760' title='bbox 2541 1523 2769 1600; x_wconf 71' lang='lat' dir='ltr'><strong>_(_;Iadius</strong></span> <span class='ocrx_word' id='word_1_761' title='bbox 2785 1538 2972 1600; x_wconf 68' lang='lat' dir='ltr'><strong>autem</strong></span> <span class='ocrx_word' id='word_1_762' title='bbox 3006 1523 3310 1584; x_wconf 68' lang='lat' dir='ltr'><strong>Iudaeorum</strong></span> <span class='ocrx_word' id='word_1_763' title='bbox 3336 1546 3462 1600; x_wconf 80' lang='lat' dir='ltr'><strong>pro-</strong></span> 
     </span>
    </p>
   </div>
   <div class='ocr_carea' id='block_1_97' title="bbox 1879 1594 3458 1670">
    <p class='ocr_par' dir='ltr' id='par_1_97' title="bbox 1879 1594 3458 1670">
     <span class='ocr_line' id='line_1_98' title="bbox 1879 1594 3458 1670; baseline 0.005 -23"><span class='ocrx_word' id='word_1_764' title='bbox 1879 1595 2025 1670; x_wconf 81' lang='lat' dir='ltr'><strong>prius</strong></span> <span class='ocrx_word' id='word_1_765' title='bbox 2050 1603 2166 1649; x_wconf 91' lang='lat' dir='ltr'><strong>erat</strong></span> <span class='ocrx_word' id='word_1_766' title='bbox 2191 1594 2272 1670; x_wconf 59' lang='lat' dir='ltr'><strong>les</strong></span> <span class='ocrx_word' id='word_1_767' title='bbox 2299 1594 2513 1670; x_wconf 75' lang='lat' dir='ltr'><strong>Moysis.</strong></span> <span class='ocrx_word' id='word_1_768' title='bbox 2541 1595 2706 1666; x_wconf 84' lang='lat' dir='ltr'><strong>Hujus</strong></span> <span class='ocrx_word' id='word_1_769' title='bbox 2733 1597 3066 1670; x_wconf 75' lang='lat' dir='ltr'><strong>adjutoriunt</strong></span> <span class='ocrx_word' id='word_1_770' title='bbox 3083 1602 3272 1670; x_wconf 65' lang='lat' dir='ltr'><strong>avertit</strong></span> <span class='ocrx_word' id='word_1_771' title='bbox 3296 1618 3311 1664; x_wconf 84' lang='lat'><strong>;</strong></span> <span class='ocrx_word' id='word_1_772' title='bbox 3337 1594 3458 1670; x_wconf 75' lang='lat' dir='ltr'><strong>ejus</strong></span> 
     </span>
    </p>
   </div>
   <div class='ocr_carea' id='block_1_98' title="bbox 1875 1611 3460 1739">
    <p class='ocr_par' dir='ltr' id='par_1_98' title="bbox 1875 1611 3460 1739">
     <span class='ocr_line' id='line_1_99' title="bbox 1879 1611 3458 1719; baseline 0.004 -71"><span class='ocrx_word' id='word_1_773' title='bbox 1879 1611 2025 1663; x_wconf 79' lang='lat' dir='ltr'><strong>prius</strong></span> <span class='ocrx_word' id='word_1_774' title='bbox 2050 1611 2166 1649; x_wconf 86' lang='lat' dir='ltr'><strong>erat</strong></span> <span class='ocrx_word' id='word_1_775' title='bbox 2191 1611 2272 1649; x_wconf 80' lang='lat' dir='ltr'><strong>tex</strong></span> <span class='ocrx_word' id='word_1_776' title='bbox 2299 1611 2513 1719; x_wconf 56' lang='lat' dir='ltr'><strong>Mtijsts.</strong></span> <span class='ocrx_word' id='word_1_777' title='bbox 2541 1611 2706 1666; x_wconf 77' lang='lat' dir='ltr'><strong>uujus</strong></span> <span class='ocrx_word' id='word_1_778' title='bbox 2733 1611 3053 1667; x_wconf 77' lang='lat' dir='ltr'><strong>adjutortum</strong></span> <span class='ocrx_word' id='word_1_779' title='bbox 3083 1611 3272 1654; x_wconf 77' lang='lat' dir='ltr'><strong>avertit</strong></span> <span class='ocrx_word' id='word_1_780' title='bbox 3296 1618 3311 1664; x_wconf 84' lang='lat'><strong>;</strong></span> <span class='ocrx_word' id='word_1_781' title='bbox 3340 1611 3458 1670; x_wconf 84' lang='lat' dir='ltr'><strong>ejus</strong></span> 
     </span>
     <span class='ocr_line' id='line_1_100' title="bbox 1875 1664 3460 1739; baseline 0.005 -21"><span class='ocrx_word' id='word_1_782' title='bbox 1875 1664 2019 1739; x_wconf 75' lang='lat' dir='ltr'><strong>enim</strong></span> <span class='ocrx_word' id='word_1_783' title='bbox 2060 1665 2349 1739; x_wconf 78' lang='lat' dir='ltr'><strong>secundum</strong></span> <span class='ocrx_word' id='word_1_784' title='bbox 2394 1668 2596 1739; x_wconf 80' lang='lat' dir='ltr'><strong>iteram</strong></span> <span class='ocrx_word' id='word_1_785' title='bbox 2643 1683 2794 1722; x_wconf 92' lang='lat' dir='ltr'><strong>usum</strong></span> <span class='ocrx_word' id='word_1_786' title='bbox 2823 1668 3114 1739; x_wconf 82' lang='lat' dir='ltr'><strong>abrogavit.</strong></span> <span class='ocrx_word' id='word_1_787' title='bbox 3167 1668 3235 1722; x_wconf 83' lang='lat' dir='ltr'><strong>Et</strong></span> <span class='ocrx_word' id='word_1_788' title='bbox 3273 1688 3374 1724; x_wconf 88' lang='lat' dir='ltr'><strong>non</strong></span> <span class='ocrx_word' id='word_1_789' title='bbox 3408 1689 3460 1726; x_wconf 85' lang='lat' dir='ltr'><strong>es</strong></span> 
     </span>
    </p>
   </div>
   <div class='ocr_carea' id='block_1_99' title="bbox 1874 1734 3457 1808">
    <p class='ocr_par' dir='ltr' id='par_1_99' title="bbox 1874 1734 3457 1808">
     <span class='ocr_line' id='line_1_101' title="bbox 1874 1734 3457 1808; baseline 0.005 -20"><span class='ocrx_word' id='word_1_790' title='bbox 1874 1734 2152 1789; x_wconf 63' lang='lat' dir='ltr'><strong>auxiliatum</strong></span> <span class='ocrx_word' id='word_1_791' title='bbox 2174 1736 2220 1790; x_wconf 87' lang='lat' dir='ltr'><strong>ei</strong></span> <span class='ocrx_word' id='word_1_792' title='bbox 2246 1735 2299 1789; x_wconf 87' lang='lat' dir='ltr'><strong>in</strong></span> <span class='ocrx_word' id='word_1_793' title='bbox 2327 1735 2476 1790; x_wconf 79' lang='lat' dir='ltr'><strong>bello.</strong></span> <span class='ocrx_word' id='word_1_794' title='bbox 2504 1738 2788 1803; x_wconf 79' lang='lat' dir='ltr'><strong>Quonam?</strong></span> <span class='ocrx_word' id='word_1_795' title='bbox 2812 1739 2864 1792; x_wconf 92' lang='lat' dir='ltr'><strong>In</strong></span> <span class='ocrx_word' id='word_1_796' title='bbox 2892 1734 3116 1808; x_wconf 65' lang='lat' dir='ltr'><strong>eo&#39;quod</strong></span> <span class='ocrx_word' id='word_1_797' title='bbox 3143 1750 3327 1795; x_wconf 86' lang='lat' dir='ltr'><strong>contra</strong></span> <span class='ocrx_word' id='word_1_798' title='bbox 3355 1758 3457 1797; x_wconf 88' lang='lat' dir='ltr'><strong>nos</strong></span> 
     </span>
    </p>
   </div>
   <div class='ocr_carea' id='block_1_100' title="bbox 1880 1809 3459 1881">
    <p class='ocr_par' dir='ltr' id='par_1_100' title="bbox 1880 1809 3459 1881">
     <span class='ocr_line' id='line_1_102' title="bbox 1880 1809 3459 1881; baseline 0.004 -23"><span class='ocrx_word' id='word_1_799' title='bbox 1880 1815 2264 1881; x_wconf 79' lang='lat' dir='ltr'><strong>susceperunt:</strong></span> <span class='ocrx_word' id='word_1_800' title='bbox 2292 1821 2436 1878; x_wconf 59' lang='lat' dir='ltr'><strong>sa&#39;pe</strong></span> <span class='ocrx_word' id='word_1_801' title='bbox 2465 1823 2695 1881; x_wconf 71' lang='lat' dir='ltr'><strong>tiamne</strong></span> <span class='ocrx_word' id='word_1_802' title='bbox 2711 1809 2990 1881; x_wconf 75' lang='lat' dir='ltr'><strong>nobiseum</strong></span> <span class='ocrx_word' id='word_1_803' title='bbox 3018 1810 3234 1881; x_wconf 68' lang='lat' dir='ltr'><strong>exiege</strong></span> <span class='ocrx_word' id='word_1_804' title='bbox 3261 1823 3315 1865; x_wconf 88' lang='lat' dir='ltr'><strong>et</strong></span> <span class='ocrx_word' id='word_1_805' title='bbox 3338 1828 3459 1881; x_wconf 83' lang='lat' dir='ltr'><strong>pro-</strong></span> 
     </span>
    </p>
   </div>
   <div class='ocr_carea' id='block_1_101' title="bbox 1880 1875 3461 1952">
    <p class='ocr_par' dir='ltr' id='par_1_101' title="bbox 1880 1875 3461 1952">
     <span class='ocr_line' id='line_1_103' title="bbox 1880 1875 3461 1952; baseline 0.005 -24"><span class='ocrx_word' id='word_1_806' title='bbox 1880 1875 2057 1952; x_wconf 82' lang='lat' dir='ltr'><strong>phetis</strong></span> <span class='ocrx_word' id='word_1_807' title='bbox 2089 1885 2323 1952; x_wconf 79' lang='lat' dir='ltr'><strong>pugnant</strong></span> <span class='ocrx_word' id='word_1_808' title='bbox 2341 1875 2484 1942; x_wconf 57' lang='lat' dir='ltr'><strong>{sed</strong></span> <span class='ocrx_word' id='word_1_809' title='bbox 2514 1875 2751 1952; x_wconf 74' lang='lat' dir='ltr'><strong>nonillis</strong></span> <span class='ocrx_word' id='word_1_810' title='bbox 2776 1879 2915 1952; x_wconf 81' lang='lat' dir='ltr'><strong>Deus</strong></span> <span class='ocrx_word' id='word_1_811' title='bbox 2940 1920 2954 1939; x_wconf 92' lang='lat'><strong>.</strong></span> <span class='ocrx_word' id='word_1_812' title='bbox 2984 1880 3137 1952; x_wconf 83' lang='lat' dir='ltr'><strong>nobis</strong></span> <span class='ocrx_word' id='word_1_813' title='bbox 3163 1875 3461 1952; x_wconf 63' lang='lat' dir='ltr'><strong>autem&#39;po-</strong></span> 
     </span>
    </p>
   </div>
   <div class='ocr_carea' id='block_1_102' title="bbox 1884 1946 3455 2018">
    <p class='ocr_par' dir='ltr' id='par_1_102' title="bbox 1884 1946 3455 2018">
     <span class='ocr_line' id='line_1_104' title="bbox 1884 1946 3455 2018; baseline 0.004 -19"><span class='ocrx_word' id='word_1_814' title='bbox 1884 1947 2008 2010; x_wconf 86' lang='lat' dir='ltr'><strong>tius,</strong></span> <span class='ocrx_word' id='word_1_815' title='bbox 2037 1946 2358 2018; x_wconf 78' lang='lat' dir='ltr'><strong>scriptorum</strong></span> <span class='ocrx_word' id='word_1_816' title='bbox 2389 1949 2739 2016; x_wconf 89' lang='lat' dir='ltr'><strong>patrocinium</strong></span> <span class='ocrx_word' id='word_1_817' title='bbox 2765 1949 2966 2018; x_wconf 69' lang='lat' dir='ltr'><strong>praabet</strong></span> <span class='ocrx_word' id='word_1_818' title='bbox 2989 1991 3005 2016; x_wconf 90' lang='lat'><strong>,</strong></span> <span class='ocrx_word' id='word_1_819' title='bbox 3035 1950 3158 2003; x_wconf 90' lang='lat' dir='ltr'><strong>dum</strong></span> <span class='ocrx_word' id='word_1_820' title='bbox 3195 1953 3246 2004; x_wconf 89' lang='lat' dir='ltr'><strong>in</strong></span> <span class='ocrx_word' id='word_1_821' title='bbox 3273 1946 3455 2006; x_wconf 78' lang='lat' dir='ltr'><strong>eorum</strong></span> 
     </span>
    </p>
   </div>
   <div class='ocr_carea' id='block_1_103' title="bbox 1881 2016 3459 2092">
    <p class='ocr_par' dir='ltr' id='par_1_103' title="bbox 1881 2016 3459 2092">
     <span class='ocr_line' id='line_1_105' title="bbox 1881 2016 3459 2092; baseline 0.006 -23"><span class='ocrx_word' id='word_1_822' title='bbox 1881 2016 2307 2092; x_wconf 72' lang='lat' dir='ltr'><strong>accusationem,</strong></span> <span class='ocrx_word' id='word_1_823' title='bbox 2336 2018 2385 2070; x_wconf 91' lang='lat' dir='ltr'><strong>in</strong></span> <span class='ocrx_word' id='word_1_824' title='bbox 2402 2026 2647 2092; x_wconf 75' lang='lat' dir='ltr'><strong>nostram</strong></span> <span class='ocrx_word' id='word_1_825' title='bbox 2674 2016 2809 2092; x_wconf 81' lang='lat' dir='ltr'><strong>vero</strong></span> <span class='ocrx_word' id='word_1_826' title='bbox 2829 2017 3193 2092; x_wconf 78' lang='lat' dir='ltr'><strong>defensionem</strong></span> <span class='ocrx_word' id='word_1_827' title='bbox 3215 2063 3230 2084; x_wconf 90' lang='lat'><strong>,</strong></span> <span class='ocrx_word' id='word_1_828' title='bbox 3257 2023 3459 2092; x_wconf 78' lang='lat' dir='ltr'><strong>scripta</strong></span> 
     </span>
    </p>
   </div>
   <div class='ocr_carea' id='block_1_104' title="bbox 1876 2086 3455 2154">
    <p class='ocr_par' dir='ltr' id='par_1_104' title="bbox 1876 2086 3455 2154">
     <span class='ocr_line' id='line_1_106' title="bbox 1876 2086 3455 2154; baseline 0.008 -20"><span class='ocrx_word' id='word_1_829' title='bbox 1876 2086 2053 2141; x_wconf 82' lang='lat' dir='ltr'><strong>omnia</strong></span> <span class='ocrx_word' id='word_1_830' title='bbox 2078 2088 2354 2154; x_wconf 88' lang='lat' dir='ltr'><strong>pertrahit.</strong></span> <span class='ocrx_word' id='word_1_831' title='bbox 2385 2089 2472 2143; x_wconf 79' lang='grc'><strong>45.</strong></span> <span class='ocrx_word' id='word_1_832' title='bbox 2504 2087 2811 2142; x_wconf 75' lang='lat' dir='ltr'><strong>Destruxisti</strong></span> <span class='ocrx_word' id='word_1_833' title='bbox 2850 2106 2963 2142; x_wconf 87' lang='lat' dir='ltr'><strong>eum</strong></span> <span class='ocrx_word' id='word_1_834' title='bbox 2986 2090 3047 2142; x_wconf 85' lang='lat' dir='ltr'><strong>ab</strong></span> <span class='ocrx_word' id='word_1_835' title='bbox 3078 2086 3455 2148; x_wconf 76' lang='lat' dir='ltr'><strong>emundatioite.</strong></span> 
     </span>
    </p>
   </div>
   <div class='ocr_carea' id='block_1_105' title="bbox 1876 2157 3452 2227">
    <p class='ocr_par' dir='ltr' id='par_1_105' title="bbox 1876 2157 3452 2227">
     <span class='ocr_line' id='line_1_107' title="bbox 1876 2157 3452 2227; baseline 0.005 -19"><span class='ocrx_word' id='word_1_836' title='bbox 1876 2158 1992 2222; x_wconf 77' lang='lat' dir='ltr'><strong>Quo</strong></span> <span class='ocrx_word' id='word_1_837' title='bbox 2043 2157 2242 2226; x_wconf 87' lang='lat' dir='ltr'><strong>pacto?</strong></span> <span class='ocrx_word' id='word_1_838' title='bbox 2270 2157 2412 2227; x_wconf 87' lang='lat' dir='ltr'><strong>Lege</strong></span> <span class='ocrx_word' id='word_1_839' title='bbox 2449 2168 2689 2212; x_wconf 89' lang='lat' dir='ltr'><strong>statuens</strong></span> <span class='ocrx_word' id='word_1_840' title='bbox 2744 2174 2923 2213; x_wconf 85' lang='lat' dir='ltr'><strong>veram</strong></span> <span class='ocrx_word' id='word_1_841' title='bbox 2974 2162 3404 2216; x_wconf 77' lang='lat' dir='ltr'><strong>emendationem</strong></span> <span class='ocrx_word' id='word_1_842' title='bbox 3437 2205 3452 2225; x_wconf 91' lang='lat'><strong>,</strong></span> 
     </span>
    </p>
   </div>
   <div class='ocr_carea' id='block_1_106' title="bbox 1882 2227 3454 2294">
    <p class='ocr_par' dir='ltr' id='par_1_106' title="bbox 1882 2227 3454 2294">
     <span class='ocr_line' id='line_1_108' title="bbox 1882 2227 3454 2294; baseline 0.006 -15"><span class='ocrx_word' id='word_1_843' title='bbox 1882 2227 2203 2294; x_wconf 87' lang='lat' dir='ltr'><strong>baptismum</strong></span> <span class='ocrx_word' id='word_1_844' title='bbox 2235 2229 2457 2281; x_wconf 89' lang='lat' dir='ltr'><strong>scilicet.</strong></span> <span class='ocrx_word' id='word_1_845' title='bbox 2480 2229 2869 2284; x_wconf 84' lang='lat' dir='ltr'><strong>Emundatione</strong></span> <span class='ocrx_word' id='word_1_846' title='bbox 2889 2231 3031 2284; x_wconf 90' lang='lat' dir='ltr'><strong>enim</strong></span> <span class='ocrx_word' id='word_1_847' title='bbox 3054 2230 3140 2285; x_wconf 87' lang='lat' dir='ltr'><strong>illa</strong></span> <span class='ocrx_word' id='word_1_848' title='bbox 3161 2233 3454 2288; x_wconf 74' lang='lat' dir='ltr'><strong>universali</strong></span> 
     </span>
    </p>
   </div>
   <div class='ocr_carea' id='block_1_107' title="bbox 1876 2296 3456 2370">
    <p class='ocr_par' dir='ltr' id='par_1_107' title="bbox 1876 2296 3456 2370">
     <span class='ocr_line' id='line_1_109' title="bbox 1876 2296 3456 2370; baseline 0.004 -20"><span class='ocrx_word' id='word_1_849' title='bbox 1876 2296 2086 2370; x_wconf 80' lang='lat' dir='ltr'><strong>inducta</strong></span> <span class='ocrx_word' id='word_1_850' title='bbox 2114 2312 2210 2370; x_wconf 83' lang='lat' dir='ltr'><strong>per</strong></span> <span class='ocrx_word' id='word_1_851' title='bbox 2238 2298 2698 2370; x_wconf 73' lang='lat' dir='ltr'><strong>prtedicationem,</strong></span> <span class='ocrx_word' id='word_1_852' title='bbox 2730 2300 3133 2354; x_wconf 88' lang='lat' dir='ltr'><strong>emnndationes</strong></span> <span class='ocrx_word' id='word_1_853' title='bbox 3161 2302 3263 2355; x_wconf 71' lang='lat' dir='ltr'><strong>illan</strong></span> <span class='ocrx_word' id='word_1_854' title='bbox 3291 2304 3456 2370; x_wconf 80' lang='lat' dir='ltr'><strong>parti-</strong></span> 
     </span>
    </p>
   </div>
   <div class='ocr_carea' id='block_1_108' title="bbox 1875 2367 3455 2439">
    <p class='ocr_par' dir='ltr' id='par_1_108' title="bbox 1875 2367 3455 2439">
     <span class='ocr_line' id='line_1_110' title="bbox 1875 2367 3455 2439; baseline 0.004 -20"><span class='ocrx_word' id='word_1_855' title='bbox 1875 2367 2084 2439; x_wconf 62' lang='lat' dir='ltr'><strong>culares</strong></span> <span class='ocrx_word' id='word_1_856' title='bbox 2107 2367 2410 2439; x_wconf 66' lang='lat' dir='ltr'><strong>.Indazorum</strong></span> <span class='ocrx_word' id='word_1_857' title='bbox 2430 2369 2646 2439; x_wconf 68' lang='lat' dir='ltr'><strong>abolita:</strong></span> <span class='ocrx_word' id='word_1_858' title='bbox 2671 2380 2812 2423; x_wconf 91' lang='lat' dir='ltr'><strong>sunt.</strong></span> <span class='ocrx_word' id='word_1_859' title='bbox 2843 2370 3199 2435; x_wconf 81' lang='lat' dir='ltr'><strong>Quamobrem</strong></span> <span class='ocrx_word' id='word_1_860' title='bbox 3224 2367 3321 2439; x_wconf 84' lang='lat' dir='ltr'><strong>pro</strong></span> <span class='ocrx_word' id='word_1_861' title='bbox 3341 2372 3455 2438; x_wconf 92' lang='lat' dir='ltr'><strong>illo,</strong></span> 
     </span>
    </p>
   </div>
   <div class='ocr_carea' id='block_1_109' title="bbox 1862 2437 3456 2503">
    <p class='ocr_par' dir='ltr' id='par_1_109' title="bbox 1862 2437 3456 2503">
     <span class='ocr_line' id='line_1_111' title="bbox 1862 2437 3456 2503; baseline 0.003 -12"><span class='ocrx_word' id='word_1_862' title='bbox 1862 2437 2200 2502; x_wconf 74' lang='lat' dir='ltr'><strong>&#39;Destruxisti,</strong></span> <span class='ocrx_word' id='word_1_863' title='bbox 2232 2437 2394 2491; x_wconf 89' lang='lat' dir='ltr'><strong>editio</strong></span> <span class='ocrx_word' id='word_1_864' title='bbox 2419 2437 2582 2493; x_wconf 80' lang='lat' dir='ltr'><strong>Sexta</strong></span> <span class='ocrx_word' id='word_1_865' title='bbox 2605 2439 2779 2503; x_wconf 84' lang='lat' dir='ltr'><strong>posuit</strong></span> <span class='ocrx_word' id='word_1_866' title='bbox 2807 2481 2821 2503; x_wconf 89' lang='lat'><strong>,</strong></span> <span class='ocrx_word' id='word_1_867' title='bbox 2853 2439 3164 2494; x_wconf 85' lang='lat' dir='ltr'><strong>Demersisti.</strong></span> <span class='ocrx_word' id='word_1_868' title='bbox 3191 2437 3456 2496; x_wconf 65' lang='lat' dir='ltr'><strong>Turonum</strong></span> 
     </span>
    </p>
   </div>
   <div class='ocr_carea' id='block_1_110' title="bbox 1874 2507 3450 2581">
    <p class='ocr_par' dir='ltr' id='par_1_110' title="bbox 1874 2507 3450 2581">
     <span class='ocr_line' id='line_1_112' title="bbox 1874 2507 3450 2581; baseline 0.003 -19"><span class='ocrx_word' id='word_1_869' title='bbox 1874 2510 1986 2581; x_wconf 84' lang='lat' dir='ltr'><strong>ejus</strong></span> <span class='ocrx_word' id='word_1_870' title='bbox 2007 2510 2059 2581; x_wconf 82' lang='lat' dir='ltr'><strong>in</strong></span> <span class='ocrx_word' id='word_1_871' title='bbox 2086 2507 2551 2581; x_wconf 75' lang='lat' dir='ltr'><strong>terrameoltisisti.</strong></span> <span class='ocrx_word' id='word_1_872' title='bbox 2568 2509 2842 2581; x_wconf 85' lang='lat' dir='ltr'><strong>Turonum</strong></span> <span class='ocrx_word' id='word_1_873' title='bbox 2860 2510 3064 2566; x_wconf 84' lang='lat' dir='ltr'><strong>scilicet</strong></span> <span class='ocrx_word' id='word_1_874' title='bbox 3089 2511 3204 2566; x_wconf 85' lang='lat' dir='ltr'><strong>sive</strong></span> <span class='ocrx_word' id='word_1_875' title='bbox 3226 2513 3450 2581; x_wconf 85' lang='lat' dir='ltr'><strong>regium,</strong></span> 
     </span>
    </p>
   </div>
   <div class='ocr_carea' id='block_1_111' title="bbox 1874 2578 3455 2645">
    <p class='ocr_par' dir='ltr' id='par_1_111' title="bbox 1874 2578 3455 2645">
     <span class='ocr_line' id='line_1_113' title="bbox 1874 2578 3455 2645; baseline 0.004 -13"><span class='ocrx_word' id='word_1_876' title='bbox 1874 2580 1987 2632; x_wconf 88' lang='lat' dir='ltr'><strong>sive</strong></span> <span class='ocrx_word' id='word_1_877' title='bbox 2030 2578 2342 2643; x_wconf 88' lang='lat' dir='ltr'><strong>doctriuale,</strong></span> <span class='ocrx_word' id='word_1_878' title='bbox 2370 2580 2483 2634; x_wconf 88' lang='lat' dir='ltr'><strong>sive</strong></span> <span class='ocrx_word' id='word_1_879' title='bbox 2526 2580 2856 2635; x_wconf 76' lang='lat' dir='ltr'><strong>Sacerdotale</strong></span> <span class='ocrx_word' id='word_1_880' title='bbox 2896 2581 3126 2645; x_wconf 77' lang='lat' dir='ltr'><strong>dixeris;</strong></span> <span class='ocrx_word' id='word_1_881' title='bbox 3158 2582 3208 2636; x_wconf 91' lang='lat' dir='ltr'><strong>hi</strong></span> <span class='ocrx_word' id='word_1_882' title='bbox 3249 2578 3455 2638; x_wconf 76' lang='lat' dir='ltr'><strong>scilicet</strong></span> 
     </span>
    </p>
   </div>
   <div class='ocr_carea' id='block_1_112' title="bbox 1873 2648 3456 2721">
    <p class='ocr_par' dir='ltr' id='par_1_112' title="bbox 1873 2648 3456 2721">
     <span class='ocr_line' id='line_1_114' title="bbox 1873 2648 3456 2721; baseline 0.003 -20"><span class='ocrx_word' id='word_1_883' title='bbox 1873 2663 2062 2721; x_wconf 77' lang='lat' dir='ltr'><strong>omnes</strong></span> <span class='ocrx_word' id='word_1_884' title='bbox 2088 2650 2260 2721; x_wconf 84' lang='lat' dir='ltr'><strong>throni</strong></span> <span class='ocrx_word' id='word_1_885' title='bbox 2285 2648 2589 2704; x_wconf 65' lang='lat' dir='ltr'><strong>Iudaeorum</strong></span> <span class='ocrx_word' id='word_1_886' title='bbox 2616 2650 2872 2705; x_wconf 88' lang='lat' dir='ltr'><strong>destrueti</strong></span> <span class='ocrx_word' id='word_1_887' title='bbox 2896 2662 3050 2717; x_wconf 81' lang='lat' dir='ltr'><strong>sunt;</strong></span> <span class='ocrx_word' id='word_1_888' title='bbox 3084 2651 3310 2721; x_wconf 89' lang='lat' dir='ltr'><strong>ideoque</strong></span> <span class='ocrx_word' id='word_1_889' title='bbox 3338 2653 3456 2707; x_wconf 90' lang='lat' dir='ltr'><strong>col-</strong></span> 
     </span>
    </p>
   </div>
   <div class='ocr_carea' id='block_1_113' title="bbox 1873 2718 3454 2792">
    <p class='ocr_par' dir='ltr' id='par_1_113' title="bbox 1873 2718 3454 2792">
     <span class='ocr_line' id='line_1_115' title="bbox 1873 2718 3454 2792; baseline 0.003 -20"><span class='ocrx_word' id='word_1_890' title='bbox 1873 2719 1957 2773; x_wconf 88' lang='lat' dir='ltr'><strong>lisi</strong></span> <span class='ocrx_word' id='word_1_891' title='bbox 1985 2718 2147 2792; x_wconf 65' lang='lat' dir='ltr'><strong>fuisse</strong></span> <span class='ocrx_word' id='word_1_892' title='bbox 2175 2719 2424 2792; x_wconf 83' lang='lat' dir='ltr'><strong>dicuntur</strong></span> <span class='ocrx_word' id='word_1_893' title='bbox 2450 2721 2503 2775; x_wconf 92' lang='lat' dir='ltr'><strong>in</strong></span> <span class='ocrx_word' id='word_1_894' title='bbox 2527 2730 2722 2775; x_wconf 88' lang='lat' dir='ltr'><strong>terram</strong></span> <span class='ocrx_word' id='word_1_895' title='bbox 2748 2762 2763 2784; x_wconf 89' lang='lat'><strong>,</strong></span> <span class='ocrx_word' id='word_1_896' title='bbox 2787 2722 2875 2775; x_wconf 92' lang='lat' dir='ltr'><strong>ubi</strong></span> <span class='ocrx_word' id='word_1_897' title='bbox 2906 2722 3119 2776; x_wconf 84' lang='lat' dir='ltr'><strong>illorum</strong></span> <span class='ocrx_word' id='word_1_898' title='bbox 3138 2718 3291 2792; x_wconf 79' lang='lat' dir='ltr'><strong>reges</strong></span> <span class='ocrx_word' id='word_1_899' title='bbox 3312 2762 3331 2791; x_wconf 91' lang='lat'><strong>,</strong></span> <span class='ocrx_word' id='word_1_900' title='bbox 3361 2739 3454 2777; x_wconf 84' lang='lat' dir='ltr'><strong>sa-</strong></span> 
     </span>
    </p>
   </div>
   <div class='ocr_carea' id='block_1_114' title="bbox 1873 2789 3452 2851">
    <p class='ocr_par' dir='ltr' id='par_1_114' title="bbox 1873 2789 3452 2851">
     <span class='ocr_line' id='line_1_116' title="bbox 1873 2789 3452 2851; baseline 0.003 -8"><span class='ocrx_word' id='word_1_901' title='bbox 1873 2789 2120 2844; x_wconf 88' lang='lat' dir='ltr'><strong>cerdotes</strong></span> <span class='ocrx_word' id='word_1_902' title='bbox 2161 2799 2214 2843; x_wconf 91' lang='lat' dir='ltr'><strong>et</strong></span> <span class='ocrx_word' id='word_1_903' title='bbox 2252 2790 2501 2846; x_wconf 87' lang='lat' dir='ltr'><strong>doctores</strong></span> <span class='ocrx_word' id='word_1_904' title='bbox 2544 2806 2763 2846; x_wconf 88' lang='lat' dir='ltr'><strong>sensum</strong></span> <span class='ocrx_word' id='word_1_905' title='bbox 2800 2791 3020 2846; x_wconf 81' lang='lat' dir='ltr'><strong>alﬁxum</strong></span> <span class='ocrx_word' id='word_1_906' title='bbox 3056 2789 3322 2848; x_wconf 65' lang='lat' dir='ltr'><strong>habuere.</strong></span> <span class='ocrx_word' id='word_1_907' title='bbox 3361 2794 3452 2851; x_wconf 70' lang='grc'><strong>46.</strong></span> 
     </span>
    </p>
   </div>
   <div class='ocr_carea' id='block_1_115' title="bbox 1875 2857 3452 2933">
    <p class='ocr_par' dir='ltr' id='par_1_115' title="bbox 1875 2857 3452 2933">
     <span class='ocr_line' id='line_1_117' title="bbox 1875 2857 3452 2933; baseline 0.004 -21"><span class='ocrx_word' id='word_1_908' title='bbox 1875 2857 2148 2933; x_wconf 57' lang='grc' dir='ltr'><strong>ρζίηοταδεί</strong></span> <span class='ocrx_word' id='word_1_909' title='bbox 2156 2861 2283 2933; x_wconf 10' lang='lat' dir='ltr'><strong>dies!</strong></span> <span class='ocrx_word' id='word_1_910' title='bbox 2300 2862 2537 2928; x_wconf 86' lang='lat' dir='ltr'><strong>temporis</strong></span> <span class='ocrx_word' id='word_1_911' title='bbox 2561 2863 2701 2933; x_wconf 87' lang='lat' dir='ltr'><strong>ejus;</strong></span> <span class='ocrx_word' id='word_1_912' title='bbox 2723 2863 2990 2933; x_wconf 81' lang='lat' dir='ltr'><strong>perfudisti</strong></span> <span class='ocrx_word' id='word_1_913' title='bbox 3009 2878 3123 2916; x_wconf 87' lang='lat' dir='ltr'><strong>eunt</strong></span> <span class='ocrx_word' id='word_1_914' title='bbox 3137 2864 3452 2931; x_wconf 72' lang='lat' dir='ltr'><strong>confusione.</strong></span> 
     </span>
    </p>
   </div>
   <div class='ocr_carea' id='block_1_116' title="bbox 1874 2929 3455 3005">
    <p class='ocr_par' dir='ltr' id='par_1_116' title="bbox 1874 2929 3455 3005">
     <span class='ocr_line' id='line_1_118' title="bbox 1874 2929 3455 3005; baseline 0.004 -21"><span class='ocrx_word' id='word_1_915' title='bbox 1874 2929 2057 2999; x_wconf 84' lang='lat' dir='ltr'><strong>Neque</strong></span> <span class='ocrx_word' id='word_1_916' title='bbox 2083 2931 2224 3005; x_wconf 83' lang='lat' dir='ltr'><strong>enim</strong></span> <span class='ocrx_word' id='word_1_917' title='bbox 2254 2931 2470 3005; x_wconf 80' lang='lat' dir='ltr'><strong>illor_um_</strong></span> <span class='ocrx_word' id='word_1_918' title='bbox 2492 2929 2789 3005; x_wconf 79' lang='lat' dir='ltr'><strong>respublica</strong></span> <span class='ocrx_word' id='word_1_919' title='bbox 2811 2929 3023 3005; x_wconf 77' lang='lat' dir='ltr'><strong>semper</strong></span> <span class='ocrx_word' id='word_1_920' title='bbox 3046 2929 3260 2997; x_wconf 85' lang='lat' dir='ltr'><strong>mansit,</strong></span> <span class='ocrx_word' id='word_1_921' title='bbox 3282 2949 3455 3005; x_wconf 80' lang='lat' dir='ltr'><strong>neque</strong></span> 
     </span>
    </p>
   </div>
   <div class='ocr_carea' id='block_1_117' title="bbox 1874 3000 3455 3071">
    <p class='ocr_par' dir='ltr' id='par_1_117' title="bbox 1874 3000 3455 3071">
     <span class='ocr_line' id='line_1_119' title="bbox 1874 3000 3455 3071; baseline 0.006 -21"><span class='ocrx_word' id='word_1_922' title='bbox 1874 3000 2319 3069; x_wconf 82' lang='lat' dir='ltr'><strong>quemadmodum</strong></span> <span class='ocrx_word' id='word_1_923' title='bbox 2352 3000 2591 3055; x_wconf 82' lang='lat' dir='ltr'><strong>Ecclesia</strong></span> <span class='ocrx_word' id='word_1_924' title='bbox 2615 3018 2683 3057; x_wconf 83' lang='lat' dir='ltr'><strong>ex</strong></span> <span class='ocrx_word' id='word_1_925' title='bbox 2715 3000 2964 3071; x_wconf 81' lang='lat' dir='ltr'><strong>gentibus</strong></span> <span class='ocrx_word' id='word_1_926' title='bbox 2983 3044 2997 3065; x_wconf 89' lang='lat'><strong>,</strong></span> <span class='ocrx_word' id='word_1_927' title='bbox 3029 3018 3196 3071; x_wconf 89' lang='lat' dir='ltr'><strong>usque</strong></span> <span class='ocrx_word' id='word_1_928' title='bbox 3230 3003 3296 3057; x_wconf 89' lang='lat' dir='ltr'><strong>ad</strong></span> <span class='ocrx_word' id='word_1_929' title='bbox 3324 3000 3455 3060; x_wconf 80' lang='lat' dir='ltr'><strong>con-</strong></span> 
     </span>
    </p>
   </div>
   <div class='ocr_carea' id='block_1_118' title="bbox 1875 3072 3452 3142">
    <p class='ocr_par' dir='ltr' id='par_1_118' title="bbox 1875 3072 3452 3142">
     <span class='ocr_line' id='line_1_120' title="bbox 1875 3072 3452 3142; baseline 0.005 -20"><span class='ocrx_word' id='word_1_930' title='bbox 1875 3072 2282 3142; x_wconf 80' lang='lat' dir='ltr'><strong>summationem</strong></span> <span class='ocrx_word' id='word_1_931' title='bbox 2309 3072 2498 3142; x_wconf 71' lang='lat' dir='ltr'><strong>saeculi</strong></span> <span class='ocrx_word' id='word_1_932' title='bbox 2518 3072 2634 3141; x_wconf 90' lang='lat' dir='ltr'><strong>lege</strong></span> <span class='ocrx_word' id='word_1_933' title='bbox 2662 3073 2891 3127; x_wconf 88' lang='lat' dir='ltr'><strong>stabilita</strong></span> <span class='ocrx_word' id='word_1_934' title='bbox 2920 3072 3020 3127; x_wconf 79' lang='lat' dir='ltr'><strong>fuit</strong></span> <span class='ocrx_word' id='word_1_935' title='bbox 3048 3091 3059 3125; x_wconf 89' lang='lat'>:</span> <span class='ocrx_word' id='word_1_936' title='bbox 3088 3090 3187 3142; x_wconf 86' lang='lat' dir='ltr'><strong>qua</strong></span> <span class='ocrx_word' id='word_1_937' title='bbox 3206 3074 3272 3129; x_wconf 78' lang='lat' dir='ltr'><strong>de</strong></span> <span class='ocrx_word' id='word_1_938' title='bbox 3293 3089 3452 3130; x_wconf 84' lang='lat' dir='ltr'><strong>causa</strong></span> 
     </span>
    </p>
   </div>
   <div class='ocr_carea' id='block_1_119' title="bbox 1869 3141 3451 3210">
    <p class='ocr_par' dir='ltr' id='par_1_119' title="bbox 1869 3141 3451 3210">
     <span class='ocr_line' id='line_1_121' title="bbox 1869 3141 3451 3210; baseline 0.005 -17"><span class='ocrx_word' id='word_1_939' title='bbox 1869 3141 1991 3210; x_wconf 87' lang='lat' dir='ltr'><strong>jure</strong></span> <span class='ocrx_word' id='word_1_940' title='bbox 2028 3141 2343 3195; x_wconf 82' lang='lat' dir='ltr'><strong>confusione</strong></span> <span class='ocrx_word' id='word_1_941' title='bbox 2386 3141 2582 3210; x_wconf 84' lang='lat' dir='ltr'><strong>perfusi</strong></span> <span class='ocrx_word' id='word_1_942' title='bbox 2621 3142 2886 3197; x_wconf 87' lang='lat' dir='ltr'><strong>dicuntur.</strong></span> <span class='ocrx_word' id='word_1_943' title='bbox 2931 3141 3117 3198; x_wconf 84' lang='lat' dir='ltr'><strong>Palam</strong></span> <span class='ocrx_word' id='word_1_944' title='bbox 3145 3153 3230 3199; x_wconf 46' lang='lat' dir='ltr'><strong>est</strong></span> <span class='ocrx_word' id='word_1_945' title='bbox 3275 3156 3451 3201; x_wconf 78' lang='lat' dir='ltr'><strong>autem</strong></span> 
     </span>
    </p>
   </div>
   <div class='ocr_carea' id='block_1_120' title="bbox 1874 3212 3452 3283">
    <p class='ocr_par' dir='ltr' id='par_1_120' title="bbox 1874 3212 3452 3283">
     <span class='ocr_line' id='line_1_122' title="bbox 1874 3212 3452 3283; baseline 0.005 -20"><span class='ocrx_word' id='word_1_946' title='bbox 1874 3212 2003 3283; x_wconf 81' lang='lat' dir='ltr'><strong>ipsis</strong></span> <span class='ocrx_word' id='word_1_947' title='bbox 2043 3214 2114 3265; x_wconf 88' lang='lat' dir='ltr'><strong>ob</strong></span> <span class='ocrx_word' id='word_1_948' title='bbox 2147 3212 2488 3283; x_wconf 75' lang='lat' dir='ltr'><strong>iniquitatem</strong></span> <span class='ocrx_word' id='word_1_949' title='bbox 2536 3224 2745 3283; x_wconf 90' lang='lat' dir='ltr'><strong>tempus</strong></span> <span class='ocrx_word' id='word_1_950' title='bbox 2786 3213 3088 3282; x_wconf 70' lang='lat' dir='ltr'><strong>reipublicae</strong></span> <span class='ocrx_word' id='word_1_951' title='bbox 3117 3215 3452 3275; x_wconf 84' lang='lat' dir='ltr'><strong>imminutum</strong></span> 
     </span>
    </p>
   </div>
   <div class='ocr_carea' id='block_1_121' title="bbox 1876 3279 3454 3354">
    <p class='ocr_par' dir='ltr' id='par_1_121' title="bbox 1876 3279 3454 3354">
     <span class='ocr_line' id='line_1_123' title="bbox 1876 3279 3454 3354; baseline 0.004 -20"><span class='ocrx_word' id='word_1_952' title='bbox 1876 3279 2077 3354; x_wconf 68' lang='lat' dir='ltr'><strong>fuisse;</strong></span> <span class='ocrx_word' id='word_1_953' title='bbox 2108 3282 2163 3354; x_wconf 84' lang='lat' dir='ltr'><strong>id</strong></span> <span class='ocrx_word' id='word_1_954' title='bbox 2189 3279 2367 3354; x_wconf 83' lang='lat' dir='ltr'><strong>autem</strong></span> <span class='ocrx_word' id='word_1_955' title='bbox 2396 3279 2723 3354; x_wconf 10' lang='lat' dir='ltr'><strong>findicant’ea</strong></span> <span class='ocrx_word' id='word_1_956' title='bbox 2753 3279 2880 3351; x_wconf 66' lang='grc' dir='ltr'><strong>(μιαὲ</strong></span> <span class='ocrx_word' id='word_1_957' title='bbox 2898 3284 3042 3337; x_wconf 84' lang='lat' dir='ltr'><strong>circa</strong></span> <span class='ocrx_word' id='word_1_958' title='bbox 3067 3285 3324 3354; x_wconf 88' lang='lat' dir='ltr'><strong>templum</strong></span> <span class='ocrx_word' id='word_1_959' title='bbox 3350 3286 3454 3342; x_wconf 64' lang='lat' dir='ltr'><strong>Sa~</strong></span> 
     </span>
    </p>
   </div>
   <div class='ocr_carea' id='block_1_122' title="bbox 1874 3352 3452 3425">
    <p class='ocr_par' dir='ltr' id='par_1_122' title="bbox 1874 3352 3452 3425">
     <span class='ocr_line' id='line_1_124' title="bbox 1874 3352 3452 3425; baseline 0.003 -21"><span class='ocrx_word' id='word_1_960' title='bbox 1874 3352 2074 3425; x_wconf 89' lang='lat' dir='ltr'><strong>lomoni</strong></span> <span class='ocrx_word' id='word_1_961' title='bbox 2105 3353 2245 3407; x_wconf 88' lang='lat' dir='ltr'><strong>Deus</strong></span> <span class='ocrx_word' id='word_1_962' title='bbox 2272 3353 2625 3425; x_wconf 85' lang='lat' dir='ltr'><strong>signiﬁcavit:</strong></span> <span class='ocrx_word' id='word_1_963' title='bbox 2658 3354 2718 3425; x_wconf 74' lang='lat' dir='ltr'><strong>Si</strong></span> <span class='ocrx_word' id='word_1_964' title='bbox 2746 3354 2906 3425; x_wconf 74' lang='lat' dir='ltr'><strong>aversi</strong></span> <span class='ocrx_word' id='word_1_965' title='bbox 2950 3355 3145 3422; x_wconf 81' lang='lat' dir='ltr'><strong>[ueritis</strong></span> <span class='ocrx_word' id='word_1_966' title='bbox 3167 3352 3255 3409; x_wconf 76' lang='lat' dir='ltr'><strong>uos</strong></span> <span class='ocrx_word' id='word_1_967' title='bbox 3282 3365 3328 3410; x_wconf 89' lang='lat' dir='ltr'><strong>et</strong></span> <span class='ocrx_word' id='word_1_968' title='bbox 3356 3356 3452 3425; x_wconf 75' lang='lat' dir='ltr'><strong>ﬁlii</strong></span> 
     </span>
    </p>
   </div>
   <div class='ocr_carea' id='block_1_123' title="bbox 1872 3423 3453 3492">
    <p class='ocr_par' dir='ltr' id='par_1_123' title="bbox 1872 3423 3453 3492">
     <span class='ocr_line' id='line_1_125' title="bbox 1872 3423 3453 3492; baseline 0.004 -17"><span class='ocrx_word' id='word_1_969' title='bbox 1872 3424 2021 3477; x_wconf 81' lang='lat' dir='ltr'><strong>uestri</strong></span> <span class='ocrx_word' id='word_1_970' title='bbox 2049 3440 2080 3475; x_wconf 89' lang='lat' dir='ltr'><strong>a</strong></span> <span class='ocrx_word' id='word_1_971' title='bbox 2111 3440 2206 3490; x_wconf 87' lang='lat' dir='ltr'><strong>me,</strong></span> <span class='ocrx_word' id='word_1_972' title='bbox 2232 3434 2276 3477; x_wconf 90' lang='lat' dir='ltr'><strong>et</strong></span> <span class='ocrx_word' id='word_1_973' title='bbox 2297 3423 2625 3477; x_wconf 83' lang='lat' dir='ltr'><strong>adoraoeritis</strong></span> <span class='ocrx_word' id='word_1_974' title='bbox 2649 3424 2769 3477; x_wconf 86' lang='lat' dir='ltr'><strong>deos</strong></span> <span class='ocrx_word' id='word_1_975' title='bbox 2796 3423 3009 3482; x_wconf 84' lang='lat' dir='ltr'><strong>alienos.</strong></span> <span class='ocrx_word' id='word_1_976' title='bbox 3031 3425 3258 3492; x_wconf 78' lang='lat' dir='ltr'><strong>auferam</strong></span> <span class='ocrx_word' id='word_1_977' title='bbox 3284 3423 3453 3481; x_wconf 78' lang='lat' dir='ltr'><strong>Israel</strong></span> 
     </span>
    </p>
   </div>
   <div class='ocr_carea' id='block_1_124' title="bbox 1874 3493 3453 3565">
    <p class='ocr_par' dir='ltr' id='par_1_124' title="bbox 1874 3493 3453 3565">
     <span class='ocr_line' id='line_1_126' title="bbox 1874 3493 3453 3565; baseline 0.003 -20"><span class='ocrx_word' id='word_1_978' title='bbox 1874 3493 1938 3565; x_wconf 71' lang='lat' dir='ltr'><strong>de</strong></span> <span class='ocrx_word' id='word_1_979' title='bbox 1957 3504 2110 3559; x_wconf 83' lang='lat' dir='ltr'><strong>terra,</strong></span> <span class='ocrx_word' id='word_1_980' title='bbox 2141 3510 2293 3558; x_wconf 85' lang='lat' dir='ltr'><strong>quam</strong></span> <span class='ocrx_word' id='word_1_981' title='bbox 2318 3493 2435 3565; x_wconf 80' lang='lat' dir='ltr'><strong>dedi</strong></span> <span class='ocrx_word' id='word_1_982' title='bbox 2456 3494 2528 3548; x_wconf 84' lang='lat' dir='ltr'><strong>eis</strong></span> <span class='ocrx_word' id='word_1_983' title='bbox 2557 3509 2574 3547; x_wconf 92' lang='lat'><strong><em>:</em></strong></span> <span class='ocrx_word' id='word_1_984' title='bbox 2602 3501 2646 3547; x_wconf 87' lang='lat' dir='ltr'><strong>et</strong></span> <span class='ocrx_word' id='word_1_985' title='bbox 2675 3494 2878 3547; x_wconf 86' lang='lat' dir='ltr'><strong>domum</strong></span> <span class='ocrx_word' id='word_1_986' title='bbox 2906 3495 3059 3560; x_wconf 82' lang='lat' dir='ltr'><strong>hanc,</strong></span> <span class='ocrx_word' id='word_1_987' title='bbox 3086 3511 3237 3565; x_wconf 82' lang='lat' dir='ltr'><strong>quam</strong></span> <span class='ocrx_word' id='word_1_988' title='bbox 3261 3497 3453 3550; x_wconf 81' lang='lat' dir='ltr'><strong>sancti-</strong></span> 
     </span>
    </p>
   </div>
   <div class='ocr_carea' id='block_1_125' title="bbox 1873 3564 3453 3638">
    <p class='ocr_par' dir='ltr' id='par_1_125' title="bbox 1873 3564 3453 3638">
     <span class='ocr_line' id='line_1_127' title="bbox 1873 3564 3453 3638; baseline 0.004 -23"><span class='ocrx_word' id='word_1_989' title='bbox 1873 3564 2018 3638; x_wconf 73' lang='lat' dir='ltr'><strong>ﬁcapi</strong></span> <span class='ocrx_word' id='word_1_990' title='bbox 2035 3565 2229 3618; x_wconf 87' lang='lat' dir='ltr'><strong>nomini</strong></span> <span class='ocrx_word' id='word_1_991' title='bbox 2244 3580 2371 3638; x_wconf 81' lang='lat' dir='ltr'><strong>meo,</strong></span> <span class='ocrx_word' id='word_1_992' title='bbox 2387 3564 2622 3632; x_wconf 79' lang='lat' dir='ltr'><strong>objiciunt</strong></span> <span class='ocrx_word' id='word_1_993' title='bbox 2642 3581 2673 3617; x_wconf 92' lang='lat' dir='ltr'><strong>a</strong></span> <span class='ocrx_word' id='word_1_994' title='bbox 2688 3565 2819 3638; x_wconf 80' lang='lat' dir='ltr'><strong>[acie</strong></span> <span class='ocrx_word' id='word_1_995' title='bbox 2833 3565 3025 3638; x_wconf 77' lang='lat' dir='ltr'><strong>m_ea_(5.</strong></span> <span class='ocrx_word' id='word_1_996' title='bbox 3044 3564 3303 3638; x_wconf 21' lang='grc' dir='ltr'><strong>πλευεθίδ)</strong></span> <span class='ocrx_word' id='word_1_997' title='bbox 3340 3566 3453 3621; x_wconf 86' lang='lat' dir='ltr'><strong>Dia-</strong></span> 
     </span>
    </p>
   </div>
   <div class='ocr_carea' id='block_1_126' title="bbox 1873 3634 3453 3704">
    <p class='ocr_par' dir='ltr' id='par_1_126' title="bbox 1873 3634 3453 3704">
     <span class='ocr_line' id='line_1_128' title="bbox 1873 3634 3453 3704; baseline 0.004 -18"><span class='ocrx_word' id='word_1_998' title='bbox 1873 3634 2075 3702; x_wconf 89' lang='lat' dir='ltr'><strong>psalma</strong></span> <span class='ocrx_word' id='word_1_999' title='bbox 2109 3635 2440 3704; x_wconf 86' lang='lat' dir='ltr'><strong>prephetiam</strong></span> <span class='ocrx_word' id='word_1_1000' title='bbox 2464 3634 2767 3691; x_wconf 82' lang='lat' dir='ltr'><strong>necessario</strong></span> <span class='ocrx_word' id='word_1_1001' title='bbox 2782 3634 2996 3704; x_wconf 82' lang='lat' dir='ltr'><strong>excipit,</strong></span> <span class='ocrx_word' id='word_1_1002' title='bbox 3010 3634 3133 3704; x_wconf 83' lang='lat' dir='ltr'><strong>quia</strong></span> <span class='ocrx_word' id='word_1_1003' title='bbox 3148 3634 3453 3692; x_wconf 55' lang='lat' dir='ltr'><strong>.ludaiorum</strong></span> 
     </span>
    </p>
   </div>
   <div class='ocr_carea' id='block_1_127' title="bbox 1877 3706 3450 3777">
    <p class='ocr_par' dir='ltr' id='par_1_127' title="bbox 1877 3706 3450 3777">
     <span class='ocr_line' id='line_1_129' title="bbox 1877 3706 3450 3777; baseline 0.003 -19"><span class='ocrx_word' id='word_1_1004' title='bbox 1877 3719 2100 3777; x_wconf 75' lang='lat' dir='ltr'><strong>persona</strong></span> <span class='ocrx_word' id='word_1_1005' title='bbox 2130 3706 2313 3760; x_wconf 89' lang='lat' dir='ltr'><strong>relicta</strong></span> <span class='ocrx_word' id='word_1_1006' title='bbox 2334 3720 2498 3777; x_wconf 83' lang='lat' dir='ltr'><strong>,pro</strong></span> <span class='ocrx_word' id='word_1_1007' title='bbox 2534 3706 2782 3777; x_wconf 68' lang='lat' dir='ltr'><strong>universo</strong></span> <span class='ocrx_word' id='word_1_1008' title='bbox 2824 3720 3022 3777; x_wconf 76' lang='lat' dir='ltr'><strong>genere</strong></span> <span class='ocrx_word' id='word_1_1009' title='bbox 3063 3708 3300 3763; x_wconf 82' lang='lat' dir='ltr'><strong>humano</strong></span> <span class='ocrx_word' id='word_1_1010' title='bbox 3319 3723 3450 3777; x_wconf 87' lang='lat' dir='ltr'><strong>sup-</strong></span> 
     </span>
    </p>
   </div>
   <div class='ocr_carea' id='block_1_128' title="bbox 1872 3774 3451 3847">
    <p class='ocr_par' dir='ltr' id='par_1_128' title="bbox 1872 3774 3451 3847">
     <span class='ocr_line' id='line_1_130' title="bbox 1872 3774 3451 3847; baseline 0.003 -20"><span class='ocrx_word' id='word_1_1011' title='bbox 1872 3774 2211 3847; x_wconf 75' lang='lat' dir='ltr'><strong>plicatienem</strong></span> <span class='ocrx_word' id='word_1_1012' title='bbox 2239 3776 2436 3829; x_wconf 88' lang='lat' dir='ltr'><strong>emisit.</strong></span> <span class='ocrx_word' id='word_1_1013' title='bbox 2451 3776 2543 3847; x_wconf 60' lang='lat' dir='ltr'><strong>b7.</strong></span> <span class='ocrx_word' id='word_1_1014' title='bbox 2573 3774 2862 3847; x_wconf 83' lang='lat' dir='ltr'><strong>Usquequo,</strong></span> <span class='ocrx_word' id='word_1_1015' title='bbox 2883 3774 3120 3841; x_wconf 75' lang='lat' dir='ltr'><strong>Domine,</strong></span> <span class='ocrx_word' id='word_1_1016' title='bbox 3144 3774 3451 3832; x_wconf 42' lang='lat' dir='ltr'><strong>averteris&#39;in</strong></span> 
     </span>
    </p>
   </div>
   <div class='ocr_carea' id='block_1_129' title="bbox 1872 3844 3454 3916">
    <p class='ocr_par' dir='ltr' id='par_1_129' title="bbox 1872 3844 3454 3916">
     <span class='ocr_line' id='line_1_131' title="bbox 1872 3844 3454 3916; baseline 0.004 -20"><span class='ocrx_word' id='word_1_1017' title='bbox 1872 3844 2418 3912; x_wconf 64' lang='lat' dir='ltr'><strong>ﬁnemiAversionem</strong></span> <span class='ocrx_word' id='word_1_1018' title='bbox 2447 3845 2499 3916; x_wconf 90' lang='lat' dir='ltr'><strong>i_n</strong></span> <span class='ocrx_word' id='word_1_1019' title='bbox 2520 3844 2676 3899; x_wconf 80' lang='lat' dir='ltr'><strong>ﬁnem</strong></span> <span class='ocrx_word' id='word_1_1020' title='bbox 2696 3844 2920 3916; x_wconf 77' lang='lat' dir='ltr'><strong>appellat</strong></span> <span class='ocrx_word' id='word_1_1021' title='bbox 2947 3856 3142 3900; x_wconf 86' lang='lat' dir='ltr'><strong>tantam</strong></span> <span class='ocrx_word' id='word_1_1022' title='bbox 3171 3850 3454 3916; x_wconf 83' lang='lat' dir='ltr'><strong>procrasti-</strong></span> 
     </span>
    </p>
   </div>
   <div class='ocr_carea' id='block_1_130' title="bbox 1874 3914 3451 3984">
    <p class='ocr_par' dir='ltr' id='par_1_130' title="bbox 1874 3914 3451 3984">
     <span class='ocr_line' id='line_1_132' title="bbox 1874 3914 3451 3984; baseline 0.002 -14"><span class='ocrx_word' id='word_1_1023' title='bbox 1874 3917 2141 3970; x_wconf 87' lang='lat' dir='ltr'><strong>nationem</strong></span> <span class='ocrx_word' id='word_1_1024' title='bbox 2171 3916 2431 3970; x_wconf 88' lang='lat' dir='ltr'><strong>adventus</strong></span> <span class='ocrx_word' id='word_1_1025' title='bbox 2454 3914 2779 3969; x_wconf 45' lang='lat' dir='ltr'><strong>Servatoris.‘</strong></span> <span class='ocrx_word' id='word_1_1026' title='bbox 2793 3914 2974 3984; x_wconf 81' lang='lat' dir='ltr'><strong>Neque</strong></span> <span class='ocrx_word' id='word_1_1027' title='bbox 2997 3917 3136 3971; x_wconf 87' lang='lat' dir='ltr'><strong>enim</strong></span> <span class='ocrx_word' id='word_1_1028' title='bbox 3162 3914 3267 3971; x_wconf 80' lang='lat' dir='ltr'><strong>alio</strong></span> <span class='ocrx_word' id='word_1_1029' title='bbox 3293 3919 3451 3973; x_wconf 86' lang='lat' dir='ltr'><strong>modo</strong></span> 
     </span>
    </p>
   </div>
   <div class='ocr_carea' id='block_1_131' title="bbox 1870 3986 3451 4057">
    <p class='ocr_par' dir='ltr' id='par_1_131' title="bbox 1870 3986 3451 4057">
     <span class='ocr_line' id='line_1_133' title="bbox 1870 3986 3451 4057; baseline 0.001 -16"><span class='ocrx_word' id='word_1_1030' title='bbox 1870 4000 2042 4056; x_wconf 86' lang='lat' dir='ltr'><strong>genus</strong></span> <span class='ocrx_word' id='word_1_1031' title='bbox 2068 3996 2306 4039; x_wconf 89' lang='lat' dir='ltr'><strong>nostrum</strong></span> <span class='ocrx_word' id='word_1_1032' title='bbox 2335 3987 2678 4057; x_wconf 67' lang='lat' dir='ltr'><strong>miseratur-us</strong></span> <span class='ocrx_word' id='word_1_1033' title='bbox 2708 3994 2817 4038; x_wconf 87' lang='lat' dir='ltr'><strong>erat</strong></span> <span class='ocrx_word' id='word_1_1034' title='bbox 2845 3986 3083 4057; x_wconf 76' lang='lat' dir='ltr'><strong>Greater,</strong></span> <span class='ocrx_word' id='word_1_1035' title='bbox 3102 3989 3275 4057; x_wconf 81' lang='lat' dir='ltr'><strong>quam.</strong></span> <span class='ocrx_word' id='word_1_1036' title='bbox 3293 3989 3345 4040; x_wconf 92' lang='lat' dir='ltr'><strong>in</strong></span> <span class='ocrx_word' id='word_1_1037' title='bbox 3365 4002 3451 4042; x_wconf 81' lang='lat' dir='ltr'><strong>se-</strong></span> 
     </span>
    </p>
   </div>
   <div class='ocr_carea' id='block_1_132' title="bbox 1874 4056 3452 4126">
    <p class='ocr_par' dir='ltr' id='par_1_132' title="bbox 1874 4056 3452 4126">
     <span class='ocr_line' id='line_1_134' title="bbox 1874 4056 3452 4126; baseline 0.001 -16"><span class='ocrx_word' id='word_1_1038' title='bbox 1874 4060 2042 4126; x_wconf 88' lang='lat' dir='ltr'><strong>ipsmn</strong></span> <span class='ocrx_word' id='word_1_1039' title='bbox 2068 4056 2391 4110; x_wconf 86' lang='lat' dir='ltr'><strong>assumendo</strong></span> <span class='ocrx_word' id='word_1_1040' title='bbox 2419 4056 2678 4124; x_wconf 86' lang='lat' dir='ltr'><strong>primitias</strong></span> <span class='ocrx_word' id='word_1_1041' title='bbox 2696 4056 3112 4122; x_wconf 87' lang='lat' dir='ltr'><strong>eonspersionis.</strong></span> <span class='ocrx_word' id='word_1_1042' title='bbox 3143 4056 3452 4111; x_wconf 68' lang='lat' dir='ltr'><strong>Exardesoet</strong></span> 
     </span>
    </p>
   </div>
   <div class='ocr_carea' id='block_1_133' title="bbox 1870 4126 3448 4197">
    <p class='ocr_par' dir='ltr' id='par_1_133' title="bbox 1870 4126 3448 4197">
     <span class='ocr_line' id='line_1_135' title="bbox 1870 4126 3448 4197; baseline -0.001 -15"><span class='ocrx_word' id='word_1_1043' title='bbox 1870 4132 2002 4182; x_wconf 83' lang='lat' dir='ltr'><strong>sicut</strong></span> <span class='ocrx_word' id='word_1_1044' title='bbox 2026 4127 2155 4197; x_wconf 79' lang='lat' dir='ltr'><strong>ignis</strong></span> <span class='ocrx_word' id='word_1_1045' title='bbox 2180 4128 2259 4180; x_wconf 86' lang='lat' dir='ltr'><strong>ira</strong></span> <span class='ocrx_word' id='word_1_1046' title='bbox 2290 4137 2375 4179; x_wconf 85' lang='lat' dir='ltr'><strong>tua</strong></span> <span class='ocrx_word' id='word_1_1047' title='bbox 2401 4140 2418 4179; x_wconf 91' lang='lat'><strong><em>:</em></strong></span> <span class='ocrx_word' id='word_1_1048' title='bbox 2442 4126 2497 4197; x_wconf 83' lang='lat' dir='ltr'><strong>id</strong></span> <span class='ocrx_word' id='word_1_1049' title='bbox 2528 4134 2609 4179; x_wconf 69' lang='lat' dir='ltr'><strong>est</strong></span> <span class='ocrx_word' id='word_1_1050' title='bbox 2630 4166 2645 4190; x_wconf 88' lang='lat'><strong>,</strong></span> <span class='ocrx_word' id='word_1_1051' title='bbox 2683 4133 2965 4181; x_wconf 89' lang='lat' dir='ltr'><strong>consumet</strong></span> <span class='ocrx_word' id='word_1_1052' title='bbox 3000 4140 3092 4197; x_wconf 81' lang='lat' dir='ltr'><strong>eos</strong></span> <span class='ocrx_word' id='word_1_1053' title='bbox 3118 4167 3134 4191; x_wconf 94' lang='lat'><strong>,</strong></span> <span class='ocrx_word' id='word_1_1054' title='bbox 3163 4129 3255 4197; x_wconf 76' lang='lat' dir='ltr'><strong>qui</strong></span> <span class='ocrx_word' id='word_1_1055' title='bbox 3277 4126 3448 4197; x_wconf 83' lang='lat' dir='ltr'><strong>ipsum</strong></span> 
     </span>
    </p>
   </div>
   <div class='ocr_carea' id='block_1_134' title="bbox 1871 4195 3449 4267">
    <p class='ocr_par' dir='ltr' id='par_1_134' title="bbox 1871 4195 3449 4267">
     <span class='ocr_line' id='line_1_136' title="bbox 1871 4195 3449 4267; baseline -0.001 -15"><span class='ocrx_word' id='word_1_1056' title='bbox 1871 4195 2281 4267; x_wconf 78' lang='lat' dir='ltr'><strong>congrégarunt.</strong></span> <span class='ocrx_word' id='word_1_1057' title='bbox 2323 4196 2454 4249; x_wconf 91' lang='lat' dir='ltr'><strong>Illud</strong></span> <span class='ocrx_word' id='word_1_1058' title='bbox 2485 4197 2627 4250; x_wconf 88' lang='lat' dir='ltr'><strong>enim</strong></span> <span class='ocrx_word' id='word_1_1059' title='bbox 2659 4205 2742 4267; x_wconf 79' lang='lat' dir='ltr'><strong>est</strong></span> <span class='ocrx_word' id='word_1_1060' title='bbox 2774 4197 2876 4267; x_wconf 68' lang='lat' dir='ltr'><strong>igni</strong></span> <span class='ocrx_word' id='word_1_1061' title='bbox 2907 4195 3198 4267; x_wconf 82' lang='lat' dir='ltr'><strong>proprium.</strong></span> <span class='ocrx_word' id='word_1_1062' title='bbox 3224 4195 3331 4252; x_wconf 71' lang='lat' dir='ltr'><strong>Cur</strong></span> <span class='ocrx_word' id='word_1_1063' title='bbox 3351 4213 3449 4251; x_wconf 89' lang='lat' dir='ltr'><strong>au-</strong></span> 
     </span>
    </p>
   </div>
   <div class='ocr_carea' id='block_1_135' title="bbox 1873 4265 3446 4334">
    <p class='ocr_par' dir='ltr' id='par_1_135' title="bbox 1873 4265 3446 4334">
     <span class='ocr_line' id='line_1_137' title="bbox 1873 4265 3446 4334; baseline -0.001 -12"><span class='ocrx_word' id='word_1_1064' title='bbox 1873 4265 2107 4322; x_wconf 54' lang='lat' dir='ltr'><strong>tem&#39;non</strong></span> <span class='ocrx_word' id='word_1_1065' title='bbox 2136 4267 2302 4333; x_wconf 78' lang='lat' dir='ltr'><strong>dixit,</strong></span> <span class='ocrx_word' id='word_1_1066' title='bbox 2329 4267 2574 4329; x_wconf 82' lang='lat' dir='ltr'><strong>Exarsit,</strong></span> <span class='ocrx_word' id='word_1_1067' title='bbox 2605 4266 2699 4320; x_wconf 89' lang='lat' dir='ltr'><strong>sed</strong></span> <span class='ocrx_word' id='word_1_1068' title='bbox 2723 4306 2739 4332; x_wconf 96' lang='lat'><strong>,</strong></span> <span class='ocrx_word' id='word_1_1069' title='bbox 2775 4265 3082 4319; x_wconf 78' lang='lat' dir='ltr'><strong>Exardescet</strong></span> <span class='ocrx_word' id='word_1_1070' title='bbox 3109 4266 3137 4320; x_wconf 81' lang='lat'><strong><em>?</em></strong></span> <span class='ocrx_word' id='word_1_1071' title='bbox 3163 4268 3295 4332; x_wconf 86' lang='lat' dir='ltr'><strong>Quia</strong></span> <span class='ocrx_word' id='word_1_1072' title='bbox 3327 4283 3446 4334; x_wconf 66' lang='lat' dir='ltr'><strong>pee-</strong></span> 
     </span>
    </p>
   </div>
   <div class='ocr_carea' id='block_1_136' title="bbox 1871 4336 3450 4408">
    <p class='ocr_par' dir='ltr' id='par_1_136' title="bbox 1871 4336 3450 4408">
     <span class='ocr_line' id='line_1_138' title="bbox 1871 4336 3450 4408; baseline -0.001 -15"><span class='ocrx_word' id='word_1_1073' title='bbox 1871 4340 2116 4393; x_wconf 81' lang='lat' dir='ltr'><strong>cantihus</strong></span> <span class='ocrx_word' id='word_1_1074' title='bbox 2150 4339 2323 4403; x_wconf 90' lang='lat' dir='ltr'><strong>nobis,</strong></span> <span class='ocrx_word' id='word_1_1075' title='bbox 2342 4338 2484 4391; x_wconf 89' lang='lat' dir='ltr'><strong>Deus</strong></span> <span class='ocrx_word' id='word_1_1076' title='bbox 2508 4336 2772 4401; x_wconf 87' lang='lat' dir='ltr'><strong>irascitur,</strong></span> <span class='ocrx_word' id='word_1_1077' title='bbox 2791 4346 2845 4388; x_wconf 89' lang='lat' dir='ltr'><strong>ut</strong></span> <span class='ocrx_word' id='word_1_1078' title='bbox 2873 4346 3045 4408; x_wconf 79' lang='lat' dir='ltr'><strong>pater,</strong></span> <span class='ocrx_word' id='word_1_1079' title='bbox 3068 4337 3162 4408; x_wconf 84' lang='lat' dir='ltr'><strong>sed</strong></span> <span class='ocrx_word' id='word_1_1080' title='bbox 3187 4338 3450 4408; x_wconf 80' lang='lat' dir='ltr'><strong>patienter</strong></span> 
     </span>
    </p>
   </div>
   <div class='ocr_carea' id='block_1_137' title="bbox 1875 4406 3448 4479">
    <p class='ocr_par' dir='ltr' id='par_1_137' title="bbox 1875 4406 3448 4479">
     <span class='ocr_line' id='line_1_139' title="bbox 1875 4406 3448 4479; baseline 0.001 -17"><span class='ocrx_word' id='word_1_1081' title='bbox 1875 4410 2084 4476; x_wconf 89' lang='lat' dir='ltr'><strong>tolerat,</strong></span> <span class='ocrx_word' id='word_1_1082' title='bbox 2103 4409 2278 4463; x_wconf 90' lang='lat' dir='ltr'><strong>donec</strong></span> <span class='ocrx_word' id='word_1_1083' title='bbox 2304 4422 2402 4462; x_wconf 90' lang='lat' dir='ltr'><strong>nos</strong></span> <span class='ocrx_word' id='word_1_1084' title='bbox 2426 4415 2709 4479; x_wconf 77' lang='lat' dir='ltr'><strong>peccatum</strong></span> <span class='ocrx_word' id='word_1_1085' title='bbox 2734 4418 2955 4479; x_wconf 81' lang='lat' dir='ltr'><strong>peccato</strong></span> <span class='ocrx_word' id='word_1_1086' title='bbox 2984 4406 3261 4479; x_wconf 79' lang='lat' dir='ltr'><strong>addentés,</strong></span> <span class='ocrx_word' id='word_1_1087' title='bbox 3281 4409 3448 4463; x_wconf 75' lang='lat' dir='ltr'><strong>velte-</strong></span> 
     </span>
    </p>
   </div>
   <div class='ocr_carea' id='block_1_138' title="bbox 1872 4476 3451 4534">
    <p class='ocr_par' dir='ltr' id='par_1_138' title="bbox 1872 4476 3451 4534">
     <span class='ocr_line' id='line_1_140' title="bbox 1872 4476 3451 4534; baseline -0.001 -1"><span class='ocrx_word' id='word_1_1088' title='bbox 1872 4484 2186 4534; x_wconf 89' lang='lat' dir='ltr'><strong>mentiorem</strong></span> <span class='ocrx_word' id='word_1_1089' title='bbox 2209 4493 2273 4533; x_wconf 90' lang='lat' dir='ltr'><strong>ac</strong></span> <span class='ocrx_word' id='word_1_1090' title='bbox 2300 4476 2674 4532; x_wconf 82' lang='lat' dir='ltr'><strong>lervéntiorem</strong></span> <span class='ocrx_word' id='word_1_1091' title='bbox 2700 4477 2832 4530; x_wconf 89' lang='lat' dir='ltr'><strong>iram</strong></span> <span class='ocrx_word' id='word_1_1092' title='bbox 2858 4476 2923 4530; x_wconf 89' lang='lat' dir='ltr'><strong>ad</strong></span> <span class='ocrx_word' id='word_1_1093' title='bbox 2946 4477 3202 4531; x_wconf 87' lang='lat' dir='ltr'><strong>ultionem</strong></span> <span class='ocrx_word' id='word_1_1094' title='bbox 3233 4479 3282 4531; x_wconf 91' lang='lat' dir='ltr'><strong>in</strong></span> <span class='ocrx_word' id='word_1_1095' title='bbox 3316 4486 3451 4532; x_wconf 84' lang='lat' dir='ltr'><strong>tem-</strong></span> 
     </span>
    </p>
   </div>
   <div class='ocr_carea' id='block_1_139' title="bbox 1871 4548 3447 4620">
    <p class='ocr_par' dir='ltr' id='par_1_139' title="bbox 1871 4548 3447 4620">
     <span class='ocr_line' id='line_1_141' title="bbox 1871 4548 3447 4620; baseline -0.001 -16"><span class='ocrx_word' id='word_1_1096' title='bbox 1871 4565 2002 4620; x_wconf 88' lang='lat' dir='ltr'><strong>pore</strong></span> <span class='ocrx_word' id='word_1_1097' title='bbox 2016 4552 2275 4620; x_wconf 66' lang='lat' dir='ltr'><strong>gehennae</strong></span> <span class='ocrx_word' id='word_1_1098' title='bbox 2292 4548 2623 4620; x_wconf 64' lang='lat' dir='ltr'><strong>inferendam</strong></span> <span class='ocrx_word' id='word_1_1099' title='bbox 2644 4548 3018 4603; x_wconf 85' lang='lat' dir='ltr'><strong>accendamus.</strong></span> <span class='ocrx_word' id='word_1_1100' title='bbox 3051 4548 3141 4620; x_wconf 74' lang='grc'><strong>48.</strong></span> <span class='ocrx_word' id='word_1_1101' title='bbox 3160 4548 3447 4603; x_wconf 77' lang='lat' dir='ltr'><strong>Memorare</strong></span> 
     </span>
    </p>
   </div>
   <div class='ocr_carea' id='block_1_140' title="bbox 1870 4618 3448 4689">
    <p class='ocr_par' dir='ltr' id='par_1_140' title="bbox 1870 4618 3448 4689">
     <span class='ocr_line' id='line_1_142' title="bbox 1870 4618 3448 4689; baseline 0.002 -17"><span class='ocrx_word' id='word_1_1102' title='bbox 1870 4618 1986 4689; x_wconf 71' lang='lat' dir='ltr'><strong>quae</strong></span> <span class='ocrx_word' id='word_1_1103' title='bbox 2024 4618 2144 4673; x_wconf 62' lang='lat' dir='ltr'><strong>inm</strong></span> <span class='ocrx_word' id='word_1_1104' title='bbox 2188 4620 2484 4673; x_wconf 84' lang='lat' dir='ltr'><strong>substantia.</strong></span> <span class='ocrx_word' id='word_1_1105' title='bbox 2519 4619 2685 4673; x_wconf 72' lang='lat' dir='ltr'><strong>Fluxa</strong></span> <span class='ocrx_word' id='word_1_1106' title='bbox 2730 4632 2919 4687; x_wconf 84' lang='lat' dir='ltr'><strong>nempe</strong></span> <span class='ocrx_word' id='word_1_1107' title='bbox 2957 4629 3025 4689; x_wconf 90' lang='lat' dir='ltr'><strong>et_</strong></span> <span class='ocrx_word' id='word_1_1108' title='bbox 3048 4618 3167 4689; x_wconf 78' lang='lat' dir='ltr'><strong>vilis</strong></span> <span class='ocrx_word' id='word_1_1109' title='bbox 3190 4635 3207 4673; x_wconf 87' lang='lat'><strong>:</strong></span> <span class='ocrx_word' id='word_1_1110' title='bbox 3230 4635 3351 4672; x_wconf 89' lang='lat' dir='ltr'><strong>nam</strong></span> <span class='ocrx_word' id='word_1_1111' title='bbox 3382 4635 3448 4675; x_wconf 79' lang='lat' dir='ltr'><strong>ex</strong></span> 
     </span>
    </p>
   </div>
   <div class='ocr_carea' id='block_1_141' title="bbox 1871 4686 3448 4763">
    <p class='ocr_par' dir='ltr' id='par_1_141' title="bbox 1871 4686 3448 4763">
     <span class='ocr_line' id='line_1_143' title="bbox 1871 4686 3448 4763; baseline 0.001 -19"><span class='ocrx_word' id='word_1_1112' title='bbox 1871 4686 2011 4763; x_wconf 76' lang='lat' dir='ltr'><strong>tem</strong></span> <span class='ocrx_word' id='word_1_1113' title='bbox 2037 4706 2221 4746; x_wconf 88' lang='lat' dir='ltr'><strong>sumus</strong></span> <span class='ocrx_word' id='word_1_1114' title='bbox 2245 4732 2258 4752; x_wconf 84' lang='lat'><strong>.</strong></span> <span class='ocrx_word' id='word_1_1115' title='bbox 2283 4698 2338 4763; x_wconf 83' lang='lat' dir='ltr'><strong>et</strong></span> <span class='ocrx_word' id='word_1_1116' title='bbox 2361 4690 2414 4763; x_wconf 85' lang='lat' dir='ltr'><strong>in</strong></span> <span class='ocrx_word' id='word_1_1117' title='bbox 2439 4697 2644 4763; x_wconf 86' lang='lat' dir='ltr'><strong>terram</strong></span> <span class='ocrx_word' id='word_1_1118' title='bbox 2660 4686 2976 4763; x_wconf 76' lang='lat' dir='ltr'><strong>revertimur</strong></span> <span class='ocrx_word' id='word_1_1119' title='bbox 3005 4686 3025 4763; x_wconf 95' lang='lat'>(</span> <span class='ocrx_word' id='word_1_1120' title='bbox 3056 4688 3183 4743; x_wconf 81' lang='lat' dir='ltr'><strong>Gen.</strong></span> <span class='ocrx_word' id='word_1_1121' title='bbox 3207 4689 3259 4743; x_wconf 79' lang='grc'><strong>5.</strong></span> <span class='ocrx_word' id='word_1_1122' title='bbox 3292 4690 3359 4745; x_wconf 77' lang='grc'>19</span> <span class='ocrx_word' id='word_1_1123' title='bbox 3384 4691 3404 4761; x_wconf 88' lang='grc'><strong>)</strong></span> <span class='ocrx_word' id='word_1_1124' title='bbox 3429 4708 3448 4757; x_wconf 88' lang='grc'><strong>;</strong></span> 
     </span>
    </p>
   </div>
   <div class='ocr_carea' id='block_1_142' title="bbox 1871 4758 3444 4831">
    <p class='ocr_par' dir='ltr' id='par_1_142' title="bbox 1871 4758 3444 4831">
     <span class='ocr_line' id='line_1_144' title="bbox 1871 4758 3444 4831; baseline -0.001 -15"><span class='ocrx_word' id='word_1_1125' title='bbox 1871 4761 2097 4831; x_wconf 89' lang='lat' dir='ltr'><strong>ideoque</strong></span> <span class='ocrx_word' id='word_1_1126' title='bbox 2125 4761 2453 4831; x_wconf 86' lang='lat' dir='ltr'><strong>providentia</strong></span> <span class='ocrx_word' id='word_1_1127' title='bbox 2476 4770 2560 4814; x_wconf 89' lang='lat' dir='ltr'><strong>tua</strong></span> <span class='ocrx_word' id='word_1_1128' title='bbox 2582 4759 2647 4814; x_wconf 93' lang='lat' dir='ltr'><strong>ad</strong></span> <span class='ocrx_word' id='word_1_1129' title='bbox 2662 4758 3056 4831; x_wconf 74' lang='lat' dir='ltr'><strong>rel&#39;orntandut&#39;n</strong></span> <span class='ocrx_word' id='word_1_1130' title='bbox 3086 4775 3183 4831; x_wconf 85' lang='lat' dir='ltr'><strong>nos</strong></span> <span class='ocrx_word' id='word_1_1131' title='bbox 3205 4758 3444 4831; x_wconf 84' lang='lat' dir='ltr'><strong>egemus;</strong></span> 
     </span>
    </p>
   </div>
   <div class='ocr_carea' id='block_1_143' title="bbox 1874 4829 3450 4901">
    <p class='ocr_par' dir='ltr' id='par_1_143' title="bbox 1874 4829 3450 4901">
     <span class='ocr_line' id='line_1_145' title="bbox 1874 4829 3450 4901; baseline -0.001 -15"><span class='ocrx_word' id='word_1_1132' title='bbox 1874 4832 1926 4886; x_wconf 88' lang='lat' dir='ltr'><strong>id</strong></span> <span class='ocrx_word' id='word_1_1133' title='bbox 1976 4829 2138 4901; x_wconf 77' lang='lat' dir='ltr'><strong>quod</strong></span> <span class='ocrx_word' id='word_1_1134' title='bbox 2165 4831 2441 4900; x_wconf 87' lang='lat' dir='ltr'><strong>sequentia</strong></span> <span class='ocrx_word' id='word_1_1135' title='bbox 2481 4830 2781 4898; x_wconf 80' lang='lat' dir='ltr'><strong>signiﬁcant</strong></span> <span class='ocrx_word' id='word_1_1136' title='bbox 2807 4848 2826 4901; x_wconf 19' lang='lat' dir='ltr'><strong>A:</strong></span> <span class='ocrx_word' id='word_1_1137' title='bbox 2858 4829 3121 4897; x_wconf 83' lang='lat' dir='ltr'><strong>Numquid</strong></span> <span class='ocrx_word' id='word_1_1138' title='bbox 3161 4829 3290 4884; x_wconf 81' lang='lat' dir='ltr'><strong>enim</strong></span> <span class='ocrx_word' id='word_1_1139' title='bbox 3324 4846 3450 4885; x_wconf 72' lang='lat' dir='ltr'><strong>sane</strong></span> 
     </span>
    </p>
   </div>
   <div class='ocr_carea' id='block_1_144' title="bbox 1871 4899 3449 4972">
    <p class='ocr_par' dir='ltr' id='par_1_144' title="bbox 1871 4899 3449 4972">
     <span class='ocr_line' id='line_1_146' title="bbox 1871 4899 3449 4972; baseline -0.001 -16"><span class='ocrx_word' id='word_1_1140' title='bbox 1871 4899 2051 4957; x_wconf 79' lang='lat' dir='ltr'><strong>creasti</strong></span> <span class='ocrx_word' id='word_1_1141' title='bbox 2072 4899 2255 4956; x_wconf 79' lang='lat' dir='ltr'><strong>onmes</strong></span> <span class='ocrx_word' id='word_1_1142' title='bbox 2269 4903 2403 4972; x_wconf 81' lang='lat' dir='ltr'><strong>ﬁlios</strong></span> <span class='ocrx_word' id='word_1_1143' title='bbox 2423 4902 2682 4955; x_wconf 83' lang='lat' dir='ltr'><strong>hominum</strong></span> <span class='ocrx_word' id='word_1_1144' title='bbox 2710 4901 2736 4955; x_wconf 82' lang='lat'><strong><em>?</em></strong></span> <span class='ocrx_word' id='word_1_1145' title='bbox 2766 4899 2819 4953; x_wconf 92' lang='lat' dir='ltr'><strong>Id</strong></span> <span class='ocrx_word' id='word_1_1146' title='bbox 2845 4907 2965 4972; x_wconf 86' lang='lat' dir='ltr'><strong>est,</strong></span> <span class='ocrx_word' id='word_1_1147' title='bbox 2990 4916 3092 4972; x_wconf 81' lang='lat' dir='ltr'><strong>non</strong></span> <span class='ocrx_word' id='word_1_1148' title='bbox 3117 4909 3176 4955; x_wconf 90' lang='lat' dir='ltr'><strong>ut</strong></span> <span class='ocrx_word' id='word_1_1149' title='bbox 3199 4902 3449 4956; x_wconf 85' lang='lat' dir='ltr'><strong>transito-</strong></span> 
     </span>
    </p>
   </div>
   <div class='ocr_carea' id='block_1_145' title="bbox 1873 4970 3441 5043">
    <p class='ocr_par' dir='ltr' id='par_1_145' title="bbox 1873 4970 3441 5043">
     <span class='ocr_line' id='line_1_147' title="bbox 1873 4970 3441 5043; baseline -0.001 -16"><span class='ocrx_word' id='word_1_1150' title='bbox 1873 4973 2010 5027; x_wconf 87' lang='lat' dir='ltr'><strong>rium</strong></span> <span class='ocrx_word' id='word_1_1151' title='bbox 2031 4988 2165 5043; x_wconf 89' lang='lat' dir='ltr'><strong>opus</strong></span> <span class='ocrx_word' id='word_1_1152' title='bbox 2192 4970 2434 5027; x_wconf 77' lang='lat' dir='ltr'><strong>hoinines</strong></span> <span class='ocrx_word' id='word_1_1153' title='bbox 2458 4972 2623 5027; x_wconf 78' lang='lat' dir='ltr'><strong>iecisti</strong></span> <span class='ocrx_word' id='word_1_1154' title='bbox 2649 5012 2665 5037; x_wconf 94' lang='lat'><strong>,</strong></span> <span class='ocrx_word' id='word_1_1155' title='bbox 2699 4980 2755 5025; x_wconf 90' lang='lat' dir='ltr'><strong>ut</strong></span> <span class='ocrx_word' id='word_1_1156' title='bbox 2781 4971 2953 5026; x_wconf 85' lang='lat' dir='ltr'><strong>solum</strong></span> <span class='ocrx_word' id='word_1_1157' title='bbox 2983 4970 3262 5043; x_wconf 83' lang='lat' dir='ltr'><strong>videantur</strong></span> <span class='ocrx_word' id='word_1_1158' title='bbox 3280 5010 3299 5037; x_wconf 85' lang='lat'><strong>,</strong></span> <span class='ocrx_word' id='word_1_1159' title='bbox 3322 4985 3441 5043; x_wconf 44' lang='lat' dir='ltr'><strong>per:</strong></span> 
     </span>
    </p>
   </div>
   <div class='ocr_carea' id='block_1_146' title="bbox 1873 5042 3446 5113">
    <p class='ocr_par' dir='ltr' id='par_1_146' title="bbox 1873 5042 3446 5113">
     <span class='ocr_line' id='line_1_148' title="bbox 1873 5042 3446 5113; baseline -0.001 -15"><span class='ocrx_word' id='word_1_1160' title='bbox 1873 5045 1995 5099; x_wconf 89' lang='lat' dir='ltr'><strong>inde</strong></span> <span class='ocrx_word' id='word_1_1161' title='bbox 2015 5042 2174 5113; x_wconf 81' lang='lat' dir='ltr'><strong>atque</strong></span> <span class='ocrx_word' id='word_1_1162' title='bbox 2197 5053 2392 5098; x_wconf 62' lang='lat' dir='ltr'><strong>caetera</strong></span> <span class='ocrx_word' id='word_1_1163' title='bbox 2413 5043 2686 5113; x_wconf 76' lang='lat' dir='ltr'><strong>animalia,</strong></span> <span class='ocrx_word' id='word_1_1164' title='bbox 2713 5052 2771 5113; x_wconf 82' lang='lat' dir='ltr'><strong>et</strong></span> <span class='ocrx_word' id='word_1_1165' title='bbox 2799 5053 2978 5108; x_wconf 75' lang='lat' dir='ltr'><strong>posma</strong></span> <span class='ocrx_word' id='word_1_1166' title='bbox 3018 5042 3328 5113; x_wconf 77' lang='lat' dir='ltr'><strong>deleantur;</strong></span> <span class='ocrx_word' id='word_1_1167' title='bbox 3353 5042 3446 5096; x_wconf 90' lang='lat' dir='ltr'><strong>sed</strong></span> 
     </span>
    </p>
   </div>
   <div class='ocr_carea' id='block_1_147' title="bbox 1873 5111 3449 5183">
    <p class='ocr_par' dir='ltr' id='par_1_147' title="bbox 1873 5111 3449 5183">
     <span class='ocr_line' id='line_1_149' title="bbox 1873 5111 3449 5183; baseline -0.003 -14"><span class='ocrx_word' id='word_1_1168' title='bbox 1873 5123 1929 5169; x_wconf 88' lang='lat' dir='ltr'><strong>ut</strong></span> <span class='ocrx_word' id='word_1_1169' title='bbox 1956 5131 2064 5183; x_wconf 64' lang='lat' dir='ltr'><strong>prae</strong></span> <span class='ocrx_word' id='word_1_1170' title='bbox 2084 5111 2334 5169; x_wconf 86' lang='lat' dir='ltr'><strong>omnibus</strong></span> <span class='ocrx_word' id='word_1_1171' title='bbox 2347 5112 2571 5183; x_wconf 88' lang='lat' dir='ltr'><strong>opiﬁciis</strong></span> <span class='ocrx_word' id='word_1_1172' title='bbox 2601 5111 2869 5183; x_wconf 79' lang='lat' dir='ltr'><strong>ellulgeat,</strong></span> <span class='ocrx_word' id='word_1_1173' title='bbox 2887 5119 2942 5164; x_wconf 88' lang='lat' dir='ltr'><strong>et</strong></span> <span class='ocrx_word' id='word_1_1174' title='bbox 2965 5120 3020 5164; x_wconf 92' lang='lat' dir='ltr'><strong>ut</strong></span> <span class='ocrx_word' id='word_1_1175' title='bbox 3043 5111 3326 5183; x_wconf 86' lang='lat' dir='ltr'><strong>creationis</strong></span> <span class='ocrx_word' id='word_1_1176' title='bbox 3345 5113 3449 5183; x_wconf 82' lang='lat' dir='ltr'><strong>uti-</strong></span> 
     </span>
    </p>
   </div>
   <div class='ocr_carea' id='block_1_148' title="bbox 1869 5181 3443 5254">
    <p class='ocr_par' dir='ltr' id='par_1_148' title="bbox 1869 5181 3443 5254">
     <span class='ocr_line' id='line_1_150' title="bbox 1869 5181 3443 5254; baseline -0.003 -15"><span class='ocrx_word' id='word_1_1177' title='bbox 1869 5181 1990 5240; x_wconf 82' lang='lat' dir='ltr'><strong>litas</strong></span> <span class='ocrx_word' id='word_1_1178' title='bbox 2017 5181 2544 5254; x_wconf 55' lang='lat' dir='ltr'><strong>digmseatur.fNune</strong></span> <span class='ocrx_word' id='word_1_1179' title='bbox 2572 5193 2748 5254; x_wconf 83' lang='lat' dir='ltr'><strong>autem</strong></span> <span class='ocrx_word' id='word_1_1180' title='bbox 2767 5182 2819 5234; x_wconf 93' lang='lat' dir='ltr'><strong>in</strong></span> <span class='ocrx_word' id='word_1_1181' title='bbox 2831 5181 3152 5254; x_wconf 81' lang='lat' dir='ltr'><strong>contrarium</strong></span> <span class='ocrx_word' id='word_1_1182' title='bbox 3177 5194 3263 5234; x_wconf 86' lang='lat' dir='ltr'><strong>res</strong></span> <span class='ocrx_word' id='word_1_1183' title='bbox 3278 5182 3443 5254; x_wconf 83' lang='lat' dir='ltr'><strong>cedit,</strong></span> 
     </span>
    </p>
   </div>
   <div class='ocr_carea' id='block_1_149' title="bbox 1869 5250 3447 5325">
    <p class='ocr_par' dir='ltr' id='par_1_149' title="bbox 1869 5250 3447 5325">
     <span class='ocr_line' id='line_1_151' title="bbox 1869 5250 3447 5325; baseline -0.001 -15"><span class='ocrx_word' id='word_1_1184' title='bbox 1869 5257 1987 5324; x_wconf 83' lang='lat' dir='ltr'><strong>Ipso</strong></span> <span class='ocrx_word' id='word_1_1185' title='bbox 2013 5250 2108 5325; x_wconf 71' lang='lat' dir='ltr'><strong>per</strong></span> <span class='ocrx_word' id='word_1_1186' title='bbox 2133 5264 2356 5325; x_wconf 86' lang='lat' dir='ltr'><strong>mortem</strong></span> <span class='ocrx_word' id='word_1_1187' title='bbox 2383 5255 2655 5325; x_wconf 76' lang='lat' dir='ltr'><strong>exstincto</strong></span> <span class='ocrx_word' id='word_1_1188' title='bbox 2671 5270 2684 5306; x_wconf 89' lang='lat'><strong>:</strong></span> <span class='ocrx_word' id='word_1_1189' title='bbox 2706 5250 2814 5325; x_wconf 79' lang='lat' dir='ltr'><strong>hoc</strong></span> <span class='ocrx_word' id='word_1_1190' title='bbox 2832 5250 2975 5325; x_wconf 82' lang='lat' dir='ltr'><strong>enim</strong></span> <span class='ocrx_word' id='word_1_1191' title='bbox 2997 5251 3250 5325; x_wconf 81' lang='lat' dir='ltr'><strong>propheta</strong></span> <span class='ocrx_word' id='word_1_1192' title='bbox 3276 5251 3328 5305; x_wconf 91' lang='lat' dir='ltr'><strong>in</strong></span> <span class='ocrx_word' id='word_1_1193' title='bbox 3354 5266 3447 5308; x_wconf 83' lang='lat' dir='ltr'><strong>se-</strong></span> 
     </span>
    </p>
   </div>
   <div class='ocr_carea' id='block_1_150' title="bbox 1867 5322 3448 5396">
    <p class='ocr_par' dir='ltr' id='par_1_150' title="bbox 1867 5322 3448 5396">
     <span class='ocr_line' id='line_1_152' title="bbox 1867 5322 3448 5396; baseline -0.004 -15"><span class='ocrx_word' id='word_1_1194' title='bbox 1867 5322 2151 5396; x_wconf 78' lang='lat' dir='ltr'><strong>quentibus</strong></span> <span class='ocrx_word' id='word_1_1195' title='bbox 2180 5324 2442 5394; x_wconf 85' lang='lat' dir='ltr'><strong>deplorat.</strong></span> <span class='ocrx_word' id='word_1_1196' title='bbox 2477 5325 2569 5379; x_wconf 70' lang='lat'><strong>49.</strong></span> <span class='ocrx_word' id='word_1_1197' title='bbox 2619 5322 2743 5396; x_wconf 81' lang='lat' dir='ltr'><strong>Quis</strong></span> <span class='ocrx_word' id='word_1_1198' title='bbox 2770 5330 2843 5376; x_wconf 84' lang='lat' dir='ltr'><strong>est</strong></span> <span class='ocrx_word' id='word_1_1199' title='bbox 2879 5323 3062 5396; x_wconf 74' lang='lat' dir='ltr'><strong>hoino,</strong></span> <span class='ocrx_word' id='word_1_1200' title='bbox 3092 5323 3180 5392; x_wconf 83' lang='lat' dir='ltr'><strong>qui</strong></span> <span class='ocrx_word' id='word_1_1201' title='bbox 3204 5322 3369 5396; x_wconf 65' lang='lat' dir='ltr'><strong>uiuet,</strong></span> <span class='ocrx_word' id='word_1_1202' title='bbox 3400 5331 3448 5396; x_wconf 75' lang='lat' dir='ltr'><strong>et</strong></span> 
     </span>
    </p>
   </div>
   <div class='ocr_carea' id='block_1_151' title="bbox 1867 5391 3448 5461">
    <p class='ocr_par' dir='ltr' id='par_1_151' title="bbox 1867 5391 3448 5461">
     <span class='ocr_line' id='line_1_153' title="bbox 1867 5391 3448 5461; baseline -0.003 -11"><span class='ocrx_word' id='word_1_1203' title='bbox 1867 5391 1967 5450; x_wconf 81' lang='lat' dir='ltr'><strong>non</strong></span> <span class='ocrx_word' id='word_1_1204' title='bbox 1990 5395 2173 5450; x_wconf 80' lang='lat' dir='ltr'><strong>videbit</strong></span> <span class='ocrx_word' id='word_1_1205' title='bbox 2198 5391 2428 5459; x_wconf 83' lang='lat' dir='ltr'><strong>mortem,</strong></span> <span class='ocrx_word' id='word_1_1206' title='bbox 2443 5403 2581 5447; x_wconf 81' lang='lat' dir='ltr'><strong>eruet</strong></span> <span class='ocrx_word' id='word_1_1207' title='bbox 2599 5394 2822 5446; x_wconf 81' lang='lat' dir='ltr'><strong>animant</strong></span> <span class='ocrx_word' id='word_1_1208' title='bbox 2838 5406 2984 5446; x_wconf 86' lang='lat' dir='ltr'><strong>suam</strong></span> <span class='ocrx_word' id='word_1_1209' title='bbox 3003 5393 3066 5444; x_wconf 82' lang='lat' dir='ltr'><strong>de</strong></span> <span class='ocrx_word' id='word_1_1210' title='bbox 3091 5391 3241 5445; x_wconf 80' lang='lat' dir='ltr'><strong>ntanu</strong></span> <span class='ocrx_word' id='word_1_1211' title='bbox 3258 5391 3448 5461; x_wconf 77' lang='lat' dir='ltr'><strong>inferi?</strong></span> 
     </span>
    </p>
   </div>
   <div class='ocr_carea' id='block_1_152' title="bbox 1869 5461 3447 5534">
    <p class='ocr_par' dir='ltr' id='par_1_152' title="bbox 1869 5461 3447 5534">
     <span class='ocr_line' id='line_1_154' title="bbox 1869 5461 3447 5534; baseline -0.003 -14"><span class='ocrx_word' id='word_1_1212' title='bbox 1869 5466 1924 5520; x_wconf 90' lang='lat' dir='ltr'><strong>In</strong></span> <span class='ocrx_word' id='word_1_1213' title='bbox 1955 5480 2142 5520; x_wconf 90' lang='lat' dir='ltr'><strong>omnes</strong></span> <span class='ocrx_word' id='word_1_1214' title='bbox 2165 5505 2181 5530; x_wconf 89' lang='lat'><strong>,</strong></span> <span class='ocrx_word' id='word_1_1215' title='bbox 2213 5466 2384 5534; x_wconf 92' lang='lat' dir='ltr'><strong>inquit</strong></span> <span class='ocrx_word' id='word_1_1216' title='bbox 2409 5505 2424 5527; x_wconf 91' lang='lat'><strong>,</strong></span> <span class='ocrx_word' id='word_1_1217' title='bbox 2447 5464 2752 5518; x_wconf 88' lang='lat' dir='ltr'><strong>dominatur</strong></span> <span class='ocrx_word' id='word_1_1218' title='bbox 2773 5461 3254 5534; x_wconf 75' lang='lat' dir='ltr'><strong>mortisdecretnm</strong></span> <span class='ocrx_word' id='word_1_1219' title='bbox 3290 5479 3303 5514; x_wconf 93' lang='lat'>:</span> <span class='ocrx_word' id='word_1_1220' title='bbox 3335 5479 3447 5516; x_wconf 74' lang='grc' dir='ltr'>οιιιο</span> 
     </span>
    </p>
   </div>
   <div class='ocr_carea' id='block_1_153' title="bbox 1868 5531 3441 5603">
    <p class='ocr_par' dir='ltr' id='par_1_153' title="bbox 1868 5531 3441 5603">
     <span class='ocr_line' id='line_1_155' title="bbox 1868 5531 3441 5603; baseline -0.004 -12"><span class='ocrx_word' id='word_1_1221' title='bbox 1868 5538 2013 5592; x_wconf 89' lang='lat' dir='ltr'><strong>nium</strong></span> <span class='ocrx_word' id='word_1_1222' title='bbox 2038 5537 2230 5588; x_wconf 65' lang='lat' dir='ltr'><strong>auinae</strong></span> <span class='ocrx_word' id='word_1_1223' title='bbox 2249 5575 2265 5600; x_wconf 92' lang='lat'><strong>,</strong></span> <span class='ocrx_word' id='word_1_1224' title='bbox 2287 5531 2455 5588; x_wconf 77' lang='lat' dir='ltr'><strong>etiam</strong></span> <span class='ocrx_word' id='word_1_1225' title='bbox 2477 5534 2742 5603; x_wconf 87' lang='lat' dir='ltr'><strong>justorum</strong></span> <span class='ocrx_word' id='word_1_1226' title='bbox 2765 5573 2781 5597; x_wconf 90' lang='lat'><strong>,</strong></span> <span class='ocrx_word' id='word_1_1227' title='bbox 2808 5532 2861 5586; x_wconf 90' lang='lat' dir='ltr'><strong>in</strong></span> <span class='ocrx_word' id='word_1_1228' title='bbox 2892 5532 3075 5588; x_wconf 82' lang='lat' dir='ltr'><strong>inferis</strong></span> <span class='ocrx_word' id='word_1_1229' title='bbox 3090 5531 3401 5587; x_wconf 88' lang='lat' dir='ltr'><strong>detinentur</strong></span> <span class='ocrx_word' id='word_1_1230' title='bbox 3425 5546 3441 5562; x_wconf 89' lang='grc'><strong>·</strong></span> 
     </span>
    </p>
   </div>
   <div class='ocr_carea' id='block_1_154' title="bbox 1865 5603 3446 5675">
    <p class='ocr_par' dir='ltr' id='par_1_154' title="bbox 1865 5603 3446 5675">
     <span class='ocr_line' id='line_1_156' title="bbox 1865 5603 3446 5675; baseline -0.004 -13"><span class='ocrx_word' id='word_1_1231' title='bbox 1865 5616 1919 5663; x_wconf 90' lang='lat' dir='ltr'><strong>et</strong></span> <span class='ocrx_word' id='word_1_1232' title='bbox 1945 5605 2189 5675; x_wconf 76' lang='lat' dir='ltr'><strong>imaginis</strong></span> <span class='ocrx_word' id='word_1_1233' title='bbox 2210 5620 2328 5674; x_wconf 61' lang='lat' dir='ltr'><strong>quae</strong></span> <span class='ocrx_word' id='word_1_1234' title='bbox 2346 5606 2396 5659; x_wconf 90' lang='lat' dir='ltr'><strong>in</strong></span> <span class='ocrx_word' id='word_1_1235' title='bbox 2420 5605 2573 5658; x_wconf 83' lang='lat' dir='ltr'><strong>nobis</strong></span> <span class='ocrx_word' id='word_1_1236' title='bbox 2589 5611 2673 5659; x_wconf 91' lang='lat' dir='ltr'><strong>est</strong></span> <span class='ocrx_word' id='word_1_1237' title='bbox 2691 5603 3043 5675; x_wconf 75' lang='lat' dir='ltr'><strong>dignitasper</strong></span> <span class='ocrx_word' id='word_1_1238' title='bbox 3058 5603 3248 5675; x_wconf 82' lang='lat' dir='ltr'><strong>mortis</strong></span> <span class='ocrx_word' id='word_1_1239' title='bbox 3269 5613 3446 5675; x_wconf 83' lang='lat' dir='ltr'><strong>tyran-</strong></span> 
     </span>
    </p>
   </div>
   <div class='ocr_carea' id='block_1_155' title="bbox 1868 5672 3446 5744">
    <p class='ocr_par' dir='ltr' id='par_1_155' title="bbox 1868 5672 3446 5744">
     <span class='ocr_line' id='line_1_157' title="bbox 1868 5672 3446 5744; baseline -0.005 -11"><span class='ocrx_word' id='word_1_1240' title='bbox 1868 5672 2314 5744; x_wconf 40' lang='lat' dir='ltr'><strong>nidem—corrupta</strong></span> <span class='ocrx_word' id='word_1_1241' title='bbox 2342 5683 2441 5728; x_wconf 88' lang='lat' dir='ltr'><strong>est.</strong></span> <span class='ocrx_word' id='word_1_1242' title='bbox 2471 5675 2562 5728; x_wconf 82' lang='lat' dir='ltr'><strong>llis</strong></span> <span class='ocrx_word' id='word_1_1243' title='bbox 2578 5672 2781 5744; x_wconf 74' lang='lat' dir='ltr'><strong>passini</strong></span> <span class='ocrx_word' id='word_1_1244' title='bbox 2790 5673 2968 5729; x_wconf 86' lang='lat' dir='ltr'><strong>verbis</strong></span> <span class='ocrx_word' id='word_1_1245' title='bbox 2987 5672 3243 5744; x_wconf 88' lang='lat' dir='ltr'><strong>propheta</strong></span> <span class='ocrx_word' id='word_1_1246' title='bbox 3264 5672 3446 5733; x_wconf 79' lang='lat' dir='ltr'><strong>utitur.</strong></span> 
     </span>
    </p>
   </div>
   <div class='ocr_carea' id='block_1_156' title="bbox 1869 5744 3447 5805">
    <p class='ocr_par' dir='ltr' id='par_1_156' title="bbox 1869 5744 3447 5805">
     <span class='ocr_line' id='line_1_158' title="bbox 1869 5744 3447 5805; baseline -0.003 0"><span class='ocrx_word' id='word_1_1247' title='bbox 1869 5760 1925 5805; x_wconf 90' lang='lat' dir='ltr'><strong>ut</strong></span> <span class='ocrx_word' id='word_1_1248' title='bbox 1954 5748 2251 5805; x_wconf 76' lang='lat' dir='ltr'><strong>Sen&#39;atoris</strong></span> <span class='ocrx_word' id='word_1_1249' title='bbox 2265 5746 2547 5802; x_wconf 86' lang='lat' dir='ltr'><strong>adventum</strong></span> <span class='ocrx_word' id='word_1_1250' title='bbox 2565 5744 2847 5803; x_wconf 87' lang='lat' dir='ltr'><strong>acceleret.</strong></span> <span class='ocrx_word' id='word_1_1251' title='bbox 2869 5744 3036 5801; x_wconf 84' lang='lat' dir='ltr'><strong>Nemo</strong></span> <span class='ocrx_word' id='word_1_1252' title='bbox 3061 5744 3203 5800; x_wconf 86' lang='lat' dir='ltr'><strong>enim</strong></span> <span class='ocrx_word' id='word_1_1253' title='bbox 3225 5758 3256 5799; x_wconf 87' lang='lat' dir='ltr'><strong>a</strong></span> <span class='ocrx_word' id='word_1_1254' title='bbox 3277 5754 3447 5800; x_wconf 76' lang='lat' dir='ltr'><strong>morte</strong></span> 
     </span>
    </p>
   </div>
  </div>
