3968 6290
563 337 662 390 739

556 448 718 502 etiam
747 444 1089 514 natttrmjura
1129 444 1434 512 ignorantes
1463 460 1474 494 :
1508 441 1644 495 ﬁlios
1675 442 1876 514 quippe
1923 451 1976 496 et
2009 439 2142 496 lilias

558 529 768 574 nostras
797 512 1076 571 daemoniis
1103 515 1512 568 itmnolavimus.
1545 514 1629 566 16.
1665 512 1726 564 Et
1747 529 1934 579 respice
1960 515 2009 564 in
2037 530 2144 566 ser-

558 606 644 642 ros
682 598 794 642 tuos
824 600 867 642 et
891 589 946 640 in
980 601 1133 655 opera
1173 596 1278 643 tua.
1323 595 1367 637 et
1396 585 1557 652 dirige
1581 584 1716 646 filios
1743 599 1933 655 eorum,
1958 583 2134 655 _\'ides

560 674 767 714 rursum
822 653 1090 728 quomodo
1135 655 1429 710 orationem
1476 655 1795 722 resumpsit?
1837 653 1972 728 Quid
2022 669 2146 728 vero

563 723 854 797 precaturi"
877 726 1115 783 Ut’Deus
1147 743 1242 778 nos
1267 737 1318 779 et
1342 739 1502 797 opera
1529 735 1706 777 nostra
1748 725 2016 797 respiciat.
2044 723 2147 776 Re-

560 793 747 867 spiciet
775 808 951 852 autem
981 812 1100 859 nos,
1121 807 1173 850 et
1200 793 1529 866 ut’pro’prios
1559 807 1742 867 servos
1767 793 2000 854 habebit,
2023 808 2143 867 cum

565 865 683 940 ejus
715 870 989 939 'legilhoc
1028 868 1169 921 enim
1215 881 1488 920 servorum
1537 866 1808 933 proprium
1853 867 1957 933 est)
1986 865 2144 918 obse-

562 952 786 1011 quentes
811 941 1098 1011 l'ucrimus;
1131 948 1254 1011 tunc
1297 945 1684 1011 nosrctpopera
1729 945 1930 998 ucstra,
1964 944 2146 1011 tttpo‘ie

565 1005 720 1070 bona.
758 1012 1023 1080 reSpicere
1047 1006 1370 1080 dignabitur.
1402 1007 1598 1080 Dirigct
1641 1016 1953 1080 autenrnos
1993 1017 2044 1058 et
2079 1005 2144 1057 li-

567 1086 667 1137 lios
700 1076 912 1136 nostros
955 1076 1218 1139 carnales,
1252 1080 1359 1131 imo
1403 1078 1562 1132 etiam
1609 1076 1932 1144 spirituales,
1963 1084 2145 1144 utpote

567 1155 659 1223 qui
709 1170 736 1204 ιι
789 1151 944 1223 bonis
989 1150 1125 1202 bona
1157 1149 1469 1223 didicerint,
1499 1146 1686 1223 videns
1715 1162 1818 1223 eos
1847 1146 2147 1223 _|)_ei__d_ire-

564 1215 742 1278 ctione
768 1222 956 1292 dignos
981 1234 1117 1274 esse.
1147 1219 1233 1274 17.
1265 1217 1326 1272 Et
1348 1219 1410 1272 sit
1436 1218 1675 1288 splendor
1707 1215 1916 1292 Domini
1945 1216 2038 1269 Dei
2057 1233 2149 1269 no-

563 1296 656 1348 stri
685 1288 1030 1363 super'nos.‘et
1051 1307 1204 1363 aperti
1230 1305 1468 1363 manuum
1496 1288 1971 1363 nostrai-untditiqe
1998 1303 2150 1363 super

567 1382 678 1419 nos.
706 1358 761 1418 Si
793 1358 1221 1434 Splendore'Dei,
1265 1359 1615 1414 illustratione
1643 1359 1888 1434 videlicet
1916 1358 2148 1434 Spiritus

565 1436 756 1498 sancti,
787 1428 1086 1503 dignemur,
1116 1430 1756 1503 cujusconsortcssancti
1789 1445 1940 1503 suum
1963 1438 2017 1482 et
2047 1428 2148 1497 ipsi

565 1499 902 1574 splenderent
932 1499 1203 1556 habuere:
1232 1501 1305 1554 ait
1333 1501 1474 1554 enim
1506 1517 1518 1552 :
1552 1499 1616 1574 In
1645 1499 1993 1574 splendoribus
2023 1515 2146 1574 san-

565 1569 761 1629 ctorum
818 1585 1057 1636 tuorum;
1119 1588 1181 1626 ex
1226 1581 1366 1624 utero
1423 1580 1538 1624 ante
1587 1572 1852 1640 luciferum
1905 1569 2053 1639 genui
2104 1579 2151 1622 te

567 1647 738 1714 (Psal.
767 1645 892 1700 109.
925 1642 980 1716 5)
1008 1660 1021 1697 :
1059 1641 1226 1716 Opera
1257 1652 1946 1716 manuumnostrarum,seu
1977 1640 2148 1692 actio-

567 1710 684 1788 nes,
725 1732 884 1788 super
909 1710 1035 1788 nos,
1071 1713 1124 1767 id
1164 1722 1369 1788 estpro
1400 1712 1572 1788 nobis,
1617 1727 1662 1788 a_
1688 1710 2146 1788 Deodiriguntnr,

570 1780 980 1842 sic'secundum
1009 1785 1179 1855 legem
1222 1780 1289 1855 ab
1327 1784 1441 1855 ipso
1467 1782 1880 1855 diSpOS‘ltllltjlil-
1901 1791 1955 1833 ut
1995 1780 2150 1855 nobis

569 1859 774 1912 dicatur
805 1855 856 1910 id
885 1855 1027 1924 quod
1056 1851 1308 1923 apostolis
1338 1851 1534 1924 dictum
1555 1851 1566 1852 ί
1587 1851 1717 1904 luit:
1750 1851 1839 1905 Sic
1863 1851 2024 1924 luceat
2064 1851 2152 1903 lux

571 1939 731 1981 vestra
756 1920 927 1981 coram
953 1920 1260 1989 hominibus,
1300 1932 1352 1974 ut
1383 1923 1584 1976 videant
1619 1938 1771 1990 opera
1809 1932 1973 1990 vestra
1997 1920 2148 1982 bona,

571 2011 616 2051 et
646 1998 924 2066 gloriﬁcent
949 1994 1154 2048 Patrem
1184 2002 1399 2048 vestrum
1418 1993 1502 2062 qui
1531 1989 1744 2066 incielis
1757 2001 1840 2066 est
1860 1989 2070 2066 (Matth.
2094 1991 2148 2046 5.

571 2061 682 2139 liii.
717 2061 785 2122 Et
809 2083 936 2139 opus
967 2081 1209 2139 manuum
1239 2061 1521 2139 nostrarum
1548 2062 1724 2139 dirige.
1755 2061 1888 2115 Nam
1915 2062 2150 2139 cleemo.

571 2132 758 2210 synam
793 2132 1061 2206 psaltnista
1088 2133 1384 2189 subindicat
1413 2151 1430 2210 ς
1454 2134 1571 2210 ipsa
1593 2132 1734 2187 enim
1771 2142 2016 2210 estopus
2041 2132 2154 2210 exi-

574 2201 734 2263 mium
767 2201 1015 2262 manuum
1047 2217 1387 2267 nostrarum;
1418 2201 1645 2272 ideoque
1670 2218 1738 2257 ex
1768 2201 1950 2257 multis
1974 2201 2152 2272 Operi:

575 2281 671 2333 bus
700 2295 818 2348 quae
847 2279 898 2331 in
931 2275 1360 2348 prazcedentibus
1375 2271 1619 2348 versibus
1647 2271 2153 2348 memoravit,_'_illnd

570 2344 788 2419 delc-git,
833 2360 890 2402 ut
918 2344 1184 2430 prOpriam
1221 2345 1530 2416 dignitatem
1562 2344 1920 2430 eleemosynre
1943 2345 2149 2430 tribue-

575 2430 674 2483 ret,
697 2414 863 2496 quam
894 2414 1450 2496 sicserceatnusunon
1472 2414 1746 2496 modicum
1777 2414 2044 2496 carpimus
2067 2414 2153 2468 lu-

574 2485 747 2558 crum,
779 2489 1196 2544 misericordiam
1237 2487 1440 2558 scilicet
1472 2485 1559 2539 Dei
1608 2485 1848 2558 ejusque
1870 2485 2153 2554 indulgen-

575 2563 700 2614 tiam
732 2556 745 2618 ὲ
776 2576 896 2614 nam
923 2559 1069 2614 Beati
1101 2556 1465 2621 misericordes,
1491 2556 1728 2625 quoniam
1752 2557 1850 2625 ipsi
1872 2558 2155 2610 misericor-

573 2633 712 2685 diam
737 2639 1100 2700 consequentur
1121 2627 1327 2700 (Matth.
1342 2627 1406 2700 75.

580 2703 714 2756 Laus
735 2695 915 2756 cantici
946 2695 1304 2764 Davidi;sine
1340 2696 1688 2766 inscriptione
1707 2695 1844 2766 apud
1879 2697 2150 2752 llebrzeos.

1203 2767 1447 2823 Psalmus
1475 2783 1560 2823 xc.

647 2845 700 2900 1.
740 2843 842 2898 Alii
868 2843 1185 2911 interpretes
1211 2840 1476 2911 l’saltnum
1499 2840 1646 2911 hunc
1673 2838 1789 2911 sine
1813 2838 2158 2911 inscriptione

576 2913 794 2969 habent.
825 2909 1088 2969 Caeterum
1118 2925 1222 2965 non
1255 2909 1374 2964 ideo
1395 2910 1705 2979 negligenda
1738 2910 2011 2978 inscriptio
2035 2919 2150 2973 est;

577 3001 760 3040 verum
809 2985 883 3040 illi
928 2985 1131 3037 haerere
1175 2980 1442 3035 convenit.
1487 2979 1585 3033 Est
1630 2979 1770 3034 enim
1811 2979 2155 3051 Septuaginta

576 3056 948 3126 interpretum,
981 3054 1070 3126 qui
1112 3061 1296 3126 mutuo
1331 3065 1595 3105 consensu
1627 3065 1737 3126 rem
1765 3051 1864 3126 sibi
1885 3050 1924 3104 ia
1954 3050 2156 3119 Spiritu

574 3121 963 3196 suppeditatum
989 3121 1445 3196 A’dcclaravernnt,
1475 3135 1589 3196 quo
1637 3121 1808 3196 dncti_
1839 3129 2154 3196 praesentem

576 3189 846 3250 Psalmum
879 3193 1081 3249 laudent
1113 3193 1295 3246 cantici
1317 3189 1515 3244 Davidi
1543 3190 1847 3246 necessario
1872 3190 2160 3260 inscripse-

577 3277 720 3321 runt.
746 3267 893 3321 llanc
921 3266 1061 3318 enim
1090 3263 1206 3334 ejus
1235 3261 1519 3316 melodiam
1555 3261 1836 3331 diligenter
1870 3259 2154 3334 admodum

576 3337 919 3400 considerare
945 3331 1180 3405 oportet,
1210 3342 1395 3405 utpote
1432 3349 1552 3405 qua:
1579 3347 1770 3405 magna
1797 3339 1875 3405 e_t_
1893 3331 2155 3405 mirabilia

576 3401 1057 3476 complectaturfl.
1092 3405 1190 3476 Qui
1219 3401 1410 3457 habitat
1441 3403 1496 3476 in
1521 3402 1776 3476 adjutorio
1809 3401 2157 3476 Altissinti,_t'n

565 3473 882 3546 .protectione
919 3475 1015 3528 Dei
1043 3475 1150 3529 caeli
1177 3474 1579 3546 commorabitur.
1617 3473 1947 3546 Atljulorium
1989 3473 2157 3546 Altis-

577 3543 698 3601 simi
738 3555 862 3601 suttt
907 3549 1022 3615 eius
1071 3546 1232 3614 leges,
1275 3561 1392 3613 qua:
1425 3545 1561 3615 «lane
1599 3543 1821 3615 sunt‘in
1862 3543 2156 3615 subsidium

567 3629 820 3671 nostrum
843 3611 1026 3671 contra
1055 3611 1305 3669 inimicos
1323 3613 1630 3667 invisibiles.
1666 3613 1720 3666 ltt
1748 3611 1850 3667 hoc
1879 3614 2037 3684 igitur
2063 3612 2158 3665 ha-

580 3690 734 3752 bitat,
759 3688 844 3756 qtti
881 3687 1169 3756 secundum
1205 3685 1320 3756 ejus
1353 3699 1569 3752 scopum
1599 3685 1758 3737 vitam
1785 3685 2030 3756 instituit.
2062 3684 2157 3738 llic

567 3758 644 3812 Tln
703 3754 1006 3827 protectione
1057 3755 1317 3827 Deiﬂcarli
1380 3756 1805 3827 commorabitur;
1866 3755 1918 3827 in
1976 3754 2156 3827 futuro

575 3825 1233 3883 scilicet:contulternalis
1267 3827 1406 3880 enim
1455 3827 1555 3880 erit
1596 3826 1724 3892 Deo,
1769 3833 1825 3878 et
1864 3825 1916 3879 in
1963 3825 2155 3879 eodem

581 3900 878 3954 habitaculo
924 3914 1044 3953 cum
1080 3897 1195 3951 ρωιί
1230 3895 1428 3965 Opilice
1455 3896 1904 3961 commorabitur;
1942 3895 2053 3965 sive
2089 3895 2158 3951 ab

578 3971 692 4036 ipSt)
723 3970 848 4037 Deo,
886 3985 991 4024 non
1017 3969 1083 4022 ah
1109 3963 1289 4036 aliquo
1323 3967 1534 4037 cpiticio
1564 3975 1886 4035 protegetur.
1924 3966 1979 4020 2.
2009 3963 2157 4037 Dicet

577 4035 796 4094 Domino
833 4035 852 4094 ὲ
880 4039 1154 4108 Snsceptor
1190 4035 1328 4091 meus
1355 4035 1404 4091 es
1432 4047 1477 4090 et
1507 4037 1761 4108 refugium
1789 4053 1977 4103 meum,
2022 4035 2155 4108 Deus

577 4128 736 4176 mens,
769 4120 814 4164 et
843 4107 1051 4178 sperabo
1095 4110 1148 4162 in
1178 4125 1312 4163 eunt.
1357 4108 1545 4162 Merito
1565 4107 1766 4172 certe;
1800 4122 1922 4161 nam
1953 4107 2042 4176 qui
2071 4122 2160 4178 se-

575 4181 805 4235 cundum
831 4177 1104 4251 ,prasccpta
1134 4181 1224 4234 Dei
1252 4187 1512 4242 versatur,
1557 4178 1644 4231 ille
1675 4187 1734 4232 ut
1758 4193 1981 4251 sperans
2006 4177 2155 4251 inil-

573 4252 684 4307 lum
714 4247 1043 4306 conﬁdenter
1075 4252 1200 4321 agit,
1245 4260 1299 4305 et
1330 4258 1680 4317 protectorem
1723 4263 1844 4302 eum
1871 4247 2152 4321 obtinebit,

576 4339 698 4378 cunt
738 4322 896 4376 stabit
941 4319 1130 4376 contra
1169 4322 1474 4390 spirituales
1521 4321 1734 4380 hostes;
1781 4324 1863 4372 sin
1915 4319 2156 4390 inlirntus

574 4390 940 4458 luerit,idnon
971 4394 1148 4448 evenit
1173 4389 1311 4461 quod
1335 4392 1422 4444 Dei
1448 4391 2032 4461 protectiosuperetur,
2062 4389 2155 4444 sed

576 4463 730 4532 quod
744 4464 854 4530 ipsc
887 4479 977 4532 per
1005 4460 1270 4532 ignaviam
1299 4477 1449 4516 suam
1484 4477 1542 4514 se
1566 4460 2156 4532 debiliorem_reddide-

580 4529 681 4604 rit.
699 4529 841 4604 Dicet
869 4529 1134 4604 Domino;
1158 4533 1426 4604 Refttgium
1455 4547 1618 4604 meum
1656 4546 1707 4584 es
1750 4540 1826 4604 tt_t.
1855 4529 1969 4604 Non
1996 4534 2152 4604 aber-

580 4603 737 4664 raris,
761 4603 804 4655 si
832 4603 880 4655 id
900 4604 1060 4663 dicas.
1087 4603 1154 4658 de
1183 4600 1496 4672 pra‘ced-enti
1528 4601 1632 4654 vita
1658 4600 1910 4655 conlisus.
1933 4601 1985 4655 3.
2019 4603 2155 4666 Quo-

580 4674 718 4725 niam
746 4674 850 4740 ipse
879 4674 1102 4726 liberabit
1130 4690 1207 4726 me
1233 4674 1294 4726 de
1324 4672 1500 4740 laqueo
1527 4672 1833 4736 venantium,
1876 4679 1922 4724 et
1951 4688 1982 4723 a
2009 4673 2154 4726 verbo

577 4743 905 4796 tumultuoso.
928 4742 1181 4812 Laqueus
1211 4743 1538 4806 venantium,
1575 4743 1702 4812 quin
1731 4742 1890 4796 etiam
1931 4745 2151 4798 verbum

579 4813 984 4878 tmttultnosutn,
1016 4811 1097 4868 est
1125 4813 1400 4866 Consilium
1433 4811 1684 4866 omnead
1713 4813 1848 4864 mala
1879 4813 2150 4878 inducens,

576 4896 630 4940 et
655 4884 998 4953 deceptorum
1038 4883 1243 4936 animos
1293 4883 1648 4950 voluptatibus
1691 4883 1923 4949 l'tndans,
1963 4893 2016 4937 et
2054 4885 2155 4941 hoc

577 4956 736 5009 modo
777 4957 1079 5009 instituens.
1116 4955 1198 5008 Ab
1234 4953 1333 5008 hoc
1371 4953 1591 5007 Consilio
1636 4967 1733 5005 nos
1771 4953 1960 5007 liberat
1996 4961 2150 5019 Deus,

551 5026 790 5096 quando
810 5025 875 5080 ad
897 5042 1016 5082 cum
1040 5025 1371 5094 confugimus
1401 5041 1414 5076 :
1447 5033 1569 5077 tunc
1593 5023 1734 5078 enim
1761 5040 1864 5077 non
1891 5025 2025 5096 ultra
2058 5041 2152 5079 vo-

573 5095 863 5169 luptatibus
910 5097 1104 5169 irretiri
1145 5110 1457 5169 poss_tunus,
1503 5095 2151 5169 compertunt__habcntes

577 5165 843 5223 mundana
885 5167 1061 5222 omnia
1104 5182 1223 5221 cum
1260 5166 1366 5220 Dco
1406 5173 1731 5236 comparata,
1775 5165 1970 5218 nullius
1995 5168 2152 5236 pretii

575 5253 716 5294 esse.
763 5240 817 5294 4.
859 5238 1096 5308 Scapulis
1133 5238 1236 5292 suis
1258 5236 1571 5308 robumorabit
1611 5236 1718 5301 tibi,
1765 5246 1811 5288 et
1851 5238 1944 5290 sub
1977 5240 2155 5306 penitis

573 5311 683 5379 ejus
712 5307 1092 5378 sperabimtlur
1121 5307 1374 5379 propheta
1418 5323 1483 5360 ex
1522 5322 1616 5379 sua
1651 5321 1876 5379 persona
1904 5311 2049 5376 prius
2077 5308 2156 5362 lo-

572 5377 792 5448 quutus,
845 5395 982 5434 nunc
1012 5377 1236 5434 alterum
1277 5378 1472 5447 alloqui
1517 5377 1742 5442 videtur,
1778 5378 1876 5431 nisi
1899 5379 2023 5448 quia
2067 5393 2150 5445 ea,

573 5447 693 5519 qua:
726 5465 865 5504 nunc
905 5449 1172 5515 dicuntur,
1223 5448 1288 5504 ad
1319 5449 1568 5518 populum
1609 5447 1883 5519 gentilium
1922 5447 2156 5518 dirigun-

577 5532 684 5590 tur,
717 5536 874 5589 quem
904 5520 1128 5574 instituit
1151 5536 1256 5590 quo
1285 5531 1454 5590 pacto
1474 5519 1807 5590 tyrannidem
1838 5531 2153 5588 usurpantes

573 5589 850 5660 daemones
878 5605 1132 5658 superare
1172 5589 1382 5644 valeat?
1423 5589 1488 5643 Et
1513 5589 1654 5660 quod
1682 5590 1754 5643 illi
1785 5591 2151 5646 commilitium

577 5658 716 5730 Deus
742 5662 1042 5728 promittit?
1069 5661 1327 5724 Primum,
1362 5658 1548 5729 inquit,
1571 5675 1600 5713 a
1631 5661 1744 5730 lege
1771 5670 1825 5716 et
1838 5662 2150 5730 prophetis:

575 5726 656 5782 ha:
683 5726 879 5802 quippe
905 5740 1038 5802 sunt,
1054 5731 1147 5784 Dei
1178 5726 1709 5799 scapulzefqnoniani
1739 5732 1791 5784 in
1824 5726 2073 5796 illim—ceu
2100 5733 2152 5785 in

574 5799 827 5872 scapulis
863 5801 1132 5870 propriam
1185 5802 1542 5873 cognitionem
1601 5802 1846 5872 deposuit
1885 5817 1899 5855 :
1939 5805 1993 5856 in
2048 5803 2152 5860 illis

2068 323 2335 380 SPURIA.
3705 339 3783 393 750

2257 442 2536 496 obumbrat
2567 457 2686 494 eum
2719 443 2804 510 qui
2837 443 2900 496 ad
2929 457 2987 494 se
3019 443 3239 507 accedit,
3273 459 3374 498 non
3407 446 3582 502 sinens
3605 464 3708 504 eum
3733 457 3782 503 alt

2256 523 2387 587 a'stn
2416 514 2678 587 tlialnilieo
2725 514 2896 566 aduri.
2929 515 3299 587 Quamobrem
3333 516 3520 570 I’aulus
3557 524 3782 587 apostolus

2256 584 2495 637 umbraut
2551 585 2681 644 legis
2723 595 3106 638 commemorat
3154 585 3337 652 (Hebr.
3386 587 3472 643 10.
3516 584 3600 649 1):
3626 591 3780 645 l’cnna:

2254 654 2671 719 suntEvangclia
2703 671 2714 707 :
2747 670 2866 706 nam
2908 658 2996 723 qui
3040 656 3333 709 secundum
3360 657 3445 710 illa
3478 659 3624 712 vitam
3660 662 3781 715 insti-

2256 726 2553 797 tuit._qua.~i
2587 725 2758 777 alatus
2794 742 2823 777 a
2857 734 2996 797 terra
3029 727 3080 778 itt
3129 729 3317 782 caelum
3360 728 3590 782 sublimis
3625 735 3802 797 agilun

2253 795 2335 848 Ab
2372 793 2454 847 his
2482 795 2658 860 itaque
2683 796 3026 863 sperandunt,
3065 811 3158 850 seu
3209 797 3297 850 tali
3342 799 3392 848 in
3429 799 3584 852 Deum
3620 793 3783 867 speta-

2253 874 2513 918 structum
2545 879 2662 918 csse
2689 874 2916 938 oportet,
2953 878 3005 919 ut
3028 869 3333 935 evangelica
3345 867 3474 936 lege
3495 870 3703 938 jubetur.
3729 874 3778 926 ita

2255 947 2311 989 ut
2340 952 2443 988 non
2485 946 2729 1003 speretur
2760 937 2810 989 itt
2850 937 2956 989 Deo
2986 947 3040 990 et
3069 953 3334 1003 tuamona,
3364 940 3457 992 sed
3496 937 3543 993 in
3574 942 3668 994 Deo
3693 953 3779 996 tan-

2255 1014 2362 1058 tum
2388 1006 2534 1076 (an.
2564 1005 2649 1060 16.
2676 1007 2764 1071 15)
2791 1024 2802 1058 :
2826 1007 2902 1059 sic
2927 1009 3068 1060 enim
3099 1009 3241 1060 nttllo
3267 1007 3427 1063 modo
3455 1011 3581 1065 vela
3600 1013 3779 1064 sensibi-

2254 1075 2404 1150 libns
2440 1077 2522 1131 vel
2574 1093 2600 1150 a
2657 1077 3024 1150 Spiritualihns
3077 1078 3303 1132 inimicis
3344 1079 3464 1134 laedi
3518 1084 3774 1150 poteriunts.

2253 1147 2308 1202 5.
2349 1147 2507 1202 Scuto
2543 1148 2866 1200 circumdabit
2895 1159 2942 1200 te
2983 1151 3161 1201 veritas
3203 1152 3333 1220 ejus.
3360 1147 3572 1205 Scutum
3614 1153 3775 1205 [irinum

2255 1233 2359 1272 non
2407 1220 2711 1273 mentientis
2757 1229 2840 1273 est
2889 1220 3084 1273 veritas
3114 1238 3128 1272 :
3158 1221 3356 1274 veritas
3392 1230 3564 1274 autem
3608 1222 3686 1275 Dei
3715 1235 3777 1276 Cal

2255 1289 2517 1348 Christus.
2549 1299 2604 1342 ut
2647 1305 2789 1357 saepe
2831 1289 3061 1344 diximus
3093 1309 3105 1342 :
3133 1289 3290 1359 hujus
3333 1301 3539 1344 scutum
3565 1304 3638 1346 est
3659 1307 3773 1356 crux,

2253 1374 2356 1426 qua
2404 1361 2797 1414 circummuniti
2839 1360 3018 1413 omnia
3050 1361 3186 1414 bella
3229 1360 3559 1416 conﬁdenter
3590 1363 3772 1425 adimus,

2254 1444 2440 1484 omnes
2473 1430 2715 1502 ininiicos
2742 1430 3083 1499 prolligamus
3115 1447 3128 1483 :
3160 1442 3216 1484 ut
3259 1433 3491 1486 indicant
3517 1447 3574 1486 ea
3597 1449 3695 1502 qua:
3716 1448 3779 1485 se-

2253 1511 2508 1573 quuntur.
2545 1498 2665 1573 Non
2702 1498 2914 1573 tintebis
2934 1518 2965 1552 a
2996 1506 3175 1556 timore
3203 1512 3472 1563 nocturno,
3497 1503 3547 1557 6.
3577 1498 3776 1573 a'sngitnt

2255 1571 2455 1624 rolante
2488 1572 2540 1623 in
2570 1572 2670 1625 die.
2714 1571 2895 1625 Timor
2918 1583 3215 1626 nocturnus
3244 1583 3325 1625 est
3355 1575 3659 1641 voluptatum
3683 1571 3774 1625 rar-

2256 1641 2338 1694 nis
2355 1659 2371 1712 ε
2407 1643 2459 1695 in
2499 1642 2731 1696 tenebris
2757 1643 2898 1695 enim
2929 1643 3158 1697 maxime
3204 1645 3354 1696 irruit
3385 1661 3399 1697 :
3429 1645 3604 1712 sagitta
3631 1644 3776 1697 volans

2257 1712 2308 1764 in
2337 1711 2446 1778 die,
2475 1721 2556 1765 est
2582 1713 2802 1765 avaritia
2829 1728 2842 1765 :
2877 1713 2976 1782 hoc
3007 1713 3148 1766 enim
3191 1722 3403 1782 tempus
3429 1711 3549 1782 ipsis
3566 1723 3779 1782 opportu-

2256 1798 2381 1835 num
2409 1783 2569 1836 estad
2600 1782 2854 1842 volatum,
2883 1781 3073 1851 nempe
3105 1784 3168 1836 ad
3199 1781 3516 1838 orationem.
3539 1781 3777 1851 Utrumque

2259 1862 2434 1925 tamen
2483 1857 2535 1906 in
2581 1853 2882 1906 daemonum
2925 1855 3140 1907 incursu
3189 1855 3454 1924 intelligas
3493 1854 3773 1925 oportetzlti

2255 1922 2452 1994 quippe
2482 1933 2639 1977 noctu
2666 1935 2762 1976 ths
2789 1932 2991 1977 terrere
3020 1926 3212 1989 solent,
3244 1922 3637 1994 cooperantibus
3658 1933 3775 1978 tene-

2256 1993 2366 2048 bris
2391 1993 2455 2046 ad
2491 1994 2733 2047 terricula
2757 2011 2769 2054 ;
2801 2009 2894 2062 per
2922 1995 3060 2049 diem
3087 2007 3262 2048 autem
3297 1993 3477 2049 volant
3499 2013 3513 2060 ;
3539 2003 3647 2048 sunt
3668 1995 3775 2048 enim

2256 2065 2398 2119 aerei
2425 2081 2439 2128 ;
2475 2079 2648 2133 neque
2672 2064 2970 2133 quiescunt,
3001 2065 3094 2119 sed
3139 2066 3305 2120 ins'ar
3331 2067 3626 2132 sagittarum
3649 2068 3776 2118 iaetu

2257 2143 2342 2207 tus
2387 2144 2441 2190 et
2481 2135 2646 2207 armis
2669 2135 2914 2207 nudatos
2947 2136 3221 2189 invadunt.
3251 2139 3294 2189 Α
3342 2137 3536 2207 negotio
3561 2137 3773 2207 perambu-

2257 2205 2394 2259 lante
2407 2207 2461 2259 itt
2492 2205 2726 2270 tenebris,
2757 2221 2788 2258 a
2812 2206 2959 2258 ruina
2985 2217 3031 2258 et
3059 2207 3309 2260 daemonio
3340 2205 3625 2260 miridiano.
3656 2206 3772 2258 Vides

2257 2276 2418 2331 etiam
2445 2276 2716 2344 superiora
2744 2277 2810 2330 de
2834 2276 3165 2331 dmmonibus
3193 2278 3334 2331 dicta
3376 2278 3569 2331 fuisse?
3589 2280 3772 2342 Quorum

2257 2347 2381 2415 quia
2425 2345 2608 2400 multa:
2638 2355 2763 2400 sunt
2803 2345 3118 2401 differentiae
3154 2348 3363 2412 (multae
3393 2348 3579 2417 quippe
3604 2346 3773 2401 fallacia

2257 2417 2853 2489 speciesrdiscurrmtt),
2901 2419 2944 2470 Α
2990 2420 3206 2489 negotio,
3237 2419 3431 2487 inquit,
3463 2418 3774 2489 perambulante

2257 2488 2311 2541 in
2355 2488 2588 2557 tenebris,
2619 2487 2786 2548 idest,
2829 2503 2860 2542 a
2901 2487 3238 2557 quocumque
3284 2493 3338 2542 iit
3373 2487 3595 2544 tenebris
3631 2496 3772 2556 agente

2259 2557 2466 2629 iterque
2494 2556 2746 2629 biciente.
2782 2558 2890 2612 lloc
2923 2556 3068 2613 enim
3110 2573 3232 2614 cum
3269 2559 3587 2628 generaliter
3605 2559 3771 2629 dixerit,

2259 2625 2595 2683 advérsarias
2606 2637 2910 2699 potestates
2932 2625 3341 2693 commemorat,
3373 2646 3490 2699 qua:
3519 2630 3566 2683 in
3596 2625 3772 2699 tenebris

2259 2700 2511 2768 gaudent,
2561 2710 2615 2753 ct
2663 2698 2734 2754 ob
2778 2701 3068 2769 nequitiam
3110 2700 3314 2754 nullutn
3356 2698 3476 2754 cum
3519 2700 3598 2754 die
3628 2698 3775 2769 habent

2259 2769 2638 2824 commercium
2673 2768 3035 2840 :quapropter
3062 2771 3113 2824 in
3144 2771 3399 2825 tenebras
3423 2773 3686 2825 exteriores
3705 2768 3773 2820 ab-

2259 2840 2517 2894 ducenda:
2546 2852 2700 2894 sunt:
2735 2841 2842 2894 imo
2869 2843 3028 2893 etiam
3057 2855 3153 2910 per
3181 2841 3534 2895 meridianum
3563 2840 3652 2894 diei
3674 2850 3773 2910 tent-

2261 2925 2360 2980 pns
2389 2911 2594 2982 insequi
2632 2912 2808 2964 solent
2832 2927 2844 2962 :
2873 2926 2939 2964 eo
2963 2909 3157 2980 quippe
3202 2923 3446 2981 tempore
3473 2912 3681 2982 plerique
3702 2909 3772 2961 ll0°

2261 2983 2462 3036 minum
2507 2981 2785 3049 quiescere
2823 2983 3016 3035 solent.
3046 2985 3178 3036 Cum
3221 2991 3405 3036 autent
3450 2981 3581 3036 fures
3605 2989 3704 3034 sunt
3736 2984 3772 3029 ct

2261 3052 2515 3116 latrones,
2540 3050 2927 3121 frequentiores
2958 3051 3233 3106 hominum
3259 3065 3574 3121 conspectus
3598 3050 3769 3120 fugiunt.

2261 3122 2506 3192 imaginis
2549 3133 2744 3176 nostrae
2788 3122 3097 3191 dignitatem
3145 3123 3404 3177 reveriti:
3436 3134 3714 3193 quapropter
3734 3126 3771 3168 ut

2259 3195 2547 3262 plurimum
2582 3195 2722 3246 circa
2762 3201 3128 3259 monumenta,
3182 3203 3237 3247 et
3265 3208 3485 3249 caenosa
3526 3195 3770 3262 desertaque

2260 3259 2375 3318 loca
2404 3272 2704 3317 versantur.
2749 3262 2978 3332 Ideoque
3023 3265 3163 3317 circa
3202 3265 3479 3319 meridiem
3518 3277 3604 3318 nos
3627 3259 3769 3332 adoriri

2260 3345 2314 3389 et
2352 3335 2604 3389 invadere
2642 3341 2866 3387 tentant.
2893 3331 2945 3388 7.
2978 3333 3169 3387 Cadent
3211 3351 3242 3386 a
3271 3335 3432 3389 latere
3471 3345 3550 3388 tuo
3587 3331 3711 3390 mille,
3740 3338 3770 3378 (ι

2260 3405 2430 3460 decem
2463 3406 2624 3458 millia
2650 3421 2681 3456 a
2709 3404 2897 3458 dextris
2928 3405 3048 3469 tuis,
3071 3406 3138 3457 ad
3158 3414 3206 3456 te
3237 3415 3412 3459 autem
3435 3421 3530 3458 non
3553 3399 3770 3472 appropin-

2259 3476 2448 3544 quabit.
2477 3477 2636 3529 Arma
2656 3474 2878 3544 justitia:
2894 3476 3083 3528 dextra
3106 3486 3158 3528 et
3179 3475 3396 3530 sinistra
3423 3475 3599 3530 Paulus
3615 3479 3768 3544 aposta-

2261 3541 2344 3602 l'us
2381 3560 2480 3601 nos
2517 3541 2734 3599 docuit:
2766 3546 2994 3615 gloriam
3034 3554 3088 3599 et
3121 3545 3528 3615 ignobilitatem,
3565 3541 3766 3615 infantius

2261 3627 2316 3672 et
2347 3617 2539 3671 bonam
2573 3609 2794 3679 famam:
2821 3627 2877 3670 et
2914 3625 3108 3687 caetera
3141 3609 3228 3684 ’(2.
3252 3614 3379 3672 Cor.
3405 3616 3459 3671 6.
3489 3617 3538 3670 7.
3560 3613 3626 3682 8).
3651 3609 3766 3687 Iuliis

2261 3687 2580 3742 adversarim
2622 3695 2911 3754 potestates
2937 3685 3220 3740 debellata:
3254 3688 3460 3741 cadunt
3481 3705 3494 3739 :
3515 3688 3599 3742 sed
3633 3699 3657 3735 a
3679 3683 3765 3754 sini-

2261 3760 2387 3812 stris
2410 3750 2709 3827 pauciores,
2742 3771 2771 3809 a
2809 3755 3014 3811 dextris
3045 3756 3243 3827 plures.
3271 3757 3628 3824 Quamobrem,
3653 3752 3696 3827 Α
3717 3750 3765 3826 ξιι-

2262 3838 2365 3884 tere
2388 3823 2493 3892 tuo,
2523 3843 2649 3898 quo
2673 3828 2948 3898 sinistrum
2979 3823 3239 3898 latusihic
3280 3823 3533 3898 propheta
3558 3823 3758 3898 intelligit,

2261 3915 2367 3969 quo
2397 3891 2803 3970 pactoiilluda
2854 3898 3045 3970 dextro
3085 3891 3355 3970 distinxit,
3381 3891 3554 3970 'millia
3595 3891 3761 3970 hostium

2261 3967 2452 4025 casura
2483 3969 2644 4030 dicit;
2673 3982 2703 4021 a
2729 3967 2921 4022 dextro
2947 3967 3133 4022 decem
3176 3968 3370 4022 millia.
3405 3968 3480 4024 Ne
3505 3979 3620 4021 vero
3651 3967 3763 4018 unite-

2262 4041 2335 4095 ris
2365 4059 2377 4092 :
2409 4040 2615 4093 initium
2663 4053 2892 4108 namque
2917 4037 3219 4108 daemonum
3249 4037 3434 4108 lapsus
3480 4045 3592 4093 sont
3621 4040 3764 4106 sancto

2263 4127 2380 4165 rum
2425 4123 2721 4164 arrumnze:
2765 4118 3058 4180 martyrum
3100 4107 3675 4180 videlicetteorumque
3706 4115 3763 4166 qIII

2262 4190 2555 4253 martyrum
2583 4178 2873 4253 certamina
2904 4178 3137 4253 annulati
3179 4189 3328 4253 sunt.
3366 4179 3763 4253 (Erummeettﬂr

2260 4243 2434 4306 ciatu's
2463 4267 2492 4304 a
2515 4249 2750 4303 sinistris
2778 4249 3054 4304 constituti
3074 4257 3202 4304 sunt
3227 4267 3240 4303 :
3270 4249 3397 4305 hinc
3423 4265 3512 4305 eos
3534 4248 3610 4318 qui
3634 4243 3761 4298 ades-

2262 4323 2360 4378 tris
2385 4321 2692 4377 ceciderunt
2717 4331 3018 4374 enumerat.

2330 4395 2384 4446 2.
2428 4393 2805 4447 Verumtamen
2851 4392 3089 4462 plurimm
3119 4389 3386 4446 idolorum
3417 4395 3668 4462 potestates
3700 4394 3758 4450 per

2262 4464 2492 4518 honores
2523 4476 2729 4527 eorum,
2752 4463 2838 4530 qui
2865 4459 3063 4516 Christi
3093 4464 3330 4516 cultores
3377 4458 3591 4520 luerunt,
3617 4458 3758 4509 destru-

2259 4544 2360 4589 cta:
2389 4542 2530 4587 sunt.
2583 4533 2672 4587 Sic
2721 4531 2924 4601 plagam
2971 4542 3024 4586 et
3051 4533 3464 4587 destructionem
3505 4530 3756 4585 inimicorum

2259 4607 2374 4659 sine
2421 4603 2602 4658 labore
2633 4602 2929 4657 confectam
2960 4603 3115 4667 dicit;
3151 4605 3220 4656 ita
3252 4613 3311 4657 ut
3338 4619 3405 4658 ne
3444 4602 3630 4672 quidem
3664 4604 3755 4672 ait;

2259 4677 2367 4729 sint
2394 4675 2460 4729 ad
2493 4690 2588 4728 nos
2616 4673 2892 4736 accedere,
2923 4683 2979 4727 ut
3009 4663 3288 4728 nobiscum
3315 4663 3521 4728 stataria
3549 4680 3682 4743 pugna
3701 4663 3752 4743 dij

2261 4748 2533 4800 micarent.
2568 4745 2619 4800 8.
2682 4743 3031 4798 Verumtamen
3075 4746 3236 4798 oculis
3281 4746 3382 4798 tuis
3409 4737 3753 4807 considerabis}!

2261 4817 2634 4870 retributionem
2678 4823 2994 4885 peccatorum
3025 4814 3230 4869 videbis.
3266 4816 3386 4885 Etsi
3421 4811 3602 4884 procul,
3627 4809 3751 4885 inquit,

2259 4896 2315 4941 et
2362 4884 2696 4940 invisibiliter
2741 4893 2994 4954 pugnent,
3029 4895 3214 4954 utpote
3261 4884 3750 4954 invisibilesaanatncﬂ

2259 4967 2434 5012 erecta
2456 4958 2708 5011 adversus
2736 4951 2829 5010 cos
2862 4966 3056 5024 tropma
3090 4951 3218 5025 ipsis
3237 4959 3404 5010 oculis
3427 4951 3620 5025 videbis,
3640 4961 3685 4998 ac
3706 4955 3750 5025 εις

2260 5044 2376 5082 cent
2411 5029 2512 5081 illis
2555 5028 2622 5081 ab
2667 5027 2729 5080 iis
2759 5041 2890 5092 quos
2920 5018 3240 5096 decepérant
3280 5025 3548 5080 redditam.
3574 5018 3675 5073 Nam
3695 5023 3748 5096 tibi

2261 5101 2407 5169 prius
2439 5098 2573 5152 idola
2607 5091 3014 5169 fabricabantur,
3048 5091 3190 5152 nunc
3231 5097 3371 5169 idola
3404 5091 3748 5169 destruunli‘ifﬂ
3833 5141 3835 5147 .

2259 5159 2408 5239 prius
2434 5172 2626 5236 templa
2655 5159 3057 5224 exmdilicabant
3074 5211 3087 5233 ,
3120 5183 3262 5222 nunc
3289 5168 3374 5221 illa
3398 5161 3672 5239 incendunt:
3692 5159 3748 5239 li"

2260 5225 2408 5309 prius
2425 5225 2585 5310 opera
2609 5253 2860 5310 manuum
2880 5225 3093 5310 suarum
3110 5238 3239 5293 deos
3261 5238 3528 5310 iaciebant.
3546 5235 3747 5310 ῐιυηθέῗῗξ
3832 5225 3833 5247 Χ

2261 5294 2416 5363 ilibus
2445 5294 2556 5363 suis
2599 5311 2716 5364 illos
2744 5309 3018 5382 dejiciunt.
3049 5308 3330 5382 Quomodo
3353 5294 3525 5382 autem
3547 5303 3636 5382 bare

2261 5383 2365 5434 sint
2395 5381 2545 5445 audi;
2580 5396 2701 5434 nam
2735 5369 2989 5448 propheta
3022 5369 3353 5448 respondens
3380 5373 3572 5430 humani
3598 5369 3744 5448 gentos

2261 5443 2542 5519 personant
2569 5443 2801 5518 suscepit
2821 5443 2910 5504 {9.
2938 5443 3192 5514 Quoniam
3215 5460 3286 5512 tu,
3314 5447 3534 5507 Domine,
3558 5453 3649 5519 δρα
3661 5443 3743 5519 “ﬁ

2262 5500 2410 5575 δηιῖί
2435 5523 2595 5574 animi
2623 5500 2780 5576 simil]
2807 5531 2859 5574 et
2889 5500 3094 5574 veritati
3123 5500 3356 5574 consona
3383 5526 3496 5571 sunt
3519 5500 3744 5591 istPj_E‘

2261 5593 2400 5644 enim
2429 5607 2524 5660 per
2550 5608 2697 5661 spem
2729 5593 2778 5645 in
2805 5592 2966 5645 Deum
2992 5592 3186 5646 bellum
3211 5592 3458 5645 adversus

2263 5645 2551 5731 potestates
2581 5645 2646 5717 ἐι
2679 5662 2860 5716 mundi
2889 5645 3126 5716 rectores
3167 5645 3499 5731 tenebrarum

2261 5722 2350 5802 l2)
2385 5745 2528 5787 recte
2570 5735 2856 5802 gessimus,
2899 5748 3073 5801 neque
3116 5733 3226 5787 alio
3263 5730 3419 5802 modo
3453 5722 3737 5802 potuissei'lﬁt

2261 5785 2358 5858 ιιοέ
2385 5785 2657 5872 constat,
2672 5785 3021 5874 ἰιιέοιίροτέόδ
3049 5785 3277 5861 vincere.
3285 5785 3582 5857 Ᾰιιῑεδῖιηιπι
3601 5785 3737 5858 post“
