3968 6294
548 326 647 382 767
675 325 681 330 ’

544 446 754 500 nescire
773 441 970 497 scilicet
1005 441 1332 508 temporibus
1353 449 1405 495 et
1424 439 1582 495 rebus
1605 448 1660 493 ut
1683 455 1776 510 par
1794 449 1876 494 est
1897 438 1968 494 uti
1991 453 2006 494 :
2032 457 2130 494 nec

541 531 603 567 ea
652 529 808 566 nosse
837 529 956 582 qua:
987 513 1123 580 apud
1154 527 1341 566 omnes
1383 514 1431 563 in
1473 514 1718 564 confesso
1745 521 1869 564 sunt
1892 552 1904 571 ,
1939 526 2130 582 nempe

547 601 666 653 quze
711 581 1004 652 sequuntur
1034 601 1045 634 :
1075 583 1127 636 9.
1163 583 1263 647 Qui
1305 584 1546 650 plantavit
1589 598 1764 653 durem
1805 598 1902 633 non
1937 581 2127 643 audiet,

545 651 635 707 aut
660 655 746 724 qui
774 651 922 720 finxit
951 658 1148 724 oculum
1173 670 1269 704 non
1300 652 1624 704 considerat?
1654 651 1756 705 Per
1781 666 1973 719 organa
2003 668 2128 705 sen-

543 741 637 779 sus
663 723 822 778 etiam
851 725 940 793 qui
972 723 1150 776 insunt
1182 724 1393 776 indicat.
1415 724 1650 775 atnlitunt
1679 723 1880 776 scilicet
1901 734 1953 775 et
1975 737 2129 789 aSpc-

545 807 721 855 ctum;
753 793 852 848 hos
881 795 1021 848 enim
1045 810 1233 847 sensus
1257 804 1310 846 et
1335 795 1467 846 alios
1501 793 1608 846 Deo
1629 793 1820 862 opilice
1852 793 2127 845 habemus.

543 865 847 931 Quomodo,
880 865 1082 932 inquit,
1109 864 1339 917 dixerint
1382 866 1546 917 [leum
1578 865 1724 915 nullo
1750 865 1888 916 circa
1917 877 2002 916 res
2031 879 2128 914 no-

546 949 686 990 stras
727 950 886 988 sensu
925 935 1161 998 moveri,
1194 935 1280 1002 qui
1313 936 1473 987 etiam
1517 937 1688 1000 ipsum
1721 949 1935 986 sensum
1977 933 2130 986 nobis

543 1008 711 1070 dedit,
745 1021 849 1058 noti
876 1006 1094 1058 daturus
1125 1005 1222 1057 nisi
1253 1005 1486 1058 novisset
1517 1005 1712 1057 bonum
1745 1019 1865 1058 esse
1896 1004 2130 1058 munus?

543 1077 827 1142 Quodlibet
865 1088 1038 1130 autent
1084 1076 1278 1128 bonum
1325 1075 1496 1142 primo
1539 1074 1725 1128 ordine
1767 1075 1817 1127 in
1865 1075 1982 1142 ipso
2024 1075 2131 1126 Deo

545 1148 839 1209 constituit,
876 1147 1132 1200 bonorum
1164 1146 1402 1199 omnium
1428 1155 1662 1197 auctore.
1691 1145 1773 1198 10.
1805 1144 1900 1210 Qui
1923 1145 2130 1213 corripit

544 1231 741 1288 gentes,
771 1234 870 1269 non
898 1225 1091 1287 arguet,
1122 1217 1208 1288 qui
1236 1216 1378 1288 docet
1408 1217 1665 1288 hominem
1685 1215 1980 1288 scientiam?
2009 1216 2132 1267 tlu-c

548 1286 870 1357 interrogat,
902 1286 1004 1340 non
1037 1287 1184 1355 quasi
1227 1287 1385 1340 dubia
1416 1287 1542 1347 sint,
1577 1287 1668 1340 sed
1712 1286 1863 1355 quasi
1911 1286 1962 1337 in
2004 1300 2132 1357 conf

548 1361 692 1413 l'esso
733 1354 871 1426 apud
921 1354 1106 1410 omnes
1126 1399 1139 1418 ,
1171 1371 1288 1426 qua:
1319 1372 1414 1424 per
1445 1354 1888 1426 interrogationes
1917 1369 2011 1408 eos
2041 1354 2129 1422 qui

546 1432 914 1483 contradicunt
947 1428 1146 1496 pudore
1180 1428 1503 1481 sull'undant.
1547 1427 1675 1480 Nam
1709 1428 1751 1479 si
1779 1427 1976 1479 multas
2003 1442 2132 1494 gun-

549 1511 628 1552 tes
654 1541 667 1561 ,
699 1501 748 1552 id
779 1508 859 1552 est
888 1503 1173 1551 humanum
1200 1512 1366 1566 genus
1391 1539 1404 1558 ,
1440 1498 1678 1556 instituit,
1713 1496 1983 1565 quomodo
2011 1511 2133 1563 pec-

547 1581 757 1624 catores
796 1570 1070 1638 speciatim
1121 1585 1226 1622 non
1281 1569 1590 1636 redarguet?
1633 1568 1912 1634 Quomodo
1955 1579 2130 1620 autem

546 1653 733 1709 gentes
781 1641 1041 1692 instituit?
1089 1640 1376 1693 Scientiaut
1426 1640 1670 1703 docens,
1711 1640 1900 1707 inquit.
1961 1638 2130 1702 ρ.ιειιιι

547 1711 860 1766 scientiam?
901 1711 1278 1764 Discretiouent
1309 1711 1428 1763 boni
1459 1719 1512 1763 et
1543 1711 1663 1762 tnali
1685 1751 1701 1773 ,
1735 1725 1911 1762 rerum
1945 1709 2133 1761 noxia-

548 1797 666 1836 rum
710 1792 761 1837 et
800 1782 1026 1834 utilium.
1063 1782 1186 1835 llaec
1215 1780 1409 1848 quippe
1431 1782 1607 1832 omnia
1641 1781 1753 1850 ipse
1782 1794 1885 1832 non
1917 1795 2009 1847 per
2034 1793 2131 1832 eu-

547 1863 772 1916 ratores,
794 1867 898 1904 non
925 1867 1015 1919 per
1037 1851 1306 1914 doctores,
1325 1851 1419 1904 sed
1440 1867 1502 1904 ex
1529 1851 1702 1903 intrata
1726 1850 2130 1902 notitiadocuit.

548 1921 776 1992 Ideoque
806 1929 1086 1992 peccantes
1107 1933 1325 1992 arguet,
1362 1921 1412 1974 id
1443 1921 1846 1989 est,judicahit.
1879 1921 2130 1992 Ignoran-

549 1993 673 2046 tiatu
697 1991 890 2062 quippe
915 1991 1041 2060 justi
1073 2000 1127 2045 et
1147 1991 1324 2059 injusti
1353 2007 1456 2044 non
1488 1993 1780 2060 potet-intus
1805 1993 1940 2058 ame
1968 1991 2129 2043 Deum

550 2063 920 2132 primi-odere,
971 2062 1091 2132 quia
1141 2075 1237 2129 per
1278 2063 1446 2130 legent
1505 2063 1796 2132 naturalem
1846 2062 2131 2114 discrimen

549 2131 688 2188 inter
709 2141 988 2201 utrumque
1009 2131 1180 2186 edocti
1210 2147 1414 2186 sumus.
1448 2133 1532 2186 ll.
1561 2131 1809 2184 Dominus
1833 2132 1922 2184 scit
1950 2133 2134 2200 cogita-

546 2205 702 2256 tiones
732 2203 1013 2268 hominum,
1042 2203 1278 2270 quoniam
1303 2218 1444 2255 vana!
1465 2213 1600 2255 sunt.
1647 2204 1758 2255 lloe
1794 2220 1896 2254 non
1941 2201 2132 2254 frustra

548 2290 687 2328 nunc
710 2275 861 2329 cll‘ert
890 2274 1161 2341 psalmista
1189 2289 1202 2326 :
1232 2288 1298 2326 ne
1320 2272 1456 2327 forte
1484 2283 1725 2341 putemus
1766 2273 1930 2326 Deum
1963 2272 2138 2324 honii-

549 2361 644 2398 nes
673 2349 930 2414 patienter
952 2344 1112 2410 ferre,
1145 2343 1475 2412 ignorantem
1498 2354 1750 2413 quantum
1782 2344 1830 2396 iit
1855 2344 2134 2412 Cogitatio-

549 2417 707 2470 nibus
731 2416 994 2477 labantur,
1026 2422 1080 2468 et
1100 2430 1256 2482 quam
1288 2429 1419 2467 vana
1452 2415 1501 2467 in
1533 2427 1712 2468 mente
1744 2423 1988 2479 versent,
2016 2429 2134 2482 qua:

547 2487 614 2540 ad
643 2485 1024 2554 blasphemiam
1053 2485 1104 2537 iit
1131 2484 1401 2539 Christum
1431 2486 1748 2553 pertingant.
1776 2483 1891 2538 Non
1928 2487 2135 2553 ignorat

548 2573 694 2625 ergo.
729 2557 823 2611 sed
851 2571 1069 2626 gnarus,
1097 2570 1282 2609 eorum
1303 2554 1556 2624 judicium
1588 2557 1639 2609 iit
1671 2558 1900 2609 luturunt
1927 2565 2134 2624 tempus

546 2638 816 2691 reservat;
852 2641 954 2680 non
988 2635 1162 2679 tamen
1183 2640 1306 2696 erga
1330 2640 1551 2690 omnes;
1582 2627 1836 2694 quosdam
1859 2627 2001 2680 enim
2019 2628 2131 2693 jam

546 2699 611 2751 ad
645 2699 956 2766 sapientiam
988 2696 1184 2761 erudit,
1217 2697 1284 2750 de
1315 2697 1506 2765 quibus
1542 2698 1592 2750 in
1630 2696 1978 2766 sequentibus
2002 2696 2134 2749 dici-

547 2779 632 2821 tur
665 2786 678 2822 :
711 2765 803 2822 l2.
834 2767 1017 2820 Beatus
1042 2767 1190 2820 homo
1216 2783 1360 2836 quem
1386 2776 1441 2820 tu
1461 2765 1724 2835 erudieris,
1749 2765 1982 2832 Domine,
2006 2777 2050 2821 et
2072 2767 2136 2820 de

546 2839 654 2909 lege
682 2851 766 2891 tua
795 2839 1024 2909 docueris
1049 2853 1182 2890 eum.

615 2910 669 2962 2.
705 2909 880 2962 Multis
906 2908 1075 2962 modis
1105 2907 1194 2978 qui
1219 2923 1246 2960 a
1273 2907 1380 2962 Deo
1405 2907 1648 2962 eruditur
1677 2907 1862 2962 beatus
1891 2907 2085 2962 dicitur
2116 2925 2131 2962 :

545 2982 717 3050 primo
743 2980 986 3048 quidem,
1019 2980 1138 3048 quia
1171 2979 1360 3032 melior
1386 2990 1439 3050 ct
1469 2981 1758 3048 sapientior
1784 2979 2043 3044 redditur,
2079 2988 2136 3034 ut

546 3048 651 3105 non
694 3053 828 3104 ultra
867 3051 1141 3103 brutoruut
1173 3050 1330 3102 vitam
1369 3048 1560 3113 ducat,
1591 3065 1764 3119 neque
1805 3050 2136 3104 rationabilis

545 3131 778 3185 creatus,
810 3123 945 3174 inter
971 3120 1348 3174 irrationabiha
1376 3122 1760 3180 constituatur:
1793 3119 1987 3174 deinde
2007 3123 2130 3189 quia

544 3207 576 3244 a
607 3195 713 3246 Deo
750 3192 1049 3256 institutus,
1077 3191 1227 3259 quasi
1251 3204 1279 3243 a
1307 3199 1455 3258 patre
1490 3192 1799 3244 verberatur
1832 3207 1845 3244 :
1877 3190 2135 3259 quamob-

543 3278 656 3317 rem
687 3278 790 3315 non
833 3261 1026 3331 pttniri,
1055 3260 1149 3314 sed
1174 3262 1369 3315 erudiri
1400 3260 1592 3315 dicitur
1615 3279 1630 3314 :
1657 3263 1842 3329 punire
1882 3262 2022 3314 enim
2048 3262 2134 3330 ju-

547 3334 722 3386 dieum
745 3341 827 3388 est
850 3349 864 3395 ;
888 3333 1098 3386 t'rudire
1121 3340 1531 3400 praeceptorum.
1550 3335 1881 3400 Quapropter
1909 3331 2131 3399 addidit,

543 3402 623 3458 De
646 3405 754 3472 lege
783 3413 868 3456 ttat
891 3404 1119 3454 docueris
1140 3417 1275 3466 eum,
1304 3401 1592 3454 ostendens
1621 3403 1789 3455 Deum
1813 3417 1914 3456 non
1941 3403 2134 3456 iratum

544 3474 775 3536 erudire,
803 3474 895 3526 sed
919 3489 1039 3525 eunt
1061 3487 1215 3540 quem
1241 3473 1414 3526 erudit
1438 3473 1487 3524 itt
1517 3473 1630 3540 lege
1652 3472 1863 3525 doctum
1886 3473 2130 3527 reddere.

547 3543 869 3612 Ecquautant
892 3543 1132 3596 utilitas?
1157 3542 1242 3595 1⁸5.
1277 3541 1342 3595 llt
1364 3543 1558 3611 mitiges
1578 3558 1688 3594 cum
1709 3560 1740 3594 α
1765 3544 1938 3596 diebus
1963 3545 2131 3610 malis,

551 3619 710 3667 donec
737 3614 960 3682 fodiatur
986 3614 1232 3680 peccaturi
1260 3613 1420 3680 fovea.
1456 3613 1841 3668 Beatittldiuem
1866 3629 1986 3668 esse
2017 3631 2131 3668 ma-

545 3701 703 3753 gnam
733 3684 860 3737 dicit
891 3683 1147 3753 propheta
1179 3683 1545 3753 liberationem
1575 3698 1602 3736 a
1627 3682 1803 3745 futuro
1830 3685 2090 3753 supplicio
2113 3727 2129 3751 ,

547 3752 666 3809 ideo
706 3757 756 3808 iu
794 3752 902 3807 alio
940 3753 1149 3806 l’saltttt)
1177 3753 1340 3825 dicit:
1371 3752 1559 3806 Beatus
1602 3755 1686 3822 qui
1717 3752 1952 3824 intelligit
1983 3772 2134 3825 super

545 3842 755 3895 egenum
774 3835 818 3877 et
844 3841 1113 3895 pauperem
1137 3838 1176 3895 ,‘7
1197 3825 1247 3876 in
1273 3824 1354 3876 die
1379 3826 1512 3877 mala
1557 3825 1780 3877 liberabit
1819 3843 1928 3878 eum
1960 3824 2135 3878 Domi-

546 3894 640 3949 nus
680 3895 860 3977 ('Psal.
893 3898 982 3949 ἆυ.
1026 3894 1114 3977 ‘2).
1162 3894 1345 3977 Itaque
1383 3895 1502 3977 jure
1530 3910 1669 3949 nunc
1695 3896 2131 3977 .etiam_beutum

545 3968 820 4021 constituit
851 3981 972 4037 eum
999 3966 1086 4028 (tui
1127 3967 1368 4020 eruditur
1393 3982 1420 4018 a
1446 3966 1553 4019 Deo
1573 4006 1586 4031 ,
1618 3967 1737 4037 quia
1762 3982 1859 4037 per
1889 3966 2022 4022 hane
2045 3968 2128 4020 itt-

547 4040 875 4091 stitutionem
905 4036 1077 4089 futura
1109 4037 1415 4102 vitatmala,
1445 4045 1501 4090 et
1525 4037 1576 4089 in
1599 4036 1784 4090 diebus
1805 4038 1959 4090 malis
1983 4053 2134 4091 man-

544 4109 824 4162 suetudiue
856 4108 1076 4170 l'ruetur,
1111 4106 1160 4160 id
1192 4118 1294 4169 est,
1327 4108 1390 4159 iis
1419 4108 1762 4174 temporibus,
1793 4111 1982 4176 qu.bus
2013 4123 2127 4176 νω-

546 4195 642 4232 itas
667 4181 1010 4246 experiuntur
1033 4179 1064 4229 ii
1089 4177 1175 4245 qui
1205 4180 1492 4245 puniuntur
1515 4217 1531 4240 ,
1572 4178 1766 4246 quibus
1803 4180 1849 4230 ei
1880 4182 1967 4247 qui
2010 4195 2132 4232 vere

546 4260 790 4318 peccator
829 4259 926 4311 cst,
959 4263 1148 4316 nempe
1177 4247 1407 4308 diabolo,
1436 4247 1503 4301 de
1527 4264 1633 4317 quo
1661 4248 1786 4301 dicit
1815 4247 2028 4314 Paulus,
2065 4249 2131 4304 Ut

544 4322 634 4389 [iul
662 4336 817 4390 supra
874 4319 1078 4390 modum
1130 4334 1341 4390 peccans
1387 4329 1646 4386 peccatum
1699 4335 1786 4386 per
1838 4325 2131 4373 mandatum

546 4402 562 4456 ι
592 4388 739 4442 llum.
766 4393 816 4442 7.
848 4390 966 4459 15).
995 4388 1436 4459 [ιινεειίθίΐιιάιιιιν.
1471 4391 1727 4441 l'aratttur
1752 4389 1948 4458 quippe
1975 4393 2022 4444 ei
2051 4394 2132 4443 lu-

547 4470 658 4512 tnra
689 4458 965 4530 supplicat,
994 4475 1112 4528 qu:e
1141 4458 1346 4512 foveant
1368 4470 1726 4527 congruenter
1756 4463 1978 4524 vocavit,
2005 4465 2126 4530 quia

543 4547 609 4584 ex
643 4529 769 4596 ipsis
801 4545 1085 4597 numquam
1113 4544 1388 4599 emergere
1414 4531 1643 4596 poterit,
1678 4529 1769 4582 sed
1803 4547 1852 4582 in
1883 4533 1986 4584 illis
2019 4529 2128 4584 ina-

545 4601 688 4654 nebit
715 4602 864 4669 quasi
892 4601 943 4653 in
972 4601 1122 4653 fovea
1150 4602 1388 4653 obrutus.
1419 4602 1814 4652 Observandum
1846 4615 2021 4655 autem
2047 4613 2129 4656 est

549 4670 805 4725 Davidem
834 4687 938 4723 non
962 4673 1202 4724 eamdem
1231 4669 1370 4722 diem
1395 4672 1586 4722 malam
1607 4670 1803 4736 dicere,
1834 4687 1990 4740 quam
2013 4674 2128 4726 dies

543 4743 710 4796 malas
742 4756 953 4795 rursum
986 4743 1192 4793 vocavit
1220 4757 1232 4791 :
1262 4741 1355 4792 sed
1396 4740 1480 4792 illa
1527 4750 1609 4792 est
1640 4741 1688 4792 iit
1731 4758 1832 4809 qua
1871 4744 2125 4811 judicium

542 4813 875 4883 proferetur,
917 4822 971 4866 et
996 4827 1103 4883 qua
1138 4811 1534 4883 misericordem
1573 4813 1728 4873 eruit,
1762 4814 2125 4868 (tmlllmttdam

541 4881 590 4938 ei
636 4884 930 4938 libertatem
983 4882 1267 4950 pra-bons:
1305 4881 1417 4934 haec
1467 4895 1595 4933 vero
1637 4892 1756 4934 sunt
1798 4888 2124 4939 cruciatuum

546 4964 805 5022 tetttpora.
829 4953 1162 5022 Quapropter
1185 4954 1233 5004 ιιι
1261 4951 1446 5019 plurali
1473 4953 1621 5014 dixit,
1654 4951 1792 5015 Dies,
1821 4969 1924 5006 non
1956 4956 2122 5021 υἰιιιιι,

540 5027 733 5094 quibus
752 5025 940 5079 diebus
968 5023 1227 5091 mitigabit
1250 5024 1296 5074 ei
1322 5023 1409 5091 qui
1435 5025 1692 5094 eruditur,
1728 5024 1774 5074 id
1799 5033 1899 5087 est,
1927 5025 2124 5079 leviora

543 5093 728 5150 reddet
755 5095 1009 5164 supplicia
1040 5094 1330 5146 secundum
1377 5093 1588 5145 moduni
1634 5094 1966 5160 eruditionis,
1993 5112 2125 5150 eon-

542 5167 832 5226 versionis,
867 5178 1021 5233 atque
1043 5165 1430 5236 emendationis
1454 5180 1571 5236 qua:
1597 5179 1658 5216 ex
1689 5164 2018 5236 institutione
2045 5170 2122 5236 gi-

538 5239 735 5306 gnitur.
765 5237 850 5290 M.
886 5237 1018 5302 Quia
1045 5251 1142 5293 non
1169 5235 1374 5303 repellet
1403 5234 1648 5287 Dominus
1673 5235 1862 5302 plebem
1890 5234 2124 5302 suarm—ct

537 5309 861 5362 hereditatem
885 5323 1030 5359 suam
1055 5323 1154 5358 non
1181 5307 1508 5373 derelinquat.
1563 5307 1708 5359 l'lane
1751 5307 1965 5359 adducit
2003 5324 2126 5361 eau-

538 5395 652 5433 saln
684 5380 951 5445 psallitista
977 5393 1073 5430 cur
1104 5376 1185 5427 ltic
1211 5391 1326 5438 eos,
1353 5393 1484 5443 quos
1517 5377 1698 5430 beatos
1719 5378 1866 5445 diett,
1894 5382 2122 5434 erudiat.

540 5451 671 5504 Cum
701 5464 844 5502 enun
877 5449 1071 5518 popqu
1098 5462 1195 5498 suo
1221 5457 1276 5500 et
1305 5447 1580 5500 In:reditati
1613 5449 1818 5516 parcit,
1865 5451 2122 5518 quosdam

538 5520 711 5574 erudit
739 5561 754 5584 ,
799 5529 856 5572 tit
889 5528 942 5572 ct
969 5519 1066 5587 ipsi
1089 5518 1332 5571 conversi
1363 5518 1586 5572 salutem
1608 5531 2030 5588 consequantur,
2071 5529 2126 5575 et

538 5592 656 5644 aliis
686 5589 1054 5644 conversionis
1080 5588 1290 5642 occasio
1317 5595 1370 5641 et
1399 5589 1700 5656 exemplum
1729 5591 1853 5643 siut.
1887 5592 1942 5645 Si
1969 5608 2124 5644 nam-

541 5679 643 5728 que
673 5661 829 5714 vellet
870 5661 1117 5729 populum
1147 5674 1301 5712 suum
1346 5669 1652 5728 peccantem
1689 5662 1985 5729 repellere,
2033 5672 2126 5716 aut

541 5747 692 5784 suam
736 5731 1487 5806 hereditatemispiritualibus
1517 5730 1744 5806 inimicis
1788 5733 2118 5801 relinquere,

542 5817 647 5858 non
676 5801 1046 5871 erudiret-nos,
1072 5801 1127 5857 u't
1149 5805 1198 5856 in
1222 5803 1369 5872 pejus
1388 5816 1452 5856 ex
1477 5801 1749 5873 iniquitate
1769 5813 2116 5862 vertercmur.

2071 323 2342 385 SPURIA.
2499 328 2503 332 ’
3697 327 3768 384 763

2239 439 2392 507 Quod
2421 438 2561 493 enim
2589 437 2878 494 derelictio
2915 435 3216 504 lutjnsmodi
3263 451 3326 490 ex
3374 449 3556 507 magna
3601 440 3770 506 prodeat

2243 505 2343 574 ira,
2375 526 2406 564 a
2432 511 2540 563 Deo
2565 510 2740 563 disces
2764 508 2980 562 Judmos
3009 509 3086 562 sic
3112 508 3449 576 alloquente:
3483 505 3592 560 Non
3607 505 3772 565 visitabo

2237 598 2350 634 cum
2381 580 2637 634 uitet-halat
2662 581 2845 650 fuerim
2883 593 3084 650 sponsa!
3125 594 3354 650 eorum,
3376 593 3464 650 nec
3491 595 3597 630 cum
3641 583 3766 647 [orni-

2238 651 2590 731 ootatfuerint
2626 648 2748 718 filim
2775 666 2947 703 eorum
2993 649 3162 731 (Qsce
3197 649 3270 731 β.
3295 648 3362 702 ιό
3485 658 3535 702 et
3567 665 3768 706 rursum.

2240 719 2503 788 Dercliqui
2541 721 2746 773 domum
2787 737 2948 773 meum
2971 761 2986 782 ,
3039 720 3208 776 dimisi
3250 719 3566 772 hereditatem
3607 737 3766 776 uicum.

2238 792 2374 859 facta
2403 801 2474 845 est
2500 793 2748 844 hereditas
2775 807 2884 844 utea
2913 790 3033 852 mihi
3059 791 3186 842 sicut
3209 789 3284 842 leo
3311 791 3370 842 in
3389 790 3526 859 sylva
3551 789 3678 858 (λα.
3706 793 3766 846 19..

2238 863 2290 916 7.
2322 863 2416 930 8).
2448 863 2534 916 l5.
2570 861 2910 930 Quoadusque
2927 860 3127 929 justitia
3147 870 3463 912 convertatur
3482 863 3530 912 in
3545 861 3766 928 judicium,

2237 943 2282 986 et
2310 935 2394 1002 qui
2408 934 2560 1001 juxta
2581 932 2722 984 illmn
2749 947 2919 984 omnes
2943 932 3029 1000 qui
3053 938 3191 1002 rector
3210 931 3519 1002 suntcordc.
3539 931 3642 985 Non
3661 935 3768 1000 quod

2241 1000 2519 1072 poStquant
2545 1001 2746 1068 justitia
2778 1016 3036 1055 conversa
3066 1000 3221 1054 luerit
3249 1001 3300 1053 iu
3323 1000 3573 1070 judicium
3594 1042 3607 1065 ,
3638 1018 3769 1070 popu-

2239 1073 2346 1126 lum
2377 1089 2532 1128 suum
2557 1074 2695 1126 Deus
2709 1083 2797 1124 aut
2827 1073 3170 1126 hereditatem
3205 1087 3353 1124 suam
3397 1073 3768 1139 repulsitrussu;

2239 1144 2331 1198 sed
2357 1146 2476 1213 quia
2520 1144 2903 1196 institutionem
2952 1142 3098 1196 dedit
3136 1142 3187 1194 itt
3227 1152 3618 1211 argumentum,
3657 1147 3766 1210 quod

2241 1229 2390 1266 suam
2415 1214 2759 1267 hereditatem
2793 1229 2896 1267 non
2927 1213 3238 1282 uegligeret,
3262 1213 3371 1265 vult
3402 1220 3452 1266 te
3476 1213 3646 1268 docere
3668 1230 3772 1281 quo-

2239 1300 2406 1352 usque
2433 1285 2511 1338 his
2532 1299 2665 1352 Opus
2689 1285 2808 1338 crit.
2837 1283 3059 1349 Quando
3088 1283 3228 1337 enim
3257 1283 3497 1337 Christus
3518 1299 3626 1336 vera
3649 1285 3771 1351 justi-

2241 1356 2308 1408 tia
2336 1364 2677 1408 convcrtetur
2705 1355 2754 1407 iu
2781 1355 3057 1421 judicium,
3088 1363 3140 1406 ct
3167 1353 3421 1422 patientia
3448 1354 3616 1408 relicta
3642 1355 3695 1406 ad
3711 1356 3774 1421 jn-

2239 1425 2520 1480 dicandum
2556 1434 2809 1491 vertetur,
2836 1435 2890 1479 et
2917 1424 3103 1477 Omnes
3128 1424 3248 1476 recti
3271 1424 3442 1486 corde,
3470 1439 3643 1492 nempe
3657 1427 3772 1491 justi,

2237 1497 2391 1565 juxta
2421 1495 2562 1549 illaut
2583 1537 2598 1562 ,
2629 1495 2677 1549 id
2707 1505 2824 1560 est,
2859 1511 2962 1549 non
2994 1495 3046 1548 in
3090 1495 3176 1546 illa
3223 1496 3372 1562 quasi
3400 1495 3648 1559 judicandt
3668 1537 3679 1555 ,
3704 1498 3773 1548 scil

2243 1569 2394 1636 quasi
2426 1567 2647 1621 clientes
2685 1577 2738 1620 et
2773 1565 2966 1636 judicis
2991 1565 3248 1636 satellites
3275 1574 3434 1636 erunt
3471 1565 3613 1625 (ideo
3635 1568 3781 1618 ca-tvri

2242 1634 2558 1704 interpretes
2577 1677 2592 1700 ,
2625 1637 2742 1690 loco
2769 1634 2906 1691 illius
2924 1677 2940 1702 ,
2968 1635 3124 1688 Juxta
3154 1635 3320 1699 illam,
3353 1634 3473 1688 l’ost
3499 1652 3602 1688 cum
3627 1635 3772 1690 edide-

2241 1711 2399 1778 runt)
2429 1725 2443 1760 :
2478 1716 2603 1762 tunc
2621 1709 2876 1776 speciales
2900 1721 3086 1762 omnes
3117 1706 3472 1778 institutiones
3503 1707 3773 1778 cessabunt:

2243 1793 2347 1832 non
2377 1775 2525 1833 enim.
2542 1778 2607 1832 ad
2628 1775 3006 1840 munitionem,
3055 1777 3148 1830 sed
3192 1777 3255 1828 ad
3298 1775 3673 1832 retributionem
3704 1777 3774 1828 Det

2237 1849 2496 1917 judicium
2525 1849 2650 1905 crit.
2677 1848 2972 1919 Diapsalma
2997 1848 3118 1919 ideo
3138 1847 3363 1912 addidit,
3387 1847 3503 1915 quia
3523 1862 3780 1919 sermonem

2243 1919 2388 1973 illum
2418 1935 2755 1974 communem
2775 1918 2780 1919 “
2803 1920 2853 1972 ἱιι
2896 1918 3165 1989 propriam
3197 1919 3365 1989 vertit
3397 1933 3671 1989 personam.
3705 1918 3771 1970 l6.

2245 1990 2371 2056 Quis
2397 2000 2660 2061 consurget
2685 1991 2809 2043 mihi
2837 1988 3076 2044 adversus
3102 1988 3461 2061 malignantes,
3484 2000 3563 2061 aut
3581 1988 3676 2056 quis
3694 1997 3772 2038 sta-

2248 2061 2316 2131 bit
2345 2077 2538 2114 ntecum
2565 2059 2801 2114 ddversus
2829 2071 3090 2131 operantes
3117 2059 3424 2131 iniquitatem
3441 2060 3467 2113 ?
3506 2059 3679 2131 Bellum
3702 2075 3771 2110 no-

2243 2130 2326 2184 bis
2367 2147 2614 2200 asperum
2662 2145 2715 2184 et
2755 2129 3109 2186 truculentum
3166 2129 3424 2184 adversus
3454 2129 3678 2200 malignas
3703 2144 3772 2200 pug

2247 2197 2466 2264 teSIates
2503 2203 2802 2256 subindicat
2831 2201 3084 2271 propheta
3105 2241 3121 2265 ,
3166 2215 3229 2254 ac
3252 2199 3616 2271 propemodum
3659 2197 3770 2251 Pauli

2243 2273 2402 2327 verba
2443 2274 2675 2342 profert:
2713 2270 2840 2326 Non
2855 2282 2926 2326 est
2952 2273 3092 2325 nobis
3117 2273 3258 2323 lucta.
3277 2270 3512 2324 adversus
3533 2271 3770 2338 sanguinem

2243 2354 2289 2397 et
2318 2360 2553 2408 carnem,
2589 2343 2678 2399 sed
2721 2343 2960 2397 adversus
2988 2342 3304 2410 principatus
3349 2351 3394 2393 et
3442 2351 3702 2407 potestates,
3737 2350 3772 2390 et

2247 2426 2463 2468 rectores
2493 2415 2666 2467 mundi
2693 2415 3038 2478 tenebrarum,
3058 2412 3298 2466 adversus
3332 2411 3601 2480 spirituah'a
3633 2411 3768 2478 nequi-

2242 2486 2326 2539 tite
2365 2485 2595 2554 (Ep/tes.
2624 2485 2674 2539 6.
2713 2484 2829 2556 12).
2878 2483 3075 2538 Contra
3119 2497 3214 2556 eos
3252 2484 3504 2536 auxilium
3541 2484 3700 2556 quierit
3730 2489 3770 2532 et

2244 2552 2492 2625 postulat.
2517 2557 2644 2623 Quis
2665 2552 3034 2625 adversuseos
3049 2553 3204 2607 nobis
3222 2567 3546 2625 consurgens
3564 2552 3768 2604 auxilium

2245 2624 2300 2680 et
2330 2642 2482 2696 opem
2512 2627 2654 2681 ferre
2683 2625 2893 2696 potest?
2921 2625 2996 2678 Ne
3027 2624 3184 2694 igitur
3215 2624 3306 2677 tibi
3340 2624 3542 2696 placeas
3563 2636 3770 2696 contrita-

2246 2691 2589 2769 lignautihus,
2619 2691 2791 2767 neque
2811 2691 3093 2769 delecteris
3112 2710 3232 2748 cum
3251 2691 3593 2769 operantibus
3616 2691 3768 2760 iniqui-

2246 2764 2426 2832 taiem,
2457 2764 2774 2837 quibuscum
2805 2767 3058 2836 propheta
3100 2781 3204 2819 non
3251 2764 3412 2818 modo
3467 2764 3642 2837 bellare
3679 2777 3763 2830 per.

2243 2831 2420 2907 Optat,
2457 2831 2552 2892 sed
2579 2839 2744 2907 etiam
2773 2831 3186 2907 coittittititonettt
3215 2837 3403 2907 quierit
3421 2877 3435 2900 ,
3462 2850 3573 2888 euut
3609 2831 3666 2885 de
3691 2848 3768 2907 quo

2242 2905 2389 2963 dicit.
2423 2909 2508 2963 l7.
2539 2906 2655 2962 Nisi
2692 2909 2808 2976 quia
2836 2906 3085 2960 Dominus
3101 2906 3294 2977 adjurit
3329 2923 3419 2977 inte
3441 2947 3454 2970 ,
3479 2908 3616 2977 paulo
3645 2905 3768 2977 nauus

2243 2979 2512 3033 habitasset
2541 2981 2592 3034 iu
2626 2973 2825 3050 inferno
2865 2978 3036 3031 anima
3064 2973 3196 3050 mea.
3225 2976 3406 3050 solius
3448 2975 3531 3028 ltei
3553 3016 3564 3037 ,
3607 2973 3762 3050 inquit,

2243 3050 2558 3104 commilitio
2588 3063 2722 3119 opus
2743 3048 2999 3119 habemus
3025 3063 3047 3104 ι
3077 3049 3190 3116 ipse
3215 3049 3364 3101 stilus
3387 3060 3482 3119 nos
3506 3048 3764 3119 potesttueri

2243 3131 2427 3175 contra
2459 3116 2834 3176 tulerit—aciem.
2864 3118 2977 3173 Non
3013 3119 3329 3172 recordatus
3373 3117 3540 3171 delicti
3570 3116 3638 3170 sui
3671 3128 3762 3179 erga

2244 3191 2539 3256 Bersabee,
2587 3192 2700 3245 haec
2727 3190 3026 3242 modulatus
3051 3190 3170 3243 est?
3209 3189 3322 3242 Nisi
3355 3189 3492 3242 enini
3529 3199 3634 3240 tunc
3661 3185 3764 3256 Deus

2245 3263 2409 3316 misso
2435 3253 2677 3316 Nathane
2704 3261 2882 3314 Davidi
2911 3260 3195 3314 auxiliatos
3219 3271 3386 3325 esset,
3417 3274 3504 3327 per
3520 3258 3621 3326 ejus
3642 3253 3758 3307 verba

2244 3332 2416 3401 ipsum
2447 3334 2689 3388 excitans
2709 3332 2774 3384 ad
2820 3330 3184 3400 potuiteutiam
3209 3372 3224 3395 ,
3273 3330 3555 3401 perivulutu
3591 3335 3689 3380 erat
3715 3338 3760 3373 uc

2244 3400 2410 3472 ipsius
2453 3404 2630 3457 anima
2670 3401 2936 3457 habitaret
2982 3401 3034 3454 itt
3075 3402 3283 3455 inferno
3309 3442 3324 3464 ,
3368 3401 3475 3455 sive
3511 3400 3557 3455 in
3595 3405 3758 3466 peccato

2242 3485 2450 3528 mortis.

2314 3545 2367 3599 5.
2397 3544 2546 3612 Quod
2573 3543 2616 3598 si
2641 3544 2816 3612 justus
2833 3559 2952 3597 cum
2972 3544 3168 3614 ignave
3192 3557 3250 3595 se
3275 3541 3436 3610 gerit,
3458 3540 3516 3614 in.
3533 3546 3674 3614 morte
3695 3534 3758 3614 lia:

2245 3615 2376 3670 bitat
2396 3607 2808 3684 ,wimpins'certe
2841 3607 3118 3676 inhabitat,
3152 3623 3201 3664 et
3241 3607 3526 3684 sedes'ligit
3552 3629 3567 3684 :_
3591 3607 3756 3684 hbitat

2243 3688 2386 3767 enim
2417 3680 2667 3770 quomodo
2688 3702 2722 3770 ρ
2743 3694 2946 3766 peccato
2981 3693 3197 3770 (tutor-got
3227 3683 3403 3755 (Psal.
3423 3682 3516 3765 .72.
3544 3680 3638 3770 4),:
3662 3691 3755 3770 quo-

2242 3758 2384 3810 niam
2412 3749 2538 3810 Cum
2562 3749 2830 3815 ceciderit,
2878 3763 2938 3808 ut
2963 3755 3038 3808 ait
3071 3749 3324 3808 Salomon
3351 3796 3366 3817 ,
3415 3754 3465 3807 iu
3511 3749 3760 3819 profundum

2242 3829 2491 3880 malorum
2515 3870 2526 3889 ,
2567 3827 2838 3880 contemnit
2871 3825 3063 3894 (Pi-ou.
3096 3826 3179 3896 l8.
3211 3824 3300 3892 3).
3343 3825 3423 3896 l8.
3468 3823 3524 3896 .ςὶ
3547 3819 3750 3896 dicebat".

2245 3897 2413 3964 Motus
2436 3907 2506 3951 est
2531 3914 2616 3965 pes
2639 3914 2804 3962 meus,
2831 3889 3172 3950 misericordia
3191 3889 3276 3948 tua
3298 3936 3312 3957 ,
3337 3893 3570 3965 Domine,
3592 3889 3752 3965 ttdjm‘ttj

2243 3961 2324 4022 bat
2355 3984 2450 4020 me.
2501 3957 2750 4036 Quisquis
2793 3957 2938 4022 enim
2980 3967 3254 4034 agnoverit
3282 3977 3340 4021 et
3363 3957 3761 4033 confessu~luctll

2242 4048 2516 4108 peccatum
2548 4053 2722 4102 suum,
2755 4047 2810 4091 et
2834 4052 3124 4091 concussus
3151 4049 3252 4090 ten
3284 4037 3466 4107 ignave
3492 4049 3543 4086 se
3560 4036 3758 4107 gesserit.

2242 4124 2414 4178 neque
2438 4109 2822 4179 desperaverit,
2850 4108 2944 4162 sed
2969 4109 3018 4160 iu
3041 4122 3262 4179 sensum
3296 4109 3486 4179 peccati
3516 4109 3751 4179 \_'Cttt:t‘tl_,_ls‘

2246 4176 2342 4233 Dei
2368 4176 2619 4232 auxilium
2648 4190 2702 4234 et
2743 4178 3157 4233 misrricordiam
3197 4178 3376 4232 statim
3411 4176 3583 4229 sentiet
3622 4177 3752 4235 opun-

2242 4249 2460 4305 laniem.
2496 4251 2580 4304 19.
2613 4250 2901 4304 Secundum
2932 4249 3304 4301 multitudinem
3329 4247 3543 4301 dolorum
3580 4251 3752 4318 nieorum

2240 4321 2294 4374 in
2322 4322 2472 4374 corde
2501 4337 2608 4373 meo
2628 4363 2642 4384 ,
2674 4321 3039 4374 consolationes
3065 4330 3166 4371 tua:
3190 4320 3556 4386 lwtiﬁcoteruut
3580 4321 3750 4383 auunaut

2241 4407 2421 4444 meum.
2471 4392 2598 4444 Illud
2647 4392 2806 4446 etiaut
2851 4401 2934 4444 est
2981 4389 3171 4444 medici
3209 4391 3425 4443 scientis
3469 4386 3747 4451 congruentia

2241 4463 2547 4516 vulneribus
2567 4462 2849 4516 admovere
2871 4461 3125 4516 remedia.
3154 4462 3372 4514 Dolores
3390 4446 3609 4511 autemiu
3626 4446 3746 4501 conlc

2240 4543 2392 4585 vocat
2421 4533 2533 4586 sive
2561 4533 2798 4588 dolorem
2824 4533 2891 4586 de
2923 4532 3151 4598 peccatis
3189 4545 3281 4598 per
3320 4525 3676 4598 conversionem
3708 4522 3748 4566 ct

2238 4606 2698 4672 Compuuctionctn
2733 4597 3041 4674 inductum;
3071 4597 3443 4656 sive’doloreui
3471 4597 3742 4674 depectat:

2238 4665 2550 4728 rum-rebus
2579 4676 2880 4742 prosperis;
2929 4673 3039 4726 sive
3079 4684 3397 4726 necuim-nt:
3438 4665 3573 4742 oohis
3599 4665 3743 4742 injuste

2239 4726 2379 4797 illata
2393 4726 2544 4809 ’ςἰὶιέ
2557 4726 2802 4799 tironibus
2829 4726 2973 4798 Cliens
2996 4753 3373 4812 congruentem
3396 4739 3535 4794 allen
3550 4726 3740 4786 consula-

2243 4817 2458 4869 tionem.
2493 4815 2623 4869 Nam
2657 4815 2906 4884 ii'quibus
2937 4814 3129 4882 injuste
3153 4813 3357 4866 insidiae
3389 4815 3643 4884 parantur_,
3669 4812 3737 4884 Ill}:

2237 4902 2357 4939 vam
2378 4872 2793 4941 consolationem
2818 4885 2953 4938 hanc
2967 4872 3163 4938 Christi
3184 4872 3541 4951 beatitudinem
3563 4872 3737 4951 haben“

2235 4955 2381 5010 Beati
2405 4957 2491 5026 qui
2532 4958 2956 5025 perscquutiouem
3000 4957 3259 5024 patiuntur
3300 4961 3494 5026 propter
3508 4947 3737 5026 jusutitittlt‘n‘.

2235 5007 2724 5096 aliovttlviit,§£eiulo
2744 5007 3036 5096 estreqitum
3070 5007 3311 5077 cteloruni
3349 5007 3620 5096 (llattlt.r5.

2235 5090 2333 5164 Qui
2365 5114 2490 5150 vero
2521 5090 2586 5152 de
2616 5101 2844 5168 peccatis
2869 5090 2980 5168 suis
3002 5107 3217 5166 gt‘lnI-llt
3236 5106 3288 5149 et
3308 5090 3736 5168 laiiieittauUp‘.

2235 5155 2336 5238 ina
2377 5177 2432 5222 et
2471 5171 2567 5237 ipsi
2600 5155 2921 5222 beatitudine
2953 5155 3218 5220 viduantur
3251 5184 3262 5216 :
3297 5165 3439 5238 Betui
3465 5159 3540 5238 qui
3578 5155 3735 5238 [£96343

2234 5223 2604 5310 quoniam'ipst’
2645 5241 3031 5292 consolationem
3068 5239 3322 5310 accipient
3351 5239 3368 5305 (
3393 5223 3554 5285 illaitli.

2235 5304 2502 5379 Quotquot
2530 5304 2687 5363 etiam
2716 5312 2782 5363 de
2806 5312 2961 5362 rebus
3005 5304 3271 5376 prospcris
3315 5304 3580 5373 iniquorum
3621 5304 3734 5379 Inst:

2235 5370 2420 5444 tituttt',
2452 5395 2572 5433 cum
2625 5383 2750 5450 ipsis
2794 5370 3054 5450 pernicies
3091 5370 3322 5441 adv-init,
3369 5370 3481 5428 tunc
3514 5370 3730 5450 Silallllllff

2789 5431 3060 5503 laetabitur
3087 5431 3237 5503 enm,
3275 5431 3427 5520 iustus
3461 5455 3557 5520 cum
3582 5431 3732 5520 ’πέρ

2235 5503 2504 5574 iiintlictam
2535 5532 2550 5588 (
2751 5522 2839 5576 57.
2887 5522 3009 5589 10).
3057 5520 3148 5574 Siti
3192 5503 3315 5574 vero
3353 5513 3530 5589 dixeris
3566 5503 3736 5589 “ubi?

2235 5595 2425 5646 attinnt:
2455 5568 2571 5646 esse
2605 5604 2836 5662 peccata,
2867 5568 3048 5660 utpbte
3076 5606 3256 5659 ιιωιιιις
3284 5599 3335 5644 et
3359 5587 3547 5662 volnera
3569 5593 3580 5639 ;

2235 5679 2444 5733 quoque
2466 5643 2625 5731 supei‘
2651 5663 2730 5716 Itis
2751 5681 2778 5714 ιι
2803 5643 3013 5716 Christo
3040 5643 3331 5715 cbnsolatio
3349 5658 3570 5733 aﬂet‘luti

2235 5721 2302 5786 de
2328 5721 2404 5786 uie
2425 5775 2437 5794 ,
2471 5721 2640 5787 omnes
2664 5735 2748 5800 qui
2780 5735 3018 5787 laboratis
3043 5743 3086 5785 et
3118 5733 3308 5786 onerati
3343 5731 3448 5782 estis
3466 5730 3547 5800 2.t'l
3571 5721 3724 5800 ﬁlioli:

2234 5782 3026 5877 aut;'ts."(1vm;.;it'gsi,
3045 5782 3380 5860 ῑιιξῖιιιςω..
3399 5839 3413 5869 ,
3451 5793 3556 5850 Non
3584 5782 3722 5838 om“
