3968 6294
424 281 523 337 ⁸171

424 395 480 450 lu
529 396 615 451 illa
663 395 828 461 enim,
860 396 999 466 quod
1051 397 1276 464 pastoris
1322 409 1403 452 est
1430 399 1742 466 proprium,
1774 397 2005 452 animam

423 481 575 520 suam
609 482 703 536 pro
728 483 887 536 grege
915 467 1080 521 dedit.
1104 472 1437 536 Quapropter
1463 468 1626 522 Isaias
1663 468 1791 522 dicit
1816 484 1828 519 :
1861 468 2007 521 Sicut

423 548 596 607 pastor
623 555 820 607 gregem
865 555 1010 591 suum
1042 549 1236 605 pascet.
1269 549 1314 591 et
1344 538 1546 591 brachio
1569 555 1661 591 suo
1687 541 2008 606 congregabit

422 626 580 678 agnos
610 609 764 674 (lsai.
793 609 880 662 40,
913 609 1026 675 11).
1051 610 1102 662 8.
1133 607 1296 661 Hodie
1320 611 1363 660 si
1391 625 1556 662 vocem
1586 610 1696 678 ejus
1720 609 2002 668 audieritis.

424 680 578 731 nolite
605 679 858 732 obdurare
892 680 1048 732 corda
1087 690 1266 742 vistra,
1308 679 1360 732 9.
1403 681 1530 732 sicut
1553 680 1607 731 in
1632 679 2008 732 exacerbatione

421 751 695 802 secundum
741 750 873 802 diem
914 749 1198 802 tentationis
1239 751 1289 800 in
1319 751 1532 811 deserto,
1578 748 1663 800 ubi
1695 759 2005 801 tentaverunt

423 836 502 871 me
537 830 702 886 patres
740 821 908 872 vestri.
954 819 1104 883 Illud,
1155 818 1336 884 Hodie,
1371 835 1468 874 nec
1497 835 1654 872 unam
1692 819 1853 872 diem.
1905 833 2005 872 ncc

427 905 662 956 pra-scus
713 892 964 943 sa-enlum
1011 890 1309 957 significare
1359 906 1456 942 nos
1497 889 1654 943 docet
1698 889 1891 943 Paulus
1935 889 2001 942 ad

423 961 672 1014 Hebraeos
698 961 966 1024 scribens;
995 962 1066 1012 ait
1098 961 1273 1012 enim:
1305 961 1656 1012 Adhortantini
1677 960 2001 1027 vosmetipsos

419 1048 513 1098 per
555 1031 779 1101 singulos
823 1032 946 1094 dies,
976 1032 1131 1083 donec
1165 1029 1332 1083 Hodie
1377 1032 1776 1100 cognominatur,
1805 1041 1860 1081 ut
1905 1046 2004 1101 non

421 1097 694 1154 obdurétur
716 1103 826 1166 quis
851 1118 915 1154 ea:
934 1102 1068 1154 vobis
1093 1103 1298 1168 fallacia
1325 1097 1513 1169 peccati
1535 1101 1714 1170 (Hebr.
1740 1101 1792 1153 5.
1817 1101 1925 1167 15).
1946 1100 2003 1153 Si

425 1173 583 1240 igitur
605 1187 786 1226 vocem
827 1173 942 1240 ejus
977 1174 1026 1224 in
1061 1173 1307 1238 praesenti
1339 1173 1534 1225 steculo
1561 1172 1857 1224 audivimus
1884 1175 2000 1238 (au-

423 1243 652 1296 divinius
685 1243 824 1295 enim
860 1261 872 1294 :
908 1243 1036 1296 Oves
1084 1257 1206 1294 mete
1256 1258 1419 1294 vocem
1467 1258 1627 1293 meam
1674 1241 1908 1304 audiunt,
1953 1250 2002 1294 et

421 1325 694 1383 sequuntur
722 1331 798 1366 me
827 1311 1002 1384 [10am
1040 1315 1122 1366 l0.
1151 1311 1243 1382 Ξῖ]
1271 1314 1308 1379 ),
1354 1327 1420 1366 ne
1468 1312 1811 1384 obduremus
1841 1314 1999 1365 corda

424 1381 624 1446 nostra,
646 1399 815 1451 neque
829 1381 1154 1436 'zemuletnur
1181 1381 1456 1437 .ludaicntn
1489 1385 1758 1450 popttlnm,
1781 1381 1998 1434 domum

419 1454 827 1508 exacerbantcm
857 1465 911 1507 ct
951 1453 1196 1522 populum
1243 1453 1405 1508 corde
1431 1453 1621 1506 durum
1667 1469 1694 1504 a
1727 1453 1998 1520 prophetis

419 1524 738 1592 appellatum
771 1541 784 1576 :
817 1524 903 1592 qni
949 1539 1186 1593 persa'pe
1220 1525 1381 1577 Deum
1424 1525 1476 1576 in
1505 1524 1717 1577 deserto
1758 1525 1990 1587 tentavit,

425 1595 773 1659 exacerbavit,
799 1596 1059 1664 pra~cipne
1088 1606 1262 1648 autem
1291 1609 1408 1648 cum
1439 1594 1648 1648 devicto
1671 1593 1989 1664 Chananteo,

420 1665 632 1732 quando
662 1663 942 1734 oportebat
964 1666 1160 1734 gratias
1188 1680 1361 1734 agere,
1389 1674 1572 1718 contra
1603 1665 1765 1717 Deuzn
1797 1663 1997 1732 loquuti

421 1745 564 1800 sunt,
589 1735 1038 1804 reprehendentes
1064 1735 1200 1804 quod
1245 1751 1302 1790 sc
1327 1751 1391 1790 ex
1432 1736 1660 1804 Aigypto
1693 1735 1993 1788 eduxisset:

419 1805 632 1874 quando
660 1805 875 1860 immisit
917 1807 969 1861 in
996 1821 1090 1860 eos
1133 1818 1412 1874 serpentes
1448 1807 1536 1875 qui
1581 1817 1802 1858 mortem
1831 1804 1994 1858 infer-

419 1885 574 1940 rent;
623 1876 798 1945 itaque
847 1877 1038 1929 Paulus
1067 1877 1196 1929 dicit
1228 1892 1241 1927 :
1277 1875 1360 1928 Ne
1405 1887 1647 1929 tententus
1702 1875 1991 1939 Dominum,

419 1946 842 2014 quemadmodum
887 1957 929 1998 et
974 1947 1180 2016 quidam
1231 1963 1294 2000 ea:
1335 1947 1457 2014 ipsis
1499 1956 1840 2008 tentaverunt,
1873 1955 1919 1998 et
1965 1963 1996 1997 a

417 2017 726 2084 serpentibus
751 2015 999 2085 pta-ierunt
1032 2019 1106 2078 (l.
1132 2015 1249 2070 Cor.
1285 2017 1368 2071 10.
1399 2018 1476 2085 9).
1511 2017 1766 2082 1ἰ“;ιιοριιὶι
1795 2017 1991 2083 itaque,

421 2097 476 2139 ut
509 2095 784 2157 postquam
809 2087 1094 2156 spiritualis
1123 2087 1289 2140 hostis
1317 2089 1523 2157 fugatus
1547 2097 1648 2150 est,
1674 2087 1869 2155 Deique
1893 2101 1995 2140 vox

421 2171 519 2226 per
561 2155 1140 2227 Unigcnitiadventum
1183 2155 1468 2229 auditavi-st
1499 2158 1993 2229 (tunccninrpro-

417 2231 596 2296 pheta,
639 2242 743 2280 non
772 2229 1085 2295 simpliciter
1129 2228 1406 2296 prepheta,
1442 2227 1538 2282 nec
1571 2228 1700 2296 legis
1733 2227 1994 2280 mediator

415 2307 548 2361 erat,
577 2299 669 2352 sed
703 2299 815 2367 ipse
843 2299 979 2352 Dens
1009 2300 1283 2369 loquens),
1318 2315 1384 2354 ne
1407 2310 1590 2352 contra
1621 2313 1681 2352 ea
1714 2298 1994 2369 loquamur

416 2383 514 2436 pro
535 2369 725 2437 quibus
747 2369 1034 2438 gratiarum
1065 2368 1300 2423 actiones
1319 2371 1537 2436 agenda:
1570 2379 1693 2423 sunt
1719 2369 1857 2435 quod
1896 2368 1990 2422 Ju-

415 2439 515 2492 dzei
552 2439 789 2492 fecerunt
829 2439 1163 2494 seductorem
1197 2440 1341 2492 illum
1381 2453 1435 2494 et
1479 2441 1606 2508 legis
1639 2450 1995 2507 transgresso-

413 2524 526 2563 rem
578 2519 826 2564 vocantes
880 2509 1088 2577 (Matth.
1132 2512 1220 2564 27.
1255 2511 1321 2563 56
1352 2513 1409 2578 ):
1451 2521 1773 2579 quapropter
1821 2509 1852 2561 ii
1902 2509 1990 2574 qtti

412 2579 772 2649 obloqnuntur
797 2598 824 2633 a
847 2583 1178 2647 serpentibus
1199 2582 1559 2650 spiritualibus
1592 2587 1832 2649 pereunt.
1859 2579 1990 2632 l’ro-

415 2651 654 2723 paverunt
685 2667 764 2704 me
797 2662 840 2704 et
871 2651 1097 2705 viderunt
1125 2668 1276 2720 opera
1306 2669 1415 2706 mea
1443 2651 1792 2723 quadraginta
1822 2651 1988 2723 annis.

415 2721 510 2774 llic
551 2721 861 2790 interpunge
888 2729 941 2776 et
971 2733 1087 2790 post
1129 2723 1401 2791 sequentia
1434 2720 1744 2775 modulate:
1778 2721 1862 2774 10.
1895 2720 1992 2790 0f—

409 2797 583 2915 {ensus
605 2792 678 2861 fui
704 2793 1011 2860 generationi
1040 2793 1114 2845 illi
1138 2809 1156 2856 ;
1186 2793 1307 2862 quia
1335 2795 1411 2846 sic.
1441 2793 1767 2861 interpunin
1795 2791 1990 2845 Paulus

431 2877 514 2915 ioc
539 2862 730 2915 Psaltni
763 2863 1119 2915 testimonium
1162 2880 1433 2915 exnonens
1462 2881 1474 2915 :
1502 2862 1846 2915 Probaverunt
1888 2877 1988 2915 me.

431 2877 514 2916 ioc
539 2862 730 2916 Psalmi
763 2863 1119 2917 testimonium
1162 2880 1433 2931 exponens
1462 2881 1474 2916 :
1502 2862 1846 2916 Probaverunt
1888 2877 1988 2930 me,

408 2932 709 3005 etviderunt
744 2949 899 3005 opera
935 2950 1062 3005 mea,
1089 2935 1424 3005 quadraginta
1459 2934 1606 2986 annis
1629 2933 1828 3005 χυτὸν.
1852 2935 1904 2986 5.
1932 2935 1986 2987 9.

409 3004 497 3074 10.
535 3003 596 3055 At
625 3006 722 3074 εῖν.
746 3004 936 3072 υ.17);
965 3002 1338 3074 subjunxitquc
1370 3015 1549 3071 postea
1573 3021 1584 3055 :
1617 3002 1742 3056 Ideo
1767 3002 2003 3069 aﬂ'ensus

407 3073 484 3143 [ui
521 3073 831 3143 generationi
877 3076 991 3138 illi;
1038 3073 1333 3129 necessaria
1366 3083 1418 3128 et
1445 3074 1755 3143 congruenti
1801 3074 1990 3128 distin-

406 3145 584 3214 ctione
624 3159 772 3199 usus.
803 3147 1052 3213 quoniam
1083 3146 1424 3214 quadraginta
1466 3146 1634 3201 annis
1673 3146 1723 3198 in
1768 3144 1986 3198 deserto

409 3213 550 3268 Deus
580 3215 902 3283 probabatur
941 3215 1007 3269 ab
1039 3213 1183 3284 ipsis.
1217 3215 1544 3270 l‘rohabatur
1570 3229 1763 3285 nempe
1803 3215 1985 3283 signo-

407 3300 523 3338 rum
573 3287 912 3351 ostensione,
953 3302 1073 3339 cum
1115 3287 1361 3341 dicebant
1395 3304 1407 3340 :
1445 3285 1697 3351 Quoniam
1743 3287 1985 3354 percussit

407 3365 597 3422 petram
625 3366 672 3408 et
715 3357 971 3425 ﬂuxerunt
1016 3373 1178 3424 aqum,
1209 3357 1450 3425 numquid
1495 3367 1543 3410 et
1575 3373 1754 3425 panem
1804 3357 1985 3425 poterit

405 3425 546 3498 dare,
578 3435 664 3478 aut
715 3443 896 3498 parare
947 3443 1168 3498 mensam
1213 3428 1401 3498 popqu
1439 3444 1531 3481 suo
1579 3425 1697 3497 (Ps.
1736 3427 1820 3480 77.
1851 3425 1985 3498 20)”?

406 3493 523 3563 Ipse
551 3505 728 3549 autem
771 3494 909 3549 Pluit
953 3497 1056 3549 illis
1102 3493 1290 3550 νησιιίιά
1336 3497 1404 3549 ad
1458 3493 1886 3552 manducandum.
1923 3493 1984 3548 Et

405 3567 533 3634 pluit
562 3583 714 3634 super
738 3583 819 3618 eos
850 3570 977 3619 sicut
1003 3568 1254 3634 pulverem
1295 3584 1490 3630 carnes,
1519 3578 1566 3620 et
1609 3568 1735 3620 sicut
1779 3584 1985 3621 arenam

404 3637 556 3689 maris
587 3637 808 3690 volatilia
840 3649 1059 3706 pennata
1084 3637 1246 3704 (Ibid.
1275 3653 1321 3690 v.
1347 3639 1433 3691 21.
1460 3639 1571 3706 27).
1605 3637 1729 3692 llzec
1761 3639 1901 3692 enim
1931 3639 1982 3692 itt

406 3707 801 3778 septuagesimo
822 3710 1047 3778 Septimo
1077 3709 1284 3778 l’saltno
1301 3708 1529 3777 Spiritus
1558 3708 1860 3762 modulatus
1879 3717 1978 3764 est.

405 3778 478 3830 Ea
509 3791 667 3846 porro
693 3776 760 3830 de
787 3776 944 3831 causa
974 3777 1300 3847 generationi
1334 3776 1428 3841 illi,
1461 3795 1578 3846 qua:
1607 3788 1726 3849 post
1757 3789 1834 3832 tot
1859 3789 1979 3832 tan-

404 3859 562 3915 taque
588 3849 734 3919 signa
759 3849 959 3917 ingrata
995 3849 1368 3919 incredulaquc
1395 3851 1606 3912 mansit,
1629 3865 1734 3903 non
1755 3850 1819 3902 ad
1851 3861 1985 3904 tem-

405 3932 532 3987 pus,
566 3917 658 3989 sed
691 3929 946 3989 perpetuo
974 3921 1214 3974 infensus
1244 3917 1356 3974 fuit.
1389 3921 1984 3989 Quamobrcmtempus

403 4005 508 4044 nou
557 3988 1085 4060 addidit.l_Ca:terum
1119 4005 1214 4059 pro
1263 3992 1370 4056 illo,
1407 3989 1642 4057 U/Icnsus
1677 3991 1768 4060 fui,
1803 3988 1982 4045 ca-teri

402 4061 738 4131 interpretes,
775 4058 914 4114 Male
952 4058 1162 4126 affectus
1193 4063 1286 4131 fui.
1317 4061 1419 4116 hoc
1456 4073 1558 4125 ρει,
1596 4058 1710 4131 Viti
1735 4076 1831 4115 nec
1878 4063 1984 4120 ullo

403 4129 564 4183 tundo
591 4129 882 4201 delectatus
928 4131 1018 4201 lui,
1046 4129 1347 4185 ediderunt.
1397 4131 1462 4185 Et
1504 4132 1610 4185 dixi
1638 4147 1656 4184 :
1689 4130 1901 4201 Semper
1931 4133 1983 4185 Iti

401 4210 574 4273 erranl
596 4200 764 4254 corde.
795 4202 879 4254 ll.
926 4200 1032 4273 Ipsi
1060 4217 1172 4255 vero
1200 4218 1300 4273 non
1329 4209 1667 4273 cognoverunt
1693 4203 1799 4255 vias
1817 4200 1980 4255 ineas.

400 4270 528 4324 lure
557 4271 693 4324 Deus
721 4273 914 4341 populo
934 4271 1159 4325 Judaico
1186 4270 1423 4326 infensus
1454 4273 1647 4326 mansit
1678 4289 1690 4325 :
1731 4276 1854 4341 quia
1882 4273 1981 4342 ipsi

401 4351 732 4411 perpetuum,
759 4361 861 4394 non
889 4358 1016 4396 vero
1039 4351 1437 4411 temporaneum
1460 4357 1696 4397 errorem
1725 4345 1977 4396 retinent.

400 4414 500 4482 Qui
543 4423 718 4466 autem
752 4423 1009 4482 perpetuo
1035 4423 1197 4469 errat.
1231 4414 1565 4482 quandonam
1606 4415 1982 4468 convertetur?

400 4481 648 4551 Alioquin
687 4481 816 4537 vero
844 4501 945 4536 non
989 4484 1183 4548 lingua,
1213 4481 1306 4537 sed
1336 4485 1496 4538 corde
1535 4493 1733 4545 errant,
1765 4484 1814 4536 id
1843 4484 1982 4552 quod

399 4563 481 4606 est
513 4553 666 4621 longe
701 4555 911 4622 gravius
941 4571 954 4607 :
989 4555 1080 4607 illo
1109 4555 1249 4607 cuitu
1281 4553 1532 4622 decepto,
1574 4554 1790 4607 morbus
1827 4555 1980 4608 incn-

401 4622 579 4694 rabilis
609 4633 709 4676 est.
738 4626 1080 4694 Quapropter
1106 4625 1224 4677 illos
1246 4640 1337 4694 per
1369 4626 1518 4680 Isaia:
1545 4624 1876 4694 prophetiam
1904 4625 1985 4677 in-

399 4692 652 4761 crepabat
681 4710 692 4745 :
726 4691 1059 4760 Populus—llic
1084 4694 1229 4746 labiis
1248 4691 1341 4748 ’τηε
1366 4691 1598 4760 honorat,
1626 4691 1776 4747 corde
1816 4706 1983 4748 autem

400 4766 548 4833 longe
571 4763 748 4817 absunt
775 4781 806 4814 a
829 4780 904 4815 me
938 4763 1087 4832 (lsai.
1117 4764 1206 4820 ‘29.
1239 4766 1347 4833 15).
1377 4765 1576 4833 Ecquid
1601 4781 1836 4819 errorem
1863 4781 1984 4818 cor-

400 4835 485 4889 dis
513 4846 786 4902 opcratum
820 4835 938 4887 est?
972 4835 1268 4902 Ignorantia
1295 4836 1499 4889 viarum
1532 4836 1757 4899 Domini,
1781 4837 1985 4890 scilicet

401 4903 771 4959 mandatorum
795 4923 806 4958 :
839 4920 957 4971 qum
981 4919 1084 4958 non
1111 4915 1314 4958 tantum
1344 4916 1673 4974 cognoscunt
1701 4907 1733 4959 ii
1758 4908 1845 4974 qui
1874 4922 1984 4959 me-

403 4974 657 5037 ditantur,
681 4985 936 5046 quantum
966 4977 996 5028 ii
1014 4975 1108 5046 qui
1133 4987 1442 5042 operantur.
1476 4975 1827 5044 lgnorantiam
1856 4992 1983 5046 ergo

399 5054 555 5100 Vocat.
596 5045 970 5100 cesSationem.
997 5045 1242 5116 Cognitio
1283 5047 1422 5101 enim
1453 5047 1543 5100 illa
1587 5062 1708 5100 vera
1754 5045 1983 5115 estquae

400 5133 495 5186 per
517 5131 678 5187 opera
711 5117 935 5171 habetur
964 5134 979 5172 :
1010 5117 1440 5187 quandoquidem
1479 5133 1624 5171 mare
1658 5127 1742 5170 aut
1785 5134 1851 5172 ex
1881 5133 1981 5170 au—

397 5188 510 5241 ditu
538 5195 708 5241 autex
738 5189 1026 5243 remotiore
1047 5200 1335 5257 conspectu
1362 5203 1549 5243 omnes
1575 5189 1978 5256 cognoscimus:

399 5273 581 5312 lteram
611 5268 786 5313 autem
818 5259 934 5328 ejus
977 5259 1336 5328 cognitionem
1368 5260 1607 5313 obtinent
1633 5261 1665 5312 ii
1695 5260 1783 5327 qui
1813 5259 1862 5310 in
1896 5258 1984 5312 illo

400 5339 712 5397 operantur.
747 5330 892 5383 Sicut
905 5331 1076 5399 juravi
1101 5329 1154 5381 in
1192 5329 1270 5381 ira
1297 5346 1428 5394 mea,
1453 5331 1494 5383 si
1521 5331 1794 5383 introibant
1826 5331 1877 5382 in
1899 5346 1984 5381 re-

398 5401 563 5469 quiem
594 5415 772 5452 meant.
810 5399 954 5454 Sicut
981 5400 1082 5453 hoc
1109 5402 1224 5454 loco
1252 5417 1355 5454 non
1383 5401 1782 5454 similitudinem
1822 5402 1984 5469 signi-

403 5475 543 5534 licat,
572 5469 664 5524 sed
695 5471 959 5525 sermonis
996 5472 1479 5525 c0nlirmationem.
1507 5471 1558 5524 ld
1599 5482 1700 5533 est,
1734 5471 1865 5523 Vere
1900 5473 1986 5537 ju-

399 5543 532 5595 ravi.
557 5541 1012 5607 Quemadmodum
1045 5540 1130 5595 ubi
1159 5541 1286 5594 dicit
1316 5559 1329 5594 :
1367 5540 1434 5595 Ut
1465 5541 1624 5594 bonus
1659 5542 1795 5594 Deus
1822 5539 1984 5593 Israel

400 5615 547 5664 rectis
568 5613 717 5664 corde
758 5610 928 5682 (Psal.
956 5610 1043 5664 τε.
1074 5610 1162 5682 1);
1195 5627 1256 5665 ac
1301 5628 1532 5676 rursum,
1568 5611 1632 5666 Ut
1665 5613 1986 5682 "mgni/irata

400 5691 517 5734 sunt
542 5697 694 5805 eam:
721 5693 826 5741 tua.
843 5681 1076 5745 Domine,
1091 5681 1260 5735 Omnia
1285 5683 1336 5735 in
1360 5684 1606 5747 sapientia
1630 5681 1786 5753 fecisti
1814 5681 1981 5752 (Psal.

403 5750 524 5805 103.
630 5756 668 5805 ).
700 5750 1067 5805 Juratueutum
1097 5768 1225 5805 vero
1247 5755 1715 5805 commimuianm
1755 5755 1841 5805 Dei
1881 5754 1981 5805 lm-

403 5750 524 5808 103.
551 5750 668 5818 ει).
700 5750 1067 5808 Juratueutum
1097 5768 1225 5809 vero
1247 5750 1715 5812 conuninatianm
1755 5750 1841 5808 De}
1881 5754 1981 5807 ltit-

1906 281 2175 340 SPUBIA.

3603 295 3721 349 772

2120 400 2426 476 mutabilem
2457 401 2738 476 intelligas.
2778 400 3236 476 Quemadmodum
3270 405 3413 458 enim
3443 405 3599 461 nobis
3622 409 3718 476 ju-

2117 473 2246 524 ratis
2272 480 2476 526 mutare
2505 473 2824 525 sententiam
2855 488 2958 526 non
2987 473 3112 526 licet
3136 491 3147 525 :
3179 475 3256 528 sic
3281 485 3335 528 et
3356 476 3498 530 Deus
3524 473 3714 533 omnia

2114 541 2339 615 qu:e_vel
2367 543 2606 615 promisit
2647 543 2727 615 vel
2755 543 3108 615 comminatus
3130 556 3230 615 est,
3263 561 3553 615 numquam
3586 566 3715 602 mu-

2115 620 2208 686 lat.
2240 611 2362 686 llaec
2380 612 2590 686 jurandi
2614 613 2776 686 verbo
2814 613 3096 680 signiﬁcat.
3138 614 3271 682 Quid
3302 611 3432 684 ergo
3459 617 3714 686 iuravit?

2115 680 2229 733 Non
2269 682 2603 736 introiturum
2619 683 2891 736 .lmlaieum
2913 680 3234 752 pepuluni'in
3255 680 3494 752 requiem
3513 703 3674 742 suam
3695 731 3709 743 .

2115 703 2229 733 “(Ill
2269 703 2603 736 ΙΙΙιΓυΙῑυΓΙΙΙΙΙ
2619 703 2891 736 JllllalCUlll
2913 703 3164 752 ρορυιυιιι
3185 703 3234 738 lll
3255 703 3312 739 t‘c
3353 703 3494 741 UlClll
3513 703 3674 742 suam
3695 731 3709 743 .

2111 753 2252 820 quod
2285 752 2482 806 exitum
2509 753 2687 806 habuit
2721 755 2771 808 in
2812 754 2894 816 iis,
2927 755 3013 821 qui
3039 754 3208 822 ipsum
3238 757 3288 808 in
3315 703 3534 812 iieserto
3576 760 3712 814 ini-

2115 832 2371 875 taverant.
2423 823 2476 876 In
2521 823 2736 877 deserto
2781 824 2922 876 enim
2976 825 3106 892 lapsi
3153 827 3485 880 sortitionem
3544 841 3709 884 teme

2118 894 2396 960 promissae
2425 909 2529 966 non
2559 905 2897 960 acceperunt.
2934 894 3052 961 Quo
3081 897 3223 950 dicto
3250 898 3508 966 preplieta
3537 899 3707 954 futuri

2110 978 2321 1037 (llltllllle
2350 964 2529 1018 saeculi
2563 966 2813 1037 requiem
2846 969 3300 1037 commemoravit.
3330 964 3512 1037 Neque
3552 973 3705 1023 enim

2109 1033 2182 1105 de
2208 1033 2291 1086 illa
2333 1033 2655 1094 sermonem,
2686 1037 2771 1103 qui
2797 1035 2904 1101 jam
2950 1033 3104 1088 liuen:
3149 1033 3448 1105 acceperat,
3479 1056 3700 1095 resum-

2111 1104 2332 1170 psiSs-t-t,
2367 1105 2488 1169 nisi,
2522 1114 2577 1157 ut
2621 1109 2694 1157 ait
2738 1105 2948 1168 Paulus,
2979 1108 3136 1159 aliam
3186 1104 3423 1174 requiem
3453 1125 3701 1166 eamme-

2111 1184 2344 1226 tnoraret
2386 1177 2447 1226 iis
2487 1176 2724 1228 relictam
2754 1177 2841 1239 qui
2879 1177 3228 1244 obsequentes
3266 1178 3426 1232 l'utnri
3467 1192 3609 1244 sunt,
3646 1184 3700 1235 in

2107 1259 2208 1320 qua
2224 1246 2370 1320 Deus
2391 1246 2718 1320 altonitiibns
2741 1246 2801 1298 iis
2819 1261 2938 1314 quae
2961 1256 3083 1300 tunc
3105 1258 3372 1316 operatur,
3397 1255 3702 1320 requie-cet

2108 1314 2290 1384 (Hebr.
2316 1317 2366 1369 5.
2398 1318 2481 1369 to.
2517 1317 2626 1385 ii).

2108 1427 2158 1480 1.
2190 1426 2326 1480 Laus
2355 1431 2538 1502 cantici
2580 1428 2790 1502 Davidi,
2833 1430 3037 1498 quando
3073 1431 3252 1484 domus
3293 1433 3550 1500 cedi/irata
3597 1438 3702 1502 [nit

2174 1508 2294 1622 postl
2315 1501 2689 1565 captivitatem;
2721 1499 2834 1554 Pinc
2863 1502 3205 1570 inscriptione
3235 1515 3372 1571 apud
3397 1499 3694 1560 Hebraeos.
3729 1561 3736 1570 ,

2219 1587 2274 1622 sa
2302 1585 2416 1622 mus
2442 1586 2562 1622 xcv.
2901 1603 2908 1610 -

2219 1585 2416 1624 sumtus
2442 1586 2562 1624 Χςν.
2901 1603 2908 1610 ·

2177 1662 2228 1735 1.
2259 1661 2440 1735 Neque
2469 1664 2818 1735 hic_Psalmus
2847 1664 2984 1732 apud
3018 1664 3268 1719 llebrams
3291 1667 3699 1735 inscriptionem

2106 1734 2286 1806 habet,
2319 1733 2412 1806 sed
2440 1733 2583 1806 apud,
2606 1734 2942 1800 Septuaginta
2973 1736 3141 1788 stilum
3173 1733 3486 1804 interpretes
3513 1757 3525 1792 :
3551 1756 3697 1806 quo-

2103 1818 2220 1878 rnm
2249 1803 2457 1878 titulum
2486 1804 2700 1859 .lndmns
2722 1806 2842 1874 jure
2871 1807 3097 1874 atijecit:
3124 1817 3178 1860 ut
3208 1803 3448 1876 arguitur
3471 1810 3541 1863 ab
3570 1803 3696 1878 ipso

2105 1875 2286 1936 titulo;
2321 1874 2560 1928 Psahnns
2584 1878 2776 1944 quippe
2805 1878 2946 1930 clare
2980 1879 3027 1928 in
3060 1874 3307 1944 populum
3336 1874 3651 1933 inscribitur
3676 1901 3690 1934 :

2101 1953 2262 2012 atque
2295 1945 2477 2011 David,
2501 1946 2653 2014 cujus
2673 1957 2756 2000 est
2778 1947 3035 2010 l’sahnus,
3061 1949 3238 2001 multis
3252 1950 3694 2013 generationibus

2101 2015 2455 2087 captivitatem
2483 2016 2754 2087 praecedit,
2785 2029 3059 2087 postquam
3087 2017 3140 2073 in
3169 2019 3320 2074 titulo
3341 2019 3538 2075 dicitur
3558 2022 3697 2074 :edi-

2103 2083 2311 2156 licatam
2341 2083 2502 2140 fuisse
2529 2086 2765 2140 donnnn.
2786 2083 3165 2156 Captivitatem
3195 2089 3352 2156 igitur
3373 2091 3513 2144 illam
3534 2090 3690 2156 dicit,

2099 2155 2166 2210 de
2191 2173 2290 2225 qua
2321 2156 2398 2210 sic
2429 2157 2624 2211 Paulus
2653 2155 2916 2226 loquitur:
2937 2155 3224 2213 Ascendens
3244 2161 3296 2212 in
3327 2163 3484 2212 altum
3516 2155 3689 2226 capti?

2099 2228 2761 2301 vamtlulr‘itcaptivitatem,
2785 2229 2920 2282 dedit
2940 2229 3072 2282 dona
3091 2230 3142 2281 in
3165 2230 3448 2284 hominibus
3466 2234 3482 2298 (
3492 2230 3688 2301 Epltes.

2097 2299 2152 2368 ρ.
2176 2298 2253 2368 8).
2283 2297 2707 2352 Aidilicationem
2731 2299 2922 2353 dOlllllS
2949 2309 3102 2352 vocat
3123 2303 3212 2354 Dei
3239 2297 3687 2356 incarnationem.

2098 2365 2220 2436 lpse'
2244 2369 2384 2421 enim
2411 2369 2478 2421 de
2507 2370 2719 2437 propria
2749 2383 2910 2424 Carne
2940 2370 3012 2422 ait
3036 2387 3048 2421 :
3076 2370 3266 2424 Solvite
3293 2373 3538 2435 templum
3562 2374 3681 2437 hoc,

2097 2450 2144 2513 et
2169 2440 2220 2491 in
2253 2439 2409 2513 tribus
2433 2440 2605 2513 diebus
2633 2441 2894 2513 tt'diﬁcabo
2919 2441 3048 2492 illud
3080 2441 3252 2513 (locis.
3281 2442 3336 2495 Ξ.
3363 2443 3478 2513 19).
3515 2444 3687 2512 Hujus

2099 2509 2276 2578 itaque
2301 2509 2490 2580 domus
2530 2511 2808 2564 a-diticatio
2848 2519 2964 2578 post
2995 2512 3351 2579 captivitatem
3401 2509 3642 2568 nostram
3666 2556 3683 2580 ,

2097 2594 2125 2630 a
2157 2579 2370 2634 diabolo
2400 2580 2687 2638 inductam.
2721 2589 2927 2648 peracta
2957 2591 3058 2635 est.
3094 2581 3239 2636 lianc
3263 2583 3405 2637 enim
3436 2579 3687 2638 Clu-isms

2098 2649 2578 2722 libertaledonarc
2615 2651 2825 2716 volens,
2873 2651 3177 2704 incarnatus
3216 2663 3314 2706 est.
3350 2653 3424 2706 De
3453 2669 3558 2722 qua
3595 2655 3685 2708 hic

2098 2721 2210 2790 ipse
2242 2720 2411 2793 David
2436 2723 2484 2772 in
2516 2721 2614 2793 alia
2647 2722 2938 2793 prophetia:
2968 2733 3116 2789 parte
3156 2724 3234 2776 sic
3279 2720 3530 2793 loquutus
3559 2739 3636 2778 e5t
3666 2744 3681 2779 :

2098 2792 2376 2862 Ascendisti
2397 2791 2448 2843 in
2475 2792 2652 2854 altum,
2681 2792 2856 2858 cepisti
2879 2793 3214 2862 captivitatem
3243 2791 3410 2862 (Psal.
3440 2794 3531 2848 67.
3563 2795 3680 2862 19).

2095 2861 2306 2916 Caritate
2347 2861 2563 2914 Domino
2605 2863 2856 2915 canticum
2911 2861 3126 2925 aevum,
3181 2861 3379 2916 cantate
3432 2861 3678 2929 Domino,

2094 2935 2258 3005 omnis
2278 2941 2429 2986 terra.
2459 2934 2512 2985 9.
2538 2931 2746 3005 Caritate
2767 2931 3006 2994 Domino,
3031 2933 3300 2986 benedicite
3329 2935 3522 2987 nomini
3543 2937 3676 3005 ejus.

2094 3005 2204 3068 Qua
2227 3003 2294 3056 de
2313 3016 2471 3057 causa
2495 3003 2755 3056 canticum
2783 3018 2975 3056 novum
2991 3018 3201 3057 omnem
3219 3015 3434 3060 cantare
3454 3003 3677 3070 terram,

2094 3089 2191 3127 nec
2218 3073 2452 3128 Judwatn
2486 3082 2686 3126 tantum
2709 3074 2965 3144 principit,
2992 3073 3092 3144 nisi
3118 3084 3332 3144 propter
3351 3089 3484 3127 nova
3511 3077 3672 3129 mira-

2092 3145 2243 3198 cula?
2273 3147 2346 3198 Ac
2367 3144 2744 3213 propettiodntn
2764 3143 2922 3214 David
2939 3143 3124 3198 eadem
3146 3143 3265 3214 qua:
3283 3145 3480 3200 Paulus
3495 3146 3675 3201 dicere

2095 3223 2429 3282 prmoccupat
2455 3236 2467 3266 :
2495 3214 2554 3266 Si
2583 3231 2681 3281 qua
2718 3215 2768 3266 in
2799 3213 2999 3267 Clu-isto
3038 3213 3175 3268 nova,
3201 3226 3463 3281 creatura,
3512 3228 3676 3270 vetera

2091 3287 2426 3357 transierunt;
2453 3301 2563 3337 ecce
2585 3289 2720 3357 [dcta
2745 3295 2860 3357 sunt
2885 3285 3054 3338 omnia
3080 3302 3207 3338 nova
3234 3283 3307 3355 (2.
3333 3283 3453 3339 Cor.
3477 3287 3534 3340 5.
3561 3289 3670 3357 17).

2089 3355 2224 3420 Quid
2253 3366 2428 3408 autem
2472 3353 2875 3414 exh—Canticum
2905 3371 3087 3408 norum
3109 3399 3123 3420 ,
3161 3353 3250 3409 aut
3294 3371 3401 3425 quo
3431 3353 3675 3412 tradente

2092 3427 2216 3497 illud
2245 3425 2850 3497 Cognosccmus‘lllulta
2890 3426 3083 3494 quippe
3127 3427 3280 3479 nobis
3307 3428 3513 3480 cantica
3547 3444 3672 3497 pro-

2092 3496 2250 3565 pheta
2279 3494 2464 3560 edidit,
2493 3497 2605 3559 sed,
2642 3494 2841 3548 Novum
2861 3497 3133 3560 canticum,
3158 3498 3266 3563 jam
3293 3497 3497 3563 dicens,
3530 3494 3668 3552 aliud

2089 3568 2156 3620 ab
2185 3569 2312 3636 ipsis
2341 3568 2608 3620 diversum
2637 3581 2829 3619 novum
2858 3568 3121 3636 canticum
3143 3567 3462 3621 subindicat.
3491 3570 3668 3622 Canti-

2089 3635 2215 3692 cum
2241 3638 2432 3691 cecinit
2461 3640 2618 3690 etiam
2654 3637 2811 3689 ls:iias
2842 3653 2855 3688 :
2895 3635 3139 3699 Cantaba,
3183 3638 3370 3706 inquit,
3418 3641 3672 3692 canticum
3705 3679 3708 3684 .

2091 3708 2290 3771 dilecto,
2317 3709 2497 3760 dilecto
2526 3723 2653 3771 ineo,
2686 3708 2839 3760 vinea:
2866 3723 3005 3760 meat.
3049 3706 3203 3761 Vinea
3229 3708 3364 3775 facta
3393 3720 3464 3762 est
3491 3710 3672 3762 dilecto

2089 3779 2142 3831 in
2170 3795 2355 3844 cornu,
2400 3779 2451 3830 in
2498 3779 2607 3831 loco
2655 3777 2827 3846 pingui
2857 3775 3009 3844 (Isai.
3039 3777 3089 3830 5.
3122 3777 3212 3848 1),
3261 3788 3366 3833 etc.
3423 3779 3527 3848 Sed
3560 3779 3672 3833 lucc

2092 3851 2392 3918 universup
2424 3861 2616 3901 terram
2647 3862 2864 3918 cantate
2907 3863 3002 3916 par
3033 3864 3136 3901 non
3157 3847 3280 3918 est,
3311 3849 3404 3902 sed
3431 3847 3667 3902 Juda-am

2090 3928 2291 3973 tantum
2318 3959 2334 3984 ,
2357 3917 2430 3972 in
2457 3934 2614 3986 qualn
2641 3917 2957 3972 cantandqu
2984 3932 3104 3973 esse
3131 3917 3339 3972 dicitur.
3375 3919 3501 3972 lla-c
3527 3932 3669 3974 certe

2091 3991 2381 4059 respiciunt
2405 3989 2469 4042 ad
2496 3989 2800 4057 angelorum
2822 3991 3083 4059 canticum
3107 4004 3138 4042 a
3161 3988 3298 4042 Luca
3317 3988 3662 4059 descripzum.

2089 4057 2218 4132 Illud
2249 4062 2442 4130 quippe
2471 4074 2662 4132 novum
2688 4069 2822 4132 erat.
2847 4057 3155 4132 Universum
3182 4069 3378 4132 terram
3413 4057 3668 4132 propheta

2090 4129 2401 4196 advocavit,
2444 4131 2693 4198 quoniam
2724 4129 2806 4182 hic
2830 4130 3150 4193 evangelista
3181 4131 3293 4184 haec
3320 4129 3528 4198 angelis
3551 4147 3663 4184 mo-

2090 4200 2399 4256 dulantibus
2453 4210 2658 4254 cantata
2715 4199 2877 4253 fuisse
2931 4210 3360 4254 commemorat:
3396 4200 3572 4253 Gloria
3618 4203 3666 4253 in

2089 4272 2346 4325 altissimis
2390 4270 2492 4323 Deo
2519 4311 2532 4334 ,
2580 4280 2625 4322 et
2669 4270 2720 4323 in
2751 4280 2882 4322 terra
2904 4286 3024 4340 paat,
3054 4270 3106 4322 in
3133 4270 3418 4324 hominibus
3437 4271 3670 4339 benepla-

2088 4342 2241 4395 citant
2267 4341 2418 4412 (Luc.
2441 4342 2493 4394 2.
2520 4342 2626 4409 14).
2657 4340 2779 4394 llaec
2799 4351 2975 4412 autem
2997 4341 3333 4412 quandonam
3352 4341 3491 4394 dicta
3514 4343 3668 4394 sunt?

2087 4410 2311 4479 Quando
2338 4413 2527 4466 domus
2552 4412 2808 4464 aediﬁcata
2835 4419 2936 4472 est,
2967 4410 3016 4462 id
3043 4422 3144 4472 est,
3173 4427 3294 4464 cum
3319 4413 3562 4465 Christus
3592 4419 3667 4464 in-

2088 4493 2337 4537 Carnatus
2364 4493 2462 4536 est.
2515 4482 2647 4536 Nato
2692 4483 2883 4548 quippe
2925 4481 3048 4544 illo,
3098 4483 3269 4550 angeli
3315 4482 3367 4534 in
3400 4482 3664 4535 Bethleem

2088 4552 2309 4608 choreas
2335 4563 2552 4620 agentes
2591 4551 2844 4605 modulati
2875 4562 3016 4605 sunt.
3045 4550 3177 4605 Cum
3207 4551 3360 4619 jubet
3383 4561 3560 4606 autem
3592 4562 3667 4606 ter

2088 4637 2326 4689 cantare,
2357 4633 2436 4677 ter
2464 4622 2743 4677 Domiutun
2777 4623 3031 4685 nominat,
3063 4624 3246 4676 volens
3277 4622 3588 4676 Trinitatem
3619 4625 3664 4676 iu

2089 4695 2302 4747 Christo
2328 4693 2630 4764 glorilicari.
2660 4695 2760 4764 l’cr
2785 4692 2952 4764 ipsum
2983 4692 3121 4764 enim
3155 4702 3206 4745 et
3234 4692 3448 4764 Patrem
3476 4704 3531 4746 ct
3556 4694 3666 4762 Spi-

2091 4766 2250 4817 ritum
2281 4759 2518 4818 saiu-tum
2553 4759 2818 4815 nexinnts:
2844 4763 2967 4816 Ideo
2993 4759 3345 4830 congruenter
3370 4759 3662 4831 subiungit:

2087 4833 2372 4888 Benedicite
2397 4835 2582 4886 nomini
2611 4834 2751 4903 ejus;
2782 4835 2897 4887 sive
2925 4835 3093 4886 l‘atris
3123 4835 3345 4897 dixeris,
3378 4835 3493 4886 sive
3529 4834 3658 4898 Filii,

2089 4907 2202 4959 sive
2233 4906 2461 4972 Spiritus
2501 4905 2667 4957 sancti
2693 4921 2705 4957 :
2733 4920 2922 4958 nomen
2969 4905 3162 4972 quippe
3197 4904 3462 4968 'l'rinitati,
3497 4905 3662 4958 Deus:

2089 4977 2227 5044 quod
2260 4977 2640 5030 benedixerunt
2663 4974 2854 5043 angi-li,
2885 4975 2972 5043 qui
3001 4990 3191 5036 novum
3219 4975 3486 5027 canticum
3516 4991 3666 5028 reve-

2091 5047 2286 5113 larunt,
2307 5051 2416 5115 ipso
2438 5046 2584 5099 initio
2608 5047 2656 5097 in
2675 5046 2945 5098 altissimis
2981 5047 3084 5098 Deo
3106 5045 3327 5115 gloriam
3361 5047 3663 5108 referentes,

2088 5113 2399 5170 Annnntiate
2422 5117 2482 5169 de
2511 5117 2592 5168 die
2623 5117 2671 5168 in
2697 5115 2830 5168 diem
2869 5117 3089 5169 salutare
3131 5113 3224 5166 Dei
3259 5116 3436 5167 nostri.
3475 5115 3663 5169 Proce-

2091 5188 2248 5246 dente
2267 5188 2461 5258 quippe
2482 5199 2740 5253 tempore,
2765 5180 3387 5258 proceditEvanglilium:
3405 5195 3459 5238 et
3477 5185 3661 5258 Christi

2091 5255 2326 5326 cognitio
2349 5257 2572 5310 dilatato
2595 5255 2834 5323 tempore
2855 5261 3124 5326 dilatatur,
3155 5255 3207 5309 id
3231 5255 3373 5324 quod
3397 5257 3658 5322 sequentia

2092 5325 2347 5381 indicant.
2390 5329 2442 5380 5.
2490 5328 2792 5379 Annttntiate
2827 5326 2878 5376 in
2919 5325 3147 5395 gentibus
3191 5327 3404 5395 gloriam
3446 5328 3589 5391 eius.
3617 5343 3693 5377 ni-

2092 5400 2318 5452 omnibus
2344 5401 2543 5465 populis
2563 5396 2810 5450 mirabilia
2831 5399 2957 5464 ejus.
2982 5395 3114 5448 Num
3141 5395 3253 5449 luec
3276 5395 3374 5449 sibi
3402 5397 3660 5450 vindicare

2094 5479 2266 5538 potest
2321 5469 2546 5538 populus
2597 5466 2890 5521 Judaicus‘!
2945 5467 3223 5538 Quomodo
3272 5468 3414 5520 enim
3473 5484 3664 5520 annun-

2096 5536 2244 5594 tiabit
2292 5536 2342 5592 in
2382 5536 2625 5608 gentibus
2664 5539 2884 5605 gloriam
2931 5537 3020 5590 Dei
3051 5536 3116 5598 is,
3158 5538 3253 5608 cui
3291 5553 3462 5606 neque
3505 5540 3660 5605 legem

2093 5622 2243 5665 extra
2303 5607 2548 5679 preprios
2589 5610 2782 5663 limites
2836 5607 3010 5679 legere
3064 5607 3402 5679 conceditur?
3458 5608 3660 5679 De__h.ic

2097 5684 2238 5736 enim
2280 5676 2336 5735 re
2377 5676 2519 5750 ipsos
2549 5676 2975 5746 reprehendebat
3002 5679 3164 5732 Amos
3211 5676 3658 5746 prophetazlitle-

2101 5763 2275 5826 gerunt
2319 5749 2436 5824 fori:
2476 5749 2656 5820 legent,
2673 5762 2724 5812 εἶ,
2739 5750 3113 5810 advocaverunt
3133 5769 3221 5808 con
3231 5753 3495 5823 fossiones.
3523 5755 3662 5806 Amas
