3968 6290
341 299 447 354 777

342 417 504 469 itinde
547 429 673 483 ergo
704 413 844 486 Deus
875 420 1093 486 vocetur
1140 414 1281 486 quod
1326 416 1392 470 ab
1431 417 1537 470 alio
1567 416 1763 471 factum
1808 419 1931 471 est?

341 485 465 557 Sive
491 499 619 554 ergo
646 484 1122 557 qniSpiatrnadoret
1141 484 1295 553 ,isive
1323 501 1430 541 non
1456 488 1640 541 adoret
1659 527 1674 552 ,
1696 487 1788 542 sed
1818 489 1933 557 glo-

343 556 540 627 rietur,
573 563 755 627 utpote
793 556 883 625 qui
912 554 1096 610 fecerit
1118 570 1180 627 ea
1216 573 1339 627 qua;
1363 558 1431 612 ab
1465 557 1571 613 alio
1596 554 1927 622 adorentur;

341 626 429 680 ille
456 641 667 698 quoque
696 625 886 698 dignus
921 627 1009 698 qui
1048 625 1250 694 pudore
1286 625 1587 694 afﬁciatur,
1620 637 1802 698 utpote
1838 631 1927 697 qui

338 711 500 764 grave
543 695 915 750 offendiculum
948 697 998 749 in
1024 698 1185 751 vitam
1230 708 1464 752 nostram
1510 695 1787 753 invexerit.
1816 695 1925 752 Ad-

339 776 482 839 orate
495 781 629 839 eum,
653 782 826 839 omnes
848 768 1014 837 angeli
1038 769 1165 837 ejus.
1179 767 1490 824 Necessario
1514 769 1599 824 hic
1621 770 1926 839 angelorum

337 836 701 890 adoratiouem
727 836 949 903 induxit,
970 846 1025 893 ut
1045 836 1111 892 ue
1132 840 1506 894 erubescamus
1525 836 1927 895 Deumadorare

337 922 497 979 quem
526 905 752 979 adorant
784 909 955 977 angeli
983 948 998 972 ,
1040 910 1303 978 simulque
1335 911 1567 965 sciamus
1591 953 1605 976 ,
1652 926 1748 964 nos
1773 951 1788 973 ,
1834 911 1925 979 qui

340 977 508 1048 Deum
539 977 822 1031 adoramus
848 1020 861 1042 ,
891 980 940 1031 in
969 977 1273 1048 angelorum
1313 981 1554 1034 ordinem
1593 977 1883 1035 ascendere
1909 998 1923 1036 :

338 1046 402 1118 ad
433 1047 547 1102 haec
578 1048 703 1118 item
729 1088 740 1110 ,
767 1046 1076 1116 angelorum
1107 1065 1226 1105 esse
1264 1053 1487 1106 adorare
1507 1094 1522 1118 ,
1556 1067 1658 1105 non
1686 1051 1916 1105 adorari.

334 1117 449 1171 Non
478 1134 605 1191 ergo
630 1117 898 1191 dauuones
919 1120 1193 1186 adorandi,
1226 1122 1313 1191 qui
1337 1138 1398 1175 ex
1421 1117 1726 1191 angelorum
1750 1121 1922 1190 digni-

336 1196 444 1241 tate
469 1187 668 1254 deIapSI
691 1189 917 1257 su.it.rr8.
947 1192 1170 1257 Audiuit,
1195 1187 1435 1245 etilaztata
1454 1187 1525 1246 es't
1554 1192 1680 1247 Sion
1700 1233 1714 1255 ,
1765 1187 1915 1245 cfea:-

334 1258 647 1330 sultaverunt
675 1258 800 1326 ﬁlia:
824 1256 1024 1315 Judtece
1058 1256 1262 1330 propter
1280 1262 1478 1330 judicia
1507 1273 1591 1314 tua
1613 1303 1629 1328 ,
1677 1260 1908 1316 Domine.

334 1327 511 1399 Filias
541 1326 741 1382 Judzeac
777 1343 965 1384 omnes
999 1326 1092 1399 per
1133 1326 1315 1386 orbem
1365 1326 1628 1387 Ecclesias
1676 1333 1918 1396 vocavit,

336 1398 765 1469 quandoquidem
784 1398 1048 1454 confessio
1072 1402 1126 1455 in
1153 1403 1254 1456 illis
1281 1404 1447 1469 viget:
1472 1405 1548 1457 sic
1571 1404 1710 1456 enim
1738 1402 1919 1458 .lu'ltea

332 1468 653 1543 exlilieatur.
680 1468 785 1543 §ed
815 1470 940 1543 Sion
972 1473 1258 1543 praemisit,
1298 1482 1479 1543 utpote
1515 1475 1927 1542 primogenitam

334 1537 652 1611 Ecclesiam.
680 1539 824 1603 Ilzcc,
861 1537 1052 1611 inquit,
1079 1542 1277 1597 audivit
1299 1537 1548 1599 et'lzetat'a
1570 1550 1654 1599 est
1680 1537 1921 1599 {audivit

334 1606 732 1684 idololatrarum
764 1606 1175 1684 turpitudinem,
1207 1625 1366 1682 atque
1409 1616 1567 1669 etiam
1607 1615 1918 1684 angelorum

330 1677 698 1750 adoratiouem
722 1721 736 1744 ,
769 1696 868 1748 qua
903 1682 1067 1736 Deum
1094 1677 1350 1743 adorant:
1378 1685 1501 1750 jure
1535 1677 1711 1740 autem
1743 1684 1916 1738 lzctata

330 1757 415 1822 est
433 1789 446 1811 ,
476 1749 596 1822 quia
622 1749 787 1822 Deum
813 1761 1069 1806 creaturae
1111 1762 1310 1822 patrem
1339 1749 1616 1809 adoratum
1647 1755 1792 1809 colit.
1820 1754 1915 1810 Fi-

329 1816 520 1894 lia-que
545 1818 804 1894 Iudaeae,
829 1837 958 1894 quas
987 1816 1122 1877 essc'
1160 1825 1383 1881 dicimus
1432 1825 1728 1890 Ecclesias,
1758 1825 1916 1894 hujus

332 1891 619 1961 participes
661 1891 1034 1961 lartitiae.jure
1079 1896 1495 1950 exsultavernnt.
1545 1896 1748 1951 .Iudicia
1783 1891 1915 1952 vero

333 1958 426 2032 Dei
456 1958 569 2014 luce
588 1970 731 2025 sunt,
753 1962 894 2017 circa
918 1958 1038 2028 quae
1062 1966 1308 2032 gaudium
1333 1968 1521 2021 merito
1549 1967 1912 2020 anmmtiatur.

328 2028 462 2106 Quia
489 2046 616 2101 ergo
647 2032 688 2106 ii_
723 2033 812 2101 qui
834 2028 1106 2106 sculptilis
1146 2036 1402 2106 adorant,
1434 2047 1486 2091 et
1516 2038 1565 2090 in
1608 2037 1760 2091 idolis
1802 2036 1917 2106 gio—

326 2101 572 2173 riantur,
603 2116 643 2173 ag
665 2103 772 2157 Deo
815 2103 1049 2159 damnati
1099 2105 1298 2173 pudore
1336 2101 1751 2170 suffunduntur,
1799 2101 1913 2162 hare

324 2172 595 2244 quomodo
624 2171 758 2244 facta
781 2175 906 2235 sint,
936 2190 1000 2228 ex
1024 2171 1369 2244 sequentibus
1388 2178 1555 2233 disce.
1580 2178 1633 2233 9.
1660 2178 1912 2242 Quoniam

324 2248 381 2292 tu
406 2239 655 2295 Dominus
674 2242 949 2298 altissimus
967 2239 1118 2315 super
1137 2262 1334 2301 onmem
1361 2259 1564 2315 terram,
1593 2239 1743 2302 viniis
1771 2250 1913 2302 exal-

320 2319 458 2389 tatus
475 2328 529 2389 es
552 2329 705 2380 super
729 2330 899 2368 omnes
918 2315 1058 2370 deos.
1075 2318 1347 2389 Quoniam
1369 2333 1466 2389 per
1484 2334 1693 2389 crucem
1718 2317 1911 2373 factam

316 2378 577 2459 justitiam
608 2378 1011 2459 commemorat,
1039 2378 1261 2441 altitudo
1288 2378 1463 2444 autem
1484 2388 1750 2459 Unigeniti
1772 2404 1909 2443 crux

318 2459 444 2529 est:
477 2455 549 2507 ait
574 2454 741 2529 enim,
775 2455 909 2529 Cum
938 2459 1190 2529 caullatus
1219 2461 1384 2529 fuero,
1416 2454 1811 2513 omnes'traltam
1840 2458 1909 2512 ad

318 2525 567 2590 meipsum
619 2523 813 2599 (Joan.
852 2526 936 2580 12.
967 2527 1110 2599 ξὲμ
1144 2523 1599 2599 ηδ’ᾳυίέρυιωθι
1638 2531 1906 2585 Christum

314 2608 423 2666 non
447 2603 604 2648 antea
646 2597 932 2650 exaltatum
974 2596 1174 2661 fuisse,
1219 2596 1321 2654 non
1364 2596 1525 2655 modo
1564 2601 1726 2654 altum
1753 2642 1768 2666 ,
1811 2600 1907 2655 sed

319 2663 482 2735 etiam
529 2666 844 2720 altissimum
890 2683 1053 2735 super
1098 2686 1310 2724 omnem
1343 2681 1536 2725 terram
1582 2686 1702 2725 esse
1748 2663 1902 2725 dixit.

314 2733 449 2811 C_um
482 2751 608 2789 vero
640 2746 835 2811 terram
860 2733 1027 2803 dixit,
1056 2757 1119 2794 ex
1150 2751 1297 2809 parte
1327 2749 1494 2795 totum
1527 2757 1702 2796 rerum
1747 2743 1904 2811 opili-

312 2805 455 2859 eium
497 2807 806 2875 complexus
835 2820 934 2863 est.
982 2805 1227 2882 Attamen
1254 2813 1676 2880 superexaltatus
1701 2805 1907 2882 cst-per

312 2890 528 2930 crucem
553 2887 735 2931 contra
762 2894 948 2934 onlnes
976 2880 1125 2941 deos.
1155 2882 1357 2937 scilicet
1382 2882 1516 2936 falso
1556 2885 1635 2937 sic
1661 2880 1905 2936 nomina-

312 2954 397 3000 tos
427 2949 594 3022 :_quia
613 2963 774 3022 cruce
793 2949 1006 3022 dejecti,
1031 2955 1401 3020 experimento
1419 2954 1721 3008 didicerunt
1740 2968 1900 3022 quam

309 3018 556 3074 excelsus
581 3019 650 3093 sit
679 3020 834 3083 Deus,
864 3018 938 3074 ita
969 3032 1019 3074 ut
1050 3018 1142 3086 per
1165 3024 1523 3078 inlirmitatem
1546 3065 1560 3083 ,
1588 3033 1645 3077 ut
1670 3018 1905 3093 putaba-

311 3097 421 3159 tur,
448 3103 541 3142 eos
560 3090 649 3157 qui
671 3100 916 3158 potentes
934 3093 1392 3159 existimabantur,
1420 3090 1783 3149 debellaverit.
1810 3094 1898 3151 10.

312 3158 416 3233 Qui
436 3160 643 3233 diligitis
666 3159 963 3228 Dominum,
986 3163 1121 3216 odite
1144 3163 1296 3218 mala.
1320 3165 1389 3220 Ut
1413 3180 1595 3233 puram
1626 3165 1901 3221 inveniens

306 3230 652 3305 dilectionem
672 3271 689 3298 ,
717 3242 983 3305 amatores
1015 3242 1072 3288 ut
1101 3248 1255 3305 veros
1284 3244 1336 3289 et
1370 3230 1634 3305 genuinos
1651 3235 1896 3304 comple-

303 3309 529 3376 ctatur:
562 3301 635 3376 ita
665 3310 720 3376 ut
744 3303 984 3376 quisquis
1009 3320 1067 3360 se
1088 3304 1215 3358 dicit
1245 3301 1408 3360 Deum
1432 3306 1675 3373 diligere,
1708 3301 1896 3376 nequi-

305 3371 396 3445 tia;
423 3372 583 3445 etiam
622 3371 809 3427 leviter
829 3371 1102 3439 addictus,
1136 3383 1226 3429 aut
1250 3371 1551 3445 quampiam
1579 3391 1755 3431 rerum
1795 3371 1904 3430 san-

300 3442 569 3514 cularium
604 3457 836 3514 amans,
893 3445 1126 3512 seipsum
1183 3442 1428 3514 decipiat:
1478 3446 1611 3502 Nam
1669 3447 1899 3501 Amicitia

299 3511 484 3565 mundi
521 3513 671 3582 hujus
698 3511 1050 3568 inimicitia’in
1083 3514 1240 3570 Deum
1281 3511 1373 3580 est,
1412 3518 1487 3570 ait
1516 3516 1766 3571 Jacohus.
1796 3516 1898 3572 Cu-

299 3584 464 3637 stodit
516 3582 766 3638 Dominus
813 3585 1007 3639 animas
1046 3596 1335 3641 sanctorum
1373 3604 1607 3652 suorum,
1648 3588 1710 3641 de
1744 3604 1898 3642 manu

299 3656 585 3726 peccatoris
632 3653 858 3707 liberabit
900 3656 1036 3710 illas.
1095 3657 1172 3710 En
1225 3659 1437 3726 quantis
1478 3660 1630 3712 bonis
1673 3657 1897 3714 fruimur

292 3740 370 3779 ex
395 3738 523 3794 pura
553 3724 834 3780 dilectione
865 3741 985 3794 erga
1012 3728 1194 3781 Deum.
1225 3724 1402 3782 Sancti
1429 3729 1569 3781 enim
1600 3727 1892 3791 efﬁcimur,

293 3803 358 3851 et
381 3795 669 3866 custodem
711 3795 973 3851 habemus
1013 3798 1179 3852 Deum
1224 3798 1888 3866 maximmpossessiouis,

292 3865 496 3920 anima:
543 3875 778 3929 nostrae,
829 3875 887 3921 ut
928 3883 1032 3922 non
1080 3868 1248 3923 simus
1297 3868 1397 3923 sub
1445 3858 1601 3922 nianu
1653 3858 1889 3925 inimieii

294 3936 444 4009 quod
466 3936 523 4009 si,
538 3936 672 3991 forte
700 3938 971 4001 fuerimus,
998 3955 1100 3992 non
1126 3953 1221 3992 nos
1240 3938 1480 4009 despicit,
1500 3940 1592 3994 sed
1619 3954 1714 3993 nos
1734 3942 1890 4007 eruit,

295 4008 649 4079 interpellans
705 4022 833 4062 vere
881 4020 1212 4077 peecatorem
1261 4021 1315 4063 et
1340 4008 1584 4064 radicem
1647 4014 1888 4079 pet-cati,

293 4076 576 4132 diabolum
603 4094 619 4142 ;
648 4079 802 4133 nobis
830 4076 1006 4133 autem
1036 4094 1248 4133 manum
1288 4080 1513 4149 porrigit
1543 4090 1598 4134 ut
1629 4076 1890 4149 fugiamus

292 4163 425 4234 cum
452 4149 538 4234 qui
563 4149 743 4234 inique
767 4150 1204 4234 inhos‘insurrgit:
1236 4151 1322 4205 11.
1355 4148 1472 4234 Lua:
1495 4148 1709 4234 ortaest
1721 4154 1885 4234 justo,

290 4229 345 4271 et
370 4220 515 4273 rectis
542 4219 694 4274 corde
718 4219 913 4272 la'titia.
938 4220 1047 4274 Lex
1072 4220 1159 4273 Dei
1183 4220 1393 4275 lucerna
1416 4230 1471 4275 et
1497 4221 1583 4274 lux
1607 4219 1762 4286 justis
1782 4219 1885 4276 e.~t.

290 4292 636 4361 Quapropter
676 4289 805 4361 alibi
846 4290 974 4344 dicit
1011 4289 1173 4344 David
1205 4307 1218 4342 :
1248 4289 1477 4361 Lucerna
1516 4291 1724 4361 pedibus
1766 4295 1889 4347 meis

291 4360 504 4434 verbum
525 4371 684 4434 tuum,
707 4369 759 4414 et
787 4360 954 4434 lumen
974 4362 1165 4434 semitis
1189 4363 1310 4415 meis
1337 4360 1355 4432 (
1382 4360 1581 4434 Psalggl
1601 4362 1678 4434 I8,
1712 4361 1880 4434 105

289 4430 350 4505 Is
369 4431 680 4505 _ipse_rectis
707 4431 869 4505 corde
890 4471 906 4494 ,
927 4430 1357 4505 _videli_cet‘recte
1397 4432 1759 4505 gradientibus
1789 4430 1885 4487 he-

286 4501 468 4571 titiam
497 4501 667 4555 indit:
693 4502 832 4555 viam
856 4501 995 4555 enim
1027 4502 1162 4565 illis,
1192 4517 1349 4570 quam
1379 4501 1582 4571 optant,
1615 4505 1881 4571 ostendit,

284 4582 353 4625 et
380 4570 445 4624 ad
476 4573 698 4626 virtutes
722 4614 736 4637 ,
774 4587 906 4640 quas
934 4572 1082 4627 adire
1108 4572 1362 4636 student,
1411 4570 1612 4627 invitat.
1649 4574 1728 4627 ’I‘u
1757 4570 1885 4628 vero

288 4642 476 4714 lucem
514 4645 776 4714 orientem
808 4642 1144 4711 Unigenitum
1187 4657 1309 4714 esse
1351 4643 1582 4711 intellige
1606 4686 1621 4706 ,
1669 4643 1736 4699 de
1775 4661 1883 4714 quo

284 4712 530 4767 Joannes
560 4713 862 4786 Theologus
899 4710 1112 4781 scripsit
1140 4731 1152 4765 :
1187 4710 1375 4786 Omnia
1418 4710 1711 4786 per’ipsum
1749 4710 1885 4786 facta

283 4792 445 4848 sunt,
476 4795 523 4837 et
551 4786 659 4839 sine
682 4784 794 4851 ipso
836 4787 1027 4851 factum
1054 4792 1127 4836 est
1151 4783 1283 4854 nihil
1307 4785 1444 4852 quod
1472 4783 1656 4854 factum
1684 4783 1776 4838 est.
1814 4784 1882 4840 In

279 4855 406 4922 ipso
422 4854 524 4908 vita
542 4867 648 4909 erat
667 4896 680 4917 ,
703 4863 750 4908 et
770 4855 872 4926 vita
889 4863 998 4926 erat
1027 4853 1118 4926 lux
1137 4853 1394 4926 hominum
1416 4853 1595 4924 (Joan.
1628 4856 1680 4909 1.
1711 4856 1763 4908 5.
1787 4865 1817 4909 4
1837 4858 1879 4926 ).

280 4926 628 4993 Quapropter
658 4927 829 4993 ipsum
858 4923 1132 4979 Malachiel
1155 4925 1321 4978 solem
1350 4923 1587 4985 vocavit,
1618 4935 1671 4979 et
1695 4923 1882 4994 quem-

279 4995 578 5049 admodum
608 4996 791 5061 David,
820 4996 989 5063 ipsum
1019 4995 1278 5048 oriturum
1308 5009 1426 5048 esse
1447 4994 1610 5064 justis
1639 4997 1879 5051 declara-

277 5069 403 5125 vit:
450 5067 523 5119 ait
548 5068 687 5120 enim
719 5083 732 5117 :
769 5065 972 5121 Orietur
1005 5064 1140 5119 vobis
1180 5064 1462 5117 timentibus
1497 5064 1771 5118 Dominum
1805 5067 1884 5121 sol

266 5137 595 5209 justitiam
632 5137 827 5209 medela
862 5138 914 5209 in
954 5136 1063 5209 alis
1088 5136 1197 5209 eius
1226 5132 1397 5209 (Μαι.
1512 5132 1608 5206 2).
1640 5135 1876 5209 12.142-

277 5204 488 5269 tamini,
512 5207 664 5276 justi,
688 5209 738 5260 in
762 5206 999 5260 Domino.
1032 5205 1178 5259 Beati
1210 5205 1277 5258 ob
1298 5204 1547 5276 gaudium
1565 5204 1703 5260 sunt
1723 5206 1873 5273 justi.

280 5280 346 5334 In
378 5279 531 5333 nullo
555 5281 697 5332 enim
745 5277 1046 5331 mortalium
1080 5276 1451 5344 lluxorumque
1495 5275 1755 5330 bonorum
1785 5277 1875 5331 lie-

281 5360 504 5413 tantur,
538 5350 629 5403 sed
662 5350 712 5402 in
749 5349 856 5401 Iteo
877 5389 891 5412 ,
927 5348 977 5400 in
1007 5360 1114 5415 quo
1148 5346 1308 5398 Omne
1344 5345 1517 5398 datum
1559 5348 1801 5410 optimum
1830 5359 1878 5402 et

278 5437 435 5473 omne
460 5420 651 5472 donum
677 5418 959 5490 perfectum,
977 5418 1239 5490 desursum
1261 5424 1352 5477 est,
1375 5426 1433 5490 ut
1448 5431 1509 5470 ex
1534 5415 1771 5490 Epistola
1791 5417 1882 5472 Ja-

275 5492 403 5545 cobi
433 5491 588 5561 (Cap.
618 5485 847 5561 1.ὐ.ξ17
869 5487 1160 5561 )diilicisti.
1194 5485 1260 5538 Et
1294 5485 1599 5561 conﬁtemini
1628 5491 1880 5542 memerita

277 5557 700 5630 sanctiﬁcationis
713 5560 843 5629 ejus.
863 5557 1265 5630 Confessiouetn
1280 5558 1393 5630 sive
1412 5559 1698 5627 gratiarum
1721 5561 1880 5614 actio-

277 5648 405 5688 nem
431 5626 631 5686 dixeris
652 5626 764 5685 sive
783 5629 1099 5685 delictorum
1139 5626 1527 5682 confessionem
1559 5644 1572 5680 :
1603 5632 1715 5682 hanc
1735 5642 1877 5684 enim

276 5706 449 5758 etiam
475 5702 635 5771 iustis
663 5701 951 5771 competit;
983 5699 1233 5771 quoniam
1262 5699 1436 5771 nullus
1466 5701 1567 5753 erit
1595 5701 1685 5770 qui
1712 5702 1873 5765 vivet,

275 5787 335 5832 et
366 5769 490 5833 nou
507 5772 771 5843 peccabit.
797 5769 1113 5828 Necessario
1139 5779 1316 5827 autem
1356 5770 1423 5827 ad
1449 5769 1873 5829 recordationem

1665 301 1729 358 IN
1769 301 2084 361 PSALMUM
2122 301 2327 362 XCVII.

3534 309 3634 365 778

2041 417 2153 473 sive
2174 418 2736 490 commemorationem
2759 418 3051 474 sanctitatis
3066 418 3157 473 Dei
3181 418 3437 481 procedit.
3462 418 3636 490 Opor-

2040 496 2111 542 tet
2139 490 2280 543 euim
2310 488 2633 559 ipsigratias
2658 503 2855 558 agere;
2889 491 3026 559 quod
3055 492 3213 545 etiam
3238 490 3481 545 Iimnines
3506 488 3635 546 sau-

2034 556 2371 613 ctilicationis
2399 556 2681 627 p‘articipcs
2696 556 2938 615 'eﬁ‘eeerit
2956 580 2970 614 :
2991 576 3085 629 par
3108 570 3188 614 est
3209 563 3366 614 etiam
3389 562 3632 618 homines

2033 644 2161 701 sese
2178 641 2485 696 peccatores
2505 630 2768 685 conﬁteri.
2790 631 3136 697 Quantnmvis
3159 632 3298 685 cnim
3317 633 3490 700 justus
3512 636 3631 701 quis

2034 697 2210 771 fuerit,
2243 710 2580 768 comparatus
2610 716 2730 754 cum
2774 702 3193 755 sanctiﬁcatione
3222 697 3342 763 Dei,
3377 697 3628 771 peccator

2030 768 2477 840 deprehenditur;
2500 771 2567 824 ita
2589 781 2638 823 ut
2663 771 2822 825 Isaias
2842 772 2975 825 dicat
3006 790 3018 825 :
3042 772 3218 825 Omnis
3231 768 3434 840 justit’ia
3456 786 3627 826 nostra

2029 839 2156 893 sicut
2182 858 2381 909 pannus
2406 851 2729 896 menstruam
2748 842 2799 895 in
2834 852 3100 910 conspectu
3124 852 3207 895 tuo
3231 841 3380 910 (lsai.
3405 843 3493 898 64.
3523 848 3554 898 6
3579 845 3618 914 ).

2304 957 2360 1009 1.
2401 956 2600 1010 Davidi.
2645 956 2882 1011 Alleluia.
2929 956 3169 1011 Psalmus
3206 974 3363 1013 xcv".

2103 1048 2152 1100 I.
2192 1047 2305 1102 Non
2338 1049 2454 1103 sine
2483 1064 2639 1103 causa
2668 1047 2850 1102 Davidi
2877 1046 3116 1103 Psalmns'
3148 1049 3456 1105 inscribitur
3480 1068 3494 1103 :
3523 1055 3615 1107 sed

2029 1121 2435 1190 quiamystcria
2464 1120 2660 1173 Christi
2689 1120 3022 1186 lmntttmtiﬂl.
3054 1137 3210 1189 quem
3242 1137 3337 1189 per
3365 1121 3616 1178 Davidem

2030 1187 2430 1261 intelligendum
2473 1206 2591 1244 esse
2641 1190 2882 1244 Ezechiel
2935 1187 3190 1258 propheta
3218 1187 3254 1257 ,7
3286 1191 3393 1245 imo
3445 1195 3619 1261 potius

2026 1255 2509 1330 Spiritus‘sanctus
2558 1261 2608 1313 iu
2662 1261 2776 1328 ipso
2823 1255 3046 1330 loquens
3088 1255 3231 1317 clare
3272 1255 3469 1317 indicat
3500 1282 3513 1317 :
3547 1266 3620 1320 ait

2025 1330 2167 1401 enim
2197 1347 2209 1359 ·
2240 1328 2308 1382 Et
2333 1328 2582 1383 suscitabo
2605 1331 2740 1384 vobis
2769 1328 3014 1401 pastorem
3042 1348 3237 1385 servum
3266 1349 3429 1386 meum
3450 1333 3620 1389 David

2025 1398 2237 1469 (Ezeclt.
2269 1401 2354 1454 54.
2380 1402 2494 1468 9.5).
2522 1404 2679 1468 Atqui
2713 1398 2869 1454 David
2902 1403 3083 1456 multis
3110 1412 3232 1457 ante
3259 1406 3614 1469 generationi-

2022 1468 2122 1541 bus
2150 1482 2390 1525 mortuus
2411 1482 2521 1525 erat
2554 1489 2565 1522 :
2598 1472 2691 1526 sed
2720 1472 2968 1526 Davidem
2995 1484 3145 1526 vocat
3170 1468 3437 1528 Christum
3461 1494 3475 1541 ;
3506 1494 3610 1531 non

1973 1564 1983 1572 -
2023 1530 2183 1594 modo
2210 1550 2264 1594 ut
2290 1558 2353 1595 ex
2384 1542 2579 1596 Davidc
2607 1553 2816 1608 ortum,
2851 1545 2942 1596 sed
2973 1545 3129 1595 etiam
3164 1555 3218 1597 ut
3246 1560 3420 1612 regem
3443 1530 3610 1607 {scr-Q

2019 1624 2144 1664 vum
2175 1622 2384 1669 autem,
2419 1622 2601 1681 utpote
2630 1615 2718 1682 qui
2747 1615 2881 1667 servi
2910 1613 3137 1667 formam
3170 1617 3451 1683 acceperit.
3487 1616 3612 1672 Ideo

2020 1694 2164 1735 nunc
2210 1696 2314 1735 non
2360 1683 2573 1737 Davidis
2620 1684 2859 1738 Psalmus
2909 1685 3247 1745 inscribitur,
3282 1686 3373 1739 sed
3398 1685 3607 1743 Davidi.

2021 1750 2230 1821 Cantale
2252 1751 2469 1806 Domino
2496 1755 2747 1807 canticum
2774 1771 2973 1808 novum.
3004 1754 3216 1821 Quare?
3242 1754 3373 1818 Quia
3398 1758 3605 1811 mirabi-

2019 1820 2089 1897 l_ia
2121 1823 2254 1897 fecit.
2289 1822 2400 1897 Hoc
2425 1834 2653 1897 estergo
2680 1825 2799 1878 novi
2825 1820 3435 1897 canticiargumentum,
3462 1829 3609 1897 quod

2022 1891 2559 1966 Dominus_mirabili_a
2593 1894 2766 1959 faciat,
2798 1896 2876 1948 vel
2914 1894 3263 1966 Prodigia,nt
3291 1891 3604 1966 interpreta-

2022 1968 2106 2038 t_us
2152 1971 2236 2016 est
2278 1962 2646 2038 Symmachus.
2694 1966 2948 2030 Qua-nam
2994 1966 3116 2038 illa?
3168 1962 3605 2038 saluauit—ipsum.

2015 2031 2430 2106 dt’azteraﬂejuset
2471 2034 2728 2106 brae/tium
2770 2047 3000 2089 sanctum
3038 2037 3167 2103 ejus.
3222 2036 3420 2106 Ecquid
3458 2031 3604 2095 illud

2015 2103 2254 2158 miraculi
2287 2105 2477 2178 habet,
2527 2104 2626 2159 nisi
2657 2106 2797 2175 quod
2829 2106 2990 2178 homo
3019 2106 3087 2160 ob
3113 2103 3380 2178 nequitiae,
3403 2122 3596 2164 exces-

2013 2186 2133 2244 s_um
2180 2176 2329 2244 quasi
2372 2175 2682 2244 desperatus
2712 2176 2897 2230 esset?
2941 2176 3013 2230 Ita
3056 2185 3111 2230 ut
3153 2175 3317 2232 Isaias
3352 2177 3590 2235 diceret:

2016 2241 2179 2316 Omne
2198 2241 2355 2316 caput
2397 2246 2451 2298 in
2473 2241 2736 2307 laborem,
2782 2256 2829 2300 et
2870 2263 3016 2299 omne
3052 2261 3140 2300 cor
3175 2246 3230 2299 in
3268 2247 3512 2304 dolerent.
3551 2253 3596 2305 Δ

2013 2315 2219 2382 pedibus
2246 2315 2403 2384 usque
2437 2316 2506 2368 ad
2531 2325 2684 2385 caput
2712 2333 2812 2370 non
2841 2327 2914 2370 est
2951 2318 3005 2370 in
3045 2332 3101 2369 eo
3126 2318 3318 2372 sanitas
3339 2360 3355 2384 ,
3398 2337 3499 2375 non
3525 2333 3600 2375 est

2010 2385 2222 2459 vulnus,
2253 2402 2355 2439 non
2378 2386 2519 2459 vibex
2538 2427 2551 2445 .
2582 2402 2681 2439 non
2718 2388 2873 2459 plaga
2913 2396 3126 2459 tumens.
3162 2386 3281 2441 Non
3306 2398 3467 2459 potest
3493 2408 3597 2444 ern~

2046 2454 2258 2529 lustrum
2285 2458 2509 2529 apponi,
2555 2473 2654 2529 non
2698 2454 2897 2523 oleum,
2931 2474 3049 2529 non,
3074 2454 3316 2528 ligamina
3347 2458 3509 2529 (Isai.
3540 2463 3591 2516 1.

2008 2471 2258 2578 ἔιηεινιιηι
2285 2473 2509 2526 apponi,
2555 2473 2654 2510 non
2698 2471 2897 2523 oteum,
2931 2474 3030 2510 non
3074 2471 3316 2528 ttgamma
3347 2471 3509 2529 (ηαξ.
3540 2471 3591 2516 1.

2048 2563 2062 2578 .
2091 2524 2178 2594 6).
2214 2526 2377 2580 David
2404 2542 2531 2580 vero
2560 2528 2636 2581 sic
2664 2546 2678 2583 :
2709 2530 2893 2582 Omnes
2924 2527 3314 2596 declinaverunt,
3342 2531 3492 2586 simul
3516 2533 3595 2586 ia-

2009 2596 2154 2650 utiles
2196 2598 2319 2668 facti
2343 2606 2456 2651 sunt
2482 2614 2500 2651 :
2522 2613 2625 2668 non
2655 2608 2726 2652 est
2755 2599 2841 2667 qui
2866 2600 3018 2666 faciat
3046 2600 3315 2652 bonitatem
3337 2641 3352 2666 ,
3394 2616 3495 2655 non
3523 2613 3595 2657 est

2006 2666 2277 2739 usquead
2317 2684 2473 2721 unum
2508 2666 2688 2739 (Psal.
2722 2666 2808 2723 I3.
2837 2669 2932 2739 57).
2976 2668 3086 2736 Qua
3122 2672 3171 2723 in
3205 2685 3262 2723 re
3292 2670 3508 2726 dextera
3539 2683 3593 2728 et

2005 2736 2225 2809 brachio
2254 2737 2347 2793 Dei
2378 2736 2680 2793 necessario
2705 2754 2839 2809 opus
2867 2738 2991 2804 fuit,
3024 2739 3271 2794 videlicet
3302 2740 3589 2809 Uoigeuito

2005 2807 2143 2883 ejus.
2173 2806 2350 2883 Ipsum
2376 2809 2519 2883 enim
2545 2806 2794 2883 exprimit
2823 2819 3108 2883 utrumque
3126 2810 3323 2865 dictum
3352 2828 3366 2864 :
3394 2806 3461 2867 de
3480 2828 3589 2883 quo

2004 2877 2164 2951 etiam
2207 2879 2366 2951 Isaias
2391 2880 2520 2934 dicit
2548 2898 2560 2933 :
2590 2877 2733 2933 Sicut
2761 2890 2934 2950 pastor
2954 2877 3196 2951 populum
3223 2897 3368 2933 suum
3397 2877 3587 2951 pasiet,

2004 2959 2051 3023 et
2080 2949 2282 3023 brachio
2309 2966 2413 3023 suo
2440 2949 2943 3023 congregabit’agnos
2972 2950 3127 3021 (lsai.
3152 2952 3239 3006 40.
3273 2953 3331 3006 11
3357 2956 3375 3023 )
3397 2949 3413 3005 ἐ
3447 2955 3589 3022 quod

2003 3018 2274 3074 brachium
2307 3018 2575 3087 psalmista
2607 3018 2710 3075 non
2751 3018 2867 3076 sine
2890 3018 3049 3078 causa
3081 3032 3322 3077 sanctum
3354 3018 3584 3091 vocavit,

2004 3091 2098 3145 sed
2133 3091 2262 3145 illud
2289 3091 2339 3145 in
2371 3092 2579 3159 propria
2608 3092 2706 3146 sibi
2749 3093 3039 3148 substantia
3068 3092 3350 3147 ostendere
3376 3094 3581 3150 volens.

2002 3159 2135 3216 Illud
2158 3176 2283 3229 ergo
2304 3161 2574 3230 opilieium
2597 3162 2735 3232 quod
2763 3164 2992 3231 perierat
3018 3165 3247 3218 servavit
3271 3181 3284 3217 :
3308 3162 3427 3218 Non
3449 3167 3583 3220 enim

2001 3232 2131 3306 venit
2153 3231 2390 3306 judicare
2414 3231 2676 3306 mundum,
2706 3233 2796 3288 sed
2810 3232 3018 3306 salvere
3046 3234 3290 3287 mundum
3307 3233 3492 3306 7(Joan.
3519 3238 3580 3291 5.

2001 3302 2131 3376 17).
2164 3302 2315 3376 Quod
2331 3311 2534 3376 autem
2554 3302 2818 3374 Unigeniti
2844 3304 3135 3376 adventum
3166 3302 3426 3376 propheta
3457 3308 3583 3363 sub-

2000 3372 2204 3445 indicet
2228 3373 2410 3445 (solus
2453 3372 2752 3445 eiiimicjus
2792 3374 3052 3431 adventus
3080 3372 3576 3445 genus—humanum

2000 3441 2249 3509 servat),
2284 3443 2333 3497 id
2383 3444 2545 3499 Isaias
2587 3441 2853 3515 declarat,
2890 3445 3009 3498 Non
3039 3441 3263 3515 legatus,
3311 3447 3575 3515 inquiens,

1999 3531 2100 3568 non
2125 3515 2370 3582 angelus;
2414 3514 2505 3568 sed
2540 3516 2647 3584 ipse
2682 3514 2931 3569 Dominus
2958 3514 3114 3569 veniet
3133 3557 3146 3576 ,
3175 3526 3221 3569 et
3249 3514 3460 3570 salvabit
3486 3535 3584 3573 nos

2045 3584 2172 3656 lsqi.
2213 3584 2299 3640 65.
2345 3585 2465 3656 9),;
2520 3585 2649 3640 illud
2701 3602 2912 3655 quoque
2955 3587 3230 3656 sequentia
3278 3586 3570 3643 declarant.

2041 3696 2050 3707 .
2077 3654 2133 3728 1v
2134 3665 2269 3710 ctum
2291 3656 2405 3728 fecit
2430 3655 2673 3710 Dominus
2691 3654 2913 3710 salutare
2932 3654 3098 3722 suum,
3125 3668 3242 3710 ante
3259 3668 3584 3728 conspectum

1996 3724 2215 3796 genlium
2261 3724 2495 3798 reuelauit
2532 3728 2778 3794 justitiam
2819 3744 2982 3798 suam.
3030 3728 3272 3781 Salutare
3323 3724 3573 3798 et‘jusli-

1999 3798 2125 3850 tiam
2147 3812 2290 3866 saepe
2308 3797 2575 3851 Christum
2603 3799 2901 3868 signiﬁcare
2925 3797 3037 3867 jam
3061 3806 3215 3853 antea
3246 3797 3441 3852 dictum
3468 3810 3570 3854 est.

1999 3868 2095 3938 llic
2121 3882 2251 3938 vero
2292 3869 2719 3938 proplieticarum
2762 3869 3053 3923 dictionum
3084 3871 3350 3922 accuratio
3378 3868 3573 3938 depre-

1996 3937 2276 4009 henditur,
2321 3937 2586 4009 quomodo
2631 3938 2776 4009 prius
2819 3940 2988 4006 ipsum
3019 3949 3199 3993 notum
3224 3978 3238 4002 ,
3272 3937 3572 4009 deindeque

1993 4007 2284 4064 revelatum
2313 4008 2475 4079 luisse
2487 4006 2727 4079 dicatur.
2758 4008 2936 4062 Primo
2964 4010 3202 4062 notitiam
3233 4009 3421 4062 indidit
3448 4006 3568 4079 pro~

1974 4079 2198 4149 ,plchlS,
2227 4078 2416 4149 quibus
2446 4078 2585 4132 illius
2627 4079 2856 4145 cognitio
2881 4079 3184 4133 concredita
3210 4090 3287 4133 e5t
3306 4118 3321 4141 ,
3352 4095 3415 4134 ex
3443 4078 3539 4149 spe
3558 4110 3571 4118 -

1992 4148 2254 4204 culatione
2277 4148 2536 4218 Spiritus;
2569 4149 2637 4201 ita
2668 4157 2726 4203 ut
2769 4150 2880 4218 ipse
2920 4149 3174 4203 Dominus
3198 4149 3339 4203 dicat
3369 4166 3383 4201 :
3408 4148 3575 4204 Abra-

1991 4220 2109 4273 ham
2140 4228 2279 4288 pater
2317 4229 2485 4272 noster
2511 4219 2772 4272 exsultavit
2809 4228 2862 4271 ut
2903 4219 3095 4273 videret
3132 4221 3263 4274 diem
3289 4236 3489 4284 meum,
3521 4234 3569 4277 et

1988 4290 2131 4356 vidit,
2175 4301 2220 4344 et
2248 4291 2447 4359 gavisus
2486 4299 2559 4343 est
2594 4289 2792 4360 (Joan.
2819 4290 2873 4344 8.
2904 4288 2974 4344 56
2995 4292 3033 4358 ).
3079 4291 3359 4345 Revelatus
3388 4300 3565 4346 autem

1988 4361 2218 4430 denique
2243 4368 2325 4415 est
2351 4375 2443 4428 per
2468 4374 2702 4431 carnem,
2734 4360 3055 4430 insuperque
3087 4376 3179 4431 per
3201 4361 3565 4430 apostolorum

1986 4429 2263 4495 miracula,
2311 4445 2430 4499 qua:
2474 4429 2741 4501 Unigeniti
2788 4429 3035 4486 virtutem
3087 4429 3256 4499 palam
3303 4433 3560 4486 fecerunt.

1988 4501 2054 4555 In
2079 4511 2345 4570 conspectu
2372 4500 2614 4571 gentium.
2645 4500 2736 4555 [te
2765 4502 2906 4556 enim
2932 4501 3210 4556 credentes
3240 4502 3436 4556 Christi
3466 4503 3566 4556 atl-

1952 4622 1960 4630 .
1988 4583 2203 4626 ventum
2232 4580 2596 4639 susceperunt.
2627 4572 2873 4641 Alioquin
2904 4587 3061 4639 vero,
3081 4572 3203 4642 quia
3229 4572 3488 4627 adventus
3514 4574 3566 4628 in

1985 4658 2147 4697 carne
2187 4642 2328 4696 clara
2376 4642 2760 4697 demonstratio
2807 4654 2889 4697 est
2942 4643 3204 4697 idolorum
3248 4645 3562 4708 destructio,

1986 4712 2299 4782 Unigenitus
2343 4712 2480 4767 haud
2520 4712 2680 4767 dubie
2716 4714 2940 4768 revelari
2975 4722 3148 4780 potest
3195 4715 3245 4767 in
3274 4723 3566 4781 conspectu

1985 4786 2239 4854 gentium.
2273 4784 2325 4838 5.
2355 4782 2671 4854 Recordatus
2701 4794 2770 4854 est
2816 4785 3172 4838 misericordia
3207 4801 3313 4838 sua:
3347 4782 3563 4854 Iacobo,

1986 4852 2031 4909 et
2070 4854 2290 4909 veritatis
2327 4869 2435 4908 sum
2477 4853 2650 4906 domui
2694 4853 2875 4908 Israel.
2918 4854 3024 4908 Cur
3069 4871 3173 4908 non
3210 4855 3337 4909 satis
3380 4852 3569 4909 habuit

1984 4926 2150 4980 Jacob
2174 4925 2379 4990 dicere,
2401 4924 2495 4978 sed
2523 4922 2741 4979 domum
2768 4925 2923 4979 Israel
2953 4924 3163 4994 adjicit,
3195 4926 3291 4978 nisi
3322 4931 3381 4980 ut
3402 4923 3567 4979 doce-

1986 5005 2086 5063 ret,
2115 5011 2237 5050 eum
2268 4994 2438 5065 ipsum
2469 4995 2558 5064 qui
2592 5010 2659 5065 ea
2700 5011 2817 5065 qum
2845 4995 2953 5065 jam
2984 4997 3402 5063 pra-nuntiantur
3427 5009 3565 5063 0pc-

1985 5080 2130 5121 ratus
2157 5075 2235 5120 est
2252 5105 2273 5133 ,ί
2296 5064 2550 5119 Jacohum
2585 5064 2830 5120 Israelem
2852 5064 3368 5135 'eognominavisse?
3414 5065 3562 5132 Qua-

1983 5147 2198 5207 propter
2223 5152 2343 5207 cum
2372 5135 2460 5188 illo
2502 5136 2828 5199 luctabatur,
2862 5148 2916 5189 ut
2947 5138 3322 5190 incarnationis
3353 5148 3561 5207 myste-

1983 5206 2117 5261 rium
2150 5206 2509 5274 praaﬁgnraret
2538 5224 2550 5257 :
2582 5208 2760 5260 carnis
2793 5208 2933 5260 enim
2981 5214 3065 5259 est
3104 5207 3322 5270 luctari,
3363 5217 3419 5260 et
3456 5206 3565 5259 circ

1985 5276 2645 5348 cumplecti.Recordatus
2689 5279 2862 5344 itaque
2903 5286 2982 5331 est
3007 5278 3187 5332 Jacobi
3234 5285 3287 5348 et
3326 5276 3560 5340 Ianalis,

1984 5360 2037 5403 et
2077 5347 2125 5401 in
2168 5347 2389 5415 gratiam
2421 5347 2561 5418 illius
2577 5349 2906 5418 mysterium
2952 5348 3208 5416 implevit.
3251 5347 3364 5414 Quo
3407 5356 3573 5415 pacto

1984 5419 2149 5473 illud?
2173 5418 2408 5471 Accessit
2433 5416 2675 5487 videlicet
2699 5418 2764 5471 ad
2785 5433 2912 5471 oves
2934 5434 3051 5487 qu.u
3073 5421 3344 5486 perierunt
3368 5422 3560 5470 domus

1986 5489 2185 5552 Israel,
2238 5504 2341 5542 non
2387 5486 2491 5541 illis
2536 5486 2966 5542 misericordiam
2999 5490 3307 5558 impertiens
3329 5488 3561 5613 (Lueth

1986 5562 2128 5613 enim
2155 5559 2299 5613 digni
2331 5558 2524 5613 erant).
2554 5558 2646 5612 sed
2670 5558 2889 5613 Jacobo.
2912 5575 2977 5612 ex
3007 5575 3111 5613 auo
3138 5573 3305 5613 genus
3404 5560 3561 5612 celsa-

1986 5562 2128 5615 euim
2155 5559 2299 5629 digni
2331 5558 2524 5625 erant),
2554 5558 2646 5612 sed
2670 5558 2889 5623 Jacobo,
2912 5575 2977 5612 ex
3007 5575 3111 5628 quo
3138 5573 3305 5629 genus
3329 5558 3561 5613 duceba-

1988 5642 2091 5685 tur.
2121 5628 2449 5686 Becordatus
2485 5638 2566 5683 est
2604 5629 2761 5683 etiam
2793 5630 3029 5683 veritatis
3057 5628 3245 5683 domus
3277 5629 3433 5685 Israel
3464 5629 3559 5682 be;

1985 5701 2338 5756 nedictioncm
2385 5700 2525 5754 illam
2569 5715 2725 5768 quam
2752 5698 2948 5762 Israel,
2983 5708 3038 5752 ut
3062 5699 3408 5753 hereditatem
3441 5700 3557 5753 ﬁliis

1986 5772 2119 5842 suis,
2167 5772 2219 5826 in
2265 5772 2457 5827 tribum
2480 5769 2616 5827 .Iuda
2661 5769 3028 5842 proplictaodo
3055 5770 3308 5837 contulit,
3338 5771 3391 5825 in
3427 5778 3565 5839 υνυς
