3968 6290
431 278 535 334 779

431 395 735 458 adducens,
775 390 1161 462 veritatemque
1212 391 1410 455 faciens
1450 409 1464 446 :
1497 401 1610 446 erat
1657 400 1833 446 autem
1882 392 1965 446 illa
2002 410 2013 443 :

437 466 556 520 Non
579 465 775 533 deﬁciet
804 465 1036 533 princeps
1065 480 1125 517 ea:
1144 463 1308 526 Iuda,
1338 479 1496 532 neque
1523 463 1631 518 dua:
1658 469 1721 516 de
1745 462 2020 532 femoribus

431 538 570 606 ejus,
601 536 759 589 donec
786 536 947 606 veniat
990 537 1054 606 is,
1077 551 1155 587 cut
1195 535 1467 606 repositum
1495 543 1603 599 est,
1635 542 1679 606 et
1709 534 1816 601 ipse
1841 548 2020 602 exspe-

429 604 582 661 ctatio
605 607 828 676 gentium
855 604 1006 677 (Gen.
1032 605 1260 677 49._iO_).
1292 605 1495 670 Quibus
1523 604 2019 677 apprimeconscn—

434 678 571 731 tittnt
594 673 712 745 quae
751 673 1088 745 sequuntur:
1129 673 1369 737 Viderunt
1414 690 1584 733 onmcs
1631 674 1830 745 termini
1876 681 2023 731 terra:

432 744 658 801 salutare
682 745 778 800 Dei
824 744 1002 799 nostri.
1031 745 1110 799 Ad
1146 745 1361 806 Judzens
1392 745 1532 806 enim
1564 755 1613 797 ιιι
1649 744 1745 797 sibi
1780 746 2021 813 proprios

433 818 668 872 advenit.
700 817 794 871 His
819 828 996 870 autem
1022 816 1203 871 oculos
1229 815 1598 869 clatulcntibns
1623 815 2020 887 (Dbturaverunt

433 889 575 943 enizn
599 929 613 950 ,
645 887 813 957 inquit
856 887 1019 958 Isaias
1042 927 1056 950 ,
1098 887 1426 958 oculossuos
1446 926 1460 949 ,
1495 902 1557 939 uc
1579 883 1833 958 riderent)
1866 883 2016 958 [lsai.

433 960 521 1031 53.
557 958 696 1031 l5]),
722 956 909 1031 eorum
942 957 1293 1031 locuti-rutini
1329 966 1482 1031 teme
1504 997 1516 1018 .
1548 956 1788 1031 videlicet
1813 956 2017 1025 gentes,

438 1027 689 1085 viderunt
717 1029 947 1082 salutare
980 1028 1105 1088 Dei,
1135 1027 1273 1095 quod
1304 1027 1451 1096 prius
1483 1042 1584 1081 non
1616 1027 1875 1090 viderant.

505 1099 562 1152 2.
604 1099 718 1154 Hoc
746 1099 938 1168 quippe
978 1106 1060 1151 est
1087 1097 1227 1223 Enod
1260 1113 1398 1150 nunc
1429 1098 1740 1166 prophetam
1768 1097 2019 1166 obstupe-
2060 1108 2065 1111 ‘

505 1170 593 1223 :it.
638 1168 708 1223 de
744 1186 849 1223 ano
890 1169 1051 1222 etiam
1138 1168 1335 1223 hristns
1378 1167 1647 1221 admirans
1671 1166 1883 1221 dicebat
1913 1185 1925 1222 :
1952 1165 2019 1223 In

436 1168 593 1233 ficit,
638 1168 708 1224 de
744 1165 853 1238 quo
890 1169 1051 1222 etiam
1091 1165 1335 1231 Christus
1378 1165 1647 1221 admirans
1671 1166 1883 1221 dicebat
1913 1165 2019 1225 {In

429 1241 680 1312 judicium
705 1256 796 1310 ego
821 1240 931 1312 ueni
949 1239 1010 1312 in
1040 1239 1284 1312 mundum
1313 1238 1476 1312 hunc,
1505 1239 1694 1312 utqui
1719 1254 1828 1312 non
1854 1238 2021 1312 vident

437 1306 658 1381 rideant,
688 1306 846 1381 et'qui
875 1308 1040 1367 vident
1070 1309 1188 1381 eieci
1209 1308 1535 1381 ﬁaut_(.loau.
1561 1306 1618 1363 9.
1643 1309 1757 1377 59).
1788 1309 1841 1362 4.
1866 1306 2016 1362 Jubi-

437 1382 538 1434 late
559 1380 685 1444 Deo,
712 1378 872 1433 cumis
899 1389 1050 1433 terra.
1083 1378 1211 1434 iure
1231 1378 1468 1449 quidem,
1491 1380 1740 1448 quoniam
1771 1393 2016 1432 commu—

437 1453 529 1523 nia
554 1461 675 1505 sunt
699 1450 886 1504 bona:
921 1465 1021 1523 non
1051 1450 1191 1523 enim
1231 1450 1384 1523 unius
1413 1449 1881 1523 _regionis,_qnalis_
1904 1457 2020 1523 erat

434 1521 638 1586 Jtttlsca,
668 1535 772 1575 non
798 1521 972 1590 gentis
997 1521 1174 1583 unius,
1208 1520 1302 1574 sed
1332 1516 1740 1590 totins'generis‘
1756 1528 1838 1573 est
1868 1519 2018 1579 insti-
2066 1516 2079 1527 ’

438 1602 608 1646 tutum
627 1589 968 1663 mysterium,
993 1591 1059 1644 de
1086 1606 1190 1663 quo
1219 1589 1586 1663 nos_jubilare,
1620 1590 1769 1663 quasi
1799 1590 1849 1642 in
1874 1605 2020 1663 eom-

437 1663 580 1716 muni
626 1660 765 1716 bello
795 1663 1021 1715 victores
1045 1701 1059 1724 ,
1087 1661 1259 1728 jubet.
1293 1661 1512 1714 Terram
1556 1662 1697 1716 enim
1747 1660 2016 1716 hominem

402 1780 409 1787 .
434 1733 726 1803 generatim
749 1741 1019 1802 sumptum
1040 1731 1271 1803 vocavit,
1298 1741 1347 1785 nl
1378 1731 1429 1785 in
1453 1731 1797 1803 sequentibus
1823 1731 2018 1803 clarius

435 1801 646 1883 dicitur.
671 1803 912 1883 paululo,
951 1812 997 1855 et
1023 1802 1266 1883 resultaret
1286 1843 1300 1866 ,
1330 1810 1379 1883 et
1408 1804 1625 1883 psallite.
1658 1801 1924 1883 Non-ergo
1948 1801 2016 1883 de

435 1873 598 1929 aridae
638 1874 946 1936 elemento,
991 1873 1082 1927 sed
1112 1872 1179 1932 de
1224 1872 1526 1926 hominibus
1563 1873 1742 1927 dicere
1771 1873 2015 1926 instituit.

436 1944 772 2011 QUaprOpter
799 1957 897 1997 ceu
940 1941 1004 1996 ad
1048 1942 1436 2002 multitudinem
1483 1957 1783 2002 sermonem
1816 1942 2011 2003 habet:

434 2014 689 2083 jubetque
715 2014 888 2084 primo
917 2027 1109 2066 canere
1129 2055 1144 2077 ,
1187 2012 1379 2084 deinde
1406 2014 1674 2067 exsultare
1694 2053 1708 2077 ,
1744 2022 2016 2084 postremo

437 2085 665 2151 psallere
695 2083 796 2136 :ut
836 2083 999 2137 divini
1043 2083 1215 2151 gaudii
1266 2083 1469 2139 initium
1516 2092 1674 2150 atque
1720 2085 1876 2136 linem
1926 2083 2017 2138 Dei

435 2154 873 2232 glorilicationctn
898 2153 1203 2232 habeamus:
1314 2152 1528 2232 ljsallite
1549 2152 1844 2232 _D_om_ino_iu_
1859 2154 2019 2206 citha-

435 2223 497 2276 ra
516 2266 530 2286 ,
560 2226 615 2277 in
643 2224 837 2281 cithara
864 2236 909 2277 et
939 2238 1055 2277 voce
1083 2223 1300 2291 psalmi;
1328 2223 1379 2277 6.
1411 2225 1461 2275 in
1491 2225 1621 2277 tubis
1648 2224 1945 2289 ductilibus,
1973 2233 2019 2276 et

436 2310 554 2349 uoce
581 2294 709 2366 tuba:
736 2309 949 2348 cometa.
979 2292 1204 2348 .Iubilate
1232 2294 1284 2366 in
1313 2305 1579 2366 conspectu
1610 2294 1762 2366 Regis
1795 2294 2015 2366 Domini.

444 2365 663 2424 Etiamsi
693 2376 898 2434 tempus
928 2366 1083 2418 fuerit
1109 2380 1213 2433 quo
1243 2364 1322 2417 bis
1354 2364 1716 2418 instrumentis
1755 2365 1818 2429 ad
1855 2366 2016 2418 Deum

438 2435 841 2505 glorilieandutn
871 2439 1187 2499 utebantur,
1222 2434 1286 2487 ad
1336 2450 1432 2486 ms
1472 2435 1729 2495 citharam
1766 2436 2017 2493 virtutum

438 2506 777 2562 concordiam
810 2506 1180 2575 intelligamus.
1213 2522 1333 2573 qua:
1358 2505 1502 2559 nullo
1530 2506 1688 2560 modo
1722 2514 1895 2575 potest
1921 2506 2017 2559 ob-

441 2578 619 2637 tineri,
652 2577 750 2631 nisi
779 2591 994 2632 carnem
1018 2576 1419 2640 mortiﬁcemns,
1449 2584 1506 2629 ut
1534 2576 1598 2630 iis
1623 2577 1772 2645 quasi
1801 2575 2017 2630 chordis

438 2649 689 2700 virtutum
733 2658 1046 2702 eonceutnm
1093 2646 1465 2714 perlieiamns.
1506 2655 1560 2701 et
1599 2647 1786 2713 psalmi
1833 2661 2019 2701 vocem

444 2720 551 2773 Deo
591 2718 882 2787 placentem
917 2717 966 2770 in
998 2717 1184 2770 cmltnu
1229 2718 1553 2772 omittamus.
1598 2717 1858 2784 Quoniam
1890 2732 2022 2772 vero

445 2799 560 2860 post
591 2790 853 2860 citharam
881 2787 1059 2842 tubam
1086 2790 1550 2860 commemoravit,
1593 2790 1846 2860 citharam
1873 2795 2022 2844 certe

442 2858 595 2917 uocat
621 2859 787 2915 Vetus
814 2858 1241 2923 Testamentum,
1275 2858 1324 2910 in
1353 2872 1456 2926 quo
1498 2858 1824 2926 psallendum
1864 2867 2017 2913 erat:

441 2947 505 2986 ex
539 2930 737 2989 cithara
765 2930 905 2983 enim
936 2928 1280 2997 psahuudiam
1309 2929 1612 2982 concinnari
1637 2929 1841 2998 jussnm
1870 2937 2019 2984 erat:

442 3001 595 3054 tubas
625 3011 799 3056 autem
826 2999 1105 3068 Evangelia
1124 3041 1140 3067 ,
1182 2999 1231 3051 in
1260 2999 1449 3068 quibus
1472 2999 1700 3067 jubilare
1727 3001 1919 3055 merito
1937 3001 2024 3067 ju-

442 3073 630 3129 betnur
669 3071 720 3123 in
764 3082 1051 3138 conSpccttt
1082 3070 1241 3139 Regis
1287 3070 1525 3131 Domini,
1557 3069 1761 3125 scilicet
1801 3070 2018 3135 Christi,

446 3152 628 3210 utpote
678 3141 769 3209 qni
822 3157 921 3212 per,
965 3141 1328 3212 evangelicum
1381 3141 1692 3212 institutum
1722 3141 2022 3212 Spirttnales

444 3214 728 3267 vaccrimus
775 3210 1039 3273 inimicos.
1094 3210 1317 3279 Ideoque
1366 3210 1518 3264 tubas
1562 3210 1817 3275 plurimas
1863 3211 2020 3265 simul

442 3283 880 3337 ennnucmoravit
918 3290 971 3334 et
1004 3296 1187 3340 unam,
1223 3280 1348 3349 quia
1372 3279 1716 3351 livangeliutn
1738 3319 1752 3343 ,
1777 3281 1898 3334 licet
1933 3296 2021 3335 se-

445 3355 677 3407 cundum
710 3354 957 3405 virtutem
987 3367 1144 3403 unum
1177 3353 1238 3404 sit
1264 3391 1279 3413 ,
1310 3352 1360 3402 in
1387 3358 1614 3419 quatuor
1642 3361 1816 3404 tamen
1848 3351 2021 3405 Evan—

443 3424 577 3492 gelia
638 3438 730 3491 per
784 3422 1133 3491 evangelistas
1182 3421 1479 3492 scriptores,
1514 3420 1852 3492 distributum
1918 3432 2021 3477 est.

443 3490 822 3547 Animadverte
864 3490 1039 3545 autem
1091 3490 1381 3559 prophetici
1432 3491 1558 3545 dicti
1608 3492 2018 3547 accurationem.

443 3563 576 3619 Nam
606 3565 779 3625 tubas,
806 3578 923 3632 qua:
956 3563 1228 3630 pluraliter
1253 3572 1561 3632 memorante
1586 3561 1651 3616 de
1676 3564 2024 3630 evangelista—

444 3651 566 3693 rmn
615 3631 855 3702 personis
901 3633 1269 3700 accipiuntur,
1319 3631 1545 3686 ductiles
1587 3643 1773 3698 vocat,
1826 3632 1877 3686 id
1919 3644 2020 3699 εει,

445 3720 663 3769 :encas;
715 3719 877 3758 aeneae
929 3718 1159 3770 namque
1205 3703 1352 3756 facta:
1403 3712 1526 3756 sunt
1574 3703 2020 3772 evangelistarnm

446 3776 671 3846 linguae,
703 3788 796 3845 per
822 3773 1018 3846 donum
1049 3772 1274 3846 Spiritus
1303 3774 1492 3827 sancti.
1527 3773 1672 3846 'l‘uba
1698 3782 1874 3846 autem
1901 3789 2023 3829 cor-

445 3844 546 3909 nea
593 3856 675 3901 est
715 3844 1074 3913 evangelicum
1120 3844 1338 3915 verbum
1392 3844 1809 3915 mysteriumque
1857 3845 1908 3897 in
1959 3859 2025 3900 eo

444 3926 777 3977 contentum.
823 3917 942 3986 quia
984 3922 1158 3991 caput
1187 3914 1344 3991 habet
1385 3914 1807 3991 Cliristnm,_qui
1855 3931 2023 3970 cornu

444 3996 811 4059 congruenter
843 3985 1063 4041 Vocatur
1092 4003 1106 4040 :
1142 3985 1199 4059 in
1217 3986 1349 4059 ipso
1375 3985 1809 4059 enitn_initnieos
1837 4002 2025 4054 possu-

446 4055 575 4118 mus
591 4074 756 4114 cormt
801 4058 1058 4126 impetere
1092 4073 1105 4109 :
1141 4056 1261 4110 lmic
1308 4057 1484 4125 itaque
1514 4055 1799 4124 Evangelio
1837 4071 2023 4111 vocem

449 4129 755 4185 necessario
782 4125 1057 4193 attribuit,
1080 4125 1147 4189 In
1177 4142 1323 4191 voce,
1353 4127 1624 4196 inquiens,
1654 4125 1785 4181 tuba:
1808 4143 2020 4181 cornere.

447 4201 710 4268 Quoniam
769 4198 1009 4265 plurimis
1065 4197 1340 4255 historiam
1394 4197 1819 4267 expoaentibus,
1870 4199 2024 4252 unius

450 4283 625 4342 tamen
642 4270 914 4342 Evangelii
932 4281 1033 4325 vox
1065 4283 1160 4342 per
1187 4282 1374 4342 omnes
1413 4268 1654 4342 auditur,
1685 4269 1771 4336 qui
1798 4283 2023 4324 concor-

447 4341 667 4395 dissime
708 4337 1016 4410 mySternnn
1059 4338 1383 4393 describunt.
1417 4338 1468 4390 7.
1513 4337 1775 4410 Moventur
1812 4355 1950 4392 mare
1979 4348 2026 4393 et

450 4412 704 4481 plenitudo
730 4408 836 4481 ejus
860 4424 878 4461 :
901 4409 1036 4461 orbis
1060 4417 1306 4481 terrarum
1335 4417 1381 4465 et
1411 4424 1583 4481 omnes
1606 4408 1943 4481 qui‘habitant
1971 4412 2025 4464 in

449 4478 534 4535 eo.
561 4479 756 4536 Moreri
785 4494 930 4533 mare
950 4489 1004 4535 et
1030 4479 1412 4549 plenitudinem
1436 4479 1574 4548 ejus,
1597 4478 1801 4534 scilicet
1821 4483 2022 4534 marina

449 4551 694 4625 animalia
722 4559 779 4603 ut
801 4551 1025 4625 choreas
1049 4559 1228 4619 agant,
1256 4549 1363 4625 jam
1386 4563 1550 4625 supra
1575 4549 1824 4625 diximus.
1853 4550 2022 4625 Quin-

448 4622 609 4675 etiam
637 4630 783 4683 metu
806 4619 1165 4689 prodigiorum
1205 4635 1233 4672 a
1277 4620 1499 4673 Domino
1540 4621 1590 4673 in
1622 4621 1753 4674 mari
1789 4619 2024 4688 patrato-

448 4707 601 4750 rum.
647 4691 825 4761 ipsum
865 4691 1217 4761 cointnoreri
1231 4689 1352 4761 jure
1391 4690 1611 4761 dixeris.
1660 4690 1842 4759 Neque
1881 4693 2024 4746 enim

449 4762 729 4816 Dominum
752 4760 1103 4823 solummodo,
1130 4760 1221 4814 sed
1244 4759 1402 4814 etiam
1430 4759 1641 4816 Petrum
1665 4762 2022 4817 ambulantem

449 4834 658 4902 excepit
699 4833 715 4903 (
743 4831 925 4885 Matth.
954 4831 1039 4884 H.
1186 4847 1293 4903 sqq.
1322 4834 1339 4900 )
1367 4847 1379 4881 :
1413 4845 1483 4903 ae
1510 4830 1634 4903 Jesu
1668 4832 2021 4900 praecipiente,

450 4900 647 4969 piscem
674 4900 761 4973 qui
789 4911 1041 4973 staterem
1065 4901 1290 4955 habebat
1316 4900 1530 4973 protulit
1553 4900 1766 4973 (Matth.
1793 4904 1877 4957 17.
1904 4903 2021 4973 26).

436 4975 679 5044 .ldipstnn
692 4971 915 5043 quoque
938 4972 1007 5026 de
1031 4973 1160 5027 orbe
1186 4983 1447 5044 terrarum
1469 4971 1640 5040 deque
1667 4971 2025 5029 habitantibus

450 5051 500 5099 in
528 5042 593 5099 eo
617 5042 839 5099 dixeris.
855 5046 1024 5113 Ipsum
1045 5046 1184 5097 enim
1209 5042 1492 5110 ln-rcellere
1515 5052 1568 5094 et
1586 5057 1923 5098 commovere
1941 5061 2028 5113 po-

450 5128 619 5172 terant
646 5116 897 5175 miracnla
923 5115 1181 5170 alluristo
1205 5124 1257 5167 et
1285 5132 1310 5165 ιι
1332 5114 1605 5182 prophetis
1637 5122 1858 5181 patrata.
1893 5116 2021 5183 Ipsis

445 5189 643 5257 quippe
684 5186 960 5241 orantibus
1002 5187 1165 5239 multa
1205 5186 1714 5257 cpnpnoyebanlur,
1753 5193 1809 5237 ut
1847 5198 2025 5240 narrat

448 5252 618 5315 Lucas
660 5258 813 5327 (Act.
840 5258 894 5312 4.
920 5257 1007 5312 81.
1031 5266 1077 5309 et
1116 5256 1200 5311 16.
1224 5254 1355 5321 26).
1404 5254 1457 5309 8.
1500 5252 1741 5327 Flumina
1784 5256 2024 5324 plaudeut

446 5346 601 5383 manu
645 5329 816 5383 simul.
862 5327 1106 5387 Flumina
1151 5327 1348 5389 dixeris
1394 5326 1734 5396 Operationes
1774 5328 2021 5395 Spiritus,

444 5418 566 5470 qua:
597 5401 847 5469 plaudere
876 5414 1033 5451 manu
1053 5440 1067 5461 ,
1097 5406 1278 5470 utpote
1306 5398 1355 5450 in
1385 5411 1545 5470 unum
1573 5397 1842 5470 collectte,
1888 5408 2023 5470 tem-

446 5467 574 5538 pore
595 5467 853 5529 adventus
875 5470 1066 5526 Christi
1090 5468 1438 5532 dicebantur;
1467 5467 1535 5521 de
1559 5467 1749 5535 quibus
1773 5467 1983 5522 diccbat
2008 5487 2019 5522 :

447 5542 723 5607 Quicredil
752 5543 805 5595 iu
829 5555 924 5605 me,
957 5541 1084 5593 sicut
1107 5541 1235 5595 dixit
1264 5538 1553 5608 Scriptura,
1579 5539 1791 5606 ﬂumina
1815 5538 1878 5591 de
1904 5556 2021 5592 cen-

442 5622 517 5666 tre
542 5615 651 5678 eius
675 5614 834 5680 ﬂuent
871 5627 1015 5680 aqute
1044 5611 1167 5664 vitae
1194 5609 1387 5681 (Joan.
1417 5608 1468 5662 7.
1503 5608 1571 5662 58
1681 5610 1833 5672 Dicas
1859 5611 2020 5665 etiam

442 5683 651 5731 sensilia
701 5682 916 5731 ﬂumina
965 5682 1222 5731 nlausisse
1266 5696 1421 5731 manu
1463 5689 1517 5731 et
1557 5693 1782 5731 etoreas
1825 5681 2014 5731 ruisse.

442 5683 651 5737 Sensilia
701 5682 916 5737 ﬁumina
965 5682 1222 5747 plausisse
1266 5696 1421 5732 manu
1463 5689 1517 5734 et
1557 5681 1782 5736 choreas
1825 5681 2014 5749 egisse,

439 5751 653 5823 quando
711 5751 978 5806 Christum
1031 5753 1290 5821 baptisma
1349 5750 1727 5822 suscipientem
1773 5751 2022 5807 Jordanis

1921 274 2165 334 SPURM
2179 321 2187 331 .

2113 5608 2316 5661 ‘dicium
2357 5609 2541 5679 diligit.

3619 283 3727 339 τεο

2131 391 2357 461 excepit.
2386 391 2681 449 Commune
2706 394 2968 466 siquidem
2991 395 3092 452 hoc
3119 406 3237 451 erat
3260 398 3515 466 gaudium
3546 398 3728 453 ﬂumi—

2130 478 2256 539 num
2295 472 2350 518 et
2390 478 2678 539 aquarum.
2716 464 3003 539 9_._Montes
3045 464 3364 523 exsultaliunt
3393 487 3426 522 a
3454 471 3590 539 facie
3614 469 3727 523 Do.

2127 535 2538 608 mini,_qu_oniam
2569 536 2718 608 uenit.
2749 536 2954 590 Montes
2982 539 3159 591 vorari
3189 535 3476 608 prophetas
3500 540 3574 593 ob
3597 556 3730 594 enn-

2131 605 2497 677 templati_oni_s_
2513 607 2888 677 sublimitatem
2908 648 2921 664 .
2949 608 3060 675 jam
3088 605 3242 677 supra
3269 605 3524 664 diximus.
3568 611 3634 664 lli
3660 611 3732 665 de

2129 675 2409 749 przcsentia
2440 674 2637 749 Christi
2666 677 2856 749 merito
2896 674 3238 732 exsultabant
3260 721 3273 744 ,
3305 682 3432 748 quia
3482 683 3729 749 ipsorum

2129 744 2404 813 prophetia
2449 746 2500 798 in
2530 760 2665 814 opus
2691 747 2852 800 exivit
2881 766 2894 800 :
2928 764 3049 802 nam
3073 749 3116 801 si
3138 744 3411 805 sensibilia
3440 744 3734 805 intellexe-

2127 817 2222 891 ris,
2242 815 2558 891 _jure_etiam
2587 817 2687 891 hoe
2715 817 2874 891 modo
2900 819 3260 891 exsultabunt,
3282 822 3550 891 quoniam
3577 823 3728 876 sole-

2127 885 2484 956 batJndaieus
2515 887 2739 956 populus
2770 888 2925 941 idolis
2963 888 3239 945 immolare
3276 885 3331 945 in
3361 893 3631 954 excelsis,
3670 902 3731 946 ut

2128 955 2177 1027 i_n
2226 956 2373 1027 libro
2405 955 2605 1027 Regum
2652 967 2940 1012 narratur:
2973 958 3167 1014 deinde
3208 976 3337 1015 vero
3382 961 3437 1015 in
3482 963 3728 1017 adventu

2124 1024 2335 1102 gliristi
2353 1025 2461 1102 hoc
2488 1024 2757 1102 fcessavit.
2789 1027 3201 1102 Quoniamvenit
3233 1032 3478 1102 judicare
3506 1044 3724 1086 terram.

2122 1094 2383 1172 Iudicabit
2421 1098 2593 1172 orbem
2618 1108 2765 1152 terra:
2800 1100 2853 1152 in
2885 1100 3088 1172 justitia
3111 1142 3125 1163 ,
3157 1110 3204 1155 et
3230 1094 3450 1171 papulas
3478 1104 3535 1157 in
3563 1105 3730 1172 tequi-

2126 1177 2244 1220 tate.
2277 1168 2555 1234 Quomodo
2582 1169 2750 1243 ipsum
2767 1170 2960 1243 _venire
2985 1170 3132 1231 dicit.
3166 1168 3424 1243 nisiquia
3456 1168 3725 1243 pmplieta

2125 1251 2246 1290 cum
2273 1249 2450 1304 esset,
2492 1239 2634 1315 quod
2676 1253 2725 1315 nt
2746 1239 2992 1315 ‘l‘nt‘nrnm
3026 1239 3548 1315 praenuntia'bat,'id
3563 1239 3728 1315 quasi

2126 1322 2360 1379 pra-setis
2403 1309 2701 1365 cernebat?
2743 1310 2847 1364 Sed
2894 1312 3064 1379 primo
3091 1311 3158 1366 de
3200 1312 3434 1368 adventu
3467 1314 3524 1368 in
3558 1309 3731 1370 carne

2127 1377 2377 1449 loquitur,
2410 1380 2500 1448 qui
2543 1381 2688 1449 prior
2719 1379 2853 1443 fuit;
2894 1377 3131 1436 secundo
3169 1390 3345 1437 autem
3385 1384 3455 1439 de
3482 1386 3731 1440 secundo

2124 1447 2241 1520 ejus
2265 1447 2609 1520 adrentn,'in
2649 1466 2755 1518 quo
2794 1450 3244 1520 judexrventurns
3279 1463 3382 1509 est.
3422 1455 3624 1509 Verum
3675 1456 3731 1517 in

2125 1519 2298 1594 primo
2322 1519 2437 1588 ejus
2460 1521 2693 1594 adventu
2725 1519 2858 1575 bona
2887 1538 2949 1577 ex
2979 1537 3052 1594 eo,
3069 1533 3214 1594 parta
3240 1525 3461 1594 suscipit
3485 1541 3501 1589 ;
3532 1541 3734 1581 secun-

2121 1590 2246 1665 dum
2274 1600 2449 1665 autem
2479 1591 2762 1665 adventum
2797 1600 2950 1665 metu
2963 1592 3145 1659 jndicii
3171 1593 3283 1663 jam
3317 1590 3509 1650 adesse
3546 1607 3729 1665 putat.

2127 1658 2271 1733 Utile
2303 1661 2588 1733 admodum
2620 1670 2704 1718 est
2747 1658 3006 1717 terribilia
3050 1658 3369 1731 pne-oculis
3405 1658 3637 1733 habere,
3675 1678 3734 1722 et

2163 1730 2273 1783 nasi
2303 1729 2631 1805 imminentia
2660 1735 2948 1805 respicere,
2979 1729 3187 1805 tit—hine
3214 1746 3426 1804 peccata
3454 1729 3732 1805 praescia-

2159 1816 2331 1855 amns.
2364 1801 2494 1871 Quae
2523 1811 2606 1857 est
2633 1812 2807 1857 autem
2834 1804 3019 1871 jndicii
3047 1801 3346 1860 meonomia
3367 1805 3392 1859 2
3415 1801 3641 1862 Justitia
3674 1818 3733 1863 et

2123 1873 2366 1945 ajquitas.
2410 1870 2591 1943 Itaque
2628 1870 2946 1945 injustitiam
2989 1874 3254 1945 fugiamus
3279 1917 3294 1941 ,
3322 1885 3374 1930 ct
3403 1892 3431 1929 a
3460 1878 3733 1933 tortuosis

2122 1940 2455 1996 declinemus
2483 1940 2587 1997 {ne
2606 1944 2743 1998 dolis
2765 1944 3010 2009 ﬁdamus,
3034 1940 3311 2001 avaritiam
3334 1961 3400 2001 nc
3419 1958 3729 2003 sectemur.

2124 2011 2249 2089 "me
2274 2013 2471 2089 quippe
2500 2024 2623 2089 sunt
2650 2014 2740 2068 Dei
2764 2014 2965 2089 judicio
2988 2016 3255 2089 contraria
3279 2058 3295 2081 ,
3320 2025 3377 2070 et
3402 2032 3501 2072 eos
3520 2020 3616 2089 qui
3645 2020 3730 2075 his

2122 2081 2320 2137 addicti
2345 2081 2470 2139 sunt
2499 2083 2551 2138 in
2581 2084 2980 2141 damnationem
3009 2086 3299 2142 deducunt.

2268 2197 2318 2251 1.
2360 2195 2546 2250 Davidi
2561 2212 2583 2262 ;
2611 2196 2726 2268 sine
2752 2198 3094 2268 inscriptione
3123 2198 3262 2267 apud
3293 2199 3576 2260 Hebraeos.

2692 2267 2931 2324 Psalmus
2971 2285 3153 2325 xcvnt.

2197 2359 2247 2434 l_.
2289 2358 2393 2413 Alii
2433 2359 2645 2434 quidem
2684 2375 2872 2434 omnes
2904 2363 3019 2434 sine
3057 2363 3407 2434 inscriptione
3445 2365 3734 2424 Psalmnm

2125 2428 2405 2484 ediderunt
2431 2428 2795 2507 :_scd_D_avidi_
2820 2433 3206 2507 inscripserunt
3226 2428 3604 2507 Septuaginta
3650 2441 3734 2493 in-

2125 2507 2410 2577 terpretes,
2435 2501 2699 2577 quasi_de_
2717 2501 2996 2577 spirituali'
3012 2501 3385 2577 Daviderris
3395 2501 3576 2575 μή)το
3586 2511 3733 2577 plne.

2123 2571 2250 2646 t_iar_n
2271 2572 2562 2627 contineat.
2588 2573 2640 2646 1.
2658 2571 2910 2646 Dominus
2935 2576 3177 2646 regnavit,
3205 2571 3496 2630 irascantur
3519 2571 3729 2646 populi.

2122 2639 2427 2716 intimorum
2460 2645 2693 2716 pepnlos
2734 2644 2861 2698 dicit
2896 2660 2911 2697 :
2950 2639 3047 2698 bos
3074 2647 3219 2699 enim
3249 2662 3476 2716 regnum
3513 2639 3727 2705 Christi

2126 2711 2178 2765 in
2209 2711 2341 2765 iram
2369 2721 2423 2767 et
2451 2711 2683 2768 furorem
2715 2716 3019 2779 concitavit,
3052 2717 3120 2769 ita
3151 2727 3208 2769 ut
3239 2711 3414 2772 Pilato
3438 2719 3725 2775 dicerent:

2126 2781 2253 2836 Noli
2282 2783 2611 2859 dicere__quod
2640 2800 2732 2859 rex
2755 2785 2819 2837 sit
2853 2785 3150 2840 Judteorum
3178 2785 3355 2859 (latin.
3388 2789 3477 2843 19.
3498 2788 3636 2859 2ης
3665 2806 3732 2847 ac

2123 2868 2335 2926 rursum
2369 2870 2396 2926 :_
2427 2852 2550 2926 Non
2571 2854 2830 2926 ihabemus
2847 2872 3058 2926 _regem,
3108 2852 3208 2911 nisi
3247 2856 3502 2913 Cursarem
3533 2862 3552 2925 (
3577 2852 3723 2915 'Ibid.

2124 2940 2173 2996 ιι.
2203 2925 2326 2994 15).
2362 2924 2464 2991 Qui
2490 2925 2626 2979 sedet
2652 2942 2804 2996 super
2830 2924 3116 2989 Cherubim,
3141 2940 3400 2982 moveatur
3422 2924 3579 2996 terra.
3624 2931 3728 2986 Ju-

2126 2993 2296 3048 darani
2338 3010 2521 3069 rursus
2559 2993 2877 3069 subindicat.
2921 2996 3055 3052 Cum
3082 2999 3223 3052 enim
3266 2998 3410 3069 Magi
3428 3013 3497 3050 ea:
3513 2995 3731 3056 Oriente

2126 3076 2365 3135 uenerunt
2392 3065 2632 3131 dicentes,
2661 3065 2761 3120 Ubi
2783 3075 2858 3121 est
2882 3068 2966 3135 qui
2992 3077 3139 3121 natus
3162 3079 3233 3122 est
3258 3085 3349 3123 rex
3360 3065 3681 3125 Uudworum
3702 3074 3731 3125 .’

2134 3133 2363 3188 Vidimus
2388 3136 2521 3189 enim
2550 3138 2748 3190 stellam
2777 3133 2901 3204 ejus
2922 3138 2976 3190 in
3009 3137 3244 3205 Oriente,
3272 3150 3317 3192 et
3362 3142 3593 3193 venimus
3625 3143 3725 3195 ad-

2127 3221 2275 3259 orare
2297 3222 2410 3259 eum
2429 3222 2447 3258 :
2468 3206 2678 3261 audiens
2703 3205 2929 3260 Herodes
2949 3209 3173 3261 turbatus
3197 3220 3292 3271 est,
3316 3218 3362 3263 et
3385 3212 3552 3265 omnis
3567 3211 3728 3266 θετο-

2127 3276 2465 3349 solymacum
2505 3276 2596 3330 illo
2629 3278 2845 3349 (Manli.
2871 3276 2925 3328 2.
2952 3276 3112 3349 1ο5).
3154 3279 3293 3345 Quid
3321 3291 3507 3335 autem
3533 3281 3727 3338 fecerit

2127 3344 2334 3418 illequi
2373 3347 2524 3402 sedet
2571 3344 2732 3418 super
2771 3344 3093 3413 Cherubim',
3134 3344 3412 3418 sequentia
3460 3352 3723 3407 indicant.

2124 3417 2181 3471 2.
2214 3416 2456 3490 Dominus
2494 3420 2548 3490 in
2592 3417 2721 3473 Sion
2766 3434 2980 3490 magnus
3018 3428 3064 3472 et
3101 3416 3324 3474 excelsus
3364 3438 3521 3490 super
3548 3439 3728 3478 omnes

2127 3488 2360 3560 populos.
2409 3489 2464 3543 In
2496 3488 2623 3544 Sion
2651 3490 2791 3543 enim
2819 3489 2998 3556 januis
3024 3489 3220 3544 clausis
3249 3488 3524 3560 ingressus
3548 3535 3564 3558 ,
3607 3510 3727 3547 ma-

2126 3559 2458 3626 gnitudinem
2484 3574 2636 3614 suam
2661 3560 2932 3622 ostendit;
2964 3571 3125 3628 atque
3151 3576 3244 3627 per
3269 3559 3371 3617 hec
3397 3562 3723 3619 miraculum

2125 3630 2271 3701 clare
2311 3628 2718 3701 demonstravit,
2764 3645 2823 3683 se
2866 3645 2986 3685 esse
3033 3632 3183 3701 illum
3223 3646 3388 3701 super
3426 3634 3723 3689 Cbernbim

2127 3699 2422 3770 sedentem.
2449 3699 2516 3754 Et
2543 3700 2662 3755 ideo
2681 3715 3030 3770 qnmcumque
3051 3700 3174 3755 facit
3194 3699 3571 3759 ille—creatura:
3594 3721 3729 3760 con-

2128 3769 2301 3835 ditor,
2332 3779 2517 3824 natura
2550 3769 2727 3825 nostra
2773 3769 3140 3841 priestantiora
3170 3783 3315 3828 sunt.
3357 3772 3512 3829 Tunc
3540 3788 3727 3830 os:en-

2130 3856 2221 3914 sus
2250 3849 2332 3895 est
2357 3841 2603 3914 excelsus
2633 3857 2793 3914 super
2816 3856 3005 3914 omnes
3033 3843 3280 3914 populos,
3305 3858 3433 3898 cum
3458 3849 3723 3914 apostolis

2127 3911 2326 3965 donum
2341 3911 2579 3984 Spiritus
2610 3912 2776 3984 sancti
2816 3911 3030 3984 tribuit,
3061 3915 3151 3982 qui
3179 3913 3294 3981 ejus
3319 3911 3722 3984 celsitudinem,

2129 3996 2233 4053 non
2264 3983 2351 4036 uni
2396 3984 2618 4051 populo,
2660 3983 2753 4038 sed
2784 3983 3035 4037 omnibus
3078 3984 3272 4053 ubique
3312 3983 3716 4041 annuntiaan

2129 4051 2181 4106 3.
2209 4053 2558 4124 Conﬁteantut
2596 4054 2788 4107 nomini
2811 4064 2897 4107 tuo
2927 4070 3130 4124 magno,
3158 4051 3399 4124 quoniam
3425 4058 3652 4112 terribile
3672 4067 3721 4113 et

2128 4134 2359 4194 sanctum
2377 4132 2471 4177 est.
2495 4122 2664 4178 Omne
2687 4124 2781 4178 Dei
2809 4122 3272 4194 nonten'magn'um
3297 4136 3384 4180 est
3405 4144 3424 4181 :-
3451 4138 3576 4182 nam
3602 4143 3723 4184 mo-

2128 4192 2197 4248 do
2221 4194 2286 4267 ad
2313 4194 2671 4267 ejusgloriam
2696 4192 3426 4267 consentaneointelligenda
3452 4208 3581 4253 sunt
3604 4200 3720 4267 ejus

2128 4264 2363 4340 nomina.
2393 4263 2664 4340 Siquidem
2695 4265 2747 4340 s_i_
2768 4266 3021 4340 Dominus
3047 4263 3277 4340 dicatur,
3305 4282 3411 4322 non
3442 4271 3585 4337 pari,
3615 4263 3718 4340 qua

2129 4337 2267 4404 apud
2295 4351 2411 4401 nos,
2455 4335 2660 4392 ratione
2696 4335 2930 4400 dicitur;
2972 4337 3018 4391 si
3046 4336 3182 4402 Rex,
3210 4335 3511 4394 diverse'in
3538 4355 3609 4395 eo
3633 4335 3719 4396 iu-

2129 4407 2384 4477 telligitur
2423 4409 2569 4478 regni
2600 4408 2852 4478 dignitas.
2893 4411 3158 4463 Caeterum
3203 4424 3455 4479 magnum
3502 4421 3588 4465 est
3626 4411 3720 4466 Dei

2132 4493 2349 4550 nomen,
2372 4493 2479 4548 quo
2500 4479 2732 4547 seipsnm
2759 4480 3069 4550 nominavit,
3093 4479 3306 4548 quando
3328 4480 3515 4550 Moyse
3535 4481 3720 4537 dicen-

2132 4557 2183 4601 te
2212 4565 2224 4601 :
2253 4547 2715 4619 Ecce’egoipeuiam
2735 4550 2803 4602 ad
2827 4548 2962 4617 filios
2981 4547 3170 4615 Israel,
3199 4559 3246 4605 et
3272 4547 3444 4605 dicunt
3474 4552 3546 4606 eis
3569 4568 3587 4605 :
3612 4551 3722 4606 Do-

2129 4619 2297 4671 minus
2324 4618 2464 4674 Deus
2487 4618 2815 4674 Hebraeorum
2840 4621 2972 4674 misit
3006 4636 3086 4674 me
3108 4621 3177 4674 ad
3202 4637 3288 4677 vos
3309 4639 3328 4676 :
3355 4624 3477 4677 etsi
3496 4624 3719 4680 interro-

2128 4690 2741 4765 gent‘melQuoduomen
2766 4702 2838 4765 est
2861 4689 2956 4765 ipsi
2977 4706 2996 4745 :
3014 4692 3136 4765 quid
3162 4693 3328 4765 dicam
3352 4694 3425 4747 eis
3449 4696 3476 4747 ?
3508 4713 3720 4765 respon-

2129 4759 2202 4835 dit
2220 4759 2279 4835 ei
2288 4775 2306 4813 :
2331 4759 2475 4835 Dices
2497 4761 2616 4835 [iliis
2637 4759 2827 4835 Israel,
2846 4759 2947 4835 Qui
2970 4772 3044 4815 est
3064 4764 3199 4816 misit
3220 4777 3299 4817 me
3316 4765 3386 4817 ad
3406 4781 3497 4820 vos
3519 4759 3718 4835 (Ισίξτοό.

2131 4830 2299 4885 5.15.
2341 4830 2469 4900 11).
2516 4831 2648 4885 lluic
2687 4833 2905 4887 terribili
2944 4841 2999 4887 et
3034 4844 3219 4888 sancto
3259 4846 3316 4889 ut
3357 4830 3719 4892 conﬁteantur

2131 4900 2385 4969 propheta
2409 4900 2676 4971 praecepit.
2709 4902 2838 4957 Nam
2860 4903 2949 4972 qui
2972 4913 3346 4973 temporaneus
3370 4915 3481 4971 est,
3506 4911 3718 4964 etiamsi

2133 4980 2320 5049 potens
2343 4974 2444 5033 sit,
2476 4987 2579 5025 non
2610 4983 2785 5027 tamen
2810 4973 3095 5049 admodum
3124 4976 3402 5049 terribilis,
3432 4979 3560 5046 quia
3585 4996 3719 5049 quo-

2129 5043 2251 5096 dam
2273 5042 2499 5096 deenrso
2526 5052 2762 5112 tempore
2791 5044 2906 5110 ejus
2934 5044 3434 5119 dDMillaliOAt‘es‘Sﬂt
3454 5042 3476 5100 Ξ
3506 5042 3719 5119 qui-au-

2131 5122 2236 5184 tem
2262 5128 2475 5182 semper
2501 5126 2583 5167 est
2612 5124 2668 5169 et
2694 5123 2948 5177 attentus,
2977 5115 3097 5184 jure
3122 5116 3377 5171 terribilis
3405 5129 3492 5173 cst
3514 5115 3539 5184 ς’
3573 5122 3718 5175 nulla

2128 5183 2337 5266 quippe‘
2350 5198 2473 5266 spes
2501 5193 2584 5237 est
2609 5186 2779 5266 ipsum
2805 5195 2897 5239 aut
2922 5186 3349 5266 mutanti-ument
3375 5183 3717 5245 cessaturum

2129 5269 2269 5308 esse.
2296 5253 2429 5320 Quia
2459 5268 2590 5309 vero
2616 5264 2860 5310 sanctum
2886 5266 2939 5309 et
2965 5256 3201 5311 terribile
3237 5256 3341 5312 hoc
3371 5275 3569 5314 nomen
3597 5277 3717 5317 esse

2128 5325 2274 5388 dicit,
2309 5324 2546 5380 terribile
2566 5340 2687 5380 esse
2712 5327 2974 5395 intelligas
3003 5327 3253 5387 inimicis.
3278 5330 3490 5385 scilicet
3509 5331 3714 5385 διεωθ-

2129 5395 2286 5449 nibus
2309 5437 2324 5461 ,
2346 5396 2457 5469 qui
2482 5397 2567 5469 vel
2597 5397 2985 5469 invocationem
3033 5399 3147 5469 ejus
3194 5397 3435 5469 fugiunt;
3469 5415 3714 5456 sanctum

2128 5466 2599 5540 atttemlidelibns,
2624 5469 2712 5540 qui
2741 5468 2978 5540 non_alio
3004 5467 3182 5530 modo,
3201 5466 3367 5540 quam
3396 5488 3494 5540 per
3519 5488 3712 5525 nomen

2127 5536 2324 5614 C__ltristi
2355 5538 2842 5614 sanctiﬁcationem
2861 5536 3076 5614 habent.
3275 5536 3440 5595 honor
3469 5546 3603 5614 regis
3616 5545 3711 5614 ju-

2583 5608 2735 5677 Qnod
2759 5610 2900 5663 enim
2928 5617 3010 5664 est
3032 5609 3216 5678 judicii
3247 5627 3387 5680 opus
3405 5614 3430 5665 ?
3473 5608 3715 5669 Insonti-3

2128 5679 2426 5750 absolvere,
2455 5680 2647 5735 noxios
2665 5680 2941 5735 declarare
2965 5697 2979 5731 :
3009 5679 3338 5749 quapmptﬂ'
3360 5684 3620 5750 judicium
3640 5686 3711 5737 die
3739 5680 3747 5687 ’

2131 5749 2245 5819 ligit
2266 5750 2429 5821 Regis
2451 5752 2642 5815 honor,
2687 5751 2740 5807 id
2776 5760 2878 5815 est,
2907 5751 3191 5823 imperium
3217 5763 3275 5806 et
3304 5749 3573 5819 petentia.
3595 5750 3711 5804 Ideo
