4074 6356
391 419 456 474 ιτ
1735 407 1762 450 ξ’
1880 409 2267 468 ΡΒΕΡΑΤΙΟ.
3471 431 3474 434 ’
3589 420 3656 476 18

390 531 686 594 tiochcna
709 530 775 590 in
803 547 927 590 usu
952 530 1092 590 erat
1127 548 1146 588 :
1188 526 1334 591 inde
1361 530 1577 588 autem
1607 525 2345 607 versuumsingulorum
2374 524 2713 607 lectionem
2741 527 2976 589 attulit.
3015 529 3169 591 Erat
3195 547 3389 607 porro
3436 549 3656 593 exem-

388 612 532 692 plar
561 609 717 671 illud
749 609 1171 692 Septuaginta
1192 608 1622 692 Interpreturn
1649 603 1881 663 Editio.
1915 603 2153 692 Verum
2183 605 2698 692 i_llius_Editionis
2722 609 3120 692 exemplaria
3146 603 3406 692 interse
3438 612 3657 692 varia-

392 683 568 763 bant,
599 683 876 766 et,quo_d
907 683 1409 766 admirabuntur,
1442 686 1483 745 ii
1515 685 1624 766 qui
1672 701 1805 766 non
1857 688 2008 743 sunt
2052 683 2152 766 his
2201 683 2267 766 i_n
2297 685 2490 745 rebus
2523 686 2880 757 exercitati,
2918 683 3260 765 postquam
3315 689 3654 753 lectionem

388 787 574 831 suam
604 763 816 830 attulit
844 765 1730 848 Chrysostomus,dlectionem
1771 763 2187 848 Septuaginta
2217 764 2651 848 luterpgetum
2679 781 2718 826 a
2757 781 2878 827 sua
2916 763 3234 848 diversam
3259 769 3653 848 quandoque

389 849 606 910 refert.
636 848 738 908 Sic
766 848 832 906 in
863 842 1100 906 Psalm.
1129 846 1193 916 7,
1227 863 1285 904 v.
1317 845 1414 914 11,
1444 842 1830 920 exemplaris
1869 842 1967 902 sui
2005 843 2342 903 lectionem
2378 842 2565 904 aﬂ'ert
2611 843 2731 904 hoc
2760 850 2948 922 pacto
2977 864 2992 903 :
3027 842 3330 906 Scrutaris
3373 842 3566 909 corda
3598 857 3653 909 ct

387 946 564 986 renes
591 928 756 986 Deus
768 926 1003 1006 justus.
1035 924 1438 1006 Adjutoriuni
1465 941 1660 982 meum
1683 941 1725 1006 _a
1754 921 1905 1006 ()eq,
1935 922 2075 1006 qui.
2089 921 2292 982 salvos
2320 923 2478 1006 facit
2504 931 2719 1006 rectos
2748 921 2951 1006 corde.
2994 925 3234 986 Deinde
3277 945 3426 988 vero
3455 970 3473 999 ,
3509 933 3654 1006 post

390 1000 802 1084 interpositas
828 1000 1256 1082 lnterpretum
1284 1002 1612 1084 lectiones,
1645 1001 1736 1061 sic
1766 1000 1958 1060 habet
1989 1001 2441 1084 :_Septu_q_ginta
2465 1009 2667 1084 autem
2697 1004 2788 1062 ita
2815 1003 3158 1084 dixerunt:
3182 1006 3488 1066 Scrutans
3511 1000 3656 1067 cor-

388 1085 468 1146 da
495 1096 551 1144 et
565 1079 753 1145 'renes
796 1085 978 1144 Deus.
1005 1079 1265 1145 Iustum
1289 1081 1675 1161 adjutorium
1706 1097 1902 1161 meum
1929 1099 1966 1138 a
1995 1081 2148 1161 Dec.
2205 1079 2322 1140 Hic
2367 1080 2785 1159 Septuaginta
2824 1083 3248 1160 lnterpretum
3289 1086 3649 1150 lectionem.

389 1166 601 1243 qualis
636 1166 702 1224 in
747 1164 1052 1244 Hexaplis
1100 1157 1453 1244 legebatur,
1497 1160 1748 1244 videtur
1779 1157 2007 1244 allerre
2036 1157 2543 1244 Chrysostomus
2573 1181 2588 1218 :
2614 1157 2768 1238 ipse
2809 1179 2959 1222 vero
2983 1157 3198 1244 _aliam
3241 1163 3653 1244 Septuaginta

388 1239 816 1321 lhterpretum
864 1239 1204 1303 lectionem
1251 1239 1564 1321 sequitur.
1619 1239 1768 1321 llam
1812 1243 2026 1298 autem
2077 1239 2353 1321 varietas
2402 1239 2749 1321 lectionum
2793 1257 2924 1321 non
2979 1241 3066 1302 ita
3112 1239 3649 1319 frequenter'obv-

387 1317 684 1385 servatur
712 1323 777 1382 in
819 1321 1194 1400 exemplari,
1227 1317 1359 1397 quo
1391 1319 1590 1379 utitur
1617 1317 2134 1396 Chrysostomus,
2167 1326 2238 1376 ut
2274 1318 2337 1377 in
2382 1318 2524 1379 aliis
2561 1319 2855 1396 plurimis
2893 1317 3343 1382 ecclesiasticis
3375 1324 3614 1402 scripto
3648 1358 3655 1368 ι

389 1404 592 1463 ribus.

471 1484 606 1542 Non
630 1483 694 1541 in
715 1481 880 1541 libro
904 1479 1304 1540 Psalmorum
1331 1481 1602 1558 tantum,
1633 1475 1740 1558 sed
1774 1477 1964 1558 etiam
2007 1477 2070 1535 in
2107 1476 2250 1558 aliis
2286 1477 2629 1558 scripturae
2653 1493 2851 1539 sacra:
2881 1479 3062 1539 libris
3111 1479 3475 1558 hujusmodi
3523 1499 3651 1543 va-

389 1562 647 1622 rietates
676 1562 743 1620 in
773 1559 1125 1636 exemplari
1156 1556 1594 1638 Chrysostomi
1624 1557 2158 1638 observabantur.
2193 1555 2294 1638 Sic
2339 1556 2523 1638 Isaias
2553 1555 2718 1638 51,1
2754 1578 2770 1616 :
2812 1559 3116 1638 Respicite
3142 1555 3224 1618 ad
3247 1559 3510 1620 solidam
3540 1579 3653 1638 pe-

389 1651 546 1700 tram
576 1659 656 1700 ea:
681 1659 804 1718 qua
833 1635 1029 1699 excisi
1080 1639 1243 1705 estis,
1275 1635 1332 1718 et
1359 1636 1693 1718 adfossam
1719 1635 1914 1718 lacus.
1948 1653 2026 1718 eg:
2045 1653 2167 1718 qua
2194 1635 2404 1715 effossi
2439 1637 2603 1718 estis.
2635 1636 2753 1697 llla
2778 1642 3007 1718 autem
3026 1637 3218 1718 lectio
3252 1657 3334 1698 ex
3363 1640 3410 1699 Τ
3417 1635 3651 1700 heodo-

389 1721 562 1780 tione
590 1714 925 1797 desumpta
955 1718 1021 1776 in
1049 1717 1398 1793 exemplari
1430 1714 1866 1797 Chrysostomi
1898 1714 2254 1797 habebatur
2287 1720 2349 1774 et
2375 1715 2580 1797 magis
2607 1715 2849 1797 accedit
2878 1716 2956 1777 ad
2986 1717 3368 1778 Hebraicam
3402 1719 3651 1780 verita—

389 1804 536 1858 tem.
568 1800 641 1860 lu
667 1793 915 1876 vulgari
947 1801 1160 1876 autem
1189 1794 1602 1876 Septuaginta
1629 1794 2036 1876 interpretum
2085 1793 2388 1876 _E_ditione_
2435 1794 2537 1876 _hic
2578 1795 2898 1876 reperitur
2942 1814 3196 1869 sensus,
3241 1814 3424 1876 quam
3469 1799 3653 1858 exci—

387 1878 695 1943 distis.....
719 1871 893 1957 quem
912 1875 1183 1957 [odistis
1216 1871 1343 1957 seq
1364 1873 1599 1951 passivi
1628 1871 2054 1957 significatum
2081 1872 2185 1957 hic
2209 1873 2481 1957 requirit
2508 1878 2721 1957 leuius
2748 1875 3126 1957 Hebraicus.

469 1958 545 2018 ll.
583 1950 762 2035 Saepe
787 1950 980 2016 etiam
1014 1955 1289 2035 aliorum
1319 1950 1773 2035 Interpretum,
1799 1951 2069 2035 Aquilae,
2101 1950 3060 2035 Symmachi_et_'i‘heodotionis,
3091 1955 3396 2016 lectiones
3427 1955 3646 2025 all'ert;

387 2055 504 2097 nec
523 2030 898 2097 raro'etiam
928 2034 1226 2095 Hebraici
1254 2031 1638 2109 exemplaris
1670 2030 2018 2110 lectionem?
2054 2030 2259 2106 ipsam
2295 2030 2530 2092 Graecis
2564 2032 2764 2092 literis
2793 2050 3195 2110 expressam,
3224 2036 3435 2110 qualis
3470 2035 3651 2095 vide—

387 2116 534 2176 licet
564 2116 925 2176 habebatur
953 2115 1020 2173 in
1045 2113 1353 2191 Hexaplis
1381 2109 1814 2191 Origenianis.
1846 2109 2058 2191 Variis
2088 2117 2304 2171 autem
2329 2110 2455 2172 illis
2486 2109 2893 2182 lectionibus,
2925 2129 3089 2189 quas
3121 2109 3328 2184 atlert,
3362 2131 3552 2191 parce
3589 2120 3652 2174 et

387 2212 535 2256 raro
553 2196 760 2256 utitur
787 2194 890 2254 ille
912 2193 978 2252 in
999 2187 1570 2270 Explanatiouiﬁbtis
1587 2189 1746 2270 suis,
1772 2206 1888 2270 nec
1909 2188 2205 2270 explorat
2231 2206 2529 2270 quaenam
2560 2191 2771 2250 verior
2795 2197 2855 2251 et
2879 2187 3193 2252 sincerior
3222 2192 3326 2265 sit,
3351 2187 3649 2270 quamam

385 2273 462 2333 ad
493 2275 728 2335 seriem
757 2271 1314 2350 accommodatior,
1345 2269 1453 2350 sed
1483 2285 1626 2350 eam
1653 2267 2000 2350 lectionum
2030 2267 2464 2350 diversitatem
2491 2269 2712 2329 lectori
2745 2270 3276 2332 considerandam
3311 2267 3644 2350 relinquit.

386 2353 545 2426 Quid
577 2369 791 2414 causa;
820 2369 976 2411 vero
1004 2351 1108 2420 sit,
1138 2348 1309 2427 quod
1342 2349 1482 2409 illas
1515 2348 1609 2408 sic
1636 2345 1884 2428 ali‘erat,
1919 2347 2087 2428 haud
2117 2347 2370 2428 difﬁcile
2397 2352 2496 2408 est
2530 2350 2872 2428 augurari;
2905 2367 3052 2410 cum
3080 2350 3250 2409 enim
3288 2351 3423 2428 ipse
3453 2345 3648 2412 semel

385 2425 762 2493 testificatus
793 2431 874 2491 sit
899 2449 966 2491 se
997 2429 1060 2489 in
1092 2425 1364 2508 gratiam
1394 2426 1845 2508 quorumdam.
1876 2425 1986 2502 qui
2032 2427 2089 2508 id
2123 2427 2592 2508 desiderabant,
2624 2425 2963 2488 lectionem
2996 2425 3382 2508 Hebraicam
3414 2431 3648 2491 Graacis

383 2511 586 2572 literis
617 2511 923 2588 scriptam
951 2505 1267 2588 attulisse,
1299 2505 1448 2588 hinc
1476 2505 1943 2588 suspicandum
1963 2506 2627 2588 relinquituripsumu,
2668 2514 2741 2568 ut
2779 2507 3209 2584 quorumdam
3255 2509 3416 2570 votis
3457 2515 3652 2586 atque

385 2591 608 2651 studiis
644 2583 881 2652 faceret
909 2589 1086 2660 satis,
1118 2587 1330 2648 varias
1361 2586 1512 2645 item
1547 2583 2106 2662 interpretationes
2137 2586 2204 2645 in
2231 2583 2508 2645 medium
2535 2583 2996 2648 afferre.’Licet
3033 2593 3247 2648 autem
3276 2588 3388 2649 illa
3435 2606 3474 2649 a
3530 2583 3650 2648 Se-

387 2672 723 2750 ptuaginta
751 2669 1178 2745 luterpretum
1208 2667 1514 2750 versione
1524 2661 1882 2750 admodum
1900 2661 2219 2750 dill'erant,
2259 2665 2345 2750 ab
2385 2665 2784 2750 exquirendo
2803 2684 3000 2727 sensu
3017 2667 3305 2750 abstinet
3333 2667 3650 2750 utpluri—

384 2743 1106 2828 inum'Chrysostomus,
1139 2746 1293 2828 quia
1322 2763 1466 2828 cum
1500 2745 1605 2804 ille
1627 2743 1704 2828 ad
1746 2760 1958 2817 mores
1986 2743 2894 2828 informandosconcioiietur,
2927 2750 2988 2806 et
3017 2745 3118 2828 hic
3149 2745 3284 2828 fere
3312 2743 3541 2828 unicus
3579 2748 3651 2806 il-

381 2828 506 2888 lius
537 2829 623 2888 sit
651 2823 909 2905 scopus,
942 2843 1075 2886 non
1101 2826 1372 2884 multum
1397 2825 1584 2905 juvat
1611 2823 1690 2884 ad
1720 2839 1863 2882 eam
1891 2839 2025 2882 rem
2045 2823 2273 2905 _isthzec
2299 2823 2511 2905 qualis
2542 2824 2753 2901 qualis
2786 2825 2868 2905 sit
2909 2825 3212 2905 varietas.
3251 2825 3369 2905 Sed
3413 2826 3646 2886 mirum

383 2907 666 2983 profecto
693 2901 812 2973 est,
843 2905 1013 2984 quod
1043 2901 1411 2984 numquam
1433 2904 1857 2984 interpretum
1883 2902 2148 2984 nomina
2163 2901 2534 2984 _adscribat_;
2567 2921 2647 2963 ne
2676 2903 2873 2984 semel
2896 2903 3084 2984 enim
3113 2904 3372 2982 quidem
3401 2924 3518 2982 per
3556 2911 3651 2964 to-

379 2980 518 3046 tum
549 2980 915 3066 longissimi
936 2986 1148 3066 operis
1181 2980 1574 3066 curriculum
1602 2982 1700 3066 vel
1729 2980 2052 3066 Aquilam,
2085 2981 2184 3066 vel
2210 2981 2807 3066 Symmaclium,_vel
2836 2980 3643 3066 Theo‘dotionemcommc-

380 3071 631 3137 morat;
663 3061 771 3126 sed
797 3061 1020 3125 scribit
1046 3080 1336 3140 semper:
1371 3061 1533 3122 alius
1567 3062 1678 3128 sic,
1708 3061 1872 3120 alius
1898 3076 2044 3140 vero
2068 3061 2164 3140 sic
2196 3080 2216 3119 :
2239 3065 2302 3140 et
2322 3065 2534 3120 tamen
2562 3062 2628 3140 in
2657 3061 2966 3138 Hexaplis
2988 3061 3422 3140 Origenianis,
3454 3063 3651 3140 inque

380 3145 600 3206 Bibliis
636 3145 1077 3222 Hexaplorum
1106 3138 1408 3203 lectiones
1436 3141 1514 3202 ad
1543 3141 1897 3222 marginem
1930 3138 2658 3222 exhibentibus_,‘qu_alia
2701 3141 2862 3222 bene
2891 3138 3329 3222 multaerant,
3363 3141 3495 3202 hinc
3527 3138 3651 3222 no—

386 3225 586 3292 mina,
632 3225 733 3286 vel
771 3217 1045 3302 integra,
1078 3222 1178 3282 vel
1219 3221 1660 3302 perprimam»
1696 3217 1947 3302 literam
1985 3235 2239 3302 semper
2287 3217 2794 3302 eshibebautur.
2827 3220 2896 3278 ln
2939 3220 3220 3302 quodam
3269 3225 3484 3302 tamen
3527 3221 3646 3302 Ms.

386 3303 833 3382 Chrysostomi
864 3296 999 3382 quo
1023 3319 1180 3362 usus
1213 3296 1489 3382 Sa_vilius
1519 3304 1622 3382 est
1646 3300 1710 3358 in
1744 3297 2032 3382 margine
2061 3297 2137 3357 ad
2157 3296 2738 3382 _quaadamtantum
2779 3298 2920 3358 loca
2949 3296 3252 3382 scribitur
3281 3300 3355 3359 A.
3389 3318 3533 3359 cum
3564 3301 3651 3359 le-

381 3375 635 3444 ctio'est
664 3375 934 3458 Aquilae,
970 3381 1058 3442 C’.
1093 3399 1238 3441 cum
1267 3379 1652 3458 Symmachi,
1681 3386 1743 3435 Θ.
1779 3395 1924 3458 cum
1959 3375 2438 3458 Theodotioni‘s.
2471 3376 2765 3437 Nescitur
2793 3382 3008 3439 autem
3039 3396 3123 3439 an
3149 3377 3649 3458 Cbrysostomus

381 3462 542 3539 ipse,
573 3479 659 3523 an
689 3454 924 3539 aliquis
953 3460 1258 3521 librarius
1294 3454 1391 3519 vel
1428 3458 1524 3518 vir
1552 3458 1846 3519 literatus
1876 3456 2012 3518 haec
2043 3454 2438 3533 apposuerit.

383 3591 411 3660 §
451 3587 556 3646 Π.
595 3621 671 3629 -
699 3586 750 3646 l.
799 3583 1269 3664 Chrysostomus
1289 3583 1372 3664 _i-n
1401 3589 1600 3664 totum
1627 3580 2004 3664 Psalterium
2033 3578 2524 3664 Commcutarios
2561 3598 2680 3664 seu
2707 3580 3020 3644 Homilies
3059 3584 3324 3645 emisisse
3358 3591 3646 3663 putatur.

1162 3663 1242 3722 ll.
1278 3662 1480 3722 Locus
1509 3659 1727 3720 Photii
1757 3659 2056 3726 ineditus,
2088 3676 2207 3738 quo
2241 3658 2510 3738 idipsum
2531 3659 2863 3738 probatur.

462 3787 510 3846 l.
543 3785 993 3864 Expositiones
1021 3782 1459 3864 Chrysostomi
1487 3781 1553 3840 in
1591 3781 1876 3864 Rsalmos
1909 3785 2000 3864 tot
2041 3779 2330 3864 partibus
2377 3781 2639 3864 mutilas
2695 3781 3040 3864 habemus,
3088 3789 3160 3845 ut
3202 3786 3348 3847 hinc
3376 3787 3650 3864 quaestio

381 3859 743 3926 oriatur-an
774 3865 916 3926 illas
953 3865 1043 3924 sic
1072 3859 1376 3931 eniiserit,
1411 3860 1476 3920 in
1507 3860 1740 3940 multos
1771 3859 2069 3940 videlicet
2092 3859 2404 3940 Psalmos,
2455 3860 2647 3940 longe
2703 3862 2994 3938 pluribus
3044 3859 3513 3940 prwtermissis,
3562 3883 3649 3928 an

383 3964 537 4006 vero
568 3950 928 4022 temporum
964 3941 1202 4022 injuria
1230 3941 1273 4022 ii
1296 3939 1557 4022 Psalmi,
1584 3940 1696 4022 qui
1727 3938 2389 4022 nuncdesiderantur
2426 3938 2596 4000 cum'
2624 3938 3157 4022 Expositionibus
3211 3945 3370 4015 suis,
3427 3938 3651 4006 amissi

384 4026 642 4085 fuerint.
677 4017 772 4083 Ab
806 4023 947 4101 ipso
973 4017 1144 4082 enim
1169 4020 1350 4080 initio
1374 4025 1501 4079 tres
1527 4018 1762 4101 Psaluii
1790 4017 2236 4101 desiderantur
2265 4023 2326 4078 et
2353 4034 2400 4101 a_
2419 4023 2654 4095 quarto
2687 4017 3020 4101 incipitur;
3051 4023 3311 4082 tertium
3340 4040 3646 4101 namque,

380 4122 573 4182 quem
603 4107 750 4181 post
775 4096 1180 4182 Frontonem,
1198 4101 1502 4182 Ducaeum
1536 4116 1681 4158 cum
1707 4097 2125 4182 Expositione
2157 4113 2278 4182 sua
2305 4096 2588 4182 prigrem
2609 4096 2932 4182 ponimus.
2959 4119 3087 4160 non
3117 4101 3196 4162 ad
3218 4102 3397 4182 hanc,
3414 4096 3651 4165 seriem

381 4176 707 4262 pertinere
737 4185 978 4262 certum
1005 4185 1136 4262 est;
1167 4181 1296 4237 imo
1317 4178 1505 4262 etiam
1529 4194 1613 4260 au
1647 4195 1795 4262 vere
1824 4176 2278 4262 Chrysostomi
2294 4176 2378 4262 sit
2403 4176 2738 4262 Ex_pos_itio
2756 4178 3115 4262 dubitatur,
3144 4185 3340 4262 atque
3364 4181 3476 4262 illa
3505 4181 3651 4261 ipsa
3710 4205 3717 4215 ·

382 4255 718 4340 Expositio
746 4277 786 4340 a
818 4258 1202 4340 quibusdam
1232 4263 1302 4318 ut
1329 4257 1548 4340 spuria
1579 4255 1885 4340 rejicitur.
1920 4255 1972 4340 ιδ
2001 4255 2215 4340 quarti
2262 4255 2459 4340 igitur
2484 4257 2718 4340 Psalmi
2755 4257 3175 4340 Expositione
3210 4255 3556 4340 incipitur,
3589 4269 3654 4323 et

382 4335 590 4419 usque
618 4340 699 4402 ad
723 4335 1169 4400 duodecimum
1202 4337 1518 4419 pergitur;
1552 4337 1904 4419 si_c_novem
1933 4335 2331 4396 Psalmorum
2361 4335 3169 4419 Expositionesliabemus.
3191 4341 3242 4399 Α
3269 4335 3650 4402 duodecimo
3714 4400 3720 4411 ,

385 4420 462 4481 ad
487 4414 1056 4498 quadragesimum
1088 4417 1343 4477 tertium
1359 4415 1835 4498 Expositiones
1854 4431 2075 4498 omnes
2115 4415 2674 4498 numerotriginla
2705 4414 3179 4498 desiderantur,
3206 4425 3267 4478 et
3304 4436 3343 4480 a
3371 4419 3651 4497 quadra-
3719 4434 3734 4448 ’·

384 4492 625 4577 εθςῖωο
655 4492 842 4559 tertio
873 4494 1702 4577 resumuutur;_l_lomiliam
1734 4494 1905 4553 enim
1935 4493 2004 4553 in
2033 4492 2601 4577 quadragesimum
2629 4493 2906 4577 primum
2946 4513 3074 4577 non
3109 4497 3187 4556 ad
3216 4492 3648 4560 banc-seriem
3731 4521 3743 4570 ;

386 4572 705 4657 pertinere
740 4581 984 4638 certum
1014 4580 1130 4646 est,
1166 4574 1305 4657 etsi_
1325 4573 1434 4635 illa
1469 4575 1726 4657 egregia
1755 4590 2038 4657 vereque
2066 4572 2505 4657 Chrysostomi
2552 4572 2656 4631 sit.
2705 4574 2752 4632 Α
2798 4574 3294 4653 quadragesimo
3323 4578 3520 4657 tertio
3567 4579 3645 4638 ad
3759 4611 3769 4626 ι

383 4650 952 4737 quadragesimum
987 4672 1229 4737 nonum
1259 4650 1711 4737 Expositioues
1750 4650 2210 4737 Chrysostomi
2245 4652 2563 4737 habentur
2611 4650 2881 4737 numero
2920 4650 3196 4731 septem;
3230 4656 3461 4717 exinde
3494 4677 3648 4718 vero

386 4730 680 4814 sequitur
707 4736 995 4796 omnium
1021 4730 1610 4814 maximus’hiatus,
1650 4730 1988 4808 nempe'ad
2014 4747 2225 4814 usque
2267 4730 2590 4791 Psalmum
2626 4730 3042 4814 centesimum
3090 4740 3412 4814 octavum,
3458 4738 3650 4797 Psal—

385 4811 636 4876 morum
664 4815 956 4877 videlicet
975 4813 1450 4891 quinquaginta
1475 4817 1537 4871 et
1566 4816 1733 4872 octo.
1769 4811 2196 4870 A-centesimo
2225 4815 2451 4891 octavo
2482 4815 2696 4891 autem
2741 4811 2819 4871 ad
2863 4830 3070 4890 usque
3117 4813 3309 4873 linem
3357 4816 3645 4876 omnium

385 4897 786 4956 Psalmorum
809 4889 1260 4973 Expositiones
1284 4889 1602 4973 habemus
1629 4907 1762 4973 uno
1792 4895 2061 4973 escepto
2089 4889 2434 4973 ce_ntcsin_io_
2463 4889 2728 4973 decimo
2751 4889 3003 4964 octavo,
3033 4893 3321 4952 omnium
3350 4895 3652 4973 longissi—

386 4993 511 5034 mo.
543 4976 616 5035 ln
644 4967 1421 5050 summm-quinquaginta
1449 4974 1511 5030 et
1546 4975 1688 5030 octo
1719 4969 2118 5030 Psalmorum
2145 4967 2596 5045 Expositiones
2628 4970 2978 5044 habentur;
3001 4973 3354 5051 nonaginta
3376 4967 3649 5034 duorum

385 5054 851 5115 desiderantur.

464 5134 566 5194 Sic
599 5134 796 5211 igitur
825 5133 890 5191 in
941 5135 1155 5211 partes
1185 5129 1501 5211 distractae
1527 5127 1979 5211 Exposition_e_s
2014 5128 2081 5187 in
2123 5127 2408 5211 Psalmos
2442 5125 2523 5211 ad
2572 5145 2692 5211 uos
2734 5145 2941 5211 usque
2981 5129 3417 5211 devenerunt;
3449 5134 3532 5194 ita
3581 5141 3652 5194 ut

386 5205 655 5274 lacinia?
673 5205 1206 5291 singulae-multos
1230 5210 1513 5270 Psalmos
1555 5207 1854 5268 habeant.
1887 5208 2181 5291 Hinqque
2197 5205 2332 5291 jam
2358 5205 2722 5291 conjicitur,
2753 5205 3004 5291 etiamsi
3037 5211 3288 5270 nullum
3319 5213 3492 5272 aliud
3525 5213 3650 5271 ad—

384 5297 554 5353 esset
577 5291 658 5352 ad
688 5285 824 5352 rem
851 5289 1246 5368 probandam
1273 5291 2002 5368 argumentumi,_totum
2036 5285 2415 5368 Psalterium
2445 5285 2643 5368 fuisse
2669 5303 2708 5346 a
2741 5287 3196 5368 Chrysostomo
3225 5291 3656 5368 Explauatio—

387 5373 577 5432 nibus
613 5365 1002 5431 illustratum
1036 5389 1051 5426 :
1087 5385 1235 5428 nam
1283 5369 1336 5428 si
1358 5365 1609 5428 delectu
1635 5366 1856 5426 habito
1885 5367 2002 5426 hos
2033 5365 2409 5442 explanare,
2440 5365 2599 5425 alios
2629 5365 3110 5443 prieterinittere
3143 5365 3451 5431 voluisset
3475 5414 3491 5444 ,
3525 5371 3669 5432 illas.

385 5451 584 5512 series
645 5450 1043 5511 Psalmorum
1091 5453 1559 5524 consequenter
1588 5445 1956 5523 positorum
1997 5461 2126 5503 non
2175 5445 2588 5521 haberentur,
2621 5445 2728 5505 sed
2769 5447 2966 5506 alium
3010 5449 3200 5522 hinc,
3250 5449 3450 5509 alium
3505 5451 3650 5513 inde

385 5529 767 5608 sumpsisset
795 5527 1295 5606 explanandum.

469 5602 560 5669 Ad
591 5609 728 5670 haec
755 5602 901 5686 ipse
923 5608 1416 5685 Chrysostomus
1449 5623 1518 5686 se
1545 5605 1706 5664 alios
1756 5604 2041 5686 Psalmos
2101 5602 2178 5686 ad
2229 5603 2397 5686 hanc
2439 5603 2671 5686 seriem
2694 5604 3104 5686 pertinentes
3142 5607 3523 5686 exposuisse
3557 5611 3651 5670 si—

387 5689 668 5763 gniﬁcat,
695 5682 841 5749 cuin
860 5687 936 5746 de
967 5682 1216 5746 Psalmo
1247 5685 1590 5745 centesimo
1629 5684 2124 5762 quadragesimo
2143 5683 2462 5763 loquitur,
2491 5684 2612 5743 col.
2647 5682 2797 5763 1&8;
2831 5691 3170 5761 postquam
3203 5682 3372 5745 enim
3401 5687 3652 5751 dixerat

390 5762 561 5829 hunc
589 5767 911 5829 Psalmum
943 5783 1206 5842 vespere
1235 5765 1352 5825 dici
1388 5772 1448 5822 et
1485 5765 1915 5841 vespertinum
1943 5762 2190 5833 vocari,
2225 5780 2305 5820 ex
2333 5763 2665 5842 occasione
2700 5762 2778 5842 de
2809 5764 3057 5824 Psalmo
3087 5767 3276 5825 etiam
3312 5769 3649 5836 matutino,

386 5849 498 5922 qui
531 5852 628 5909 est
657 5840 1096 5924 sexagesimus
1127 5845 1476 5919 secundus,
1505 5840 1791 5921 qmedam
1825 5842 2027 5924 affert,
2062 5845 2119 5902 ct
2155 5842 2282 5906 huic.
2307 5840 2560 5919 adjicit:
2598 5841 2717 5902 Sed
2745 5861 2817 5902 ηρ
2844 5862 2907 5904 eo
2944 5843 3243 5923 (l‘salnm)
3275 5847 3496 5924 quiest
3522 5867 3693 5927 pra--
