4074 6356
380 417 449 474 t9
1920 403 2310 460 summa).
3586 406 3655 460 go

375 526 665 592 mnibus
713 527 957 593 relicto,
989 525 1186 586 alium
1235 530 1420 602 extra
1456 521 1734 584 ordinem
1761 521 2649 602 introducamusttransmisso
2684 521 2973 602 auditore
3020 521 3102 602 ad
3145 543 3218 584 ea
3256 541 3390 602 qua!
3419 522 3492 584 ἀι
3539 522 3652 585 illo

377 609 551 693 dicta
576 614 743 693 sunt,
769 604 850 668 ad
872 624 942 668 ea
965 623 1099 693 qua:
1126 611 1274 664 sunt
1293 600 1474 693 nobis
1491 602 1832 693 proposita
1857 601 2236 693 accedamus.
2268 601 2385 664 Hic
2416 617 2546 693 n_on
2581 602 2770 693 modo
2800 600 3653 693 indicatChrysos‘tomus‘se

373 689 452 750 de
481 688 732 750 Psalmo
754 680 1157 764 sexagesimo
1183 681 1465 764 secundo
1481 680 1617 760 jam
1639 681 1903 764 dixisse,
1926 681 2035 764 sed
2052 681 2430 764 dixissesuo
2455 680 2599 744 loco
2626 687 2687 740 et
2712 681 2779 740 in
2800 681 2966 742 serie
2996 680 3298 743 aliorum.
3317 682 3654 759 Expositio

373 772 592 835 autem
627 767 738 827 illa
770 759 1006 826 Psalmi
1031 761 1416 842 sexagesimi
1444 759 1710 842 secundi
1739 779 1885 822 cum
1920 761 2065 842 aliis
2097 760 2359 826 interiit.

451 847 532 908 ll.
565 845 828 906 Photius
861 845 1012 906 item
1044 839 1412 921 patriarcha
1439 840 1506 900 in
1536 847 1690 921 nota
1720 857 1873 902 mox
1921 840 2162 901 edenda
2184 884 2199 912 ,
2231 857 2374 917 quae
2389 843 2566 921 ‘nota
2613 854 2969 921 numquam
3003 839 3278 902 antehac
3305 885 3324 921 ,
3353 845 3426 900 ut
3451 843 3608 921 puto
3631 883 3648 912 ,

373 925 650 1010 prodiit,
678 917 1063 1010 testiﬁcatur
1093 940 1164 983 se
1217 921 1509 982 scholion
1543 919 1778 1010 vidisse
1830 924 2228 1010 excerptum_
2251 917 3333 1010 equoanentariohChryspstp-mi
3363 919 3651 1010 _i_n‘l_’sal-

377 997 554 1072 inum
580 1002 1528 1082 quinquagesimumnonum‘:
1563 999 1746 1082 locus
1773 1007 1988 1082 autem
2023 998 2131 1082 ille
2164 997 2690 1082 Photiiuatlfertur
2718 999 2807 1082 in_
2831 997 3060 1082 codice
3094 999 3214 1060 XII
3241 999 3651 1082 Bibliotheca:

371 1077 806 1156 Coislinianai,
838 1077 946 1142 fol.
977 1080 1078 1150 52,
1110 1080 1220 1158 qui
1243 1079 1460 1141 Codex
1479 1077 1708 1148 decimi
1739 1079 1905 1139 tertii
1935 1077 2188 1138 circiter
2216 1077 2432 1143 saeculi
2459 1077 2763 1158 Catenam
2791 1077 2865 1158 in
2883 1079 3169 1139 Psalmos
3201 1079 3648 1156 complectitur

376 1164 494 1224 etsi
523 1180 653 1233 non
689 1163 1028 1240 integram.
1061 1157 1178 1224 Sed
1207 1159 1766 1240 interpretationes
1795 1158 1862 1217 in
1894 1158 2180 1240 Psalmos
2208 1163 2450 1240 septem
2473 1175 2700 1240 nempe
2716 1157 3132 1240 _Ps_almorur_n
3157 1205 3172 1230 ,
3207 1159 3409 1219 solius
3440 1157 3648 1240 '_l‘heo-

369 1242 509 1303 dori
558 1235 952 1310 Heracleotes
987 1258 1128 1300 esse
1159 1235 1486 1299 notantur.
1516 1239 1678 1299 Nota
1705 1238 1921 1314 itaque
1949 1237 2153 1310 Photii
2205 1237 2295 1296 sic
2338 1237 2531 1296 habet
2564 1256 2578 1294 :
2608 1235 2920 1316 Aidecimo
2954 1237 3140 1297 tertio
3165 1255 3356 1316 usque
3381 1237 3462 1298 ad
3485 1255 3648 1316 quae

373 1322 786 1400 dragesimum
834 1319 1166 1400 secundum
1209 1318 1533 1400 Psalmum_
1568 1316 2615 1400 9hrysostomiinterpretationem
2659 1315 2955 1400 hactenus
2979 1315 3511 1400 nonreperimus;
3541 1315 3646 1377 sed

368 1394 565 1481 neque
594 1422 630 1461 a
657 1399 1164 1481 quinquagesimo
1192 1415 1423 1481 _usque_
1451 1396 1533 1481 uti
1554 1396 1838 1481 Psalmos
1866 1395 2195 1481 graduum.
2247 1395 2474 1455 Inveni
2497 1403 2705 1481 tamen
2732 1395 2802 1455 in
2824 1394 3080 1481 scholiis
3110 1397 3178 1456 in
3202 1397 3467 1481 p_r_imam
3527 1415 3644 1481 σαεξ

375 1474 959 1541 "colicum—Joannis
982 1474 1314 1557 epistolam
1330 1475 1618 1557 scholion
1637 1476 1956 1557 ieqregione
2000 1475 2282 1552 positum
2307 1519 2321 1540 ,
2353 1474 2537 1557 quasi
2575 1489 2652 1534 ea:
2680 1475 3198 1550 interpretatione
3220 1475 3642 1557 Chrysottomi

369 1567 439 1623 in
465 1560 779 1622 Psaimum
805 1558 902 1624 59,
935 1553 1232 1618 nimirum
1262 1557 1331 1618 in
1357 1556 1592 1616 dictum
1621 1554 1782 1616 illud
1815 1574 1830 1612 :
1870 1555 1979 1614 Est
2005 1559 2338 1631 peccatum
2365 1553 2446 1613 ad
2481 1561 2748 1614 mortem
2769 1598 2785 1624 ,
2816 1559 2879 1614 et
2910 1561 3008 1615 est
3037 1553 3366 1632 peccatum
3397 1572 3528 1613 non
3561 1555 3640 1614 ad

367 1644 658 1708 mortem.
693 1639 866 1700 Unde
889 1637 1374 1697 animadvertere
1400 1634 1584 1702 licet,
1632 1633 1870 1694 etiamsi
1899 1651 2014 1694 nos
2037 1651 2168 1692 non
2193 1633 2606 1694 invenerimus
2625 1679 2640 1700 ,
2673 1632 2959 1693 divinum
2999 1641 3198 1694 tamen
3225 1636 3406 1696 illum
3436 1635 3642 1695 virum

371 1715 570 1793 ipsum
609 1719 1081 1797 interpretatum
1129 1735 1270 1776 esse.
1290 1715 1377 1797 Et
1404 1720 1626 1791 postea
1679 1712 2016 1797 subjicitur
2031 1712 2362 1797 _:_Ph_otius
2388 1711 2752 1797 patriarclta
2777 1711 3173 1797 haecscribit.

446 1791 1004 1858 Observes—autem
1037 1797 1223 1856 velim
1242 1840 1256 1862 .
1282 1795 1451 1856 hanc
1479 1799 1695 1854 notam
1723 1792 2016 1870 posuisse
2031 1791 2327 1852 Photium
2360 1796 2511 1853 ante
2549 1792 2872 1853 Psalmum
2899 1791 3214 1853 decimum
3247 1792 3504 1853 tertium
3525 1837 3540 1862 ,
3569 1800 3642 1853 ut

368 1877 755 1955 signiﬁcaret
809 1876 877 1951 in
925 1876 1346 1955 sequentibus
1398 1874 1665 1944 Psalmis
1711 1890 1842 1932 non
1893 1871 3316 1955 suppetere_Chry_sostomi__interpretationes
3345 1917 3360 1955 _,
3392 1889 3538 1955 quae
3575 1874 3636 1931 in

369 1950 874 2032 praecedentibus
905 1950 1174 2016 Psalmis
1207 1953 1571 2031 frequentes
1599 1955 2017 2030 apponuntur
2042 1952 2109 2016 in
2137 1950 2362 2032 eadem
2407 1950 2668 2012 Catena.
2705 1951 2901 2032 Unde,
2926 1952 3119 2032 etiam
3173 1952 3359 2030 argui
3392 1951 3642 2032 videtur

365 2030 662 2095 Photium
696 2034 963 2113 hujusce
993 2034 1251 2095 Catenae
1289 2030 1431 2113 esse
1483 2037 1812 2113 auctorem
1835 2075 1851 2101 ,
1883 2032 1996 2108 qui
2043 2030 2424 2113 testiﬁcatur
2451 2047 2519 2113 se
2565 2031 3166 2113 in_pre_ecedeutibus
3194 2031 3636 2113 Chrysostomi

363 2114 509 2192 plus
544 2131 740 2191 quam
767 2109 1044 2186 aliorum
1067 2112 1354 2192 omnium
1382 2111 1946 2192 interpretationes
1967 2110 2281 2192 attulisse,
2301 2127 2436 2192 non
2466 2111 2616 2192 item
2642 2109 2709 2179 in
2739 2110 3007 2192 Psalmis
3039 2109 3644 2192 sequentibusillas

365 2189 539 2270 ipsas
568 2189 812 2271 habere
846 2209 1009 2270 quas
1041 2191 1324 2269 proferat
1345 2235 1360 2257 ,
1389 2191 1545 2268 quia
1577 2208 1807 2267 nempe
1852 2189 1990 2271 ejus
2022 2189 2923 2271 Expositionesqbenemultze
2943 2234 2960 2257 .
2987 2207 3148 2271 quas
3181 2191 3318 2268 ipse
3355 2189 3635 2271 indicat,

363 2267 621 2337 amissae
655 2267 946 2340 fuerant.
985 2267 1202 2332 Patres
1251 2267 1466 2345 autem
1521 2289 1603 2330 ex
1633 2267 1914 2347 quorum
1962 2269 2603 2346 interpretationibus
2656 2267 2963 2330 Catenam
3009 2267 3175 2330 hanc
3210 2267 3640 2330 'concinnavit

362 2351 629 2421 Photius
657 2395 672 2422 ,
705 2351 772 2412 hi
797 2357 951 2413 sunt
988 2370 1002 2409 :
1036 2351 1462 2422 Athanasius,
1489 2349 1764 2410 Basilius
1791 2393 1807 2413 ,
1844 2348 2362 2426 Chrysostomus,
2396 2353 2459 2409 et
2504 2347 2884 2408 Theodorus
2914 2349 3317 2409 Heracleota.
3349 2347 3506 2411 Cum
3531 2348 3640 2406 de-

363 2430 628 2510 ﬁcerent
651 2448 804 2508 ergo
838 2430 1274 2510 Chrysostomi
1302 2430 1370 2488 in
1400 2434 1743 2510 sequentes
1771 2428 2055 2510 Psalmos
2085 2427 2675 2510 interpretationes,
2710 2427 2769 2487 id
2801 2428 3038 2489 indicat
3063 2428 3350 2510 Photius,
3379 2445 3461 2487 ne
3489 2427 3636 2504 quis

363 2509 637 2590 iniretur
683 2506 998 2590 Joannem
1039 2509 1564 2590 Chrysostomum
1593 2553 1609 2577 ,
1636 2508 1747 2584 qui
1803 2507 1992 2590 modo
2041 2506 2278 2590 passim
2322 2506 2776 2583 adhibebatur,
2836 2524 2966 2568 non
3016 2507 3188 2570 ultra
3234 2523 3632 2584 comparere.

372 2588 547 2652 Unde
573 2594 744 2654 certe
765 2589 1062 2668 arguitur
1088 2605 1129 2651 a
1161 2586 1388 2649 Photio
1413 2587 1720 2668 Catenam
1744 2586 2121 2668 adornatam
2154 2586 2376 2668 fuisse.

440 2669 662 2746 Neque
713 2664 912 2728 unam
957 2669 1127 2730 hanc
1155 2673 1406 2730 tantum
1431 2666 1635 2727 Photii
1689 2671 1909 2746 notam
1959 2666 2026 2726 in
2056 2665 2426 2746 hujusmodi
2466 2664 2709 2746 Catena
2739 2665 3278 2744 deprehendimus
3312 2685 3327 2724 :
3365 2665 3639 2739 alteram

361 2747 534 2819 enim
555 2744 848 2825 Ejusdem
880 2747 1214 2816 habemus,
1254 2747 1319 2818 in
1349 2745 1476 2806 ﬁne
1502 2746 1738 2807 Psalmi
1767 2745 1932 2825 8.7in
1963 2747 2160 2806 verba
2185 2744 2624 2824 thrysostomi
2650 2746 2936 2825 paulum
2969 2749 3214 2806 mutata
3239 2789 3255 2817 ,
3289 2762 3435 2822 qua:
3482 2750 3633 2806 nota

365 2827 460 2906 sic
497 2824 690 2906 habet
721 2847 735 2885 :
768 2825 1233 2906 Interrogatio.
1261 2826 1492 2902 Quare,
1523 2825 1752 2906 inquit,
1785 2824 2066 2887 Christus
2087 2872 2109 2906 ,γ
2135 2842 2271 2886 cum
2298 2825 2381 2886 sit
2405 2824 2658 2906 (squillis
2685 2825 2890 2893 Patri,
2920 2824 3182 2891 humilia
3211 2834 3410 2906 tamen
3438 2825 3636 2885 multa

359 2905 675 2983 loquitur?
708 2903 1074 2984 Responsio.
1104 2907 1187 2967 Ut
1213 2903 1621 2966 humilitatem
1643 2903 1892 2972 doceat,
1921 2913 1978 2963 et
2003 2905 2152 2984 quia
2181 2922 2364 2984 carne
2395 2905 2656 2984 amictus
2687 2913 2820 2964 erat
2841 2951 2856 2972 ,
2890 2924 2964 2964 ac
2979 2912 3245 2984 propter
3269 2903 3636 2984 Judworum

359 2982 787 3064 stupiditatem
816 2982 1021 3064 Equia
1038 2985 1221 3045 etiam
1247 2984 1582 3048 humanum
1615 3001 1805 3062 genus
1846 2982 2158 3064 paulatim
2205 2983 2286 3064 ad
2333 2983 2753 3064 cognitionem
2789 2982 3122 3064 procedere
3149 2982 3353 3064 debet,
3375 2983 3637 3060 itemque

362 3063 436 3154 ος)
463 3062 891 3154 imperfectum
902 3063 1289 3154 audientium
1311 3072 1558 3154 captum
1581 3084 1604 3154 _:
1637 3071 1797 3124 certe
1819 3062 2384 3154 multa‘secunclum
2408 3062 2774 3154 auditorum
2799 3063 3154 3154 opinionem
3182 3063 3486 3154 loquitur.
3509 3064 3565 3122 Η
3577 3065 3639 3124 ic

361 3141 737 3282 circaginem
765 3153 987 3203 contra
1013 3143 1280 3205 Paulum
1307 3141 1774 3215 Sdmosatenum
1801 3151 1857 3203 et
1896 3151 2116 3204 contra
2144 3143 2416 3203 Arianos
2443 3141 2627 3204 verba
2646 3141 2893 3221 dirigit.
2933 3143 3256 3203 occasione
3282 3151 3527 3220 sumpta
3553 3161 3632 3201 ea:

361 3221 472 3282 hoc
581 3222 762 3282 salmi
794 3223 961 3282 dicto
993 3243 1014 3280 :
1037 3224 1357 3282 Ouoniam
1389 3223 1614 3282 videbo
1660 3223 1848 3282 caelos
1888 3227 2034 3282 tuos
2059 3265 2076 3282 .
2105 3238 2303 3282 onera
2349 3221 2697 3282 dicitoer
2723 3226 3006 3282 tuorum.
3037 3221 3192 3281 Haec
3223 3221 3632 3282 diversimode

357 3221 472 3292 hoc
526 3221 762 3283 Psalmi
794 3223 961 3284 dicto
993 3243 1014 3280 :
1037 3224 1357 3297 Quoniam
1389 3223 1614 3284 videbo
1660 3223 1848 3283 caelos
1888 3227 2034 3284 tuos
2059 3265 2076 3295 ,
2105 3238 2303 3298 opera
2349 3221 2697 3301 digitorum
2723 3226 3006 3284 tuorum.
3037 3221 3192 3281 Haec
3223 3221 3637 3282 diversimode

359 3301 430 3374 in
451 3301 568 3362 hoc
601 3319 875 3361 sermone
906 3301 1320 3367 adumbravit.
1348 3311 1569 3379 utpote
1595 3302 1705 3381 qui
1738 3301 2014 3381 ihomitiw
2047 3319 2219 3362 more
2260 3300 2580 3380 loquatur.
2599 3300 3016 3367 Pulchritudo
3042 3319 3188 3381 sane
3220 3301 3631 3380 splendorque

359 3397 707 3441 sermonum
728 3425 742 3446 .
768 3381 985 3460 eisque
1036 3379 1644 3460 argumentationum
1682 3380 1794 3442 ubi
1817 3381 2249 3460 acrimoniaiet
2286 3379 2684 3460 contentione
2708 3399 2864 3460 opus
2892 3388 2980 3441 est
3003 3426 3018 3448 .
3049 3379 3258 3460 major
3285 3381 3497 3460 utique
3534 3379 3631 3440 est

359 3477 540 3538 quam
563 3467 635 3521 ut
665 3461 734 3539 in
759 3459 1016 3521 homilia
1040 3459 1244 3521 laeum
1269 3460 1506 3521 habent.
1538 3461 1651 3521 His
1685 3460 2028 3539 subjicitur
2059 3480 2073 3519 :
2107 3459 2374 3530 Photius
2403 3459 2645 3521 scribit.

438 3539 589 3600 Haec
617 3537 707 3598 ait
737 3539 1021 3619 Photius,
1049 3548 1392 3617 postquam
1422 3537 1857 3619 Chrysostomi
1890 3540 2103 3600 locum
2157 3540 2493 3619 attulerat,
2527 3544 2723 3617 atque
2766 3538 2871 3600 hic
2903 3538 2980 3600 de
3023 3537 3308 3616 ejusdem
3352 3538 3418 3598 in
3448 3538 3633 3619 Psal-

363 3634 539 3677 mum
566 3623 864 3688 octavum
895 3618 1314 3696 Expositione
1350 3617 1729 3680 verba'facit
1761 3639 1776 3677 :
1809 3619 1918 3678 ubi
1947 3619 2055 3680 ille
2093 3618 2363 3682 Paulum
2388 3618 2879 3680 Samosatenum
2911 3619 3288 3693 nominatim
3317 3617 3636 3696 confutat,

360 3702 425 3757 et
469 3701 694 3760 contra
724 3698 1062 3758 Anomaaos
1094 3699 1503 3775 Arianosque
1553 3699 1751 3759 verba
1802 3697 1971 3758 facit.
2005 3698 2182 3759 Unde
2230 3699 2421 3758 etiam
2465 3697 2884 3759 conﬁrmatur
2931 3698 3150 3775 Opinio
3198 3702 3453 3771 nostra,
3508 3713 3640 3774 qua

361 3775 750 3852 coniecimus
779 3794 978 3854 supra
1000 3821 1016 3851 ,
1044 3775 1349 3840 Catenam
1378 3779 1554 3840 illam
1581 3777 1826 3838 Codicis
1857 3776 2233 3840 Coisliniani
2255 3777 2376 3852 XII
2407 3776 2602 3840 fuisse
2632 3794 2672 3840 a
2699 3777 2930 3839 Photio.
2943 3775 3421 3839 concinnatam.

464 3905 495 3978 §
529 3901 661 3980 VII.
695 3902 918 3976 Utrum
942 3919 1022 3971 ea:
1051 3919 1256 3976 omnes
1276 3903 1668 3984 Psalmorum
1690 3903 2153 3984 Expiositiones
2175 3903 2619 3983 Chrysostomi,
2641 3922 2793 3984 quas
2823 3923 2900 3965 ea:
2926 3912 3269 3984 temporum
3314 3903 3556 3982 injuria
3653 3894 3656 3896 ⁷

1296 3983 1642 4050 amisimus,
1661 3982 1797 4062 jam
1825 3983 2042 4045 Photii
2075 4002 2200 4044 arvo
2229 3984 2464 4046 amissa:
2496 3982 2715 4044 essent.

436 4101 763 4182 Quatritur.
788 4108 1008 4166 utrum
1061 4121 1138 4166 ea
1189 4103 1408 4164 omnia
1436 4120 1581 4182 quae
1621 4101 2073 4164 desiderantur
2125 4102 2190 4162 in
2220 4102 2751 4180 Expositionibus
2781 4101 3235 4182 Psalmorum,
3264 4099 3458 4182 etiam
3489 4117 3636 4182 aevo.

362 4181 570 4262 Photii
601 4180 916 4262 deessent.
947 4183 1010 4244 Si
1055 4183 1314 4261 quidem
1345 4177 1554 4243 verbis
1581 4182 1785 4241 Photii
1812 4227 1828 4251 ,
1859 4183 1924 4241 in
1973 4187 2123 4243 nota
2157 4177 2370 4259 priore
2400 4199 2597 4262 supra
2641 4183 2836 4243 allata
2884 4177 3104 4261 positis
3139 4177 3482 4262 ,Astandum
3510 4177 3592 4241 sit
3611 4225 3639 4262 ,_

358 4261 555 4321 trium
597 4261 886 4340 priorum
931 4260 1332 4324 Psalmorum
1376 4261 1827 4340 Expositiones
1880 4262 2082 4338 ipsius
2138 4260 2436 4338 tempore
2468 4260 2898 4338 supererant,
2952 4278 3095 4338 quae
3159 4260 3291 4338 jam
3342 4262 3624 4340 absunt:

362 4339 703 4420 namtertii
731 4341 957 4406 Psalmi
991 4341 1462 4420 Interpreta‘tio,
1487 4358 1629 4418 quae
1658 4340 1726 4420 in
1759 4340 1965 4401 fronte
1996 4340 2140 4401 libri
2164 4341 2383 4420 posita
2413 4345 2541 4420 est,
2578 4339 2855 4420 adihanc
2887 4341 3117 4400 seriem
3148 4356 3276 4399 non
3304 4339 3634 4420 pertinere.

359 4419 660 4498 creditur,
685 4425 756 4479 ut
785 4421 916 4498 jam
947 4418 1184 4482 dictum
1213 4424 1330 4481 est.
1376 4419 1829 4497 Expositiones
1878 4426 2094 4481 autem
2136 4419 2280 4479 illas
2317 4437 2461 4496 quae
2513 4419 2956 4481 desiderantur
2983 4420 3076 4479 sic
3105 4423 3284 4490 notat
3312 4418 3573 4498 Photius
3610 4439 3625 4476 :

359 4501 413 4560 Α
439 4497 671 4580 decimo
703 4497 888 4561 tertio
941 4501 1187 4561 Psalmo
1238 4518 1428 4580 usque
1455 4499 1538 4580 ad
1580 4499 2474 4580 quadragesimumsecundum
2511 4499 2806 4580 hactenus
2836 4499 3396 4580 Interpretationes
3421 4497 3630 4580 Chry:

359 4577 616 4657 sostomi
636 4595 767 4636 non
793 4580 1151 4655 reperimus.
1183 4577 1755 4653 Quowinnuit’nihil
1789 4594 1828 4639 a
1864 4577 2179 4656 principio
2223 4595 2432 4657 usque
2478 4579 2555 4638 ad
2582 4578 2898 4638 decimum
2931 4578 3188 4637 tertium
3236 4577 3527 4637 deﬁcere.
3561 4578 3623 4638 Si

360 4655 575 4717 Codex
606 4663 823 4717 autem
851 4657 1285 4719 Coislinianus
1315 4675 1442 4717 non
1471 4658 1734 4718 mutilus
1778 4655 2004 4727 esset,'
2025 4658 2240 4718 statim
2267 4655 2650 4718 vidissemus
2681 4663 2899 4717 utrum
2927 4657 3376 4734 Expositiones
3399 4657 3523 4717 illa)
3561 4657 3638 4722 in.

360 4744 488 4803 tres
516 4737 756 4812 primos
799 4738 1084 4803 Psalmos
1119 4737 1416 4798 adhibita:
1457 4736 1726 4796 fuissent
1753 4752 1791 4800 a
1819 4736 2065 4811 Photio,
2097 4737 2207 4812 qui
2238 4737 2543 4798 Catenam
2569 4737 2733 4798 hanc
2762 4737 3114 4810 adornasse
3145 4735 3425 4796 creditur
3453 4754 3469 4807 ;
3511 4754 3630 4801 vc-,

361 4831 503 4874 rum
531 4815 637 4874 ille
667 4814 905 4888 Codex,
936 4816 1118 4876 initio
1146 4817 1431 4880 mutilus.
1461 4832 1498 4876 a
1534 4817 1802 4892 septimo
1834 4822 2080 4877 tantum
2112 4817 2363 4877 Psalmo
2391 4816 2635 4893 incipit.
2663 4816 2883 4893 Neque
2923 4822 3132 4876 tamen
3164 4815 3310 4876 inde
3339 4814 3631 4878 inferens

359 4893 508 4973 dum
539 4895 751 4954 statim
777 4900 874 4956 est
895 4939 910 4966 ,
937 4895 1390 4972 Expositiones
1414 4896 1557 4954 illas
1604 4896 1669 4954 in
1700 4902 1828 4956 tres
1859 4897 2104 4972 priores
2147 4896 2430 4956 Psalmos
2462 4895 2850 4973 superfuisse
2879 4895 3083 4956 Photii
3114 4900 3421 4972 tempore.
3456 4894 3631 4962 Licet.

358 4972 531 5053 enim
560 4973 694 5053 ipse
726 4975 792 5034 in
825 4975 1204 5038 lacunarum
1255 4975 1630 5035 recensione
1674 4974 1848 5035 illam
1876 4975 2068 5034 trium
2097 4972 2594 5052 Expositionum
2650 4976 2934 5053 priorum
2981 4991 3109 5053 non
3140 4981 3624 5043 commemoret,

359 5051 567 5127 potuit
611 5051 753 5112 ideo
782 5053 959 5119 illam
990 5059 1201 5115 tacere
1230 5055 1379 5130 quia
1428 5054 1562 5132 jam
1591 5053 1775 5113 initio
1803 5053 2059 5115 Catenae
2100 5055 2176 5114 de
2206 5051 2470 5115 amissis
2519 5051 2668 5120 illis
2701 5055 3010 5131 loquutus
3056 5052 3301 5123 fuerat;
3348 5053 3412 5112 in
3441 5053 3633 5113 hanc

357 5149 514 5191 vero,
557 5139 801 5208 partem
855 5138 1025 5199 totus
1082 5133 1483 5211 propendeo;
1517 5149 1727 5209 neque
1756 5134 1930 5207 enim
1976 5133 2208 5212 opinor
2266 5139 2394 5196 tres
2455 5135 2598 5196 illas
2652 5135 2898 5212 priores
2920 5132 3371 5211 Expositiones
3420 5132 3636 5209 Photii,

359 5217 639 5271 tempore
665 5211 1083 5271 superfuisse.

359 5217 639 5288 tempore
665 5213 1083 5288 superfuisse.

435 5230 480 5268 τι
530 5230 639 5269 ore
665 5230 740 5271 su
791 5230 1083 5272 ertulsse.

435 5230 705 5351 Aptertia
746 5230 993 5352 ldecima
1021 5295 1237 5354 autem
1266 5291 1344 5352 ad
1393 5291 1956 5371 quadragesimam
2003 5293 2352 5354 secundam
2397 5292 2851 5371 Expositiones
2893 5309 3116 5353 omnes
3151 5290 3624 5371 desiderantur,

355 5368 568 5452 inquit
615 5370 902 5452 Photius;
928 5371 1126 5452 itaut
1163 5368 1431 5452 tertiani
1451 5368 1772 5452 decim'am
1802 5372 2107 5434 excludas
2134 5416 2150 5443 ,
2185 5378 2247 5434 et
2279 5368 2839 5452 quadragesimam
2884 5371 3228 5452 secundam
3276 5370 3572 5452 similiter
3607 5389 3622 5428 :

357 5450 561 5529 amba:
589 5450 760 5509 enim
791 5469 935 5510 cum
966 5451 1110 5510 aliis
1141 5449 1393 5511 desunt.
1425 5450 1933 5528 Quadragesima
1962 5457 2177 5512 autem
2209 5449 2438 5529 prima,
2470 5449 2614 5529 quae
2648 5452 2752 5512 hic
2777 5451 3132 5513 secundum
3161 5450 3392 5511 Psalmi
3426 5467 3627 5527 expo-

355 5527 458 5608 siti
509 5545 849 5608 numerum
891 5531 1173 5607 ponitur,
1233 5539 1418 5592 extra
1462 5527 1713 5595 seriem,
1738 5531 1969 5602 harum
2017 5533 2082 5592 in
2120 5527 2405 5594 Psalmos
2463 5527 2957 5608 Expositionum
3005 5531 3157 5590 olim
3198 5535 3374 5599 erat,
3405 5533 3469 5589 et
3499 5529 3627 5588 huc

351 5605 621 5689 advecta
651 5607 798 5680 fuit,
833 5605 1042 5686 neque
1077 5610 1278 5669 ullam
1311 5610 1499 5670 habet
1531 5628 1676 5668 cum
1707 5609 1880 5671 hisce
1925 5611 2454 5689 Expositionibus
2484 5605 2884 5681 afﬁnitatem,
2910 5616 2983 5670 ut
3010 5609 3244 5670 ibidem
3283 5610 3348 5667 in
3377 5609 3624 5689 Monito

350 5685 645 5827 pluribus
680 5685 1115 5764 probavimus.
1157 5689 1338 5763 Quod
1379 5689 1595 5768 adjicit
1621 5690 1884 5750 Photius
1909 5734 1925 5761 ,
1956 5707 1994 5751 a
2023 5685 2544 5769 quinquagesimi
2592 5691 2826 5752 Psalmi
2860 5689 3280 5768 Expositione
3307 5706 3514 5765 usque
3544 5687 3625 5757 ad,

381 5765 638 5826 ’salmos
689 5768 1004 5827 graduum
1057 5785 1280 5827 omnes
1337 5769 1792 5827 Exnositiones
1845 5769 2229 5827 desiderari.
2279 5772 2485 5827 notuit
2535 5789 2755 5827 verum
2801 5788 2976 5827 esse.
3017 5777 3337 5827 quatenus
3369 5769 3434 5826 in
3487 5785 3620 5827 suis

381 5765 638 5848 ’salmos
689 5768 1004 5848 graduum
1057 5785 1280 5829 omnes
1332 5765 1792 5848 Expositiones
1845 5765 2229 5842 desiderari,
2279 5765 2485 5848 potuit
2535 5789 2755 5832 verum
2801 5765 2982 5840 esse;
3017 5777 3337 5846 quatenus
3369 5769 3434 5826 in
3487 5785 3620 5829 suis

350 5845 829 5926 esemplaribus
891 5853 1118 5912 caetera
1167 5845 2003 5914 desiderabanturzvcrum
2047 5845 2501 5928 Expositiones
2560 5867 2786 5925 sanas,
2845 5845 3162 5928 genuinas
3219 5856 3280 5909 et
3337 5848 3624 5927 integras.
