4074 6356
301 422 359 479 2|
1831 416 2219 474 PREFATIO.
3517 419 3588 476 23

304 538 620 598 habemus
670 549 711 597 a
758 534 1012 595 Psalmo
1067 533 1417 594 centesimo
1469 533 1779 610 septimo,
1811 533 1923 609 qui
1973 532 2184 603 deest,
2213 531 2291 592 ad
2340 548 2551 609 usque
2592 532 2992 594 Psalmorum
3023 532 3215 594 tinem
3241 577 3258 607 ,
3289 551 3424 595 uno
3457 555 3576 597 ex—

301 626 485 708 cepto
511 614 632 754 1‘18
821 614 995 674 hisce
1028 630 1178 672 vero
1211 613 1481 673 Psalmis
1531 611 2164 690 comprehenduntur
2206 611 2444 672 Psalmi
2497 611 2817 690 graduum
2863 611 3231 690 quindecim
3255 657 3273 687 ,
3303 615 3417 692 qui
3466 615 3566 676 in-

298 713 519 774 (‘Iplun
575 710 615 758 a
774 737 789 752 ο

383 799 412 874 §
448 794 613 860 VIII.
639 828 710 838 —
738 793 962 856 Utrum
990 792 1343 874 Empositio
1373 794 1442 854 in
1469 793 1783 874 Psalmum
1812 795 2085 874 tertium,
2116 811 2252 872 quia
2277 811 2496 874 agmen
2525 791 2700 853 dum
2725 800 2781 852 et
2803 793 3011 874 prima
3040 794 3306 865 locatur,
3338 794 3440 856 hic
3466 816 3505 856 a

1048 871 1492 952 Chrysostomo
1522 873 1738 951 posita
1763 873 1886 940 sit;
1913 880 1968 934 et
1998 891 2081 932 an
2109 871 2191 934 sit
2222 890 2362 933 vere
2387 872 2839 952 Chrysostomi.

380 996 716 1076 Expositio
744 996 810 1056 in
853 995 1183 1076 Psalmum
1204 995 1499 1076 tertium,
1535 1011 1680 1072 qua:
1709 993 1916 1076 prima
1945 999 2043 1076 est
2071 993 2292 1076 in‘hoc
2320 1011 2513 1070 opere
2538 999 2600 1054 et
2633 1010 2862 1076 agmen
2893 993 3067 1076 ducit
3101 993 3167 1054 in
3204 995 3327 1076 hoc
3354 997 3578 1070 Tomo,

300 1079 370 1138 in
424 1072 810 1155 quibusdam
862 1075 1322 1153 Manuscriptis
1378 1075 1588 1155 prima
1623 1075 1911 1155 ponitur,
1943 1075 2025 1134 ab
2071 1072 2216 1134 aliis
2245 1090 2401 1133 vero
2458 1090 2731 1155 prorsus
2775 1074 2979 1155 abest.
3014 1074 3083 1133 ln
3113 1075 3312 1155 Regio
3364 1077 3584 1139 codice

301 1152 480 1218 num.
513 1156 675 1217 1962
724 1156 1018 1226 habetur;
1051 1155 1119 1213 in
1148 1152 1518 1215 COIbertino
1550 1171 1726 1212 num.
1761 1153 1837 1212 10
1867 1171 1996 1232 non
2038 1156 2396 1232 comparet,
2447 1152 2556 1211 sed
2588 1152 2671 1232 ibi
2717 1152 3023 1230 incipitur
3051 1155 3134 1214 ab
3161 1152 3582 1232 Expositione

299 1237 368 1298 in
401 1237 725 1297 Psalmum
755 1239 1082 1310 quartum;
1115 1234 1537 1310 similiterque
1565 1234 1750 1293 abest
1798 1249 1835 1293 a
1876 1231 2184 1310 Catalogo
2214 1231 2324 1292 illo
2354 1231 2846 1308 Expositionum
2877 1233 3100 1293 Greece
3129 1235 3240 1310 qui
3273 1234 3337 1293 in
3382 1235 3580 1298 Editis

298 1317 601 1386 habetur,
631 1331 956 1392 quemque
985 1314 1050 1373 in
1085 1312 1211 1372 ﬁne
1240 1312 1510 1392 hujusce
1539 1310 1935 1372 Prmfationis
1966 1311 2250 1392 edemus.
2283 1311 2356 1371 In
2385 1311 2556 1392 edito
2592 1317 2806 1392 tamen
2836 1311 3184 1374 Frontonis
3216 1313 3432 1374 Ducmi
3474 1316 3582 1376 le-

297 1395 494 1474 gitur;
526 1389 911 1474 ideo'queiex
955 1392 1310 1474 sede_illam_
1331 1389 1706 1474 expungere
1732 1409 1859 1474 non
1891 1390 2034 1451 ausi
2065 1409 2287 1474 sumus
2310 1433 2327 1461 ,
2359 1390 2612 1450 etiamsi
2661 1389 2741 1474 ad
2770 1390 2938 1474 hanc
2989 1392 3233 1474 seriem
3251 1395 3573 1470 pertinere
3607 1461 3609 1464 ,

297 1469 431 1535 non
455 1469 768 1534 videatur.
801 1471 960 1532 Nam
982 1469 1050 1530 in
1074 1469 1604 1548 Expositionibus
1629 1470 2030 1530 Psalmorum
2059 1469 2554 1550 Chrysostomus
2584 1475 2655 1550 et
2675 1469 2894 1550 titulos
2930 1474 2994 1530 et
3025 1469 3316 1550 singulos
3349 1491 3573 1535 versus

297 1554 382 1614 ad
447 1571 656 1632 usque
697 1550 1220 1632 tinemuexplicat
1249 1571 1264 1632 ς
1298 1551 1402 1612 hic
1451 1555 1668 1632 autem
1713 1549 1789 1632 de
1819 1550 2002 1632 titulo
2051 1548 2299 1609 tantam
2329 1549 2543 1626 agitur
2575 1548 2910 1632 :__Psa_lgz_ius
2931 1548 3154 1632 David
3173 1569 3310 1611 cum
3334 1553 3578 1632 fugeret

297 1653 336 1692 a
365 1632 523 1712 facie
549 1628 822 1693 Absalon
842 1628 961 1710 ﬁlii
989 1630 1108 1712 sui.
1143 1630 1215 1689 In
1235 1631 1366 1712 hac
1395 1631 1535 1690 sola
1552 1629 1984 1712 inscriptione
2010 1633 2302 1689 moratur
2325 1635 2552 1712 auctor
2580 1629 2894 1712 Homilies
2922 1631 3145 1712 primae
3163 1628 3578 1712 ,_qua}_e'tiam

298 1707 432 1772 non
462 1712 737 1790 integra,
766 1707 884 1790 nec
913 1708 1058 1790 suis
1077 1709 1372 1790 omnibus
1402 1707 1692 1790 partibus
1719 1709 2016 1790 absoluta
2033 1707 2428 1790 putatur-.ita
2459 1726 2736 1790 namque
2764 1707 3021 1790 desinit,
3053 1715 3124 1790 ut
3143 1707 3388 1786 aliquid
3408 1713 3579 1790 ultra

295 1785 649 1852 desiderari
681 1789 994 1849 videatur.
1024 1788 1270 1862 Quibus
1301 1785 1632 1865 perpensis
1659 1785 1982 1858 omnibus,
2014 1805 2142 1847 non
2169 1793 2322 1866 puto
2353 1788 2517 1849 hanc
2542 1787 3028 1866 Expositionem
3047 1788 3128 1850 ad
3153 1785 3387 1851 seriem
3415 1785 3579 1855 alia-

296 1889 448 1939 rum
477 1869 821 1948 pertinere;
853 1867 961 1928 sed
991 1869 1073 1928 ab
1103 1868 1318 1928 nescio
1347 1885 1478 1948 quo
1499 1867 1633 1948 huc
1660 1871 1900 1948 temere
1928 1865 2244 1927 invectam
2275 1865 2494 1948 fuisse.

382 1945 636 2010 Ad'haac
671 1949 799 2009 alia
849 1963 1111 2028 quoque
1156 1947 1448 2028 exsurgit
1480 1945 1810 2028 dubitandi
1841 1962 2038 2028 causa
2064 1989 2078 2018 ,
2116 1962 2200 2006 an
2235 1945 2524 2028 videlicet
2549 1946 2684 2028 haec
2717 1945 2851 2007 sive
2881 1947 3161 2010 Homilia
3194 1965 3314 2028 seu
3343 1950 3576 2028 Expo—

296 2029 448 2089 sitio
473 2027 912 2108 Chrysostomi
941 2044 1087 2087 vere
1116 2026 1239 2108 sit,
1269 2045 1493 2108 necne.
1526 2026 1710 2108 Certe
1735 2025 1788 2085 si
1817 2043 1920 2085 res
1976 2026 2149 2108 ipsas
2182 2026 2520 2108 explores,
2564 2025 2617 2085 si
2649 2042 2841 2108 sensa
2862 2069 2883 2108 ,_
2921 2028 2975 2086 si
3005 2027 3230 2108 orandi
3271 2025 3530 2090 modum
3558 2076 3575 2101 ,

295 2127 434 2168 non
465 2105 774 2169 videtura
808 2105 1244 2185 Chrysostomi
1279 2105 1706 2166 concionandi
1741 2123 1976 2185 genere
2007 2105 2219 2166 aliena
2245 2107 2272 2176 ;'
2295 2106 2348 2165 si
2383 2105 2620 2184 stylum
2651 2111 2714 2164 et
2741 2105 3084 2166 dictionem
3117 2107 3403 2167 Griecam
3433 2123 3578 2185 per-

295 2187 542 2265 pendas
569 2233 586 2258 ,
632 2185 877 2264 aliquid
917 2182 1331 2264 peregrinum
1381 2186 1541 2257 olet;
1576 2182 1765 2245 voces
1798 2182 2754 2265 Chrysostomonon‘usitatai,
2816 2185 3044 2265 saltem
3089 2186 3232 2257 illo,
3288 2182 3449 2263 quo
3475 2188 3578 2248 hic

293 2263 725 2344 usurpantur,
746 2263 949 2327 sensu
976 2263 1347 2335 occurrunt,
1365 2268 1671 2344 “pateravia;
1701 2267 1762 2344 et
1790 2268 1902 2344 δονδι

1964 2273 2138 2344 ῖςουσα,
2171 2270 2233 2324 et
2260 2263 2547 2344 fortassis
2579 2264 2915 2344 alim,_quae
2943 2264 3043 2324 vel
3075 2283 3203 2324 non
3227 2283 3350 2326 usu
3387 2267 3573 2337 tritae,

301 2347 401 2406 vel
429 2341 659 2408 alienis
691 2346 928 2424 junctae
950 2345 1212 2424 vocibus
1242 2342 1538 2403 nonnihil
1561 2342 1949 2424 suspicionis
1981 2343 2306 2424 ingerunt.
2339 2343 2517 2424 Licet
2537 2360 2731 2420 porro
2761 2341 3000 2424 Fronto
3025 2344 3291 2424 Ducazus
3315 2345 3381 2404 in
3409 2347 3576 2407 serie

296 2426 577 2492 aliarum
623 2421 994 2502 reliquerit,
1054 2423 1166 2499 qui
1223 2429 1434 2483 tamen
1468 2421 1704 2502 spuria
1741 2426 1802 2483 et
1833 2421 2174 2484 admodum
2202 2423 2392 2502 dubia
2440 2423 2568 2482 alio
2597 2423 2946 2484 amandare
2977 2423 3180 2488 solet.
3240 2428 3412 2484 certe
3442 2425 3578 2486 hac

296 2506 516 2567 multis
544 2505 744 2572 doctis
766 2501 929 2562 ’viris
959 2507 1258 2579 suspecta
1291 2506 1430 2575 est;
1462 2501 1761 2562 Halesius
1798 2519 1950 2563 vero
1978 2503 2042 2562 in
2073 2502 2246 2562 Notis
2280 2501 2496 2562 Savilii
2547 2502 2809 2561 omnino
2867 2503 3154 2579 spuriam
3198 2509 3378 2580 putat
3409 2522 3573 2565 esse.

298 2584 579 2653 Savilius
646 2589 861 2645 autem
897 2583 1106 2660 primo
1147 2581 1388 2642 hmrere
1417 2580 1690 2649 videtur,
1719 2581 1830 2642 sed
1887 2591 2108 2658 postea
2151 2582 2214 2642 in
2261 2581 2503 2643 Halesii
2558 2581 2940 2642 sententiam
2978 2581 3273 2644 deﬂectit.
3333 2583 3574 2644 Verum

298 2672 577 2740 uterque
607 2661 986 2724 audiendus.
1020 2660 1121 2721 Sic
1155 2661 1221 2721 in
1257 2661 1433 2722 Notis
1469 2660 1688 2722 Savilii
1716 2680 1779 2738 p.
1817 2661 1936 2720 932
1968 2681 1983 2720 :

389 2768 416 2799 α
444 2739 627 2805 Hanc
659 2741 1145 2820 Expositionem
1174 2741 1340 2802 tertii
1369 2741 1602 2801 Psalmi
1622 2784 1637 2812 ,
1677 2762 1704 2820 ξ)
1738 2742 1950 2819 inquit
1972 2741 2246 2801 Savilius
2271 2785 2286 2810 ,
2319 2739 2598 2820 «abillo
2619 2746 2893 2820 amatore
2915 2741 3032 2802 Dei
3057 2749 3112 2801 et
3143 2740 3379 2804 Christi
3409 2743 3571 2817 viro,

299 2823 412 2900 qui
444 2840 527 2885 τῆς
559 2818 822 2888 «mm;
849 2820 914 2880 in
939 2820 1225 2882 Psalmos
1251 2865 1267 2891 ,
1300 2837 1497 2898 quam
1537 2838 1619 2880 ex
1661 2818 1948 2899 Collegio
1991 2820 2292 2900 Corporis
2324 2819 2567 2900 Christi,
2601 2818 2838 2880 Oxonii
2869 2821 3261 2897 sumpsimus
3283 2865 3298 2890 ,
3348 2829 3576 2882 auctor

300 2902 458 2970 fuit,
488 2903 591 2963 vel
621 2919 748 2962 non
778 2901 1015 2970 visam,
1052 2901 1150 2960 vel
1174 2901 1576 2977 repudiatam
1598 2943 1614 2970 ,
1649 2900 1821 2960 misit
1849 2899 1928 2961 ad
1955 2919 2054 2961 me
2085 2899 2494 2960 doctissimus
2525 2899 2765 2958 Fronto
2791 2900 3061 2961 Ducaaus
3083 2945 3100 2970 ,
3129 2919 3212 2960 ex
3237 2900 3572 2972 Vaticana,

297 2991 373 3050 ut
402 2981 540 3058 ipse
569 2981 823 3050 aiebat,
870 2980 1256 3057 descriptam
1285 2999 1300 3037 :
1335 2997 1479 3056 qua:
1520 2985 1731 3040 exstat
1767 2981 1998 3051 etiam,
2045 2985 2204 3039 teste
2235 2979 2301 3038 in
2334 2979 2523 3058 nolis
2555 2978 2634 3039 ad
2671 2978 3199 3057 Chrysostomum
3253 2979 3572 3040 Flaminio

296 3057 593 3131 Nobilio,
633 3061 698 3120 in
733 3059 1131 3120 Bibliotheca
1159 3058 1544 3119 clericorum
1601 3059 2000 3137 regularium
2044 3059 2282 3118 Romm.
2325 3057 2534 3137 Hujus
2581 3058 2968 3135 principium
3012 3063 3074 3117 et
3127 3058 3384 3135 quidem
3441 3078 3572 3120 non

298 3140 636 3218 inelegans
688 3144 803 3202 aut
845 3138 1177 3218 indignum
1229 3137 1689 3218 Chrysostomo
1730 3137 1882 3199 citat
1922 3139 2360 3218 Damasccnus
2411 3137 2720 3218 Oratione
2778 3137 2966 3198 tertia
3015 3137 3093 3197 de
3147 3137 3569 3218 imaginibus.

302 3158 636 3218 Inelegans
688 3158 803 3202 aut
845 3158 972 3199 mm
1024 3158 1177 3198 num
1229 3158 1689 3218 unrysoswmo
1730 3158 1882 3199 enat
1922 3158 2360 3200 uamasccnus
2411 3158 2720 3197 urauone
2781 3158 2966 3198 terna
3015 3158 3093 3197 ue
3147 3158 3569 3215 imaginibus.

302 3219 506 3280 Vertit
531 3219 758 3281 Latine
781 3223 962 3279 vetus
981 3158 1307 3294 interpres
1329 3261 1344 3288 ,
1379 3217 1473 3277 uti
1507 3223 1569 3278 et
1600 3233 1716 3277 nos
1750 3235 2011 3295 quoque
2043 3216 2258 3278 Griece
2288 3216 2514 3277 damus
2534 3260 2551 3290 ,
2580 3215 2706 3276 fine
2740 3220 3123 3278 truncatam.
3155 3217 3312 3295 Quae
3357 3222 3574 3279 tamen

299 3299 520 3361 omnia
548 3317 681 3360 non
707 3315 849 3360 eam
887 3296 1056 3375 apud
1088 3315 1188 3358 me
1222 3297 1350 3359 vim
1381 3297 1698 3368 habeant,
1753 3294 1827 3357 ut
1857 3314 1987 3357 non
2012 3297 2203 3374 plane
2229 3296 2640 3373 acquiescam
2689 3295 2935 3357 Halesii
2984 3297 3108 3356 mei
3139 3294 3214 3357 de
3261 3297 3573 3375 spuritate

291 3378 539 3458 judicio
559 3378 712 3458 ,qui
746 3377 822 3439 de
855 3375 1415 3458 Expositioneista
1437 3376 1529 3437 sic
1554 3375 1632 3438 ad
1650 3378 1922 3458 verbum
1957 3375 2208 3458 censuit
2239 3395 2254 3435 :

312 3453 318 3468 ⁵
383 3481 412 3515 α
445 3458 535 3518 De
577 3453 912 3535 fragmenti
961 3453 1154 3535 hujus
1180 3461 1444 3516 auctore
1477 3473 1607 3517 non
1642 3455 1826 3517 facile
1870 3456 2242 3529 statuerim;
2295 3453 2722 3535 certissimum
2781 3459 2997 3516 tamen
3040 3453 3249 3535 habeo
3298 3454 3576 3535 Chryso-

301 3538 490 3597 stomi
523 3555 652 3596 non
680 3531 848 3598 csse.
887 3531 1099 3597 Prim'o
1129 3535 1300 3596 enim
1322 3535 1526 3614 stylus
1554 3540 1652 3595 est
1683 3551 1719 3596 a
1751 3535 2208 3613 Chrysostomo
2238 3535 2502 3594 omnino
2537 3533 2822 3607 alienus,
2859 3538 3078 3611 utpote
3110 3531 3471 3595 ’all‘ectatio'r
3511 3539 3576 3597 et

301 3615 744 3693 frequentibus
778 3614 1462 3695 argumentatiunculis
1492 3614 2028 3695 etghommoptotis
2050 3614 2674 3691 interstinctus,quaa
2706 3615 2944 3691 passim
2975 3619 3317 3674 occurrent
3350 3614 3574 3676 editio-

300 3714 448 3764 nem
471 3696 758 3757 Graecam
805 3693 1315 3773 in'spicientibus,
1344 3698 1406 3754 et
1429 3693 1651 3771 qualia
1672 3698 1856 3756 sunt:
1885 3719 1909 3748 τ

1966 3719 1991 3755 ις
2019 3698 2250 3764 δραπέτας
2277 3700 2546 3764 γράμμασιν
2572 3697 2819 3758 ἱξεὺσυςιν,
2847 3697 2928 3746 οὐκ
2954 3699 3282 3762 ἐπιγράμμασι
3309 3700 3575 3761 θαυμάζου-

298 3792 392 3828 σιν·
431 3786 505 3839 et,
537 3783 635 3828 ὅθεν
660 3783 689 3834 ἡ
718 3789 845 3840 πηγὴ
884 3793 966 3837 τῆς
995 3778 1232 3844 ἁμαρτίας
1253 3814 1267 3837 ,
1298 3779 1463 3844 iazies:
1500 3781 1542 3844 ﬁ
1589 3783 1742 3839 πληγὴ
1791 3789 1873 3834 τῆς
1917 3783 2146 3842 τιμωρίας
2171 3789 2184 3802 ⁸
2211 3783 2285 3838 et,
2317 3783 2537 3844 apeirtma
2576 3788 2659 3833 τῆς
2702 3782 2795 3844 ιιόξῧ⁸
2825 3781 3029 3838 πολέμου
3057 3779 3328 3844 few/vium;
3355 3781 3384 3830 ἡ
3431 3783 3574 3828 αἰτία

298 3861 384 3906 τῆς
432 3856 516 3899 τοῦ
573 3854 776 3912 πολέμου
820 3840 1109 3916 ὺποθὲσεώςζ
1176 3849 1239 3904 et
1296 3843 1425 3905 alia
1493 3843 1591 3904 his
1669 3845 1907 3904 consim

1960 3840 2271 3920 lia'usque
2301 3840 2380 3903 ad
2435 3842 2658 3901 vitium
2705 3840 3022 3902 affectata.
3049 3841 3339 3902 Secundo
3367 3849 3569 3903 totum

299 3925 697 3986 inventionis
750 3923 927 3984 tilum
971 3923 1324 4002 juvenilius
1376 3927 1492 3984 est.
1543 3925 1752 4000 Atque
1811 3923 1958 3982 hinc
2009 3922 2158 3982 belli
2205 3923 2294 4002 illi
2348 3921 2424 3980 de
2471 3921 2794 4002 Absalone
2843 3921 2907 3980 in
2969 3940 3214 3998 quercu
3253 3940 3572 4000 suspenso

300 4004 642 4075 sensiculi,
676 4012 733 4062 et
765 4024 804 4062 α
821 4000 1045 4082 planta
1073 4002 1463 4064 detinebatur
1499 4002 1609 4081 qui
1634 4021 1770 4063 cum
1799 4001 2007 4062 radice
2045 4001 2404 4082 pugnabat;
2435 4000 2701 4082 cinctus
2726 4009 2858 4060 erat
2888 4021 2925 4059 α
2951 4019 3402 4082 ramoramus,
3447 4009 3568 4082 etc.

303 4083 544 4144 Deinde
578 4080 879 4162 perbellie
912 4083 1293 4144 ratiunculae
1322 4082 1448 4162 illa:
1469 4126 1486 4155 ,
1506 4080 2053 4162 icuriAbsalonem
2082 4081 2386 4162 etcaalum
2417 4080 2734 4156 respuerit
2759 4086 2822 4140 et
2851 4084 3054 4162 terra;
3087 4080 3346 4162 aliaque
3374 4081 3568 4162 hujus

301 4159 904 4241 generis,quorum
943 4163 1257 4224 immensa
1295 4161 1386 4222 vis
1411 4163 1478 4220 in
1515 4160 1722 4221 dubiis
1764 4168 1818 4221 et
1846 4159 2105 4241 spuriis.
2140 4161 2470 4241 Postremo
2496 4161 2946 4241 prosopopoeia
2987 4159 3096 4241 illa
3126 4159 3192 4218 in
3228 4177 3359 4241 qua
3405 4159 3574 4222 desi-

303 4237 429 4312 nit,
462 4241 567 4302 cui
594 4287 612 4314 ,
643 4237 716 4301 iit
754 4248 943 4319 puto,
974 4243 1161 4320 plura
1191 4242 1464 4304 attexuit
1505 4245 1754 4314 auctor,
1783 4237 1891 4302 sed
1939 4256 2015 4320 ea
2047 4240 2230 4300 nobis
2264 4244 2550 4320 tempora
2579 4237 2848 4299 feliciter
2879 4238 3268 4320 inviderunt.
3301 4240 3484 4313 Quod
3515 4241 3570 4302 si

303 4338 448 4396 quae
489 4321 595 4382 hic
621 4320 697 4382 de
747 4317 1068 4382 Absalo—ne
1099 4321 1420 4394 dicuntur,
1440 4339 1587 4380 cum
1617 4320 1732 4392 iis,
1778 4337 1924 4399 quas
1952 4318 2445 4398 Chrysostomus
2485 4317 2561 4378 de
2610 4324 2992 4399 argumento
3041 4317 3162 4377 isto
3207 4321 3570 4399 sexcenties

297 4402 621 4478 disputat,
644 4400 1081 4470 conferantur,
1114 4401 1378 4460 omnino
1413 4399 1576 4459 nihil
1604 4397 1816 4460 simile
1839 4404 1952 4460 aut
1984 4397 2106 4478 par
2135 4399 2374 4458 haberc
2416 4397 2840 4478 reperientur.
2889 4398 3027 4478 Huc
3046 4397 3369 4478 accedunt
3393 4399 3573 4460 locu-

304 4475 510 4552 tiones
546 4480 788 4557 populo
817 4479 1108 4540 duriores
1130 4525 1146 4550 ,
1185 4479 1488 4558 fugitivos
1517 4479 1775 4557 scriptis
1822 4477 2022 4540 literis
2046 4485 2504 4558 persequuntur
2551 4475 2754 4555 (locus
2788 4477 2974 4536 modo
3005 4477 3431 4558 sitsincerus)
3457 4508 3486 4551 ,κ
3509 4483 3574 4539 et

301 4575 475 4618 uxor
501 4556 662 4618 male
691 4559 1010 4636 peccatori
1040 4556 1332 4636 colaphos
1372 4566 1460 4618 est
1480 4606 1494 4626 ,
1526 4562 1588 4619 et
1613 4556 1843 4629 ἀὸτάρτου
1875 4575 2000 4618 vox
2031 4556 2240 4635 graeca
2272 4557 2847 4636 saapiususurpata
2868 4601 2899 4636 ,ί
2921 4574 3066 4634 quae
3103 4556 3250 4617 licet
3283 4557 3575 4623 fortassis

303 4639 459 4698 satis
503 4639 585 4698 sit
611 4635 836 4715 prbba,
885 4637 1056 4716 apud
1099 4635 1625 4716 Clirysostomum
1676 4642 1888 4716 tamen
1940 4653 2293 4713 numquam
2324 4635 2662 4716 reperitur.
2705 4635 2946 4696 Deinde
2996 4636 3405 4713 particularis
3461 4637 3572 4701 illa
3636 4652 3643 4660 '

305 4717 538 4787 Psalmi
561 4718 890 4777 centesimi
921 4715 1134 4795 quarti
1163 4715 1379 4777 citatio
1405 4737 1419 4775 :
1449 4717 1573 4778 hoc
1598 4734 1746 4778 vero
1773 4715 2230 4794 Chrysostomo
2257 4731 2613 4795 numquam
2637 4715 2702 4774 in
2736 4732 2915 4775 more
2940 4715 3244 4792 positum,
3270 4721 3574 4776 contento

306 4798 503 4858 verba
530 4801 813 4868 tantum,
838 4794 1050 4858 locum
1082 4814 1234 4857 vero
1269 4795 1551 4857 indicare
1581 4813 1930 4872 numquam
1969 4795 2265 4854 sollicito.
2298 4795 2448 4854 Haec
2476 4794 2769 4872 pluribus
2803 4795 2901 4873 egi
2934 4799 3196 4872 propter
3223 4797 3576 4857 Damasce—

303 4893 496 4946 num,
525 4893 607 4935 ne
637 4877 781 4954 quis
809 4894 910 4936 me
946 4876 1294 4936 arbitretur
1321 4893 1357 4938 a
1388 4875 1549 4936 tanti
1583 4875 1701 4935 viri
1742 4874 2122 4954 auctoritate
2163 4879 2399 4933 temere
2430 4874 2603 4954 velle
2636 4873 2982 4934 discedere.
3014 4875 3365 4954 Dicendum
3399 4875 3573 4934 enim

301 4952 707 5026 necessario,
753 4960 867 5015 aut
893 4955 1050 5016 tanti
1083 4955 1200 5016 viri
1244 4955 1558 5033 judicium
1593 4971 1632 5016 a
1660 4971 1810 5014 vero
1862 4953 2198 5033 deflexisse
2225 4998 2241 5027 ,
2274 4957 2386 5013 aut
2415 4952 2945 5032 Chrysostomum
2978 4953 3098 5033 sibi
3143 4953 3574 5020 dissimillima

303 5033 674 5114 scripsisse,
707 5041 820 5094 aut
849 5032 1283 5114 Expositionis
1333 5035 1521 5114 hujus
1553 5033 1782 5112 capiti,
1829 5032 2001 5114 quod
2047 5049 2086 5094 a
2115 5033 2572 5114 Chrysostomo
2603 5033 2880 5092 multum
2907 5032 3214 5094 abludere
3261 5052 3389 5094 non
3420 5051 3576 5094 con-

301 5113 616 5172 tenderim
642 5157 658 5183 ,
694 5113 1119 5175 recentiorem
1147 5112 1431 5190 aliquem
1465 5131 1698 5191 corpus
1735 5117 1796 5173 et
1817 5113 2104 5173 membra
2133 5112 2505 5173 attexuisse.
2544 5134 2574 5167 ››

383 5192 532 5253 Haec
557 5193 713 5254 scite
755 5194 1094 5272 observata
1125 5200 1307 5262 sunt,
1342 5190 1592 5253 tametsi
1637 5192 1803 5272 stylo
1832 5209 1960 5272 non
1993 5191 2083 5272 ita
2111 5193 2517 5272 congruenti.
2569 5191 2790 5268 Neque
2829 5190 3226 5272 diffiteo_r,_si
3258 5191 3393 5252 haec
3424 5210 3575 5272 vero

298 5270 742 5351 Chrysostomi
777 5277 976 5344 esset,
1018 5271 1548 5351 Chrysostomum
1597 5290 1636 5334 a
1668 5269 1929 5350 proprio
1964 5271 2088 5351 sibi
2121 5269 2439 5351 scribendi
2471 5289 2708 5350 genere
2733 5271 3006 5330 multum
3047 5269 3404 5332 deﬂexisse.
3451 5271 3573 5331 Sed

299 5349 636 5419 homiliam
662 5351 874 5425 illam,
923 5358 992 5412 ut
1020 5369 1059 5412 a
1103 5349 1428 5412 Frontone
1456 5349 1689 5412 Ducan
1714 5351 1924 5428 posita
1952 5349 2102 5423 fuit,
2136 5350 2304 5412 inter
2330 5349 2703 5411 authentica
2747 5351 3116 5426 posuimus;
3147 5351 3235 5411 ita
3266 5355 3479 5411 tamen
3507 5355 3578 5421 ut

299 5431 643 5509 fateamur,
676 5448 852 5506 eam,
881 5431 934 5492 si
965 5449 1096 5490 non
1122 5436 1338 5509 aperte
1369 5431 1778 5509 supposititia
1812 5431 1929 5503 sit,
1965 5429 2307 5490 admodum
2332 5436 2545 5490 tamen
2571 5448 2711 5490 esse
2733 5434 3119 5508 suspectam.

300 5537 332 5610 ᾗ
373 5533 490 5593 IX.
522 5565 600 5575 ——
628 5531 827 5608 Quam
862 5532 1068 5592 multae
1093 5531 1165 5591 in
1210 5531 1490 5592 Psalmos
1523 5530 1827 5610 Homiiiw
1859 5539 1914 5590 et
1961 5530 2300 5592 Orationes
2328 5531 2573 5591 Joanni
2607 5529 3055 5610 Chrysostomo
3111 5530 3446 5610 adscripta:
3495 5551 3574 5592 ex

377 5611 652 5672 aliorum
674 5611 941 5770 P;trum
969 5619 1025 5671 ct
1052 5611 1451 5691 Scriptorum
1494 5609 2053 5673 ecclesiasticarum
2099 5610 2557 5672 commentariis
2599 5609 2944 5673 homiiiisvc
2995 5611 3066 5670 in
3099 5609 3383 5672 Psalmos
3415 5631 3578 5672 con-—

377 5691 707 5752 sarcinatos
762 5691 990 5751 uerint.

377 5700 707 5752 sarcinatos
732 5700 990 5752 fuerint.

377 5791 628 5852 Novum
653 5797 833 5872 certe
853 5790 1289 5872 spectaculum
1311 5788 1663 5872 offerimus,
1693 5808 1837 5872 cum
1868 5788 2101 5872 Spuria
2131 5791 2196 5850 in
2213 5791 2543 5872 Psalmos,
2578 5795 2641 5852 et
2667 5791 2900 5872 Joanni
2919 5789 3380 5872 Chrysostomo
3408 5792 3572 5856 falso.

304 5869 624 5958 adscripta
649 5871 841 5934 simul
866 5871 1134 5934 edimus.
1169 5869 1263 5933 lbi
1288 5870 1461 5932 enim
1493 5871 1673 5934 varia
1720 5869 2016 5933 fraudum
2058 5889 2297 5957 genera
2331 5870 2905 5952 deprehendimus,
2935 5869 3086 5934 dum
3127 5873 3237 5936 alii
3284 5891 3437 5937 suas
3467 5875 3568 5940 vel
