4074 6356
446 406 517 461 2'5
1982 401 2365 460 PRAEFATIO.
3647 410 3718 468 υ

445 521 745 582 homilias
777 519 844 581 in
863 518 1150 599 Psalmos
1174 517 1273 579 vel
1307 518 1722 599 Psalmorum
1763 517 2323 599 interpretationes
2353 517 2587 599 Ioanni
2635 518 3096 599 Chrysostomo
3145 521 3561 592 adscribunt;
3602 524 3710 585 alii

440 601 792 679 praemissis
822 597 1208 680 quibusdam
1238 597 1644 668 exordiis,ex
1665 596 2069 680 diversorum
2082 597 2352 680 _scriptis
2376 597 2698 680 homilias,
2732 596 3712 680 vel‘Psalmorum,Expositioues

442 675 923 740 consarcinant.
954 679 1160 738 Tanta
1185 680 1426 754 quippe
1455 683 1632 745 erat,
1669 676 1730 737 S.
1765 676 2044 737 doctoris
2075 675 2289 756 fama,
2310 681 2488 738 tanta
2527 678 2666 756 ejus
2699 677 2868 756 apud
2900 695 3120 740 omnes
3163 675 3554 743 existimatio
3578 727 3594 752 ,
3646 689 3711 742 ut

441 759 752 836 quidquid
796 759 969 818 illius
1005 774 1240 817 nomen
1270 774 1401 836 pra:
1431 774 1500 816 se
1532 756 1765 836 ferret,
1792 756 2034 833 passim
2079 762 2151 814 ut
2193 755 2501 836 eximium
2547 755 3025 830 admitteretur;
3079 759 3191 819 illo
3238 759 3526 820 videlicet
3579 778 3715 821 aevo

443 835 590 917 cum
622 835 990 917 paucissimi
1025 839 1242 896 essent
1268 835 1379 912 qui
1410 842 1675 917 possent
1711 835 2106 917 distinguere
2129 835 2480 917 pretiosum
2507 856 2545 917 α
2582 837 2719 898 vili.
2767 837 2889 897 Alii
2922 839 3142 917 itaque
3171 843 3244 898 ut
3286 839 3539 917 scriptis
3580 841 3714 901 suis

442 913 698 997 laudem
732 921 795 978 et
825 915 1058 997 famam
1088 920 1583 997 compararent,
1615 915 1883 997 Joannis
1907 913 2343 997 Qhrysostomi
2379 915 2753 997 nomineea
2773 913 3351 979 circumferebant:
3387 913 3579 997 h'ujus
3607 938 3717 997 ge-

443 996 618 1056 neris
647 1000 799 1056 sunt
838 995 1087 1072 aliquot
1126 993 1418 1073 Homiliaa
1462 993 1527 1053 in
1571 993 1887 1071 principio
1917 992 2298 1073 Spuriorum
2337 995 2582 1070 positae.
2633 994 2759 1054 Alii
2811 1000 3094 1073 quaestus
3146 1001 3210 1056 et
3259 997 3422 1056 lucri
3473 992 3714 1066 causa,

441 1075 908 1156 consarcinatis
935 1071 1130 1156 Variis
1153 1072 1554 1156 diversorum
1586 1073 2031 1156 Patru_m_loci_s
2062 1071 2425 1156 aptatisque
2456 1074 2793 1156 principiis
2818 1071 2936 1152 pro
2954 1076 3244 1156 arbitrio,
3276 1075 3718 1156 Chrysostomi

444 1172 678 1215 nomen
709 1152 1076 1232 hujusmodi
1113 1170 1229 1232 seu
1259 1151 1539 1232 homiliis
1576 1170 1689 1213 seu
1722 1152 1900 1212 libris
1930 1150 2414 1232 adscribebant,
2448 1150 2605 1213 utet
2631 1150 2878 1214 facilius
2902 1158 2966 1214 et
2993 1154 3197 1231 pluris
3228 1150 3721 1217 venumdaren—

442 1239 573 1294 tur.
604 1234 727 1292 Alii
758 1229 888 1292 non
918 1249 957 1293 a
983 1231 1277 1309 pluribus
1304 1275 1320 1302 ,
1353 1231 1462 1312 sed
1495 1233 1578 1291 ab
1610 1248 1740 1291 uno
1770 1236 2021 1312 tantum
2042 1229 2354 1312 scriptore
2381 1277 2396 1302 ,
2425 1238 2724 1309 exceptas
2753 1229 3023 1294 lacinias
3059 1239 3130 1293 ut
3161 1235 3389 1294 melius
3423 1240 3723 1312 poterant

444 1315 832 1383 assuebant,
865 1317 928 1372 et
961 1312 1292 1389 praemisso
1353 1310 1792 1389 Chrysostomi
1835 1311 2096 1370 nomine
2123 1310 2536 1385 proferebant
2581 1312 2645 1371 in
2677 1312 3025 1389 publicum.
3070 1314 3192 1372 Alii
3225 1310 3480 1372 demum
3524 1314 3722 1375 auda-

445 1394 686 1458 ciores.
721 1392 1004 1470 integras
1053 1390 1352 1470 homilias
1383 1390 1793 1451 orationesve
1827 1390 2126 1470 omnibus
2174 1390 2308 1450 suis
2357 1392 2649 1468 partibus
2686 1398 2747 1452 et
2795 1391 3082 1453 numeris
3140 1393 3510 1462 absolutas,
3573 1393 3717 1452 illas

445 1472 638 1532 etiam
665 1469 942 1548 quorum
971 1475 1266 1531 auctores
1297 1469 1466 1549 inter
1495 1469 1941 1549 ecclesiasticae
1967 1469 2058 1527 rei
2089 1484 2388 1549 proceres
2408 1471 2862 1548 principesque
2895 1473 3433 1542 numerabantur,
3465 1472 3720 1549 dempto

445 1552 579 1610 veri
613 1547 894 1611 auctoris
925 1549 1112 1609 titulo
1141 1593 1157 1618 ,
1188 1548 1456 1609 Joannis
1500 1548 1940 1628 Chrysostomi
1988 1547 2249 1607 nomine
2299 1547 2758 1628 insigniebant.
2814 1550 3195 1628 Hujusmodi
3248 1550 3503 1612 fraudes
3557 1547 3720 1612 bene

443 1630 680 1689 multas
711 1629 1094 1708 deteximus.
1133 1628 1488 1705 Scriptores
1528 1634 1748 1708 autem
1792 1647 1874 1687 ex
1904 1643 2185 1708 quorum
2235 1628 2486 1708 scriptis
2537 1628 2850 1708 ejusmodi
2900 1630 3215 1706 opuscula
3269 1631 3720 1691 consarcinata

446 1709 752 1770 ementito
781 1707 1221 1786 Chrysostomi
1258 1708 1518 1767 nomine
1550 1707 1844 1784 prodiere
1868 1752 1884 1779 ,
1919 1707 1981 1786 hi
2014 1709 2201 1786 sunt,
2234 1707 2547 1768 Eusebius
2571 1754 2585 1774 ,
2625 1709 3053 1779 Athanasius,
3082 1708 3358 1770 Basilius
3381 1755 3396 1781 ,
3431 1716 3493 1769 et
3517 1709 3726 1769 Theo-

445 1787 730 1848 doretus.
761 1785 1161 1861 Quaa’autem
1187 1805 1266 1847 ex
1297 1786 1566 1865 singulis
1599 1792 1867 1867 excepta
1917 1785 2153 1867 fuerint
2193 1786 2271 1847 ad
2303 1791 2395 1846 tot
2421 1787 2731 1848 Homilias
2762 1788 2895 1848 sive
2929 1788 3375 1865 Expositiones
3425 1789 3720 1867 Chryso-

446 1868 635 1927 stomi
667 1868 927 1928 nomine
969 1867 1515 1928 consarcinandas
1547 1867 1598 1926 si
1632 1865 2018 1938 indicemus,
2048 1865 2269 1925 lectori
2308 1885 2425 1927 nec
2454 1867 2778 1946 ingratum
2812 1867 3173 1928 necinutile
3204 1867 3338 1929 fore
3362 1865 3721 1946 speramus.

451 2037 478 2111 ἓ
523 2034 605 2095 Χ.
637 2067 711 2078 —-
747 2032 862 2093 Ea:
907 2031 1208 2094 Homiliis
1233 2030 1474 2093 duabus
1503 2030 1575 2092 de
1599 2032 1966 2170 pomitcnéia
1995 2033 2062 2093 in
2087 2032 2405 2170 It’salmtum
2433 2032 2480 2092 L
2504 2033 2825 2111 posterior
2846 2050 3004 2112 pene
3037 2040 3172 2094 tota
3212 2053 3288 2093 ea:
3337 2033 3723 2095 Thcodorcto

1651 2127 1656 2134 '
1901 2130 2106 2170 esu-mn
2140 2131 2176 2170 a
2219 2131 2277 2170 es
2314 2155 2328 2170 .

1651 2127 1656 2134 '
1858 2127 2176 2190 desumpta
2219 2127 2328 2170 est.

533 2281 590 2339 Is
623 2279 732 2356 qui
758 2278 917 2339 duas
951 2279 1016 2338 in
1043 2278 1366 2340 Psalmum
1387 2277 1436 2336 L
1475 2277 1789 2337 Homilias
1817 2275 2027 2357 emisit
2053 2321 2069 2350 ,
2095 2280 2157 2357 et
2195 2276 2726 2356 Chrysostomum
2757 2277 3098 2338 ementitus
3127 2284 3256 2352 est,
3283 2279 3561 2357 priorem
3609 2281 3729 2341 ho-

456 2355 697 2420 miliam
730 2377 849 2418 suo
876 2359 1080 2418 Marte
1106 2357 1486 2426 adornavit,
1522 2375 1639 2417 nec
1670 2355 1930 2416 aliunde
1959 2355 2485 2433 expiscatus’est,
2518 2357 2618 2417 vel
2645 2357 2698 2416 si
2747 2357 3118 2434 expiscatus
3147 2361 3228 2417 sit
3253 2355 3586 2428 [nondum
3621 2361 3730 2421 ad-

450 2439 757 2498 vertimus
794 2437 945 2515 quid
971 2444 1033 2498 et
1059 2453 1098 2517 a
1123 2437 1358 2517 quibus
1390 2435 1726 2517 acceperit.
1759 2435 2103 2517 Estautem
2133 2436 2243 2496 illa
2270 2436 2440 2517 inter
2461 2436 2693 2517 Spuria
2723 2436 2848 2496 col.
2877 2435 3214 2517 565-566,,
3237 2443 3431 2515 atque
3463 2440 3528 2498 in
3570 2457 3730 2517 prae-

450 2518 647 2577 misso
673 2514 916 2576 Mon’ito
934 2516 1086 2594 quid
1109 2516 1183 2576 de
1207 2521 1485 2594 utraque
1511 2516 1772 2576 homilia
1797 2515 2196 2576 sentiendum
2231 2516 2310 2575 sit
2336 2516 2628 2592 pluribus
2659 2514 3156 2576 demonstratur.
3190 2514 3493 2579 Secundae
3515 2514 3729 2579 autem

451 2597 788 2656 exordium
817 2602 1145 2656 mutuatus
1169 2599 1265 2656 est
1283 2595 1387 2675 ille
1403 2594 1879 2673 pscudonymus
1913 2613 1993 2675 ex
2019 2594 2303 2675 Humilia
2326 2595 2406 2652 22
2426 2594 2864 2674 Chrysostomi
2892 2595 2956 2654 in
2977 2595 3298 2665 Genesim,
3323 2597 3385 2656 in
3411 2597 3731 2675 reliquam

455 2693 610 2735 vero
641 2675 971 2735 homiliam
1017 2680 1222 2735 totum
1277 2673 1822 2735 Commentariun]
1875 2674 2257 2734 Theodoreti
2291 2673 2354 2733 in
2405 2673 2729 2734 Psalmum
2779 2675 3392 2753 quinquagesimum
3447 2673 3730 2749 invexit,

453 2761 648 2831 atque
683 2754 910 2814 additis
935 2773 1016 2813 ex
1042 2773 1110 2814 se
1141 2754 1353 2813 multis
1381 2799 1396 2823 ,
1425 2771 1569 2831 quae
1611 2754 1802 2831 longe
1830 2753 2155 2832 inferioris
2197 2760 2362 2815 notae
2391 2759 2578 2824 sunt,
2615 2753 3062 2832 longissimam
3106 2755 3308 2814 texuit
3348 2756 3728 2816 orationem.

451 2833 822 2912 Excmplari
869 2839 1085 2894 autem
1115 2833 1498 2893 Theodoreti
1531 2851 1687 2892 usus
1721 2838 1817 2893 est
1872 2831 2189 2912 interdum
2241 2833 2462 2893 vitiato
2485 2878 2500 2905 ,
2533 2831 2886 2910 aliquando
2931 2833 3344 2911 castigatiore
3369 2878 3385 2903 ,
3417 2853 3614 2911 quam
3666 2837 3732 2895 iu

464 2911 847 2974 Theodoreti
878 2913 1061 2972 Edito
1091 2912 1355 2982 feratur,
1390 2912 1558 2971 unde
1589 2914 1779 2973 etiam
1813 2916 2074 2990 possent
2103 2911 2323 2989 aliqua
2356 2913 2612 2990 corrigi.
2647 2912 2940 2989 Exempli
2973 2913 3218 2990 gratia,
3265 2913 3566 2974 mendum
3613 2933 3733 2975 re—

463 2992 709 3083 peritur
738 2993 803 3052 in
831 2993 996 3083 Ed_it.
1043 2991 1424 3083 Theodoreti
1475 2992 1642 3083 loco.
1699 2991 1796 3083 sic
1825 2991 2186 3083 ad‘liter‘am
2217 2993 2642 3083 interpretato
2674 3011 2688 3050 :
2723 2991 2869 3069 Ego
2897 2991 3072 3083 ipse,
3098 2991 3223 3058 ait,
3255 3010 3552 3083 meorum
3588 3012 3735 3083 ma—

457 3071 662 3132 lorum
676 3091 862 3153 causa
895 3072 1011 3153 fui,
1049 3080 1159 3153 tua
1183 3089 1325 3133 vero
1345 3071 1608 3153 justitia
1632 3070 1998 3153 resplendet.
2031 3071 2287 3131 Etenim
2312 3070 2701 3153 sijudici-um
2732 3070 3361 3153 constituaturtetc”
3389 3073 3499 3133 ubi
3531 3073 3735 3133 inter-

461 3169 645 3228 pres,
677 3151 849 3212 mala
882 3149 1070 3230 grzcci
1109 3157 1321 3212 textus
1350 3149 1892 3228 finterpunctione
1941 3150 2204 3221 ductus,
2251 3149 2524 3210 verbum
2567 3151 2659 3212 sic
2700 3149 2780 3211 ad
2850 3151 3022 3211 hunc
3077 3149 3419 3211 articulum
3477 3153 3736 3230 phrasis

458 3231 708 3302 retulit,
741 3231 798 3310 si
829 3231 1147 3310 judicium
1170 3232 1610 3297 constituatur,
1639 3249 1782 3289 cum
1812 3249 1846 3290 c
1879 3230 2206 3290 contrario
2232 3230 2660 3310 oportuisset,
2693 3230 2928 3310 potiori
2979 3231 3496 3310 interpun_ctione
3539 3232 3735 3292 adhi-

461 3310 592 3370 hita
615 3353 631 3379 ,
682 3308 1054 3390 adverbium
1099 3311 1189 3370 sic
1228 3310 1468 3370 referre
1511 3310 1590 3371 ad
1638 3310 1751 3370 has
1772 3389 1775 3390 ν
1797 3327 1986 3369 voces
2008 3354 2023 3382 ,
2058 3317 2166 3369 tua
2190 3327 2336 3390 vero
2353 3309 2617 3389 justitia
2643 3309 3009 3390 resplendet.
3040 3308 3407 3390 Legenodum
3439 3329 3591 3390 ergo
3615 3357 3630 3378 ,
3665 3317 3737 3371 ut

459 3390 753 3468 sequitur
785 3409 799 3447 :
828 3389 973 3467 Ego
1007 3390 1166 3467 ipse,
1200 3390 1327 3455 ait,
1358 3407 1629 3449 meorum
1661 3389 1964 3449 malorum
2013 3407 2196 3449 causa
2234 3389 2332 3468 fui
2356 3387 2373 3458 ξ
2405 3399 2514 3448 tua
2542 3406 2686 3448 vero
2705 3387 2968 3468 justitia
2997 3387 3178 3449 etiam
3205 3387 3297 3468 sic
3324 3387 3541 3449 elucet:
3574 3391 3738 3451 Nam

459 3469 516 3528 si
556 3467 877 3546 judicium
926 3470 1374 3532 constituatur.
1435 3474 1554 3528 etc.
1611 3468 1689 3526 Et
1729 3468 1821 3528 sic
1859 3467 2302 3545 interpretatio
2347 3486 2494 3528 cum
2534 3485 2726 3528 versu
2775 3467 3151 3544 Scriptura),
3193 3467 3304 3544 qui
3349 3470 3733 3546 explicatur,

462 3552 798 3610 consonat.
822 3548 1134 3610 Caeterum
1165 3549 1269 3608 ille
1300 3546 2083 3625 Pseudo—Chrysostomus
2110 3592 2126 3619 ,
2155 3549 2269 3624 qui
2303 3553 2500 3608 totam
2533 3547 2600 3606 in
2631 3547 2805 3607 hunc
2836 3547 3159 3608 Psalmum
3188 3547 3568 3608 Theodoreti
3599 3550 3738 3608 Ex—

463 3627 848 3702 positioncm
883 3628 950 3687 in
982 3627 1313 3688 homiliam
1365 3643 1548 3686 suam
1580 3625 1856 3697 invexit,
1886 3627 2088 3686 multo
2121 3627 2310 3704 plura
2340 3626 2417 3687 de
2452 3644 2572 3688 suo
2617 3626 2848 3705 adjecit
2879 3646 2892 3684 :
2927 3642 3321 3704 quamquam
3366 3647 3447 3688 ex
3486 3629 3563 3688 iis
3593 3646 3738 3705 quas

465 3705 650 3768 hodie
678 3707 850 3785 apud
879 3707 1352 3768 Theodoretum
1384 3722 1512 3764 non
1542 3710 1800 3785 exstant
1831 3710 2090 3782 possent
2120 3705 2401 3784 plurima
2442 3723 2480 3768 a
2531 3705 3264 3785 Pseudo;Chrysostomo
3291 3707 3490 3768 allata
3525 3752 3541 3778 ,
3588 3725 3737 3767 vere

464 3784 848 3847 Theodoreti
881 3805 1022 3848 esse
1057 3807 1071 3844 :
1111 3803 1148 3846 a
1179 3786 1374 3864 longo
1405 3785 1574 3845 enim
1597 3784 1729 3863 jam
1767 3789 2053 3863 tempore
2082 3786 2316 3864 Opinor
2343 3785 2725 3847 Theodoreti
2757 3784 3298 3857 Commentarios,
3330 3792 3401 3846 ut
3429 3787 3492 3846 in
3537 3787 3736 3847 Editis

462 3871 753 3936 exstant,
780 3884 908 3926 non
937 3867 1161 3944 plenos
1193 3866 1606 3943 integrosque
1629 3882 1794 3924 esse.

544 4043 573 4112 §
606 4036 718 4096 XI.
752 4069 826 4076 —
856 4030 1344 4095 Commentaries
1373 4026 1638 4089 Eusebii
1663 4027 2062 4090 Cwsaricnsis
2091 4029 2158 4089 in
2185 4027 2501 4088 Psalmum
2554 4027 2649 4088 LI
2673 4026 2920 4086 nomine
2949 4025 3371 4105 Chrysostomi
3427 4027 3649 4088 editus.

544 4206 815 4266 Diverso
847 4199 1086 4261 fraudis
1119 4215 1378 4269 genere,
1407 4199 1482 4254 ut
1509 4193 1667 4262 dixi,
1701 4196 1852 4254 sunt
1879 4192 1980 4252 usi
2010 4191 2130 4259 illi,
2163 4191 2275 4269 qui
2307 4188 2610 4250 ementito
2640 4187 3080 4269 Chrysostomi
3117 4188 3375 4269 nomine
3394 4187 3624 4269 multa,
3671 4189 3736 4248 in

465 4286 678 4347 lucem
707 4282 1084 4344 emiserunt.
1118 4267 1230 4338 Ille
1260 4275 1500 4352 quippe
1529 4289 1728 4350 supra
1759 4278 2152 4333 memoratus
2174 4267 2332 4352 {qui
2365 4275 2755 4352 postremam
2790 4269 2854 4327 in
2914 4267 3234 4352 Psalmom
3291 4268 3338 4326 L
3393 4267 3740 4352 Homiliam

465 4363 1056 4431 eousarcinaverat,
1088 4362 1159 4416 ut
1187 4347 1506 4416 fallaciam
1536 4347 2081 4431 suamobtegeret,
2113 4349 2502 4431 principium
2535 4347 2812 4431 homilia;
2841 4365 2923 4406 ex
2952 4347 3551 4431 aliisghrysostomi
3575 4365 3743 4424 ope—

467 4446 650 4504 ribus
680 4425 1052 4509 mutuatus,
1068 4433 1454 4496 Theodoreti
1482 4431 1664 4492 dictis
1695 4425 1911 4491 multa
1927 4430 2056 4490 alia
2083 4425 2560 4509 admiscuerat;
2582 4426 2686 4509 hic
2712 4425 3069 4509 autemqui
3098 4425 3358 4486 Eusebii
3389 4425 3743 4486 Commen—

468 4524 706 4584 tarium
737 4522 802 4580 in
832 4504 1156 4580 Psalmum
1185 4515 1264 4575 Ll
1291 4513 1750 4591 Chrysostomo
1794 4508 2144 4591 adscripsit
2175 4553 2191 4581 ,
2214 4508 2403 4591 “satis
2455 4504 2972 4591 habuiLEusebii
3007 4521 3571 4591 nomen_am_ove_re
3605 4549 3622 4577 ,
3651 4510 3744 4591 et

467 4599 906 4679 Chrysostomi
939 4614 1172 4679 nomen
1204 4583 1622 4679 substituere,
1648 4594 1720 4679 ut
1748 4589 1922 4679 vides
1955 4583 2330 4679 incolLéB‘.)
2359 4585 2629 4679 hujusce
2658 4585 2864 4644 Tomi.
2885 4667 2899 4679 Δ
2923 4584 3062 4676 Non
3117 4583 3420 4679 cogitavit
3473 4583 3740 4679 {Eusebii

474 4663 715 4759 stylum
745 4676 1072 4759 aJoannis
1103 4671 1542 4759 Chrysostomi
1574 4669 1740 4759 stylo
1769 4667 2108 4759 admodum
2138 4665 2392 4759 differre
2420 4665 2650 4759 ;‘i.llum
2678 4681 2830 4759 esse.
2850 4663 3198 4742 strigosum
3226 4668 3292 4759 et
3323 4663 3740 4759 perplexum;

480 4742 658 4820 hunc
685 4756 1167 4835 perspicuitate,
1200 4742 1419 4835 lepore
1449 4755 1511 4835 et
1538 4742 1865 4835 elegantia
1874 4765 2110 4835 omnes
2141 4743 2985 4835 ecclesiasticos.scriptores
3017 4757 3351 4835 superare.
3408 4742 3580 4835 Nihil
3610 4742 3746 4835 mi—

483 4857 629 4898 rum
658 4821 812 4916 ergo
841 4821 893 4896 si
927 4834 1044 4916 viri
1067 4821 2439 4916 depth-nominatimque}?lleroontius,pro
2452 4822 2675 4916 spurio
2697 4822 3184 4916 etsupposititio
3209 4822 3383 4916 hunc
3411 4823 3475 4882 in
3505 4821 3741 4912 Psalm.

472 4918 552 4978 LI
579 4900 1123 4978 Com'mentarium
1153 4900 1534 4976 habuerint;
1568 4900 1926 4967 sed-nullus
1957 4905 2167 4966 adhuc
2221 4900 2578 4972 subolfecit,
2636 4919 2778 4962 esse
2832 4918 2981 4961 vere
3034 4901 3296 4960 Eusebii
3327 4900 3744 4963 Caesariensis

474 4995 850 5075 opus,_quia
879 4992 1172 5075 nondum
1193 4988 1477 5075 ejus-dem
1507 4986 1980 5075 pomﬁmentaria
2009 4985 2076 5044 in
2106 4984 2391 5075 Ilsalmos
2422 4983 2631 5075 lucem
2664 4980 2986 5075 viderant,
3018 4998 3164 5075 qua:
3191 4979 3447 5075 (Ie-mum
3484 4979 3746 5075 ‘publici

476 5058 788 5156 iuris'fe'ci
818 5089 992 5134 anno
1022 5069 1176 5130 1706
1209 5058 1475 5156 {ibique
1506 5062 2606 5156 hic_Psalmu's_cum.Commentario‘
2625 5071 2744 5120 suo
2776 5059 3068 5156 habetur.
3099 5058 3412 5149 Quodque
3441 5061 3745 5150 observes

481 5137 672 5218 'velim
705 5173 719 5212 :
751 5153 816 5213 hi
847 5147 1305 5214 Commentarii
1337 5137 1419 5206 a'b
1450 5145 1570 5205 hoc
1595 5145 1849 5208 Psalmo
1879 5143 1979 5214 LI,
2012 5143 2120 5221 qui
2153 5160 2387 5220 agmen
2441 5140 2614 5221 ducit
2665 5155 2874 5221 usque
2903 5137 2981 5196 ad
3011 5138 3502 5221 nonagesimum
3531 5138 3741 5221 quin_—

478 5217 637 5306 tum,
669 5251 754 5294 ex
783 5231 1011 5293 Codice
1040 5226 1439 5306 Coisliniano
1470 5223 2004 5306 praastantissimo
2034 5217 2283 5306 decimi
2339 5219 2557 5306 saeculi
2612 5218 3024 5306 educ_ti_sunt,
3057 5217 3232 5306 iique
3262 5217 3540 5306 in_tegri_,_
3576 5218 3744 5306 simi2

477 5295 782 5376 siue'ulla
811 5310 1178 5388 suspicione
1211 5306 1308 5368 vel
1338 5295 1580 5388 advecti
1610 5303 1870 5388 aliunde
1899 5302 2250 5388 assumenti
2270 5298 2653 5388 cuju‘sp‘iam,
2675 5295 3408 5388 vel‘dctruncatze‘seriei
3436 5317 3452 5366 ;
3477 5295 3543 5388 id
3573 5295 3749 5388 quod

481 5394 690 5472 perito
719 5375 948 5460 cuivis:
980 5389 1032 5449 si
1066 5385 1576 5472 manuscriptum
1607 5383 1788 5472 illum
1817 5382 2110 5472 codicem
2141 5375 2522 5472 exploret‘et
2548 5375 3072 5472 evolvat,.palarm
3103 5375 3245 5434 erit.
3278 5376 3442 5472 liuic
3475 5379 3623 5472 item
3654 5375 3748 5436 rei

483 5453 670 5534 iidem
701 5469 852 5532 facit
890 5453 995 5529 hic
1023 5465 1318 5545 quisquis
1351 5453 1609 5524 tandem
1638 5462 1745 5532 sit,
1777 5461 1889 5546 qui
1923 5461 2112 5546 hujus
2142 5453 2376 5546 Psalmi
2407 5453 2959 5546 Commentariurn
2991 5453 3482 5546 Ehrysostomm
3509 5459 3742 5546 temere

485 5550 851 5627 adscripsit,
883 5535 1128 5626 quique
1159 5535 1360 5627 totum
1394 5549 1462 5602 ut
1491 5547 1631 5602 erat
1657 5535 2209 5627 accepit._R'eliqu.i
2239 5543 2480 5627 autem_
2501 5535 2960 5627 commentarii
2992 5535 3392 5627 Psalmorum
3424 5535 3748 5627 abniuitio

483 5631 562 5692 ad
593 5613 1205 5708 quinquagesimum
1235 5623 1537 5708 primum,
1569 5637 1606 5708 a
1637 5613 2056 5708 nonagesimo
2085 5613 2313 5708 quinto
2340 5617 2419 5708 a‘d
2447 5615 2761 5708 decimum
2771 5618 3117 5708 'octavuin‘,
3145 5613 3255 5708 qui
3285 5613 3744 5708 totumllibrum

483 5690 814 5780 terminat,
847 5690 930 5767 ex
957 5690 1396 5781 Manuscripto
1426 5690 1707 5781 quodam
1736 5690 2145 5781 recenti,oqu'_i
2175 5697 2333 5781 olim
2357 5694 2738 5781 Ca_rdinal_is_
2771 5693 3070 5781 Perronii
3090 5691 3254 5781 fuit,‘
3287 5699 3349 5752 et
3377 5711 3458 5752 ex
3483 5690 3745 5781 Catenis

483 5769 699 5850 educti
731 5769 913 5856 sunt;
947 5803 1155 5862 neque
1185 5783 1273 5842 ita
1291 5769 1532 5857 integri
1564 5784 1625 5862 et
1655 5779 1830 5862 sani:
1863 5769 2070 5839 sedili
2098 5779 2173 5838 iis
2209 5774 2588 5862 multa__hiuc
2617 5779 2679 5862 et
2710 5771 2870 5862 inde
2900 5771 3379 5862 desiderantur;
3440 5776 3501 5830 et
3529 5769 3756 5851 aliqua

492 5872 723 5936 habent
751 5867 866 5930 etsi
898 5851 1070 5939 raro,
1103 5870 1168 5926 ut
1202 5851 1464 5942 quidem
1491 5860 1810 5934 cxisitimo,
1845 5865 2218 5921 assumenta
2249 5875 2326 5917 cx
2361 5855 2501 5917 aliis
2534 5851 2950 5932 scriptoribus
2981 5851 3228 5912 educta.
