4074 6356
352 382 423 438 2’!
1780 379 2163 436 Pli/EFATIO.
3576 389 3646 446 ‘50

356 503 385 574 §
431 466 600 584 ξιιζ.
623 533 697 544 -ο
739 495 1151 584 peliomiliis
1182 514 1308 584 una
1339 502 1390 553 ct
1417 494 1784 584 tri‘gintafx
1809 496 2040 584 Codice
2067 498 2415 576 Anglicano
2437 499 2708 584 eductis:
2733 498 2840 564 ubi
2870 503 2940 584 in
2959 503 3114 564 serie
3143 500 3644 584 Expositionum

432 578 800 664 S._Joannis
824 576 1274 664 Chrysosioini,
1306 594 1441 664 quae
1469 575 1804 654 deperdita
1810 575 1948 655 jam
1969 575 2243 656 fuerant,
2284 599 2323 638 a
2349 581 2564 642 multis
2589 579 2727 659 jam
2755 582 2999 644 swculis
3027 575 3317 664 reposin
3342 586 3636 664 fuerunt.

429 658 534 719 sed
572 665 784 736 aperte
809 656 1237 736 supposititiae
1271 663 1440 716 sunt.

430 781 546 842 Ubi
579 780 856 859 primum
898 779 1340 839 renuntiatum
1373 774 1528 859 mihi
1562 774 1710 859 fuit,
1733 775 1922 854 jussu
1943 777 2906 859 amplissimieruditissimique
2940 783 3056 843 viri
3088 780 3359 845 Joannis
3399 785 3634 845 Potteri

349 855 639 938 episcopi
697 858 1125 929 Oxoniensis,
1182 873 1325 939 esse
1378 855 1616 939 Oxonii
1661 855 2175 939 mauiuscriptum
2219 857 2553 929 Codicem,
2608 860 2720 937 qui
2791 855 3311 939 Expositionum‘
3365 865 3633 926 Joannis

348 934 828 1018 Clirysostomi,
861 955 1088 1018 earum
1113 936 1534 1018 scilicet_quze
1561 934 1696 1018 jam
1722 934 1903 996 editae,
1937 940 2138 1018 sunt:
2153 942 2411 1018 partem
2439 934 2834 1012 contineret,
2867 934 2930 1000 οἰ
2969 943 3030 1000 in
3068 943 3289 1001 eadem
3328 947 3494 1003 serie
3524 946 3634 1003 tri-

349 1015 528 1098 ginta
564 1036 763 1080 unam
795 1017 1080 1099 nondum
1109 1016 1326 1099 editas
1351 1015 1802 1099 E_xpo_silione‘s
1826 1057 1841 1085 ,
1868 1030 1907 1075 a
1936 1015 2511 1099 LXXVilul’salino
2554 1019 2664 1095 qui
2694 1037 2926 1096 agmen
2971 1021 3265 1093 duceret,
3301 1021 3379 1082 ad
3424 1041 3633 1099 usque

350 1092 776 1159 centesimum
804 1097 1184 1178 septimum,
1217 1093 1331 1178 qui
1360 1092 1726 1163 clauderet;
1760 1093 1849 1153 ita
1891 1098 1962 1153 ut
2005 1100 2155 1178 post
2193 1096 2371 1154 illum
2396 1092 2839 1178 centesimum
2872 1101 3213 1176 septimum
3261 1092 3631 1178 expositum

351 1179 675 1239 Psalmum
710 1173 932 1256 statim
955 1174 1175 1256 eadem
1207 1174 1374 1234 serie
1403 1178 1787 1256 sequeretur
1828 1173 2158 1256 centesimi
2202 1175 2410 1236 octavi
2436 1176 2778 1254 Expositio
2801 1222 2817 1249 ,
2863 1173 3077 1255 qualis
3113 1180 3176 1238 in
3225 1173 3402 1256 prius
3429 1181 3630 1241 Editis

349 1259 716 1327 exhibetur,
750 1262 826 1318 et
855 1255 996 1316 alite
1035 1251 1332 1330 deinceps
1360 1270 1568 1328 usque
1607 1250 1684 1312 ad
1717 1252 2010 1312 Psalterii
2053 1253 2283 1325 ﬁnem;
2321 1255 2406 1315 ita
2441 1261 2508 1315 ut
2541 1250 2742 1317 etiam
2776 1250 3103 1318 centesimi
3152 1250 3379 1320 decimi
3415 1260 3629 1321 octavi

348 1335 586 1398 Psalmi
624 1335 1002 1416 Expositig,
1034 1351 1178 1416 quae
1217 1334 1289 1416 in
1331 1331 1530 1416 Ediiis
1558 1330 2064 1416 desiderabatur,
2095 1332 2328 1416 i_bid_e_m
2372 1341 2772 1416 compareret
2805 1356 2819 1394 :
2870 1339 3111 1397 obnixe
3146 1339 3368 1416 rogavi
3405 1341 3632 1400 mitte-

349 1422 598 1497 rentur,
632 1411 902 1497 sperans
939 1412 1394 1497 Expositiones
1429 1411 1570 1497 illas
1604 1411 1867 1497 inserie
1891 1411 2160 1472 Joannis
2198 1411 2642 1497 _Ch_rysostomi
2686 1416 2961 1497 positas,
3002 1435 3148 1477 vere
3185 1411 3623 1497 Cilrysostomi

350 1496 598 1556 futuras
630 1490 793 1576 esse.
823 1496 1138 1576 Accurate
1177 1492 1532 1576 exscriptas
1561 1490 1750 1576 misi_t_
1765 1490 1861 1550 vir
1886 1490 2490 1576 praestantissimus;
2523 1490 2864 1576 quas—cum
2905 1496 3200 1576 legissem
3228 1543 3244 1568 ,
3277 1490 3627 1576 suppositi-

350 1577 469 1636 tias
502 1593 644 1644 esse
677 1573 1066 1651 deprehendi
1093 1617 1108 1644 ,
1143 1589 1350 1648 eoque
1393 1570 1651 1642 ordine,
1686 1569 1993 1651 illaserie
2023 1572 2264 1651 positas
2291 1619 2306 1640 ,
2352 1578 2425 1631 ut
2456 1569 2703 1633 facilius
2730 1574 2942 1635 fucum
2970 1569 3282 1636 facerent.

385 1711 390 1716 .
425 1654 640 1715 Codex
663 1650 877 1715 autem
930 1653 1038 1713 ille
1068 1651 1180 1728 qui
1210 1651 1328 1712 has
1384 1668 1626 1730 merces
1665 1650 1850 1730 nobis
1893 1650 2143 1730 attulit,
2191 1657 2411 1711 notam
2437 1653 2590 1713 anni
2623 1671 2752 1730 pra:
2783 1672 2850 1714 se
2883 1655 3032 1724 fert,
3075 1661 3291 1716 notam
3320 1656 3472 1717 item
3496 1656 3622 1717 loci

348 1735 413 1796 in
444 1751 576 1812 quo
610 1733 966 1810 descriptus
1007 1731 1158 1813 fuit_,
1201 1730 1478 1813 etquasi
1523 1729 1848 1813 dimidiam
1890 1729 2183 1790 Psalterii
2227 1736 2469 1813 partem
2512 1729 2873 1813 expositam
2930 1736 3218 1795 continet
3268 1755 3282 1793 :
3341 1754 3624 1813 vereque

345 1809 606 1873 dimidia
633 1831 784 1889 pars
812 1809 980 1872 esset
1003 1810 1295 1892 Psalterii
1328 1826 1366 1869 a
1393 1809 2124 1892 JoanneChnysostomo
2150 1810 2464 1892 expositi,
2506 1811 3049 1892 siiExpositioncs
3081 1832 3306 1874 omnes
3333 1809 3620 1892 ejusdem

345 1893 553 1954 sancti
583 1887 863 1952 doctoris
901 1895 1138 1951 essent.
1171 1890 1333 1950 Nota
1365 1905 1557 1966 porro
1593 1887 1700 1947 illa
1744 1887 1837 1948 sic
1863 1889 2053 1947 habet
2088 1907 2102 1944 :
2131 1889 2425 1966 Scriptus
2452 1899 2535 1949 cst
2564 1890 2664 1954 hic
2696 1887 2856 1952 iiber
2880 1893 3273 1954 Psalmorum
3298 1887 3619 1956 in'cclebri

317 1972 720 2032 .monaste-rio
752 1970 1006 2038 Gaicsii,
1035 1969 1295 2028 hortatu
1324 1965 1701 2028 sanctissimi
1744 1967 1955 2042 patris
1989 1969 2196 2027 nostri
2231 1965 2694 2031 hieromonachi
2738 1971 2978 2033 domini
3013 1971 3406 2034 Galactionis
3436 1975 3579 2035 caici
3605 2022 3618 2040 .

309 2063 508 2110 “anno
552 2051 711 2110 6793
740 2046 878 2129 (hoc
903 2060 1018 2115 est,
1043 2048 1277 2110 Christi
1304 2046 1881 2129 1285),_indictio_nc
1919 2045 2014 2106 13.
2046 2046 2412 2129 Estautcm
2461 2049 2895 2126 inlerprclalio
2927 2051 3200 2112 dimidim
3239 2055 3444 2129 partis
3471 2052 3624 2116 libri

340 2125 757 2192 Psalmorum'
780 2130 983 2189 sancti
1003 2129 1214 2208 patris
1241 2127 1448 2187 nostri
1464 2125 1747 2186 Joannis
1774 2125 2192 2208 Chrysostomi
2220 2125 2672 2208 archiepiscopi
2705 2125 3416 2208 Conslantinopolitani.

325 2275 334 2290 τ
421 2211 514 2269 Εη
555 2209 880 2290 dimidiam
924 2205 1218 2290 Psalterii
1266 2210 1514 2284 partem
1562 2222 1602 2266 a
1631 2205 2106 2290 septuagesimo
2153 2205 2530 2290 septimo’ad
2563 2205 2979 2270 centesimum
3009 2205 3624 2290 quinquagesimum

311 2285 705 2359 ~‘Psalmum,
733 2289 1014 2350 Psalmos
1035 2286 1325 2347 videlicet
1353 2285 1761 2366 septuaginta
1787 2289 2070 2366 quatuor
2104 2287 2529 2366 posteriores,
2579 2306 2859 2365 quorum
2905 2285 3345 2366 quadraginta
3397 2290 3527 2354 duo
3577 2308 3614 2351 a

339 2369 800 2448 Chrysostomo
823 2367 1125 2448 expositi
1178 2371 1369 2436 sunt;
1425 2364 1968 2448 trigintaautem
2001 2363 2128 2423 duo
2158 2365 2276 2448 alii
2335 2363 2635 2448 adjectitii
2666 2412 2692 2448 ,ξ
2727 2363 3262 2430 connumerando
3300 2369 3626 2448 rvidelieet

341 2442 762 2509 cenfesimum
806 2442 1488 2526 deci'mumioctavumj
1521 2442 1604 2504 ab
1634 2442 1857 2521 aliquo
1885 2443 2093 2526 otioso
2115 2443 2251 2504 viro
2273 2489 2288 2514 ,
2311 2442 2617 2526 ementito
2657 2446 3098 2526 Chrysostomi
3139 2447 3431 2520 nomine,
3469 2467 3614 2510 cum

338 2526 870 2606 Expositionibus
902 2526 1036 2587 suis
1067 2525 1215 2606 editi
1239 2529 1412 2606 sunt.
1443 2524 1586 2606 Jam
1615 2540 1766 2582 vero
1792 2523 2351 2606 quaeriturutrum
2376 2524 2428 2584 is
2452 2569 2468 2595 ,
2498 2527 2608 2602 qui
2657 2523 2985 2587 dimidiam
3022 2533 3412 2604 postremam
3439 2529 3616 2590 Psal—

339 2601 484 2668 terii
535 2611 786 2684 partem
825 2606 917 2666 sic
955 2605 1330 2682 complevit,
1364 2605 1654 2684 priorem
1675 2602 1814 2679 pari
1842 2601 2032 2662 modo
2060 2601 2387 2684 dimidiam
2418 2601 2665 2681 partem
2697 2601 3073 2667 absolverit.
3123 2606 3308 2667 Certe
3355 2610 3614 2684 quando

339 2685 432 2748 sic
460 2681 874 2763 in'postrema
903 2681 1162 2744 dimidia
1190 2681 1403 2760 parte,
1449 2699 1596 2760 quae
1622 2681 2038 2763 deerantsuo
2065 2681 2272 2763 Marte
2309 2684 2664 2763 supplevit,
2704 2692 2859 2762 puto
2895 2685 3238 2747 admodum
3278 2681 3614 2756 probabile

337 2783 512 2837 esse,
547 2759 677 2824 non
731 2764 1154 2844 posteriorem
1189 2759 1438 2844 tantum
1469 2759 1719 2844 partem
1765 2759 2094 2822 dimidiam
2125 2759 2465 2844 abeodem
2497 2763 2636 2844 ipso
2687 2759 3071 2842 completam
3120 2765 3615 2844 absolutamque

337 2844 558 2905 fuisse.
591 2839 753 2906 Nam
781 2861 1094 2922 quorsum
1128 2843 1234 2903 ille
1268 2843 1380 2922 qui
1411 2846 1624 2901 tantos
1657 2840 1870 2922 hiatus
1906 2858 2049 2922 esse.
2082 2839 2336 2922 videbat
2365 2843 2448 2902 ab
2503 2839 2687 2902 initio
2713 2844 2790 2905 ad
2824 2839 3029 2920 ipsum
3061 2864 3221 2922 pene
3263 2839 3612 2914 finemfde

337 2926 696 3001 posteriore
722 2919 972 2984 tantum
1002 2921 1548 3001 sarciendaparte
1579 2919 2044 3001 cogitavisset?
2080 2921 2178 2980 An
2207 2921 2486 2997 priorem
2519 2922 2698 2982 illum
2732 2919 2973 2985 hiatum
3010 2919 3283 2984 vacuum
3316 2922 3616 3001 reliquisf

334 2996 470 3074 set,
517 3004 628 3064 ubi
659 3008 786 3064 tres
817 3003 1027 3063 solum
1055 3001 1286 3062 Psalmi
1330 2996 1893 3070 desiderabantur,
1954 2996 2499 3078 primus’nempe,
2546 3002 2866 3063 secundus
2910 3009 2973 3062 et
3016 3004 3279 3072 tertius;
3313 2996 3608 3078 nam-qni

333 3083 564 3144 tertius
584 3083 919 3162 expositus
951 3082 1248 3162 Psaimus
1279 3098 1460 3162 nunc
1473 3079 2072 3162 agmen_dncit,non
2088 3078 2275 3138 modo
2303 3079 2381 3140 ad
2414 3080 2578 3162 hanc
2607 3081 2840 3142 seriem
2859 3099 3000 3162 non
3031 3081 3326 3162 pertinet,
3350 3089 3422 3142 ut
3441 3079 3615 3140 dixi-

334 3181 514 3236 mus,
544 3161 656 3222 sed
675 3159 888 3224 etiam
915 3178 997 3223 an
1025 3159 1465 3240 Chrysostomi
1489 3178 1638 3240 vere
1671 3159 1751 3218 sit
1796 3159 2110 3218 incertum
2132 3164 2266 3229 est;
2302 3176 2452 3218 num
2473 3203 2491 3240 ,
2523 3159 2821 3240 inquam,
2857 3159 3304 3240 huuc’hiatnm
3336 3165 3608 3238 praeter-

333 3242 642 3314 misisset,
671 3246 744 3302 ut
777 3241 858 3304 ad
885 3237 1306 3320 posteriorem
1337 3237 1741 3300 sarciendam
1786 3242 2032 3320 partem
2073 3239 2492 3320 properaret?
2529 3239 2686 3320 Illud
2732 3247 2904 3320 certe
2935 3239 3283 3300 verisimile
3324 3237 3453 3302 non
3486 3246 3607 3299 est.

331 3321 552 3398 Neque
592 3327 809 3382 tamen
845 3314 1054 3382 ausim
1083 3339 1216 3380 rem
1246 3325 1314 3379 ut
1345 3323 1657 3398 assertam
1697 3321 1760 3378 et
1789 3314 2224 3398 indubitatam
2274 3314 2537 3398 clierre:
2578 3318 2746 3398 illud
2794 3325 3009 3379 autem
3064 3325 3310 3398 certum
3359 3325 3495 3391 est,
3553 3323 3606 3380 si

337 3396 484 3462 vere
517 3401 798 3477 priorem
825 3406 1071 3479 partem
1098 3399 1511 3477 compleverit
1535 3396 1804 3475 ejusque
1834 3397 2280 3474 supplementa
2311 3396 2438 3456 sint
2464 3397 2732 3469 amissa,
2763 3417 2839 3460 ea
2859 3416 2985 3458 non
3015 3415 3250 3478 magno
3277 3397 3617 3476 dispendio

376 3497 622 3540 erusse.

649 3559 884 3620 mirum
913 3563 1231 3638 quantum
1266 3573 1306 3618 a
1333 3555 1772 3638 Chrysostomi
1813 3555 1981 3633 stylo
2015 3553 2268 3638 differt:
2311 3571 2459 3638 nam
2513 3557 2788 3638 scriptor
2819 3557 2936 3638 iste
2985 3558 3313 3638 strigosus
3342 3559 3611 3618 omnino

329 3646 451 3711 est,
474 3634 683 3700 verbis
715 3644 900 3700 utens
926 3634 1054 3698 non
1084 3637 1262 3699 lectis
1292 3654 1410 3698 nec
1428 3634 1786 3698 communis
1819 3652 2001 3695 usus.
2024 3634 2296 3711 Aquilio,
2329 3634 2688 3713 Symmachi
2724 3644 2783 3696 et
2815 3634 3275 3697 'l‘heodotionis
3304 3637 3610 3700 lectiones

328 3723 628 3796 usurpat.
651 3723 713 3780 et
735 3736 812 3780 ea
839 3719 915 3782 de
939 3734 1138 3786 causa
1169 3719 1335 3778 inter
1365 3715 1594 3793 Spuria
1617 3732 1656 3776 a
1681 3714 1867 3774 nobis
1896 3713 2102 3796 editus
2135 3720 2264 3796 est;
2305 3731 2454 3796 nam
2485 3713 2775 3792 alioquin
2806 3717 2868 3774 in
2888 3717 3186 3796 tenebris
3211 3717 3613 3796 reliquisse-

328 3792 514 3858 musf
531 3799 707 3860 Licet
742 3798 911 3859 enim
941 3797 1081 3875 ejus
1107 3792 1559 3874 Expositiones
1591 3799 1938 3870 utcumque
1967 3792 2238 3875 ferenda:
2272 3793 2640 3875 videantur,
2673 3800 2847 3856 tanta
2886 3795 3250 3872 hujusmodi
3297 3792 3612 3875 interpre-

328 3879 645 3938 talionum
672 3872 1709 3956 allegoricarum.anagogicarum
1736 3878 1798 3934 et
1821 3872 2170 3956 imoralium
2194 3873 2838 3956 co_pia_ahundamus3
2875 3875 3256 3956 utvixinovi
3278 3872 3610 3954 quidpiam

327 3957 392 4016 in
423 3948 1016 4035 hnjusmodi'rebus
1051 3973 1314 4033 sperare
1339 3948 1560 4035 iiceat.
1593 3948 2038 4035 Posteriorum
2074 3969 2226 4011 vero
2261 3952 2658 4035 l’salmorum
2709 3970 2747 4014 a
2791 3953 2989 4035 XCIX
3031 3954 3108 4015 ad
3142 3948 3350 4035 usque
3381 3948 3568 4016 tinem
3590 4001 3608 4028 ,

326 4030 578 4097 necnon
609 4034 866 4096 CXVIII
903 4030 1132 4096 Psalmi
1179 4034 1642 4114 Expositiones
1664 4031 2225 4114 praetermisimus,
2257 4033 2412 4108 quia
2442 4030 2576 4110 jam
2634 4032 3002 4093 eorumdem
3037 4030 3437 4095 Psalmoruln
3459 4053 3612 4114 spu-

327 4116 484 4186 rias,
511 4117 621 4178 sed
653 4117 750 4177 bis
780 4116 1103 4188 meliores,
1132 4114 1584 4193 Expositiones
1609 4111 2012 4172 dederamus.

464 4218 492 4288 §
523 4218 662 4277 XV.
701 4252 776 4260 —
806 4218 897 4276 De
943 4215 1270 4276 collectore
1323 4213 1831 4293 Expositionum
1860 4211 2293 4290 Chrysostomi
2319 4211 2387 4271 in
2422 4211 2706 4274 Psalmos
2744 4211 2956 4291 quales
2983 4230 3152 4274 nunc
3179 4213 3487 4277 habemus.

407 4321 743 4397 Dispersas
774 4319 924 4398 olim
955 4317 1393 4398 Chrysostomi
1419 4313 1875 4398 Expositiones
1908 4314 1972 4373 in
2000 4313 2313 4398 Psalmos,
2343 4332 2488 4398 cuni
2512 4314 2647 4398 jam
2679 4333 2904 4376 earum
2936 4318 3430 4398 quamplurima;
3459 4337 3612 4396 per—

327 4394 590 4468 iissenl,
646 4400 741 4458 vir
769 4397 1032 4476 quidam
1062 4394 1402 4474 religiosus
1425 4400 1500 4476 et
1523 4394 2017 4476 Christiamans
2050 4394 2336 4476 undique
2367 4394 2663 4474 collegit;
2698 4412 2929 4476 nomen
2971 4397 3110 4474 ejus
3149 4403 3398 4458 tacetur
3425 4394 3488 4458 in
3510 4418 3612 4460 re-

328 4479 632 4541 censione
665 4473 1010 4556 paulOpost
1031 4473 1298 4547 edenda,
1329 4475 1598 4556 ubith
1626 4473 1956 4556 discimus,
1988 4478 2049 4556 ei
2079 4474 2503 4556 Psalmorum,
2527 4473 2822 4556 quorum
2857 4473 3312 4556 Expositiones
3337 4484 3608 4555 reperta:

329 4558 628 4631 fuerunt,
667 4552 1407 4636 catalogumhabemus.
1433 4555 1492 4614 Is
1520 4559 1660 4614 erat
1691 4552 1860 4613 haud
1901 4552 2091 4636 dubie
2120 4554 2221 4612 vir
2249 4570 2478 4636 sagax,
2506 4553 2782 4636 diligens
2813 4552 3156 4636 admodum
3203 4563 3265 4617 et
3295 4552 3612 4620 emunctae

329 4639 541 4704 naris;
576 4641 752 4698 tanta
781 4633 1246 4715 perquisitione
1284 4652 1442 4695 usus
1471 4637 1591 4715 est,
1629 4637 1699 4692 ut
1735 4637 1880 4715 post
1926 4633 2108 4691 illum
2153 4651 2232 4691 ne
2269 4633 2462 4715 unius
2517 4633 2776 4715 quidem
2811 4635 3041 4715 Psalmi
3086 4636 3609 4714 Expositionem,

326 4734 474 4794 quae
505 4734 653 4778 vere
683 4711 1122 4796 Chrysostomi
1154 4715 1271 4796 sit,
1310 4713 1595 4796 nancisci
1624 4711 2026 4796 potuerimus
2059 4732 2073 4781 ;
2122 4717 2375 4796 lanium
2419 4711 3258 4796 inexplorandojudicium
3288 4715 3606 4788 adhibuit,

327 4790 400 4855 ut
426 4813 509 4855 ne
534 4813 734 4856 unam
762 4790 1521 4874 quidemExpositionem
1543 4790 2698 4874 ingoliectionc__suaadmiserit,qum
2714 4809 2842 4852 non
2875 4790 2958 4852 sit
2980 4794 3608 4874 vereChrysostomi.

327 4875 397 4935 In
427 4869 992 4954 quadragesimum
1038 4869 1252 4954 tamen
1306 4872 1585 4950 primum
1617 4871 1940 4954 Psalmum
1987 4869 2332 4954 Homiliam
2379 4869 2481 4930 hic
2518 4871 2770 4947 posuit,
2800 4890 2944 4949 qua:
2977 4874 3123 4934 licet
3153 4869 3301 4935 vere
3336 4874 3616 4954 Chryso-

328 4950 518 5014 stomi
551 4961 615 5014 et
653 4950 912 5032 egregia
941 4952 1044 5020 sit,
1077 4951 1154 5013 ad
1194 4951 1866 5032 hanctamenseriem
1916 4966 2045 5032 non
2095 4950 2420 5028 pertinere
2466 4957 3032 5032 commonstratur.
3081 4954 3221 5023 Sed,
3259 4961 3326 5015 ut
3354 4950 3615 5016 credere

328 5041 424 5094 est
455 5078 471 5104 ,
505 5051 652 5094 cum
688 5030 862 5095 illam
902 5038 1087 5112 extra
1127 5033 1360 5093 seriem
1413 5030 1739 5112 propriam
1785 5031 2155 5107 reperisset,
2198 5047 2328 5089 non
2381 5030 2694 5112 aptiorem
2734 5031 2851 5112 ipsi
2898 5032 3110 5112 locum
3155 5051 3296 5094 esse
3329 5035 3611 5112 putavit,

326 5131 528 5190 quam
558 5114 610 5174 si
637 5113 939 5172 inordine
965 5109 1458 5188 Expositionum
1484 5111 1547 5170 in
1579 5109 1863 5190 Psalmos
1901 5109 2573 5190 reponeretur;ﬁubiet
2602 5126 2716 5190 nos
2751 5110 2923 5170 illam
2945 5109 3164 5173 eadem
3194 5113 3271 5173 de
3302 5109 3500 5175 causa
3517 5131 3619 5174 re-

327 5187 662 5272 liquimus.
700 5187 1186 5272 Exposiiiouem
1215 5209 1365 5272 vero
1384 5191 1613 5272 Psalmi
1645 5189 1838 5272 tertii,
1868 5207 2014 5267 qua:
2054 5207 2190 5272 non
2214 5189 2412 5272 modo
2442 5187 2518 5248 ad
2556 5189 2834 5249 aliarum
2867 5191 3098 5251 seriem
3132 5210 3259 5251 non
3293 5193 3569 5270 pertinet
3597 5238 3615 5257 .

325 5267 555 5333 verum
585 5273 778 5334 etiam
802 5267 899 5333 an
927 5270 1646 5352 Chrysostomiveresit
1672 5269 2028 5352 dubitatur,
2052 5269 2190 5352 ipse
2212 5268 2277 5327 in
2310 5267 2590 5352 aliarum
2610 5286 2882 5328 numero
2901 5287 3029 5328 non
3061 5267 3432 5349 posuit,_scd
3468 5291 3618 5350 prte-

326 5353 601 5413 termisit
634 5373 649 5423 ;
693 5353 809 5413 etsi
839 5353 921 5413 ab
943 5347 1227 5429 antiquis
1257 5350 1681 5427 scriptoribus
1708 5348 2151 5429 Chrysostgmi
2184 5347 2445 5429 nomine
2475 5356 3039 5429 commemoretur.

407 5434 622 5510 ipsam
654 5438 866 5493 tamen
905 5433 968 5491 in
1000 5427 1119 5492 hac
1147 5431 1318 5502 sede,
1342 5430 1615 5510 qualem
1653 5429 1776 5510 ipsi
1807 5427 1978 5510 dedit
2012 5427 2255 5486 Fronto
2275 5427 2569 5494 Ducaeus,
2591 5427 3032 5510 reliquimus;
3060 5430 3217 5506 quia
3247 5446 3379 5490 non
3410 5429 3612 5491 alium

335 5507 646 5589 “aptiorem
682 5512 897 5572 locum
925 5511 1299 5589 habuimus.
1325 5509 1617 5589 Cumque
1649 5507 1757 5589 illa
1791 5507 1970 5589 prior
1994 5514 2298 5584 ponatur,
2336 5521 2464 5589 non
2497 5508 2705 5582 potest
2731 5513 2902 5567 certe
2933 5509 3211 5569 aliarum
3241 5510 3478 5570 seriem
3513 5511 3612 5569 iu-

323 5584 711 5677 térturbare.
742 5591 980 5652 Causas
1001 5588 1332 5677 dubitandi
1351 5589 1423 5649 de
1457 5584 1779 5648 authentia
1801 5586 1938 5677 jain
1977 5601 2173 5663 supra
2200 5584 2558 5646 attulimus.

407 5670 787 5750 Catalogum
816 5677 1030 5732 autem
1066 5669 1248 5729 illum
1279 5667 1354 5729 de
1384 5683 1517 5746 quo
1544 5684 1764 5745 supra,
1799 5665 1967 5726 infra
1992 5681 2418 5742 apponemus.

329 5775 359 5848 ς
405 5771 572 5832 XVI.
603 5806 678 5814 —
718 5772 808 5832 De
830 5771 1074 5832 Latinis
1108 5767 1482 5832 editionibus
1509 5765 1938 5848 Chrysostomi
1968 5765 2036 5824 in
2065 5764 2369 5833 Psalmos,
2397 5783 2532 5844 quae
2560 5766 2786 5828 saeculo
2816 5764 3048 5827 decimo
3079 5775 3258 5828 sexto
3299 5770 3616 5848 prodiere.

422 5871 562 5934 Non
593 5871 697 5933 hic
745 5872 1088 5951 explorare
1144 5871 1398 5932 animus
1455 5873 1552 5933 est
1603 5869 1914 5930 editiones
1969 5867 2112 5929 illas
2154 5884 2376 5930 omnes
2409 5866 2850 5951 ChrysOstomi
2908 5869 2975 5930 in
3007 5870 3324 5948 Psalmos,
3363 5890 3509 5952 quae
3541 5870 3621 5934 ab
