4074 6356
358 349 427 402 33
1787 344 1967 404 PILEI

2024 367 2034 402 ι
2045 346 2168 406 ΤῘΟ.
3557 371 3633 429 τις

359 481 507 524 men
537 464 604 524 in
635 462 802 545 serie
837 474 1290 545 germanarum
1319 459 1400 545 ίῐι⁸
1425 459 1716 545 IIII-itione
1739 460 2098 545 Nivelliana
2121 459 2678 545 deprehendimus.
2715 459 2954 545 Estque
2987 462 3209 545 eadem
3255 465 3391 545 ipsa
3435 485 3635 545 quam

359 545 530 604 inter
558 543 780 620 spuria
805 539 924 601 nos
947 539 1258 600 edidimus
1283 540 1430 620 icol.
1462 539 1600 596 (375.
1637 541 1786 598 l‘osl.
1816 539 1990 620 illam
2022 557 2221 599 cxvm
2253 539 2548 620 sequitur
2574 540 2996 602 Oratiuncula
3027 545 3088 602 in
3122 539 3297 602 illud'
3322 564 3337 602 :
3365 539 3604 606 Bo'm'ta

361 633 475 681 tem
503 617 875 704 [ec—istiicum
900 637 1074 704 servo
1107 627 1245 704 tuo.
1276 619 1550 704 Domine.
1602 617 2045 704 Nescioundo
2077 626 2344 704 escepta
2381 618 2609 704 fuerit,
2659 621 2830 704 quod
2861 621 3077 704 ipsum
3121 622 3264 704 dico
3311 622 3389 704 de
3419 624 3638 704 siInIII.

358 697 667 780 qure'post
691 699 1175 782 Expositionem
1213 698 1439 759 Psalmi
1469 697 1796 757 centesimi
1831 697 1998 756 tertii
2027 697 2304 758 habetur
2328 699 2393 757 in
2424 699 2558 759 haec
2593 701 2812 772 verba,
2849 697 2998 761 Non
3027 702 3218 762 intres
3243 702 3309 762 in
3323 702 3641 782 judicium

362 800 498 841 cum
524 778 700 842 servo
733 778 838 841 tuo
869 826 883 847 ,
926 778 1210 838 Domine.

439 859 801 922 Secundum
832 859 964 918 haec
990 857 1272 917 occurrit
1297 856 1577 936 Homilia
1607 856 1672 915 in
1704 855 1882 926 illud,
1926 855 2188 917 Adstitit
2219 859 2438 935 regina
2477 877 2515 917 a
2556 857 2799 918 dextris
2831 859 2988 926 tuis,
3027 877 3171 936 qua:
3220 863 3316 920 est
3356 859 3637 922 secunda

360 939 437 998 de
462 937 1142 1018 EutropioiEunucho,
1168 953 1366 1018 quam
1395 935 1705 1018 edidimus
1747 937 1949 995 'l‘omo
2001 937 2228 1018 tertio._
2269 937 2508 1018 Deinde
2549 937 2828 999 Homilia
2869 939 2931 1018 in
2980 935 3160 1008 illud,
3210 940 3638 999 Verumtaan

358 1037 513 1078 vane
547 1015 964 1079 conturbatur
992 1019 1187 1077 omnis
1211 1015 1415 1081 homo,
1447 1033 1643 1092 quam
1683 1015 1850 1075 inter
1878 1016 2096 1094 spuria
2127 1016 2594 1093 ablegavimus.
2626 1018 2854 1078 Postea
2883 1017 3164 1080 Humilia
3208 1019 3276 1077 in
3310 1019 3501 1092 illud,
3542 1019 3639 1081 Ne

363 1099 644 1158 timueris
674 1117 812 1158 cum
841 1097 1010 1157 dives
1037 1097 1242 1172 factus
1271 1095 1460 1174 fuerit
1490 1095 1693 1174 homo,
1741 1095 1907 1154 inter
1934 1095 2250 1172 genuinas
2281 1096 2470 1156 edita.

363 1184 390 1252 §
420 1177 619 1238 XVII.
648 1212 722 1221 —
744 1176 1063 1255 Opuscula
1091 1174 1157 1235 in
1189 1173 1467 1256 Ps’atmos
1494 1193 1627 1253 quae
1656 1173 2072 1256 Chrysostomi
2103 1174 2350 1256 nomine
2379 1177 2445 1237 in
2465 1175 2930 1256 Manuscriptis
2967 1175 3337 1255 quibusdam
3373 1177 3636 1240 circum-

1310 1254 1627 1333 feruntur,
1660 1253 1944 1314 consullo
1975 1273 2012 1312 a
2037 1253 2217 1314 nobis
2235 1256 2676 1331 prwtermissa.

437 1337 602 1410 Quid
631 1353 843 1397 causae
867 1335 951 1396 sit
977 1332 1155 1414 quod
1178 1332 1607 1414 tottantaque
1636 1333 1904 1414 Joannis
1940 1334 2138 1392 nostri
2190 1334 2450 1414 nomine
2481 1335 2785 1414 insignita
2815 1335 3131 1412 Opuscula
3182 1341 3526 1397 occurrant
3565 1335 3630 1396 in

361 1416 858 1493 Manuscriptis,
901 1413 1072 1475 haud
1092 1412 1352 1493 difﬁcile
1380 1419 1478 1473 est
1501 1413 1815 1493 augurari
1862 1432 1875 1470 :
1910 1430 2042 1488 quo
2083 1412 2292 1493 major
2337 1413 2508 1472 enim
2550 1412 2689 1474 erat
2716 1415 2876 1474 tanti
2924 1416 3041 1475 viri
3095 1415 3512 1487 existimatio,
3561 1435 3638 1476 eo

362 1497 588 1574 majori
621 1491 832 1574 studio
861 1493 1042 1574 multi
1075 1491 1512 1574 Chrysostomi
1544 1492 1806 1574 nomine
1835 1491 2149 1574 Opuscula
2180 1510 2454 1574 quaeque
2485 1494 2899 1555 venditabant
2921 1495 3396 1574 {maximeque
3440 1496 3634 1556 libra-

361 1571 606 1652 rii,'qui
645 1573 1012 1652 hujusmodi
1041 1578 1292 1648 quaastu
1322 1573 1558 1632 victum
1589 1572 1928 1648 parabant.
1961 1571 2035 1652 In,
2063 1571 2348 1632 Psalmos
2379 1580 2593 1632 autem
2631 1573 2912 1633 maxime
2948 1573 3456 1650 Explanationes
3492 1575 3636 1633 Ho-

360 1651 680 1732 miliaeqne
702 1651 1078 1732 comparent
1107 1652 1371 1732 ubique.
1411 1669 1556 1732 qua:
1602 1667 1942 1732 germanas
1989 1651 2404 1732 sincerasque
2455 1653 2620 1732 mole
2659 1658 2854 1732 atque
2904 1671 3177 1712 numero
3216 1653 3634 1732 longeisupe-

358 1739 545 1794 rant:
575 1729 808 1811 praeter
838 1731 1011 1791 illam
1037 1731 1207 1790 enim
1235 1729 1617 1811 Spuriorum
1647 1730 1916 1807 sylvam,
1955 1747 2150 1806 quam
2197 1729 2298 1811 hic
2322 1729 2904 1807 proferimus,’alia
2949 1749 3076 1792 non
3125 1729 3637 1810 pauca'oll'endi-

356 1829 526 1884 mus,
556 1809 700 1889 quae
731 1811 1138 1888 supposititia
1169 1811 1306 1870 sine
1333 1809 1530 1869 dubio
1561 1815 1736 1876 sunt,
1761 1827 2035 1886 qumque
2078 1809 2373 1870 consulto
2404 1811 2974 1887 praetermittimus,
3015 1829 3094 1870 ne
3128 1809 3261 1888 jam
3304 1812 3472 1871 male
3517 1829 3634 1872 au-

355 1897 529 1952 ctum
557 1891 617 1951 S.
650 1893 977 1951 doctorem
1011 1889 1193 1949 novis
1229 1889 1598 1966 quisquiliis
1629 1907 1996 1969 oneremus.
2025 1889 2101 1969 In
2127 1889 2570 1967 Manuscripto
2599 1895 2775 1952 certe
2805 1891 3002 1969 Regio
3024 1891 3180 1950 19‘6’2
3206 1909 3322 1950 seu
3343 1891 3637 1952 Homiliaa

356 1988 475 2031 seu
506 1972 731 2032 breves
758 1969 1267 2047 Explanationes
1299 1969 1648 2048 habentur,
1675 1967 1984 2048 indignae
2007 1967 2490 2047 Chrysostomo,
2524 1986 2600 2031 ac
2634 1969 2735 2032 vel
2773 1967 2924 2048 ipsa'
2948 1972 3257 2030 brevitate
3298 1977 3636 2048 suspectae.

353 2067 634 2127 quarum
666 2051 769 2110 hic
798 2049 1160 2127 catalogum
1194 2065 1324 2107 non
1352 2047 1803 2124 proferendum
1833 2047 2161 2127 duximus.

438 2129 600 2189 Cum
640 2132 852 2189 Roma»
882 2126 1088 2188 essem
1120 2127 1307 2186 annis
1338 2129 1419 2186 ab
1452 2127 1599 2187 hinc
1630 2127 1849 2205 viginti
1889 2126 2203 2204 quinque,
2249 2127 2515 2189 schedas
2560 2127 2874 2205 quasdam
2905 2133 3131 2189 nactus
3177 2145 3345 2202 sum,
3375 2128 3487 2189 ubi
3515 2147 3637 2189 ex—

357 2209 610 2286 scripta:
640 2227 723 2268 ex
751 2207 1145 2268 Bibliotheca
1175 2206 1558 2287 Scorialensi
1583 2224 1744 2284 pene
1775 2205 2012 2266 ezedem
2037 2223 2181 2282 qua:
2215 2206 2276 2264 in
2305 2208 2746 2285 Manuscripto
2775 2209 2974 2287 Regio
2998 2208 3313 2267 Homilize.

433 2284 581 2348 Haec
611 2294 672 2348 et
701 2288 900 2348 multa
939 2287 1068 2348 alia
1115 2286 1338 2362 spuria
1385 2284 1748 2362 rejecimus,
1781 2290 2205 2362 auctoresque
2235 2304 2456 2346 sumus
2491 2287 2566 2346 iis
2594 2284 2703 2364 qui
2732 2284 3030 2348 eruendis
3063 2293 3354 2346 veterum
3379 2285 3632 2363 scriptis

353 2367 505 2428 dant
536 2384 824 2445 operam,
856 2372 927 2426 ut
955 2367 1009 2427 si
1039 2365 1104 2424 in
1131 2383 1244 2445 eas
1269 2366 1639 2445 similesque
1667 2382 1909 2445 merces
1937 2365 2242 2434 incidant,
2277 2383 2358 2424 ne
2383 2383 2492 2425 eas
2524 2367 2756 2442 publici
2785 2367 2949 2445 juris
2979 2365 3235 2426 faciant.
3269 2365 3433 2440 Quid
3463 2366 3634 2426 enim

351 2443 767 2506 emolumenti
787 2465 869 2505 ex
887 2444 1250 2523 hujusmodi
1269 2443 1634 2521 quisquiliis
1655 2444 2019 2520 reipublicae
2041 2445 2338 2505 literaria'.
2355 2445 2646 2506 accedat?
2663 2443 2843 2506 Certe
2858 2446 3132 2507 Savilius
3153 2445 3428 2522 plurima
3451 2462 3636 2522 spon-

355 2534 416 2585 te
444 2526 685 2604 rejecit,
713 2542 990 2602 quorum
1013 2524 1199 2604 initia
1223 2529 1471 2583 tantum
1500 2523 1794 2604 protulit;
1815 2529 2008 2604 atque
2029 2524 2324 2604 consulto
2344 2524 2616 2594 fecisset,
2635 2526 2685 2586 si
2705 2525 2903 2587 multa
2925 2526 3081 2597 alia,
3105 2543 3248 2602 qua:
3267 2523 3430 2603 typis
3457 2539 3634 2585 Inan~

351 2602 543 2676 (lavit,
577 2606 641 2665 in
673 2605 948 2666 tenebris
972 2602 1462 2684 reliquisset,ut
1494 2603 1628 2684 ipse
1650 2602 2010 2684 aliquando
2057 2602 2264 2663 fassus
2292 2610 2409 2684 est.
2441 2605 2636 2666 Nobis
2674 2611 2888 2666 autem
2939 2605 3166 2684 religio
3209 2602 3338 2684 fuit
3369 2619 3448 2684 ea
3491 2619 3632 2662 om-

355 2686 461 2745 nia
506 2685 838 2762 publicare
873 2683 1151 2762 quavel
1182 2681 1457 2762 Sayilius
1502 2682 1602 2743 vel
1649 2683 1890 2742 Fronto
1933 2682 2203 2742 Ducazus
2235 2683 2614 2762 ediderunt:
2649 2685 2731 2744 ab
2764 2684 2908 2745 aliis
2953 2681 3166 2744 autem
3212 2682 3428 2743 multis
3467 2698 3631 2760 opu-

351 2759 544 2847 scolis
579 2764 820 2824 nullius
851 2759 1063 2842 pretii,
1097 2762 1214 2822 etsi
1251 2761 1690 2841 Chrysostomi
1721 2778 1955 2847 nomen
1985 2779 2116 2838 prae
2145 2780 2213 2822 se
2251 2761 2494 2836 ferant,
2539 2763 2941 2842 publicandis
2989 2762 3439 2826 abstinendum
3477 2759 3630 2823 cen~

352 2845 629 2904 suimus.

1587 3226 2185 3370 Θοιιείίίθ
2265 3212 2332 3284 (³)

347 3653 664 3713 Divinitus
697 3651 1160 3728 inspiratorum
1220 3647 1620 3709 Psalmorum
1677 3645 1853 3728 beati
1891 3661 1967 3706 ac
2013 3643 2226 3728 sancti
2285 3642 2572 3714 DaviIlis,
2613 3660 2779 3721 quos
2824 3647 3087 3728 sanctus
3119 3650 3301 3722 pater
3362 3654 3608 3728 noster,

428 3747 703 3810 magnus
743 3723 1026 3791 Joannes
1054 3729 1552 3810 Chrysostomus
1583 3725 1886 3810 exposuit
1916 3730 1980 3784 et
2009 3724 2482 3810 interpretatus
2518 3728 2662 3810 es_t_,_
2680 3723 3028 3810 occultavit
3080 3731 3294 3810 autem
3333 3725 3448 3810 vel
3471 3746 3617 3810 per-

424 3803 581 3871 didit
606 3825 756 3871 cum
804 3815 1057 3886 tempus
1099 3803 1353 3886 ipsum,
1394 3811 1531 3886 tum
1585 3805 2031 3886 imperitorum
2078 3803 2710 3886 hominumhinvidia
2757 3803 2915 3862 :sed
2967 3803 3330 3866 novissimis
3390 3803 3617 3886 diebus

426 3908 573 3951 cum
605 3889 703 3948 vir
725 3880 988 3966 quidam
1021 3880 1164 3965 piu's
1194 3894 1255 3947 et
1281 3885 1514 3947 Christi
1547 3880 2030 3966 amantissimus
2078 3880 2729 3966 bos‘perquisivis‘set,
2756 3886 2818 3941 et
2847 3886 3176 3966 tamquam
3209 3884 3621 3947 emendicas-

425 3975 544 4040 set,
570 3960 764 4029 antea
786 3960 1137 4045 dispersos,
1169 3969 1517 4045 praesentes
1563 3964 1736 4045 solos
1783 3963 2041 4045 collegit
2065 3960 2274 4045 ,_et_in
2322 3977 2529 4045 unum
2574 3961 2813 4045 librum
2861 3963 3216 4045 compegit;
3249 3980 3414 4040 quos
3445 3981 3621 4045 nunc

421 4049 604 4109 velut
633 4047 700 4106 in
725 4040 1049 4108 communi
1080 4040 1303 4106 mensa
1342 4043 1777 4122 spiritualium
1806 4042 1945 4123 ejus
1961 4040 2054 4103 ac
2079 4040 2445 4101 divinorum
2475 4041 2885 4119 eloquiorum
2911 4043 3308 4103 amatoribus
3332 4043 3622 4121 apponit,

417 4133 485 4188 et
508 4125 762 4200 invitat,
799 4133 871 4188 nt
900 4127 978 4187 iis
1010 4124 1251 4188 affatim
1280 4141 1351 4199 se
1379 4124 1723 4184 oblectent.

347 4317 590 4372 Psalmis
615 4323 852 4386 quartus.
1143 4310 1284 4366 Psal.
1325 4309 1555 4365 XLVIII.
2011 4307 2150 4362 Psal.
2192 4305 2398 4363 CXXII.
2825 4308 2965 4363 Psal.
3005 4307 3313 4367 CXXXVII.

347 4410 589 4465 Psalmus
627 4409 856 4478 quintus.
1149 4404 1288 4459 Psal.
1328 4401 1515 4457 XLIX.
2007 4399 2148 4454 Psal.
2187 4401 2422 4456 CXXIII.
2819 4401 2965 4455 Psal.
3007 4401 3338 4459 CXXXVIII.

346 4502 490 4557 Psal.
535 4499 620 4556 VI.
1151 4497 1291 4552 Psal.
1323 4495 1504 4551 CVIII.
2003 4489 2145 4546 Psal.
2183 4488 2415 4546 CXXIV.
2812 4489 2957 4545 Psal.
2997 4489 3284 4547 CXXXIX.

345 4592 492 4648 Psal.
533 4591 644 4648 VII.
1146 4587 1290 4643 Psal.
1330 4585 1463 4642 CIX.
2001 4583 2139 4638 Psal.
2185 4582 2394 4638 CXXV.
2814 4581 2957 4637 Psal.
2998 4581 3156 4637 CXL.

347 4685 490 4740 l’sal.
532 4682 663 4738 VIII.
1145 4679 1287 4734 Psal.
1327 4676 1442 4732 CX.
2001 4675 2141 4730 I’sal.
2181 4675 2413 4730 CXXVI.
2809 4672 2955 4728 Psal.
2994 4673 3177 4728 CXLI.

345 4781 492 4836 Psal.
536 4778 626 4834 IX.
1144 4775 1288 4832 PsaI.
1325 4771 1463 4828 CXI.
1999 4767 2142 4822 Psal.
2181 4765 2436 4821 CXXVII.
2815 4764 2958 4820 Psal.
2998 4764 3203 4820 CXLII.

348 4872 491 4927 Psal.
542 4871 611 4925 X.
1148 4867 1293 4923 Psal.
1327 4863 1492 4920 CXII.
2001 4859 2140 4914 Psal.
2183 4858 2462 4914 CXXVIII.
2811 4857 2952 4912 Psal.
2991 4855 3219 4912 CXLIII.

347 4963 492 5018 Psal.
534 4961 626 5016 XI.
1147 4959 1286 5014 Psal.
1319 4954 1501 5012 CXIII.
2000 4952 2141 5008 Psal.
2178 4950 2416 5007 CXXIX.
2813 4951 2954 5006 Psal.
2995 4949 3227 5005 CXLIV.

348 5053 490 5110 Psal.
533 5051 649 5108 XII.
1150 5051 1290 5105 Psal.
1323 5049 1506 5105 CXIV.
1998 5043 2142 5100 Psal.
2181 5043 2400 5100 CXXX.
2817 5044 2959 5099 Psal.
2999 5042 3206 5098 CXLV.

347 5145 473 5203 I’sal
537 5145 648 5200 XLI
1146 5145 1288 5200 Psal.
1329 5145 1488 5200 CXV.
1999 5136 2142 5192 Psal.
2182 5135 2419 5192 CXXXI.
2814 5135 2958 5190 Psal.
2997 5135 3230 5192 CXLVI.

346 5240 492 5296 Psal.
534 5239 718 5296 XLIII.
1136 5221 1292 5294 ‘PsaI.
1331 5237 1516 5294 CXVI.

1998 5230 2142 5285 Psal.
2181 5229 2447 5285 CXXXII.
2813 5227 2954 5282 Psal.
2995 5225 3249 5282 CXLVII.

348 5330 490 5387 Psal.
531 5329 713 5385 XLIV.
1147 5328 1292 5384 Psal.
1331 5328 1540 5384 CXVII.
1997 5321 2138 5378 Psal.
2178 5320 2463 5377 CXXXIII.
2814 5317 2955 5372 I’sal.
2995 5316 3273 5374 CXLVIII.

352 5424 497 5478 l‘sal.
540 5423 700 5478 XLV.
1151 5423 1292 5478 Psal.
1335 5420 1520 5478 CXIX.
1998 5413 2144 5468 Psal:
2182 5411 2466 5466 CXXXIV.
2809 5408 2952 5464 Psal.
2991 5407 3227 5462 CXLIX.

354 5517 492 5571 Psal.
532 5516 716 5571 XLVI.
1148 5515 1291 5571 Psal.
1330 5515 1495 5572 CXX.
2000 5506 2142 5563 Psal.
2182 5503 2444 5561 CXXXV.
2808 5500 2948 5555 Psal.
2990 5499 3099 5555 CL.

355 5607 494 5662 Psal.
525 5606 730 5663 XLVII.
1151 5605 1292 5663 Psal.
1331 5606 1518 5662 CXXI.
2001 5601 2144 5656 Psal.
2184 5597 2469 5654 CXXXVI.

425 5787 502 5862 (α)
532 5787 656 5846 [Iac
679 5787 1074 5861 praemittuntur
1103 5787 1155 5841 in
1181 5785 1350 5842 Editis
1371 5783 1538 5841 Savil.
1567 5793 1618 5839 et
1644 5781 1824 5841 Morel.
1853 5788 2084 5851 suntque
2109 5792 2137 5832 τι
2158 5776 2389 5848 quodam
2419 5792 2523 5833 non
2556 5777 2769 5832 indocto
2797 5775 2910 5832 viro
2938 5774 3239 5832 observata.
