4074 6356
1376 353 1822 364 --.---

1327 498 1739 591 SANCTI
1836 494 2254 585 PATRIS
2327 494 2769 586 NOSTRI

805 701 1679 866 JOANNIS
1823 693 3289 854 CHRYSOSTOMI

1216 953 1715 1014 ARCIIIEPISC
1732 951 1859 1009 0P1
1919 945 2900 1008 CONSTANTINOPOLITANI

1564 1112 1994 1220 OPERA
2069 1112 2347 1217 OMN
2363 1107 2526 1214 IA.

1897 1309 2202 1326 ’ῆι-

848 1486 936 1541 IN
977 1479 1337 1539 psawuu
1378 1474 1477 1534 Ill
1507 1477 1606 1548 (α).

417 1581 651 1640 Paulinus
690 1579 883 1643 David,
929 1592 1043 1631 cum
1074 1578 1264 1646 fugeret
1295 1589 1325 1626 a
1347 1571 1477 1643 facie
1505 1567 1746 1623 Absalom
1774 1565 1868 1633 ﬁlii
1900 1564 1996 1618 sui.

485 1676 717 1741 Domine,
747 1672 868 1744 quid
892 1667 1210 1740 multiplicati
1234 1674 1347 1719 sunt
1371 1663 1456 1731 qui
1483 1661 1723 1714 tribulam
1746 1675 1824 1712 me
1855 1655 2000 1729 (v.1.

481 1768 605 1838 2)?

483 1879 717 1935 Ducibus
779 1875 1056 1931 victoriam
1097 1867 1402 1940 asseqnutis
1450 1879 1605 1936 reges
1657 1860 2005 1931 triumphales

413 1981 618 2043 ponunt
643 1978 845 2023 statuas
878 1985 890 2020 :
921 1963 1118 2033 aurigis
1147 1975 1273 2015 vero
1299 1968 1353 2013 et
1377 1956 1594 2011 athletis
1615 1955 1633 1985 ¹
1666 1951 1923 2043 imagines
1951 1959 2004 2004 ct

410 2042 689 2117 columnas
739 2072 925 2114 eorum
952 2053 1188 2109 victoria:
1219 2058 1384 2106 testes
1421 2047 1658 2103 excitant
1696 2042 1963 2114 principes
1987 2081 2002 2105 ,

411 2164 466 2208 et
517 2151 861 2221 inscriptione
906 2158 1174 2218 tamquam
1213 2159 1307 2198 ore
1355 2139 1627 2204 efﬁciunt,
1682 2144 1742 2190 ut
1785 2134 2005 2189 materia

411 2245 685 2300 victoriam
737 2240 1014 2312 praedicet.
1064 2235 1169 2290 Alii
1213 2248 1398 2289 rursus
1427 2232 1480 2285 in
1533 2229 1681 2284 libris
1709 2235 1766 2282 et
1792 2225 2005 2294 scriptis

414 2341 676 2395 victorum
708 2335 916 2390 laudem
947 2331 1291 2398 describunt,
1323 2342 1447 2383 suas
1479 2326 1533 2380 in
1577 2321 1841 2380 laudando
1864 2320 2006 2374 vires

412 2435 512 2499 iis,
539 2432 628 2503 qui
673 2429 981 2492 laudantur,
1018 2425 1249 2494 majores
1274 2421 1517 2476 volentes
1561 2415 1866 2473 ostendere.
1916 2411 2006 2465 Pi-

413 2539 590 2580 etores
617 2533 784 2588 certe,
818 2517 1079 2582 statuarii,
1111 2515 1408 2586 sculptores
1427 2554 1442 2578 ,
1470 2509 1684 2583 populi,
1716 2505 2004 2577 principes,

415 2617 657 2672 civitates
677 2657 690 2680 ,
721 2621 775 2668 et
803 2612 923 2683 pagi
952 2610 1184 2666 victores
1227 2604 1556 2660 admirantur
1587 2619 1600 2656 :
1643 2613 1803 2656 nemo
1831 2606 2007 2652 autem

415 2708 696 2780 fugientis,
742 2706 962 2775 ejusque
991 2701 1081 2772 qui
1129 2714 1232 2754 non
1260 2697 1456 2753 bellum
1501 2693 1698 2766 gessit,
1726 2688 2009 2758 descripsit

415 2801 718 2869 imaginem,
745 2809 800 2850 ut
824 2809 965 2849 nunc
987 2791 1167 2848 David.
1197 2791 1291 2845 Est
1307 2793 1451 2844 enim
1479 2789 1526 2842 Ι.
1552 2785 1793 2839 Psalmus
1816 2781 2008 2847 Dauid,

415 2892 536 2944 dum
563 2893 752 2959 fugeret
781 2903 812 2940 a
841 2885 969 2955 facie
996 2881 1261 2937 Absalonis
1288 2880 1387 2948 ﬁlii
1414 2879 1514 2933 sui.
1562 2878 1625 2930 Et
1651 2873 1864 2946 quando
1890 2873 2009 2927 lau-

416 2983 485 3038 de
508 2982 698 3053 dignus
723 2989 804 3036 est
831 2981 919 3048 qui
940 2975 1120 3047 fugit?
1182 2973 1396 3043 quando
1439 2971 1631 3040 dignus
1670 2978 1755 3025 est
1800 2966 2014 3022 habitus

416 3085 570 3128 exsut
591 3113 607 3138 ,
633 3085 788 3141 cujus
818 3083 1014 3124 nomen
1043 3061 1458 3120 inscriberetur?
1501 3060 1774 3129 Fugitivos
1803 3057 2013 3126 scriptis

418 3161 589 3217 literis
625 3166 1044 3230 persequuntur,
1097 3170 1203 3209 non
1249 3153 1514 3206 honorant
1555 3148 2008 3218 inscriptionibus.

419 3253 527 3310 Sed
577 3251 815 3316 disce,o
869 3247 1069 3313 frater,
1100 3258 1320 3300 causam
1370 3239 1846 3310 inscriptionis,et
1895 3237 2013 3291 ani-

420 3359 560 3398 mam
591 3352 734 3396 tuam
759 3341 812 3394 in
845 3346 958 3392 tuto
981 3337 1224 3400 colloca;
1275 3333 1346 3388 sit
1373 3332 1466 3387 tibi
1499 3330 1734 3385 historia:
1779 3329 2016 3384 narratio

419 3436 542 3490 vita:
572 3444 677 3488 tuae
720 3429 980 3486 correctio
1010 3445 1024 3494 ;
1059 3429 1126 3481 sit
1149 3427 1273 3495 justi
1305 3425 1652 3495 persequutio
1680 3420 1876 3477 mentis
1907 3427 2014 3474 sta-

423 3527 775 3582 bilimentum.
803 3521 958 3575 Disce
985 3534 1080 3572 cur
1110 3515 1363 3571 Davidem
1391 3522 1811 3584 persequeretur
1840 3511 2012 3566 Absa~

425 3621 555 3679 tom,
581 3623 776 3668 utcnm
799 3627 897 3667 ceu
923 3611 1000 3665 rei
1018 3611 1431 3668 fundamentum
1468 3609 1735 3664 inveneris
1761 3648 1778 3676 ,
1826 3602 2016 3662 timore

420 3711 633 3769 Domini
654 3707 957 3764 :edificeris.
984 3702 1446 3774 Quemadmodum
1487 3700 1630 3756 enim
1660 3699 1860 3768 absque
1884 3697 2008 3753 fun-

423 3806 679 3860 damento
726 3797 959 3854 invalida
1007 3806 1063 3851 et
1100 3795 1364 3852 imbecilla
1407 3802 1493 3850 est
1545 3793 1869 3848 :edilieatio:
1909 3792 2012 3857 ita,

425 3897 524 3952 nisi
554 3896 769 3952 invento
795 3908 958 3962 scopo
986 3906 1050 3945 ac
1077 3889 1348 3953 instituto,
1390 3887 1663 3957 Scriptura
1686 3895 1769 3941 est
1797 3885 2014 3939 inutilis.

496 3987 754 4044 Probatur
779 3985 932 4040 uariis
959 3982 1243 4051 Scripturte
1288 3995 1449 4034 sacra:
1476 3978 1732 4033 sententiis
1757 3985 1806 4031 et
1848 3991 2018 4030 exem-

427 4084 526 4155 plis
548 4080 709 4135 Deum
738 4077 960 4133 dissidiis
981 4073 1269 4129 domesticis
1287 4113 1304 4140 ,
1335 4071 1605 4126 rebellione
1628 4078 1972 4124 creaturarum
1999 4107 2014 4131 ,

426 4187 473 4231 et
507 4174 736 4229 omnibus
776 4169 926 4224 malis
955 4169 1025 4223 uti
1049 4169 1103 4221 in
1129 4181 1328 4237 poenam
1352 4164 1558 4232 peccati.
1579 4161 1810 4216 -—-Beati
1849 4159 2014 4214 David

428 4268 516 4321 hic
545 4280 734 4334 scopus
760 4262 860 4317 fuit
889 4276 983 4331 per
1007 4259 1336 4329 propositum
1379 4255 1646 4310 Psalmum
1674 4255 1834 4306 vitam
1862 4251 2017 4306 insti-

430 4369 582 4413 tuere
612 4365 665 4410 ct
694 4353 955 4424 castigare
979 4393 994 4417 ,
1025 4361 1082 4405 ut
1107 4350 1234 4404 nihil
1264 4363 1496 4418 unquam
1531 4346 1653 4401 mali
1692 4344 1878 4410 faciat,
1922 4359 2021 4398 nec

428 4449 574 4518 leges
605 4446 695 4501 Dei
723 4453 1062 4506 contemnat,
1099 4457 1196 4496 nec
1223 4438 1487 4510 peecatori
1513 4453 1572 4492 ea
1596 4437 1875 4500 eveniant,
1903 4451 2021 4506 qum

428 4542 527 4597 sibi
552 4545 859 4594 evenerunt.
885 4534 1143 4604 Fugiebat
1172 4533 1333 4586 filium
1362 4546 1515 4585 suum
1543 4528 1708 4584 David
1727 4569 1742 4594 ,
1767 4528 2020 4598 quoniam

430 4633 728 4690 castitatem
755 4631 993 4700 fugerat;
1027 4627 1261 4697 fugiebat
1304 4625 1467 4680 filium
1490 4667 1505 4686 .
1549 4623 1800 4694 quoniam
1833 4621 2024 4678 matri-

429 4727 665 4784 monium
713 4722 957 4793 pudicum
1007 4720 1336 4782 violaverat;
1378 4717 1612 4786 fugiebat
1639 4716 1840 4783 lilium,
1884 4731 2022 4786 quo-

431 4822 572 4875 niam
606 4819 777 4886 legem
811 4815 904 4869 Dei
931 4828 1052 4883 qum
1081 4811 1236 4876 dicit,
1278 4808 1402 4863 Non
1431 4807 1627 4864 occides
1649 4849 1663 4873 ,
1693 4823 1796 4861 non
1818 4807 2022 4861 adulte-

429 4911 562 4967 rabis
604 4906 908 4980 (Exod.90.
943 4905 1032 4959 15.
1087 4902 1214 4974 14),
1257 4900 1478 4970 fugerat.
1523 4900 1660 4965 Quia
1700 4899 1844 4954 enim
1889 4899 2020 4953 alie-

431 5020 553 5059 nam
612 5015 801 5071 agnam
869 4999 921 5052 in
995 4995 1213 5050 domum
1278 5007 1428 5047 suam
1505 4991 1902 5057 introduxerat,
1971 4999 2026 5044 ct

429 5095 548 5165 ejus
599 5101 865 5162 pastorem
913 5087 1282 5148 interfecerat,
1335 5083 1425 5152 qui
1473 5091 1675 5137 eratex
1716 5081 1882 5136 domo
1928 5096 2023 5135 sua

431 5200 600 5257 agnus
619 5224 634 5252 ,
664 5194 929 5255 pastorem
953 5193 1119 5233 cornu
1146 5175 1380 5246 petebat.
1405 5174 1608 5228 Aliena:
1626 5173 1804 5227 domui
1825 5172 2023 5228 bellum

434 5278 638 5342 intulit,
675 5284 815 5329 etcx
845 5271 1007 5326 domo
1054 5281 1147 5321 sua
1197 5266 1300 5336 ipsi
1349 5265 1545 5320 bellum
1591 5264 1877 5318 excitatura
1921 5273 2022 5316 est.

433 5366 548 5427 Non
597 5377 680 5424 est
727 5378 906 5419 meum
968 5359 1284 5430 cogitatum,
1342 5357 1507 5427 ipsius
1555 5355 1647 5412 Dei
1674 5355 1872 5410 dictum
1901 5365 2022 5408 est:

499 5465 516 5494 ι
552 5459 607 5508 In
626 5466 764 5521 Reg,
783 5452 1032 5512 militibus,
1049 5465 1157 5521 pro,
1174 5448 1383 5521 athletis.
1426 5510 1454 5521 η

497 5507 767 5584 (αἴροιιὶιί
808 5507 1151 5584 commentarii
1191 5525 1302 5584 eum
1344 5510 1519 5584 Epdice
1563 5516 1687 5584 ,ᾔδει
1722 5507 2028 5584 ipfiZHme‘c

434 5571 571 5648 (ᾅδης
592 5583 676 5646 qui
712 5580 929 5648 continet
945 5575 1175 5648 fmulos
1193 5575 1245 5634 5,
1268 5575 1319 5634 4,
1343 5574 1391 5648 ξ,
1415 5573 1463 5645 63
1488 5573 1542 5648 ἸΖ
1563 5571 1813 5648 ἐπέδειξέ,

435 5632 732 5705 ᾖῗὸιόυω
750 5641 1025 5705 colbertino
1060 5637 1123 5687 10
1158 5632 1311 5705 [nunc
1345 5632 1495 5698 Regio
1525 5633 1667 5696 145],
1705 5633 1790 5705 qui
1825 5632 2028 5705 eosdem

436 5694 645 5759 r-salmos
667 5713 876 5767 excepto
900 5704 1053 5767 primo
1083 5694 1324 5764 continet,
1360 5694 1438 5748 ac'
1457 5694 1698 5760 praeterea
1724 5694 1803 5757 19,
1845 5695 1924 5756 10,
1950 5694 2026 5755 ιι,

441 5772 538 5833 12],
563 5769 623 5819 48
641 5777 690 5818 et
711 5767 790 5824 49,

2117 1477 2204 1534 ubi
2231 1492 2406 1576 autem
2451 1480 2591 1558 Deus
2615 1497 2697 1544 est
2721 1491 2812 1561 qui
2855 1491 3261 1564 interpretatur,
3311 1509 3468 1556 nemo
3493 1511 3574 1558 est
3611 1507 3700 1576 qui

2112 1575 2461 1631 contradicat.
2507 1579 2658 1647 Quod
2687 1583 2828 1638 enim
2867 1585 3122 1643 adversus
3171 1589 3332 1646 David
3389 1593 3531 1649 ﬁlius
3573 1575 3703 1653 Stttts

2113 1662 2234 1719 ideo
2262 1667 2646 1740 insnrrcxerit,
2669 1677 2920 1744 quoniam
2953 1679 3132 1735 Uriam
3159 1683 3456 1753 interfecit,
3489 1698 3545 1742 et
3573 1705 3704 1744 uso-

2111 1771 2224 1811 rem
2255 1760 2371 1828 ejus
2399 1764 2635 1834 accepit,
2668 1769 2789 1821 andi
2837 1770 3001 1825 Deum
3031 1788 3124 1840 per
3155 1775 3464 1844 prophetam
3494 1777 3700 1836 Nathan

2114 1846 2295 1903 Davidi
2317 1851 2600 1909 dicentem:
2625 1855 2738 1929 Ego
2763 1861 2892 1914 anxi
2909 1870 2952 1913 te
2973 1879 3136 1932 regem
3152 1881 3302 1935 super
3323 1864 3507 1936 Israel,
3527 1881 3573 1924 et
3594 1887 3701 1925 erm

2112 1947 2161 1991 te
2179 1940 2243 1994 de
2268 1958 2422 1996 manu
2465 1944 2664 2002 Saulis.
2706 1949 2822 2020 Ego
2853 1951 2969 2005 dedi
3003 1954 3092 2007 tibi
3113 1958 3282 2010 omnia
3310 1974 3421 2027 quae
3439 1971 3581 2015 erant
3606 1963 3701 2017 do-

2112 2033 2237 2086 mini
2257 2035 2348 2100 tui,
2363 2046 2410 2090 et
2431 2037 2636 2092 domum
2663 2040 2835 2097 Saulis
2854 2054 2898 2097 et
2918 2045 2949 2098 ,Ι
2957 2047 3092 2100 uda:
3121 2056 3167 2100 et
3189 2049 3234 2102 si
3252 2065 3408 2120 parua
3429 2063 3544 2106 sunt
3569 2053 3698 2121 haec,

2111 2124 2350 2196 adjiciam
2369 2129 2457 2182 tibi
2471 2129 2550 2184 his
2567 2133 2729 2201 paria.
2741 2133 2911 2202 Quare
2921 2153 3038 2208 ergo
3051 2143 3392 2210 contempsisti
3408 2141 3698 2208 Dominum,
3716 2172 3719 2174 -

2115 2227 2171 2270 ut
2219 2221 2410 2288 faceres
2446 2223 2636 2276 malum
2681 2225 2734 2278 in
2761 2238 3032 2298 conspectu
3058 2246 3170 2284 meo
3190 2231 3216 2284 ?
3244 2230 3290 2286 U
3292 2233 3422 2286 riam
3450 2231 3702 2289 Hettwnm

2112 2311 2397 2380 percussisti
2433 2313 2606 2384 gladio
2624 2353 2639 2382 ,
2668 2326 2715 2369 et
2741 2333 2948 2373 uxorem
2973 2321 3113 2376 illius
3140 2325 3380 2395 accepisti
3414 2327 3468 2380 in
3495 2344 3703 2382 uxorem

2112 2400 2220 2453 tibi.
2257 2399 2319 2455 Et
2355 2420 2489 2458 nunc
2517 2421 2618 2458 non
2647 2409 2842 2463 recedet
2870 2411 3072 2481 gladius
3096 2413 3160 2468 de
3185 2414 3336 2469 domo
3361 2426 3449 2471 tua
3474 2417 3530 2473 in
3557 2429 3705 2473 cetera

2115 2509 2236 2546 num
2285 2494 2361 2565 (2.
2395 2497 2525 2568 Reg.
2560 2499 2644 2554 12.
2680 2501 2852 2574 7-H).
2893 2505 3132 2560 Alienum
3160 2507 3376 2564 domum
3413 2511 3591 2582 gladio
3619 2515 3703 2568 di-

2115 2584 2284 2640 vlsisti
2318 2604 2331 2639 :
2362 2587 2593 2659 gladium
2624 2592 2882 2650 adversus
2914 2605 2964 2651 te
2992 2596 3294 2656 fabricabor
3323 2603 3374 2656 in
3405 2603 3564 2658 domo
3592 2614 3698 2660 tua.

2115 2674 2250 2731 Ecce
2275 2694 2367 2748 ego
2392 2681 2643 2737 suscitabo
2672 2685 2910 2742 adversus
2939 2698 2986 2743 te
3013 2691 3150 2744 mala
3175 2707 3238 2746 ea:
3261 2692 3410 2748 domo
3439 2703 3528 2748 tua
3555 2712 3573 2749 :
3595 2713 3702 2752 non

2113 2769 2329 2827 aliunde
2350 2813 2367 2839 ,
2407 2789 2506 2829 nec
2545 2774 2675 2830 foris
2697 2819 2712 2843 ,
2744 2779 2838 2834 sed
2871 2779 2951 2835 Ex
2979 2781 3129 2837 domo
3158 2794 3263 2840 tua.
3295 2778 3448 2850 Unde
3475 2799 3556 2843 est
3587 2787 3706 2845 funis

2116 2863 2341 2932 peccati,
2374 2863 2519 2920 illinc
2545 2876 2627 2922 est
2655 2869 2808 2940 plaga
2837 2873 3102 2942 supplicii.
3131 2876 3262 2943 Quia
3291 2890 3418 2950 ergo
3445 2895 3476 2934 a
3504 2893 3706 2951 pra-ee-

2115 2962 2209 3022 pto
2233 2952 2440 3009 Domini
2471 2956 2718 3028 fugitivus
2741 2965 2997 3035 exsulque
3018 2966 3207 3038 fuerat,
3233 2980 3512 3041 prapterea
3539 2974 3703 3040 filium

2116 3044 2367 3116 fugiebat.
2403 3047 2644 3105 Psalmus
2684 3050 2852 3108 David
2888 3058 3009 3110 dum
3048 3060 3238 3130 fugeret
3263 3079 3295 3115 a
3325 3065 3455 3133 facie
3481 3065 3705 3120 Absalon

2118 3139 2214 3207 ﬁlii
2239 3139 2340 3192 sui.
2373 3139 2502 3195 Belli
2535 3145 2836 3201 narratione
2865 3147 3054 3203 melior
3081 3160 3164 3204 est
3189 3167 3343 3208 causa
3376 3154 3498 3209 belli
3524 3170 3706 3212 susce-

2117 3231 2214 3298 pti,
2250 3244 2308 3285 ut
2335 3246 2454 3288 cum
2477 3233 2605 3304 justi
2631 3235 2834 3306 lapsum
2867 3239 3176 3308 viderimus,
3204 3259 3485 3302 caveamus
3514 3264 3581 3304 ne
3607 3265 3702 3304 ea-

2117 3324 2327 3390 damus,
2359 3336 2417 3380 et
2443 3329 2706 3397 ejusmodi
2735 3332 3050 3402 supplicium
3079 3335 3358 3405 fugiamus.
3387 3338 3533 3394 Multi
3561 3343 3705 3396 enim

2117 3415 2200 3470 vel
2228 3416 2282 3470 in
2313 3416 2625 3474 hodiernum
2654 3436 2820 3492 usque
2847 3423 2990 3478 diem
3019 3425 3154 3480 bella
3183 3426 3378 3483 habent
3402 3431 3454 3485 in
3480 3431 3703 3499 aedibus,

2119 3517 2173 3561 et
2199 3506 2286 3562 hic
2309 3509 2522 3578 quidem
2552 3522 2889 3583 Oppugnatur
2914 3516 2980 3570 ab
3011 3532 3195 3585 uxore,
3224 3519 3311 3575 ille
3339 3533 3466 3576 vero
3489 3523 3706 3578 obside-

2123 3606 2208 3653 tur
2234 3613 2262 3653 τι
2306 3599 2415 3655 filio
2445 3618 2458 3654 :
2487 3603 2620 3658 alius
2662 3614 2837 3660 autem
2868 3622 2896 3658 a
2928 3607 3122 3676 fratre,
3151 3619 3205 3664 et
3241 3612 3374 3668 alius
3403 3612 3648 3669 domatur
3675 3632 3704 3671 a

2121 3688 2337 3761 famulo,
2365 3702 2418 3746 et
2450 3695 2809 3765 unusquisque
2835 3699 3046 3768 angitur
3073 3709 3127 3754 et
3155 3701 3456 3771 afllietatur,
3488 3719 3702 3776 pugnat,

2121 3785 2315 3841 bellum
2347 3785 2502 3857 gerit,
2531 3794 2585 3842 et
2615 3787 2753 3842 bello
2779 3797 3031 3858 vexatur;
3064 3807 3126 3847 ac
3153 3809 3313 3850 nemo
3342 3796 3597 3853 subducta
3626 3815 3707 3853 ra-

2123 3877 2264 3932 tione
2289 3880 2428 3946 apud
2455 3897 2514 3936 se
2540 3881 2770 3953 cogitat,
2803 3882 2901 3937 nisi
2933 3894 3148 3952 peccata
3175 3889 3522 3955 seminasset,
3551 3907 3706 3945 num.

2122 3984 2278 4039 quam
2307 3971 2421 4028 fore
2451 3984 2506 4028 ut
2534 3974 2586 4029 in
2613 3975 2772 4032 domo
2797 3991 2892 4031 sua
2924 3978 3092 4048 spina:
3113 3990 3167 4034 et
3197 3980 3381 4054 tribuli
3400 3984 3706 4039 orirentur:

2123 4080 2221 4119 nec
2265 4066 2364 4120 nisi
2411 4077 2746 4135 peccatorum
2780 4069 3051 4140 scintillas
3107 4074 3458 4139 occultasset,
3490 4076 3710 4134 domum

2123 4158 2562 4229 conflagraturam
2590 4161 2770 4219 fuisse.
2801 4164 2952 4232 Quod
2977 4166 3120 4222 enim
3148 4172 3482 4236 peccatorum
3509 4169 3711 4227 fruetus

2124 4247 2226 4302 sint
2256 4250 2392 4304 mala
2422 4253 2655 4322 propria,
2677 4264 2732 4308 et
2754 4253 3074 4314 domesticos
3099 4259 3314 4314 lictores
3340 4260 3478 4316 Deus
3506 4261 3558 4316 in
3585 4275 3713 4332 pec-

2124 4351 2332 4398 catores
2357 4343 2612 4412 elegerit,
2645 4347 2794 4403 testis
2828 4357 2910 4402 est
2945 4349 3215 4420 Scriptura
3234 4393 3248 4415 ,
3273 4366 3380 4420 qua
3410 4352 3476 4406 ad
3507 4351 3712 4408 facien-

2125 4432 2246 4488 dam
2276 4434 2430 4490 fidem
2459 4435 2586 4489 nihil
2615 4446 2699 4492 est
2724 4437 2966 4496 validius.
2994 4440 3140 4496 Uxor
3169 4452 3342 4497 tecum
3382 4443 3576 4500 bellum
3615 4459 3712 4513 ge-

2126 4526 2216 4592 rit,
2239 4527 2478 4596 ingresso
2495 4537 2761 4597 tamquam
2787 4529 2894 4584 fera
2915 4533 3163 4599 occurrit,
3188 4532 3415 4603 linguam
3441 4544 3712 4604 tamquam

2126 4618 2356 4689 gladium
2382 4619 2562 4674 acuit?
2587 4619 2694 4675 Res
2717 4621 2931 4692 quidem
2969 4622 3123 4677 valde
3157 4624 3378 4678 molesta
3401 4666 3414 4688 ,
3443 4626 3585 4696 quod
3613 4641 3713 4680 auo

2129 4710 2355 4764 xiliatrix
2381 4710 2685 4766 adversaria
2707 4711 2842 4767 facta
2863 4712 2932 4767 sit
2956 4732 2968 4764 :
2995 4714 3216 4782 teipsum
3247 4724 3419 4770 tamen
3444 4717 3717 4782 examina,

2129 4803 2380 4874 numquid
2413 4805 2463 4858 in
2491 4804 2769 4874 jnventute
2799 4805 2852 4860 in
2879 4795 3156 4861 mulierem
3183 4807 3306 4876 quid
3335 4809 3634 4875 attentaris,
3665 4816 3721 4863 ct

2127 4895 2269 4964 quod
2313 4896 2520 4951 mulieri
2562 4911 2592 4951 a
2633 4907 2686 4953 te
2727 4899 2920 4952 vulnus
2952 4898 3204 4953 inllictum
3234 4908 3345 4966 est,
3376 4910 3592 4956 curetur
3625 4917 3721 4970 per

2131 4987 2407 5042 mulierem
2429 5029 2444 5051 ,
2487 4997 2543 5043 et
2578 4989 2810 5044 alienum
2847 4989 2999 5044 ulcus
3046 4991 3256 5060 propria
3295 5008 3448 5059 uxor,
3478 4992 3720 5063 chirurgi

2129 5078 2304 5134 ofllcio
2323 5079 2562 5150 fungens,
2588 5079 2899 5136 medicetur.
2931 5079 2983 5135 Id
3005 5085 3245 5152 quamvis
3263 5097 3382 5153 quae
3401 5093 3547 5142 secat
3570 5083 3722 5154 igno-

2131 5183 2242 5235 ret,
2283 5173 2429 5226 novit
2469 5182 2645 5226 tamen
2678 5173 2820 5226 Deus
2854 5172 3109 5227 medicus.
3141 5173 3260 5243 Ipse
3295 5176 3439 5231 enim
3474 5190 3537 5231 ea
3580 5185 3721 5230 tam.

2130 5278 2286 5332 quam
2324 5263 2468 5319 ferro
2505 5262 2761 5318 adversus
2789 5274 2839 5319 te
2869 5278 2994 5318 usus
3019 5271 3103 5319 est
3139 5283 3154 5318 :
3183 5273 3240 5320 et
3269 5265 3720 5334 quemadmodum

2132 5354 2331 5409 ferrum
2370 5354 2540 5409 nescit
2575 5354 2699 5423 quid
2729 5364 2877 5425 agat,
2909 5354 3140 5410 futuram
3175 5365 3351 5411 autem
3397 5372 3490 5426 per
3522 5356 3720 5413 ferrum

2133 5446 2393 5500 medelam
2425 5448 2569 5501 novit
2598 5446 2836 5502 medicus
2864 5463 2879 5503 :
2904 5448 2973 5502 ita
3003 5448 3164 5503 etiam
3189 5448 3313 5504 licet
3341 5449 3548 5521 ignoret
3587 5464 3724 5504 uxor

2132 5553 2250 5606 quae
2282 5537 2421 5605 ferit,
2453 5547 2508 5592 et
2535 5537 2756 5593 maritus
2782 5539 2869 5609 qui
2902 5537 3111 5608 feritur,
3143 5554 3358 5594 causam
3391 5540 3544 5606 ictus,
3579 5539 3724 5595 Deus

2133 5641 2312 5687 tamen
2352 5639 2408 5685 ut
2445 5629 2684 5686 medicus
2721 5631 2867 5685 novit
2899 5629 3026 5702 quid
3067 5630 3326 5686 conferat.
3356 5631 3510 5699 Quod
3540 5642 3720 5687 autem

2133 5723 2326 5778 mulier
2350 5721 2493 5778 mala
2516 5721 2584 5776 sit
2612 5732 2950 5792 peccatorum
2973 5723 3250 5794 colaphos,
3283 5725 3432 5780 testis
3456 5733 3538 5780 est
3569 5737 3720 5779 sacra
