4074 6356
1789 495 3490 525 Μ

291 483 2327 533 m

1022 666 1250 778 ΤΟΥ
1312 669 1456 755 EN
1510 669 1874 756 ΑΓΙΟΙΣ
1948 674 2382 762 ΠΑΤΡΟΣ
2438 680 2762 767 ΗΜΩΝ

1299 881 2558 1117 ΙΩΑΝΝΟΥ,

1193 1217 1763 1275 ΑΡΧΙΕΠΙΣΚΟΠΟΥ
1795 1188 2630 1295 ΚΩΝΣΤΑΝΤΙΝΟΥΠΟΛΕΩΣ,

1336 1411 1563 1497 ΤΟΥ
1636 1416 2463 1507 ΧΡΥΣΟΣΤΟΜΟΥ
2485 1478 2504 1509 .

916 1620 1115 1735 TA
1188 1624 2278 1749 ΕΥΡΙΣΚΟΜΕΝΑ
2353 1640 2911 1755 ΠΑΝΤΑ.

635 2010 717 2085 [Ι]
759 2010 869 2066 ΕΙΣ
911 2013 1047 2067 ΤΟΝ
1100 2012 1152 2069 Γ
1197 2015 1517 2073 ΨΑΛΜΟΝ.

285 2129 535 2204 Ψαιιμὸς
555 2126 636 2204 τῷ
644 2127 858 2204 gavia,
878 2130 1060 2204 ῥπότε
1072 2129 1531 2204 *ἀπεδίδρασκεν
1544 2134 1663 2188 ἀπὸ
1679 2151 1866 2204 προσ-

346 2198 512 2275 ᾠπσυ
542 2198 965 2275 μ’ᾼᾷεσσιιαῑῲμΔ
1143 2201 1278 2275 υζοῦ
1310 2201 1517 2257 αὐτοῦ.
1549 2198 1746 2275 Κύριέ,
1808 2208 1867 2260 τί

360 2269 842 2338 ἐπληθύνθησαν
861 2272 915 2323 οί
936 2270 1245 2337 θλίϐοι·τές
1265 2289 1373 2339 ys;

361 2386 692 2451 Ἐπινικίους
715 2387 814 2457 μὲν
852 2385 1177 2457 ἀνδριάντας
1201 2388 1252 2441 οἱ
1282 2387 1523 2459 βασιλεῖς
1558 2393 1668 2457 τοῖς
1698 2410 1863 2462 στρα-

274 2474 464 2540 τηγοῖς
489 2473 774 2543 νικήσασιν
798 2470 1115 2525 ἀνατιθέασι
1134 2483 1183 2512 α·
1201 2473 1531 2544 νικηφόρους
1558 2474 1615 2528 δέ
1647 2477 1863 2541 εἰκόνας

277 2556 377 2610 καὶ
416 2554 618 2627 στήλας
652 2555 959 2626 ἐγείρουσιν
989 2554 1251 2626 ἄρχοντες
1294 2557 1530 2627 ἡνιόχοις
1570 2559 1666 2613 καὶ
1697 2559 1859 2630 ἀθλη-

274 2641 419 2701 ταῖς,
443 2637 643 2709 καὶτῷ
684 2638 1069 2709 ἐπιγράμματι
1104 2638 1181 2702 ὡς
1216 2638 1443 2708 στόματι
1491 2643 1709 2712 κήρυκα
1761 2642 1864 2713 τῆς

278 2720 432 2792 νίκης
446 2723 545 2793 τὴν
562 2721 694 2792 ὓλην
724 2722 1070 2793 ἐργάζονται.
1099 2720 1282 2775 Ἀλλοι
1305 2723 1362 2777 δὲ
1388 2723 1549 2778 πάλιν
1571 2727 1631 2778 ἐν
1660 2725 1863 2795 βίϐλοις

277 2807 373 2860 καὶ
393 2808 686 2877 γράμμασι
712 2807 838 2869 τοὺς
866 2804 1117 2869 ἐπαίνους
1144 2808 1259 2869 τοῖς
1293 2810 1542 2878 νικηταῖς
1564 2810 1858 2880 γράφουσι,

276 2888 375 2959 τὴν
422 2890 631 2942 ἑαυτῶν
653 2890 711 2941 ἐν
738 2888 816 2959 τῷ
850 2888 1058 2959 ἐπαίνῳ
1091 2888 1320 2959 δύναμιν
1352 2891 1704 2963 ἰσχυροτέραν
1751 2894 1861 2947 τῶν

274 2972 683 3044 ἐπαινουμένων
716 2973 888 3039 δεῖξαι
922 2971 1184 3036 θέλοντες.
1227 2973 1336 3026 Καὶ
1359 2973 1708 3046 λογογράφοι,
1768 2980 1861 3032 καὶ

275 3055 582 3127 ζωγράφοι,
610 3056 705 3111 καὶ
718 3056 1033 3127 χαλκευταὶ,
1068 3056 1162 3109 καὶ
1186 3054 1559 3124 λιθογλύπται,
1591 3059 1685 3112 καί
1698 3060 1860 3131 δῆμοι

277 3140 369 3192 καὶ
400 3141 678 3210 ἄρχοντες,
718 3142 813 3194 καὶ
870 3140 1053 3205 πόλεις
1109 3140 1203 3194 καὶ
1245 3140 1419 3212 χῶραι
1465 3143 1591 3205 τοὺς
1632 3145 1860 3214 νικητάς

277 3221 669 3292 θαινμάζουιιιν⁹
701 3222 875 3287 οὐδεὶς
897 3224 955 3279 δὲ
986 3222 1277 3292 φεύγοντος
1294 3225 1388 3277 καὶ
1418 3224 1493 3296 μὴ
1515 3225 1858 3295 πολεμήσαν-

276 3307 568 3370 τοςείκόνα
598 3308 626 3348 δ
659 3307 887 3378 ἔγραψε,
919 3307 1171 3379 καθάπερ
1207 3307 1304 3362 νῦν
1329 3309 1358 3363 6
1388 3307 1571 3362 Δαυῖδ.
1607 3312 1852 3381 Ψαλμὸς

272 3389 382 3460 γὰρ
411 3388 493 3455 τῷ
525 3390 733 3453 Δαυῒδ,
784 3390 854 3443 ἐν
889 3389 971 3456 τῷ
997 3389 1467 3460 ἀποδιδράσκειν
1503 3393 1692 3446 αὐτὸν
1733 3394 1852 3449 ἀπὸ

271 3470 599 3539 προσώπου
621 3473 1001 3543 Ἀϐεσσαλὼμ
1028 3474 1132 3528 τοῦ
1159 3473 1299 3528 υἱοῦ
1339 3472 1549 3529 αὐτοῦ.
1592 3478 1700 3530 Καὶ
1721 3477 1850 3529 πότε

269 3556 303 3607 6
332 3554 607 3627 δραπέτης
646 3556 939 3628 ἐγκωμίων
972 3557 1152 3624 ἄξιοςς
1186 3557 1316 3613 πότε
1347 3557 1405 3611 δὲ
1436 3560 1464 3612 6
1505 3559 1682 3628 φυγὰς
1732 3562 1852 3615 ἐπι-

270 3640 615 3710 γραμμάτων
638 3640 819 3706 ἐντός;
848 3642 985 3700 Τοὺς
1001 3641 1276 3712 δραπέτας
1305 3642 1625 3713 γράμμασιν
1648 3643 1854 3709 ίξεύου-

272 3736 378 3788 σιν,
412 3724 513 3776 οὐκ
542 3724 925 3794 ἐπιγράμμασι
962 3722 1353 3795 θαυμάζουσιν.
1394 3724 1555 3778 Ἀλλά
1580 3727 1717 3796 μάθε
1750 3727 1850 3798 τὴν

268 3805 475 3871 αἰτίαν,
504 3805 719 3877 ἀδελφὴ
752 3806 853 3877 τῆς
886 3806 1199 3878 ἐπιγραφῆς
1234 3816 1282 3871 ε,
1309 3806 1403 3861 καὶ
1427 3807 1722 3877 ἀσφάλισαί
1756 3828 1849 3864 σου

266 3889 371 3960 τὴν
398 3889 601 3961 ψυχήν*
632 3890 874 3959 γενέσθω
905 3907 989 3943 σοι
1017 3890 1052 3961 ἡ
1093 3888 1301 3961 ίστορία
1340 3889 1454 3961 βίου
1491 3892 1847 3963 κατόρθωσις’

265 3971 385 4042 ἧτω
413 3990 497 4025 σοι
523 3975 553 4026 6
598 3973 695 4027 τοῦ
724 3972 932 4026 δικαίου
966 3971 1203 4043 διωγμὸς
1243 3972 1481 4038 διανοίας
1523 3979 1845 4048 στηριγμός.

266 4054 424 4109 Μάθε
450 4055 530 4128 [2]
561 4056 672 4129 γὰρ
695 4055 784 4110 διά
815 4056 869 4108 τί
898 4053 1154 4109 ἐδιιὶικετο
1183 4054 1347 4109 Δαυῒδ
1380 4057 1486 4110 ὑπὸ
1515 4057 1611 4111 τοῦ
1657 4059 1847 4113 Ἀϐεσ-

268 4139 479 4211 σαλὼμ,
520 4141 586 4194 ἶν’
613 4142 690 4205 ὡς
716 4140 965 4211 θεμέλιον
987 4141 1050 4193 τὸ
1078 4141 1311 4210 πρᾶγμα
1330 4142 1525 4213 εὑρὼν,
1559 4145 1848 4217 οἰκοδομη-

267 4221 368 4305 01};
386 4223 466 4294 τῷ
498 4224 657 4296 ιηρόὸῳ
684 4224 782 4280 τοῦ
802 4224 956 4278 Θεοῦ.
994 4223 1083 4287 Ὦς
1101 4223 1211 4294 γὰρ
1244 4223 1372 4278 ἀνευ
1393 4225 1643 4298 θεμελίου
1672 4228 1849 4300 σαθρὰ

267 4306 305 4375 ἡ
326 4308 602 4379 οἰκοδομὴ,
627 4308 801 4373 οὕτως
817 4308 945 4362 ἄνευ
975 4307 1077 4379 τῆς
1104 4306 1375 4380 εὑρέσεως
1392 4308 1485 4363 τοῦ
1509 4310 1719 4365 σκοποῦ
1746 4314 1847 4367 οὐκ

266 4386 467 4458 ὠφελεῖ
498 4393 532 4463 ἠ
563 4391 781 4463 Γραφή.

338 4474 546 4528 Σκοπὸν
570 4471 715 4546 εῖχεν
733 4477 763 4527 6
794 4474 1065 4545 μακάριος
1087 4474 1273 4539 Δαυῖδ,
1303 4476 1392 4530 διά
1421 4476 1516 4531 τοῦ
1542 4480 1843 4550 προκειμέ-

266 4575 359 4612 νου
384 4557 602 4629 ψαλμοῦ
622 4557 908 4612 παιδεῦσαι
936 4558 1030 4611 τὸν
1054 4558 1166 4629 βίον
1182 4559 1276 4613 καὶ
1295 4561 1648 4630 σωφρονίσαι,
1681 4563 1843 4634 μηδέ-

263 4658 399 4695 ποτε
422 4644 734 4695 κακοποιεῖν
750 4643 844 4695 καί
861 4646 1221 4714 καταφρονεῖν
1238 4642 1349 4696 τῶν
1373 4645 1552 4715 νόμων
1566 4645 1660 4699 τοῦ
1682 4645 1840 4711 Θεοῦ,

262 4723 356 4776 ἴνα
409 4724 485 4794 μὴ
518 4726 547 4777 6
579 4724 903 4797 ἁμαρτήσας
948 4726 1172 4779 τοιαῦτα
1215 4726 1385 4797 πάθῃ,
1414 4723 1502 4781 οἶα
1535 4729 1629 4781 καὶ
1681 4729 1844 4792 αὐτὸς

260 4806 458 4861 ἔπαθε.
496 4809 731 4878 Ἔφευγε
772 4809 866 4864 τὸν
889 4810 1006 4863 υἰὸν
1033 4809 1198 4864 αὐτοῦ
1235 4812 1263 4864 6
1299 4810 1481 4873 Δαυῒδ,
1515 4812 1703 4885 ἐπειδὴ
1746 4813 1845 4883 τὴν

258 4890 489 4959 ἁγνείαν
517 4891 735 4960 ἔφυγενο
766 4891 935 4962 ἔφυγε
965 4894 1059 4946 τὸν
1091 4894 1224 4959 υἱὸν,
1253 4894 1439 4967 ἐπειδὴ
1461 4894 1551 4948 τὸν
1590 4894 1842 4967 σώφρονα

260 4974 442 5044 γάμον
479 4974 762 5046 ἐνύδρισεν
797 4976 847 5016 ά·
871 4975 1035 5046 ἔφυγε
1068 4977 1159 5030 τὸν
1188 4977 1323 5040 υἰὸν,
1351 4979 1539 5049 ἐπειδὴ
1561 4978 1653 5032 τὸν
1678 4980 1842 5049 νόμον

256 5055 358 5109 τοῦ
374 5057 512 5111 Θεοῦ
540 5059 628 5111 τὸν
657 5058 904 5128 λέγοντα,
924 5062 1007 5115 Οὐ
1022 5062 1362 5130 φονεύσεις,
1384 5064 1454 5117 οὐ
1469 5064 1837 5132 μοιχεύσεις,

259 5139 484 5216 ξφυγεν.
521 5142 736 5213 Ἐπειδὴ
758 5142 868 5216 γάρ
911 5143 1198 5214 ἀλλοτρίαν
1220 5145 1435 5216 ἀμνάδα
1466 5148 1547 5209 εἰς
1565 5147 1657 5200 τὸν
1692 5143 1841 5202 οῐκον

259 5209 432 5278 ἆὺτοῦ
460 5209 745 5296 εἰσήγαγε,
763 5209 859 5280 καί.
878 5227 972 5280 τὸν
996 5209 1201 5298 ταῦτης
1231 5209 1466 5299 ποιμένα
1492 5230 1835 5297 ἀπέκτεινεν,

254 5308 290 5360 6
318 5307 388 5363 ἐκ
412 5308 506 5362 τοῦ
526 5310 679 5364 οῐκου
719 5310 884 5364 αὑτοῦ
908 5311 1080 5383 ἀμνὸς
1107 5312 1199 5366 τὸν
1230 5312 1462 5383 ποιμένα
1499 5314 1834 5385 ἐκεράτιζεν.

272 5391 575 5465 ’Δλλότριον
602 5389 751 5449 οἷκον
789 5395 1118 5467 ἐπολέμησε,
1158 5397 1254 5450 καὶ
1290 5397 1357 5449 ἐκ
1378 5396 1474 5449 τοῦ
1520 5396 1652 5451 ἰδίου
1683 5398 1836 5453 οἴκου

255 5476 529 5549 ἐπανέστη
557 5478 709 5549 αὑτῷ
736 5480 767 5532 6
796 5478 1051 5550 πόλεμος.
1069 5480 1184 5533 Οὐκ
1215 5479 1363 5535 ἐστιν
1393 5480 1524 5551 ἐμὸν
1548 5481 1609 5534 τὸ
1633 5483 1831 5553 νόημα,

255 5559 394 5612 Θεοῦ
425 5561 541 5615 ἐστι
564 5562 627 5616 τὸ
647 5562 998 5634 ἀπόφθεγμαο
1029 5563 1163 5617 ὅπου
1187 5562 1245 5616 δὲ
1274 5563 1407 5629 Θεὸς
1431 5566 1459 5618 6
1491 5564 1830 5638 ἑρμηνεύων,

320 5690 350 5720 ⁸
389 5689 678 5743 Ἀνπιθέασι
700 5695 846 5745 deest
868 5698 916 5744 in
940 5696 1063 5745 Rea.

322 5711 350 5720 ‘
390 5711 678 5743 -ιινπιοεασι
700 5711 846 5745 αεριιι
868 5711 916 5744 ιη
944 5711 1012 5745 ΒΘ
1053 5736 1063 5745 .

319 5751 348 5822 ξ
374 5754 734 5822 1323.5116an
753 5764 899 5822 atque
924 5760 995 5822 il;
1015 5711 1210 5822 ἔθεεταί
1229 5759 1493 5822 interpres.

319 5772 348 5793 υ
387 5772 507 5816 urg.
529 5772 730 5813 εικονας,
753 5772 899 5818 alque
924 5772 995 5807 ua
1019 5772 1066 5807 Ie
1104 5773 1110 5803 ι

316 5817 344 5880 ξ
374 5816 469 5880 ’ζῇς
490 5824 668 5880 γραφῆς
691 5818 861 5870 Morel.
885 5826 937 5869 et
958 5772 1110 5870 Savif.

317 5874 343 5911 ιι
386 5874 771 5939 nega-noema.

493 5966 761 6026 Ρηιιοι..
796 5968 913 6029 Gn.
949 5968 1072 6029 LV.

1967 2023 2142 2107 οὐδεὶς
2176 2025 2205 2076 6
2230 2023 2545 2093 ἀντιλέγων.
2580 2027 2705 2080 ’Ὁτι
2737 2027 2848 2099 γὰρ
2866 2028 2957 2083 διὰ
2990 2032 3149 2087 τοῦτο
3176 2035 3443 2106 ἐπανέστη
3468 2034 3545 2107 τῷ

1967 2104 2131 2160 Δαυῒδ
2154 2109 2184 2160 6
2211 2110 2327 2172 υίὸς
2356 2109 2543 2175 αὑτοῦ,
2568 2109 2755 2182 ἐπειδὴ
2777 2113 2869 2164 τὸν
2907 2113 3111 2187 οὐρίαν
3128 2117 3405 2186 ἐφόνευσε,
3434 2104 3544 2174 ᾐκοιί⁸

1964 2191 2063 2263 τὴν
2088 2194 2323 2261 γυναῖκα
2346 2193 2510 2247 αὑτοῦ
2535 2194 2748 2259 ἐλαϐεν,
2782 2197 3015 2252 ἄκουσον
3045 2200 3141 2255 τοῦ
3179 2201 3312 2256 Θεοῦ
3337 2203 3424 2257 διὰ
3444 2204 3542 2258 τοῦ

1965 2277 2245 2360 προφήτου
2283 2276 2469 2331 Νάθαν
2523 2278 2663 2351 πρὸς
2712 2279 2803 2336 τὸν
2850 2282 3015 2338 Δαυῖδ
3064 2284 3331 2355 λέγοντοςο
3396 2290 3543 2360 Ἐγὼ

1963 2359 2181 2428 ἐχρισά
2203 2378 2277 2416 σε
2301 2363 2569 2427 βασιλέα
2612 2363 2842 2418 ἐπίτὸν
2878 2367 3151 2437 Ἰσραὴλ.
3185 2371 3282 2423 καὶ
3316 2373 3541 2436 ἐξειλόο

1958 2461 2085 2512 μην
2110 2458 2187 2498 σε
2211 2445 2282 2498 ἐκ
2306 2445 2502 2514 χειρὸς
2540 2447 2761 2513 Σαοὺλ,
2793 2450 2892 2503 καὶ
2909 2450 3102 2505 ἔδωκά
3128 2469 3227 2507 σοι
3257 2456 3332 2508 τὰ
3347 2456 3542 2511 πάντα

1963 2527 2070 2581 τοῦ
2087 2528 2296 2598 κυρίου
2311 2543 2450 2595 σου,
2473 2530 2582 2584 τὸν
2595 2532 2765 2585 οἷκον
2796 2535 3017 2601 Σαοὺλ,
3059 2538 3155 2590 καί
3203 2539 3416 2602 Ἰούδα,
3440 2543 3539 2596 καί

1962 2612 2205 2683 εὶόλιγα
2230 2614 2332 2668 σοί
2356 2614 2508 2681 ἐστι,
2526 2616 2853 2685 προσθήσω
2878 2634 2976 2674 σοι
2990 2621 3182 2689 καθὼς
3198 2625 3401 2679 ταῦτα.
3433 2628 3539 2682 Καὶ

1962 2695 2021 2747 τί
2042 2695 2131 2749 ὅτι
2166 2697 2583 2765 ἐξουδένωσας
2605 2700 2713 2755 τὸν
2755 2703 2989 2771 Κύριον,
3021 2704 3128 2758 τοῦ
3163 2708 3409 2774 ποιῆσαι
3468 2711 3539 2764 τὸ

1962 2780 2229 2848 πονηρὸν
2255 2782 2509 2836 ἐνώπιόν
2536 2800 2693 2853 μου;
2748 2786 2857 2840 Τὸν
2881 2788 3101 2854 Οὐρίαν
3126 2790 3232 2843 τὸν
3260 2795 3540 2848 Χετταῖον

1960 2861 2263 2931 ἐπάταξας
2300 2865 2370 2919 ἐν
2391 2868 2677 2937 ῥομφαίᾳ,
2724 2870 2823 2924 καί
2880 2868 2996 2937 τὴν
3044 2873 3299 2941 »γυναῖκα
3351 2879 3538 2932 αὑτοῦ

1959 2950 2174 3016 ἔλαϐες
2220 2949 2411 3014 ἑαυτῷ
2442 2953 2530 3018 εἰς
2553 2952 2825 3021 γυναῖκα.
2852 2956 2957 3008 Καί
2993 2956 3112 3009 νῦν
3154 2959 3265 3012 οὐκ
3285 2959 3536 3029 ἐξαρθή-

1959 3049 2130 3087 σεται
2162 3034 2431 3103 ῥομφαία
2475 3034 2545 3089 ἐκ
2590 3034 2697 3090 τοῦ
2722 3037 2893 3091 οἴκου
2919 3052 3037 3093 σου
3067 3042 3155 3105 είς
3191 3041 3299 3095 τὸν
3328 3043 3534 3100 αιώνα.

1960 3117 2064 3171 Τὸν
2084 3117 2364 3189 ἀλλότριον
2392 3115 2540 3171 οἷκον
2570 3119 2814 3191 ῥομφαία
2830 3121 3239 3194 ἐδιχοτόμησας,
3273 3126 3371 3197 τὴν
3394 3130 3533 3183 κατὰ

1962 3199 2055 3253 σοῦ
2085 3200 2359 3270 ῥομφαίαν
2396 3199 2682 3271 χαλκεύσω
2728 3204 2786 3254 ἐν
2811 3202 2890 3272 τῷ
2916 3203 3049 3276 οἴκῳ
3077 3223 3189 3262 σου.
3248 3208 3391 3264 Ἰδοὺ
3420 3212 3537 3279 ἐγὼ

1958 3280 2208 3352 ἐξεγερῶ
2228 3282 2328 3337 ἐπὶ
2356 3283 2434 3337 σὲ
2450 3284 2606 3339 κακὰ
2628 3285 2696 3340 ἐκ
2717 3286 2825 3341 τοῦ
2854 3288 3024 3343 οἴκου
3050 3305 3186 3344 σουο
3209 3292 3309 3345 οὐκ
3337 3292 3534 3360 ἔξωθέν

1958 3364 2142 3429 ποθεν,
2176 3365 2292 3421 ἀλλ’
2341 3367 2437 3421 Ἐκ
2473 3366 2583 3422 τοῦ
2617 3370 2787 3425 οἴκου
2814 3387 2949 3425 σου.
2982 3372 3198 3445 Ὅθενή
3233 3375 3381 3447 πηγὴ
3432 3378 3533 3447 τῆς

1958 3451 2253 3522 ἁμαρτίας,
2281 3452 2489 3507 ἐκεῖθεν
2522 3455 2556 3525 ἡ
2590 3455 2773 3524 πληγὴ
2801 3456 2899 3527 τῆς
2921 3458 3215 3529 τιμωρίας.
3259 3461 3409 3515 Ἐπεὶ
3436 3463 3532 3516 οὖν

1954 3535 2055 3606 τῆς
2081 3534 2302 3605 ἐντολῆς
2331 3535 2424 3590 τοῦ
2458 3536 2593 3590 Θεοῦ
2638 3537 2913 3611 δραπέτης
2941 3542 3035 3594 καὶ
3076 3543 3254 3612 φυγὰς
3289 3545 3530 3614 ἐγένετο,

1953 3615 2043 3670 διά
2065 3616 2226 3671 τοῦτο
2279 3617 2369 3671 τὸν
2401 3619 2515 3673 υἱὸν
2545 3619 2928 3692 ἀπεδίδρασκε.
2967 3624 3211 3694 Ψαλμὸς
3232 3624 3313 3692 τῷ
3349 3628 3531 3683 Δαυῒδ

1953 3700 2023 3754 ἐν
2043 3699 2123 3767 τῷ
2147 3702 2617 3771 ἀποδιδράσκειν
2626 3705 2815 3759 αὐτὸν
2835 3707 2954 3761 ἀπὸ
2975 3710 3297 3777 προσώπου
3329 3714 3530 3768 Ἀϐεσ-

1956 3783 2170 3854 σαλὼμ
2209 3784 2319 3839 τοῦ
2360 3787 2497 3841 υἱοῦ
2521 3786 2729 3842 αὐτοῦ.
2761 3789 2869 3842 Καὶ
2894 3793 3156 3864 κρείττων
3182 3794 3281 3864 τῆς
3309 3796 3403 3849 τοῦ
3435 3814 3529 3850 πο-

1953 3864 2122 3937 λέμου
2176 3868 2554 3941 ἐξηγήσεωςή
2597 3871 2745 3925 αἰτία
2791 3873 2890 3943 τῆς
2939 3873 3033 3927 τοῦ
3067 3875 3301 3946 πολέμου
3336 3879 3529 3933 ὑποθέ-

1956 3968 2113 4017 σεως,
2147 3949 2243 4004 ἵνα
2262 3952 2352 4006 τὸν
2378 3951 2591 4005 ὄλισθον
2613 3953 2707 4006 τοῦ
2739 3954 2948 4008 δικαίου
2982 3956 3306 4029 θεασάμενοι
3347 3962 3523 4031 ἀσφα-

1951 4032 2231 4106 λισὼμεθα
2258 4036 2321 4088 τὸ
2350 4035 2572 4108 πτῶμα,
2601 4037 2696 4092 καὶ
2728 4037 2988 4109 φύγωμεν
3008 4039 3109 4110 τὴν
3135 4042 3329 4112 ὁμοίαν
3355 4043 3527 4114 βάσα-

1954 4134 2063 4170 νον.
2096 4118 2289 4172 Πολλοὶ
2335 4118 2445 4190 γὰρ
2498 4118 2595 4174 καὶ
2626 4120 2708 4183 είς
2735 4122 2836 4192 τὴν
2879 4123 3117 4194 σήμερον
3149 4124 3419 4196 πολέμους
3467 4131 3527 4185 ἐν

1949 4203 2064 4264 τοῖς
2085 4202 2255 4266 οίκοις
2289 4200 2493 4271 έχουσι,
2528 4203 2622 4257 καὶ
2652 4204 2682 4255 6
2725 4204 2825 4274 μὲν
2854 4205 2959 4258 ὑπὸ
2987 4207 3242 4274 γυναικὸς
3275 4210 3525 4282 πολεμεῖ-

1949 4302 2061 4349 ται,
2095 4288 2124 4340 6
2149 4286 2207 4340 δὲ
2224 4285 2328 4339 ὑπὸ
2342 4286 2531 4341 τέκνου
2557 4286 2946 4358 πολιορκεῖται,
2966 4290 3124 4355 ἄλλος
3151 4292 3254 4345 ὑπὸ
3270 4294 3525 4363 ἀδελφοῦ,

1950 4368 2046 4421 καὶ
2090 4368 2274 4441 ἔτερος
2292 4369 2397 4422 ὑπὸ
2426 4370 2637 4423 οἰκέτου
2674 4371 2998 4442 δαμάζεται,
3030 4375 3122 4427 καὶ
3145 4375 3374 4439 ἕκαστος
3389 4380 3525 4449 ἀκη-

1948 4452 2056 4526 διᾷ,
2083 4455 2174 4508 καὶ
2207 4454 2548 4526 δυσχεραίνει
2577 4457 2669 4509 καὶ
2718 4456 2974 4528 μάχεται,
3001 4458 3096 4512 καὶ
3135 4460 3381 4531 πολεμεῖ,
3428 4466 3524 4516 καὶ

1949 4538 2286 4608 πολεμεῖταιο
2322 4539 2417 4592 καὶ
2459 4540 2635 4603 οὐδεὶς
2665 4539 2854 4595 ἐαυτὸν
2896 4539 3169 4610 λογοθετεῖ
3196 4545 3413 4610 ἐννοῶν,
3440 4549 3522 4600 ὅτι

1946 4624 1997 4675 εἰ
2028 4622 2103 4693 μὴ
2146 4623 2422 4694 ἁμαρτίας
2449 4622 2724 4695 ἔσπειρεν,
2758 4624 2858 4677 οὐκ
2890 4625 2956 4678 ἂν
2998 4627 3055 4679 ἐν
3082 4626 3162 4698 τῷ
3192 4628 3326 4700 οἴκῳ
3355 4632 3523 4685 αὐτοῦ

1946 4706 2179 4760 ἄκανθαι
2233 4708 2328 4760 καὶ
2378 4705 2615 4778 τρίὸολοι
2657 4706 2951 4778 ἀνέϐησαν·
2988 4710 3037 4763 εἰ
3090 4711 3165 4782 μὴ
3217 4713 3520 4784 σπινθῆρας

1946 4790 2227 4863 ἁμαρτιῶν
2251 4789 2624 4861 ἐκρυψεν,οὒκ
2655 4789 2723 4845 ἂν
2760 4791 2789 4843 6
2817 4787 2964 4857 οἶκος
2991 4794 3364 4867 ἀνεπυρίζετο.
3399 4799 3521 4853 Ὅτι

1943 4876 2052 4947 γὰρ
2084 4874 2371 4947 ἁμαρτιῶν
2415 4875 2521 4927 εἰσι
2552 4875 2755 4945 καρποὶ
2784 4875 2854 4928 τά
2886 4877 3059 4930 οἰκεῖα
3087 4878 3254 4945 κακὰ,
3291 4882 3384 4935 καὶ
3421 4882 3520 4952 δη-

1946 4960 2101 5028 μίους
2131 4959 2427 5030 ἐμφυλίους
2448 4958 2589 5011 κατὰ
2609 4958 2702 5011 τοῦ
2737 4960 3144 5030 ἁμαρτάνοντος
3177 4969 3473 5035 χειροτονεῖ
3492 4970 3522 5021 6

1941 5042 2093 5109 Θεὸς,
2132 5043 2342 5115 μάρτυς
2367 5044 2401 5113 ἠ
2450 5042 2569 5095 θεία
2596 5042 2812 5114 Γραφὴ,
2858 5040 2927 5116 ἧς
2958 5045 3110 5098 οὐδὲν
3152 5048 3518 5119 ἰσχυρότερον.

1942 5126 2177 5197 Πολεμεῖ
2219 5143 2279 5178 σε
2307 5127 2341 5197 ἡ
2394 5127 2552 5197 γυνὴ,
2603 5126 2895 5181 εἰσελθόντι
2932 5126 3009 5190 ὡς
3053 5127 3241 5200 θηρίον
3282 5132 3516 5202 ἀπαντᾷ,

1940 5209 2039 5282 τὴν
2068 5210 2320 5278 γλῶσσαν
2347 5209 2424 5272 ὥς
2467 5211 2739 5281 μάχαιραν
2777 5210 2984 5282 ἀκονᾷ;
3032 5212 3291 5283 Λυπηρὸν
3322 5215 3421 5285 μὲν
3458 5219 3519 5269 τὸ

1940 5294 2195 5365 πρᾶγμα,
2227 5293 2312 5346 ὃτι
2349 5294 2382 5363 ἡ
2423 5290 2615 5362 βοηθὸς
2647 5292 2943 5355 ἀντίπαλος
2978 5296 3219 5363 γέγονεν·
3257 5295 3338 5368 ['5]
3368 5298 3518 5368 ὅμως

1939 5377 2131 5430 ἐαυτὸν
2177 5375 2492 5446 ἐρεύνησον,
2556 5376 2629 5446 μή
2660 5392 2780 5439 πως
2807 5376 2865 5428 ἐν
2917 5377 3129 5448 νεότητι
3166 5380 3246 5442 εἰς
3284 5384 3516 5448 γυναῖκα

1937 5458 2311 5529 ἐνεωτέρισας,
2335 5460 2428 5511 καὶ
2454 5457 2515 5511 τὸ
2537 5460 2616 5521 εἰς
2642 5462 2877 5527 γυναῖκα
2898 5459 3120 5532 τραῦμα
3139 5460 3229 5515 διὰ
3257 5465 3515 5532 γυναικὸς

1937 5541 2322 5613 θεραπεύεται.
2371 5543 2468 5596 καὶ
2515 5542 2615 5611 τὴν
2664 5542 2951 5615 ἀλλοτρίαν
2999 5546 3269 5616 σηπεδόνα
3324 5549 3358 5618 ἡ
3409 5547 3514 5600 ἰδία

1934 5629 2263 5698 χειρουργεῖ.
2303 5626 2420 5680 Κᾶν
2449 5626 2615 5697 ἀγνοῇ
2668 5628 2700 5697 ἡ
2729 5628 3024 5697 τέμνουσα,
3066 5630 3180 5682 ἀλλ’
3208 5626 3349 5684 οἶδεν
3368 5633 3397 5685 6
3433 5633 3515 5684 ία-

1931 5710 2061 5781 τρὸς
2106 5709 2259 5773 Θεός.
2315 5709 2486 5774 Αὐτὸς
2520 5710 2631 5781 γὰρ
2676 5710 2814 5781 αὐτῇ
2862 5711 2939 5775 ὡς
2990 5713 3194 5784 σιδήρῳ
3227 5715 3367 5769 κατά
3416 5714 3512 5771 σοῦ

1932 5794 2221 5864 ἐχρήσατοο
2250 5793 2345 5845 καὶ
2370 5791 2560 5865 ὥσπερ
2584 5791 2645 5846 τὸ
2682 5793 2897 5865 σίδηρον
2923 5796 3023 5849 οὐκ
3060 5794 3200 5849 οἶδεν
3224 5798 3253 5850 δ
3277 5801 3509 5869 ἐνεργεῖ,

1932 5878 2031 5949 τὴν
2060 5876 2115 5930 δὲ
2143 5876 2231 5931 διὰ
2251 5875 2345 5931 τοῦ
2379 5877 2595 5950 σιδήρου
2627 5877 2924 5948 θεραπείαν
2953 5877 3094 5936 οἶδεν
3125 5883 3153 5934 6
3180 5882 3385 5955 ἰατρός·
3414 5882 3509 5937 οῦ-

3148 5959 3191 6019 2
