4074 6356
475 435 542 489 στ
1161 391 1218 488 ε.
1243 434 1526 492 ιοΑΝΝιε
1562 436 2039 494 cnnvsoswom

2146 440 2406 503 RCHIEP.
2445 447 2996 509 CONSTANTINOP.
3671 449 3742 503 38

473 565 551 600 τω
587 549 685 600 κᾶν
743 549 908 617 ἀγνοῇ
959 547 991 617 ἡ
1040 547 1178 618 γυνὴ
1209 550 1243 619 ή
1296 544 1626 618 πλήττουσα,
1656 553 1751 604 καὶ
1796 554 1825 605 6
1861 553 2002 624 ἀνὴρ
2027 554 2056 607 6

476 631 843 701 πληττόμενος
873 629 973 702 τὴν
1009 631 1189 683 αἰτίαν
1221 631 1320 701 τῆς
1353 632 1585 702 πληγῆς,
1610 634 1726 687 ἀλλ’
1761 635 1788 685 ό
1811 634 1942 697 Θεὸς
1980 635 2057 698 ὠς

474 708 659 783 ἰατρὸς
712 710 817 767 οἶδε
855 713 917 766 τὸ
967 713 1265 786 συμφέρον.
1293 715 1416 768 Ὅτι
1469 716 1525 769 δέ
1570 718 1603 788 ή
1662 717 1799 789 γυνὴ
1844 718 2056 788 πονηρά

475 797 758 868 ἁμαρτιῶν
787 798 901 850 ἐστι
927 797 1176 860 κόνδυλος
1210 799 1249 861 ¹,
1289 797 1498 869 μάρτυς
1529 801 1562 870 ή
1599 800 1719 852 Θεία
1751 799 1962 871 Γραφή.
1989 799 2054 852 Τί

471 881 581 951 γάρ
605 881 751 949 λέγει
769 881 1017 935 ἄκουσον·
1059 879 1230 946 Γυνὴ
1260 882 1494 948 πονηρὰ
1523 881 1694 949 ἀνδρὶ
1732 879 2055 951 ἁμαρτωλῷ

470 963 814 1030 δοθήσεται.
861 963 950 1026 Ὧς
996 963 1172 1034 πικρά
1218 963 1493 1026 ἀντίδοτος
1543 964 1693 1036 αὑτῷ
1747 966 2051 1036 δοθήσεται,

469 1049 596 1111 τοὺς
611 1047 819 1119 χυμοὺς
845 1047 954 1100 τῶν
991 1047 1278 1118 ἁμαρτιῶν
1310 1046 1699 1101 ἀναλίσκουσα.
1732 1047 1856 1103 Ὅτι
1878 1049 1935 1102 δέ
1960 1051 2055 1103 καὶ

468 1132 532 1184 τὸ
557 1131 664 1184 ὑπὸ
684 1131 888 1184 τέκνων
906 1127 1333 1200 πολιορκεῖσθαι,
1358 1128 1643 1200 ἁμαρτιῶν
1668 1131 1783 1184 ἐστι
1801 1130 2051 1200 βάσανος,

471 1213 684 1286 μάρτυς
707 1215 734 1264 ὁ
765 1210 950 1273 Δαυῒδ,
982 1211 1071 1265 διὰ
1101 1211 1201 1282 τὴν
1239 1212 1555 1283 παράνομον
1596 1214 1782 1283 κοίτην
1826 1215 1930 1268 ὑπὸ
1959 1213 2051 1268 τοῦ

467 1298 585 1352 υίοῦ
630 1294 792 1351 αὑτοῦ
851 1294 1209 1365 Ἀϐεσσαλὼμ
1250 1295 1672 1367 πολεμούμενος,
1705 1299 1778 1362 ὼς
1820 1301 1849 1352 6
1894 1298 2053 1367 λόγος

468 1378 690 1444 ἔδειξεν.
731 1379 854 1432 Ὅτι
884 1378 941 1430 δέ
977 1377 1072 1432 καὶ
1117 1376 1339 1446 ἀδελφοὶ
1376 1378 1637 1448 ἀδελφοὺς
1661 1378 1728 1432 δι’
1780 1381 2052 1452 ἁμαρτίας

467 1465 834 1533 ἐπολέμησαν,
863 1463 1070 1533 μάρτυς
1100 1463 1133 1532 ή
1180 1461 1357 1530 βίϐλος
1385 1461 1492 1518 τῶν
1523 1462 1762 1534 Κριτῶν.
1787 1464 1916 1517 Ὅτε
1942 1463 2051 1534 γὰρ

466 1550 546 1612 εἰς
572 1548 668 1618 τὴν
692 1547 990 1599 παλλακίδα
1015 1545 1108 1598 τοῦ
1139 1546 1419 1618 ὁδοιπόρου
1443 1548 1492 1624 οἰ
1524 1548 1624 1611 τῆς
1660 1547 1833 1618 φυλῆς
1862 1549 2051 1602 Βενια-

471 1633 561 1702 μὶν
587 1631 1001 1701 ἐξεπόρνευσαν,
1032 1631 1065 1701 ή
1092 1629 1149 1682 δὲ
1190 1630 1290 1699 τὴν
1333 1628 1569 1702 ἄμετρον
1603 1630 1758 1701 ὓϐριν
1795 1631 1868 1702 μὴ
1895 1635 2046 1702 ἐνεγ-

468 1715 638 1768 κοῦσα
665 1713 950 1774 ἀπέθανεν,
977 1714 1032 1767 αἰ
1066 1711 1260 1766 ἕνδεκα
1293 1714 1454 1783 φυλαὶ
1483 1716 1582 1787 τὴν
1617 1715 1743 1786 μίαν
1774 1717 2048 1790 ἐπολέμη-

469 1815 586 1852 σαν·
613 1799 707 1851 καὶ
744 1796 931 1867 ἐπειδὴ
953 1797 1008 1849 αἰ
1035 1795 1227 1850 ἐνδεκα
1243 1796 1408 1865 φυλαὶ
1429 1797 1535 1850 ἀπὸ
1556 1798 1692 1851 Θεοῦ
1711 1799 2041 1871 ἀπέστησαν,

465 1885 562 1940 καὶ
591 1887 671 1946 εἰς
695 1882 765 1936 τά
793 1883 987 1936 εἴδωλα
1016 1880 1432 1953 ἐξεπόρνευσαν,
1464 1883 1568 1936 ὑπὸ
1597 1884 1696 1954 τῆς
1722 1885 1848 1955 μιᾶς
1875 1884 2050 1955 φυλῆς

464 1970 524 2024 αἱ
551 1968 744 2022 ἕνδεκα
769 1965 1120 2036 ἐνικήθησαν,
1149 1967 1243 2018 καὶ
1271 1966 1560 2030 πλεονάκις
1588 1967 1890 2037 νικηθεῖσαι
1942 1968 2048 2021 ὑπὸ

464 2052 565 2124 τῆς
589 2051 740 2122 μιᾶς,
767 2049 914 2113 ἅπαξ
934 2048 1104 2120 αὑτὴν
1126 2049 1407 2119 ἐνίκησαν,
1434 2051 1528 2104 καὶ
1543 2050 1763 2120 ἀδελφοὶ
1784 2051 2048 2121 ἀδελφοὺς

464 2135 833 2205 ἐπολέμησαν,
863 2130 1049 2200 ἐπειδὴ
1081 2132 1110 2184 6
1149 2130 1280 2193 Θεὸς
1307 2131 1395 2185 διά
1431 2133 1529 2196 τὰς
1567 2133 1842 2214 ἁμαρτίας
1865 2133 2044 2188 αὐτῶν

462 2213 566 2292 ῆρε
602 2218 662 2272 τὸ
691 2218 788 2288 τῆς
814 2214 1086 2287 ἁμαρτίας
1115 2214 1445 2286 μεσότοιχον.
1485 2216 1701 2289 Ἐπειδὴ
1726 2213 1843 2290 γὰρ
1880 2219 1913 2288 ἠ
1945 2217 2044 2288 μία

464 2304 606 2376 φυλὴ
628 2303 708 2365 εἰς
728 2302 827 2372 τὴν
852 2301 1088 2369 γυναῖκα
1109 2298 1457 2372 ἐπόρνευσεν,
1494 2301 1550 2354 αἱ
1572 2299 1627 2354 δέ
1659 2301 1854 2356 ἕνδεκα
1882 2301 2044 2371 φυλαί

469 2387 546 2449 ιίς
582 2384 652 2438 τὰ
679 2383 870 2437 εἴδωλα
904 2381 1320 2452 ἐξεπόρνευσαν,
1352 2383 1447 2436 καὶ
1481 2376 1626 2436 οὗτοι
1654 2386 1895 2438 κάκεῖνοι
1938 2383 2045 2438 ὑπὸ

464 2467 600 2524 Θεοῦ
619 2467 1116 2541 ἐξωλοθρεύθησαν,
1133 2469 1208 2532 ὡς
1220 2469 2038 2541 γέγραπται·Ἐξωλόθρεῡσας

474 2547 658 2602 εάντα
674 2548 779 2601 τὸν
794 2548 1161 2617 πορνεύοντα
1183 2549 1298 2603 ἀπὸ
1319 2549 1626 2603 σοῦ.”Ωστε
1649 2551 1865 2620 ἁδελφοί
1885 2551 2038 2606 ἀδελ-

462 2649 596 2706 φους
623 2634 970 2704 ἐπολέμησαν
993 2632 1059 2684 δι’
1093 2633 1385 2702 ἁμαρτίας.
1432 2633 1569 2685 Ὑπὸ
1607 2633 1849 2701 ἀδελφῶν
1882 2635 2040 2687 πολε-

463 2718 752 2789 μούμενος,
803 2715 878 2788 μὴ
909 2713 1159 2769 τοσοῦτον
1193 2716 1331 2788 κατ’⁴
1360 2714 1583 2769 ἐκείνων
1619 2715 1862 2781 στέναζε,
1919 2718 2040 2770 ὅσον

458 2804 651 2857 ἐαυτὸν
681 2800 977 2870 λογοθέτει,
993 2799 1090 2852 καὶ
1115 2797 1346 2870 ἀνέταζε
1369 2797 1547 2869 ζητῶν
1567 2799 1656 2852 διὰ
1681 2800 1840 2863 ποίας
1865 2801 2042 2872 ἀμαρο

454 2888 575 2950 τίας
607 2889 656 2940 οἱ
710 2883 928 2953 ἀδελφοὶ
963 2881 1231 2952 πολέμιοι.
1262 2883 1376 2953 Οὐχ
1413 2883 1496 2936 ὃτι
1536 2882 1732 2946 πάντες
1757 2882 1822 2936 δι’
1863 2884 2041 2954 ἀμαρ-

455 2971 574 3035 τίας
607 2970 712 3024 ὑπὸ
767 2966 1012 3043 ἀδελφῶν
1064 2964 1446 3036 πολεμοῦνταυ
1481 2965 1718 3040 καὶγὰρ
1764 2969 1793 3021 6
1845 2966 2038 3039 Ἰωσὴφ

453 3055 560 3109 ὑπὸ
604 3053 714 3108 τῶν
769 3049 1011 3120 ἀδελφῶν
1060 3049 1399 3121 ἐπολεμεῖτο,
1445 3051 1541 3104 καὶ
1587 3052 1648 3104 οὑ
1686 3051 1902 3116 πάντως
1951 3050 2041 3104 διά

452 3141 826 3210 ἁμαρτήματα
848 3151 861 3166 ο
889 3134 983 3188 καὶ
1011 3136 1039 3188 6
1084 3133 1204 3187 ’1ὼὸ
1230 3134 1333 3188 ὑπὸ
1354 3133 1610 3204 γυναικὸς
1631 3134 2034 3202 ἐπεϐουλεύετο,

452 3225 548 3278 καὶ
568 3223 630 3276 οὐ
658 3220 878 3283 πάντως
902 3217 991 3272 διὰ
1029 3219 1424 3289 ἁμαρτήματαο
1450 3218 1566 3272 ἀλλ’
1605 3221 1685 3273 ὅτι
1717 3220 1766 3274 οἰ
1794 3219 2039 3282 πλείονες

450 3307 560 3362 τῶν
601 3304 904 3377 ἀνθρώπων
956 3300 1044 3355 διὰ
1098 3302 1371 3372 ἁμαρτίας
1421 3303 1701 3368 οἰκιακοὺς
1744 3303 2038 3374 πολεμίους

450 3393 667 3465 ἔχομεν.
699 3389 886 3442 Ἔστιν
936 3387 1023 3440 ὅτε
1068 3386 1163 3439 καὶ
1210 3385 1354 3454 φίλοι
1378 3387 1458 3451 εἰς
1491 3387 1716 3458 ἐχθροὺς
1736 3388 1824 3441 διὰ
1863 3389 2038 3460 ἀμαρ-

449 3477 571 3539 τίας
599 3473 908 3546 τρέπονται,
940 3471 1036 3524 καὶ
1062 3471 1111 3522 οἰ
1143 3469 1306 3523 πάλαι
1327 3470 1646 3539 ἀγαπῶντες
1667 3483 1692 3510 ³
1710 3470 1928 3542 μισοῦσι
1946 3473 2037 3524 καὶ

450 3557 907 3629 ἀποστρέφονται,
954 3553 1046 3608 τοῦ
1097 3552 1233 3606 Θεοῦ
1283 3553 1344 3606 τὸ
1366 3552 1604 3607 τοιοῦτον
1643 3556 1798 3625 μῖσος
1842 3555 1908 3609 δι’
1944 3555 2037 3620 οὒς

450 3639 559 3696 οἶδε
587 3642 780 3709 λόγους
813 3636 1192 3710 ἐμϐάλλοντος.
1231 3635 1387 3689 Οὕτω
1434 3635 1544 3708 γάρ
1570 3637 1628 3689 ἐν
1657 3637 1734 3708 τῷ
1761 3639 2036 3708 ἑκατοστῷ

449 3727 696 3796 τετάρτῳ
728 3721 932 3792 ψαλμῷ
979 3720 1290 3791 γέγραπται
1358 3721 1487 3791 περὶ
1533 3719 1642 3773 τῶν
1699 3721 2031 3788 Αἰγυπτίων·

448 3807 831 3873 Μετέστρεψνε
859 3803 976 3871 τὴν
1004 3802 1254 3870 καρδίαν
1279 3801 1478 3857 αὐτῶν
1513 3804 1622 3858 τοῦ
1643 3805 1902 3872 μισῆσαι
1929 3806 2036 3858 τὸν

447 3890 828 3948 ,λαὸν-αὺτοῦ.
856 3891 971 3942 Οὐκ
1001 3887 1066 3941 ἂν
1111 3887 1169 3940 δέ
1199 3887 1260 3940 τὸ
1286 3890 1440 3957 μῖσος
1462 3888 1569 3941 ἀπὸ
1597 3887 1734 3942 Θεοῦ
1772 3889 1951 3960 ἐδόθη,
1985 3891 2034 3942 εἰ

449 3978 524 4049 μὴ
559 3975 822 4045 πρότερον
839 3971 1025 4034 κακῶς
1053 3970 1348 4039 ἐφιλίαζον.
1375 3965 1472 4034 Οἷς
1513 3970 1682 4043 γάρή
1726 3972 1880 4041 φιλία
1925 3974 2032 4026 ἀπ-

447 4059 645 4121 ωλείας
669 4056 950 4129 πρόξενος,
975 4053 1185 4117 τούτοις
1212 4053 1272 4106 τὸ
1319 4054 1473 4123 μῖσος
1514 4055 1716 4125 ἀρετῆς
1754 4053 2030 4118 ὑπόθεσις.

457 4142 623 4196 Ἀλλά
655 4143 749 4196 καὶ
797 4141 866 4195 τὰ
904 4139 1070 4194 δοῦλα
1108 4139 1202 4192 καὶ
1239 4139 1457 4208 ὑπήκοα
1495 4136 1723 4208 σώματα
1771 4138 2032 4202 πολλάκις

447 4227 532 4280 διὰ
571 4224 845 4296 ἁμαρτίας
877 4225 942 4294 τῇ
966 4221 1254 4292 δεσποτεία
1282 4221 1678 4292 ἐπανέστησαν.
1718 4222 1892 4274 Βλέπε
1924 4223 2032 4293 γάρ

446 4310 536 4362 τὸν
553 4307 723 4377 Ἀδάμ
761 4306 984 4377 μηδέπω
1011 4306 1420 4378 ἁμαρτήσαντα,
1557 4305 1651 4357 καί
1673 4305 1741 4358 τὰ
1768 4305 1932 4376 θηρία
1957 4306 2032 4369 ὡς

446 4392 609 4446 δοῦλα
663 4391 757 4444 καί
787 4391 1001 4461 ὑπήκοα
1032 4388 1242 4459 έχοντα,
1271 4388 1365 4440 καὶ
1400 4387 1474 4451 ῶς
1500 4387 1705 4451 δούλοις
1730 4391 1911 4453 αὑτοῖς
1941 4407 2034 4442 κα-

447 4474 642 4529 λοῦντα
664 4475 922 4543 ὀνόματα.
962 4474 1092 4524 ’Ὀτε
1133 4472 1187 4524 δέ
1210 4471 1309 4542 τὴν
1331 4471 1454 4541 ὄψιν
1483 4473 1548 4542 τῇ
1598 4472 1844 4544 ἁμαρτίᾳ
1878 4473 2033 4526 ἐσπί-

446 4559 607 4624 λωσε,
651 4558 771 4612 τότε
821 4557 890 4611 τά
931 4547 1100 4626 ,θηρία
1145 4556 1306 4609 αὑτὸν
1334 4555 1434 4609 οὐκ
1477 4553 1788 4626 ἐγνώριζεν,
1823 4557 1918 4610 καὶ
1962 4556 2032 4610 τά

445 4643 606 4697 δοῦλα
647 4641 882 4711 πολέμια
925 4644 1046 4694 κατ’
1087 4640 1251 4693 αὑτοῦ
1299 4640 1575 4709 γεγόνασι.
1619 4639 1730 4694 Καὶ
1785 4639 1973 4712 ῶσπερ
2002 4643 2031 4696 6

443 4729 502 4780 ἐν
555 4728 621 4798 τῇ
673 4725 821 4796 οἰκίᾳ
865 4729 1011 4778 κύων
1057 4724 1299 4778 δουλεύει
1348 4723 1426 4794 τῷ
1471 4723 1745 4795 τρέφοντι,
1798 4725 1893 4778 καί
1934 4742 2031 4794 φο-

445 4809 622 4862 ϐεῖται
646 4808 838 4861 τοῦτον
859 4809 956 4860 καί¹
975 4807 1230 4877 τέθηπενο
1255 4807 1350 4860 ἐὰν
1379 4807 1437 4860 δέ
1458 4808 1612 4876 ἄφνω
1639 4807 2028 4879 ὴσϐολωμένην

442 4893 636 4965 ἔχοντα
682 4890 782 4962 τὴν
819 4890 942 4960 ὄψιν
977 4891 1262 4960 θεάσηται.
1295 4890 1327 4959 ἦ
1368 4893 1711 4961 προσωπεῖον
1747 4891 2027 4963 ἀλλότριον

441 4978 501 5030 ἐν
529 4978 597 5046 τῇ
623 4975 742 5044 ὄψει
782 4975 1042 5046 φέροντα,
1063 4975 1138 5038 ὡς
1169 4972 1303 5044 ξένῳ
1318 4974 1606 5044 ἐπέρχεται
1633 4975 1728 5028 καὶ
1751 4977 2026 5047 σπαράξαι

441 5059 710 5130 βούλεται·
741 5058 914 5122 οὕτως
951 5061 980 5113 ὁ
1030 5058 1205 5129 Ἀδὰμ
1261 5058 1347 5128 ἐφ’
1396 5058 1520 5110 ὅσον
1561 5057 1623 5110 τὸ
1670 5061 1790 5112 κατ’
1841 5060 2026 5114 εἰκόνα

441 5143 577 5197 Θεοῦ
621 5143 915 5214 πρόσωπον
959 5141 1201 5214 καθαρὸν
1229 5143 1438 5214 ἐτήρει,
1469 5144 1520 5195 οἱ
1573 5140 1738 5212 θῆρες
1772 5142 1923 5214 αὑτῷ
1951 5144 2026 5208 ὼς

440 5227 614 5280 δοῦλοι
660 5226 967 5281 ὑπέκειντο·
999 5227 1090 5280 ὅτε
1141 5226 1198 5279 δὲ
1240 5226 1304 5280 τὸ
1346 5226 1637 5298 πρόσωπον
1668 5229 1737 5298 τῇ
1773 5231 2024 5300 παρακοῇ

439 5309 732 5375 ἐσπίλωσε,
790 5308 864 5380 μὴ
919 5309 1254 5380 γνωρίζοντα
1285 5309 1377 5362 τὸν
1429 5309 1718 5382 δεσπότην,
1763 5309 1840 5374 ὡς
1893 5310 2026 5382 ξένῳ

439 5393 756 5465 ῆχθραινον.
789 5393 952 5448 Ὥστε
983 5394 1077 5445 καὶ
1106 5391 1310 5446 δούλων
1340 5393 1707 5456 ἐπανάστασις
1739 5394 2024 5466 ἁμαρτιῶν

440 5477 587 5528 ἐστιν
629 5476 914 5538 ἀντίδοσις.
945 5475 1160 5540 Δίκαιος
1184 5476 1212 5526 6
1236 5475 1454 5547 Δανιὴλ,
1486 5477 1578 5528 καὶ
1615 5479 1663 5529 οἰ
1685 5476 1898 5540 λέοντες
1927 5477 2024 5548 τὴν

439 5557 754 5612 δεσποτείαν
781 5557 1102 5630 ἐγνώρισαψ
1136 5555 1274 5612 εἶδον
1316 5559 1592 5630 ἁμαρτίας
1620 5558 1902 5626 ἄγευστον,
1931 5561 2025 5613 καὶ

439 5642 658 5712 ἀφῆκαν
701 5642 969 5714 τιμωρίας
1012 5644 1236 5714 ἄμορον.
1267 5643 1520 5714 ’Ἡμαρτε
1567 5645 1851 5714 προφήτης
1891 5645 2025 5714 ψευ-

500 5801 523 5819 ‘
545 5800 779 5856 Κὸνδυλος
800 5813 889 5861 pro
911 5803 1136 5862 impactis
1170 5803 1308 5863 alapa
1338 5804 1415 5850 vel
1445 5815 1610 5863 pugno
1630 5800 1920 5863 frequenler
1940 5815 2024 5852 oc-

440 5864 584 5911 currit
614 5863 739 5922 apud
766 5865 1046 5923 scripIOres.
1072 5864 1198 5912 Hinc
1223 5865 1424 5914 verbum
1449 5864 1789 5919 κονδυλίζουσα
1817 5863 1955 5913 infra.

503 5924 528 5952 ⁸
552 5923 675 5984 Βριζ.
703 5927 743 5971 οἱ
767 5923 912 5971 πάδαι
936 5924 1202 5981 ποθοῦντες.

2165 562 2416 632 σάμενος,
2471 564 2566 616 καὶ
2614 558 2769 635 εὗρεν
2806 565 2969 620 αὑτὸν
3007 566 3038 619 6
3083 563 3218 618 λέων
3263 562 3322 618 ἐν
3359 564 3427 634 τῇ
3474 564 3598 634 ὁδῷ,
3646 569 3763 643 καὶἷ

2163 652 2520 712 ἐθανάτωσεν.
2578 651 2888 723 Ἠσϐολὼθη
2938 653 3015 731 τῷ
3051 653 3255 725 ψεύδει,
3285 653 3377 708 καὶ
3412 655 3441 707 6
3463 653 3598 706 λέων
3643 654 3760 706 οὑκ·

2163 740 2476 814 ἐγνώρισεν.
2527 743 2592 798 Εἰ
2645 746 2932 817 προφήτην
2983 742 3121 799 εἶδεν
3175 745 3243 799 ἂν
3271 744 3347 809 ὡς
3383 743 3472 798 τὸν
3525 743 3739 814 Δανιὴλ,

2162 834 2386 905 ἐτίμησε
2408 853 2421 865 ’
2449 836 2901 910 ψευδοπροφήτην
2927 828 3076 910 εὗρε,
3113 837 3207 890 καί
3233 836 3309 900 ὡς
3339 834 3474 906 ξένῳ
3507 835 3742 907 ἐπέδρα-

2165 943 2284 997 μεν.
2340 926 2399 980 Ὁ
2426 927 2693 1000 δεσπότης
2719 928 3004 997 ἐψεύσατο,
3036 927 3132 982 καί
3153 928 3182 981 6
3205 927 3391 991 δοῦλος
3423 925 3520 998 τὴν
3551 925 3743 979 δεσπο-

2160 1017 2307 1071 τείαν
2361 1018 2658 1090 ἠρνήσατο.
2698 1019 2809 1073 Καὶ
2841 1019 2896 1073 τί
2934 1019 3078 1090 λέγω
3133 1019 3263 1090 περί
3318 1018 3425 1074 τῶν
3480 1016 3743 1071 οἰκιακῶν

2161 1109 2368 1176 κακῶν,
2404 1112 2565 1166 ὁπότε
2598 1113 2694 1166 καὶ
2737 1112 2870 1167 αὑτὸ
2917 1112 3075 1184 ήμῶν
3107 1113 3168 1167 τὸ
3201 1112 3389 1183 σῶμα,
3427 1110 3488 1165 τὸ
3525 1111 3742 1166 πάντων

2159 1203 2291 1272 ἡμῖν
2337 1202 2661 1274 οἰκειότερον
2702 1203 2798 1257 καί
2829 1202 3308 1275 προσφιλέστερον,
3343 1202 3489 1255 ἐστιν
3516 1203 3604 1254 ὅτε
3646 1199 3742 1255 καὶ

2158 1295 2290 1348 αὐτὸ
2332 1295 2742 1368 ἁμαρτάνοντας
2775 1296 2923 1367 ἡμᾶς
2961 1295 3206 1367 πολεμεῖ,
3247 1295 3335 1349 διὰ
3366 1292 3614 1366 πυρετῶν
3647 1291 3737 1346 καὶ

2114 1439 2123 1449 _
2157 1383 2327 1437 νόσων
2366 1385 2459 1437 καὶ
2509 1384 2818 1454 ἀλγηδόνων
2864 1384 3206 1456 ἀμυνόμενον
3219 1385 3269 1449 ι),
3315 1383 3410 1437 καὶ
3454 1382 3515 1436 τὸ
3556 1381 3740 1436 δοῦλον

2165 1477 2326 1547 σῶμα
2352 1475 2451 1547 τὴν
2494 1477 2779 1532 δέσποιναν
2813 1477 2990 1548 ψυχὴν
3024 1476 3274 1546 μαστίζει
3322 1477 3736 1551 ἁμαρτήσασαν,

2156 1567 2256 1636 οὐχ
2287 1568 2368 1621 ὅτι
2398 1566 2554 1622 τοῦτο
2581 1567 2849 1638 βούλεται,
2880 1568 2997 1622 ἀλλ’
3022 1570 3107 1623 ὅτι
3134 1571 3292 1624 τοῦτο
3326 1572 3498 1624 ποιεῖν
3529 1569 3742 1624 κελεύει

2156 1676 2244 1712 ται
2271 1676 2286 1724 ;
2324 1659 2439 1713 Καὶ
2477 1659 2690 1732 μάρτυς
2720 1663 2748 1714 6
2771 1661 3004 1733 Χριστὸς
3029 1661 3107 1732 τῷ
3150 1661 3352 1716 ἰαθέντι
3387 1661 3740 1734 παραλυτικῷ

2156 1749 2331 1819 λέγων
2351 1766 2364 1781 ·
2387 1752 2520 1816 Ἴδε,
2551 1753 2728 1823 ὑγιὴς
2755 1753 3028 1823 γέγονας,
3059 1751 3270 1822 μηκέτι
3291 1753 3613 1823 ἁμάρτανε,
3638 1755 3739 1807 ἵνα

2148 1842 2234 1912 μή
2265 1859 2365 1897 σοι
2404 1843 2607 1913 χεῖρόν
2635 1861 2692 1899 τι
2725 1843 2984 1915 γένηται.
3012 1844 3295 1908 Μαθόντες
3333 1839 3426 1898 οὖν
3447 1885 3462 1909 ,
3497 1844 3736 1914 ἀδελφοὶ,

2155 1935 2240 1989 ὅτι
2267 1935 2365 1989 καί
2388 1937 2735 1991 οἰκιακοίκαί
2761 1938 3073 2007 συγγενικοί
3101 1939 3196 1992 καὶ
3223 1937 3460 1991 δουλικοί
3486 1939 3735 2009 πόλεμοι,

2153 2023 2248 2078 καὶ
2291 2026 2348 2079 αἰ
2399 2026 2496 2080 τοῦ
2533 2027 2785 2097 σώματος
2833 2028 2976 2083 νόσοι
3014 2027 3086 2082 τὰ
3131 2028 3301 2082 πολλά
3335 2028 3424 2084 διὰ
3463 2029 3738 2102 ἁμαρτίας

2155 2117 2422 2185 γίνονται,
2457 2118 2554 2191 τὴν
2582 2120 2766 2193 πηγὴν
2807 2121 2918 2174 τῶν
2965 2121 3148 2176 κακῶν
3177 2121 3275 2194 τὴν
3311 2121 3583 2194 ἁμαρτίαν
3606 2123 3738 2177 ἀνα-

2152 2211 2469 2283 στείλωμεν,
2503 2212 2594 2267 καί
2624 2215 2673 2266 εἰ
2701 2214 2988 2286 χείμαρροι
3020 2215 3128 2269 τῶν
3164 2215 3353 2270 παθῶν
3395 2216 3456 2270 οὐ
3501 2217 3734 2288 ῥέουσιν,

2148 2301 2264 2356 ἀλλ’
2294 2303 2343 2357 οἰ
2383 2305 2619 2376 ποταμοὶ
2649 2305 2759 2359 τῶν
2795 2305 2890 2361 τοῦ
2938 2305 3074 2361 Θεοῦ
3122 2308 3332 2362 ὑδάτων
3367 2308 3466 2380 τὴν
3510 2309 3731 2380 ψυχὴνε

2149 2393 2547 2464 εὐφραίνουσιν.
2612 2397 2765 2450 Ἐπεὶ
2815 2393 2910 2452 οῦν
2948 2399 3042 2452 καί
3085 2399 3113 2452 6
3153 2399 3315 2453 Δαυτδ
3346 2400 3422 2465 ὡς
3449 2399 3736 2471 ἀλλοτρίαν

2151 2481 2428 2552 βασιλείαν
2469 2485 2568 2557 τὴν
2617 2486 2885 2560 ὑπανδρον
2915 2489 3073 2544 ἔλαϐε
3110 2489 3395 2562 (βασιλεία
3436 2492 3543 2564 γὰρ
3574 2493 3734 2547 παντί

2146 2574 2301 2647 ἀνδρὶ
2349 2579 2384 2649 ή
2428 2579 2704 2650 ὁμόψυχος
2734 2581 2908 2653 γυνὴ,
2943 2583 3036 2638 καί
3079 2585 3176 2655 οὑχ
3202 2584 3376 2650 οὑτως
3407 2588 3436 2640 6
3481 2586 3735 2658 βασιλεὺς

2146 2665 2244 2738 τὴν
2268 2669 2554 2743 πορφύραν
2577 2672 2671 2726 καὶ
2697 2673 2758 2727 τὸ
2775 2673 3033 2746 διάδημα,
3050 2675 3124 2741 ὡς
3153 2677 3180 2729 6
3203 2677 3341 2748 ἀνὴρ
3369 2679 3467 2750 τὴν
3497 2682 3731 2747 γυναῖκα

2147 2759 2395 2832 ἀγαπᾷ)·
2436 2762 2525 2816 διά
2576 2763 2734 2820 τοῦτο
2773 2766 2803 2820 6
2850 2767 2914 2820 ἐκ
2959 2769 3058 2839 τῆς
3101 2770 3358 2836 γυναικὸς
3406 2771 3570 2824 αὑτοῦ
3619 2772 3732 2836 υἰὸς

2147 2851 2418 2924 ἐπανέστη
2459 2852 2754 2926 τύραννος,
2806 2857 3054 2929 ἁρπάσαι
3095 2859 3268 2913 θέλων
3318 2859 3417 2931 τὴν
3456 2860 3732 2931 βασιλείαν

2147 2938 2237 2993 τοῦ
2272 2942 2479 3013 πατρός
2499 2983 2514 2999 .
2556 2945 2659 3017 Βίᾳ
2696 2947 2936 3018 ἥρπασε,
2967 2950 3062 3004 καὶ
3095 2949 3218 3021 βίαν
3247 2951 3538 3022 ὑπέμεινε,
3575 2953 3668 3008 καὶ¹
3702 2955 3732 3008 6

2149 3029 2326 3104 λάθρα
2357 3035 2686 3109 ἁμαρτήσας
2707 3079 2722 3104 ,
2755 3039 3003 3112 φανερῶς
3033 3041 3458 3114 ἐθριαμὸεύετο·
3489 3045 3584 3099 καὶ
3615 3047 3644 3098 6
3670 3046 3731 3099 ἐν

2146 3129 2328 3198 κρυφῇ
2357 3130 2884 3202 τραυματιζόμενος,
2921 3133 3015 3188 ἐπὶ
3048 3134 3265 3190 πάντων
3301 3137 3730 3208 χειρουργούμε-

2145 3232 2233 3280 νος
2265 3215 2352 3270 διὰ
2385 3217 2475 3271 τὸν
2507 3219 2727 3274 εἰπόντα
2753 3220 2907 3287 Θεὸν,
2938 3221 3022 3277 Σὺ
3049 3224 3347 3294 ἐποίησας
3364 3228 3435 3280 ἐν
3462 3228 3723 3295 κρυπτῷ,

2143 3305 2258 3376 ἐγὼ
2304 3306 2373 3361 δὲ
2416 3308 2650 3378 ποιήσω
2680 3311 2752 3364 ὲν
2781 3311 2862 3378 τῷ
2895 3313 3131 3384 φανερῷ
3151 3355 3164 3378 ,
3199 3315 3298 3370 καί
3328 3317 3584 3372 ἐνώπιον
3620 3318 3728 3373 τοῦ

2145 3397 2323 3464 ἡλίου
2368 3399 2606 3455 τούτου.
2637 3400 2828 3470 Ὅμως
2854 3403 2955 3456 οὐκ
2986 3405 3068 3469 εἰς
3089 3405 3242 3468 τέλος
3272 3405 3484 3480 προέϐη
3525 3406 3593 3462 τὰ
3626 3408 3727 3479 τῆς

2145 3489 2345 3552 κακίας
2365 3488 2443 3559 τῷ
2459 3489 2833 3563 Ἀϐεσσαλώμ·
2861 3494 2955 3548 καὶ
2976 3495 3216 3562 δικαίως,
3242 3498 3328 3551 ἵνα
3349 3497 3424 3570 μὴ
3447 3501 3496 3552 οἰ
3513 3516 3728 3572 πατραο

2141 3578 2276 3650 λῷαι
2287 3582 2449 3651 νόμον
2463 3585 2850 3653 πατροκτονίας
2868 3585 2964 3657 τὴν
2979 3588 3173 3659 πρᾶξιν
3184 3589 3396 3661 ἔχωσιν.
3415 3591 3584 3645 ’Υπου
3593 3593 3729 3662 ργή-

2146 3685 2244 3732 σας
2261 3669 2316 3724 δέ
2339 3671 2413 3734 ὡς
2440 3672 2652 3752 δήμιος,
2677 3675 2752 3739 ὡς
2772 3677 3058 3743 κατάδικος
3086 3680 3369 3750 ἐφονεύετο
3387 3699 3401 3713 ·
3419 3684 3515 3737 καὶ
3535 3683 3724 3756 ῶσπερ

2141 3759 2209 3813 τά
2241 3760 2299 3812 ἐν
2324 3763 2436 3825 τοῖς
2459 3760 2707 3834 θεάτροις
2733 3762 2898 3836 θηρία
2917 3765 3098 3831 ἄλλοις
3123 3768 3218 3839 μὲν
3243 3770 3584 3841 ἐπέρχονται,
3620 3770 3726 3824 ὑπὸ

2141 3847 2314 3902 ἄλλων
2338 3848 2394 3901 δέ
2416 3849 2754 3918 φονεύονται·
2772 3851 2914 3906 οὕτω
2929 3855 3022 3907 καὶ
3037 3858 3064 3909 6
3091 3856 3447 3929 Ἀύεσσαλὼμ
3465 3857 3543 3930 τῷ
3561 3858 3726 3912 Δαυῒδ

2141 3939 2403 4006 ἐπελθὼν,
2438 3943 2543 3998 ὑπὸ
2568 3944 2662 3998 τοῦ
2699 3933 2856 3999 Ἰωάὁ
2888 3947 3193 4018 ἐφονεύετο,
3236 3950 3332 4004 καί
3379 3951 3473 4004 ἐπὶ
3505 3950 3722 4023 δένδρου

2141 4033 2345 4104 ὑψηλοῦ
2364 4033 2390 4074 ἀ
2423 4036 2716 4108 ἐκρέματο,
2739 4039 2767 4090 6
2789 4039 2930 4093 κατὰ
2951 4041 3044 4094 τοῦ
3074 4041 3281 4112 πατρὸς
3298 4042 3430 4112 ὑψού
3440 4059 3618 4113 μενος·
3639 4043 3721 4116 [5]

2140 4126 2421 4198 κατείχετο
2449 4127 2506 4181 δέ
2533 4128 2638 4182 ὑπὸ
2668 4131 2837 4199 φυτοῦ
2857 4171 2874 4197 ,
2913 4133 2941 4185 6
2968 4135 3033 4204 τῇ
3064 4133 3188 4205 ῥίζῃ
3219 4134 3546 4206 μαχόμενος,
3572 4137 3668 4190 καὶ
3692 4137 3723 4190 6

2144 4216 2338 4280 κλάδος
2364 4218 2470 4271 ὑπὸ
2496 4219 2589 4272 τοῦ
2619 4220 2814 4274 κλάδου
2847 4222 3082 4286 ἐδέδετο,
3111 4225 3211 4296 τῆς
3237 4227 3513 4299 πατρικῆς
3539 4227 3720 4283 διαθέ-

2144 4329 2281 4375 σεως
2307 4311 2716 4383 ἀποκλὼμενος,
2746 4316 2840 4369 καὶ
2877 4316 2983 4370 ἀπὸ
3016 4317 3118 4388 τῆς
3141 4320 3388 4391 κεφαλῆς
3412 4323 3717 4391 ἐκρατεῖτο,

2138 4405 2167 4458 6
2195 4403 2292 4474 τὴν
2331 4405 2572 4477 κεφαλὴν
2617 4406 2710 4460 τοῦ
2741 4410 3102 4479 γεννήσαντος
3131 4411 3316 4466 λαϐεῖν
3342 4414 3717 4485 ἐπειγόμενος,

2139 4493 2232 4545 καὶ
2264 4492 2338 4556 ῶς
2363 4494 2571 4565 καρπὸς
2596 4497 2704 4549 ἀπὸ
2734 4498 2825 4551 τοῦ
2854 4499 3021 4568 φυτοῦ
3049 4500 3344 4572 ἐκρέματο,
3374 4506 3401 4556 6
3432 4503 3521 4558 τὸν
3545 4523 3720 4577 γεωρ-

2137 4584 2232 4652 γὸν
2267 4587 2362 4656 τῆς
2395 4585 2607 4654 φύσεως
2635 4593 2816 4659 τεμεῖν
2849 4590 3188 4662 βουλόμενος,
3226 4594 3320 4647 καὶ
3349 4596 3427 4658 εἰς
3452 4595 3552 4668 τὴν
3579 4615 3718 4669 καρ-

2137 4673 2252 4727 δίαν
2300 4675 2609 4744 ἐτοξεύετο,
2659 4679 2776 4732 ἐκεῖ
2824 4682 3215 4752 φονευόμενος,
3252 4685 3386 4738 ὅπου
3428 4685 3518 4740 τὸν
3560 4688 3717 4756 φόνον

2137 4766 2455 4837 ἐμελέτησε.

2209 4843 2316 4910 Καὶ
2349 4852 2417 4927 ἦν
2454 4858 2582 4911 ἰδεῖν
2616 4858 2739 4912 τότε
2781 4861 3081 4932 παράδοξον
3122 4863 3318 4935 θέαμα.
3363 4864 3455 4930 Ὣς
3480 4864 3590 4938 γὰρ
3622 4865 3719 4922 ἐπὶ

2134 4946 2233 5018 τὴν
2277 4947 2498 5019 ἡμίονον
2532 4949 2792 5015 ἐλαύνων,
2829 4951 2938 5005 ἀπὸ
2968 4953 3069 5025 τῆς
3112 4955 3289 5027 κόμης
3329 4943 3448 5011 ’τῶν
3488 4957 3713 5030 τριχῶν,

2135 5039 2243 5092 ἀπὸ
2262 5050 2285 5078 θ
2317 5040 2419 5109 τῆς
2449 5039 2624 5112 κόμης
2648 5041 2741 5095 τοῦ
2782 5042 2999 5116 δένδρου
3050 5046 3350 5117 κατείχετο,
3384 5049 3479 5103 καὶ
3504 5050 3538 5120 ή
3568 5049 3714 5122 κόμη

2133 5133 2232 5202 τῆς
2263 5133 2439 5204 κόμης
2465 5137 2683 5205 κατεῖχε
2708 5135 2800 5188 τὸν
2827 5135 3111 5208 τύραννον,
3135 5137 3254 5192 ἐκεῖ
3282 5139 3444 5193 αὑτὸν
3475 5139 3718 5193 κονδυλί-

2134 5219 2320 5284 ζουσα.
2362 5223 2492 5274 ὅπου
2519 5223 2582 5277 τὸ
2613 5223 2880 5296 πατρικὸν
2905 5225 3142 5297 διάδημα
3179 5227 3410 5299 φορέσαι
3443 5227 3716 5284 ἐσπούδα-

2134 5316 2245 5378 ζεν.
2295 5311 2404 5368 Ἦν
2454 5309 2546 5369 οῦν
2603 5315 2900 5372 θεάσασθαι
2951 5317 3117 5389 μέσον
3175 5319 3406 5392 ούρανοῦ
3463 5322 3557 5376 καὶ
3609 5322 3714 5393 γῆς

2145 5404 2498 5476 ’Λϐεσσαλῶμ
2562 5407 2908 5478 κρεμάμενον
2936 5424 2954 5443 ο
3014 5411 3042 5464 6
3105 5410 3335 5482 οὐρανὸς
3391 5412 3553 5466 αὑτὸν
3611 5413 3714 5468 οὑκ

2131 5496 2378 5566 ἐδέχετο·
2429 5499 2477 5550 εἰ
2524 5498 2630 5570 γὰρ
2679 5500 2769 5554 τὸν
2812 5502 3027 5573 πρῶτον
3068 5504 3339 5576 ἀντάρτην
3389 5505 3579 5578 ἔρριψε
3619 5505 3714 5560 τὸν

2130 5587 2392 5646 διάϐολον,
2426 5588 2544 5652 πῶς
2578 5590 2645 5644 ἂν
2671 5591 2764 5645 τὸν
2797 5593 3046 5666 δεύτερον
3073 5595 3343 5668 ἀντάρτην
3373 5598 3622 5665 ἐδέξατο;
3647 5599 3708 5652 ἸΙ

2192 5676 2220 5742 1?
2248 5680 2352 5742 Reg
2385 5680 2666 5742 μαχόμενον.

2192 5741 2471 5810 Ἷξυεξᾴζαί
2494 5747 2542 5810 οἱ
2561 5760 2607 5806 χ.
2633 5761 2674 5810 τ.
2701 5761 2754 5810 τε.
2779 5745 2834 5810 06
2859 5745 3097 5810 ρεύσουσι,
3123 5748 3173 5798 ἀ.
3201 5752 3244 5798 οἰ
3279 5767 3332 5798 π.
3355 5752 3451 5800 τῶν
3472 5748 3557 5800 τοῦ
3583 5750 3710 5803 Θεοῦ

2129 5803 2316 5870 ἀγαθῶν
2338 5804 2421 5870 τήν
2444 5803 2591 5870 πόλιν
2605 5805 2751 5854 αὐτοῦ
2773 5803 3046 5870 τῆν’ψυχήν.

2191 5861 2219 5900 (Ι
2246 5864 2367 5930 Beg.
2399 5866 2473 5911 ἐπὶ
2495 5867 2684 5930 δένδρον
2703 5861 2902 5930 ὑψηλόν,
2932 5861 3024 5917 ἡδὺ
3055 5871 3200 5919 male.

2199 5938 2222 5964 ε
2246 5924 2299 5972 ιι]
2327 5927 2452 5988 Reg.
2485 5928 2579 5975 ἀπὸ
2602 5924 2764 5977 δθρςιζ
