4074 6356
392 494 461 549 37
1610 485 1960 544 EXPOSITIO
1999 484 2065 539 l‘N
2104 484 2425 541 PSALMUM
2467 484 2555 542 ΙΙΙ.
3574 486 3645 542 38

392 608 683 676 Scriptura.
722 604 855 673 Quid
897 604 1037 659 enim
1080 601 1213 656 dicat
1245 601 1368 656 audi
1406 620 1417 655 :
1463 601 1647 654 Mulier
1686 601 1819 654 mala
1863 602 1966 653 uiro

393 698 644 769 peccaturi
687 699 885 751 dabitur
923 696 1020 767 (α).
1065 694 1123 749 Ei
1164 695 1373 750 dabitur
1422 705 1683 763 tamquam
1731 707 1965 746 amarum

396 787 692 841 antidotum
713 828 726 850 ,
758 787 897 856 quod
928 796 1260 855 peccatorum
1290 786 1455 838 malos
1495 786 1742 839 humores
1774 799 1967 837 consu-

394 889 522 935 mat.
553 879 705 946 Quod
736 890 908 933 autem
937 878 1094 932 etiam
1122 878 1351 932 obsideri
1385 894 1412 930 a
1445 878 1597 943 filiis,
1627 877 1697 931 sit
1726 885 1968 945 peccato-

395 988 514 1027 rum
542 972 855 1041 supplicium
879 1012 896 1037 ,
928 971 1077 1025 testis
1103 980 1183 1024 est
1212 970 1373 1023 David
1398 1010 1412 1034 ,
1442 970 1528 1038 qui
1572 978 1785 1037 propter
1822 968 1969 1022 nefa-

394 1064 531 1118 rium
556 1077 898 1131 congressum
928 1077 955 1114 a
985 1076 1082 1115 suo
1099 1060 1206 1113 lilio
1229 1059 1495 1113 Absalone
1515 1058 1657 1113 bello
1681 1058 1969 1127 impetitur,

395 1164 454 1209 ut
494 1156 739 1224 superius
780 1152 1130 1207 ostendimus.
1172 1150 1322 1218 Quod
1366 1158 1543 1204 autem
1582 1152 1738 1203 etiam
1783 1148 1973 1203 fratres

397 1248 652 1301 adversus
696 1245 884 1299 fratres
920 1254 1137 1314 propter
1183 1252 1395 1312 peccata
1441 1241 1634 1295 bellum
1674 1240 1968 1310 gesserint,

398 1340 547 1393 testis
571 1349 652 1392 est
680 1338 813 1391 liber
834 1337 1076 1390 iudicum
1108 1334 1256 1405 (Jud.
1287 1333 1353 1387 19
1379 1342 1424 1386 et
1450 1331 1565 1403 20).
1592 1331 1811 1399 Quando
1832 1330 1973 1385 enim

400 1431 453 1484 in
492 1431 707 1484 viatoris
744 1428 1092 1483 concubinam
1138 1424 1377 1479 fornicati
1413 1435 1568 1487 sunt,
1596 1424 1683 1492 qui
1718 1429 1871 1475 erant
1909 1435 1973 1475 ex

402 1522 537 1575 tribu
566 1520 839 1587 Benjamin
862 1559 877 1583 ,
912 1519 995 1572 illa
1028 1528 1199 1571 antem
1228 1530 1347 1570 cum
1386 1514 1648 1585 ingentem
1681 1528 1785 1568 non
1815 1512 1979 1567 ferret

400 1612 777 1666 contumeliam
817 1619 1021 1664 mortua
1063 1618 1143 1663 est
1182 1624 1198 1661 :
1233 1606 1475 1662 undecim
1515 1608 1682 1661 tribus
1724 1604 1976 1659 adversus

401 1718 559 1756 unam
605 1702 798 1755 bellum
839 1708 1163 1769 gesserunt:
1197 1707 1251 1752 et
1290 1697 1413 1767 quia
1458 1696 1699 1751 undecim
1739 1695 1907 1750 tribus
1946 1709 1975 1748 a

402 1794 512 1848 Deo
540 1793 873 1856 defecerant,
902 1801 956 1845 ct
991 1792 1262 1845 fornicata:
1291 1790 1497 1843 fuerant
1522 1790 1573 1842 in
1605 1788 1740 1842 idola
1765 1829 1779 1852 ,
1810 1786 1971 1841 unde.

402 1887 506 1940 cim
546 1886 714 1939 tribus
753 1885 820 1939 ab
858 1899 957 1938 una
997 1884 1135 1938 tribu
1166 1884 1315 1936 victa:
1352 1890 1509 1945 sunt,
1535 1891 1586 1935 et
1616 1894 1758 1948 saepe
1786 1880 1853 1933 ab
1878 1893 1977 1931 una

402 1977 555 2029 victae
580 1976 745 2030 semel
773 1975 910 2028 illam
939 1976 1197 2039 vicerunt,
1226 1983 1279 2026 et
1304 1974 1491 2026 fratres
1514 1971 1766 2024 adversus
1792 1968 1980 2023 fratres

402 2068 599 2123 bellum
643 2076 953 2137 gesserunt,
991 2065 1413 2137 quandoquidem
1455 2065 1592 2118 Deus
1619 2073 1830 2132 propter
1854 2076 1993 2131 pec--

405 2169 519 2213 cata
550 2174 732 2213 eorum
776 2158 1139 2213 intermedium
1185 2158 1387 2227 peccati
1427 2157 1707 2210 maceriam
1746 2154 1993 2207 sustulit.

406 2250 666 2314 Quoniam
694 2250 833 2303 enim
862 2265 964 2302 una
996 2248 1163 2302 tribus
1198 2248 1248 2301 in
1278 2247 1549 2301 mulierem
1578 2245 1848 2309 fornicata,
1880 2259 1979 2297 un-

405 2341 580 2397 decim
611 2352 787 2396 antem
818 2341 983 2394 tribus
1016 2341 1066 2394 in
1108 2340 1245 2394 idola
1276 2338 1548 2393 fornicatre
1576 2337 1816 2401 fuerant,
1846 2342 1901 2390 ct
1928 2335 1981 2389 hi

406 2442 461 2488 et
486 2434 556 2487 illi
580 2448 609 2486 a
632 2432 741 2486 Deo
765 2431 1097 2486 exterminati
1125 2439 1266 2495 sunt,
1290 2430 1427 2483 sicut
1449 2429 1701 2496 scriptum
1728 2435 1811 2481 est
1834 2443 1847 2479 :
1877 2424 1984 2478 Ea:-

408 2524 685 2578 terminasti
721 2539 917 2577 omnem
957 2522 1043 2591 qui
1087 2522 1363 2592 fornicatur
1397 2536 1428 2572 a
1462 2530 1507 2573 te
1532 2517 1715 2591 (Psai.
1747 2517 1834 2571 72.
1864 2516 1980 2586 27).

406 2617 624 2671 Fratres
661 2630 788 2685 ergo
825 2614 1080 2669 adversus
1125 2612 1313 2667 fratres
1352 2621 1566 2680 propter
1604 2619 1815 2678 peccata
1845 2607 1984 2662 bella

407 2716 702 2776 gesserunt.
728 2706 783 2762 Si
810 2716 861 2761 te
885 2705 1074 2760 fratres
1094 2712 1417 2773 Oppugnant,
1441 2718 1547 2757 non
1570 2710 1768 2756 tantum
1790 2701 1857 2755 de
1881 2701 1985 2755 illis

410 2799 745 2868 ingemiscas,
769 2806 1020 2867 quantum
1049 2795 1188 2866 apud
1218 2795 1443 2865 teipsum
1475 2794 1733 2848 rationem
1762 2793 1908 2847 ineas
1933 2801 1986 2847 et

408 2887 646 2957 inquiras
676 2896 890 2957 propter
914 2901 1155 2955 quaenam
1198 2895 1411 2955 peccata
1442 2884 1633 2940 fratres
1660 2884 1733 2939 tui
1759 2884 1865 2939 sint
1892 2882 1988 2939 ho-

408 2987 541 3031 stes.
566 2975 681 3030 Non
706 2975 847 3046 quod
874 2990 1061 3030 omnes
1088 2985 1301 3045 propter
1326 2981 1538 3045 peccata
1562 2990 1593 3027 a
1618 2973 1866 3029 fratribus
1893 2988 1990 3045 op-

411 3076 709 3135 pugnentur
740 3084 753 3119 :
781 3065 979 3135 Ioseph
1017 3065 1159 3121 enim
1202 3063 1601 3135 oppugnabatur
1631 3078 1662 3118 a
1700 3064 1985 3129 fratribus;

410 3175 584 3229 nerine
607 3174 736 3214 sane
763 3168 976 3230 propter
1006 3167 1219 3228 peccata
1243 3175 1257 3212 :
1284 3165 1339 3213 et
1370 3156 1504 3212 Joho
1538 3170 1672 3212 uxor
1706 3155 1990 3210 insidiaba-

410 3261 529 3317 tur;
551 3266 658 3305 non
678 3260 894 3320 prepter
913 3259 1128 3320 peccata
1154 3258 1298 3304 certe
1321 3265 1334 3302 :
1357 3248 1452 3303 sed
1472 3246 1613 3319 quod
1636 3247 1789 3317 longe
1809 3247 1989 3317 plures

410 3341 653 3396 homines
683 3350 897 3411 propter
929 3350 1142 3410 peccata
1179 3340 1315 3395 bella
1354 3339 1641 3395 habeamus
1674 3337 1987 3394 domestica.

410 3431 815 3501 Nonnumquam
856 3432 1013 3486 etiam
1053 3431 1207 3486 amici
1246 3432 1296 3485 in
1326 3430 1568 3486 inimicos
1605 3438 1990 3485 convertuntur

411 3531 628 3591 propter
670 3533 883 3591 peccata
907 3562 923 3588 ,
967 3530 1020 3577 et
1057 3522 1147 3593 qui
1189 3521 1316 3576 olim
1356 3522 1634 3589 amabant,
1672 3521 1901 3577 oderunt
1936 3532 1992 3578 et

412 3623 756 3680 aversantur,
787 3613 899 3667 Deo
935 3614 1038 3669 tale
1075 3613 1256 3669 odium
1297 3613 1615 3668 imntittente
1656 3622 1870 3683 propter
1898 3627 1991 3669 eas

411 3718 543 3773 quas
579 3704 728 3757 novit
769 3704 1018 3758 rationes.
1061 3702 1134 3757 Ita
1177 3704 1318 3758 enim
1358 3704 1412 3757 in
1452 3703 1664 3759 Psalmo
1700 3704 1991 3759 centesimo

412 3805 604 3864 quarto
632 3795 887 3864 scriptum
914 3804 998 3849 est
1021 3795 1088 3851 de
1126 3794 1386 3867 Egyptiis
1418 3813 1432 3851 :
1458 3794 1753 3851 Convertieti
1781 3812 1867 3849 cor
1900 3813 1990 3851 eo-

412 3904 525 3941 rum
548 3899 604 3941 ut
629 3889 825 3942 adirent
850 3889 1091 3958 populum
1116 3891 1227 3959 ejus
1251 3889 1422 3959 (Psal.
1454 3889 1576 3945 104.
1603 3889 1716 3959 25).
1747 3888 1863 3945 Non
1888 3889 1987 3944 im-

414 3982 634 4035 missum
680 3990 857 4036 autem
892 3992 1035 4036 esset
1069 3997 1098 4035 a
1135 3983 1247 4038 Deo
1283 3983 1496 4049 odium,
1524 3983 1625 4037 nisi
1669 3983 1815 4053 prius
1852 3983 1992 4038 male

412 4083 702 4128 amassent.
737 4072 935 4141 Quibus
963 4073 1105 4129 enim
1131 4075 1359 4129 amicitia
1385 4074 1724 4145 comparabat
1747 4074 1987 4140 exitium,

416 4163 480 4217 iis
505 4166 687 4219 odium
718 4174 833 4220 erat
863 4164 1073 4220 occasio
1109 4166 1337 4220 virtutis.
1369 4164 1480 4220 lmo
1512 4180 1665 4221 serva
1695 4180 1903 4235 quoque
1937 4173 1994 4220 et

415 4258 624 4312 subdita
655 4272 880 4327 corpora
919 4272 1061 4329 smpe
1100 4266 1318 4327 prepter
1346 4266 1615 4327 peccatum
1655 4258 1992 4311 insurrexere

416 4351 469 4403 in
495 4351 789 4405 dominum.
822 4351 952 4406 Vide
979 4353 1119 4407 enim
1147 4353 1333 4417 Adam,
1361 4367 1481 4407 cum
1507 4352 1739 4407 nondum
1774 4365 1989 4422 peccas-

416 4452 517 4509 set,
546 4444 743 4498 bestias
770 4455 1035 4512 tamquam
1075 4459 1255 4499 servas
1280 4453 1332 4498 et
1354 4443 1661 4500 obedientes
1687 4444 1987 4508 habentem,

415 4544 469 4587 et
491 4535 569 4589 eis
600 4547 865 4605 tamquam
897 4536 1068 4590 servis
1094 4536 1303 4589 nomina
1342 4536 1697 4604 imponentem
1737 4533 1896 4607 (Gen.
1931 4532 1986 4587 2.

419 4624 529 4696 19).
566 4626 851 4695 Postquam
889 4635 1063 4680 autem
1090 4637 1361 4695 aspectum
1392 4635 1610 4696 peccato
1633 4625 1987 4681 commacula-

416 4718 512 4781 vit,
542 4727 669 4773 tunc
694 4719 873 4772 bestia:
896 4733 1017 4773 eum
1045 4732 1147 4771 non
1175 4718 1582 4787 cognoscebant,
1607 4727 1662 4772 et
1684 4734 1801 4787 qua:
1825 4732 1990 4773 serva:

415 4822 570 4866 erant
590 4813 638 4865 ei
662 4854 675 4873 ,
704 4812 883 4866 hostes
919 4821 1220 4866 evaserunt.
1257 4815 1334 4865 Ae
1365 4810 1808 4882 quemadmodum
1845 4811 1991 4865 canis

416 4902 506 4971 qui
536 4902 588 4955 in
617 4902 775 4957 domo
800 4911 899 4963 est,
926 4903 975 4956 ei
1002 4902 1182 4967 servit,
1210 4903 1298 4972 qui
1324 4917 1442 4957 eum
1473 4901 1583 4966 alit,
1613 4910 1666 4957 et
1695 4917 1813 4956 eum
1843 4902 1993 4956 timet

417 5007 480 5044 ac
507 4992 782 5057 formidat,
811 4993 905 5047 sed
929 4995 971 5046 si
1000 5008 1121 5047 eum
1151 5002 1369 5062 repente
1394 4993 1584 5047 viderit
1607 4994 1751 5047 vultu
1778 4993 1990 5064 fuligine

415 5092 588 5136 atrato
613 5082 697 5136 vel
724 5092 1083 5152 personatum,
1116 5083 1416 5153 aggreditur
1445 5092 1708 5153 tamquam
1736 5084 2007 5152 alienum,

414 5183 471 5226 et
511 5188 632 5227 eum
670 5173 960 5229 dilacerare
1004 5183 1213 5229 tentat:
1247 5175 1316 5227 ita
1355 5176 1515 5228 etiam
1543 5175 1791 5243 quamdiu
1820 5174 1989 5229 Adam

417 5281 608 5334 purum
653 5267 883 5321 servavit
921 5267 1158 5333 vultum,
1201 5266 1395 5321 factum
1437 5266 1501 5321 ad
1545 5268 1824 5337 imaginem
1864 5268 1988 5335 Dei,

417 5357 599 5410 bestiae
634 5357 683 5410 ei
718 5366 776 5410 ut
816 5372 983 5412 serva:
1024 5359 1277 5427 parebant
1308 5376 1322 5411 :
1354 5357 1561 5427 quando
1585 5368 1760 5413 autem
1789 5359 1989 5413 vultum

417 5446 633 5502 fodavit
658 5448 1032 5513 inobedientia,
1056 5465 1158 5501 non
1182 5458 1529 5520 agnoscentes
1546 5448 1841 5516 dominum,
1865 5458 1991 5504 tam-

414 5552 574 5606 quam
611 5539 843 5593 alienum
868 5554 989 5593 eum
1018 5539 1141 5595 odio
1177 5540 1461 5595 habebant.
1503 5540 1786 5597 Servorum
1813 5542 1991 5613 itaque

416 5628 639 5683 rebellio
661 5638 744 5684 est
766 5640 1099 5699 peccatorum
1125 5632 1423 5687 retributio.
1449 5632 1630 5689 Justus
1650 5642 1765 5689 erat
1783 5635 1988 5701 Daniel,

415 5729 473 5773 et
498 5720 679 5773 leones
699 5720 815 5789 ejus
838 5732 1165 5790 agnoverunt
1188 5724 1478 5777 dominium
1504 5724 1663 5797 (Dan.
1686 5726 1738 5780 6.
1764 5725 1876 5797 22).
1900 5726 1990 5780 Vi-

418 5811 610 5867 derunt
640 5828 761 5866 eum
793 5830 896 5868 non
925 5824 1162 5885 gustasse
1189 5827 1458 5884 peceatum
1480 5858 1494 5882 ,
1524 5830 1578 5872 et
1601 5834 1721 5873 cum
1748 5818 1989 5898 supplicii

480 5926 556 5987 (ιι)
588 5931 757 5977 Locmn
774 5938 873 5978 non
894 5929 1104 5991 reperio.
1131 5936 1267 5979 Forte
1294 5943 1354 5979 ex
1380 5930 1515 5981 Eccli.
1539 5932 1617 5981 26.
1643 5934 1691 5983 5.
1714 5945 1820 5995 seq.

2075 608 2343 669 expertem
2374 600 2715 667 reliquerunt.
2746 600 2985 654 Peccavit
3017 601 3269 670 propheta
3296 602 3565 666 mentitus,
3594 615 3647 657 et

2076 690 2160 743 leo
2200 706 2321 742 eum
2363 691 2412 743 in
2455 691 2537 743 via
2573 691 2842 743 inventum
2876 703 3044 747 morte
3079 694 3251 748 affecit
3278 695 3367 761 (5.
3402 695 3523 765 Reg.
3556 696 3642 749 1⁵5.
3682 716 3687 727 ι

2074 782 2185 849 24).
2220 781 2347 834 Erat
2375 782 2632 835 mendacii
2666 782 2882 851 fuligine
2915 792 3148 848 atratus,
3182 794 3235 838 et
3275 785 3358 839 leo
3389 801 3507 839 eum
3542 802 3677 840 non'

2076 875 2341 943 cognovit.
2372 873 2429 927 Si
2470 874 2778 943 prophetam
2809 875 3056 939 vidisset,
3094 885 3152 930 ut
3194 878 3457 932 Danielem
3480 920 3496 943 ,
3524 894 3647 933 eum

2078 968 2389 1021 honorasset
2420 984 2432 1019 :
2466 967 2665 1021 invenit
2705 967 3218 1037 pseudoprophetam
3240 1012 3253 1035 ,
3288 980 3341 1025 et
3382 981 3647 1041 tamquam
3677 1002 3681 1013 ι

2077 1061 2305 1114 alienum
2336 1060 2549 1114 invasit.
2581 1060 2834 1114 Dominus
2863 1059 3113 1115 mentitus
3136 1070 3236 1123 est,
3268 1070 3320 1117 et
3346 1077 3532 1117 servus
3557 1077 3651 1117 ne-

2075 1152 2218 1221 gavit
2240 1150 2555 1205 dominium.
2594 1151 2662 1205 Et
2695 1150 2821 1221 quid
2853 1150 2974 1205 dico
3012 1150 3080 1205 de
3120 1151 3275 1205 malis
3311 1151 3649 1217 domesticis,
3678 1180 3679 1183 η

2076 1243 2288 1312 quando
2314 1243 2484 1313 ipsum
2512 1243 2670 1298 etiam
2707 1253 2945 1297 nostrum
2975 1259 3189 1314 corpus,
3218 1246 3356 1315 quod
3385 1254 3468 1300 est
3496 1246 3651 1304 nobis

2078 1332 2323 1388 omnibus
2352 1333 2658 1389 familiarius
2694 1344 2747 1388 et
2783 1335 2958 1388 carius
2982 1375 2995 1398 ,
3029 1335 3347 1405 quandoque
3378 1338 3651 1393 nobiscum

2080 1424 2419 1492 peccantibus
2455 1424 2647 1478 bellum
2678 1426 2840 1495 gerit,
2871 1440 2965 1495 per
2995 1425 3169 1481 febres
3189 1468 3203 1491 ,
3234 1427 3448 1482 morbos
3475 1437 3529 1482 et
3554 1428 3653 1482 do-

2080 1515 2220 1570 lores
2261 1531 2357 1569 nos
2382 1530 2747 1586 toppugnans,
2794 1532 2857 1571 ac
2902 1532 3114 1572 servum
3157 1533 3350 1587 corpus
3387 1520 3655 1574 dominam

2080 1608 2309 1659 animam
2340 1621 2457 1675 quae
2490 1607 2728 1677 peccavit
2766 1606 3029 1677 flagellat,
3062 1624 3166 1663 non
3197 1611 3338 1677 quod
3368 1609 3469 1665 hoc
3496 1612 3655 1677 velit,

2082 1696 2174 1751 sed
2205 1697 2344 1767 quod
2384 1697 2485 1752 hoc
2522 1698 2769 1767 jubeatur
2798 1699 3007 1755 facere?
3037 1700 3204 1770 Hujus
3233 1702 3379 1756 testis
3402 1712 3483 1757 est
3505 1703 3650 1757 Chri-

2080 1797 2215 1851 stus,
2242 1788 2332 1858 qui
2351 1801 2534 1843 curato
2561 1790 2689 1845 dicit
2715 1792 3002 1862 paralytieo
3026 1809 3038 1844 :
3065 1792 3194 1847 Ecce
3216 1811 3369 1848 sanus
3394 1798 3557 1865 factus
3583 1813 3654 1858 es,

2082 1878 2185 1930 noli
2228 1879 2445 1946 amplius
2484 1896 2719 1948 peccare,
2761 1897 2824 1934 ne
2863 1883 2983 1951 quid
3024 1882 3241 1939 deterius
3283 1884 3370 1937 tibi
3406 1888 3659 1956 contingat

2082 1968 2257 2036 (Joan.
2288 1970 2341 2026 5.
2372 1970 2483 2039 14).
2514 1971 2645 2024 Cum
2680 1987 2807 2041 ergo
2834 1972 3201 2041 didicerimus,
3233 1976 3440 2041 fratres,
3473 1977 3659 2031 dome-

2080 2061 2234 2123 stica,
2265 2061 2511 2115 intestina
2538 2071 2591 2116 et
2616 2062 2825 2117 servilia
2852 2064 3009 2128 bella,
3034 2074 3090 2119 et
3118 2067 3335 2121 morbos
3359 2068 3518 2122 etiam
3544 2084 3664 2123 cor-

2083 2152 2227 2221 poris
2254 2166 2397 2223 saepe
2420 2153 2664 2208 accidere
2694 2170 2789 2224 per
2818 2167 3090 2225 peccatum
3114 2200 3127 2223 ,
3160 2168 3433 2228 peceatum
3462 2160 3664 2217 fontem

2085 2245 2343 2299 malorum
2372 2247 2722 2316 reprimamus
2751 2264 2766 2302 :
2795 2258 2849 2303 et
2887 2250 2931 2302 si
2970 2259 3233 2306 torrentes
3262 2254 3423 2308 animi
3455 2264 3666 2324 pertur-

2088 2334 2359 2389 bationum
2387 2351 2491 2390 non
2523 2336 2710 2405 fluunt,
2740 2338 2884 2392 ﬂuvii
2914 2348 3089 2395 tamen
3116 2357 3369 2412 aquarum
3401 2345 3495 2400 Dei
3520 2338 3666 2401 oble-

2085 2432 2229 2479 ctant
2256 2425 2547 2481 animum'.
2580 2428 2837 2496 Quoniam
2869 2446 2995 2501 ergo
3035 2432 3197 2486 David
3220 2435 3519 2503 mulierem,
3548 2454 3666 2505 qua:

2087 2526 2201 2570 erat
2246 2518 2297 2572 in
2338 2519 2512 2573 mariti
2553 2530 2812 2588 potestate
2835 2562 2850 2587 ,
2886 2533 3148 2594 tamquam
3185 2525 3411 2581 alienum
3447 2543 3666 2597 regnum

2090 2620 2441 2680 occupaverat
2471 2612 2718 2685 (cuilibet
2745 2615 2885 2669 enim
2926 2617 3039 2670 viro
3080 2632 3296 2688 regnum
3325 2629 3407 2673 est
3440 2636 3667 2677 concors

2088 2703 2283 2772 conjux
2305 2744 2321 2770 ,
2351 2714 2404 2757 et
2442 2719 2546 2758 non
2575 2706 2654 2760 sic
2688 2722 2779 2761 rex
2812 2723 3095 2776 purpuram
3125 2721 3178 2763 et
3205 2711 3443 2766 diadema
3462 2754 3478 2780 ,
3507 2723 3565 2767 ut
3591 2715 3672 2767 vir

2091 2809 2308 2850 uxorem
2334 2795 2526 2867 diligit)
2552 2814 2566 2853 :
2594 2808 2873 2867 propterea
2902 2801 2989 2869 qui
3015 2816 3082 2855 ex
3111 2818 3274 2857 uxore
3305 2814 3458 2858 natus
3481 2806 3530 2860 ei
3554 2817 3674 2862 erat

2092 2888 2264 2954 filius,
2297 2889 2583 2944 insurrexit
2620 2900 2873 2960 tyrannus
2898 2932 2913 2957 ,
2953 2893 3138 2949 volens
3175 2895 3410 2964 arripere
3449 2911 3668 2967 regnum

2094 2981 2277 3051 patris.
2310 2981 2371 3035 Vi
2397 2982 2589 3051 rapuit,
2616 2991 2671 3037 et
2694 2984 2800 3036 vim
2828 2997 3015 3053 passus
3036 2994 3120 3041 est
3144 3003 3159 3039 :
3181 2994 3237 3040 et
3255 2986 3343 3054 qui
3369 2986 3668 3042 clanculum

2093 3081 2434 3142 peccaverat,
2466 3073 2534 3128 de
2560 3089 2626 3128 eo
2650 3075 2823 3144 palam
2852 3075 3150 3146 triumphus
3180 3086 3329 3134 actus
3355 3088 3439 3136 est
3458 3121 3474 3147 ,
3498 3091 3554 3137 et
3580 3083 3673 3153 qui

2092 3171 2209 3217 erat
2250 3163 2300 3216 in
2340 3164 2550 3218 occulto
2589 3164 2895 3221 vulneratus
2921 3208 2935 3231 ,
2967 3167 3200 3239 chirurgi
3238 3184 3453 3225 manum
3491 3186 3671 3226 coram

2092 3252 2339 3308 omnibus
2370 3268 2557 3322 passus
2584 3266 2667 3309 est
2687 3297 2702 3322 ,
2733 3255 2783 3309 id
2814 3268 3033 3313 curante
3062 3258 3169 3312 Deo
3194 3260 3279 3329 qui
3310 3259 3560 3317 dixerat:
3590 3261 3673 3317 Tu

2092 3344 2251 3413 fecisti
2278 3344 2328 3397 in
2356 3344 2646 3399 abscondito
2676 3361 2696 3400 :
2720 3363 2809 3416 ego
2838 3357 3001 3399 autem
3032 3351 3217 3416 faciant
3247 3352 3296 3403 in
3322 3362 3516 3422 aperto,
3545 3363 3595 3408 et
3619 3355 3674 3409 in

2091 3444 2356 3506 conspectu
2391 3437 2511 3491 solis
2548 3438 2700 3507 hujus
2729 3438 2817 3509 (2.
2848 3438 2975 3509 Reg.
3018 3439 3104 3493 i2.
3140 3439 3260 3513 i2).
3290 3443 3569 3500 Absalonis
3596 3454 3674 3501 ta-

2092 3540 2215 3581 men
2245 3526 2423 3582 scelus
2448 3542 2551 3583 non
2582 3529 2630 3583 ei
2657 3527 2723 3583 ad
2759 3529 2917 3584 finem
2954 3546 3117 3602 usque
3158 3536 3415 3601 processit
3442 3553 3453 3589 :
3481 3547 3535 3590 et
3559 3553 3673 3593 me-

2093 3621 2216 3683 rito,
2250 3635 2317 3675 ne
2345 3621 2621 3691 parricidae
2652 3622 2754 3677 hoc
2781 3622 2984 3678 facinus
3014 3632 3258 3679 tenerent
3287 3641 3384 3695 pro
3412 3625 3526 3698 lege
3554 3644 3676 3698 par-

2094 3710 2285 3765 ricidii.
2317 3710 2449 3766 Cum
2486 3722 2662 3767 autem
2692 3722 2753 3767 ut
2778 3714 3016 3769 carnifex
3044 3715 3418 3782 deserviisset,
3454 3726 3512 3772 ut
3551 3734 3674 3774 reus

2095 3801 2400 3857 interfectus
2427 3811 2510 3857 est
2532 3843 2547 3868 ,
2578 3814 2635 3857 ut
2662 3802 2750 3873 qui
2783 3813 2926 3859 esset
2960 3804 3238 3861 damnatus
3269 3824 3282 3859 :
3310 3816 3363 3861 et
3388 3808 3664 3880 sicut-quau

2094 3889 2146 3943 in
2175 3890 2394 3946 theatris
2421 3891 2739 3947 exhibentur
2766 3892 2893 3948 ferae
2912 3934 2927 3961 ,
2956 3895 3088 3949 alios
3106 3920 3109 3927 ι
3127 3897 3337 3965 quidem
3382 3898 3667 3965 invadunt,

2093 3980 2161 4035 ab
2187 3980 2304 4036 aliis
2328 3995 2457 4035 vero
2481 3982 2868 4038 interficiuntur
2892 4002 2905 4037 :
2933 3984 3004 4038 ita
3042 3985 3203 4040 etiam
3239 3987 3673 4043 Absalon‘Davi-

2095 4071 2213 4126 dem
2239 4086 2521 4141 aggressus
2544 4114 2557 4138 ,
2585 4089 2613 4127 a
2641 4073 2775 4129 Joab
2800 4075 3009 4130 occisus
3035 4084 3117 4129 est
3136 4115 3153 4141 ,
3184 4085 3237 4130 et
3264 4076 3314 4130 in
3343 4076 3553 4132 sublimi
3582 4093 3674 4133 ar-

2094 4161 2222 4215 bore
2251 4178 2539 4231 suspensus
2563 4172 2648 4219 est
2672 4164 2751 4235 (2.
2779 4164 2908 4236 Reg.
2939 4166 3025 4220 18.
3056 4167 3166 4235 14),
3195 4168 3284 4236 qui
3310 4167 3563 4224 adversus
3585 4185 3678 4239 pa-

2098 4265 2231 4309 trem
2277 4256 2618 4325 crigebatur;
2650 4267 2703 4311 et
2737 4272 2766 4310 a
2807 4258 2982 4327 planta
3025 4258 3386 4327 detinebatur,
3422 4262 3509 4331 qui
3554 4276 3675 4317 cum

2095 4346 2271 4401 radice
2297 4347 2559 4417 pugnabat
2588 4365 2601 4400 :
2624 4349 2830 4403 vinetus
2852 4357 2967 4402 erat
2992 4364 3021 4401 a
3049 4364 3199 4403 ramo
3224 4365 3421 4414 ramus,
3448 4352 3537 4421 qui
3563 4363 3679 4407 erat

2094 4453 2125 4493 a
2166 4448 2385 4509 paterna
2429 4438 2707 4494 affectione
2742 4440 3033 4510 abruptus,
3064 4450 3114 4495 et
3151 4442 3321 4509 capite
3358 4443 3673 4510 tenebatur,

2096 4531 2183 4600 qui
2212 4531 2466 4601 genitoris
2494 4542 2651 4600 caput
2679 4532 2887 4587 auferre
2915 4533 3283 4598 contendebat,
3315 4549 3378 4589 ac
3405 4544 3672 4605 tamquam

2095 4621 2297 4676 fructus
2340 4622 2602 4693 pendebat
2641 4624 2709 4679 ab
2749 4624 2976 4691 arbore,
3015 4626 3104 4696 qui
3149 4636 3349 4680 natura:
3388 4628 3674 4697 agricolam

2096 4713 2305 4767 volebat
2341 4714 2669 4781 exscindere,
2701 4724 2755 4769 et
2783 4715 2834 4769 in
2863 4715 3022 4771 corde
3058 4716 3235 4786 jaculo
3266 4717 3542 4774 confossus
3571 4727 3674 4784 est,

2095 4804 2203 4860 illic
2245 4806 2473 4871 occisus,
2505 4806 2593 4860 ubi
2619 4808 2817 4863 caedem
2849 4809 3085 4878 parabat.

2167 4896 2434 4951 Mantonis
2481 4899 2739 4966 pernicies.
2778 4928 2850 4938 —
2885 4900 2949 4954 Et
2998 4908 3123 4957 tunc
3172 4900 3352 4956 videre
3400 4911 3514 4957 erat
3553 4917 3677 4974 spe-

2098 4990 2360 5044 ctaculum
2405 4988 2735 5044 admirabile.
2786 4989 2927 5044 Mulo
2965 4991 3106 5045 enim
3150 4992 3423 5061 equitans,
3467 5008 3531 5047 ex
3579 5008 3676 5048 ca-

2099 5083 2342 5151 pillorum
2384 5097 2537 5136 coma
2579 5097 2610 5136 a
2650 5098 2801 5137 coma
2842 5082 3048 5139 arboris
3089 5084 3395 5149 tenebatur,
3433 5094 3487 5139 et
3521 5100 3677 5140 coma

2096 5174 2308 5227 tenebat
2336 5188 2487 5227 coma
2528 5182 2805 5242 tyrannum
2829 5213 2845 5239 ,
2887 5172 2992 5227 illic
3031 5188 3150 5227 eum
3190 5173 3553 5239 contundens,
3587 5176 3675 5229 ubi

2095 5262 2336 5318 diadema
2368 5271 2641 5332 paternum
2669 5272 2877 5333 gestare
2902 5264 3271 5319 contendebat.
3311 5264 3523 5319 Poterat
3548 5281 3676 5336 ergo

2096 5352 2264 5408 videri
2290 5353 2521 5408 Absalon
2545 5366 2833 5423 suspensus
2859 5353 2909 5406 in
2938 5353 3113 5407 medio
3138 5354 3255 5408 caeli
3278 5362 3332 5407 et
3358 5362 3532 5408 terrae.
3561 5357 3674 5409 Cae-

2096 5443 2207 5498 lum
2246 5458 2368 5499 eum
2406 5460 2513 5498 non
2544 5443 2853 5498 admittebat
2882 5462 2895 5499 :
2924 5444 2971 5500 si
2998 5446 3136 5500 enim
3169 5445 3393 5513 primum
3423 5446 3673 5501 rebellem

2097 5537 2255 5605 ejecit
2277 5535 2569 5603 diabolum,
2597 5535 2864 5607 quomodo
2892 5536 3062 5605 ipsum
3096 5536 3347 5590 rebellem
3383 5537 3673 5592 secundum

2099 5628 2438 5684 admisisset?
2466 5629 2630 5685 Terra
2658 5645 2779 5684 eum
2814 5628 3177 5695 aversabatur,
3206 5644 3311 5685 non
3341 5629 3516 5685 ferens
3553 5632 3671 5702 pol-

2162 5812 2178 5841 ί
2219 5816 2334 5871 Reg.
2356 5817 2418 5873 et
2433 5809 2594 5873 Savil.,
2618 5817 2673 5873 et
2702 5814 2952 5873 torrentes,
2977 5806 3387 5873 perturbationum
3410 5806 3557 5873 auiini
3580 5819 3672 5856 non

2096 5868 2583 5935 ﬂuentjedrﬂumina
2623 5871 2891 5922 divinorum
2937 5868 3166 5921 bonorum
3204 5871 3307 5932 ejus
3331 5870 3664 5921 ciritatentscu

2098 5932 2306 5982 animam
2329 5932 2577 5982 obiectant.
