4074 6356
299 455 302 464 Ι
354 482 425 540 39
1099 467 1157 526 S.
1196 461 1473 526 JOANNIS
1508 456 1986 520 CHRYSOSTOMI
2025 455 2344 512 ARCIIIEP.
2374 453 2910 514 CONSTANTINOP.
3555 458 3623 516 ω

351 593 430 652 lui
457 585 736 662 parricida
764 582 975 657 plantis.
1004 581 1061 636 Si
1088 579 1229 636 enim
1267 575 1473 632 Dathan
1501 573 1814 637 devoravit,
1842 570 1932 642 qui

349 689 539 744 coutra
566 679 746 736 Mosen
773 685 890 732 erat
927 675 1207 744 loquutus,
1233 680 1286 726 et
1311 685 1372 724 os
1400 683 1553 724 suum
1590 669 1798 737 aperuit
1835 665 1931 718 ad-

349 785 542 832 versus
573 783 696 825 eum
734 767 825 839 qui
863 779 926 820 os
964 762 1206 833 improbe
1244 769 1524 830 aperuerat
1563 756 1762 830 (Num.
1797 757 1932 828 16),

351 859 624 939 quomodo
667 858 927 930 potuisset
974 853 1114 909 ferre
1160 853 1322 922 pedes
1361 859 1639 907 currentes
1683 849 1938 904 adversus

353 938 690 1026 genitorem?
722 948 854 1006 Cum
889 960 1017 1016 ergo
1047 943 1290 999 sublimis
1326 941 1378 997 in
1417 941 1606 995 arbore
1647 938 1935 1010 penderet,

354 1061 478 1103 eum
515 1057 795 1116 aggressus
831 1049 914 1097 est
949 1037 1084 1094 Joab
1111 1037 1216 1092 dux
1241 1035 1506 1091 exercitus
1525 1073 1541 1100 ,
1568 1041 1622 1088 et
1648 1033 1701 1087 in
1726 1046 1820 1087 cor
1841 1047 1937 1087 ex-

355 1138 533 1195 cordis
561 1145 673 1192 tres
708 1133 928 1206 sagittas
951 1131 1143 1194 inﬁxit,
1173 1129 1282 1184 illic
1306 1143 1426 1182 eum
1463 1125 1678 1191 feriens,
1707 1125 1794 1181 ubi
1825 1134 1940 1180 erat

355 1228 750 1299 receptaculum
779 1222 1107 1294 iniquitatis,
1134 1233 1186 1276 et
1221 1235 1342 1275 cum
1378 1220 1428 1276 in
1469 1217 1662 1272 arbore
1698 1216 1940 1271 sublimis

357 1321 634 1394 penderet,
661 1315 939 1388 pulchrum
958 1312 1284 1385 epitaphium
1306 1312 1355 1365 ei
1379 1308 1541 1364 David
1561 1308 1755 1363 cecinit
1777 1325 1790 1362 :
1825 1305 1940 1360 Vidi

357 1413 571 1485 impium
594 1409 1022 1482 superexaltatum
1042 1416 1088 1460 et
1113 1405 1357 1460 eleuatum
1377 1403 1504 1455 sicut
1523 1403 1700 1454 cedros
1723 1400 1940 1455 Libani:

354 1513 401 1559 et
426 1503 667 1569 transivi,
700 1509 748 1558 et
791 1517 904 1556 ecce
933 1516 1033 1554 non
1067 1497 1215 1568 erat(
1243 1495 1383 1550 Psal.
1422 1494 1512 1551 '56.
1541 1493 1671 1564 55).
1703 1490 1942 1546 Psalmus

356 1595 543 1662 David,
569 1591 773 1666 quando
793 1591 1012 1664 fugiebat
1041 1606 1073 1643 a
1101 1589 1234 1661 facie
1259 1586 1480 1642 Absalon
1505 1585 1600 1655 ﬁlii
1625 1581 1721 1638 sui.
1750 1581 1937 1653 Fugie~

357 1686 448 1742 bat
470 1693 670 1751 autem,
700 1697 808 1738 non
834 1680 1002 1751 utqui
1029 1680 1258 1745 timeret,
1283 1676 1377 1732 sed
1402 1675 1571 1746 utqui
1595 1674 1761 1730 ﬁlium
1788 1687 1941 1728 eave-

357 1783 443 1833 ret
463 1774 711 1837 occidere
735 1791 748 1828 :
776 1771 971 1828 etenim
1000 1769 1251 1840 parcebat
1276 1777 1544 1838 tamquam
1571 1764 1701 1832 ﬁlio,
1728 1761 1823 1819 sed
1852 1761 1942 1832 qui

355 1883 478 1925 cum
503 1882 570 1923 eo
595 1872 751 1922 erant
772 1880 880 1919 non
908 1868 1256 1933 pepercerunt
1275 1869 1541 1930 tamquam
1564 1855 1766 1912 rebelli.
1790 1853 1944 1911 Unde

361 1957 546 2023 David,
570 1971 690 2012 eum
713 1954 852 2009 [ilius
869 1969 990 2009 eum
1014 1959 1438 2024 persequeretur,
1457 1955 1511 2003 et
1529 1954 1745 2018 propter
1769 1946 1942 2016 ipsum

357 2048 533 2106 Semei
559 2063 682 2104 eum
723 2044 1018 2102 maledictis
1053 2043 1424 2105 insectaretur,
1454 2040 1568 2110 ipse
1603 2035 1818 2109 quidem
1844 2051 1943 2107 pa.

359 2139 541 2196 tientia
581 2151 710 2194 usus
736 2144 820 2193 est
845 2136 863 2206 (
886 2136 940 2190 2.
974 2134 1097 2205 Reg.
1126 2132 1235 2205 l6)
1260 2149 1274 2186 :
1305 2130 1552 2203 quoniam
1583 2137 1761 2184 autem
1791 2126 1945 2182 multi

358 2231 422 2285 ad
432 2244 618 2286 versus
642 2243 763 2285 eum
789 2225 1213 2288 otl'endebantur,
1241 2231 1296 2279 et
1321 2223 1552 2277 maxime
1576 2220 1668 2292 qui
1693 2233 1798 2274 una
1822 2233 1944 2274 cum

359 2320 628 2376 Absalone
650 2316 994 2388 insurgebant
1017 2354 1032 2380 ,
1059 2323 1114 2370 et
1138 2313 1390 2382 deinceps
1413 2310 1671 2367 adversus
1695 2324 1815 2364 eum
1840 2309 1946 2364 eri-

359 2412 621 2482 gebantur
667 2417 937 2478 tamquam
985 2404 1162 2460 divina
1214 2401 1544 2476 providentia
1589 2400 1941 2465 destitutum,

360 2503 598 2560 dicentes
622 2520 637 2558 :
662 2501 912 2556 Desertus
932 2514 1071 2554 nunc
1099 2497 1264 2552 David
1287 2495 1487 2565 absque
1507 2493 1708 2548 auxilio
1735 2493 1946 2562 penitus

359 2606 472 2661 est,
511 2608 652 2649 nunc
677 2592 920 2648 discessit
946 2590 1013 2644 ab
1041 2605 1106 2645 eo
1131 2589 1270 2644 Deus
1289 2630 1306 2655 ,
1335 2595 1393 2641 ut
1419 2586 1577 2641 etiam
1605 2583 1888 2654 aliquando
1912 2597 1945 2638 a

360 2687 522 2744 Sainle
547 2703 562 2754 ;
588 2683 1031 2757 quemadmodum
1070 2683 1211 2737 enim
1242 2690 1368 2735 tunc
1401 2679 1646 2735 discessit
1677 2693 1706 2732 a
1744 2678 1903 2732 Saule
1925 2719 1942 2744 ,

360 2789 415 2835 et
440 2777 537 2834 fuit
561 2792 682 2833 cum
717 2775 879 2831 David
899 2817 914 2842 ,
947 2775 1017 2828 ita
1045 2789 1186 2828 nunc
1214 2773 1457 2828 discessit
1489 2787 1520 2826 a
1559 2770 1719 2825 David
1739 2812 1754 2836 ,
1785 2778 1947 2826 etest

361 2887 484 2928 cum
526 2869 794 2928 Absalone
820 2886 836 2924 :
866 2869 1202 2939 insurgamus
1227 2908 1241 2934 ,
1277 2866 1588 2921 invadamus
1607 2906 1621 2928 ,
1653 2879 1760 2920 non
1787 2873 1870 2920 est
1894 2864 1942 2920 ei

359 2963 504 3020 salus
533 2964 584 3019 in
610 2963 720 3019 Deo
747 2979 761 3018 :
789 2962 1074 3033 quoniam,
1104 2960 1315 3030 inquam
1336 3000 1352 3026 ,
1377 2959 1493 3015 lucc
1518 2959 1797 3026 dicebant,
1829 2958 1946 3014 hinc

363 3055 630 3128 indignius
653 3052 834 3112 ferens
859 3052 1044 3118 David,
1077 3068 1234 3123 quam
1264 3052 1356 3106 tilii
1391 3052 1637 3123 insultus,
1665 3051 1830 3108 Deum
1858 3051 1944 3106 in-

361 3156 594 3220 terrogat
615 3163 629 3202 :
650 3145 704 3202 2.
730 3144 966 3212 Domine,
989 3143 1110 3215 quid
1130 3144 1448 3215 multiplicati
1468 3152 1584 3198 sunt
1601 3144 1688 3216 qui
1706 3142 1946 3197 tribulam

363 3239 484 3298 me?
504 3237 901 3309 Circumseptus
927 3249 1046 3291 sum
1075 3235 1472 3296 tentationibns,
1503 3233 1806 3290 circumdor
1833 3245 1944 3288 tor-

363 3327 604 3385 rentibus
627 3326 911 3391 malorum,
935 3324 1211 3382 descendit
1237 3325 1531 3395 periculosa
1563 3326 1759 3396 pluvia,
1787 3341 1947 3382 vene—

362 3426 490 3478 runt
529 3417 748 3474 ﬂumina
787 3417 1055 3485 hostium,
1090 3417 1234 3473 venti
1279 3417 1628 3488 malignorum
1666 3419 1944 3490 spirituum

365 3510 738 3580 insumarunt,
765 3510 818 3566 in
859 3525 1034 3566 meum
1070 3510 1286 3566 domum
1334 3513 1670 3582 irruperunt,
1713 3514 1947 3570 volentes

362 3602 595 3660 animam
621 3616 794 3662 meam
821 3617 852 3657 a
878 3611 930 3658 te
955 3601 1246 3671 dimovere,
1275 3602 1369 3660 sed
1393 3601 1647 3660 fundatus
1670 3619 1830 3675 supra
1854 3622 1948 3677 pe-

366 3705 502 3752 tram
530 3694 676 3761 ﬁdei,
701 3709 810 3751 non
835 3694 989 3760 cado,
1019 3695 1112 3751 sed
1143 3697 1452 3766 procumbo,
1483 3707 1540 3752 ut
1565 3697 1766 3756 discam
1795 3716 1809 3754 :
1837 3697 1946 3754 Do-

363 3787 528 3855 mine,
549 3786 670 3858 quid
704 3786 1025 3857 multiplicati
1051 3796 1170 3842 sunt
1203 3788 1291 3857 qui
1333 3788 1572 3844 tribulam
1609 3790 1724 3845 me?
1747 3789 1846 3858 Qui
1871 3805 1943 3848 ex

364 3895 451 3949 me
473 3879 682 3952 genitus
704 3888 807 3946 est,
831 3885 1018 3936 contra
1043 3894 1129 3934 me
1153 3889 1256 3946 est,
1283 3879 1379 3938 sed
1410 3889 1468 3936 tu
1491 3895 1551 3937 es
1574 3895 1671 3952 pro
1695 3897 1801 3940 me.
1829 3882 1945 3940 Mea

363 3984 571 4027 mecum
613 3971 820 4028 viscera
860 3970 1059 4030 bellum
1099 3982 1289 4042 gerunt
1323 3989 1337 4026 :
1368 3987 1520 4028 meus
1558 3974 1784 4044 populus
1826 3982 1947 4045 post

363 4061 704 4127 Absalonem,
733 4075 886 4117 meus
909 4069 1092 4118 contra
1116 4077 1203 4117 me
1229 4071 1466 4121 armatur
1493 4065 1780 4122 exercitus.
1803 4067 1943 4122 Oves

365 4168 499 4211 mea:
533 4153 643 4224 lupi
684 4151 812 4208 lacti
849 4163 1001 4221 sunt,
1032 4161 1088 4208 et
1129 4153 1310 4210 leones
1345 4155 1500 4226 agni,
1531 4164 1584 4213 et
1609 4169 1770 4212 canes
1797 4157 1945 4213 rabie

367 4244 552 4317 perciti
584 4243 775 4316 agnelli
796 4285 812 4312 ,
840 4252 896 4300 et
931 4245 1069 4300 tauri
1100 4259 1267 4301 cornu
1306 4254 1545 4316 petentes
1572 4248 1768 4304 arietes
1794 4264 1809 4300 :
1835 4263 1944 4304 non

367 4348 584 4412 propter
615 4339 879 4412 meipsum
913 4341 1129 4399 alﬁcior‘
1150 4341 1361 4398 tristitia
1381 4383 1398 4410 ,
1425 4340 1520 4397 sed
1550 4341 1762 4398 illorum
1787 4341 1944 4399 doleo

365 4431 586 4488 exitium
609 4432 650 4485 ‘.

667 4523 1028 4581 EXPOSITIO
1075 4523 1142 4579 lN
1196 4522 1515 4580 PSALMUM
1563 4522 1653 4579 Ν.

364 4615 490 4672 Cum
505 4615 808 4681 invocarem,
824 4615 1076 4670 exaudivit
1095 4631 1172 4669 me
1193 4614 1326 4670 Deus
1342 4616 1558 4686 justitite
1579 4631 1704 4671 mete
1719 4617 1739 4649 ³
1763 4615 1835 4688 (υ.
1855 4617 1938 4689 2).

434 4708 487 4764 ι.
519 4704 768 4762 Precandi
795 4721 939 4761 uerus
981 4705 1178 4760 modus.
1207 4734 1279 4747 --—
1312 4705 1426 4762 Non
1473 4707 1588 4763 haec
1628 4707 1759 4764 dicit
1808 4723 1938 4779 pro-

365 4798 544 4869 pheta,
584 4807 644 4854 ut
678 4798 850 4853 solum
877 4797 1230 4868 intelligamus
1256 4813 1377 4854 eum
1397 4796 1563 4856 fuisse
1587 4799 1935 4857 exauditam:

362 4889 459 4946 sed
507 4896 569 4947 ut
616 4889 884 4946 discamus
921 4889 1190 4961 quomodo
1213 4889 1316 4961 ipsi
1341 4905 1570 4962 quoque,
1600 4892 1765 4947 Deum
1791 4893 1942 4948 invo-

362 4991 568 5050 cantes,
594 4980 702 5038 cito
739 4979 1030 5052 poterimus
1075 4981 1338 5049 exaudiri,
1381 4990 1435 5036 et
1462 4991 1585 5038 ante
1611 4983 1770 5040 ﬁnem
1817 4998 1940 5039 ora-

361 5075 520 5130 tionis
567 5072 890 5144 postulatum
930 5073 1201 5142 consequi.
1228 5071 1345 5126 Non
1392 5072 1526 5129 dixit
1553 5074 1740 5128 enim:
1786 5073 1937 5129 Post-

359 5180 519 5236 quam
539 5179 638 5235 ego
655 5163 918 5232 invocavi,
941 5163 1338 5229 exaudivitme;
1368 5164 1484 5232 sed,
1499 5164 1934 5221 Cuminvocarem.

356 5256 488 5314 Nam
515 5257 680 5327 ipsius
705 5270 917 5327 quoque
956 5255 1050 5311 Dei
1077 5263 1161 5310 est
1185 5256 1448 5324 ejusmodi
1497 5257 1779 5327 promissio
1806 5258 1934 5314 dum

357 5347 549 5404 alicubi
569 5345 696 5404 dicit
715 5347 767 5403 ei
785 5347 878 5418 qui
901 5346 1110 5402 invocat
1134 5364 1146 5400 :
1170 5345 1244 5400 Te
1270 5347 1434 5400 adhuc
1472 5349 1702 5419 loquente
1727 5349 1890 5404 dicam
1914 5366 1934 5405 :

367 5441 498 5496 Ecce
523 5441 703 5496 adsum
729 5439 885 5512 (Isai.
920 5440 1010 5497 58.
1047 5440 1128 5509 9).
1156 5439 1272 5495 Non
1313 5441 1449 5496 solet
1497 5442 1638 5496 enim
1674 5442 1781 5496 Deo
1807 5459 1932 5513 per-

422 5555 440 5586 ί
476 5561 614 5616 neg.,
638 5553 724 5604 sed
737 5552 931 5605 illorum
946 5553 1111 5616 dolens
1125 5552 1326 5616 exitum,
1341 5553 1566 5606 benedico
1585 5553 1670 5606 tibi
1684 5554 1928 5608 salvatori.

358 5615 478 5671 (mia
499 5614 700 5686 teZdecet
715 5616 892 5726 gloria,
909 5622 954 5668 et
977 5614 1388 5677 imperium,nunc
1411 5621 1457 5666 et
1479 5629 1683 5682 semper,
1700 5625 1796 5668 etc.
1821 5626 1932 5678 Quae

360 5675 601 5725 com-insto
622 5677 714 5726 hau
769 5677 918 5728 dubie
939 5691 966 5727 a
991 5677 1184 5728 librario
1204 5677 1362 5728 addita
1379 5685 1471 5728 est.

427 5713 1590 5811 {causaanimisane};(at;fa...
1834 5745 1938 5811 ρρηε

364 5802 620 5854 exaudiuit
632 5802 842 5866 justitia:
861 5814 982 5853 mea:
1005 5802 1233 5866 (gratia),
1259 5803 1516 5862 εἰσ-ἤκουσε
1535 5809 1620 5861 τῆς
1644 5806 1943 5864 δικαιοσύνης

372 5907 462 5954 μιν
487 5893 678 5958 (χάριν).
708 5892 859 5944 Hebr.
883 5891 1018 5970 ῬΠ
1054 5869 1206 5954 vrba,
1234 5892 1360 5944 Deus
1373 5887 1494 5956 just.
1523 5903 1658 5942 mare.

2047 569 2274 626 suadere
2313 570 2594 625 verborum
2645 569 2966 634 multitudo,
3022 569 3115 625 sed
3146 584 3274 640 pura
3316 571 3528 636 anima,
3572 583 3624 627 et

2043 663 2304 717 honorum
2352 678 2572 734 operum
2622 664 2878 719 ostensio.
2929 662 3021 718 Eis
3061 661 3237 732 itaque
3262 664 3351 734 qui
3383 664 3626 733 improbe

2041 755 2255 825 quidem
2280 756 2503 822 vivunt,
2543 755 2823 810 verborum
2869 763 3046 810 autem
3073 755 3371 825 prolixitate
3397 769 3458 810 se
3500 770 3625 809 eum

2042 846 2259 918 placare
2282 847 2608 913 existimant,
2648 845 2773 902 vide
2816 846 2943 917 quid
2986 846 3163 902 dicat:
3196 846 3412 914 Quando
3457 847 3625 900 multi-

2043 937 2292 1010 plicabitis
2312 939 2610 1004 orationem,
2636 953 2738 992 non
2766 937 3036 992 exaudiam
3064 952 3169 991 vos.
3206 937 3266 991 Si
3307 936 3627 991 estenderitis

2043 1044 2243 1092 manus,
2275 1038 2494 1081 avertam
2517 1029 2688 1081 oculos
2712 1043 2847 1082 meos
2870 1044 2901 1080 a
2925 1028 3060 1081 vobis
3093 1027 3242 1101 (Isai.
3277 1029 3330 1083 1.
3355 1027 3469 1099 15).
3488 1027 3628 1082 Ante

2043 1121 2146 1174 alia
2168 1122 2342 1190 itaque
2371 1122 2549 1175 omnia
2579 1129 2791 1190 oportet
2836 1135 2958 1174 eum
3003 1120 3092 1190 qni
3149 1128 3392 1189 precatur
3431 1119 3629 1174 habere

2047 1212 2313 1276 ﬁduciam,
2344 1223 2397 1266 et
2422 1211 2742 1282 posmlatum
2765 1210 2983 1265 omnino
3002 1222 3375 1281 consequetur.
3419 1211 3487 1266 Et
3508 1211 3628 1264 ideo

2047 1319 2152 1357 non
2183 1302 2317 1358 dixit
2362 1302 2618 1372 pmpheta
2648 1344 2663 1370 ,
2708 1302 2988 1356 Exaudivit
3040 1318 3145 1368 me,
3199 1301 3315 1370 sed,
3365 1301 3627 1357 Justitiam

2045 1411 2230 1462 meam,
2256 1410 2408 1449 suam
2434 1393 2487 1448 in
2518 1395 2682 1449 Deum
2711 1393 2955 1448 ﬁduciam
2987 1393 3272 1448 ostendens
3297 1435 3312 1458 ,
3339 1403 3394 1448 et
3419 1409 3478 1448 se
3504 1409 3624 1448 cum

2045 1503 2110 1542 ea
2141 1503 2353 1558 semper
2373 1487 2438 1542 ad
2465 1503 2585 1542 eum
2606 1486 2884 1542 accedere.
2908 1487 3016 1541 Nec
3036 1501 3164 1542 vero
3193 1495 3341 1556 putet
3366 1485 3626 1556 quispiam

2045 1599 2167 1639 eum
2195 1583 2320 1638 dum
2349 1582 2461 1638 hazc
2501 1582 2629 1637 dicit
2657 1596 2716 1637 se
2735 1581 2960 1651 jactare.
2984 1580 3099 1636 Non
3124 1581 3266 1637 enim
3295 1579 3408 1636 haec
3427 1580 3554 1636 dicit
3575 1591 3632 1636 ut

2045 1689 2106 1730 se
2133 1673 2372 1740 extollat,
2401 1672 2494 1728 sed
2523 1683 2583 1728 ut
2607 1672 2902 1727 doctrinam
2947 1671 3232 1743 quamdam
3281 1681 3335 1728 et
3379 1671 3626 1727 admonio

2047 1769 2245 1821 tionem
2289 1781 2625 1821 communem
2680 1765 2834 1820 valde
2895 1766 3077 1820 utilem
3117 1763 3324 1819 afferat.
3372 1763 3451 1820 Ne
3487 1763 3632 1820 dicat

2046 1857 2188 1912 enim
2205 1857 2482 1927 quispiam,
2520 1855 2615 1912 Ille
2643 1854 2742 1911 fuit
2767 1855 3072 1917 exauditus.
3103 1856 3352 1926 quoniam
3375 1863 3492 1911 erat
3527 1855 3631 1910 Da-

2048 1948 2156 2016 vid,
2183 1963 2282 2018 ego
2305 1963 2433 2002 vero
2458 1963 2564 2001 non
2598 1946 2874 2012 exaudiar,
2903 1946 3152 2017 quoniam
3185 1961 3303 2002 sum
3327 1945 3548 2015 pusillus
3573 1954 3628 2000 et

2049 2041 2290 2110 abjectus
2319 2058 2333 2095 :
2363 2040 2594 2094 ostendit
2625 2040 2789 2094 Deum
2822 2054 2924 2094 nec
2951 2039 3102 2112 illum.
3127 2038 3313 2094 audire
3334 2039 3630 2109 quomodo—

2049 2147 2312 2203 cumque,
2336 2140 2515 2186 necte
2557 2146 2660 2185 non
2700 2130 2884 2186 audire
2921 2137 3124 2186 temere
3153 2139 3206 2184 et
3230 2130 3374 2185 nulla
3413 2131 3629 2185 ductum

2051 2224 2278 2288 ratione,
2309 2223 2402 2277 sed
2433 2236 2646 2292 semper
2671 2236 2759 2277 res
2786 2230 2840 2276 et
2886 2221 3020 2276 facta
3045 2231 3232 2277 exacte
3257 2221 3630 2292 contemplari.

2047 2315 2178 2382 Quae
2202 2315 2247 2370 si
2272 2314 2541 2382 habueris,
2576 2322 2629 2367 et
2657 2329 2842 2368 eorum
2868 2314 3040 2384 possis
3059 2315 3132 2368 uti
3166 2315 3484 2383 patrocinio,
3512 2328 3631 2368 om-

2049 2406 2176 2461 nino
2205 2405 2529 2461 exaudieris.
2563 2405 3016 2473 Quemadmodum
3043 2405 3088 2459 si
3115 2421 3219 2459 non
3237 2404 3507 2473 habueris,
3535 2421 3632 2459 nec

2048 2498 2094 2552 si
2140 2497 2304 2553 David
2331 2497 2544 2568 quidem
2597 2496 2795 2563 fueris,
2854 2496 3053 2567 poteris
3087 2497 3252 2551 Deum
3279 2496 3513 2568 placare.
3564 2495 3633 2550 Et

2049 2589 2187 2645 sicut
2225 2589 2370 2645 avari
2413 2603 2514 2644 nec
2555 2587 2863 2659 dignitatem
2893 2630 2908 2655 ,
2947 2603 3046 2643 nec
3074 2588 3269 2659 aliquid
3296 2588 3437 2644 aliud
3458 2589 3631 2658 respi-

2047 2684 2214 2748 ciunt,
2247 2682 2348 2737 nisi
2385 2696 2478 2736 eos
2525 2689 2729 2735 tantum
2769 2681 2858 2750 qui
2911 2680 3109 2735 habent
3133 2680 3442 2750 pecuniam,
3483 2689 3536 2735 et
3565 2681 3634 2735 ad

2049 2790 2163 2840 eos,
2191 2783 2456 2844 tamquam
2485 2773 2614 2830 nihil
2639 2788 2744 2828 non
2769 2771 3030 2837 ell‘ecturi,
3049 2773 3340 2829 accedunt:
3370 2773 3442 2828 ita
3471 2773 3632 2828 etiam

2049 2869 2172 2938 quia
2201 2868 2338 2923 Deus
2361 2877 2443 2923 est
2466 2876 2672 2922 amator
2704 2867 2948 2938 justitiaz,
2977 2869 3296 2938 quicumque
3325 2883 3444 2922 cum
3470 2883 3532 2923 ea
3561 2868 3629 2923 ad

2052 2961 2226 3032 ipsum
2251 2961 2559 3027 accesserit,
2605 2975 2710 3016 non
2738 2958 2956 3018 recedet
2982 2975 3216 3015 vacuus:
3250 2971 3307 3016 ut
3333 2961 3422 3031 qui
3450 2975 3510 3015 ea
3539 2976 3630 3015 ca-

2049 3061 2159 3115 ret,
2190 3060 2246 3108 et
2297 3051 2363 3109 iis
2387 3067 2508 3123 qua:
2534 3061 2661 3108 sunt
2685 3051 2763 3108 illi
2806 3051 3071 3107 contraria
3114 3052 3439 3123 inquiruntur,
3468 3067 3633 3122 quan-

2051 3143 2243 3200 tumvis
2270 3152 2388 3198 oret
2413 3152 2468 3200 et
2497 3143 2763 3211 obsecret,
2792 3143 2960 3200 nihilo
2981 3143 3096 3212 plus
3121 3143 3335 3210 efﬁciet,
3359 3159 3480 3200 cum
3507 3159 3632 3215 per-

2049 3235 2306 3294 suadendi
2339 3236 2586 3294 facultate
2637 3246 2834 3292 careat.
2869 3236 2994 3294 ldeo
3027 3238 3072 3291 si
3123 3237 3260 3308 apud
3291 3238 3454 3293 Deum
3501 3238 3634 3293 velis

2049 3327 2244 3398 aliquid
2269 3327 2503 3395 efﬁcere,
2535 3343 2598 3384 ea
2633 3337 2848 3398 accepta
2876 3327 3228 3397 proﬁciscere.
3254 3328 3518 3384 Justitiam
3537 3345 3634 3384 au-

2052 3430 2156 3478 tem
2201 3437 2270 3476 ne
2314 3435 2434 3476 esse
2476 3430 2680 3491 partem
2710 3420 2920 3475 virtutis
2940 3421 3212 3476 existimes
3239 3419 3337 3494 (a),
3371 3421 3464 3476 sed
3492 3422 3629 3476 inte-

2047 3528 2195 3585 gram
2219 3522 2272 3570 et
2303 3513 2626 3570 universam.
2659 3512 2733 3568 Ita
2764 3514 2924 3568 etiam
2955 3521 3070 3569 erat
3096 3511 3197 3567 .lob
3221 3513 3396 3582 justus
3417 3554 3432 3572 .
3459 3523 3515 3568 ut
3541 3514 3631 3582 qui

2051 3609 2334 3664 humanam
2359 3623 2572 3663 omnem
2602 3609 2822 3664 haberet
2851 3609 3125 3673 virtutem,
3154 3623 3258 3661 non
3281 3608 3370 3678 qui
3413 3608 3481 3662 ah
3529 3609 3632 3662 hoc

2048 3701 2260 3771 quidem
2290 3701 2430 3756 malo
2454 3701 2765 3762 abstineret.
2788 3700 2915 3755 illud
2937 3715 3064 3755 vero
3084 3699 3359 3755 retineret.
3378 3699 3450 3754 lta
3469 3699 3630 3754 etiam

2048 3807 2148 3848 nos
2170 3793 2366 3863 justam
2387 3801 2638 3848 stateram
2657 3807 2778 3849 esse
2792 3793 3041 3861 dicimus,
3069 3809 3188 3863 quae
3205 3793 3350 3847 omni
3391 3807 3456 3847 ex
3482 3803 3632 3862 parte

2049 3898 2200 3954 aequa
2230 3895 2314 3940 est
2347 3901 2364 3938 :
2395 3900 2500 3939 non
2526 3885 2572 3940 si
2597 3900 2784 3940 aurum
2813 3885 3027 3956 quidem
3059 3887 3308 3954 possitex
3339 3901 3493 3956 aequo
3517 3896 3629 3941 sta-

2048 3985 2219 4043 tuere,
2243 3991 2400 4032 secus
2428 3987 2606 4036 autem
2637 3976 2932 4047 plumbum,
2955 3977 3048 4032 sed
3074 3993 3192 4048 qua:
3220 3977 3272 4032 in
3302 3978 3484 4048 quavis
3513 3993 3630 4032 ma-

2051 4069 2182 4125 teria
2207 4069 2510 4139 aequitatem
2551 4069 2804 4134 exhibet;
2839 4077 2893 4124 et
2921 4083 3106 4124 rursus
3131 4083 3434 4124 mensuram
3455 4110 3470 4134 ,
3509 4084 3632 4140 quae

2048 4170 2134 4216 est
2175 4159 2324 4216 omni
2353 4175 2418 4216 ex
2449 4169 2601 4231 parte
2624 4176 2798 4232 aequa.
2845 4159 2921 4215 Ita
2960 4160 3121 4216 etiam
3146 4169 3263 4216 erat
3287 4159 3389 4216 Job
3409 4159 3582 4231 justus
3607 4200 3625 4225 ,

2047 4267 2232 4324 aequus
2253 4268 2320 4309 ex
2344 4253 2491 4308 omni
2537 4263 2710 4324 parte.
2738 4252 2920 4322 Neque
2947 4253 3090 4308 enim
3115 4253 3169 4308 in
3197 4253 3420 4323 pecunia
3449 4253 3623 4308 solum

2047 4360 2166 4401 eam
2183 4345 2429 4401 servabat
2454 4345 2780 4416 :equitatem,
2802 4344 2898 4400 sed
2920 4344 3158 4400 etiamin
3184 4344 3306 4400 aliis
3334 4345 3582 4399 omnibus
3605 4386 3622 4410 ,

2047 4435 2264 4494 modum
2307 4451 2594 4509 unquam
2630 4435 2916 4493 excedens.
2943 4435 3053 4493 Nec
3081 4437 3250 4508 possit
3275 4437 3454 4493 dicere
3479 4439 3628 4508 quis-

2047 4529 2190 4600 piam
2231 4544 2354 4586 eum
2386 4530 2440 4586 in
2487 4529 2710 4600 pecunia
2735 4528 2951 4600 quidem
3000 4529 3302 4600 :equitatem
3328 4527 3622 4595 dilexisse,

2045 4622 2104 4678 in
2128 4621 2504 4692 congressione
2547 4629 2728 4677 autem
2759 4629 2814 4676 et
2867 4635 3116 4676 sermone
3161 4635 3283 4675 cum
3315 4619 3628 4692 propinquis

2045 4711 2262 4767 modum
2288 4711 2600 4780 excessisse,
2633 4724 2690 4767 ut
2715 4712 2805 4782 qui
2830 4720 2973 4767 esset
2990 4710 3250 4782 superbus
3270 4720 3326 4767 et
3349 4724 3624 4782 arrogans.

2046 4803 2159 4860 Hoc
2183 4805 2325 4859 enim
2351 4818 2560 4859 summo
2586 4803 2764 4858 studio
2788 4802 3038 4873 fugiebat.
3069 4802 3140 4858 Et
3164 4802 3285 4858 ideo
3318 4801 3528 4858 dicebat
3553 4802 3569 4833 ⁸
3605 4819 3620 4857 :

2050 4894 2200 4962 Quod
2225 4894 2268 4948 si
2291 4895 2442 4950 etiam
2462 4894 2740 4966 contempsi
2752 4893 3005 4965 judicium
3025 4895 3153 4950 servi
3177 4894 3276 4948 mei
3296 4895 3376 4949 vel
3397 4894 3619 4961 ancilla,

2043 5001 2156 5040 cum
2188 4984 2439 5055 litigarent
2467 5001 2660 5039 mecum
2689 5000 2709 5039 :
2733 4985 2810 5039 uel
2838 5001 2940 5038 non
2963 4985 3092 5039 sicut
3110 5001 3200 5056 ego
3220 4987 3314 5058 fui,
3340 4987 3545 5058 [uertunt
3571 4993 3621 5039 et

2041 5078 2173 5147 ipsi’
2193 5076 2332 5148 (Job.
2351 5077 2404 5132 5.
2434 5076 2544 5149 l3).
2570 5077 2634 5132 Et
2653 5077 2755 5130 hoc
2774 5090 2903 5148 ergo
2923 5077 3080 5132 etiam
3104 5077 3356 5147 injustitia
3373 5088 3475 5146 est,
3502 5092 3624 5134 esse

2041 5169 2328 5238 superbum
2355 5179 2409 5224 et
2434 5179 2789 5239 arrogantem.

2111 5262 2166 5316 2.
2194 5261 2648 5328 Quemadmodum
2678 5261 2819 5317 enim
2848 5276 3068 5316 avarum
3114 5276 3234 5317 esse
3275 5262 3501 5317 dicimus
3531 5263 3618 5333 qui

2104 5421 2120 5450 ¹
2156 5418 2213 5468 Ιιι
2236 5425 2372 5482 ueg.,
2396 5417 2507 5469 huic
2529 5418 2657 5469 enim
2673 5417 2866 5470 crimini
2887 5417 3065 5482 diffuse
3085 5418 3313 5482 occurrit,
3342 5419 3529 5482 dicens.

2104 5431 2120 5450 ι
2157 5431 2213 5468 ιιι
2237 5431 2372 5529 ιιεῇη
2396 5431 2507 5469 nutc
2529 5432 2657 5469 etum
2673 5431 2866 5470 crtmm:
2887 5431 3065 5482 dij/use
3085 5431 3313 5478 occurrit,
3342 5431 3529 5470 arcens.

2101 5483 2122 5513 ³
2143 5484 2258 5544 Loci
2281 5482 2294 5530 i
2337 5483 2416 5544 ius,
2433 5495 2498 5530 ex
2520 5482 2638 5531 Jobo
2661 5482 2800 5544 petiti
2818 5487 3198 5544 parsipostrema
3231 5480 3377 5544 longe
3399 5481 3494 5530 alio
3517 5496 3620 5530 mo-

2038 5541 2102 5591 do
2135 5543 2266 5604 jacet
2289 5543 2576 5605 ineditione
2605 5541 2920 5605 septuaginta
2936 5541 3264 5605 Interpretum
3295 5541 3514 5599 Romana,
3535 5545 3618 5592 ubi

2035 5603 2149 5676 post
2157 5618 2316 5676 voces,
2342 5603 2581 5676 litigarem
2605 5603 2890 5676 nte—currusic
2911 5603 3128 5676 legituri
3143 5613 3304 5655 Nonne
3325 5605 3448 5655 sicut
3469 5610 3514 5656 et
3536 5617 3622 5667 ego

2037 5664 2100 5717 de
2117 5675 2275 5716 ventre
2297 5664 2434 5718 natus
2454 5679 2591 5730 sum,
2603 5666 2668 5716 ita
2689 5673 2735 5716 et
2756 5666 2851 5730 ipsi
2869 5664 3128 5730 natiswu.’

2100 5730 2172 5791 (a)
2202 5730 2334 5792 Quod
2355 5730 2433 5778 hic
2454 5730 2522 5792 ait
2549 5729 2924 5792 Chrysostomus,
2951 5729 3207 5792 justitiam,
3231 5741 3326 5780 non
3364 5740 3476 5792 esse
3515 5739 3617 5792 par:

2035 5788 2137 5840 tem
2155 5788 2361 5848 virtutis,
2385 5791 2471 5842 sed
2496 5788 2726 5841 virtutem
2769 5788 3062 5848 universam,
3084 5791 3278 5840 omnino
3318 5788 3524 5852 quadrat
3555 5788 3615 5837 ad

2033 5853 2152 5921 illud
2168 5852 2494 5921 Empedoclis:
2519 5867 2554 5903 ιν
2577 5861 2618 5903 δι
2641 5862 2852 5921 Suetonii?!
2873 5861 3078 5921 συλλήῳην
3094 5851 3400 5921 ςᾱσϊριτιςρσὲιγ
3413 5885 3430 5910 ,
3454 5851 3500 5900 id
3521 5859 3614 5912 est,

2034 5916 2083 5965 in
2098 5913 2289 5976 justitia
2310 5922 2470 5965 autem
2491 5915 2868 5978 eamme/tensius
2891 5913 3154 5966 continetur
3174 5913 3327 5964 omnis
3349 5913 3520 5964 tritius.
