4040 6342
386 302 455 359 39
1512 296 1877 357 EXPOSITIO
1916 294 1982 351 IN
2019 292 2347 351 PSALMUM
2390 293 2476 351 IV.
3548 304 3621 360 ιο

382 416 454 486 γῆ
488 415 647 468 αὐτὸν
698 413 1101 486 ἀπεστρέφετο,
1134 430 1211 487 μη
1236 412 1478 486 φέρουσα
1506 413 1818 486 μιαίνεσθαι
1849 430 1953 466 πα-

380 506 624 578 τραλῲου
659 508 917 579 βήμασιν.
951 508 1015 561 Εί
1045 506 1155 579 γὰρ
1195 505 1289 560 τὸν
1331 505 1511 560 Δαθάν
1541 506 1685 560 κατά
1709 506 1952 569 Μωσέως

380 600 689 673 λαλήσαντα
719 600 967 667 κατέπιε,
996 601 1092 655 καὶ
1110 599 1172 654 τὸ
1201 600 1376 673 στόμα
1406 601 1575 672 αὐτῆς
1608 599 1785 672 ήνοιξε
1810 600 1952 654 κατά

378 694 476 747 τοῦ
508 693 695 757 κακῶς
716 694 778 747 τὸ
811 693 986 766 στόμα
1016 692 1359 759 ἀνοίξαντας,
1392 693 1510 757 πῶς
1540 688 1653 764 εἶχε
1688 692 1951 763 βαστάσαι

380 786 549 848 πόδας
584 783 727 839 κατά
783 785 985 853 γονέως
1034 784 1359 856 τρέχοντας;
1421 783 1507 848 Ὡς
1560 778 1655 838 οὖν
1710 784 1801 837 ἐπὶ
1857 781 1949 837 τοῦ

378 875 595 946 δένδρου
650 874 853 945 ὑψηλὸς
898 874 1192 946 ἐκρέματο,
1241 872 1475 943 ἐπῆλθεν
1518 872 1666 944 αὐτῷ
1717 872 1874 926 Ἰωάϐ
1921 872 1950 925 6

378 968 855 1038 ἀρχιστράτηγος,
896 966 988 1020 καὶ
1032 968 1181 1037 τρεῖς
1227 964 1418 1030 ἀκίδας
1454 965 1535 1030 εἰς
1583 963 1682 1037 τήν
1725 964 1951 1037 καρδίαν

377 1058 475 1111 τοῦ
497 1058 756 1129 ἀκαρδίου
781 1057 1063 1129 ἐνέπηξεν,
1083 1059 1197 1111 ἐκεῖ
1221 1056 1380 1110 αὑτὸν
1402 1056 1669 1128 πλήττων,
1700 1055 1831 1110 ὅπου
1854 1055 1952 1126 τῆς

381 1150 612 1221 ἀνομίας
662 1152 696 1221 ή
746 1149 920 1220 θήκη·
970 1149 1065 1202 καὶ
1107 1149 1184 1211 ὼς
1229 1148 1429 1219 ὑψηλὸς
1470 1147 1563 1201 ἐπὶ
1598 1146 1692 1201 τοῦ
1735 1146 1949 1218 δένδρου

380 1243 677 1313 ἐκρέματο,
693 1240 856 1295 καλὸν
876 1240 1159 1309 ἐπιτάφιον
1182 1239 1331 1310 αὐτῷ
1360 1241 1389 1293 6
1424 1238 1585 1294 Δαυῖδ
1612 1237 1913 1309 ὑπέψαλλεν
1934 1255 1946 1269 ·

379 1331 561 1388 Εἶδον
588 1332 700 1387 τὸν
736 1332 927 1403 ἀσεϐῆ
962 1332 1460 1402 ὺπερυψούμενον
1495 1331 1594 1385 καί
1638 1332 1948 1400 ἐπαιρόμεο

374 1441 504 1487 νον,
529 1423 609 1490 ὡς
630 1423 737 1487 τὰς
758 1422 1001 1491 κέδρους
1036 1422 1142 1477 τοῦ
1163 1421 1421 1477 Λιϐάνου
1441 1435 1454 1451 ·
1494 1422 1593 1475 καί
1617 1421 1947 1491 παρῆλθον,

374 1515 473 1567 καί
522 1514 655 1569 ἰδοὺ
696 1515 808 1568 οὐκ
845 1509 943 1584 ἦν.
978 1512 1225 1583 Ψαλμὸς
1248 1513 1326 1580 τῷ
1369 1512 1582 1578 Δαυῒδ,
1618 1512 1715 1566 ὅτε
1748 1510 1950 1566 ἀπεδι-

375 1606 645 1673 δρασκεν
684 1606 804 1661 ἀπὸ
853 1605 1178 1675 προσώπου
1230 1604 1605 1674 Ἀϐεσσαλὼμ
1653 1604 1759 1659 τοῦ
1813 1600 1949 1657 υίοῦ

372 1696 583 1750 αὑτοῦ.
628 1695 1016 1765 Ἀπεδίδρασκε
1039 1695 1093 1749 δέ
1125 1696 1223 1766 οὐχ
1256 1695 1328 1759 ὡς
1363 1693 1784 1765 δειλαινόμενος,
1812 1691 1947 1746 ἀλλά

374 1790 631 1858 φονεῦσαι
658 1788 751 1843 τὸν
782 1788 897 1842 υίὸν
927 1788 1324 1860 εὐλαϐούμενος
1348 1805 1362 1819 ο
1416 1788 1510 1842 καὶ
1543 1786 1651 1858 γὰρ
1682 1785 1843 1849 αὐτὸς
1872 1784 1948 1849 ὡς

371 1884 562 1935 τέκνου
592 1881 852 1950 ἐφείδετο,
889 1880 1004 1934 ἀλλ’
1025 1881 1074 1935 οί
1104 1882 1199 1935 σὺν
1240 1879 1386 1951 αὐτῷ
1415 1880 1514 1933 οὐκ
1547 1878 1613 1933 ἂν
1640 1877 1714 1941 ὡς
1747 1876 1947 1946 ἀντάρ-

373 1990 466 2027 του
496 1973 801 2043 ἐφείσαντο.
828 1973 991 2026 Ὅθεν
1021 1976 1049 2027 6
1073 1973 1234 2026 Δαυῖδ
1265 1971 1370 2026 ὑπὸ
1399 1970 1491 2025 τοῦ
1531 1970 1647 2024 υἱοῦ
1680 1967 1945 2038 διωκόμεο

373 2082 483 2131 νος,
517 2067 614 2120 καὶ
649 2066 753 2119 ὑπὸ
776 2065 870 2119 τοῦ
898 2064 1090 2135 Σεμεεὶ
1115 2064 1182 2117 δι’
1208 2064 1373 2117 αὐτὸν
1399 2061 1825 2133 λοιδορούμενος,
1847 2060 1945 2113 αὐ-

371 2156 464 2219 τὸς
506 2155 608 2226 μὲν
655 2154 1065 2228 ἐμακροθύμει·
1101 2153 1288 2224 ἐπειδὴ
1320 2154 1377 2207 δέ
1411 2152 1593 2206 πολλοὶ
1631 2153 1750 2205 κατ’
1779 2147 1944 2203 αὐτοῦ

372 2245 835 2311 ἐσκανδαλίζοντο,
856 2246 953 2300 καὶ
984 2245 1219 2317 μάλιστα
1248 2246 1299 2298 οἱ
1336 2243 1412 2315 τῷ
1447 2241 1799 2314 Ἀϐεσσαλὼμ
1828 2258 1948 2295 συν-

370 2337 669 2411 αιρόμενοι,
704 2340 798 2391 καὶ
831 2338 1017 2392 λοιπὸν
1043 2338 1118 2400 ὼς
1150 2338 1485 2409 ἀπρονοήτου
1519 2335 1945 2391 κατεπανίσταν-

370 2444 452 2492 το,
476 2427 725 2495 λέγοντες
738 2444 752 2457 ·
768 2426 1016 2499 Ἐρημος
1029 2428 1121 2481 νῦν
1138 2430 1166 2482 6
1182 2426 1363 2492 Δαυῒδ,
1391 2427 1688 2499 ἀϐοήθητος
1709 2426 1943 2492 πάντως,

372 2519 466 2572 νῦν
500 2519 717 2589 ἀπέστη
753 2520 847 2572 ἀπ’
882 2518 1046 2573 αὐτοῦ
1067 2520 1096 2572 ό
1126 2519 1255 2583 Θεὸς
1280 2518 1355 2583 ὡς
1382 2518 1475 2572 καὶ
1524 2518 1633 2572 ἀπὸ
1656 2517 1747 2571 τοῦ
1773 2516 1945 2571 Σαούλ

372 2624 533 2661 ποτε·
585 2608 776 2679 ὥσπερ
800 2609 909 2681 γάρ
933 2608 1054 2662 τότε
1082 2608 1190 2662 ἀπὸ
1222 2606 1316 2662 τοῦ
1361 2606 1530 2661 Σαοὺλ
1560 2606 1806 2678 ἀπέστη,
1850 2605 1946 2659 καὶ

372 2699 562 2767 γέγονε
595 2700 735 2770 μετά
761 2698 854 2752 τοῦ
884 2698 1071 2765 Δαυῒδ,
1101 2698 1243 2753 οὓτω
1279 2697 1373 2752 νῦν
1403 2698 1510 2753 ἀπὸ
1533 2698 1625 2752 τοῦ
1654 2697 1819 2751 Δαυῖδ
1838 2698 1945 2752 ἀπ-

371 2794 525 2865 έστη,
558 2794 653 2846 καὶ
681 2793 869 2862 γέγονε
911 2792 1048 2863 μετά
1073 2791 1167 2844 τοῦ
1208 2790 1591 2862 Ἀϐεσσαλὼμο
1623 2786 1944 2843 ἐπαναστῶ-

375 2900 496 2951 μεν,
528 2881 625 2935 καὶ
657 2880 991 2953 ἐπιθώμεθα,
1040 2879 1138 2933 οὐκ
1170 2879 1284 2932 ἔστι
1332 2880 1574 2951 σωτηρία
1606 2877 1755 2949 αὐτῷ
1783 2880 1839 2932 ἐν
1867 2876 1945 2949 τῷ

371 2972 525 3043 Θεῷ·
586 2973 773 3044 ἐπειδὴ
830 2970 1003 3024 ταῦτα
1053 2969 1269 3039 ἔλεγον,
1319 2971 1412 3023 ἐπὶ
1454 2971 1660 3034 τούτοις
1710 2972 1739 3024 ό
1784 2969 1946 3023 Δαυῖδ

373 3063 533 3115 πλέον
576 3062 819 3134 ἀλγήσας
863 3062 896 3132 ἢ
944 3062 1036 3115 ἐπὶ
1071 3063 1181 3125 τοῖς
1209 3061 1303 3115 τοῦ
1335 3062 1524 3126 παιδὸς
1554 3063 1939 3133 σκιρτήμασιν,

369 3154 623 3224 ἐπερωτᾷ
671 3152 762 3206 τὸν
815 3152 977 3207 Θεόν·
1027 3154 1221 3221 Κύριε,
1274 3153 1331 3206 τί
1373 3153 1842 3222 ἐπληθύνθησαν
1889 3155 1943 3207 οι

371 3243 682 3311 Θλίϐοντές
699 3245 1282 3316 με;Περιπέφραγμαι
1306 3248 1418 3309 τοῖς
1436 3248 1776 3317 πειρασμοῖς,
1796 3261 1944 3318 περι-

370 3336 566 3405 έχομαι
596 3338 709 3399 τοῖς
736 3336 1052 3407 χειμάρροις
1093 3335 1203 3389 τῶν
1250 3335 1457 3401 κακῶν,
1490 3336 1692 3407 κατέϐη
1745 3338 1778 3409 ή
1822 3338 1941 3390 ἐπι-

370 3426 613 3490 κίνδυνος
658 3425 848 3497 βροχὴ,
894 3422 1056 3499 ἦλθον
1097 3427 1145 3478 οἱ
1192 3426 1305 3481 τῶν
1359 3427 1630 3497 πολεμίων
1682 3429 1936 3498 ποταμοὶ,

370 3517 638 3571 ἔπνευσαν
685 3520 734 3572 οἰ
766 3519 958 3591 ἄνεμοι
1008 3518 1116 3571 τῶν
1162 3519 1491 3589 πνευμάτων
1527 3520 1635 3572 τῶν
1668 3519 1938 3592 πονηρῶν,

371 3608 751 3680 προσέῤῥηξάν
798 3627 899 3680 μου
949 3610 1014 3683 τῇ
1069 3610 1248 3682 οἰκίᾳ,
1293 3612 1649 3682 μετακινῆσαι
1697 3611 1939 3676 θέλοντες

370 3702 469 3771 τὴν
498 3701 680 3773 ψυχήν
727 3718 828 3773 μου
865 3701 973 3755 ἀπὸ
1018 3701 1112 3754 σοῦ
1136 3741 1150 3763 ,
1187 3701 1321 3754 ἀλλά
1351 3700 1811 3772 τεθεμελιωμένος
1848 3702 1939 3755 ἐπὶ

366 3792 467 3862 τὴν
499 3792 706 3863 πέτραν
730 3792 831 3862 τῆς
874 3791 1107 3849 πίστεως
1128 3833 1143 3857 ,
1178 3791 1238 3843 οὐ
1279 3790 1461 3843 πίπτω
1486 3831 1500 3857 ,
1535 3790 1669 3845 ἀλλά
1713 3790 1938 3862 προσπί-

370 3900 521 3948 πτω,
556 3882 644 3935 ἴνα
677 3881 859 3952 μάθωο
900 3884 1104 3950 Κύριε,
1128 3882 1188 3935 τί
1216 3882 1688 3951 ἑπληθύνθησαν
1714 3886 1769 3938 οι
1804 3883 1934 3937 0M-

367 3971 575 4034 ϐοντές
605 3987 715 4039 ys;
755 3972 811 4025 Ὀ
856 3972 915 4038 ἐξ
957 3968 1114 4041 ἐμοῦ,
1164 3970 1284 4025 κατ’
1324 3970 1482 4044 ἐμοῦ,
1517 3971 1654 4026 ἀλλὰ
1695 3973 1760 4028 σὺ
1794 3972 1936 4044 ὑπὲρ

366 4062 521 4133 ἐμοῦ.
564 4062 645 4115 Τά
692 4062 800 4132 ἐμὰ
835 4061 913 4134 [6]
958 4062 1242 4133 σπλάγχνα
1284 4062 1385 4133 ἐμὲ
1434 4062 1691 4133 πολεμεῖο
1724 4064 1754 4116 6
1802 4063 1934 4134 ἐμὸς

365 4154 491 4217 λαὸς
519 4153 696 4207 ὀπίσω
733 4152 1105 4225 Ἀϐεσσαλὼμ,
1143 4154 1205 4207 τὸ
1233 4154 1366 4225 ἐμὸν
1394 4154 1752 4225 στρατόπεδον
1777 4156 1933 4210 ὁπλί-

367 4242 513 4309 ζεται
558 4246 679 4299 κατ’
725 4245 877 4316 ἐμοῦ.
925 4246 1006 4299 Τά
1046 4245 1292 4316 πρόϐατά
1325 4262 1426 4318 μου
1465 4245 1618 4301 λύκοι
1653 4247 1932 4317 γεγόνασι,

368 4336 458 4387 καὶ
480 4334 691 4399 λέοντες
716 4337 766 4389 οἱ
793 4336 965 4408 ἀρνοὶ,
1022 4336 1117 4389 καὶ⁴
1149 4336 1308 4401 κύνες
1336 4336 1638 4404 λυσσῶντες
1666 4341 1716 4393 οἰ
1744 4339 1931 4409 ἀμνοὶ,

366 4428 457 4477 καὶ
493 4425 683 4499 ταῦροι
731 4429 1046 4498 κερατισταὶ
1087 4431 1134 4483 οἰ
1168 4430 1347 4501 κριοί’
1377 4430 1439 4485 οὐ
1480 4430 1546 4485 δι’
1570 4430 1804 4501 ἐμαυτὸν
1836 4431 1932 4485 λυ-

367 4516 594 4588 ποῦμαι,
625 4517 762 4571 ἀλλά
787 4517 885 4590 τὴν
910 4519 1113 4573 τούτων
1138 4520 1414 4575 ἀπώλειαν
1442 4521 1625 4595 θρηνῶ
1641 4531 1684 4578 ⁸.

572 4695 931 4749 EPMHNEIA
969 4697 1077 4750 ΕΙΣ
1113 4698 1248 4751 ΤΟΝ
1289 4700 1339 4750 Δ⁹
1379 4698 1695 4755 ΨΑΛΜΟΝ,

376 4830 478 4883 Ἐν
524 4827 605 4894 τῷ
643 4829 1058 4903 ἑπικαζεῖοξθαί
1092 4848 1169 4900 με
1200 4830 1535 4903 εἰσήκουσά
1569 4850 1646 4903 με
1687 4836 1720 4888 ὀ
1771 4834 1915 4890 Θεὸς

798 4898 909 4968 τῆς
939 4898 1327 4970 δικαιοσύνης
1345 4920 1490 4972 μου.

428 5015 498 5067 α’.
532 5014 646 5087 Οὐχ
683 5014 772 5069 ἵνα
810 5016 997 5081 ἁπλῶς
1034 5017 1313 5089 μάθωμεν,
1348 5020 1430 5073 ὅτι
1460 5020 1720 5091 ἠκούσθη,
1757 5023 1929 5076 ταῦτα

361 5104 655 5174 φθέγγεται
687 5107 716 5160 6
739 5108 1032 5179 Προφήτης
1054 5125 1069 5141 ⁸
1105 5109 1219 5162 ἀλλ’
1262 5112 1350 5165 ἵνα
1398 5113 1775 5184 παιδευθῶμεν
1812 5116 1929 5180 πῶς

363 5200 453 5253 καὶ
472 5201 627 5253 αὐτοὶ
653 5198 940 5263 καλοῦντες
960 5202 1050 5255 τὸν
1074 5202 1204 5256 Θεὸν
1230 5206 1560 5277 ἀκουσθῆναι
1587 5207 1928 5280 δυνησόμεθα

361 5291 566 5361 ταχέως
591 5330 608 5355 ,
654 5292 749 5344 καὶ
776 5291 881 5362 πρὸ
915 5291 1009 5345 τοῦ
1035 5293 1223 5358 τέλους
1261 5295 1362 5366 τῆς
1401 5296 1564 5368 εὐχῆς
1591 5302 1688 5369 τὴν
1715 5301 1928 5371 αἴτησιν

363 5386 561 5440 λαϐεῖν.
590 5384 670 5440 Οὐ
703 5386 813 5455 γὰρ
842 5381 1151 5448 εἷπε,Μετά
1170 5388 1231 5440 τὸ
1258 5388 1684 5444 ἐπικαλέσασθαι
1725 5409 1793 5462 με
1819 5394 1929 5446 εἰσ-

366 5477 559 5549 ήκουσέ
608 5495 732 5549 μου,
758 5477 892 5545 ἀλλ’,
933 5479 1018 5533 Ἔν
1045 5478 1122 5551 τῷ
1149 5480 1524 5536 ἐπικαλεῖσθαί
1558 5500 1649 5555 με.
1674 5485 1784 5539 Καὶ
1820 5486 1926 5557 γάρ

423 5646 445 5670 ³
470 5643 592 5713 Βῗε·
614 5642 854 5713 ἀξπεέλειαν
878 5643 1075 5713 βρηνῶνι
1096 5644 1173 5691 σοι
1196 5645 1265 5713 τῇ)
1287 5651 1466 5713 συξτῆρε
1507 5647 1788 5713 εὐχαριστῶ.
1809 5650 1923 5702 Ὅτι

370 5719 437 5755 σοι
456 5706 617 5753 ποέπει
632 5705 663 5761 ἠ
685 5703 798 5759 δόξα
815 5704 895 5751 καὶ
914 5703 969 5752 τὸ
991 5704 1162 5768 κράτος
1184 5703 1265 5755 νῦν
1285 5707 1365 5755 καί
1389 5703 1483 5767 ἀεί,
1515 5703 1612 5760 είέ.

2056 407 2150 461 καὶ
2179 406 2344 460 αὐτοῦ
2381 406 2475 461 τοῦ
2506 407 2642 461 Θεοῦ
2671 407 2890 479 τοιαύτη
2922 407 3006 473 τίς
3038 410 3187 464 ἐστιν
3217 409 3507 482 ὑπόσχεσις
3536 414 3621 469 λέ-

2057 491 2244 558 γοντός
2268 509 2371 545 που
2398 492 2536 564 πρὸς
2556 494 2647 547 τὸν
2670 495 3112 568 ἐπικαλούμενον·
3139 500 3261 554 Ἔτι
3286 500 3629 571 λαλοῦντός

2054 597 2171 640 σου
2194 582 2326 653 ἐρῶ·
2352 585 2499 640 Ἰδοὺ
2532 586 2788 660 πάρειμι.
2812 591 2886 645 Οὐ
2908 590 3016 662 γὰρ
3046 591 3109 663 δὴ
3139 593 3399 664 ῥημάτων
3421 594 3626 666 πλῆθος

2052 679 2259 733 πείθειν
2281 679 2375 733 τὸν
2407 678 2539 732 Θεὸν
2568 680 2774 747 εἴωθεν,
2809 680 2947 735 ἀλλά
2975 683 3192 753 καθαρὰ
3219 684 3366 756 ψυχή
3393 686 3489 741 καὶ
3526 687 3619 759 ἐρ.

2051 789 2162 841 γων
2195 771 2413 840 ἀγαθῶν
2453 770 2727 837 ἐπίδειξις.
2776 772 2919 844 Πρὸς
2966 772 3095 842 γοῦν
3131 773 3260 839 τούς
3295 776 3353 829 ἐν
3385 777 3620 849 πονηρίᾳ.

2056 863 2152 934 μὲν
2174 861 2400 927 ζῶντας,
2420 862 2831 934 προσδοκῶντας
2852 863 2911 917 δέ
2932 864 3010 935 τῷ
3035 866 3197 937 μήκει
3218 865 3330 920 τῶν
3351 867 3618 939 ῥημάτων

2050 955 2317 1009 δυσωπεῖν
2352 954 2535 1018 αὐτὸν,
2584 955 2684 1025 ὅρα
2717 954 2770 1008 τί
2817 970 3003 1026 φησιν.
3045 956 3223 1011 Ὅταν
3267 960 3617 1027 πληθύνητσ

2051 1046 2169 1115 τὴν
2193 1047 2423 1114 δέησιν,
2445 1049 2557 1101 οὐκ
2584 1049 3014 1117 εἰσακούσομαι
3040 1046 3225 1118 ὑμῶν.
3262 1049 3405 1105 Ἐὰν
3434 1052 3617 1108 ἐκτεί-

2051 1153 2194 1204 νητε
2215 1137 2321 1202 τὰς
2344 1136 2565 1207 χεῖρας,
2584 1136 2942 1205 ἀποστρέψω
2970 1136 3111 1204 τοὺς
3134 1138 3478 1210 ὀφθαλμούς
3494 1159 3616 1211 μου

2050 1225 2151 1295 ἀφ’
2177 1225 2362 1295 ὑμῶν.
2390 1226 2531 1298 Ἀρα
2559 1226 2665 1298 πρὸ
2688 1225 2797 1281 τῶν
2824 1226 2998 1281 ἀλλων
3024 1227 3276 1282 ἁπάντων
3304 1231 3617 1303 παρρησίαν

2050 1318 2132 1371 δεῖ
2160 1318 2251 1373 τὸν
2294 1318 2582 1389 εὐχόμενον
2611 1318 2777 1390 ἔχειν,
2823 1318 2917 1373 καὶ
2953 1321 3169 1385 πάντως
3195 1319 3384 1390 ἕψεται
3411 1321 3481 1375 τὰ
3516 1321 3617 1394 τῆς

2050 1409 2317 1482 αἰτήσεως
2338 1448 2353 1464 .
2408 1410 2507 1463 Διά
2529 1427 2610 1463 τοι
2641 1408 2800 1463 τοῦτο
2828 1410 2921 1464 καὶ
2946 1413 2974 1464 6
3001 1410 3289 1485 Προφήτης
3312 1413 3412 1468 οὐκ
3439 1408 3613 1480 εἶπεν,

2049 1498 2375 1569 Εισήκουσεν
2406 1499 2559 1573 ἐμοῦ,
2587 1500 2742 1566 ἀλλά,
2782 1501 2897 1571 Τῆς
2922 1502 3314 1572 δικαιοσύνης
3337 1522 3478 1573 μου,
3514 1505 3618 1577 τὴν

2050 1591 2185 1663 πρὸς
2210 1592 2301 1647 τὸν
2328 1592 2459 1647 Θεὸν
2478 1592 2643 1648 αὐτοῦ
2670 1594 2979 1667 παρρησίαν
3001 1594 3233 1663 δεικνὺς,
3254 1597 3349 1651 καὶ
3371 1597 3446 1662 ὡς
3476 1597 3616 1669 μετά

2046 1683 2249 1753 ταύτης
2285 1683 2432 1756 αὐτῷ
2476 1685 2704 1756 προσῄει
2735 1684 2823 1739 διὰ
2868 1686 3089 1751 παντός.
3135 1687 3341 1759 Μηδεὶς
3367 1688 3425 1742 δέ
3450 1688 3616 1744 αὐτὸν

2051 1776 2444 1848 μεγαληγορεῖν
2470 1777 2708 1848 ἡγείσθω
2748 1775 2921 1832 ταῦτα
2950 1777 3195 1847 λέγοντα.
3243 1779 3317 1834 Οὐ
3347 1779 3456 1851 γάρ
3482 1782 3615 1837 ἐαυ-

2046 1865 2138 1918 τὸν
2172 1866 2375 1936 ἐπᾶραι
2405 1865 2726 1936 βουλόμενος
2755 1865 2930 1921 ταῦτά
2976 1884 3163 1939 φησιν,
3192 1866 3328 1923 ἀλλὰ
3357 1868 3615 1924 διδασκα-

2046 1951 2166 2006 λίαν
2188 1969 2310 2006 τινα
2335 1952 2429 2007 καί¹
2454 1953 2777 2024 παραίνεσιν
2805 1953 2990 2024 κοινὴν
3010 1954 3146 2008 πολύ
3169 1954 3358 2026 κέρδος
3386 1955 3614 2027 ἔχουσαν

2046 2038 2296 2106 εἰσάγων.
2323 2039 2439 2091 Ἵνα
2465 2038 2573 2110 γὰρ
2602 2040 2675 2110 μή
2704 2056 2787 2103 τις
2818 2038 3063 2112 λέγῃ,ὸτι
3087 2041 3321 2107 Ἐκεῖνος
3348 2043 3612 2115 ἠκούσθη,

2046 2124 2234 2195 ἐπειδὴ
2294 2123 2458 2178 Δαυῒδ
2517 2120 2622 2196 ἦν,
2667 2125 2777 2193 ἐγὼ
2823 2126 2881 2180 δὲ
2927 2127 3028 2183 οὐκ
3082 2128 3613 2202 εἰσακουσθήσομαι,

2046 2212 2235 2284 ἐπειδὴ
2279 2212 2470 2283 μικρὸς
2500 2214 2592 2266 καὶ
2620 2214 2842 2285 εὐτελής
2884 2214 3030 2286 εἰμι’
3061 2214 3332 2271 δείκνυσιν
3358 2218 3441 2273 ὃτι
3487 2217 3614 2273 οὕτε

2046 2298 2253 2353 ἐκείνου
2281 2299 2468 2363 ἁπλῶς
2497 2300 2687 2354 ἀκούει
2718 2340 2735 2366 ,
2765 2300 2889 2355 οὔτε
2919 2301 3014 2356 σοῦ
3040 2304 3345 2373 παρακούει
3374 2307 3494 2378 είκῆ
3520 2306 3616 2362 καὶ

2043 2384 2121 2450 ὼς
2166 2386 2374 2458 ἔτυχεν,
2419 2386 2556 2443 ἀλλά
2601 2388 2876 2459 πανταχοῦ
2922 2388 3030 2444 τῶν
3078 2390 3419 2461 πραγμάτων
3467 2395 3614 2448 ἐστὶν

2045 2472 2279 2545 ἀκριϐὴς
2322 2473 2543 2545 θεωρός.
2590 2473 2708 2529 Κᾶν
2748 2473 2919 2531 ταῦτα
2950 2475 3080 2550 ἔχῃς
3114 2475 3184 2531 τὰ
3222 2477 3493 2550 δυνάμενά
3530 2495 3614 2535 σοι

2048 2563 2766 2637 συνηγορῆσαι,ἀκουσθήση
2796 2564 3250 2638 πάντως.”Ωσπερ
3276 2566 3342 2621 ἀν
3366 2567 3441 2639 μή
3462 2567 3613 2641 ἔχῃς,

2044 2650 2154 2703 οὐδ’
2173 2650 2240 2704 ἂν
2268 2649 2432 2704 Δαυῖδ
2457 2646 2547 2725 ᾖς,
2574 2654 2758 2705 πεῖσαι
2787 2653 2988 2725 δυνήσῃ
3013 2653 3104 2709 τὸν
3131 2655 3282 2708 Θεόν.
3316 2656 3423 2708 Καὶ
3442 2657 3614 2712 καθά-

2046 2755 2153 2807 περ
2191 2739 2239 2791 οί
2286 2740 2679 2810 φιλοχρήματοι
2729 2738 2852 2793 οὔτε
2892 2740 3028 2811 πρὸς
3081 2740 3269 2807 ἀξίαν,
3308 2741 3431 2796 οὐτε
3478 2744 3617 2817 πρὸς

2043 2826 2230 2897 ἕτερον
2252 2825 2403 2880 οὐδὲν
2427 2826 2734 2897 βλέπουσιν,
2757 2826 2872 2879 ἀλλ’
2895 2825 2928 2898 ἢ
2954 2829 3078 2890 τοὺς
3107 2828 3369 2901 ἀργύριον
3393 2829 3615 2900 ἔχοντας

2047 2913 2227 2983 μόνον,
2257 2913 2351 2967 καὶ
2378 2912 2455 2976 ὡς
2474 2914 2652 2967 πάντα
2678 2913 2966 2978 ἀνύσοντες
2993 2914 3187 2967 ἀπίασι
3217 2914 3354 2986 πρὸς
3376 2912 3575 2983 αὐτούς
3592 2934 3610 2952 ο

2042 3000 2183 3054 οὑτω
2223 3001 2315 3055 καὶ
2347 3003 2374 3055 6
2399 3001 2530 3066 Θεὸς
2556 3000 2737 3055 ἐπειδὴ
2785 3000 3130 3072 δικαιοσύνης
3173 3002 3321 3057 ἐστὶν
3352 3006 3609 3077 ἐραστής,

2043 3089 2100 3154 ὃς
2126 3089 2190 3143 ἂν
2216 3089 2355 3159 μετά
2375 3089 2574 3161 ταύτης
2602 3089 2730 3163 ἔλθῃ
2752 3090 2888 3161 πρὸς
2919 3089 3099 3158 αὐτὸν,
3131 3092 3229 3145 οὐκ
3252 3092 3612 3150 ἀπελεύσεται

2044 3177 2220 3243 κενὸς,
2248 3176 2435 3249 ὥσπερ
2458 3171 2550 3231 οῦν
2582 3178 2611 3231 6
2640 3176 2844 3247 ταύτης
2874 3178 3060 3249 χωρὶς,
3095 3178 3323 3243 καὶτοῖς
3347 3181 3611 3247 ἐναντίοις

2043 3265 2417 3336 ἐμφυρόμενος
2434 3264 2484 3329 ι’,
2532 3263 2637 3318 κάν
2689 3264 2860 3336 μυρία
2898 3266 3186 3338 παρακαλῇ
3215 3306 3230 3330 ,
3265 3266 3429 3322 πλέον
3457 3268 3610 3324 οὐδὸν

2042 3353 2371 3425 ἐργάσεται,
2401 3351 2464 3406 τὸ
2489 3352 2694 3406 πείθειν
2719 3352 2819 3405 οὐκ
2865 3351 3002 3423 ἔχων
3035 3353 3154 3424 μεθ’
3195 3353 3412 3409 ἐαυτοῦ.
3444 3355 3610 3411 Ὥστε

2042 3442 2091 3493 εἰ
2136 3439 2313 3510 βούλει
2350 3457 2403 3493 τι
2455 3438 2605 3511 παρὰ
2643 3438 2762 3510 Θεῷ
2809 3438 3011 3505 ἀνύειν,
3044 3439 3247 3513 ταύτην
3284 3442 3608 3513 προσλαϐὼν

2039 3527 2215 3582 ἄπιθι.
2264 3527 2619 3601 Δικαιοσύνην
2648 3525 2728 3601 [7]
2756 3526 2812 3581 δὲ
2838 3526 3070 3582 ἐνταῦθα
3102 3528 3178 3601 μὴ
3213 3528 3378 3602 μέρος
3405 3530 3609 3603 ἀρετῆς

2040 3610 2181 3669 εἶναι
2211 3615 2416 3687 νόμιζε,
2438 3614 2552 3669 ἀλλ’
2578 3614 2867 3687 ὁλόκληρον
2892 3615 2983 3669 καὶ
3002 3615 3313 3688 καθολικήν.
3331 3616 3487 3671 Οὑτω
3514 3618 3610 3674 καὶ

2037 3707 2067 3758 6
2104 3704 2222 3757 Ἰὼϐ
2248 3703 2455 3766 δίκαιος
2481 3699 2569 3775 ἦν,
2600 3705 2780 3757 πᾶσαν
2815 3702 3017 3776 ἀρετήν
3048 3704 3189 3774 ἔχων
3220 3703 3567 3779 ἀνθρωπίνην
3585 3721 3603 3738 ο

2034 3791 2096 3844 οὐ
2145 3790 2336 3845 τούτου
2386 3789 2486 3862 μὲν
2517 3788 2854 3861 ἀπεχόμενος
2900 3789 2995 3844 τοῦ
3035 3790 3293 3864 πονηροῦ,
3325 3792 3510 3865 ἐτέρου
3545 3792 3604 3849 δι

2037 3880 2413 3951 ἀντεχόμενος.
2445 3876 2601 3934 Οὕτω
2627 3879 2723 3934 καὶ
2746 3880 2905 3951 ἡμεῖς
2926 3879 3136 3935 δίκαιον
3165 3879 3423 3951 στάθμιον
3444 3880 3603 3937 τοῦτο

2034 3966 2265 4039 λέγομεν
2297 3966 2361 4022 τὸ
2384 3966 2657 4040 πανταχοῦ
2707 3966 2822 4021 ίσον
2840 3983 2855 3998 ο
2884 3967 2986 4021 οὐκ
3028 3966 3124 4022 ἐὰν
3164 3966 3363 4039 χρυσὸν
3390 3968 3488 4039 μὲν
3512 3968 3601 4035 ἐξ-

2038 4054 2154 4109 ίσου
2187 4056 2339 4127 ἰστᾷν
2359 4054 2603 4129 δύνηται,
2632 4054 2888 4127 μόλυϐδον
2915 4055 2973 4109 δὲ
2998 4054 3277 4121 ἐναντίως,
3294 4054 3430 4111 ἀλλὰ
3457 4057 3518 4110 τὸ
3542 4056 3602 4111 ἐν

2034 4144 2276 4207 ἀπάσαις
2305 4142 2458 4207 ὕλαις
2481 4144 2578 4216 τήν
2603 4143 2825 4215 ἰσότητα
2847 4140 3218 4215 παρεχόμενον
3235 4156 3250 4173 °
3278 4143 3374 4198 καὶ
3403 4142 3600 4221 μέτρον

2034 4229 2218 4295 πάλιν,
2246 4229 2309 4283 τὸ
2332 4229 2608 4302 πανταχοῦ
2637 4232 2769 4285 ίσον.
2795 4228 2951 4284 Οὕτω
2969 4231 3064 4283 καὶ
3082 4229 3111 4283 ό
3132 4229 3251 4283 Ἰὼϐ
3278 4230 3483 4297 δίκαιος
3508 4228 3598 4305 ἦν,

2034 4316 2307 4387 πανταχοῦ
2346 4318 2460 4383 ίσος
2488 4317 2581 4373 ὢν.
2608 4316 2744 4373 Οὐδὲ
2770 4318 2877 4388 γὰρ
2906 4318 2965 4371 ἐν
2988 4317 3231 4392 χρήμασι
3252 4316 3349 4390 τήν
3380 4318 3600 4392 ἰσότητα

2033 4405 2236 4477 ταύτην
2279 4406 2541 4477 ἐφύλαττε
2594 4405 2774 4478 μόνον,
2827 4405 2965 4460 ἀλλά
3017 4408 3111 4461 καὶ
3162 4407 3220 4462 ἐν
3267 4410 3378 4472 τοῖς
3422 4407 3599 4474 ἄλλοις

2034 4495 2258 4561 ἅπασιν,
2275 4495 2513 4569 οὐδαμοῦ
2538 4496 2599 4550 τὸ
2633 4496 2830 4567 μέτρον
2850 4496 3211 4568 ὑπερϐαίνων.
3248 4497 3370 4552 Οὐδ’
3392 4496 3458 4551 ἂν
3484 4497 3598 4569 ἔχοι

2031 4601 2114 4649 τις
2142 4586 2335 4647 εἰπεῖν,
2366 4585 2446 4637 ὅτι
2477 4586 2535 4637 ἐν
2562 4585 2805 4656 χρήμασι
2846 4583 2946 4654 μὲν
2975 4584 3072 4655 τήν
3109 4585 3377 4654 ἰσοτιμίαν
3410 4584 3595 4660 ἐστερ-

2032 4689 2147 4740 γεν,
2181 4674 2238 4725 ἐν
2269 4673 2325 4725 δὲ
2354 4676 2419 4743 τῇ
2457 4672 2592 4743 πρὸς
2625 4673 2749 4736 τοὺς
2792 4671 3016 4741 πλησίον
3064 4673 3247 4745 ὁμιλία
3295 4675 3357 4726 τὸ
3400 4673 3596 4746 μέτρον

2032 4761 2409 4833 ὑπερέϐαινεν,
2447 4760 2660 4825 ἀλαζών
2698 4779 2783 4825 τις
2830 4762 2924 4815 καὶ
2957 4761 3316 4833 ὑπεροπτικὸς
3346 4760 3439 4816 ῶν.
3482 4763 3595 4817 Καὶ

2030 4850 2137 4920 γὰρ
2158 4850 2253 4904 καὶ
2282 4848 2439 4903 τοῦτο
2470 4851 2533 4902 ἐκ
2563 4849 2763 4920 πολλῆς
2789 4851 2889 4921 τῆς
2918 4850 3235 4921 ἐπιμελείας
3264 4851 3481 4921 ἔφευγε.
3499 4851 3593 4907 Διό

2030 4939 2123 4992 καὶ
2156 4939 2337 5007 ἔλεγεν
2356 4950 2377 4977 ο
2396 4955 2409 4968 ·
2448 4941 2510 4993 Εἰ
2536 4938 2604 4992 δὲ
2628 4939 2725 4994 καί
2752 4940 3054 5009 ἐφαύλισα
3091 4941 3269 5011 κρίμα
3305 4942 3595 5010 θεράπον-

2029 5026 2130 5091 τός
2163 5043 2282 5093 μου
2323 5025 2360 5093 ἣ
2401 5025 2761 5093 θεραπαίνης
2806 5025 3166 5095 κρινομένων
3201 5031 3349 5096 πρός
3391 5046 3500 5099 με·
3553 5029 3595 5102 ἢ

2028 5116 2140 5181 οὐχ
2176 5113 2256 5176 ὡς
2285 5110 2398 5180 ἐγὼ
2427 5112 2736 5182 ἐγενόμην,
2780 5112 2877 5167 καὶ
2921 5112 3091 5167 αὐτοὶ
3122 5114 3418 5183 ἐγένοντο.
3451 5117 3598 5189 Ἀρα

2028 5200 2123 5253 καὶ
2162 5198 2318 5252 τοῦτο
2377 5199 2556 5253 ἀδικία
2604 5199 2871 5271 μεγίστη,
2924 5201 2985 5254 τὸ
3028 5200 3260 5267 ἀλαζόνα
3307 5199 3444 5258 εἶναι
3499 5204 3597 5259 καὶ

2029 5286 2374 5358 ὑπερήφανον
2388 5285 2439 5340 ἀ.

2098 5376 2162 5447 β’.
2193 5378 2400 5449 ’Ὠσπερ
2444 5378 2553 5452 γάρ
2598 5376 2925 5451 πλεονέκτην
2969 5378 3200 5451 λέγομεν
3240 5379 3331 5435 τὸν
3375 5380 3444 5436 τά
3483 5382 3594 5437 τῶν

2088 5534 2116 5575 1⁵
2138 5535 2260 5595 Reg.
2287 5534 2625 5597 δαπανώμενος

2089 5600 2113 5661 c_
2140 5597 2262 5661 ἓεε,
2277 5596 2334 5661 ἐκ
2357 5596 2627 5661 uallis-ri};
2635 5596 2905 5661 περιουσίας
2916 5596 3174 5661 προεφώνει
3182 5596 3357 5661 λέγων.

2089 5656 2123 5727 d_
2136 5656 2305 5727 Morel.
2332 5656 2558 5727 εις-μνη,
2580 5655 2628 5706 in
2650 5655 2791 5727 ιεἰιιι
2829 5655 3173 5727 πλεονεκτικόν.
3191 5655 3586 5727 linquendi)“

2024 5720 2235 5769 multum
2255 5719 2405 5768 variat
2425 5717 2627 5778 Regius.
2656 5725 2709 5769 ει
2730 5717 2906 5770 erratis
2931 5721 3107 5770 Olenus
3130 5725 3224 5773 est.
