4040 6342
252 5967 271 6063 ξ

356 323 419 380 Η
1045 317 1105 374 S.
1139 314 1421 375 JOANNIS
1452 309 1948 371 CHRYSOSTOMI
1985 310 2307 369 ARCIIIEP.
2344 311 2891 373 CONSTANTINOP.
3527 311 3600 367 ﬂ

359 444 532 501 ἀλλων
559 440 879 515 βουλόμενον
917 438 1123 505 λαϐεῖν,
1163 441 1262 494 καὶ
1287 440 1400 503 τοῖς
1434 435 1654 501 οἰκείοις
1691 436 1791 488 οὐκ
1822 435 1924 507 ἀρ-

360 543 620 622 κούμενον
643 567 656 580 ·
691 546 834 602 οὕτω
866 546 960 601 καὶ
981 545 1297 609 ἀλαζονικὸν
1334 543 1585 614 λέγομεν,
1615 543 1744 595 ὅταν
1767 540 1929 594 πλέον

252 673 256 676 ‘
356 632 564 729 ἀπαιτῇ
607 656 716 709 τῶν
757 653 1119 727 ὀφειλομένων
1151 651 1302 723 αὐτῷ
1331 651 1485 722 παρά
1523 648 1616 702 τοῦ
1666 636 1928 718 πλησίον·

358 761 486 817 δταν
514 779 602 825 τις
630 759 820 815 ἑαυτὸν
855 759 952 831 μέν
987 759 1046 811 ἐν
1073 758 1224 829 πάσῃ
1267 755 1502 826 καθιστᾷ
1528 754 1695 825 τιμῇ,
1746 752 1931 823 ἓτερον

358 868 417 922 δὲ
445 866 707 940 ἀτιμάζῃ.
738 841 910 919 Τοῦτο
939 865 995 919 δὲ
1021 862 1320 935 οὐδαμόθεν
1361 860 1627 933 ἑτέρωθεν
1656 859 1865 929 γίνεται
1895 857 1930 929 ἢ

359 972 420 1038 ἐξ
447 973 679 1037 ἀδικίας.
710 972 834 1027 ’Ότι
865 971 974 1041 7&9
1005 969 1186 1025 ἀδικία
1213 967 1393 1033 τοῦτο,
1433 968 1626 1022 σκόπει
1656 964 1928 1020 ἐντεῦθεν.

358 1079 469 1133 Καὶ
493 1077 554 1131 σέ
581 1080 611 1131 6
641 1076 772 1140 Θεὸς
792 1076 1041 1130 κάκεῖνον
1067 1074 1313 1144 ἐποίησε,
1335 1073 1429 1127 καὶ
1457 1072 1637 1127 πάντα
1671 1086 1753 1124 σοι
1778 1067 1932 1125 κοινά

359 1186 456 1239 καὶ
489 1184 579 1238 ι’σα
602 1182 803 1237 δέδωκε
834 1181 973 1253 πρὸς
997 1179 1317 1243 αὐτόν.Πῶς
1346 1172 1440 1233 οῦν
1463 1175 1932 1239 αὐτὸνέκϐάλλεις

360 1295 455 1345 καί¹
488 1289 810 1361 ἀποστερεῖς
831 1288 928 1359 τῆς
967 1287 1154 1358 τιμῆς,
1184 1282 1363 1357 ἧσπερ
1388 1283 1586 1337 ἔδωκεν
1611 1283 1638 1336 6
1666 1281 1818 1345 Θεὸς,
1838 1281 1933 1334 καὶ

359 1395 461 1450 οὐκ
510 1393 677 1464 ἀφίης
721 1390 861 1448 εἶναι
902 1393 1181 1457 κοινωνὸν,
1223 1389 1358 1444 ἀλλά
1383 1388 1443 1442 τὸ
1475 1388 1583 1441 πᾶν
1615 1385 1707 1440 σὸν
1740 1385 1930 1452 ποιῶν,

359 1501 461 1554 οὐκ
504 1499 561 1554 ἐν
596 1499 842 1570 χρήμασι
871 1496 1052 1567 μόνον,
1087 1480 1224 1550 ἀλλὰ
1255 1494 1349 1548 καὶ
1379 1494 1437 1547 ἐν
1467 1492 1594 1564 δόξῃ
1625 1492 1800 1553 ποιεῖς
1834 1489 1932 1544 αὐ-

359 1605 452 1660 τὸν
487 1604 725 1675 πένητα;
770 1601 915 1658 Μίαν
962 1600 1242 1673 ἑκατέροις
1283 1601 1311 1653 6
1352 1597 1484 1661 Θεὸς
1518 1597 1706 1651 οὐσίαν
1746 1595 1933 1668 ἐχαρί-

363 1724 523 1763 σατο·
559 1710 659 1779 τῆς
686 1708 858 1779 αὐτῆς
886 1705 1086 1777 ἠξίωσε
1131 1703 1452 1778 προεδρίας,
1479 1703 1579 1773 τῆς
1602 1688 1608 1694 ’
1630 1702 1753 1774 ίσης
1796 1700 1933 1754 πλά-

361 1828 519 1879 σεως.
549 1813 624 1867 Τὸ
655 1810 1143 1886 γὰρ,ῑιοιήσωμεν
1163 1807 1683 1880 ἇνθρωπον,κοινὸν
1707 1807 1803 1862 τοῦ
1835 1808 1932 1877 γέ-

361 1918 486 1983 νους
512 1912 730 1983 παντός.
758 1916 886 1981 Πῶς
914 1911 1007 1971 οῦν
1033 1916 1195 1970 αὐτὸν
1233 1915 1334 1987 τῆς
1364 1914 1625 1987 πατρῴας
1650 1913 1933 1978 ἐκϐάλλεις

359 2023 568 2089 οὐσίας,
639 2023 720 2085 είς
768 2021 1000 2093 ἐσχάτην
1064 2020 1334 2075 εὐτέλειαν
1391 2019 1667 2089 κατάγων,
1719 2020 1812 2073 καὶ
1869 2019 1931 2073 τὸ

358 2128 535 2182 κοινὸν
566 2126 1019 2198 ἰδιοποιούμενος;
1060 2126 1198 2181 Ἀλλ’
1225 2127 1323 2197 οὐχ
1352 2128 1380 2180 6
1418 2125 1688 2199 μακάριος
1718 2123 1930 2197 Προφή-

357 2251 459 2306 της
503 2233 741 2298 τοιοῦτος
760 2250 774 2264 ·
800 2233 880 2287 διὸ
910 2232 1003 2287 καὶ
1034 2233 1171 2304 μετὰ
1201 2232 1510 2305 παρρησίας
1537 2231 1721 2301 ἔλεγεν
1741 2246 1755 2260 ⁶
1789 2232 1931 2287 Εἰσ-

357 2342 589 2410 ήκουσε
625 2339 736 2410 τῆς
784 2340 1175 2410 δικαιοσύνης
1202 2358 1344 2411 μου.
1397 2338 1555 2395 Οὕτω
1596 2339 1693 2395 καὶ
1719 2338 1930 2403 Παῦλος

359 2446 597 2520 παράγει
621 2445 878 2510 πολλάκις
905 2445 1097 2500 ἐαυτὸν
1126 2446 1205 2508 είς
1235 2444 1298 2525 τὸ
1329 2443 1513 2515 μέσον,
1541 2443 1643 2497 οὐκ
1663 2443 1926 2517 ἐπαίρων,

358 2552 480 2608 οὐδὲ
507 2551 694 2622 φυσῶν
714 2590 732 2617 ,
775 2550 913 2606 άλλά
933 2554 1046 2614 τοῖς
1073 2544 1253 2615 ἄλλοις
1281 2546 1586 2620 ὑπόδειγμα
1612 2549 1927 2620 γινόμενος;

356 2657 433 2721 ὡς
461 2656 590 2711 ὃταν
632 2656 765 2728 λέγῃ
783 2696 799 2723 ,
830 2656 992 2711 Θέλω
1031 2654 1262 2722 πάντας
1288 2654 1635 2723 ἀνθρώπους
1666 2650 1819 2709 εἶναι
1848 2655 1932 2720 ὠς

358 2762 460 2818 καί
499 2762 760 2832 ἐμαυτὸν
800 2762 873 2816 ἐν
903 2762 1214 2832 ἐγκρατείᾳ
1228 2773 1277 2816 ι.
1317 2761 1473 2816 Οὕτω
1503 2761 1599 2815 καὶ
1623 2761 1652 2813 6
1678 2759 1839 2815 Δαυῒδ
1872 2763 1931 2815 ἐν

359 2865 537 2939 καιρῷ
581 2865 866 2933 καλοῦντι,
896 2865 995 2939 τὴν
1028 2866 1281 2938 ἀνδρείαν
1325 2865 1425 2938 τὴν
1457 2865 1675 2931 ἑαυτοῦ,
1720 2865 1820 2937 τὴν
1864 2865 1930 2920 ἐκ

354 2956 456 3043 τῆς
473 2972 568 3026 τοῦ
597 2972 731 3026 Θεοῦ
752 2970 1045 3044 γινομένην
1073 2970 1246 3042 ῥοπῆς
1275 2972 1355 3034 εἰς
1386 2971 1549 3043 μέσον
1580 2972 1705 3040 ἄγει
1731 2970 1926 3041 λέγων,

356 3076 438 3131 ὅτι
469 3076 564 3133 καὶ
591 3076 825 3148 ἄρκτους
856 3074 1065 3145 έπνιγε,
1095 3076 1191 3130 καὶ
1213 3075 1432 3140 λέοντας
1454 3076 1803 3147 ῆγκαλίζετο,
1830 3077 1933 3131 οὐκ

356 3160 597 3251 ἐπαίρων
626 3180 818 3235 ἐαυτὸν
844 3180 967 3234 οὐδὲ
994 3173 1172 3246 οὗτος,
1206 3180 1282 3252 μὴ
1307 3179 1542 3249 γένοιτο,
1576 3179 1691 3234 ἀλλ’
1723 3181 1932 3235 οίκονο⁶

359 3284 477 3356 μῶν
500 3285 679 3357 ἐαυτῷ
699 3285 948 3341 ἐντεῦθεν
975 3286 1040 3340 τὸ
1074 3286 1407 3354 ἀξιόπιστον.

423 3390 535 3443 Καὶ
574 3392 624 3443 εἰ
649 3390 757 3462 έχω
783 3392 1154 3463 δικαιοσύνην,
1187 3394 1374 3463 φησιν,
1410 3394 1543 3457 ἴσως
1575 3394 1694 3466 ἐρεῖ
1715 3411 1819 3462 τις,
1844 3395 1932 3461 τίς

356 3494 516 3566 χρεία
530 3495 715 3566 εὐχῆς,
729 3494 1023 3568 ἀρκοῦντος
1034 3496 1126 3551 τοῦ
1145 3498 1468 3570 πράγματος
1482 3498 1562 3572 [8]
1575 3500 1789 3556 ἃπαντα
1808 3520 1930 3559 κατ-

352 3599 567 3673 ορθοῦν,
586 3601 792 3683 καὶτοῦ
820 3601 1100 3674 μέλλοντος
1127 3602 1326 3658 διδόναι
1347 3605 1545 3671 είδότος
1566 3599 1642 3661 ὧν
1663 3608 1926 3681 δεόμεθα;

355 3708 480 3761 Ὀτι
514 3706 575 3760 οὐ
613 3706 807 3777 μικρὸς
841 3689 1133 3779 σύνδεσμος
1167 3708 1265 3779 τῆς
1301 3709 1440 3782 πρὸς
1472 3711 1605 3765 Θεὸν
1633 3713 1855 3786 ἀγάπης
1891 3717 1931 3787 ἠ

353 3808 523 3881 εὐχὴ,
572 3811 860 3881 συνήθειαν
905 3812 1039 3882 ἡμῖν
1089 3812 1395 3883 ἐμποιοῦσα
1434 3815 1533 3886 τῆς
1582 3817 1719 3888 πρὸς
1764 3818 1928 3874 αὐτὸν

351 3914 584 3985 ὁμιλίας,
604 3916 700 3970 καὶ
727 3917 809 3981 εἰς
835 3917 1402 3989 φιλοσοφίαν·’ἀγουσα.
1418 3921 1494 3976 Εἰ
1514 3921 1624 3994 7&9
1653 3924 1926 3998 ἀνθρώπῳ

349 4037 435 4087 τις
458 4023 845 4094 συγγινόμενος
869 4023 1190 4101 θαυμαστῷ,
1207 4015 1375 4083 πολλὰ
1403 4029 1714 4100 καρποῦται
1736 4033 1801 4087 ἐκ
1821 4033 1924 4101 τῆς

353 4127 675 4197 συνουσίας,
705 4128 884 4201 πολλῷ
908 4122 1127 4215 μᾶλλον
1171 4134 1200 4186 6
1247 4132 1367 4219 Θεῷ
1393 4134 1653 4206 διηνεκῶς
1696 4139 1922 4209 ὁμιλῶν.

363 4230 501 4286 Ἀλλ’
535 4234 636 4288 οὐκ
662 4232 818 4304 ῐσμεν
843 4237 942 4307 τῆς
970 4238 1134 4310 εὐχῆς
1163 4238 1226 4292 τὸ
1258 4240 1444 4313 κέρδος
1475 4242 1550 4307 ὡς
1575 4244 1702 4315 χρὴ,
1727 4246 1918 4319 ἐπειδὴ

352 4337 489 4409 μηδὲ
519 4338 858 4410 προσέχομεν
901 4342 1038 4413 αὐτῇ
1073 4343 1210 4413 μετά
1250 4344 1553 4416 ἀκριϐείας,
1597 4349 1733 4420 μηδὲ
1775 4350 1922 4423 χρώ-

351 4442 490 4512 μεθα
526 4444 671 4497 κατὰ
713 4446 841 4510 τοὺς
876 4447 970 4500 τοῦ
1008 4448 1144 4502 Θεοῦ
1187 4450 1404 4521 νόμους.
1446 4453 1585 4506 Ἀλλ’
1613 4454 1921 4526 ἀνθρώποις

349 4549 453 4621 μὲν
483 4550 767 4619 μέλλοντες
808 4553 1149 4622 διαλέγεσθαί
1175 4574 1285 4610 τισι
1310 4558 1420 4613 τῶν
1455 4560 1596 4632 ὑπὲρ
1622 4563 1788 4633 ἡμᾶς,
1825 4565 1920 4619 καὶ

346 4655 555 4727 σχῆμα,
583 4656 679 4711 καὶ
707 4656 940 4729 βάδισμα
959 4701 973 4724 ,
1001 4661 1097 4714 καὶ
1131 4662 1351 4734 στολὴν,
1382 4665 1478 4718 καὶ
1516 4667 1690 4721 πάντα
1722 4668 1919 4741 ῥυθμί-

346 4778 536 4827 σαντες
557 4765 637 4828 είς
660 4763 721 4818 τὸ
746 4765 887 4830 δέον,
922 4766 1067 4822 οὕτω
1089 4767 1451 4841 διαλεγόμεθα
1470 4785 1485 4799 ·
1523 4772 1641 4844 Θεῷ
1667 4773 1725 4828 δὲ
1751 4793 1919 4847 προσ-

347 4868 517 4932 ιόντες
568 4870 930 4943 χασμώμεθα,
957 4872 1243 4944 κνώμεθα,
1274 4877 1773 4949 περιστρεφόμεθα.
1819 4883 1918 4952 ρᾳ-

344 4973 655 5046 θυμοῦμεν·
702 4976 811 5031 τῶν
848 4978 1091 5047 γονάτων
1135 4981 1312 5052 χαμαὶ
1347 4983 1634 5053 κειμένων,
1685 4987 1778 5038 ἐπὶ
1816 4987 1917 5059 τῆς

339 5080 545 5151 ἀγορᾶς
593 5079 939 5152 πλανώμεθα.
994 5084 1058 5137 El
1103 5083 1159 5137 δὲ
1203 5078 1343 5155 μετά
1385 5087 1487 5156 τῆς
1533 5090 1916 5162 προσηκούσης

338 5184 641 5253 εὐλαϐείας,
672 5187 769 5241 καὶ
794 5187 869 5252 ὡς
896 5188 1016 5261 Θεῷ
1043 5188 1381 5261 διαλέξεσθαι
1428 5192 1737 5264 μέλλοντες,
1769 5195 1913 5251 οὕτω

339 5294 690 5366 προοῄειμεν,
735 5295 854 5349 τότε
894 5296 963 5349 ἂν
1000 5295 1268 5367 ἔγνωμεν,
1302 5300 1397 5352 καὶ
1433 5300 1540 5371 πρὸ
1585 5301 1679 5357 τοῦ
1726 5303 1911 5360 λαϐεῖν

339 5396 484 5467 ἆπερ
511 5396 769 5469 ᾐτοῦμεν,
819 5400 1007 5471 ἡλίκον
1039 5401 1228 5473 κέρδος
1260 5404 1640 5476 καρπούμεθα.
1668 5409 1912 5482 Ἀνθρωοσ

339 5517 439 5566 πος
467 5504 573 5575 7&9
601 5504 720 5576 Θεῷ
764 5507 1073 5572 παιδευθεὶς
1110 5507 1485 5576 διαλέγεσθαι,
1536 5513 1611 5579 ὡς
1639 5516 1784 5580 εἰκὸς
1817 5517 1907 5574 τὸν

400 5689 426 5718 ⁸
444 5688 537 5758 [ιν
560 5695 804 5762 ἐγκρατείᾳ
830 5696 973 5747 deest
994 5698 1044 5747 in
1067 5696 1278 5748 Colberl.

2033 432 2113 504 τῷ
2138 432 2259 505 Θεῷ
2293 433 2698 504 διαλεγόμενον,
2740 431 2973 501 ἄγγελος
2996 428 3148 485 ἔσται
3174 428 3391 484 λοιπόν·
3426 426 3597 490 οὕτως

2029 539 2326 593 ἀπολύεται
2353 539 2462 593 τῶν
2494 539 2708 606 δεσμῶν
2753 541 2847 593 τοῦ
2890 535 3140 607 σώματος
3169 534 3204 606 ἠ
3229 532 3406 604 ψυχή·
3457 531 3602 585 οὕτω

2031 646 2320 719 μετάρσιος
2351 645 2499 717 αὐτῷ
2530 646 2740 716 γίνεται
2788 647 2819 699 6
2863 642 3150 714 λογισμός·
3179 639 3322 695 οὕτω
3356 637 3600 711 μετοικί-

2029 754 2182 821 ζεται
2210 755 2345 825 πρὸς
2380 754 2472 809 τὸν
2499 753 2724 825 οὐρανόν
2743 769 2757 783 ο
2788 750 2963 814 οὕτως
3010 748 3254 820 ὑπερορᾷ
3278 744 3388 801 τῶν
3414 744 3600 817 βιωτι-

2028 858 2141 914 κῶν
2159 877 2174 892 ·
2203 856 2344 920 οὕτω
2369 860 2499 930 παρ’
2528 856 2688 911 αὐτὸν
2713 856 2926 910 ἵσταται
2950 850 3046 908 τὸν
3074 852 3262 922 θρόνον
3296 849 3596 923 βασιλικὸν,

2029 965 2134 1020 κᾶν
2172 964 2345 1036 πένης
2385 960 2460 1039 ᾗ,
2493 961 2598 1017 κᾶν
2635 961 2852 1033 οἰκέτης
2873 1002 2888 1026 ,
2919 960 3023 1014 κᾶν
3056 957 3289 1031 ἰδιώτης,
3326 956 3430 1012 κᾶν
3461 957 3607 1027 ἀμα-

2029 1070 2149 1142 θής.
2177 1071 2252 1124 Οὐ
2278 1069 2389 1140 7&9
2421 1067 2666 1139 γλώττης
2697 1067 2851 1139 ζητεῖ
2890 1064 3084 1128 κάλλος
3108 1066 3136 1118 6
3161 1062 3316 1131 Θεὸς,
3349 1061 3470 1116 οὐδὲ
3501 1062 3603 1134 ρη-

2032 1179 2219 1249 μάτων
2270 1177 2565 1250 συνθήκην,
2623 1176 2759 1232 ἀλλὰ
2803 1174 2982 1247 ψυχῆς
3031 1173 3212 1245 ὥραν·
3265 1170 3368 1227 κᾶν
3419 1170 3606 1240 ἐκείνη

2030 1285 2333 1358 φθέγγηται
2357 1285 2427 1341 τὰ
2469 1284 2617 1358 αὐτῷ
2635 1285 2910 1351 δοκοῦντα,
2932 1283 2995 1338 τὸ
3014 1285 3123 1337 πᾶν
3138 1280 3343 1345 ἀνύσας
3365 1280 3601 1336 ἄπεισιν.

2040 1393 2200 1465 Ὁρᾷς
2228 1372 2378 1463 πόση
2412 1390 2667 1467 εὐκολίας
2708 1391 2832 1445 Ἐπὶ
2882 1388 2981 1462 μὲν
3013 1387 3123 1459 7&9
3152 1387 3261 1441 τῶν
3302 1385 3606 1459 ἀνθρώπων

2026 1496 2120 1550 τὸν
2169 1495 2464 1570 προσιόντα
2514 1494 2621 1550 τινὶ
2662 1494 2755 1549 καὶ⁵
2806 1492 3094 1567 ῥητορικὸν
3131 1487 3272 1546 εῖναι
3318 1489 3424 1563 χρὴ
3444 1530 3461 1555 ,
3510 1490 3607 1544 καὶ

2029 1601 2357 1657 κολακεῦσαι
2390 1601 2517 1666 τούς
2561 1592 2703 1672 περὶ
2730 1599 2839 1675 τὸν.
2865 1599 3103 1672 ἄρχοντα
3143 1597 3349 1662 πάντας
3402 1595 3604 1661 ἱκανὸν,

2028 1707 2125 1761 καὶ
2164 1705 2339 1762 πολλά
2379 1707 2543 1778 ἕτερα
2581 1705 2885 1776 ἐπινοῆσαι,
2919 1704 3061 1759 ὥστε
3089 1700 3345 1773 γενέσθαι
3367 1700 3609 1772 εὐπαρά-

2026 1812 2236 1866 δεκτον.
2287 1809 2552 1866 Ἐνταῦθα
2589 1809 2648 1863 δὲ
2689 1809 2903 1873 οὐδενὸς
2950 1809 3152 1875 δεῖται,
3192 1806 3332 1863 άλλά
3379 1806 3606 1878 γνώμης

2031 1919 2199 1991 μόνης
2221 1918 2533 1992 νηφούσης,
2566 1918 2660 1973 καὶ
2696 1917 2851 1971 οὐδὲν
2893 1916 2956 1972 τὸ
2997 1915 3204 1970 κωλύον
3250 1909 3393 1970 εἶναι
3440 1913 3608 1984 ἐγγὺ,

2026 2025 2120 2079 τοῦ
2142 2024 2297 2079 Θεοῦ.
2334 2022 2479 2091 Θεὸς
2511 2023 2623 2094 γὰρ
2650 2021 2893 2093 έτγίζων
2913 2020 3028 2092 ἐγώ
3057 2022 3195 2092 εὶμι,
3227 2020 3327 2075 καί
3359 2022 3433 2076 οὐ
3458 2019 3608 2087 Θεὸς

2027 2131 2351 2200 πόρῤωθεν.
2375 2128 2539 2182 Ὥστε
2562 2128 2624 2181 τὸ
2654 2126 2871 2200 μακρὰν
2897 2124 3175 2196 γενέσθαι,
3203 2124 3297 2195 ἀφ’
3334 2122 3492 2196 ἡμῶν
3519 2123 3608 2193 γί-

2026 2253 2207 2291 νεται·
2238 2236 2401 2300 αὐτὸς
2433 2235 2542 2308 7&9
2573 2236 2660 2290 ἀεὶ
2685 2234 2914 2306 πλησίον
2944 2233 3081 2288 ἐστί.
3122 2232 3234 2288 Καὶ
3270 2233 3325 2287 τί
3355 2232 3499 2300 λέγω
3522 2232 3610 2287 ὅτε

2027 2342 2315 2414 ῥητορείας
2364 2343 2424 2396 οὐ
2472 2341 2737 2413 δεόμεθα;
2780 2339 3053 2419 Πολλάκις
3092 2338 3215 2393 οὐδὲ
3266 2338 3450 2410 φωνῆς
3492 2337 3608 2392 δεό-

2029 2446 2188 2518 μεθα.
2219 2447 2340 2502 Κᾶν
2377 2448 2486 2519 7&9
2514 2449 2573 2502 ἐν
2604 2450 2673 2520 τῇ
2701 2446 2896 2519 καρδίᾳ
2933 2445 3141 2520 φθέγξῃ
3164 2484 3180 2512 ,
3228 2448 3323 2501 καὶ⁵
3369 2434 3605 2519 καλέσῃς

2026 2553 2194 2608 αὐτὸν
2215 2553 2292 2617 ὡς
2319 2554 2448 2626 χρὴ,
2483 2552 2682 2625 ῥαδίως
2708 2551 2984 2607 ἐπινεύσει
3015 2552 3112 2606 καὶ
3137 2551 3285 2607 τότε.
3333 2551 3490 2606 Οὕτω
3510 2550 3607 2605 καὶ

2025 2657 2305 2721 Μωῦσέως
2329 2658 2600 2728 ἤκουσεν·
2634 2656 2779 2711 οὕτω
2803 2657 2899 2712 καὶ
2926 2658 3145 2728 ’Δννης.
3179 2656 3256 2710 Οὐ
3288 2656 3605 2727 παρέστηκε

2027 2761 2368 2835 στρατιώτης
2394 2761 2678 2818 ἀποσοϐῶν
2698 2801 2714 2829 ,
2744 2763 2805 2816 οὐ
2836 2762 3131 2835 δορυφόρος
3152 2761 3244 2816 τὸν
3272 2762 3464 2831 καιρὸν
3486 2761 3605 2815 δια-

2028 2867 2273 2925 κόπτων·
2329 2870 2431 2924 οὐκ
2476 2868 2625 2923 ἐστιν
2661 2867 2853 2935 είπὼν,
2872 2869 2985 2924 Νῦν
3045 2869 3106 2924 οὐ
3154 2868 3378 2923 δυνατὸν
3429 2883 3601 2940 προσ-

2027 2976 2222 3042 ελθεῖν,
2273 2976 2414 3049 μετά
2457 2976 2632 3033 ταῦτα
2666 2977 2976 3052 παραγενοῦ
2994 2992 3009 3008 ·
3050 2976 3168 3033 ἀλλ’
3230 2979 3361 3033 ὅταν
3409 2976 3601 3052 ἔλθῃς,

2026 3079 2256 3154 ἕστηκεν
2278 3080 2515 3147 ἁκούων,
2534 3080 2635 3137 κᾶν
2663 3084 2721 3137 ἐν
2742 3082 2920 3154 καιρῷ
2941 3083 3186 3155 ἀρίστου,
3212 3082 3315 3138 κᾶν
3344 3083 3404 3137 ἐν
3424 3081 3603 3154 καιρῷ

2025 3183 2266 3252 δείπνου,
2296 3185 2402 3241 κᾶν
2425 3187 2485 3241 ἐν
2510 3186 2647 3258 αὐτῇ
2690 3190 2760 3260 τῇ
2798 3187 3000 3261 ἀωρίᾳ,
3048 3187 3154 3242 κᾶν
3180 3187 3239 3240 ἐν
3264 3188 3462 3259 ἀγορᾷ,
3497 3185 3604 3240 κᾶν

2026 3290 2085 3342 ἐν
2105 3288 2234 3360 ὁδῷ,
2255 3289 2357 3344 κᾶν
2384 3290 2444 3344 ἐν
2475 3289 2723 3362 θαλάμῳ,
2755 3289 2857 3345 κᾶν
2879 3289 3028 3345 ἔνδον
3054 3291 3113 3344 ἐν
3139 3290 3481 3362 δικαστηρίῳ
3510 3289 3603 3361 ἀρ-

2026 3412 2172 3466 χοντι
2212 3398 2498 3468 παραστῇς
2517 3437 2532 3459 ,
2573 3397 2669 3449 καὶ
2700 3396 2936 3470 καλέσῃς
2967 3395 3130 3449 αὐτὸν
3147 3437 3162 3462 ,
3191 3396 3252 3448 τὸ
3279 3396 3486 3450 κωλύον
3510 3397 3604 3450 οὐ-

2023 3499 2113 3553 δέν
2139 3500 2418 3556 ἐπινεῦσαι
2452 3501 2520 3573 τῇ
2549 3501 2765 3572 αίτήσει
2797 3541 2812 3565 ,
2843 3499 2910 3556 ἀν
2941 3501 3016 3565 ὡς
3049 3502 3155 3573 χρὴ
3188 3500 3445 3575 καλέσῃς.
3487 3503 3603 3556 Οὐκ

2025 3604 2171 3659 ἔστιν
2219 3606 2393 3659 είπεῖν
2460 3606 2681 3661 Δέδοικα
2725 3606 3062 3678 προσελθεῖν,
3100 3607 3193 3661 καὶ
3242 3607 3533 3679 δεηθῆναι·
3570 3610 3602 3662 6

2026 3710 2216 3782 ἐχθρός
2242 3727 2342 3782 μου
2370 3711 2715 3784 παρέστηκεν
2732 3724 2748 3742 ·
2781 3710 2917 3765 ἀλλὰ
2940 3711 3035 3765 καὶ
3055 3711 3214 3766 τοῦτο
3241 3714 3515 3785 ἀνῄρηται
3539 3712 3601 3767 τὸ

2025 3813 2250 3886 κώλυμα
2268 3831 2282 3845 ·
2313 3813 2436 3869 οὕτε
2465 3814 2574 3887 7&9
2599 3814 2778 3888 ἐχθρῷ
2799 3814 2878 3889 [9]
2895 3817 3173 3889 προσέχει,
3201 3819 3294 3872 καὶ
3316 3816 3601 3872 διακόπτει

2025 3935 2119 3972 σου
2145 3920 2245 3990 τὴν
2276 3920 2491 3992 αῐτησιν
2508 3937 2521 3950 ·
2577 3920 2694 3974 ἀλλ’
2721 3922 2809 3976 ἀεὶ
2837 3922 2933 3977 καὶ
2958 3922 3222 3994 διηνεκῶς
3250 3924 3599 3994 ἐντυγχάνειν

2021 4023 2264 4090 δύνασαι,
2306 4024 2403 4079 καὶ
2432 4025 2689 4080 δυσκολία
2712 4025 2935 4097 οὐδεμία
2964 4026 3252 4098 πρόσεστιν
3271 4044 3288 4059 ·
3324 4026 3449 4083 οὕτε
3486 4027 3598 4098 7&9

2020 4130 2177 4201 χρεία
2244 4130 2356 4185 τῶν
2407 4133 2867 4203 προσαγαγόντων
2929 4131 3212 4204 θυρωρῶνι
3270 4135 3592 4206 οἰκονόμων,

2020 4235 2356 4308 ἐπιτρόπων,
2392 4237 2734 4320 φυλάκων,ἢ
2775 4238 2965 4307 φίλων,
3005 4237 3119 4291 ἀλλ’
3163 4238 3293 4292 ὅταν
3332 4240 3495 4304 αὐτὸς
3527 4240 3595 4294 δι’

2017 4342 2211 4397 ἑαυτοῦ
2244 4328 2568 4418 προσέλθῃς,
2585 4343 2706 4398 τότε
2729 4343 2964 4416 μάλιστα
2990 4343 3279 4398 ἀκούσεταί
3308 4362 3426 4412 σου,
3444 4344 3592 4413 τότε,

2017 4451 2145 4504 ὅταν
2183 4451 2408 4522 μηδενὸς
2437 4451 2653 4524 δεηθῇς.
3016 4426 3019 4427 ν

2087 4564 2157 4624 γ’.
2189 4557 2302 4628 Οὐχ
2347 4555 2519 4621 οὕτως
2556 4552 2646 4611 οὖν
2686 4557 2846 4611 αὐτὸν
2886 4555 3239 4626 δυσωποῦμεν
3277 4556 3346 4610 δι’
3386 4557 3593 4629 ἐτέρων

2015 4659 2312 4728 ἀξιοῦντες,
2339 4661 2416 4725 ὡς
2443 4661 2509 4715 δι’
2529 4660 2686 4733 ἡμῶν
2717 4660 2915 4715 αὐτῶν.
2947 4660 3163 4732 Ἐπειδὴ
3195 4660 3306 4733 7&9
3331 4662 3430 4733 τῆς
3453 4663 3592 4733 ἡμεο

2014 4763 2175 4834 τέρας
2202 4765 2304 4835 ἐρᾷ
2332 4762 2536 4832 φιλίας,
2563 4762 2657 4818 καὶ
2688 4764 2863 4818 πάντα
2894 4767 3055 4827 ποιεῖ,
3084 4761 3225 4816 ὥστε
3262 4765 3414 4834 ἡμᾶς
3437 4764 3589 4835 αὐτῷ

2015 4868 2244 4941 θαρρεῖν
2264 4884 2279 4898 ·
2318 4868 2451 4921 ὅταν
2480 4867 2563 4940 ἴδῃ
2587 4866 2657 4920 δι’
2687 4866 2896 4920 ἑαυτῶν
2920 4864 3080 4919 τοῦτο
3114 4865 3436 4934 ποιοῦντας,
3466 4869 3589 4922 τότε

2017 4971 2251 5041 μάλιστα
2300 4970 2558 5024 ἐπινεύει.
2608 4969 2763 5023 Οὕτω
2826 4968 2919 5022 καὶ
2972 4968 3066 5021 ἐπὶ
3118 4969 3219 5039 τῆς
3273 4971 3588 5036 Χαναναίας

2012 5073 2235 5143 ἐποίησε
2256 5089 2272 5103 ·
2337 5073 2433 5126 καὶ
2481 5073 2688 5145 Πέτρου
2738 5072 2835 5143 μὲν
2898 5073 2992 5126 καὶ
3034 5072 3290 5127 Ἰακώϐου
3331 5062 3588 5146 προσιόν-

2011 5195 2121 5232 των
2169 5179 2308 5250 ὑπὲρ
2355 5178 2563 5249 αὐτῆς,
2614 5176 2713 5231 οὐκ
2759 5177 3081 5232 ἐπένευσεν·
3117 5180 3481 5253 ἐπιμενούσης
3526 5181 3586 5237 δέ

2007 5282 2236 5354 ταύτης,
2263 5282 2324 5335 τὸ
2366 5282 2589 5351 αἰτηθὲν
2620 5281 2829 5352 ταχέως
2880 5281 3099 5338 ἐδωκεν.
3128 5284 3194 5337 Εἰ
3222 5283 3333 5357 7&9
3366 5287 3462 5339 καὶ
3495 5304 3587 5358 μι.

2014 5389 2146 5460 κρὸν
2178 5387 2354 5453 ἔδοξεν
2385 5386 2799 5453 ἀναϐάλλεσθαι,
2826 5387 2924 5456 οὐχ
2951 5388 3037 5442 ἵνα
3065 5389 3368 5462 ὑπερθῆται
3394 5392 3457 5447 τὸ
3484 5394 3584 5461 γύ-

2008 5510 2178 5558 ναιον,
2227 5491 2346 5547 ἀλλ’
2393 5492 2479 5544 ἵνα
2529 5491 2788 5562 μειζόνως
2835 5493 3185 5567 στεφανώσῃ,
3234 5497 3331 5551 καὶ
3379 5497 3586 5567 μᾶλλον

2006 5601 2176 5666 αὐτῆς
2204 5598 2556 5670 οἰκειώσηται
2587 5599 2684 5672 τὴν
2723 5600 3068 5672 προσεδρίαν,
3092 5601 3259 5656 τοῦτο
3282 5606 3577 5677 πεποίηκε.

2012 5706 2411 5779 Μελετήσωμεν
2436 5706 2614 5761 τοίνυν
2664 5708 2755 5762 καὶ
2821 5710 2981 5780 ἡμεῖς
3028 5709 3379 5780 ἐντυγχάνειν
3422 5711 3574 5786 Θεῷ·
