4074 6356
341 305 396 360 ti
1563 301 1926 364 axrosmo
1960 303 2030 361 IN
2059 305 2379 369 PSALMUM
2416 313 2504 371 iv.
3549 335 3623 397 η

339 418 521 473 vultin
552 433 637 486 ea,
669 434 790 490 qua:
819 426 945 474 sunt
988 421 1234 488 aliorum,
1262 420 1534 489 invadere,
1554 414 1560 421 ’
1579 438 1679 478 nec
1704 421 1820 478 suis
1844 431 1928 477 est

337 518 624 564 contentus
648 528 662 565 :
687 511 761 566 ita
782 511 940 566 etiam
961 512 1246 582 superbum
1267 523 1322 568 et
1339 523 1696 584 arrogantem,
1713 515 1928 585 quando

340 602 461 670 plus
517 602 684 673 exigit
727 619 884 673 quam
952 603 1095 674 quod
1134 604 1236 659 sibi
1286 604 1509 660 debetur
1556 621 1588 660 a
1639 607 1926 676 proximo;

339 691 556 762 quando
585 693 705 762 quis
724 694 959 764 seipsum
987 694 1202 764 quidem
1233 695 1287 750 in
1331 697 1477 752 omni
1528 695 1733 752 honore
1760 699 1930 754 col'lo-

335 796 449 850 cat,
503 783 671 839 alium
717 800 846 840 vero
893 784 1054 842 habet
1092 787 1390 858 despectui.
1439 789 1552 845 Hoc
1591 799 1769 846 autem
1817 806 1928 847 non

335 875 558 931 aliunde
599 876 793 944 oritur,
849 892 1010 948 quam
1039 894 1105 934 ex
1135 877 1414 949 iniustitia.
1454 880 1608 948 Quod
1634 881 1777 937 enim
1825 881 1956 939 hoc»

336 967 410 1022 sit
432 966 709 1036 iniustitia,
755 983 822 1023 ex
866 968 970 1024 hoc
999 968 1302 1026 considera.
1332 970 1402 1026 Et
1443 980 1498 1028 te
1542 980 1598 1028 et
1625 972 1774 1028 illum
1802 972 1930 1030 fecit

337 1057 500 1124 Deus,
521 1066 578 1113 et
603 1058 696 1113 tibi
718 1059 897 1114 omnia
927 1059 1074 1114 dedit
1099 1076 1222 1116 cum
1272 1061 1366 1116 illo
1407 1063 1712 1118 communia
1755 1073 1812 1120 et
1859 1079 1929 1120 ex

335 1163 511 1218 aequo.
539 1148 821 1216 Quomodo
844 1165 971 1220 ergo
999 1165 1120 1206 eum
1149 1153 1402 1222 expellis,
1427 1164 1484 1210 et
1506 1155 1704 1224 spolias
1725 1155 1930 1213 honore

334 1257 499 1311 quem
527 1242 672 1297 Deus
696 1241 864 1310 dedit,
895 1253 950 1298 et
971 1243 1038 1299 ad
1080 1245 1392 1302 societatem
1419 1262 1527 1302 non
1552 1249 1807 1315 admittis,
1833 1249 1928 1304 sed

335 1333 516 1387 omnia
544 1333 636 1388 tibi
668 1332 877 1400 tribuis,
895 1343 948 1388 et
972 1350 1078 1389 non
1089 1335 1268 1390 solum
1295 1336 1352 1391 in
1379 1336 1622 1406 pecunia,
1645 1337 1740 1393 sed
1765 1339 1926 1394 etiam

336 1424 394 1478 in
441 1423 645 1478 honore
705 1441 829 1478 eum
879 1424 1010 1481 facis
1035 1429 1368 1497 pauperem?
1407 1428 1547 1484 Deus
1577 1429 1718 1485 dedit
1765 1445 1926 1486 unam

337 1517 548 1585 utrique
576 1518 864 1572 essentiam
914 1537 928 1572 :
970 1520 1162 1589 azquali
1204 1520 1522 1590 principatu,
1564 1523 1754 1592 aequali
1779 1538 1928 1579 crea-

337 1609 498 1663 tionis
523 1608 724 1664 honore
749 1610 995 1680 dignatus
1023 1621 1123 1666 est.
1179 1611 1310 1667 Illud
1340 1613 1481 1668 enim
1533 1613 1808 1670 Faciamus
1835 1616 1929 1670 Ito-

337 1700 524 1752 minem
557 1697 710 1768 (Gen.
742 1700 795 1754 1.
827 1699 946 1772 26),
992 1711 1074 1755 est
1092 1716 1378 1758 commune
1417 1704 1666 1759 universo
1719 1707 1921 1776 generi.

335 1791 618 1859 Quomodo
651 1808 778 1863 ergo
825 1809 946 1848 eum
988 1795 1238 1850 exturbas
1267 1812 1298 1851 a
1345 1797 1499 1853 bonis
1545 1801 1812 1868 paternis,
1858 1801 1927 1856 ad

336 1896 604 1937 summam
633 1884 984 1940 humilitatem
1002 1885 1269 1957 redigens,
1293 1898 1348 1944 et
1366 1890 1505 1959 quod
1523 1900 1603 1946 est
1621 1906 1924 1958 commune,

336 1984 604 2043 tamquam
637 1974 731 2029 tibi
761 1975 1033 2046 proprium
1063 1977 1376 2034 vindicans?
1402 1979 1509 2036 Sed
1537 1982 1656 2036 talis
1677 1999 1781 2037 non
1811 1992 1928 2040 erat

333 2065 524 2120 beatus
554 2067 836 2138 propheta,
878 2076 934 2124 et
955 2069 1074 2125 ideo
1103 2069 1357 2126 audacter
1386 2086 1441 2127 et
1464 2073 1634 2128 libere
1672 2075 1880 2131 dicebat
1907 2093 1921 2129 :

335 2160 614 2214 Exaudivit
661 2163 916 2232 justitiam
958 2180 1122 2218 meam
1175 2164 1250 2220 Ita
1280 2167 1442 2220 eliam
1468 2166 1663 2222 Paulus
1689 2168 1924 2238 seipsum

333 2267 477 2322 saepe
509 2251 728 2310 adducit
752 2253 807 2308 in
838 2254 1093 2320 medium,
1129 2271 1233 2312 non
1261 2273 1321 2312 se
1363 2255 1592 2312 efferens
1635 2275 1733 2314 nec
1785 2260 1924 2314 intu-

332 2360 600 2412 mescens,
632 2345 726 2400 sed
746 2361 805 2402 se
829 2347 948 2402 aliis
974 2351 1251 2420 exemplar
1269 2365 1607 2420 proponens;
1636 2360 1693 2406 ut
1712 2353 1926 2423 quando

330 2436 497 2492 dicit:
539 2436 668 2492 Volo
716 2455 889 2493 omnes
917 2440 1147 2496 homines
1196 2458 1302 2496 esse
1351 2443 1480 2496 sicut
1511 2453 1560 2496 et
1589 2444 1834 2513 mcipsum
1870 2446 1925 2499 in

329 2531 640 2586 continentia
663 2533 679 2562 ¹
710 2531 786 2604 (1.
813 2531 932 2588 Cor.
965 2534 1018 2587 7.
1052 2532 1130 2607 7).
1149 2535 1224 2589 Ita
1254 2535 1412 2589 etiam
1463 2536 1650 2602 David,
1681 2547 1924 2608 tempore

331 2626 404 2680 ita
434 2625 758 2695 postulante,
781 2625 1142 2682 fortitudinem
1171 2642 1320 2682 suam
1337 2643 1456 2698 qua:
1472 2629 1521 2684 ei
1545 2628 1796 2684 divinitus
1824 2630 1925 2685 oh-

333 2718 543 2788 tigerat,
575 2719 631 2772 in
663 2718 898 2774 medium
927 2719 1162 2788 adducit,
1206 2719 1390 2776 dicens
1409 2737 1470 2777 se
1495 2732 1552 2778 et
1571 2737 1723 2777 ursos
1752 2723 1924 2778 suffo-

332 2810 505 2879 casse,
553 2823 609 2867 et
641 2812 824 2868 leones
848 2813 1229 2884 strangulasse,
1283 2828 1391 2868 non
1431 2815 1666 2884 seipsum
1707 2815 1923 2885 quidem

331 2903 408 2958 sic
431 2903 723 2967 extollens,
742 2904 881 2959 absit
914 2905 989 2976 (1.
1021 2905 1153 2976 Reg.
1177 2906 1264 2960 17.
1298 2907 1384 2961 54.
1416 2921 1528 2975 sqq.
1563 2922 1577 2958 :
1609 2905 1705 2962 sed
1755 2921 1817 2962 ea
1844 2921 1923 2961 ra-

338 2992 482 3049 tione
534 3009 828 3064 procurans
856 3005 911 3051 ut
937 2995 1037 3052 sibi
1068 2995 1199 3052 fides
1224 2996 1531 3054 haberetur.

402 3085 631 3141 Fructus
681 3088 965 3156 orationis;
991 3105 1146 3159 quam
1192 3089 1463 3145 exorabilis
1505 3088 1664 3146 Deus.
1681 3120 1755 3132 —
1772 3089 1841 3146 Et
1875 3091 1922 3147 si

330 3178 800 3249 habeojustitiam,
819 3179 963 3235 dicet
988 3179 1212 3236 fortasse
1236 3181 1518 3253 quispiam,
1543 3183 1667 3253 quid
1687 3198 1821 3254 opus
1841 3191 1926 3239 est

329 3276 593 3340 oratione,
618 3288 738 3328 cum
759 3284 813 3329 et
835 3274 1048 3343 resipsa
1067 3274 1133 3330 ad
1158 3275 1336 3330 omnia
1363 3285 1506 3331 recte
1525 3275 1754 3345 gerenda
1774 3275 1925 3332 suffi-

331 3367 438 3420 ciat
455 3405 472 3430 ,
498 3373 556 3420 et
579 3365 677 3435 qui
691 3365 914 3421 daturus
939 3376 1042 3432 est,
1076 3367 1212 3422 sciat
1229 3367 1550 3437 quibusnam
1589 3381 1727 3438 opus
1753 3366 1920 3424 habe-

328 3459 486 3514 mus?
522 3459 787 3526 Quoniam
811 3461 986 3518 oratio
1011 3476 1118 3517 non
1140 3471 1224 3518 est
1249 3477 1471 3533 parvum
1491 3463 1760 3519 vinculum
1785 3465 1922 3521 dile-

330 3554 527 3610 ctionis
551 3554 605 3610 in
641 3553 808 3610 Deum
833 3570 953 3626 quae
979 3571 1098 3610 cum
1121 3571 1188 3612 eo
1215 3557 1443 3625 colloqui
1471 3571 1570 3612 nos
1593 3556 1878 3615 assuefacit
1899 3600 1914 3626 ,

331 3657 386 3702 et
423 3645 494 3701 ad
542 3645 820 3716 sapientia:
862 3645 1096 3701 studium
1147 3662 1245 3702 nos
1280 3647 1510 3702 deducit.
1548 3647 1603 3703 Si
1656 3650 1799 3704 enim
1828 3649 1920 3721 qui

330 3754 454 3793 cum
484 3739 667 3810 aliquo
691 3738 991 3794 admirabili
1020 3739 1136 3794 viro
1166 3739 1390 3794 multum
1419 3749 1678 3806 versatur,
1704 3759 1772 3797 ex
1801 3742 1920 3812 ejus

330 3829 720 3886 consuetudine
757 3831 1050 3885 maximum
1078 3829 1306 3886 fructum
1335 3832 1548 3902 accipit,
1575 3842 1774 3904 quanto
1799 3848 1917 3888 ma-

329 3922 413 3992 gis
453 3923 544 3993 qui
587 3937 710 3977 cum
734 3921 851 3978 Deo
892 3931 1202 3993 perpetuam
1247 3923 1410 3980 habet
1433 3925 1918 3982 consuetudinem?

330 4013 442 4069 Sed
469 4029 578 4070 non
607 4014 772 4085 probe
797 4014 996 4070 scimus
1011 4013 1278 4086 quodnam
1308 4015 1378 4070 sit
1400 4015 1605 4070 lucrum
1635 4018 1912 4086 orationis,

331 4107 452 4176 quia
482 4121 585 4161 nec
613 4107 662 4161 ei
687 4105 927 4161 studiose
977 4106 1214 4161 animum
1239 4105 1576 4174 adhibemus,
1606 4123 1706 4163 nec
1734 4124 1797 4164 ea
1847 4125 1914 4165 ex

332 4197 426 4252 Dei
453 4196 658 4268 legibus
686 4197 905 4252 utimur.
933 4196 1038 4252 Sed
1063 4198 1309 4252 homines
1328 4198 1540 4268 quidem
1570 4199 1779 4270 aliquos
1793 4201 1918 4257 allo-

330 4290 566 4360 quuturi,
607 4289 697 4360 qui
725 4296 848 4343 sunt
880 4289 1032 4344 nobis
1057 4289 1391 4359 superiores,
1419 4289 1508 4346 ubi
1541 4291 1800 4356 habitum,
1832 4293 1916 4347 in-

329 4397 561 4446 cessum,
613 4380 868 4438 amictum
890 4422 906 4449 ,
955 4389 1010 4437 et
1037 4385 1214 4437 omnia
1241 4385 1718 4454 composuerimus,
1757 4386 1827 4440 ita
1859 4395 1918 4440 ut

329 4485 544 4546 oportet
589 4475 944 4546 alloquimur:
971 4477 1038 4531 ad
1071 4477 1241 4532 Deum
1269 4489 1446 4533 autem
1493 4480 1810 4535 accedentes
1833 4481 1914 4536 hi-

332 4568 548 4633 scimus,
571 4582 672 4624 nos
712 4570 1000 4642 scalpimus
1031 4576 1196 4638 atque
1216 4569 1321 4626 hnc
1348 4580 1404 4627 et
1439 4573 1566 4628 illuc
1594 4589 1872 4632 versamus
1898 4603 1928 4644 ,ε

329 4661 661 4731 negligentes
691 4676 755 4717 ac
782 4661 1035 4718 socordes
1061 4677 1245 4717 sumus
1271 4680 1285 4729 ;
1316 4663 1460 4717 humi
1482 4665 1706 4734 genibus
1736 4665 1911 4732 ﬂexis,

329 4767 426 4821 per
473 4751 648 4806 forum
691 4752 1022 4808 aberramus.
1071 4753 1224 4820 Quod
1279 4753 1323 4808 si
1350 4767 1472 4808 cum
1497 4769 1558 4809 ea
1581 4770 1686 4825 qua
1713 4772 1806 4826 par
1833 4767 1916 4813 est

327 4845 650 4911 reverentia,
686 4854 741 4902 et
758 4854 1027 4917 tamquam
1052 4861 1174 4902 cum
1201 4847 1314 4904 Deo
1347 4848 1614 4918 loquuturi
1645 4849 1918 4906 accedere-

325 4953 466 5003 mus,
516 4946 644 4992 tunc
694 4937 955 4993 sciremus
1001 4940 1162 4994 etiam
1213 4948 1498 5009 antequam
1549 4943 1914 5012 acceperimus

323 5045 444 5100 quae
473 5029 728 5098 petimus,
772 5039 1031 5100 quantum
1073 5031 1206 5088 lucri
1262 5032 1540 5090 faciamus.
1569 5034 1742 5092 Homo
1770 5036 1912 5091 enim

323 5120 415 5189 qui
445 5135 570 5175 cum
621 5120 732 5175 Deo
767 5121 907 5192 loqui
937 5121 1163 5190 didicit,
1216 5132 1272 5178 ut
1295 5125 1450 5180 decet
1473 5141 1618 5188 eum,
1662 5127 1752 5196 qui
1789 5142 1910 5182 cum

327 5211 435 5264 Deo
467 5211 736 5281 loquitur,
787 5213 891 5266 erit
937 5212 1189 5283 deinceps
1238 5215 1503 5285 angelus:
1537 5215 1610 5270 ita
1656 5215 1914 5272 liberatur

323 5301 500 5355 anima
529 5316 562 5356 a
587 5300 816 5356 vinculis
847 5303 1110 5372 corporis,
1151 5303 1224 5358 ita
1245 5306 1295 5359 ei
1327 5307 1462 5360 ratio
1489 5307 1540 5361 in
1565 5307 1730 5363 altum
1765 5309 1909 5364 tolli-

324 5403 412 5446 tur
435 5435 450 5457 ,
499 5392 570 5448 ita
599 5408 630 5448 e
659 5393 814 5449 terris
840 5394 1035 5463 migrat
1061 5397 1114 5450 in
1145 5397 1357 5463 caelum,
1388 5399 1462 5453 ita
1485 5415 1605 5468 qua:
1635 5401 1702 5455 ad
1746 5402 1910 5457 vitam

326 5483 462 5539 hanc
483 5484 788 5555 pertinent,
813 5485 1060 5554 despicit,
1110 5488 1182 5542 ita
1227 5489 1366 5558 apud
1405 5491 1577 5560 ipsum
1601 5492 1792 5548 solium
1825 5509 1911 5548 re-

323 5592 469 5648 gium
512 5576 740 5639 sistitur,
764 5577 979 5635 etiamsi
1003 5578 1074 5634 sit
1099 5594 1317 5652 pauper,
1368 5583 1414 5638 si
1443 5582 1694 5655 famulus,
1723 5586 1769 5643 si
1802 5588 1911 5658 pri-

388 5757 407 5788 ι
441 5754 498 5808 in
511 5756 722 5816 colbcrt.
745 5758 925 5814 desunt
947 5758 1024 5812 ha:
1047 5773 1212 5826 voces,
1235 5761 1284 5814 in
1306 5761 1606 5818 continentia.

2036 430 2188 478 vatus
2236 425 2282 479 si
2305 427 2569 485 indoctus.
2613 430 2728 487 Non
2758 436 2950 506 quaerit
2974 438 3118 494 enim
3141 440 3485 515 Deuslinguaz
3503 451 3619 505 ele-

2031 524 2288 583 gantiam,
2321 534 2420 574 nec
2466 521 2752 580 verborum
2792 531 3280 600 compositionem,
3309 537 3403 592 sed
3428 541 3623 597 animae

2033 605 2500 676 pulchritudinem.
2535 622 2590 669 et
2614 617 2659 671 si
2711 617 2799 673 illa
2822 635 2884 675 ea
2908 638 3028 690 quae
3054 624 3154 694 ipsi
3185 625 3397 695 placent
3436 630 3623 702 loqua-

2035 705 2142 764 tur,
2175 709 2284 755 tota
2328 718 2389 757 re
2427 704 2616 762 effecta
2644 711 2887 766 recedit."
2923 713 3084 770 Vides
3113 728 3309 787 quanta
3345 720 3574 778 facilitas
3599 726 3624 778 ‘l

2038 788 2095 845 in
2117 790 2420 850 hominibus
2439 807 2652 867 oportet
2678 815 2822 869 eum,
2856 805 2944 875 qui
2974 807 3203 878 aliquem
3229 813 3359 880 adit,
3389 830 3508 872 esse
3535 818 3623 873 di-

2033 886 2192 942 cendi
2214 887 2462 947 facultate
2488 895 2791 964 praeditum,
2820 907 2874 955 et
2899 916 3056 971 posse
3075 905 3346 965 blanditiis
3369 912 3470 966 sibi
3491 929 3624 969 con-

2031 976 2218 1033 ciliare
2243 993 2430 1036 omnes
2457 987 2690 1042 asseclas
2717 990 2994 1062 principis,
3018 1002 3074 1049 et
3121 999 3286 1054 multa
3311 1001 3415 1055 alia
3454 1019 3620 1061 exco-

2033 1067 2242 1137 gitare,
2269 1079 2327 1125 ut
2350 1082 2534 1143 gratus
2562 1091 2683 1133 esse
2729 1081 2914 1149 possit.
2947 1083 3046 1142 Hic
3094 1097 3272 1145 autem
3311 1093 3460 1149 nullo
3487 1096 3616 1161 alio,

2030 1169 2387 1232 praeterquam
2411 1167 2523 1221 sola
2549 1168 2788 1239 vigilanti
2814 1185 2995 1232 mente
3019 1192 3154 1248 opus
3181 1189 3283 1247 est,
3306 1193 3359 1238 et
3379 1185 3511 1242 nihil
3537 1198 3621 1243 est

2029 1251 2176 1321 quod
2203 1253 2483 1322 prohibeat
2509 1262 2798 1329 quominus
2828 1281 2993 1336 prope
3028 1265 3218 1326 Deum
3244 1273 3429 1330 simus.
3482 1277 3622 1334 Deus

2030 1344 2162 1398 enim
2209 1349 2625 1420 appropinquans
2678 1371 2770 1423 ego
2817 1374 2966 1424 sum,
3013 1370 3062 1414 et
3115 1379 3216 1417 non
3271 1363 3409 1421 Deus
3445 1371 3620 1438 procul

2031 1436 2165 1531 per.
2203 1439 2292 1494 2-5.
2315 1441 2429 1513 25).
2457 1443 2532 1498 Ita
2565 1449 2780 1518 utquod
2806 1450 2961 1522 longe
2995 1454 3151 1520 absit,
3181 1457 3232 1511 id
3257 1473 3286 1512 a
3309 1436 3464 1516 nobis
3490 1478 3616 1531 pro-

2029 1526 2299 1585 ficiscatur
2330 1550 2344 1586 :
2375 1533 2493 1604 ipse
2515 1537 2655 1592 enim
2686 1555 2898 1610 semper
2923 1559 3090 1614 prepe
3113 1557 3216 1602 est.
3247 1548 3314 1602 Et
3339 1551 3464 1620 quid
3486 1526 3608 1609 dico

2030 1633 2128 1674 nos
2153 1636 2259 1676 non
2289 1637 2422 1694 opus
2450 1627 2645 1684 habere
2675 1629 2884 1687 dicendi
2927 1635 3220 1692 facultate?
3266 1639 3618 1710 Saepenume-

2029 1727 2092 1766 ro
2121 1729 2192 1770 ne
2218 1730 2346 1771 voce
2374 1719 2588 1788 quidem
2614 1737 2747 1793 Opus
2771 1724 3049 1782 habemus.
3085 1730 3217 1786 Nam
3249 1733 3292 1787 si
3315 1736 3398 1789 vel
3426 1737 3476 1789 in
3499 1752 3623 1792 cor-

2029 1802 2098 1859 de
2119 1804 2370 1893 loquutus
2414 1808 2599 1878 fueris,
2635 1822 2830 1870 etcum
2875 1826 2933 1872 ut
2961 1831 3172 1889 oportet
3211 1829 3502 1894 vocaveris,
3535 1832 3619 1885 vel

2031 1901 2158 1950 tunc
2179 1887 2391 1968 quoque
2432 1901 2588 1957 facile
2618 1915 2836 1961 annuet.
2861 1908 2941 1962 ita
2965 1887 3020 1965 et
3046 1911 3244 1968 Mosem
3289 1887 3528 1975 audivit:
3548 1921 3618 1976 ita

2030 1985 2193 2042 etiam
2214 1985 2425 2046 Annam
2453 1992 2650 2064 (Exod.
2683 1997 2771 2052 14.
2802 2000 2915 2070 15).
2947 2000 3062 2056 Νοη
3088 2004 3292 2060 assistit
3338 2009 3500 2064 miles
3527 2014 3619 2080 qui

2029 2082 2279 2150 expellat,
2308 2099 2413 2139 non
2444 2088 2660 2144 satelles
2686 2092 2775 2161 qui
2823 2097 3272 2163 opportunitatem
3302 2102 3482 2168 tollat;
3513 2120 3627 2159 nou-

2029 2179 2113 2227 est
2140 2175 2227 2244 qui
2258 2175 2400 2232 dicat
2433 2195 2446 2232 :
2473 2178 2590 2235 Non
2631 2189 2716 2237 est
2746 2199 2895 2240 nunc
2929 2196 3136 2257 tempus
3159 2193 3465 2261 accedendi,
3498 2199 3618 2251 veni

2028 2275 2213 2333 postea
2237 2265 2312 2338 (Ι.
2335 2267 2464 2340 Reg.
2498 2272 2550 2326 1.
2577 2273 2700 2343 l5);
2730 2275 2825 2330 sed
2861 2279 3074 2346 quando
3104 2285 3314 2340 veneris
3338 2325 3354 2351 ,
3377 2296 3483 2341 stat
3518 2304 3618 2342 au-

2028 2354 2183 2411 diens
2211 2399 2225 2421 ,
2267 2359 2475 2415 etiamsi
2511 2372 2753 2434 tempore
2804 2369 3052 2438 prandii,
3097 2373 3306 2430 etiamsi
3373 2387 3614 2449 tempore

2029 2461 2219 2513 ccenai,
2261 2450 2468 2506 etiamsi
2491 2463 2649 2509 nocte
2679 2455 3016 2528 intempesta,
3053 2463 3107 2516 in
3142 2464 3257 2520 foro
3277 2508 3291 2531 ,
3338 2467 3390 2522 in
3414 2471 3493 2522 via
3515 2513 3531 2537 ,
3563 2472 3616 2527 in

2027 2539 2210 2608 cubili,
2262 2543 2471 2598 etiamsi
2527 2545 2671 2602 intus
2720 2548 2774 2603 in
2817 2549 3020 2620 judicio
3080 2568 3260 2610 coram
3310 2561 3616 2630 magistratu

2026 2626 2214 2697 fueris,
2243 2640 2298 2686 et
2322 2648 2444 2688 eum
2487 2639 2790 2704 vocaveris,
2821 2641 2959 2696 nihil
2989 2653 3134 2701 vetat
3158 2626 3442 2716 quominus
3471 2661 3616 2707 tuam

2028 2720 2338 2789 petitionem
2388 2725 2607 2794 audiat,
2636 2730 2681 2784 si
2703 2731 2804 2786 rite
2837 2737 3135 2792 vocaveris.
3180 2738 3300 2795 Non
3335 2752 3486 2812 potes
3526 2744 3612 2798 (Ιὶ-

2027 2824 2151 2866 cere
2176 2829 2190 2866 :
2224 2811 2428 2870 Vereor
2451 2819 2704 2875 accedere
2724 2829 2780 2876 et
2798 2837 2974 2892 orare,
2989 2825 3144 2882 adest
3170 2811 3414 2888 inimicus
3432 2849 3614 2899 meus;

2024 2907 2082 2955 at
2129 2900 2234 2985 hoc
2260 2904 2420 2960 etiam
2471 2905 2909 2978 impedimentum
2959 2914 3194 2972 ablatum
3250 2929 3380 2978 est:
3441 2938 3617 2994 neque

2026 2993 2173 3047 enim
2203 2993 2477 3052 inimicum
2508 3006 2657 3055 tuum
2693 3003 2939 3073 attendit,
2969 3022 3070 3062 nec
3099 3017 3242 3065 tuam
3273 2993 3615 3085 interrumpit

2029 3084 2338 3153 petitionem
2369 3105 2382 3142 :
2411 3089 2504 3144 sed
2527 3106 2740 3162 semper
2753 3103 2808 3149 et
2832 3097 3046 3154 assidue
3075 3115 3196 3155 eum
3221 3113 3373 3172 potes
3396 3084 3614 3178 alloqui,

2027 3182 2084 3230 et
2107 3176 2252 3269 nulla
2281 3177 2433 3233 adest
2458 3179 2745 3240 difficultas
2775 3202 2791 3239 :
2822 3201 2997 3258 neque
3044 3191 3186 3246 enim
3222 3207 3358 3264 opus
3393 3206 3476 3251 est
3513 3176 3614 3269 ge-

2031 3267 2300 3322 nitoribus
2352 3270 2442 3340 qui
2491 3279 2546 3328 te
2573 3272 2950 3346 introducant,
2998 3296 3106 3336 non
3132 3267 3611 3357 dispensatoribus,

2027 3362 2496 3431 procuratoribus,
2524 3367 2854 3435 custodibus,
2885 3380 2977 3426 aut
3023 3373 3212 3429 amicis
3237 3392 3252 3441 ;
3280 3377 3373 3432 sed
3394 3381 3612 3448 quando

2026 3451 2259 3522 ipseper
2285 3461 2336 3508 te
2365 3454 2537 3525 ipsum
2559 3461 2869 3528 accesseris,
2915 3469 3042 3520 tunc
3076 3467 3308 3524 maxime
3338 3479 3389 3525 te
3411 3471 3612 3541 audiet,

2026 3553 2157 3600 tunc
2175 3547 2389 3616 quando
2419 3551 2686 3606 neminem
2727 3556 3018 3624 rogaveris.

2097 3637 2151 3691 5.
2175 3637 2292 3693 Non
2321 3639 2392 3694 ita
2419 3655 2548 3711 ergo
2575 3657 2703 3699 eum
2738 3660 2833 3716 per
2856 3647 2993 3702 alios
3041 3650 3313 3720 placamus
3355 3665 3569 3713 orantes
3591 3699 3609 3726 ,

2025 3725 2166 3782 sicut
2186 3743 2281 3798 per
2308 3731 2576 3801 uosipsos.
2607 3733 2740 3790 Cum
2782 3737 2925 3793 enim
2955 3751 3192 3797 nostram
3231 3755 3446 3814 expetat
3468 3725 3606 3804 alni;

2024 3816 2204 3871 citiam
2231 3858 2247 3885 ,
2278 3821 2458 3875 omnia
2509 3822 2672 3879 etiam
2716 3823 2880 3895 facit,
2912 3837 2972 3884 ut
3010 3845 3110 3887 nos
3133 3833 3182 3887 ei
3229 3835 3561 3896 confidamus
3589 3857 3602 3894 :

2024 3907 2240 3977 quando
2266 3909 2456 3968 viderit
2478 3926 2579 3968 nos
2599 3913 2700 3970 hoc
2730 3931 2827 3985 per
2850 3932 2950 3973 nos
2978 3919 3123 3989 ipsos
3159 3920 3453 3993 facientes,
3484 3937 3608 3986 tunc

2025 4000 2258 4058 maxime
2277 4005 2483 4060 annuit.
2510 4005 2586 4060 ita
2607 4007 2769 4062 etiam
2799 4008 2928 4065 fecit
2954 4010 3008 4066 in
3037 4012 3336 4072 Chananaea
3357 4037 3370 4073 :
3393 4029 3450 4076 et
3479 4036 3601 4080 cum

2026 4089 2216 4147 Petrus
2260 4093 2476 4164 quidem
2505 4105 2560 4151 et
2605 4095 2836 4154 Jacobus
2883 4101 3201 4159 accederent
3228 4121 3322 4175 pro
3353 4109 3449 4165 illa
3477 4111 3555 4183 (a)
3587 4155 3604 4178 ,

2025 4198 2132 4236 non
2156 4182 2343 4240 annuit
2371 4203 2383 4239 :
2413 4201 2536 4242 cum
2573 4203 2636 4242 ea
2679 4198 2855 4244 autem
2888 4205 3261 4262 permaneret,
3294 4200 3433 4269 quod
3463 4182 3611 4272 pele-

2025 4275 2184 4332 hatur
2213 4279 2454 4348 protinus
2482 4280 2629 4336 dedit
2662 4281 2872 4352 (Matth.
2901 4286 2988 4341 15.
3041 4285 3295 4358 22.εᾳᾳ.).
3325 4293 3435 4350 Etsi
3465 4296 3615 4352 enim

2023 4369 2170 4424 visus
2195 4379 2278 4426 est
2309 4387 2498 4442 parum
2526 4373 2760 4440 differre,
2784 4392 2888 4431 non
2911 4378 3012 4434 hoc
3033 4378 3159 4436 fecit
3186 4393 3242 4437 ut
3268 4399 3414 4439 mora
3445 4386 3604 4443 all'er-

2024 4471 2174 4515 retur
2188 4463 2533 4530 mulierculae,
2553 4465 2648 4521 sed
2674 4475 2732 4521 ut
2757 4482 2873 4523 eam
2896 4473 3066 4541 magis
3091 4487 3393 4544 coronaret,
3420 4487 3473 4533 et
3492 4478 3610 4548 ejus

2022 4553 2390 4611 assiduitatem
2419 4557 2589 4626 magis
2607 4558 2707 4614 sibi
2736 4560 3048 4618 familiarem
3077 4565 3346 4623 redderet.
3379 4569 3605 4627 Medite-

2023 4658 2144 4697 mur
2167 4660 2296 4715 ergo
2321 4661 2419 4701 nos
2454 4662 2664 4717 quoque
2704 4650 2868 4705 Deum
2918 4655 3181 4724 supplices
3211 4658 3282 4729 (ὁ)
3313 4659 3499 4715 adire:
3525 4663 3607 4716 di-

2021 4750 2234 4793 scamus
2262 4739 2530 4808 quomodo
2557 4755 2619 4795 ea
2645 4741 2716 4795 sit
2744 4741 2983 4800 facienda
3013 4748 3348 4818 supplicatio.
3381 4750 3498 4807 Non
3522 4763 3606 4810 est

2022 4827 2254 4884 eundum
2283 4831 2337 4884 in
2370 4845 2609 4886 museum
2634 4831 2729 4905 (c),
2761 4849 2867 4890 non
2893 4847 3016 4892 sunt
3036 4842 3412 4899 consumenda
3436 4860 3600 4915 pecu-

2083 4967 2156 5037 (a)
2180 4967 2264 5037 Hic
2282 4968 2513 5037 memoria
2535 4967 2698 5037 lapsu_s
2723 4970 2913 5037 videtur
2933 4973 3308 5037 chrysostomus.
3326 4978 3383 5029 In
3405 4979 3608 5032 historia

2020 5032 2211 5093 quippe
2227 5029 2291 5077 de
2313 5029 2727 5080 Chananaza‘nulla
2752 5035 2936 5084 mentio
2960 5029 3084 5085 Petri
3108 5043 3160 5086 et
3181 5041 3358 5090 Jacobi.

2093 5062 2101 5074 .
2126 5062 2202 5090 ,νυ
2227 5062 2291 5077 υυ
2313 5062 2576 5080 ιλμαυαιιιια
2599 5062 2727 5080 nulla
2753 5062 2936 5084 ιιιῡιιιιυ
2961 5062 3084 5085 rcus
3108 5062 3160 5086 ct
3181 5062 3358 5090 nucum.

2086 5062 2157 5152 (δ)
2192 5091 2247 5168 in
2265 5099 2444 5168 Grazco,
2472 5105 2672 5168 tenuatur
2694 5109 2790 5167 atq.
2815 5102 2884 5144 De
2907 5096 2997 5146 hac
3033 5111 3152 5148 voce
3175 5107 3351 5160 errem,
3377 5116 3606 5168 ιτυτχάνιιν,

2020 5153 2282 5226 sequentia
2317 5154 2524 5226 notanda
2540 5153 2679 5203 "‘sunt
2694 5168 2712 5226 ε⁹
2734 5153 2947 5226 ﬁgmenti
2970 5173 3103 5221 saepe
3145 5169 3238 5226 est,
3261 5153 3608 5226 ᾳςὸηζςὰἰῖἇίιὲὶή

2021 5213 2186 5292 contra
2209 5213 2420 5292 aliquem
2441 5213 2858 5292 olferreprittcini:
2874 5227 2951 5292 .et,
2977 5213 3147 5292 ιπιίχιαε
3172 5213 3359 5292 libellus

2020 5286 2104 5326 aut
2125 5277 2369 5341 accusatio
2384 5285 2552 5341 contra
2573 5277 2783 5340 aliquem
2807 5279 2982 5331 oblata.
3001 5277 3098 5341 otia
3119 5277 3185 5334 de
3199 5299 3256 5336 re
3279 5288 3390 5338 vide
3413 5277 3604 5340 ih'onol

2020 5339 2405 5414 masticopostro
2428 5339 2486 5387 ad
2509 5339 2664 5401 Opera
2700 5341 2939 5414 Athanasii
2982 5339 3055 5414 ad
3086 5360 3249 5406 voces,
3277 5339 3510 5414 ιντντχάνιινέ
3536 5361 3606 5410 et,

2021 5412 2185 5478 ιηιτδκίακ
2203 5399 2731 5478 Ηὶοιτωιθιηηιήηγχάνιιγ
2746 5438 2762 5463 ,
2789 5412 2867 5478 est
2897 5405 3190 5478 supplicare,
3211 5399 3279 5468 et,
3307 5399 3602 5478 ιὲτξᾶίαξὲαᾷἆὶ

2017 5460 2304 5536 ριὶὲὶιιὶολυι
2323 5475 2384 5510 ex
2400 5464 2543 5536 serie
2580 5460 2755 5536 liquet.
2798 5460 3060 5536 Gentiatius
3092 5460 3606 5536 Hert/etusier‘terat,

2018 5522 2346 5591 ituerpellare,
2365 5532 2417 5573 et
2437 5522 2772 5585 interpellatio,
2798 5529 2956 5591 minus
2978 5531 3245 5591 commode,
3266 5535 3315 5582 ni
3335 5522 3487 5587 fallor.

2083 5582 2155 5647 (οἱ
2174 5582 2232 5648 in
2257 5584 2442 5644 Graeco,
2470 5614 2648 5648 mut...
2674 5582 2817 5638 Porro
2839 5589 2962 5639 hanc
2980 5605 3150 5642 vocem
3172 5582 3382 5644 Graecam
3403 5582 3606 5648 savilius

2016 5648 2084 5721 ait
2105 5647 2254 5721 vulgo
2276 5647 2556 5721 signiﬁcare
2583 5649 2814 5721 templum
2858 5661 3103 5703 Musarum
3119 5691 3133 5715 ,
3178 5655 3266 5706 sed
3291 5657 3373 5706 hic
3391 5672 3480 5721 pro
3502 5647 3611 5712 loca

2016 5707 2446 5786 studiisédestinatp
2461 5707 2966 5786 accipielnilpinLCerte
2984 5725 3099 5786 puto
3115 5707 3278 5786 imae.
3294 5707 3609 5786 apulirllattu;

2018 5770 2164 5835 longe
2184 5769 2488 5834 frequentius
2509 5769 2598 5836 pro
2633 5771 2748 5824 ludo
2767 5769 3170 5844 (iteratione-clivi.
