  <div class='ocr_page' id='page_1' title='image "/cluster/home/n/w/nwhite01/storage/ocr_20150623/55/nnc1.0046980016/033.png"; bbox 0 0 4074 6356; ppageno 0'>
   <div class='ocr_carea' id='block_1_1' title="bbox 410 290 2012 384">
    <p class='ocr_par' dir='ltr' id='par_1_1' title="bbox 410 299 2012 384">
     <span class='ocr_line' id='line_1_1' title="bbox 410 299 2012 384; baseline -0.016 0"><span class='ocrx_word' id='word_1_1' title='bbox 410 327 499 384; x_wconf 71' lang='grc' dir='ltr'><strong>ιδ·</strong></span> <span class='ocrx_word' id='word_1_2' title='bbox 1142 312 1201 369; x_wconf 90' lang='lat' dir='ltr'><strong>S.</strong></span> <span class='ocrx_word' id='word_1_3' title='bbox 1238 305 1517 367; x_wconf 80' lang='lat' dir='ltr'><strong>JOANNIS</strong></span> <span class='ocrx_word' id='word_1_4' title='bbox 1548 299 2012 366; x_wconf 70' lang='grc' dir='ltr'><strong>σιιιιγειοετοω</strong></span> 
     </span>
    </p>
   </div>
   <div class='ocr_carea' id='block_1_2' title="bbox 2118 290 3691 384">
    <p class='ocr_par' dir='ltr' id='par_1_2' title="bbox 2118 290 3691 358">
     <span class='ocr_line' id='line_1_2' title="bbox 2118 290 3691 358; baseline -0.006 -2"><span class='ocrx_word' id='word_1_5' title='bbox 2118 296 2379 358; x_wconf 76' lang='lat' dir='ltr'><strong>RCBIEP.</strong></span> <span class='ocrx_word' id='word_1_6' title='bbox 2417 292 2949 355; x_wconf 80' lang='lat' dir='ltr'><strong>CONSTANTINOP.</strong></span> <span class='ocrx_word' id='word_1_7' title='bbox 3624 290 3691 346; x_wconf 68' lang='grc' dir='ltr'>μ</span> 
     </span>
    </p>
   </div>
   <div class='ocr_carea' id='block_1_3' title="bbox 409 418 1986 504">
    <p class='ocr_par' dir='ltr' id='par_1_3' title="bbox 409 418 1986 504">
     <span class='ocr_line' id='line_1_3' title="bbox 409 418 1986 504; baseline -0.016 -9"><span class='ocrx_word' id='word_1_8' title='bbox 409 441 533 504; x_wconf 66' lang='lat' dir='ltr'><strong>nire,</strong></span> <span class='ocrx_word' id='word_1_9' title='bbox 584 448 685 492; x_wconf 85' lang='lat' dir='ltr'><strong>nec</strong></span> <span class='ocrx_word' id='word_1_10' title='bbox 703 438 830 490; x_wconf 90' lang='lat' dir='ltr'><strong>sunt</strong></span> <span class='ocrx_word' id='word_1_11' title='bbox 852 422 1185 488; x_wconf 82' lang='lat' dir='ltr'><strong>conducendi</strong></span> <span class='ocrx_word' id='word_1_12' title='bbox 1209 420 1507 495; x_wconf 72' lang='lat' dir='ltr'><strong>paedagogi,</strong></span> <span class='ocrx_word' id='word_1_13' title='bbox 1526 418 1793 484; x_wconf 84' lang='lat' dir='ltr'><strong>rhetores,</strong></span> <span class='ocrx_word' id='word_1_14' title='bbox 1813 424 1869 472; x_wconf 90' lang='lat' dir='ltr'><strong>et</strong></span> <span class='ocrx_word' id='word_1_15' title='bbox 1894 429 1986 470; x_wconf 84' lang='lat' dir='ltr'><strong>so-</strong></span> 
     </span>
    </p>
   </div>
   <div class='ocr_carea' id='block_1_4' title="bbox 410 509 1993 602">
    <p class='ocr_par' dir='ltr' id='par_1_4' title="bbox 410 509 1993 602">
     <span class='ocr_line' id='line_1_4' title="bbox 410 509 1993 602; baseline -0.016 -15"><span class='ocrx_word' id='word_1_16' title='bbox 410 532 634 602; x_wconf 71' lang='lat' dir='ltr'><strong>phistae;</strong></span> <span class='ocrx_word' id='word_1_17' title='bbox 654 540 827 596; x_wconf 82' lang='lat' dir='ltr'><strong>neque</strong></span> <span class='ocrx_word' id='word_1_18' title='bbox 852 522 1077 578; x_wconf 86' lang='lat' dir='ltr'><strong>multum</strong></span> <span class='ocrx_word' id='word_1_19' title='bbox 1106 515 1361 585; x_wconf 87' lang='lat' dir='ltr'><strong>temporis</strong></span> <span class='ocrx_word' id='word_1_20' title='bbox 1398 509 1819 569; x_wconf 84' lang='lat' dir='ltr'><strong>consumendum</strong></span> <span class='ocrx_word' id='word_1_21' title='bbox 1870 516 1993 575; x_wconf 88' lang='lat' dir='ltr'><strong>est,</strong></span> 
     </span>
    </p>
   </div>
   <div class='ocr_carea' id='block_1_5' title="bbox 410 599 1997 679">
    <p class='ocr_par' dir='ltr' id='par_1_5' title="bbox 410 599 1997 679">
     <span class='ocr_line' id='line_1_5' title="bbox 410 599 1997 679; baseline -0.015 -1"><span class='ocrx_word' id='word_1_22' title='bbox 410 599 466 679; x_wconf 83' lang='lat' dir='ltr'><strong>ut</strong></span> <span class='ocrx_word' id='word_1_23' title='bbox 495 623 632 676; x_wconf 88' lang='lat' dir='ltr'><strong>hanc</strong></span> <span class='ocrx_word' id='word_1_24' title='bbox 657 615 869 673; x_wconf 83' lang='lat' dir='ltr'><strong>dicendi</strong></span> <span class='ocrx_word' id='word_1_25' title='bbox 898 622 1068 668; x_wconf 93' lang='lat' dir='ltr'><strong>artem</strong></span> <span class='ocrx_word' id='word_1_26' title='bbox 1121 609 1334 670; x_wconf 81' lang='lat' dir='ltr'><strong>discas;</strong></span> <span class='ocrx_word' id='word_1_27' title='bbox 1387 605 1483 659; x_wconf 89' lang='lat' dir='ltr'><strong>sed</strong></span> <span class='ocrx_word' id='word_1_28' title='bbox 1534 602 1710 657; x_wconf 84' lang='lat' dir='ltr'><strong>solum</strong></span> <span class='ocrx_word' id='word_1_29' title='bbox 1762 599 1997 655; x_wconf 88' lang='lat' dir='ltr'><strong>voluisse</strong></span> 
     </span>
    </p>
   </div>
   <div class='ocr_carea' id='block_1_6' title="bbox 409 693 1996 780">
    <p class='ocr_par' dir='ltr' id='par_1_6' title="bbox 409 693 1996 780">
     <span class='ocr_line' id='line_1_6' title="bbox 409 693 1996 780; baseline -0.015 -10"><span class='ocrx_word' id='word_1_30' title='bbox 409 715 642 780; x_wconf 85' lang='lat' dir='ltr'><strong>sufficit,</strong></span> <span class='ocrx_word' id='word_1_31' title='bbox 687 720 740 768; x_wconf 89' lang='lat' dir='ltr'><strong>et</strong></span> <span class='ocrx_word' id='word_1_32' title='bbox 788 724 878 765; x_wconf 85' lang='lat' dir='ltr'><strong>ars</strong></span> <span class='ocrx_word' id='word_1_33' title='bbox 921 705 1153 777; x_wconf 84' lang='lat' dir='ltr'><strong>perfecta</strong></span> <span class='ocrx_word' id='word_1_34' title='bbox 1184 701 1371 757; x_wconf 80' lang='lat' dir='ltr'><strong>evasit.</strong></span> <span class='ocrx_word' id='word_1_35' title='bbox 1431 697 1542 753; x_wconf 91' lang='lat' dir='ltr'><strong>Nec</strong></span> <span class='ocrx_word' id='word_1_36' title='bbox 1592 709 1692 766; x_wconf 91' lang='lat' dir='ltr'><strong>pro</strong></span> <span class='ocrx_word' id='word_1_37' title='bbox 1719 704 1772 749; x_wconf 89' lang='lat' dir='ltr'><strong>te</strong></span> <span class='ocrx_word' id='word_1_38' title='bbox 1819 693 1996 748; x_wconf 88' lang='lat' dir='ltr'><strong>solum</strong></span> 
     </span>
    </p>
   </div>
   <div class='ocr_carea' id='block_1_7' title="bbox 414 782 1999 877">
    <p class='ocr_par' dir='ltr' id='par_1_7' title="bbox 414 782 1999 877">
     <span class='ocr_line' id='line_1_7' title="bbox 414 782 1999 877; baseline -0.015 -15"><span class='ocrx_word' id='word_1_39' title='bbox 414 806 614 877; x_wconf 77' lang='lat' dir='ltr'><strong>poteris</strong></span> <span class='ocrx_word' id='word_1_40' title='bbox 665 803 848 858; x_wconf 82' lang='lat' dir='ltr'><strong>dicere</strong></span> <span class='ocrx_word' id='word_1_41' title='bbox 876 799 931 854; x_wconf 90' lang='lat' dir='ltr'><strong>in</strong></span> <span class='ocrx_word' id='word_1_42' title='bbox 954 812 1021 853; x_wconf 90' lang='lat' dir='ltr'><strong>eo</strong></span> <span class='ocrx_word' id='word_1_43' title='bbox 1082 793 1302 864; x_wconf 85' lang='lat' dir='ltr'><strong>judicio,</strong></span> <span class='ocrx_word' id='word_1_44' title='bbox 1335 788 1429 844; x_wconf 87' lang='lat' dir='ltr'><strong>sed</strong></span> <span class='ocrx_word' id='word_1_45' title='bbox 1478 788 1637 843; x_wconf 88' lang='lat' dir='ltr'><strong>etiam</strong></span> <span class='ocrx_word' id='word_1_46' title='bbox 1667 798 1765 856; x_wconf 91' lang='lat' dir='ltr'><strong>pro</strong></span> <span class='ocrx_word' id='word_1_47' title='bbox 1814 782 1999 839; x_wconf 88' lang='lat' dir='ltr'><strong>multis</strong></span> 
     </span>
    </p>
   </div>
   <div class='ocr_carea' id='block_1_8' title="bbox 412 873 1999 963">
    <p class='ocr_par' dir='ltr' id='par_1_8' title="bbox 412 873 1999 963">
     <span class='ocr_line' id='line_1_8' title="bbox 412 873 1999 963; baseline -0.014 -13"><span class='ocrx_word' id='word_1_48' title='bbox 412 873 551 952; x_wconf 77' lang='lat' dir='ltr'><strong>aliis.</strong></span> <span class='ocrx_word' id='word_1_49' title='bbox 604 894 671 949; x_wconf 88' lang='lat' dir='ltr'><strong>Et</strong></span> <span class='ocrx_word' id='word_1_50' title='bbox 723 893 966 963; x_wconf 80' lang='lat' dir='ltr'><strong>quisnam</strong></span> <span class='ocrx_word' id='word_1_51' title='bbox 998 894 1083 941; x_wconf 88' lang='lat' dir='ltr'><strong>est</strong></span> <span class='ocrx_word' id='word_1_52' title='bbox 1103 896 1329 954; x_wconf 83' lang='lat' dir='ltr'><strong>scapus,</strong></span> <span class='ocrx_word' id='word_1_53' title='bbox 1361 877 1502 950; x_wconf 90' lang='lat' dir='ltr'><strong>quod</strong></span> <span class='ocrx_word' id='word_1_54' title='bbox 1526 877 1827 933; x_wconf 89' lang='lat' dir='ltr'><strong>institutum</strong></span> <span class='ocrx_word' id='word_1_55' title='bbox 1867 873 1999 930; x_wconf 88' lang='lat' dir='ltr'><strong>artis</strong></span> 
     </span>
    </p>
   </div>
   <div class='ocr_carea' id='block_1_9' title="bbox 412 971 1480 1058">
    <p class='ocr_par' dir='ltr' id='par_1_9' title="bbox 412 971 1480 1058">
     <span class='ocr_line' id='line_1_9' title="bbox 412 971 1480 1058; baseline -0.016 -16"><span class='ocrx_word' id='word_1_56' title='bbox 412 988 568 1058; x_wconf 82' lang='lat' dir='ltr'><strong>hujus</strong></span> <span class='ocrx_word' id='word_1_57' title='bbox 593 981 903 1057; x_wconf 72' lang='lat' dir='ltr'><strong>iudicialis?</strong></span> <span class='ocrx_word' id='word_1_58' title='bbox 925 978 1112 1035; x_wconf 80' lang='lat' dir='ltr'><strong>Modus</strong></span> <span class='ocrx_word' id='word_1_59' title='bbox 1136 971 1480 1044; x_wconf 82' lang='lat' dir='ltr'><strong>precationis.</strong></span> 
     </span>
    </p>
   </div>
   <div class='ocr_carea' id='block_1_10' title="bbox 482 1059 1998 1136">
    <p class='ocr_par' dir='ltr' id='par_1_10' title="bbox 482 1059 1998 1136">
     <span class='ocr_line' id='line_1_10' title="bbox 482 1059 1998 1136; baseline -0.015 -1"><span class='ocrx_word' id='word_1_60' title='bbox 482 1077 739 1134; x_wconf 82' lang='lat' dir='ltr'><strong>Precandi</strong></span> <span class='ocrx_word' id='word_1_61' title='bbox 762 1075 976 1136; x_wconf 83' lang='lat' dir='ltr'><strong>modus;</strong></span> <span class='ocrx_word' id='word_1_62' title='bbox 1001 1067 1230 1124; x_wconf 85' lang='lat' dir='ltr'><strong>dilatatio</strong></span> <span class='ocrx_word' id='word_1_63' title='bbox 1248 1064 1369 1135; x_wconf 84' lang='lat' dir='ltr'><strong>quid</strong></span> <span class='ocrx_word' id='word_1_64' title='bbox 1394 1064 1479 1118; x_wconf 84' lang='lat' dir='ltr'><strong>sit.</strong></span> <span class='ocrx_word' id='word_1_65' title='bbox 1496 1091 1569 1102; x_wconf 90' lang='lat'><strong>-—</strong></span> <span class='ocrx_word' id='word_1_66' title='bbox 1584 1059 1770 1117; x_wconf 84' lang='lat' dir='ltr'><strong>Sobria</strong></span> <span class='ocrx_word' id='word_1_67' title='bbox 1798 1066 1998 1123; x_wconf 85' lang='lat' dir='ltr'><strong>mente,</strong></span> 
     </span>
    </p>
   </div>
   <div class='ocr_carea' id='block_1_11' title="bbox 408 1150 2000 1231">
    <p class='ocr_par' dir='ltr' id='par_1_11' title="bbox 408 1150 2000 1231">
     <span class='ocr_line' id='line_1_11' title="bbox 408 1150 2000 1231; baseline -0.017 -2"><span class='ocrx_word' id='word_1_68' title='bbox 408 1173 594 1228; x_wconf 88' lang='lat' dir='ltr'><strong>animo</strong></span> <span class='ocrx_word' id='word_1_69' title='bbox 627 1168 879 1231; x_wconf 86' lang='lat' dir='ltr'><strong>contrito,</strong></span> <span class='ocrx_word' id='word_1_70' title='bbox 924 1178 1047 1219; x_wconf 90' lang='lat' dir='ltr'><strong>cum</strong></span> <span class='ocrx_word' id='word_1_71' title='bbox 1081 1158 1315 1214; x_wconf 88' lang='lat' dir='ltr'><strong>fontibus</strong></span> <span class='ocrx_word' id='word_1_72' title='bbox 1354 1156 1710 1225; x_wconf 83' lang='lat' dir='ltr'><strong>lacrymarum</strong></span> <span class='ocrx_word' id='word_1_73' title='bbox 1757 1150 1825 1205; x_wconf 87' lang='lat' dir='ltr'><strong>ad</strong></span> <span class='ocrx_word' id='word_1_74' title='bbox 1878 1163 2000 1204; x_wconf 91' lang='lat' dir='ltr'><strong>eum</strong></span> 
     </span>
    </p>
   </div>
   <div class='ocr_carea' id='block_1_12' title="bbox 412 1237 2005 1329">
    <p class='ocr_par' dir='ltr' id='par_1_12' title="bbox 412 1237 2005 1329">
     <span class='ocr_line' id='line_1_12' title="bbox 412 1237 2005 1329; baseline -0.016 -10"><span class='ocrx_word' id='word_1_75' title='bbox 412 1264 688 1329; x_wconf 86' lang='lat' dir='ltr'><strong>accedere,</strong></span> <span class='ocrx_word' id='word_1_76' title='bbox 728 1258 859 1314; x_wconf 85' lang='lat' dir='ltr'><strong>nihil</strong></span> <span class='ocrx_word' id='word_1_77' title='bbox 903 1253 1047 1326; x_wconf 91' lang='lat' dir='ltr'><strong>quod</strong></span> <span class='ocrx_word' id='word_1_78' title='bbox 1087 1250 1155 1306; x_wconf 92' lang='lat' dir='ltr'><strong>ad</strong></span> <span class='ocrx_word' id='word_1_79' title='bbox 1190 1237 1328 1304; x_wconf 84' lang='lat' dir='ltr'><strong>hanc</strong></span> <span class='ocrx_word' id='word_1_80' title='bbox 1357 1248 1517 1303; x_wconf 82' lang='lat' dir='ltr'><strong>vitam</strong></span> <span class='ocrx_word' id='word_1_81' title='bbox 1549 1243 1814 1313; x_wconf 84' lang='lat' dir='ltr'><strong>pertineat</strong></span> <span class='ocrx_word' id='word_1_82' title='bbox 1842 1250 2005 1310; x_wconf 86' lang='lat' dir='ltr'><strong>pete—</strong></span> 
     </span>
    </p>
   </div>
   <div class='ocr_carea' id='block_1_13' title="bbox 413 1330 2004 1423">
    <p class='ocr_par' dir='ltr' id='par_1_13' title="bbox 413 1330 2004 1423">
     <span class='ocr_line' id='line_1_13' title="bbox 413 1330 2004 1423; baseline -0.018 -11"><span class='ocrx_word' id='word_1_83' title='bbox 413 1374 515 1423; x_wconf 88' lang='lat' dir='ltr'><strong>re,</strong></span> <span class='ocrx_word' id='word_1_84' title='bbox 562 1356 734 1408; x_wconf 90' lang='lat' dir='ltr'><strong>futura</strong></span> <span class='ocrx_word' id='word_1_85' title='bbox 788 1346 1187 1417; x_wconf 87' lang='lat' dir='ltr'><strong>concupiscere,</strong></span> <span class='ocrx_word' id='word_1_86' title='bbox 1245 1353 1342 1410; x_wconf 87' lang='lat' dir='ltr'><strong>pro</strong></span> <span class='ocrx_word' id='word_1_87' title='bbox 1389 1334 1753 1408; x_wconf 87' lang='lat' dir='ltr'><strong>spiritualibus</strong></span> <span class='ocrx_word' id='word_1_88' title='bbox 1804 1330 2004 1401; x_wconf 85' lang='lat' dir='ltr'><strong>suppli-</strong></span> 
     </span>
    </p>
   </div>
   <div class='ocr_carea' id='block_1_14' title="bbox 412 1422 2003 1515">
    <p class='ocr_par' dir='ltr' id='par_1_14' title="bbox 412 1422 2003 1515">
     <span class='ocr_line' id='line_1_14' title="bbox 412 1422 2003 1515; baseline -0.017 -11"><span class='ocrx_word' id='word_1_89' title='bbox 412 1422 557 1515; x_wconf 83' lang='lat' dir='ltr'><strong>care,</strong></span> <span class='ocrx_word' id='word_1_90' title='bbox 598 1444 826 1502; x_wconf 89' lang='lat' dir='ltr'><strong>inimicis</strong></span> <span class='ocrx_word' id='word_1_91' title='bbox 853 1456 960 1497; x_wconf 89' lang='lat' dir='ltr'><strong>non</strong></span> <span class='ocrx_word' id='word_1_92' title='bbox 988 1437 1127 1493; x_wconf 89' lang='lat' dir='ltr'><strong>male</strong></span> <span class='ocrx_word' id='word_1_93' title='bbox 1170 1430 1402 1504; x_wconf 89' lang='lat' dir='ltr'><strong>precari,</strong></span> <span class='ocrx_word' id='word_1_94' title='bbox 1430 1436 1702 1497; x_wconf 89' lang='lat' dir='ltr'><strong>acceptam</strong></span> <span class='ocrx_word' id='word_1_95' title='bbox 1756 1422 2003 1494; x_wconf 71' lang='lat' dir='ltr'><strong>iniuriam</strong></span> 
     </span>
    </p>
   </div>
   <div class='ocr_carea' id='block_1_15' title="bbox 415 1515 2005 1598">
    <p class='ocr_par' dir='ltr' id='par_1_15' title="bbox 415 1515 2005 1598">
     <span class='ocr_line' id='line_1_15' title="bbox 415 1515 2005 1598; baseline -0.018 -1"><span class='ocrx_word' id='word_1_96' title='bbox 415 1540 668 1598; x_wconf 84' lang='lat' dir='ltr'><strong>memoria</strong></span> <span class='ocrx_word' id='word_1_97' title='bbox 697 1550 804 1593; x_wconf 88' lang='lat' dir='ltr'><strong>non</strong></span> <span class='ocrx_word' id='word_1_98' title='bbox 831 1543 1037 1595; x_wconf 87' lang='lat' dir='ltr'><strong>tenere,</strong></span> <span class='ocrx_word' id='word_1_99' title='bbox 1064 1539 1253 1582; x_wconf 89' lang='lat' dir='ltr'><strong>omnes</strong></span> <span class='ocrx_word' id='word_1_100' title='bbox 1273 1519 1706 1593; x_wconf 82' lang='lat' dir='ltr'><strong>perturbationes</strong></span> <span class='ocrx_word' id='word_1_101' title='bbox 1729 1530 1797 1571; x_wconf 85' lang='lat' dir='ltr'><strong>ex</strong></span> <span class='ocrx_word' id='word_1_102' title='bbox 1821 1515 2005 1569; x_wconf 89' lang='lat' dir='ltr'><strong>animo</strong></span> 
     </span>
    </p>
   </div>
   <div class='ocr_carea' id='block_1_16' title="bbox 415 1602 2002 1702">
    <p class='ocr_par' dir='ltr' id='par_1_16' title="bbox 415 1602 2002 1702">
     <span class='ocr_line' id='line_1_16' title="bbox 415 1602 2002 1702; baseline -0.02 -14"><span class='ocrx_word' id='word_1_103' title='bbox 415 1631 687 1702; x_wconf 76' lang='lat' dir='ltr'><strong>expellere</strong></span> <span class='ocrx_word' id='word_1_104' title='bbox 710 1667 725 1693; x_wconf 89' lang='lat'><strong>,</strong></span> <span class='ocrx_word' id='word_1_105' title='bbox 747 1628 1115 1679; x_wconf 88' lang='lat' dir='ltr'><strong>conterentem</strong></span> <span class='ocrx_word' id='word_1_106' title='bbox 1145 1630 1241 1671; x_wconf 88' lang='lat' dir='ltr'><strong>eor</strong></span> <span class='ocrx_word' id='word_1_107' title='bbox 1261 1614 1332 1668; x_wconf 88' lang='lat' dir='ltr'><strong>ita</strong></span> <span class='ocrx_word' id='word_1_108' title='bbox 1359 1610 1528 1673; x_wconf 90' lang='lat' dir='ltr'><strong>adire,</strong></span> <span class='ocrx_word' id='word_1_109' title='bbox 1551 1608 1731 1662; x_wconf 88' lang='lat' dir='ltr'><strong>animo</strong></span> <span class='ocrx_word' id='word_1_110' title='bbox 1756 1602 2002 1676; x_wconf 89' lang='lat' dir='ltr'><strong>deprimi,</strong></span> 
     </span>
    </p>
   </div>
   <div class='ocr_carea' id='block_1_17' title="bbox 416 1694 2002 1781">
    <p class='ocr_par' dir='ltr' id='par_1_17' title="bbox 416 1694 2002 1781">
     <span class='ocr_line' id='line_1_17' title="bbox 416 1694 2002 1781; baseline -0.018 -3"><span class='ocrx_word' id='word_1_111' title='bbox 416 1718 877 1779; x_wconf 74' lang='lat' dir='ltr'><strong>nunsuetudinem</strong></span> <span class='ocrx_word' id='word_1_112' title='bbox 928 1723 1176 1781; x_wconf 88' lang='lat' dir='ltr'><strong>magnam</strong></span> <span class='ocrx_word' id='word_1_113' title='bbox 1224 1716 1506 1766; x_wconf 86' lang='lat' dir='ltr'><strong>exercere;</strong></span> <span class='ocrx_word' id='word_1_114' title='bbox 1561 1708 1616 1755; x_wconf 82' lang='lat' dir='ltr'><strong>et</strong></span> <span class='ocrx_word' id='word_1_115' title='bbox 1661 1698 1894 1769; x_wconf 79' lang='lat' dir='ltr'><strong>linguam</strong></span> <span class='ocrx_word' id='word_1_116' title='bbox 1933 1694 2002 1750; x_wconf 92' lang='lat' dir='ltr'><strong>ad</strong></span> 
     </span>
    </p>
   </div>
   <div class='ocr_carea' id='block_1_18' title="bbox 417 1793 2011 1882">
    <p class='ocr_par' dir='ltr' id='par_1_18' title="bbox 417 1793 2011 1882">
     <span class='ocr_line' id='line_1_18' title="bbox 417 1793 2011 1882; baseline -0.018 -11"><span class='ocrx_word' id='word_1_117' title='bbox 417 1821 552 1871; x_wconf 76' lang='lat' dir='ltr'><strong>bene</strong></span> <span class='ocrx_word' id='word_1_118' title='bbox 589 1808 909 1882; x_wconf 82' lang='lat' dir='ltr'><strong>loquendum</strong></span> <span class='ocrx_word' id='word_1_119' title='bbox 950 1809 1287 1863; x_wconf 85' lang='lat' dir='ltr'><strong>convertere,</strong></span> <span class='ocrx_word' id='word_1_120' title='bbox 1339 1799 1393 1851; x_wconf 91' lang='lat' dir='ltr'><strong>in</strong></span> <span class='ocrx_word' id='word_1_121' title='bbox 1437 1793 1584 1849; x_wconf 89' lang='lat' dir='ltr'><strong>nullo</strong></span> <span class='ocrx_word' id='word_1_122' title='bbox 1632 1804 1797 1863; x_wconf 89' lang='lat' dir='ltr'><strong>pravo</strong></span> <span class='ocrx_word' id='word_1_123' title='bbox 1844 1802 2011 1859; x_wconf 88' lang='lat' dir='ltr'><strong>opere</strong></span> 
     </span>
    </p>
   </div>
   <div class='ocr_carea' id='block_1_19' title="bbox 419 1882 2011 1975">
    <p class='ocr_par' dir='ltr' id='par_1_19' title="bbox 419 1882 2011 1975">
     <span class='ocr_line' id='line_1_19' title="bbox 419 1882 2011 1975; baseline -0.019 -8"><span class='ocrx_word' id='word_1_124' title='bbox 419 1909 641 1975; x_wconf 82' lang='lat' dir='ltr'><strong>versari,</strong></span> <span class='ocrx_word' id='word_1_125' title='bbox 666 1905 797 1961; x_wconf 84' lang='lat' dir='ltr'><strong>nihil</strong></span> <span class='ocrx_word' id='word_1_126' title='bbox 843 1901 1043 1957; x_wconf 88' lang='lat' dir='ltr'><strong>habere</strong></span> <span class='ocrx_word' id='word_1_127' title='bbox 1072 1906 1360 1953; x_wconf 89' lang='lat' dir='ltr'><strong>commune</strong></span> <span class='ocrx_word' id='word_1_128' title='bbox 1403 1903 1525 1946; x_wconf 90' lang='lat' dir='ltr'><strong>cum</strong></span> <span class='ocrx_word' id='word_1_129' title='bbox 1566 1883 1839 1943; x_wconf 90' lang='lat' dir='ltr'><strong>communi</strong></span> <span class='ocrx_word' id='word_1_130' title='bbox 1865 1882 2011 1939; x_wconf 83' lang='lat' dir='ltr'><strong>orbis</strong></span> 
     </span>
    </p>
   </div>
   <div class='ocr_carea' id='block_1_20' title="bbox 418 1975 2009 2061">
    <p class='ocr_par' dir='ltr' id='par_1_20' title="bbox 418 1975 2009 2061">
     <span class='ocr_line' id='line_1_20' title="bbox 418 1975 2009 2061; baseline -0.019 -2"><span class='ocrx_word' id='word_1_131' title='bbox 418 2013 676 2058; x_wconf 89' lang='lat' dir='ltr'><strong>terrarum</strong></span> <span class='ocrx_word' id='word_1_132' title='bbox 709 1998 884 2061; x_wconf 89' lang='lat' dir='ltr'><strong>hoste,</strong></span> <span class='ocrx_word' id='word_1_133' title='bbox 913 2007 1034 2049; x_wconf 92' lang='lat' dir='ltr'><strong>cum</strong></span> <span class='ocrx_word' id='word_1_134' title='bbox 1077 1986 1317 2052; x_wconf 87' lang='lat' dir='ltr'><strong>diabolo,</strong></span> <span class='ocrx_word' id='word_1_135' title='bbox 1349 1984 1591 2053; x_wconf 90' lang='lat' dir='ltr'><strong>inquam.</strong></span> <span class='ocrx_word' id='word_1_136' title='bbox 1632 1978 1689 2034; x_wconf 90' lang='lat' dir='ltr'><strong>lu</strong></span> <span class='ocrx_word' id='word_1_137' title='bbox 1717 1992 1842 2034; x_wconf 90' lang='lat' dir='ltr'><strong>eum</strong></span> <span class='ocrx_word' id='word_1_138' title='bbox 1866 1975 2009 2032; x_wconf 88' lang='lat' dir='ltr'><strong>enim</strong></span> 
     </span>
    </p>
   </div>
   <div class='ocr_carea' id='block_1_21' title="bbox 416 2067 2011 2165">
    <p class='ocr_par' dir='ltr' id='par_1_21' title="bbox 416 2067 2011 2165">
     <span class='ocr_line' id='line_1_21' title="bbox 416 2067 2011 2165; baseline -0.016 -15"><span class='ocrx_word' id='word_1_139' title='bbox 416 2096 504 2165; x_wconf 87' lang='lat' dir='ltr'><strong>qui</strong></span> <span class='ocrx_word' id='word_1_140' title='bbox 542 2108 637 2164; x_wconf 91' lang='lat' dir='ltr'><strong>pro</strong></span> <span class='ocrx_word' id='word_1_141' title='bbox 662 2090 782 2146; x_wconf 89' lang='lat' dir='ltr'><strong>aliis</strong></span> <span class='ocrx_word' id='word_1_142' title='bbox 803 2102 925 2143; x_wconf 91' lang='lat' dir='ltr'><strong>cum</strong></span> <span class='ocrx_word' id='word_1_143' title='bbox 952 2098 1080 2154; x_wconf 76' lang='lat' dir='ltr'><strong>rege</strong></span> <span class='ocrx_word' id='word_1_144' title='bbox 1104 2079 1357 2148; x_wconf 78' lang='lat' dir='ltr'><strong>loquitur,</strong></span> <span class='ocrx_word' id='word_1_145' title='bbox 1388 2083 1444 2130; x_wconf 90' lang='lat' dir='ltr'><strong>et</strong></span> <span class='ocrx_word' id='word_1_146' title='bbox 1470 2088 1590 2128; x_wconf 92' lang='lat' dir='ltr'><strong>cum</strong></span> <span class='ocrx_word' id='word_1_147' title='bbox 1621 2070 1739 2141; x_wconf 86' lang='lat' dir='ltr'><strong>ejus</strong></span> <span class='ocrx_word' id='word_1_148' title='bbox 1782 2067 2011 2124; x_wconf 84' lang='lat' dir='ltr'><strong>inimicis</strong></span> 
     </span>
    </p>
   </div>
   <div class='ocr_carea' id='block_1_22' title="bbox 415 2156 2004 2243">
    <p class='ocr_par' dir='ltr' id='par_1_22' title="bbox 415 2156 2004 2243">
     <span class='ocr_line' id='line_1_22' title="bbox 415 2156 2004 2243; baseline -0.02 -1"><span class='ocrx_word' id='word_1_149' title='bbox 415 2156 796 2243; x_wconf 72' lang='lat' dir='ltr'><strong>conuiuiunicat,</strong></span> <span class='ocrx_word' id='word_1_150' title='bbox 818 2188 1058 2234; x_wconf 76' lang='lat' dir='ltr'><strong>externa:</strong></span> <span class='ocrx_word' id='word_1_151' title='bbox 1081 2172 1242 2227; x_wconf 90' lang='lat' dir='ltr'><strong>etiam</strong></span> <span class='ocrx_word' id='word_1_152' title='bbox 1282 2168 1426 2236; x_wconf 80' lang='lat' dir='ltr'><strong>leges</strong></span> <span class='ocrx_word' id='word_1_153' title='bbox 1450 2161 1899 2218; x_wconf 90' lang='lat' dir='ltr'><strong>animadvertunt.</strong></span> <span class='ocrx_word' id='word_1_154' title='bbox 1933 2156 2004 2211; x_wconf 89' lang='lat' dir='ltr'><strong>Et</strong></span> 
     </span>
    </p>
   </div>
   <div class='ocr_carea' id='block_1_23' title="bbox 419 2248 2007 2346">
    <p class='ocr_par' dir='ltr' id='par_1_23' title="bbox 419 2248 2007 2346">
     <span class='ocr_line' id='line_1_23' title="bbox 419 2248 2007 2346; baseline -0.018 -15"><span class='ocrx_word' id='word_1_155' title='bbox 419 2289 471 2332; x_wconf 91' lang='lat' dir='ltr'><strong>tu</strong></span> <span class='ocrx_word' id='word_1_156' title='bbox 492 2290 621 2346; x_wconf 87' lang='lat' dir='ltr'><strong>ergo</strong></span> <span class='ocrx_word' id='word_1_157' title='bbox 645 2274 691 2327; x_wconf 88' lang='lat' dir='ltr'><strong>si</strong></span> <span class='ocrx_word' id='word_1_158' title='bbox 712 2273 793 2326; x_wconf 90' lang='lat' dir='ltr'><strong>vis</strong></span> <span class='ocrx_word' id='word_1_159' title='bbox 818 2278 873 2324; x_wconf 91' lang='lat' dir='ltr'><strong>et</strong></span> <span class='ocrx_word' id='word_1_160' title='bbox 900 2281 998 2338; x_wconf 92' lang='lat' dir='ltr'><strong>pro</strong></span> <span class='ocrx_word' id='word_1_161' title='bbox 1029 2274 1080 2319; x_wconf 90' lang='lat' dir='ltr'><strong>te</strong></span> <span class='ocrx_word' id='word_1_162' title='bbox 1105 2270 1162 2317; x_wconf 89' lang='lat' dir='ltr'><strong>et</strong></span> <span class='ocrx_word' id='word_1_163' title='bbox 1189 2275 1287 2331; x_wconf 90' lang='lat' dir='ltr'><strong>pro</strong></span> <span class='ocrx_word' id='word_1_164' title='bbox 1315 2258 1431 2311; x_wconf 87' lang='lat' dir='ltr'><strong>aliis</strong></span> <span class='ocrx_word' id='word_1_165' title='bbox 1473 2253 1678 2319; x_wconf 89' lang='lat' dir='ltr'><strong>dicere,</strong></span> <span class='ocrx_word' id='word_1_166' title='bbox 1710 2250 1792 2305; x_wconf 89' lang='lat' dir='ltr'><strong>fac</strong></span> <span class='ocrx_word' id='word_1_167' title='bbox 1815 2258 1875 2304; x_wconf 92' lang='lat' dir='ltr'><strong>ut</strong></span> <span class='ocrx_word' id='word_1_168' title='bbox 1903 2248 2007 2303; x_wconf 89' lang='lat' dir='ltr'><strong>hac</strong></span> 
     </span>
    </p>
   </div>
   <div class='ocr_carea' id='block_1_24' title="bbox 418 2339 2014 2427">
    <p class='ocr_par' dir='ltr' id='par_1_24' title="bbox 418 2339 2014 2427">
     <span class='ocr_line' id='line_1_24' title="bbox 418 2339 2014 2427; baseline -0.021 0"><span class='ocrx_word' id='word_1_169' title='bbox 418 2374 471 2427; x_wconf 91' lang='lat' dir='ltr'><strong>in</strong></span> <span class='ocrx_word' id='word_1_170' title='bbox 501 2339 817 2425; x_wconf 38' lang='lat' dir='ltr'><strong>revniaxime</strong></span> <span class='ocrx_word' id='word_1_171' title='bbox 848 2372 908 2417; x_wconf 91' lang='lat' dir='ltr'><strong>te</strong></span> <span class='ocrx_word' id='word_1_172' title='bbox 943 2367 1089 2414; x_wconf 88' lang='lat' dir='ltr'><strong>recte</strong></span> <span class='ocrx_word' id='word_1_173' title='bbox 1124 2367 1301 2426; x_wconf 83' lang='lat' dir='ltr'><strong>geras,</strong></span> <span class='ocrx_word' id='word_1_174' title='bbox 1335 2357 1395 2404; x_wconf 91' lang='lat' dir='ltr'><strong>ut</strong></span> <span class='ocrx_word' id='word_1_175' title='bbox 1438 2346 1574 2402; x_wconf 89' lang='lat' dir='ltr'><strong>nihil</strong></span> <span class='ocrx_word' id='word_1_176' title='bbox 1606 2356 1892 2401; x_wconf 88' lang='lat' dir='ltr'><strong>commune</strong></span> <span class='ocrx_word' id='word_1_177' title='bbox 1918 2339 2014 2395; x_wconf 88' lang='lat' dir='ltr'><strong>ha-</strong></span> 
     </span>
    </p>
   </div>
   <div class='ocr_carea' id='block_1_25' title="bbox 416 2433 2009 2521">
    <p class='ocr_par' dir='ltr' id='par_1_25' title="bbox 416 2433 2009 2521">
     <span class='ocr_line' id='line_1_25' title="bbox 416 2433 2009 2521; baseline -0.022 0"><span class='ocrx_word' id='word_1_178' title='bbox 416 2466 543 2521; x_wconf 82' lang='lat' dir='ltr'><strong>beas</strong></span> <span class='ocrx_word' id='word_1_179' title='bbox 567 2477 688 2518; x_wconf 89' lang='lat' dir='ltr'><strong>cqu</strong></span> <span class='ocrx_word' id='word_1_180' title='bbox 710 2452 979 2514; x_wconf 81' lang='lat' dir='ltr'><strong>communi</strong></span> <span class='ocrx_word' id='word_1_181' title='bbox 997 2451 1148 2506; x_wconf 85' lang='lat' dir='ltr'><strong>hoste</strong></span> <span class='ocrx_word' id='word_1_182' title='bbox 1169 2446 1314 2502; x_wconf 90' lang='lat' dir='ltr'><strong>orbis</strong></span> <span class='ocrx_word' id='word_1_183' title='bbox 1332 2451 1613 2499; x_wconf 86' lang='lat' dir='ltr'><strong>terrarum.</strong></span> <span class='ocrx_word' id='word_1_184' title='bbox 1640 2438 1715 2492; x_wconf 90' lang='lat' dir='ltr'><strong>Ita</strong></span> <span class='ocrx_word' id='word_1_185' title='bbox 1736 2436 1878 2492; x_wconf 87' lang='lat' dir='ltr'><strong>enim</strong></span> <span class='ocrx_word' id='word_1_186' title='bbox 1899 2433 2009 2496; x_wconf 89' lang='lat' dir='ltr'><strong>fiet,</strong></span> 
     </span>
    </p>
   </div>
   <div class='ocr_carea' id='block_1_26' title="bbox 418 2527 2011 2623">
    <p class='ocr_par' dir='ltr' id='par_1_26' title="bbox 418 2527 2011 2623">
     <span class='ocr_line' id='line_1_26' title="bbox 418 2527 2011 2623; baseline -0.021 -12"><span class='ocrx_word' id='word_1_187' title='bbox 418 2568 477 2610; x_wconf 91' lang='lat' dir='ltr'><strong>ut</strong></span> <span class='ocrx_word' id='word_1_188' title='bbox 491 2553 750 2623; x_wconf 81' lang='lat' dir='ltr'><strong>sisjustus</strong></span> <span class='ocrx_word' id='word_1_189' title='bbox 768 2564 784 2602; x_wconf 89' lang='lat'><strong>:</strong></span> <span class='ocrx_word' id='word_1_190' title='bbox 803 2557 856 2603; x_wconf 92' lang='lat' dir='ltr'><strong>et</strong></span> <span class='ocrx_word' id='word_1_191' title='bbox 871 2560 992 2601; x_wconf 91' lang='lat' dir='ltr'><strong>cum</strong></span> <span class='ocrx_word' id='word_1_192' title='bbox 1014 2541 1178 2596; x_wconf 84' lang='lat' dir='ltr'><strong>fueris</strong></span> <span class='ocrx_word' id='word_1_193' title='bbox 1188 2537 1383 2608; x_wconf 88' lang='lat' dir='ltr'><strong>justus,</strong></span> <span class='ocrx_word' id='word_1_194' title='bbox 1402 2530 1654 2592; x_wconf 88' lang='lat' dir='ltr'><strong>audieris,</strong></span> <span class='ocrx_word' id='word_1_195' title='bbox 1672 2536 1729 2582; x_wconf 92' lang='lat' dir='ltr'><strong>ut</strong></span> <span class='ocrx_word' id='word_1_196' title='bbox 1743 2527 1832 2596; x_wconf 89' lang='lat' dir='ltr'><strong>qui</strong></span> <span class='ocrx_word' id='word_1_197' title='bbox 1851 2527 2011 2581; x_wconf 88' lang='lat' dir='ltr'><strong>talem</strong></span> 
     </span>
    </p>
   </div>
   <div class='ocr_carea' id='block_1_27' title="bbox 420 2616 2011 2713">
    <p class='ocr_par' dir='ltr' id='par_1_27' title="bbox 420 2616 2011 2713">
     <span class='ocr_line' id='line_1_27' title="bbox 420 2616 2011 2713; baseline -0.021 -11"><span class='ocrx_word' id='word_1_198' title='bbox 420 2616 615 2703; x_wconf 75' lang='lat' dir='ltr'><strong>habeas</strong></span> <span class='ocrx_word' id='word_1_199' title='bbox 627 2652 904 2713; x_wconf 86' lang='lat' dir='ltr'><strong>patronam</strong></span> <span class='ocrx_word' id='word_1_200' title='bbox 913 2674 926 2687; x_wconf 95' lang='lat'><strong>.</strong></span> <span class='ocrx_word' id='word_1_201' title='bbox 938 2635 964 2690; x_wconf 83' lang='grc' dir='ltr'><em>Ι</em></span> <span class='ocrx_word' id='word_1_202' title='bbox 972 2630 1327 2688; x_wconf 83' lang='lat' dir='ltr'><strong>ntribufatione</strong></span> <span class='ocrx_word' id='word_1_203' title='bbox 1337 2624 1561 2680; x_wconf 81' lang='lat' dir='ltr'><strong>difatasti</strong></span> <span class='ocrx_word' id='word_1_204' title='bbox 1574 2620 1719 2675; x_wconf 83' lang='lat' dir='ltr'><strong>mihi.</strong></span> <span class='ocrx_word' id='word_1_205' title='bbox 1732 2617 1847 2673; x_wconf 92' lang='lat' dir='ltr'><strong>Non</strong></span> <span class='ocrx_word' id='word_1_206' title='bbox 1859 2616 2011 2681; x_wconf 76' lang='lat' dir='ltr'><strong>dixit,</strong></span> 
     </span>
    </p>
   </div>
   <div class='ocr_carea' id='block_1_28' title="bbox 418 2709 2012 2793">
    <p class='ocr_par' dir='ltr' id='par_1_28' title="bbox 418 2709 2012 2793">
     <span class='ocr_line' id='line_1_28' title="bbox 418 2709 2012 2793; baseline -0.02 -1"><span class='ocrx_word' id='word_1_207' title='bbox 418 2709 697 2793; x_wconf 79' lang='lat' dir='ltr'><strong>Adduxisti</strong></span> <span class='ocrx_word' id='word_1_208' title='bbox 742 2728 1079 2790; x_wconf 88' lang='lat' dir='ltr'><strong>afﬂictiones,</strong></span> <span class='ocrx_word' id='word_1_209' title='bbox 1118 2736 1321 2791; x_wconf 88' lang='lat' dir='ltr'><strong>neque,</strong></span> <span class='ocrx_word' id='word_1_210' title='bbox 1356 2712 1616 2772; x_wconf 87' lang='lat' dir='ltr'><strong>sustulisti</strong></span> <span class='ocrx_word' id='word_1_211' title='bbox 1659 2709 2012 2772; x_wconf 88' lang='lat' dir='ltr'><strong>lentationes,</strong></span> 
     </span>
    </p>
   </div>
   <div class='ocr_carea' id='block_1_29' title="bbox 417 2799 2011 2897">
    <p class='ocr_par' dir='ltr' id='par_1_29' title="bbox 417 2799 2011 2897">
     <span class='ocr_line' id='line_1_29' title="bbox 417 2799 2011 2897; baseline -0.021 -12"><span class='ocrx_word' id='word_1_212' title='bbox 417 2831 537 2897; x_wconf 84' lang='lat' dir='ltr'><strong>sed,</strong></span> <span class='ocrx_word' id='word_1_213' title='bbox 556 2828 710 2883; x_wconf 91' lang='lat' dir='ltr'><strong>Stare</strong></span> <span class='ocrx_word' id='word_1_214' title='bbox 732 2818 1040 2895; x_wconf 87' lang='lat' dir='ltr'><strong>permisisti,</strong></span> <span class='ocrx_word' id='word_1_215' title='bbox 1058 2825 1113 2871; x_wconf 91' lang='lat' dir='ltr'><strong>et</strong></span> <span class='ocrx_word' id='word_1_216' title='bbox 1128 2810 1366 2867; x_wconf 81' lang='lat' dir='ltr'><strong>Dilatasti</strong></span> <span class='ocrx_word' id='word_1_217' title='bbox 1388 2808 1530 2861; x_wconf 87' lang='lat' dir='ltr'><strong>mihi.</strong></span> <span class='ocrx_word' id='word_1_218' title='bbox 1549 2804 1758 2871; x_wconf 85' lang='lat' dir='ltr'><strong>Quanta</strong></span> <span class='ocrx_word' id='word_1_219' title='bbox 1785 2801 1855 2856; x_wconf 92' lang='lat' dir='ltr'><strong>sit</strong></span> <span class='ocrx_word' id='word_1_220' title='bbox 1868 2799 2011 2855; x_wconf 88' lang='lat' dir='ltr'><strong>enim</strong></span> 
     </span>
    </p>
   </div>
   <div class='ocr_carea' id='block_1_30' title="bbox 417 2893 2012 2993">
    <p class='ocr_par' dir='ltr' id='par_1_30' title="bbox 417 2893 2012 2993">
     <span class='ocr_line' id='line_1_30' title="bbox 417 2893 2012 2993; baseline -0.02 -16"><span class='ocrx_word' id='word_1_221' title='bbox 417 2936 466 2976; x_wconf 74' lang='lat' dir='ltr'><strong>et</strong></span> <span class='ocrx_word' id='word_1_222' title='bbox 488 2893 645 2993; x_wconf 83' lang='lat' dir='ltr'><strong>quam</strong></span> <span class='ocrx_word' id='word_1_223' title='bbox 675 2893 922 2988; x_wconf 83' lang='lat' dir='ltr'><strong>expedita</strong></span> <span class='ocrx_word' id='word_1_224' title='bbox 944 2912 1037 2967; x_wconf 88' lang='lat' dir='ltr'><strong>Dei</strong></span> <span class='ocrx_word' id='word_1_225' title='bbox 1056 2907 1289 2969; x_wconf 87' lang='lat' dir='ltr'><strong>solertia,</strong></span> <span class='ocrx_word' id='word_1_226' title='bbox 1309 2904 1431 2957; x_wconf 91' lang='lat' dir='ltr'><strong>hinc</strong></span> <span class='ocrx_word' id='word_1_227' title='bbox 1446 2898 1676 2955; x_wconf 81' lang='lat' dir='ltr'><strong>maxime</strong></span> <span class='ocrx_word' id='word_1_228' title='bbox 1687 2893 2012 2958; x_wconf 81' lang='lat' dir='ltr'><strong>ostenditur,</strong></span> 
     </span>
    </p>
   </div>
   <div class='ocr_carea' id='block_1_31' title="bbox 423 2984 2012 3078">
    <p class='ocr_par' dir='ltr' id='par_1_31' title="bbox 423 2984 2012 3078">
     <span class='ocr_line' id='line_1_31' title="bbox 423 2984 2012 3078; baseline -0.02 -11"><span class='ocrx_word' id='word_1_229' title='bbox 423 2984 527 3069; x_wconf 77' lang='lat' dir='ltr'><strong>non</strong></span> <span class='ocrx_word' id='word_1_230' title='bbox 557 3012 731 3067; x_wconf 87' lang='lat' dir='ltr'><strong>solum</strong></span> <span class='ocrx_word' id='word_1_231' title='bbox 744 2984 906 3078; x_wconf 67' lang='lat' dir='ltr'><strong>quod</strong></span> <span class='ocrx_word' id='word_1_232' title='bbox 946 3001 1161 3058; x_wconf 80' lang='lat' dir='ltr'><strong>inducat</strong></span> <span class='ocrx_word' id='word_1_233' title='bbox 1188 2995 1524 3056; x_wconf 85' lang='lat' dir='ltr'><strong>alﬂictiones,</strong></span> <span class='ocrx_word' id='word_1_234' title='bbox 1553 2989 1647 3044; x_wconf 88' lang='lat' dir='ltr'><strong>sed</strong></span> <span class='ocrx_word' id='word_1_235' title='bbox 1671 2987 1834 3043; x_wconf 89' lang='lat' dir='ltr'><strong>etiam</strong></span> <span class='ocrx_word' id='word_1_236' title='bbox 1870 2984 2012 3078; x_wconf 82' lang='lat' dir='ltr'><strong>quod</strong></span> 
     </span>
    </p>
   </div>
   <div class='ocr_carea' id='block_1_32' title="bbox 423 3076 2013 3162">
    <p class='ocr_par' dir='ltr' id='par_1_32' title="bbox 423 3076 2013 3162">
     <span class='ocr_line' id='line_1_32' title="bbox 423 3076 2013 3162; baseline -0.019 -1"><span class='ocrx_word' id='word_1_237' title='bbox 423 3112 700 3162; x_wconf 85' lang='lat' dir='ltr'><strong>manentes</strong></span> <span class='ocrx_word' id='word_1_238' title='bbox 728 3076 847 3155; x_wconf 83' lang='lat' dir='ltr'><strong>illas</strong></span> <span class='ocrx_word' id='word_1_239' title='bbox 872 3092 1177 3151; x_wconf 84' lang='lat' dir='ltr'><strong>tolerabiles</strong></span> <span class='ocrx_word' id='word_1_240' title='bbox 1200 3086 1408 3144; x_wconf 88' lang='lat' dir='ltr'><strong>reddat.</strong></span> <span class='ocrx_word' id='word_1_241' title='bbox 1442 3082 1554 3138; x_wconf 89' lang='lat' dir='ltr'><strong>lloc</strong></span> <span class='ocrx_word' id='word_1_242' title='bbox 1578 3090 1632 3137; x_wconf 90' lang='lat' dir='ltr'><strong>et</strong></span> <span class='ocrx_word' id='word_1_243' title='bbox 1661 3080 1757 3135; x_wconf 90' lang='lat' dir='ltr'><strong>Dei</strong></span> <span class='ocrx_word' id='word_1_244' title='bbox 1782 3076 2013 3134; x_wconf 82' lang='lat' dir='ltr'><strong>ostendit</strong></span> 
     </span>
    </p>
   </div>
   <div class='ocr_carea' id='block_1_33' title="bbox 421 3169 2013 3271">
    <p class='ocr_par' dir='ltr' id='par_1_33' title="bbox 421 3169 2013 3271">
     <span class='ocr_line' id='line_1_33' title="bbox 421 3169 2013 3271; baseline -0.019 -18"><span class='ocrx_word' id='word_1_245' title='bbox 421 3198 734 3271; x_wconf 79' lang='lat' dir='ltr'><strong>potentiam,</strong></span> <span class='ocrx_word' id='word_1_246' title='bbox 762 3201 818 3247; x_wconf 89' lang='lat' dir='ltr'><strong>et</strong></span> <span class='ocrx_word' id='word_1_247' title='bbox 841 3190 931 3261; x_wconf 93' lang='lat' dir='ltr'><strong>qui</strong></span> <span class='ocrx_word' id='word_1_248' title='bbox 963 3188 1019 3243; x_wconf 91' lang='lat' dir='ltr'><strong>in</strong></span> <span class='ocrx_word' id='word_1_249' title='bbox 1048 3200 1141 3241; x_wconf 89' lang='lat' dir='ltr'><strong>eas</strong></span> <span class='ocrx_word' id='word_1_250' title='bbox 1165 3180 1425 3240; x_wconf 90' lang='lat' dir='ltr'><strong>incidunt,</strong></span> <span class='ocrx_word' id='word_1_251' title='bbox 1447 3173 1797 3246; x_wconf 88' lang='lat' dir='ltr'><strong>sapientiores</strong></span> <span class='ocrx_word' id='word_1_252' title='bbox 1818 3169 2013 3237; x_wconf 88' lang='lat' dir='ltr'><strong>reddit,</strong></span> 
     </span>
    </p>
   </div>
   <div class='ocr_carea' id='block_1_34' title="bbox 421 3265 2006 3363">
    <p class='ocr_par' dir='ltr' id='par_1_34' title="bbox 421 3265 2006 3363">
     <span class='ocr_line' id='line_1_34' title="bbox 421 3265 2006 3363; baseline -0.02 -16"><span class='ocrx_word' id='word_1_253' title='bbox 421 3265 635 3363; x_wconf 68' lang='lat' dir='ltr'><strong>quando</strong></span> <span class='ocrx_word' id='word_1_254' title='bbox 663 3295 716 3342; x_wconf 91' lang='lat' dir='ltr'><strong>et</strong></span> <span class='ocrx_word' id='word_1_255' title='bbox 741 3282 979 3339; x_wconf 86' lang='lat' dir='ltr'><strong>dilatatio</strong></span> <span class='ocrx_word' id='word_1_256' title='bbox 1007 3277 1159 3332; x_wconf 88' lang='lat' dir='ltr'><strong>adest</strong></span> <span class='ocrx_word' id='word_1_257' title='bbox 1184 3288 1303 3344; x_wconf 74' lang='lat' dir='ltr'><strong>qua:</strong></span> <span class='ocrx_word' id='word_1_258' title='bbox 1323 3270 1573 3324; x_wconf 87' lang='lat' dir='ltr'><strong>afflictam</strong></span> <span class='ocrx_word' id='word_1_259' title='bbox 1613 3265 1845 3319; x_wconf 88' lang='lat' dir='ltr'><strong>animam</strong></span> <span class='ocrx_word' id='word_1_260' title='bbox 1872 3276 2006 3317; x_wconf 87' lang='lat' dir='ltr'><strong>con-</strong></span> 
     </span>
    </p>
   </div>
   <div class='ocr_carea' id='block_1_35' title="bbox 421 3356 2013 3445">
    <p class='ocr_par' dir='ltr' id='par_1_35' title="bbox 421 3356 2013 3445">
     <span class='ocr_line' id='line_1_35' title="bbox 421 3356 2013 3445; baseline -0.021 -5"><span class='ocrx_word' id='word_1_261' title='bbox 421 3356 644 3445; x_wconf 77' lang='lat' dir='ltr'><strong>soletur,</strong></span> <span class='ocrx_word' id='word_1_262' title='bbox 681 3387 737 3434; x_wconf 86' lang='lat' dir='ltr'><strong>et</strong></span> <span class='ocrx_word' id='word_1_263' title='bbox 773 3374 992 3431; x_wconf 90' lang='lat' dir='ltr'><strong>afflictio</strong></span> <span class='ocrx_word' id='word_1_264' title='bbox 1018 3384 1125 3425; x_wconf 92' lang='lat' dir='ltr'><strong>non</strong></span> <span class='ocrx_word' id='word_1_265' title='bbox 1168 3366 1396 3422; x_wconf 87' lang='lat' dir='ltr'><strong>tollitur,</strong></span> <span class='ocrx_word' id='word_1_266' title='bbox 1425 3376 1544 3430; x_wconf 75' lang='lat' dir='ltr'><strong>qua:</strong></span> <span class='ocrx_word' id='word_1_267' title='bbox 1572 3364 1629 3412; x_wconf 91' lang='lat' dir='ltr'><strong>et</strong></span> <span class='ocrx_word' id='word_1_268' title='bbox 1656 3356 2013 3445; x_wconf 75' lang='lat' dir='ltr'><strong>negligentem</strong></span> 
     </span>
    </p>
   </div>
   <div class='ocr_carea' id='block_1_36' title="bbox 422 3442 2011 3540">
    <p class='ocr_par' dir='ltr' id='par_1_36' title="bbox 422 3442 2011 3540">
     <span class='ocr_line' id='line_1_36' title="bbox 422 3442 2011 3540; baseline -0.021 -10"><span class='ocrx_word' id='word_1_269' title='bbox 422 3442 734 3540; x_wconf 79' lang='lat' dir='ltr'><strong>adstringat,</strong></span> <span class='ocrx_word' id='word_1_270' title='bbox 765 3476 822 3523; x_wconf 90' lang='lat' dir='ltr'><strong>et</strong></span> <span class='ocrx_word' id='word_1_271' title='bbox 847 3466 914 3520; x_wconf 89' lang='lat' dir='ltr'><strong>ab</strong></span> <span class='ocrx_word' id='word_1_272' title='bbox 940 3460 1087 3517; x_wconf 91' lang='lat' dir='ltr'><strong>omni</strong></span> <span class='ocrx_word' id='word_1_273' title='bbox 1133 3455 1361 3527; x_wconf 83' lang='lat' dir='ltr'><strong>segnitie</strong></span> <span class='ocrx_word' id='word_1_274' title='bbox 1399 3451 1607 3505; x_wconf 88' lang='lat' dir='ltr'><strong>liberet.</strong></span> <span class='ocrx_word' id='word_1_275' title='bbox 1641 3447 1711 3501; x_wconf 89' lang='lat' dir='ltr'><strong>Et</strong></span> <span class='ocrx_word' id='word_1_276' title='bbox 1740 3442 2011 3540; x_wconf 77' lang='lat' dir='ltr'><strong>quomodo</strong></span> 
     </span>
    </p>
   </div>
   <div class='ocr_carea' id='block_1_37' title="bbox 426 3534 2015 3626">
    <p class='ocr_par' dir='ltr' id='par_1_37' title="bbox 426 3534 2015 3626">
     <span class='ocr_line' id='line_1_37' title="bbox 426 3534 2015 3626; baseline -0.022 -3"><span class='ocrx_word' id='word_1_277' title='bbox 426 3571 476 3623; x_wconf 91' lang='lat' dir='ltr'><strong>in</strong></span> <span class='ocrx_word' id='word_1_278' title='bbox 521 3534 829 3626; x_wconf 70' lang='lat' dir='ltr'><strong>afﬂictione,</strong></span> <span class='ocrx_word' id='word_1_279' title='bbox 869 3553 1079 3625; x_wconf 88' lang='lat' dir='ltr'><strong>inquies</strong></span> <span class='ocrx_word' id='word_1_280' title='bbox 1103 3591 1118 3617; x_wconf 94' lang='lat'><strong>,</strong></span> <span class='ocrx_word' id='word_1_281' title='bbox 1165 3546 1322 3603; x_wconf 86' lang='lat' dir='ltr'><strong>fuerit</strong></span> <span class='ocrx_word' id='word_1_282' title='bbox 1350 3539 1621 3597; x_wconf 86' lang='lat' dir='ltr'><strong>dilatatio?</strong></span> <span class='ocrx_word' id='word_1_283' title='bbox 1662 3537 1731 3594; x_wconf 89' lang='lat' dir='ltr'><strong>Ut</strong></span> <span class='ocrx_word' id='word_1_284' title='bbox 1775 3536 1827 3590; x_wconf 88' lang='lat' dir='ltr'><strong>in</strong></span> <span class='ocrx_word' id='word_1_285' title='bbox 1854 3534 2015 3590; x_wconf 80' lang='lat' dir='ltr'><strong>trium</strong></span> 
     </span>
    </p>
   </div>
   <div class='ocr_carea' id='block_1_38' title="bbox 429 3628 2015 3732">
    <p class='ocr_par' dir='ltr' id='par_1_38' title="bbox 429 3628 2015 3732">
     <span class='ocr_line' id='line_1_38' title="bbox 429 3628 2015 3732; baseline -0.022 -19"><span class='ocrx_word' id='word_1_286' title='bbox 429 3671 715 3732; x_wconf 85' lang='lat' dir='ltr'><strong>puerorum</strong></span> <span class='ocrx_word' id='word_1_287' title='bbox 753 3652 969 3707; x_wconf 82' lang='lat' dir='ltr'><strong>fornace</strong></span> <span class='ocrx_word' id='word_1_288' title='bbox 1005 3644 1168 3717; x_wconf 87' lang='lat' dir='ltr'><strong>(Dan.</strong></span> <span class='ocrx_word' id='word_1_289' title='bbox 1194 3643 1249 3696; x_wconf 80' lang='lat'><strong>5.</strong></span> <span class='ocrx_word' id='word_1_290' title='bbox 1292 3637 1387 3706; x_wconf 67' lang='grc'><strong>24)</strong></span> <span class='ocrx_word' id='word_1_291' title='bbox 1412 3677 1427 3699; x_wconf 91' lang='grc'><em>,</em></span> <span class='ocrx_word' id='word_1_292' title='bbox 1460 3644 1520 3688; x_wconf 91' lang='lat' dir='ltr'><strong>ut</strong></span> <span class='ocrx_word' id='word_1_293' title='bbox 1561 3631 1612 3685; x_wconf 92' lang='lat' dir='ltr'><strong>in</strong></span> <span class='ocrx_word' id='word_1_294' title='bbox 1643 3629 1761 3684; x_wconf 89' lang='lat' dir='ltr'><strong>lacu</strong></span> <span class='ocrx_word' id='word_1_295' title='bbox 1802 3628 2015 3683; x_wconf 88' lang='lat' dir='ltr'><strong>leonum</strong></span> 
     </span>
    </p>
   </div>
   <div class='ocr_carea' id='block_1_39' title="bbox 428 3725 2018 3826">
    <p class='ocr_par' dir='ltr' id='par_1_39' title="bbox 428 3725 2018 3826">
     <span class='ocr_line' id='line_1_39' title="bbox 428 3725 2018 3826; baseline -0.021 -16"><span class='ocrx_word' id='word_1_296' title='bbox 428 3725 594 3826; x_wconf 35' lang='lat' dir='ltr'><strong>(Dan.</strong></span> <span class='ocrx_word' id='word_1_297' title='bbox 620 3750 671 3806; x_wconf 82' lang='lat'><strong>6.</strong></span> <span class='ocrx_word' id='word_1_298' title='bbox 700 3747 772 3803; x_wconf 75' lang='lat'><strong>2‘2</strong></span> <span class='ocrx_word' id='word_1_299' title='bbox 791 3747 831 3815; x_wconf 90' lang='lat'><strong>).</strong></span> <span class='ocrx_word' id='word_1_300' title='bbox 872 3741 988 3797; x_wconf 90' lang='lat' dir='ltr'><strong>Non</strong></span> <span class='ocrx_word' id='word_1_301' title='bbox 1035 3737 1177 3793; x_wconf 91' lang='lat' dir='ltr'><strong>enim</strong></span> <span class='ocrx_word' id='word_1_302' title='bbox 1204 3727 1459 3789; x_wconf 79' lang='lat' dir='ltr'><strong>exstinxit</strong></span> <span class='ocrx_word' id='word_1_303' title='bbox 1504 3725 1795 3825; x_wconf 68' lang='lat' dir='ltr'><strong>ﬂammam,</strong></span> <span class='ocrx_word' id='word_1_304' title='bbox 1816 3729 1872 3826; x_wconf 69' lang='lat' dir='ltr'><strong>et</strong></span> <span class='ocrx_word' id='word_1_305' title='bbox 1891 3729 2018 3826; x_wconf 68' lang='lat' dir='ltr'><strong>tunc</strong></span> 
     </span>
    </p>
   </div>
   <div class='ocr_carea' id='block_1_40' title="bbox 429 3812 2015 3908">
    <p class='ocr_par' dir='ltr' id='par_1_40' title="bbox 429 3812 2015 3908">
     <span class='ocr_line' id='line_1_40' title="bbox 429 3812 2015 3908; baseline -0.023 -8"><span class='ocrx_word' id='word_1_306' title='bbox 429 3812 553 3900; x_wconf 81' lang='lat' dir='ltr'><strong>fecit</strong></span> <span class='ocrx_word' id='word_1_307' title='bbox 573 3851 633 3897; x_wconf 93' lang='lat' dir='ltr'><strong>ut</strong></span> <span class='ocrx_word' id='word_1_308' title='bbox 659 3839 759 3908; x_wconf 87' lang='lat' dir='ltr'><strong>ipsi</strong></span> <span class='ocrx_word' id='word_1_309' title='bbox 789 3812 971 3892; x_wconf 82' lang='lat' dir='ltr'><strong>essent</strong></span> <span class='ocrx_word' id='word_1_310' title='bbox 995 3831 1048 3885; x_wconf 91' lang='lat' dir='ltr'><strong>in</strong></span> <span class='ocrx_word' id='word_1_311' title='bbox 1072 3828 1239 3882; x_wconf 85' lang='lat' dir='ltr'><strong>libero</strong></span> <span class='ocrx_word' id='word_1_312' title='bbox 1266 3830 1445 3886; x_wconf 90' lang='lat' dir='ltr'><strong>statu;</strong></span> <span class='ocrx_word' id='word_1_313' title='bbox 1480 3832 1654 3887; x_wconf 89' lang='lat' dir='ltr'><strong>neque</strong></span> <span class='ocrx_word' id='word_1_314' title='bbox 1683 3813 1878 3869; x_wconf 88' lang='lat' dir='ltr'><strong>occidit</strong></span> <span class='ocrx_word' id='word_1_315' title='bbox 1902 3812 2015 3868; x_wconf 86' lang='lat' dir='ltr'><strong>leo-</strong></span> 
     </span>
    </p>
   </div>
   <div class='ocr_carea' id='block_1_41' title="bbox 430 3903 2015 3999">
    <p class='ocr_par' dir='ltr' id='par_1_41' title="bbox 430 3903 2015 3999">
     <span class='ocr_line' id='line_1_41' title="bbox 430 3903 2015 3999; baseline -0.02 -8"><span class='ocrx_word' id='word_1_316' title='bbox 430 3951 546 3999; x_wconf 82' lang='lat' dir='ltr'><strong>nes,</strong></span> <span class='ocrx_word' id='word_1_317' title='bbox 571 3941 625 3988; x_wconf 85' lang='lat' dir='ltr'><strong>et</strong></span> <span class='ocrx_word' id='word_1_318' title='bbox 652 3903 780 3985; x_wconf 84' lang='lat' dir='ltr'><strong>tunc</strong></span> <span class='ocrx_word' id='word_1_319' title='bbox 802 3937 1052 3982; x_wconf 88' lang='lat' dir='ltr'><strong>securum</strong></span> <span class='ocrx_word' id='word_1_320' title='bbox 1080 3914 1351 3973; x_wconf 86' lang='lat' dir='ltr'><strong>Duuielem</strong></span> <span class='ocrx_word' id='word_1_321' title='bbox 1380 3908 1611 3965; x_wconf 73' lang='lat' dir='ltr'><strong>reddidit</strong></span> <span class='ocrx_word' id='word_1_322' title='bbox 1644 3923 1659 3960; x_wconf 82' lang='lat'><strong>:</strong></span> <span class='ocrx_word' id='word_1_323' title='bbox 1704 3905 1801 3959; x_wconf 90' lang='lat' dir='ltr'><strong>sed</strong></span> <span class='ocrx_word' id='word_1_324' title='bbox 1824 3912 1880 3960; x_wconf 88' lang='lat' dir='ltr'><strong>et</strong></span> <span class='ocrx_word' id='word_1_325' title='bbox 1902 3903 2015 3959; x_wconf 91' lang='lat' dir='ltr'><strong>illic</strong></span> 
     </span>
    </p>
   </div>
   <div class='ocr_carea' id='block_1_42' title="bbox 431 3994 2014 4081">
    <p class='ocr_par' dir='ltr' id='par_1_42' title="bbox 431 3994 2014 4081">
     <span class='ocr_line' id='line_1_42' title="bbox 431 3994 2014 4081; baseline -0.02 -2"><span class='ocrx_word' id='word_1_326' title='bbox 431 3994 644 4081; x_wconf 83' lang='lat' dir='ltr'><strong>fornace</strong></span> <span class='ocrx_word' id='word_1_327' title='bbox 668 4019 1013 4075; x_wconf 87' lang='lat' dir='ltr'><strong>vehementer</strong></span> <span class='ocrx_word' id='word_1_328' title='bbox 1042 4008 1282 4070; x_wconf 87' lang='lat' dir='ltr'><strong>ardente,</strong></span> <span class='ocrx_word' id='word_1_329' title='bbox 1311 4011 1368 4060; x_wconf 92' lang='lat' dir='ltr'><strong>et</strong></span> <span class='ocrx_word' id='word_1_330' title='bbox 1390 4001 1480 4056; x_wconf 87' lang='lat' dir='ltr'><strong>hic</strong></span> <span class='ocrx_word' id='word_1_331' title='bbox 1500 3999 1627 4055; x_wconf 88' lang='lat' dir='ltr'><strong>feris</strong></span> <span class='ocrx_word' id='word_1_332' title='bbox 1653 3994 2014 4062; x_wconf 87' lang='lat' dir='ltr'><strong>manentibus,</strong></span> 
     </span>
    </p>
   </div>
   <div class='ocr_carea' id='block_1_43' title="bbox 425 4087 2014 4187">
    <p class='ocr_par' dir='ltr' id='par_1_43' title="bbox 425 4087 2014 4187">
     <span class='ocr_line' id='line_1_43' title="bbox 425 4087 2014 4187; baseline -0.022 -14"><span class='ocrx_word' id='word_1_333' title='bbox 425 4116 555 4187; x_wconf 78' lang='lat' dir='ltr'><strong>justi</strong></span> <span class='ocrx_word' id='word_1_334' title='bbox 576 4115 629 4169; x_wconf 91' lang='lat' dir='ltr'><strong>in</strong></span> <span class='ocrx_word' id='word_1_335' title='bbox 657 4124 845 4181; x_wconf 89' lang='lat' dir='ltr'><strong>magna</strong></span> <span class='ocrx_word' id='word_1_336' title='bbox 875 4106 1120 4161; x_wconf 87' lang='lat' dir='ltr'><strong>libertate</strong></span> <span class='ocrx_word' id='word_1_337' title='bbox 1159 4101 1490 4152; x_wconf 88' lang='lat' dir='ltr'><strong>manserunt.</strong></span> <span class='ocrx_word' id='word_1_338' title='bbox 1520 4091 1706 4146; x_wconf 87' lang='lat' dir='ltr'><strong>Potest</strong></span> <span class='ocrx_word' id='word_1_339' title='bbox 1727 4088 1889 4144; x_wconf 89' lang='lat' dir='ltr'><strong>etiam</strong></span> <span class='ocrx_word' id='word_1_340' title='bbox 1913 4087 2014 4141; x_wconf 85' lang='lat' dir='ltr'><strong>ali-</strong></span> 
     </span>
    </p>
   </div>
   <div class='ocr_carea' id='block_1_44' title="bbox 436 4178 2019 4273">
    <p class='ocr_par' dir='ltr' id='par_1_44' title="bbox 436 4178 2019 4273">
     <span class='ocr_line' id='line_1_44' title="bbox 436 4178 2019 4273; baseline -0.019 -11"><span class='ocrx_word' id='word_1_341' title='bbox 436 4178 516 4262; x_wconf 74' lang='lat' dir='ltr'><strong>ter</strong></span> <span class='ocrx_word' id='word_1_342' title='bbox 547 4204 712 4273; x_wconf 89' lang='lat' dir='ltr'><strong>accipi</strong></span> <span class='ocrx_word' id='word_1_343' title='bbox 742 4178 981 4255; x_wconf 80' lang='lat' dir='ltr'><strong>dilatatio</strong></span> <span class='ocrx_word' id='word_1_344' title='bbox 1003 4236 1019 4260; x_wconf 90' lang='lat'><strong>,</strong></span> <span class='ocrx_word' id='word_1_345' title='bbox 1062 4201 1122 4247; x_wconf 94' lang='lat' dir='ltr'><strong>ut</strong></span> <span class='ocrx_word' id='word_1_346' title='bbox 1145 4187 1359 4262; x_wconf 85' lang='lat' dir='ltr'><strong>quando</strong></span> <span class='ocrx_word' id='word_1_347' title='bbox 1386 4184 1585 4249; x_wconf 85' lang='lat' dir='ltr'><strong>anima,</strong></span> <span class='ocrx_word' id='word_1_348' title='bbox 1637 4178 2019 4236; x_wconf 72' lang='lat' dir='ltr'><strong>tentationibus</strong></span> 
     </span>
    </p>
   </div>
   <div class='ocr_carea' id='block_1_45' title="bbox 434 4269 2019 4370">
    <p class='ocr_par' dir='ltr' id='par_1_45' title="bbox 434 4269 2019 4370">
     <span class='ocr_line' id='line_1_45' title="bbox 434 4269 2019 4370; baseline -0.02 -16"><span class='ocrx_word' id='word_1_349' title='bbox 434 4269 724 4370; x_wconf 83' lang='lat' dir='ltr'><strong>oppressa,</strong></span> <span class='ocrx_word' id='word_1_350' title='bbox 783 4292 1036 4345; x_wconf 88' lang='lat' dir='ltr'><strong>liberatur</strong></span> <span class='ocrx_word' id='word_1_351' title='bbox 1082 4300 1112 4338; x_wconf 90' lang='lat' dir='ltr'><strong>a</strong></span> <span class='ocrx_word' id='word_1_352' title='bbox 1159 4274 1684 4352; x_wconf 87' lang='lat' dir='ltr'><strong>perturbationibus,</strong></span> <span class='ocrx_word' id='word_1_353' title='bbox 1736 4280 1793 4327; x_wconf 89' lang='lat' dir='ltr'><strong>et</strong></span> <span class='ocrx_word' id='word_1_354' title='bbox 1838 4269 2019 4325; x_wconf 91' lang='lat' dir='ltr'><strong>multis</strong></span> 
     </span>
    </p>
   </div>
   <div class='ocr_carea' id='block_1_46' title="bbox 434 4363 2016 4463">
    <p class='ocr_par' dir='ltr' id='par_1_46' title="bbox 434 4363 2016 4463">
     <span class='ocr_line' id='line_1_46' title="bbox 434 4363 2016 4463; baseline -0.021 -15"><span class='ocrx_word' id='word_1_355' title='bbox 434 4363 834 4463; x_wconf 40' lang='lat' dir='ltr'><strong>sig-ritudiuihus</strong></span> <span class='ocrx_word' id='word_1_356' title='bbox 854 4401 867 4436; x_wconf 90' lang='lat'><strong>:</strong></span> <span class='ocrx_word' id='word_1_357' title='bbox 888 4392 1013 4437; x_wconf 89' lang='lat' dir='ltr'><strong>tunc</strong></span> <span class='ocrx_word' id='word_1_358' title='bbox 1041 4376 1187 4434; x_wconf 88' lang='lat' dir='ltr'><strong>enim</strong></span> <span class='ocrx_word' id='word_1_359' title='bbox 1206 4372 1438 4429; x_wconf 80' lang='lat' dir='ltr'><strong>maxime</strong></span> <span class='ocrx_word' id='word_1_360' title='bbox 1457 4369 1624 4424; x_wconf 88' lang='lat' dir='ltr'><strong>libero</strong></span> <span class='ocrx_word' id='word_1_361' title='bbox 1639 4374 1781 4422; x_wconf 90' lang='lat' dir='ltr'><strong>statu</strong></span> <span class='ocrx_word' id='word_1_362' title='bbox 1804 4363 2016 4418; x_wconf 84' lang='lat' dir='ltr'><strong>fruitur.</strong></span> 
     </span>
    </p>
   </div>
   <div class='ocr_carea' id='block_1_47' title="bbox 435 4457 2021 4547">
    <p class='ocr_par' dir='ltr' id='par_1_47' title="bbox 435 4457 2021 4547">
     <span class='ocr_line' id='line_1_47' title="bbox 435 4457 2021 4547; baseline -0.02 -6"><span class='ocrx_word' id='word_1_363' title='bbox 435 4457 584 4541; x_wconf 65' lang='lat' dir='ltr'><strong>Militi</strong></span> <span class='ocrx_word' id='word_1_364' title='bbox 613 4481 753 4536; x_wconf 91' lang='lat' dir='ltr'><strong>enim</strong></span> <span class='ocrx_word' id='word_1_365' title='bbox 783 4473 1035 4547; x_wconf 91' lang='lat' dir='ltr'><strong>quamdiu</strong></span> <span class='ocrx_word' id='word_1_366' title='bbox 1063 4476 1281 4526; x_wconf 89' lang='lat' dir='ltr'><strong>manent</strong></span> <span class='ocrx_word' id='word_1_367' title='bbox 1330 4466 1382 4520; x_wconf 90' lang='lat' dir='ltr'><strong>in</strong></span> <span class='ocrx_word' id='word_1_368' title='bbox 1407 4462 1570 4518; x_wconf 87' lang='lat' dir='ltr'><strong>rebus</strong></span> <span class='ocrx_word' id='word_1_369' title='bbox 1596 4457 1877 4525; x_wconf 83' lang='lat' dir='ltr'><strong>secundis,</strong></span> <span class='ocrx_word' id='word_1_370' title='bbox 1908 4465 2021 4511; x_wconf 88' lang='lat' dir='ltr'><strong>tur-</strong></span> 
     </span>
    </p>
   </div>
   <div class='ocr_carea' id='block_1_48' title="bbox 436 4548 2019 4648">
    <p class='ocr_par' dir='ltr' id='par_1_48' title="bbox 436 4548 2019 4648">
     <span class='ocr_line' id='line_1_48' title="bbox 436 4548 2019 4648; baseline -0.02 -17"><span class='ocrx_word' id='word_1_371' title='bbox 436 4574 671 4648; x_wconf 84' lang='lat' dir='ltr'><strong>pissimis</strong></span> <span class='ocrx_word' id='word_1_372' title='bbox 698 4580 752 4626; x_wconf 90' lang='lat' dir='ltr'><strong>et</strong></span> <span class='ocrx_word' id='word_1_373' title='bbox 786 4566 1018 4622; x_wconf 90' lang='lat' dir='ltr'><strong>animam</strong></span> <span class='ocrx_word' id='word_1_374' title='bbox 1049 4557 1412 4617; x_wconf 87' lang='lat' dir='ltr'><strong>cruciantibus</strong></span> <span class='ocrx_word' id='word_1_375' title='bbox 1456 4562 1705 4609; x_wconf 90' lang='lat' dir='ltr'><strong>tenentur</strong></span> <span class='ocrx_word' id='word_1_376' title='bbox 1726 4548 2019 4615; x_wconf 85' lang='lat' dir='ltr'><strong>amoribus,</strong></span> 
     </span>
    </p>
   </div>
   <div class='ocr_carea' id='block_1_49' title="bbox 438 4644 2021 4738">
    <p class='ocr_par' dir='ltr' id='par_1_49' title="bbox 438 4644 2021 4738">
     <span class='ocr_line' id='line_1_49' title="bbox 438 4644 2021 4738; baseline -0.021 -14"><span class='ocrx_word' id='word_1_377' title='bbox 438 4644 806 4738; x_wconf 66' lang='lat' dir='ltr'><strong>pecuniarum,</strong></span> <span class='ocrx_word' id='word_1_378' title='bbox 858 4668 1143 4727; x_wconf 90' lang='lat' dir='ltr'><strong>corporum</strong></span> <span class='ocrx_word' id='word_1_379' title='bbox 1168 4692 1183 4717; x_wconf 96' lang='lat'><strong>,</strong></span> <span class='ocrx_word' id='word_1_380' title='bbox 1215 4660 1270 4706; x_wconf 91' lang='lat' dir='ltr'><strong>et</strong></span> <span class='ocrx_word' id='word_1_381' title='bbox 1296 4645 1558 4719; x_wconf 83' lang='lat' dir='ltr'><strong>ejusmodi</strong></span> <span class='ocrx_word' id='word_1_382' title='bbox 1606 4644 1830 4698; x_wconf 90' lang='lat' dir='ltr'><strong>aliorum</strong></span> <span class='ocrx_word' id='word_1_383' title='bbox 1854 4680 1871 4707; x_wconf 97' lang='lat'><strong>,</strong></span> <span class='ocrx_word' id='word_1_384' title='bbox 1900 4654 2021 4711; x_wconf 65' lang='lat' dir='ltr'><strong>qua;</strong></span> 
     </span>
    </p>
   </div>
   <div class='ocr_carea' id='block_1_50' title="bbox 436 4732 2024 4818">
    <p class='ocr_par' dir='ltr' id='par_1_50' title="bbox 436 4732 2024 4818">
     <span class='ocr_line' id='line_1_50' title="bbox 436 4732 2024 4818; baseline -0.019 -1"><span class='ocrx_word' id='word_1_385' title='bbox 436 4732 560 4817; x_wconf 74' lang='lat' dir='ltr'><strong>sunt</strong></span> <span class='ocrx_word' id='word_1_386' title='bbox 603 4754 871 4813; x_wconf 86' lang='lat' dir='ltr'><strong>absurda:</strong></span> <span class='ocrx_word' id='word_1_387' title='bbox 900 4749 997 4807; x_wconf 87' lang='lat' dir='ltr'><strong>sed</strong></span> <span class='ocrx_word' id='word_1_388' title='bbox 1022 4754 1304 4818; x_wconf 83' lang='lat' dir='ltr'><strong>postquam</strong></span> <span class='ocrx_word' id='word_1_389' title='bbox 1345 4740 1399 4794; x_wconf 91' lang='lat' dir='ltr'><strong>in</strong></span> <span class='ocrx_word' id='word_1_390' title='bbox 1437 4736 1779 4792; x_wconf 89' lang='lat' dir='ltr'><strong>afﬂictionem</strong></span> <span class='ocrx_word' id='word_1_391' title='bbox 1821 4732 2024 4788; x_wconf 89' lang='lat' dir='ltr'><strong>incide-</strong></span> 
     </span>
    </p>
   </div>
   <div class='ocr_carea' id='block_1_51' title="bbox 439 4827 2025 4917">
    <p class='ocr_par' dir='ltr' id='par_1_51' title="bbox 439 4827 2025 4917">
     <span class='ocr_line' id='line_1_51' title="bbox 439 4827 2025 4917; baseline -0.019 -11"><span class='ocrx_word' id='word_1_392' title='bbox 439 4860 584 4917; x_wconf 89' lang='lat' dir='ltr'><strong>runt,</strong></span> <span class='ocrx_word' id='word_1_393' title='bbox 610 4849 905 4904; x_wconf 87' lang='lat' dir='ltr'><strong>liberantur</strong></span> <span class='ocrx_word' id='word_1_394' title='bbox 937 4840 1006 4896; x_wconf 90' lang='lat' dir='ltr'><strong>ab</strong></span> <span class='ocrx_word' id='word_1_395' title='bbox 1024 4837 1131 4893; x_wconf 90' lang='lat' dir='ltr'><strong>illis</strong></span> <span class='ocrx_word' id='word_1_396' title='bbox 1159 4830 1428 4894; x_wconf 90' lang='lat' dir='ltr'><strong>omnibus,</strong></span> <span class='ocrx_word' id='word_1_397' title='bbox 1451 4838 1507 4883; x_wconf 90' lang='lat' dir='ltr'><strong>et</strong></span> <span class='ocrx_word' id='word_1_398' title='bbox 1533 4827 1589 4883; x_wconf 90' lang='lat' dir='ltr'><strong>in</strong></span> <span class='ocrx_word' id='word_1_399' title='bbox 1612 4834 1853 4896; x_wconf 88' lang='lat' dir='ltr'><strong>apertum</strong></span> <span class='ocrx_word' id='word_1_400' title='bbox 1877 4838 2025 4880; x_wconf 87' lang='lat' dir='ltr'><strong>eam-</strong></span> 
     </span>
    </p>
   </div>
   <div class='ocr_carea' id='block_1_52' title="bbox 440 4918 2022 5016">
    <p class='ocr_par' dir='ltr' id='par_1_52' title="bbox 440 4918 2022 5016">
     <span class='ocr_line' id='line_1_52' title="bbox 440 4918 2022 5016; baseline -0.021 -17"><span class='ocrx_word' id='word_1_401' title='bbox 440 4959 566 5016; x_wconf 91' lang='lat' dir='ltr'><strong>pum</strong></span> <span class='ocrx_word' id='word_1_402' title='bbox 596 4937 844 4995; x_wconf 87' lang='lat' dir='ltr'><strong>evadunt.</strong></span> <span class='ocrx_word' id='word_1_403' title='bbox 888 4935 965 4988; x_wconf 85' lang='lat' dir='ltr'><strong>Ac</strong></span> <span class='ocrx_word' id='word_1_404' title='bbox 994 4930 1132 4986; x_wconf 90' lang='lat' dir='ltr'><strong>sicut</strong></span> <span class='ocrx_word' id='word_1_405' title='bbox 1160 4927 1195 4981; x_wconf 91' lang='lat' dir='ltr'><strong>ii</strong></span> <span class='ocrx_word' id='word_1_406' title='bbox 1226 4923 1317 4995; x_wconf 89' lang='lat' dir='ltr'><strong>qui</strong></span> <span class='ocrx_word' id='word_1_407' title='bbox 1355 4921 1507 4976; x_wconf 80' lang='lat' dir='ltr'><strong>febre</strong></span> <span class='ocrx_word' id='word_1_408' title='bbox 1534 4918 1800 4983; x_wconf 90' lang='lat' dir='ltr'><strong>laborant,</strong></span> <span class='ocrx_word' id='word_1_409' title='bbox 1831 4930 2022 4985; x_wconf 82' lang='lat' dir='ltr'><strong>quain-</strong></span> 
     </span>
    </p>
   </div>
   <div class='ocr_carea' id='block_1_53' title="bbox 443 5007 2024 5103">
    <p class='ocr_par' dir='ltr' id='par_1_53' title="bbox 443 5007 2024 5103">
     <span class='ocr_line' id='line_1_53' title="bbox 443 5007 2024 5103; baseline -0.018 -13"><span class='ocrx_word' id='word_1_410' title='bbox 443 5007 533 5089; x_wconf 56' lang='lat' dir='ltr'><strong>;liu</strong></span> <span class='ocrx_word' id='word_1_411' title='bbox 555 5030 767 5103; x_wconf 88' lang='lat' dir='ltr'><strong>quidem</strong></span> <span class='ocrx_word' id='word_1_412' title='bbox 786 5019 1172 5094; x_wconf 88' lang='lat' dir='ltr'><strong>intempestivis</strong></span> <span class='ocrx_word' id='word_1_413' title='bbox 1199 5017 1448 5072; x_wconf 90' lang='lat' dir='ltr'><strong>fruuntur</strong></span> <span class='ocrx_word' id='word_1_414' title='bbox 1470 5009 1850 5078; x_wconf 87' lang='lat' dir='ltr'><strong>voluptatibus.</strong></span> <span class='ocrx_word' id='word_1_415' title='bbox 1884 5007 2024 5062; x_wconf 86' lang='lat' dir='ltr'><strong>lauta</strong></span> 
     </span>
    </p>
   </div>
   <div class='ocr_carea' id='block_1_54' title="bbox 444 5098 2023 5198">
    <p class='ocr_par' dir='ltr' id='par_1_54' title="bbox 444 5098 2023 5198">
     <span class='ocr_line' id='line_1_54' title="bbox 444 5098 2023 5198; baseline -0.02 -16"><span class='ocrx_word' id='word_1_416' title='bbox 444 5098 658 5198; x_wconf 77' lang='lat' dir='ltr'><strong>inquam</strong></span> <span class='ocrx_word' id='word_1_417' title='bbox 703 5135 884 5178; x_wconf 88' lang='lat' dir='ltr'><strong>mensa</strong></span> <span class='ocrx_word' id='word_1_418' title='bbox 916 5126 969 5173; x_wconf 91' lang='lat' dir='ltr'><strong>et</strong></span> <span class='ocrx_word' id='word_1_419' title='bbox 995 5115 1119 5171; x_wconf 91' lang='lat' dir='ltr'><strong>vino</strong></span> <span class='ocrx_word' id='word_1_420' title='bbox 1143 5124 1295 5167; x_wconf 90' lang='lat' dir='ltr'><strong>mero</strong></span> <span class='ocrx_word' id='word_1_421' title='bbox 1318 5150 1332 5174; x_wconf 91' lang='lat'><strong>,</strong></span> <span class='ocrx_word' id='word_1_422' title='bbox 1361 5116 1520 5176; x_wconf 91' lang='lat' dir='ltr'><strong>atque</strong></span> <span class='ocrx_word' id='word_1_423' title='bbox 1556 5098 1853 5171; x_wconf 84' lang='lat' dir='ltr'><strong>hujusmodi</strong></span> <span class='ocrx_word' id='word_1_424' title='bbox 1885 5098 2023 5165; x_wconf 88' lang='lat' dir='ltr'><strong>aliis,</strong></span> 
     </span>
    </p>
   </div>
   <div class='ocr_carea' id='block_1_55' title="bbox 438 5192 2028 5289">
    <p class='ocr_par' dir='ltr' id='par_1_55' title="bbox 438 5192 2028 5289">
     <span class='ocr_line' id='line_1_55' title="bbox 438 5192 2028 5289; baseline -0.02 -14"><span class='ocrx_word' id='word_1_425' title='bbox 438 5223 492 5276; x_wconf 86' lang='lat' dir='ltr'><strong>in</strong></span> <span class='ocrx_word' id='word_1_426' title='bbox 518 5192 750 5289; x_wconf 73' lang='lat' dir='ltr'><strong>majores</strong></span> <span class='ocrx_word' id='word_1_427' title='bbox 770 5221 1032 5284; x_wconf 84' lang='lat' dir='ltr'><strong>coguntur</strong></span> <span class='ocrx_word' id='word_1_428' title='bbox 1053 5204 1324 5277; x_wconf 83' lang='lat' dir='ltr'><strong>angustias</strong></span> <span class='ocrx_word' id='word_1_429' title='bbox 1355 5218 1369 5255; x_wconf 91' lang='lat'><strong>:</strong></span> <span class='ocrx_word' id='word_1_430' title='bbox 1399 5197 1492 5254; x_wconf 89' lang='lat' dir='ltr'><strong>sed</strong></span> <span class='ocrx_word' id='word_1_431' title='bbox 1526 5196 1570 5251; x_wconf 90' lang='lat' dir='ltr'><strong>si</strong></span> <span class='ocrx_word' id='word_1_432' title='bbox 1598 5192 1866 5249; x_wconf 89' lang='lat' dir='ltr'><strong>voluerint</strong></span> <span class='ocrx_word' id='word_1_433' title='bbox 1900 5208 2028 5261; x_wconf 89' lang='lat' dir='ltr'><strong>pau-</strong></span> 
     </span>
    </p>
   </div>
   <div class='ocr_carea' id='block_1_56' title="bbox 439 5284 2029 5381">
    <p class='ocr_par' dir='ltr' id='par_1_56' title="bbox 439 5284 2029 5381">
     <span class='ocr_line' id='line_1_56' title="bbox 439 5284 2029 5381; baseline -0.02 -15"><span class='ocrx_word' id='word_1_434' title='bbox 439 5284 841 5381; x_wconf 36' lang='lat' dir='ltr'><strong>lisper&#39;seipsos</strong></span> <span class='ocrx_word' id='word_1_435' title='bbox 891 5302 1187 5371; x_wconf 88' lang='lat' dir='ltr'><strong>afﬂigentes</strong></span> <span class='ocrx_word' id='word_1_436' title='bbox 1217 5303 1582 5364; x_wconf 85' lang='lat' dir='ltr'><strong>perseverare,</strong></span> <span class='ocrx_word' id='word_1_437' title='bbox 1637 5286 1745 5340; x_wconf 89' lang='lat' dir='ltr'><strong>lato</strong></span> <span class='ocrx_word' id='word_1_438' title='bbox 1780 5294 1835 5339; x_wconf 92' lang='lat' dir='ltr'><strong>et</strong></span> <span class='ocrx_word' id='word_1_439' title='bbox 1860 5284 2029 5336; x_wconf 91' lang='lat' dir='ltr'><strong>libero</strong></span> 
     </span>
    </p>
   </div>
   <div class='ocr_carea' id='block_1_57' title="bbox 442 5372 2030 5461">
    <p class='ocr_par' dir='ltr' id='par_1_57' title="bbox 442 5372 2030 5461">
     <span class='ocr_line' id='line_1_57' title="bbox 442 5372 2030 5461; baseline -0.02 -4"><span class='ocrx_word' id='word_1_440' title='bbox 442 5372 583 5457; x_wconf 66' lang='lat' dir='ltr'><strong>statu</strong></span> <span class='ocrx_word' id='word_1_441' title='bbox 622 5372 890 5461; x_wconf 84' lang='lat' dir='ltr'><strong>fruuntur,</strong></span> <span class='ocrx_word' id='word_1_442' title='bbox 916 5402 971 5449; x_wconf 88' lang='lat' dir='ltr'><strong>et</strong></span> <span class='ocrx_word' id='word_1_443' title='bbox 989 5406 1055 5446; x_wconf 90' lang='lat' dir='ltr'><strong>eo</strong></span> <span class='ocrx_word' id='word_1_444' title='bbox 1079 5386 1223 5460; x_wconf 89' lang='lat' dir='ltr'><strong>quod</strong></span> <span class='ocrx_word' id='word_1_445' title='bbox 1274 5398 1369 5440; x_wconf 89' lang='lat' dir='ltr'><strong>eos</strong></span> <span class='ocrx_word' id='word_1_446' title='bbox 1392 5380 1620 5450; x_wconf 88' lang='lat' dir='ltr'><strong>angebat</strong></span> <span class='ocrx_word' id='word_1_447' title='bbox 1645 5373 1888 5447; x_wconf 90' lang='lat' dir='ltr'><strong>deposito</strong></span> <span class='ocrx_word' id='word_1_448' title='bbox 1906 5415 1923 5441; x_wconf 94' lang='lat'><strong>,</strong></span> <span class='ocrx_word' id='word_1_449' title='bbox 1942 5372 2030 5443; x_wconf 87' lang='lat' dir='ltr'><strong>ju-</strong></span> 
     </span>
    </p>
   </div>
   <div class='ocr_carea' id='block_1_58' title="bbox 442 5465 2026 5557">
    <p class='ocr_par' dir='ltr' id='par_1_58' title="bbox 442 5465 2026 5557">
     <span class='ocr_line' id='line_1_58' title="bbox 442 5465 2026 5557; baseline -0.021 -8"><span class='ocrx_word' id='word_1_450' title='bbox 442 5492 618 5550; x_wconf 85' lang='lat' dir='ltr'><strong>cunde</strong></span> <span class='ocrx_word' id='word_1_451' title='bbox 637 5490 889 5557; x_wconf 89' lang='lat' dir='ltr'><strong>deinceps</strong></span> <span class='ocrx_word' id='word_1_452' title='bbox 911 5484 963 5539; x_wconf 91' lang='lat' dir='ltr'><strong>iu</strong></span> <span class='ocrx_word' id='word_1_453' title='bbox 987 5494 1119 5553; x_wconf 92' lang='lat' dir='ltr'><strong>pura</strong></span> <span class='ocrx_word' id='word_1_454' title='bbox 1144 5477 1370 5533; x_wconf 83' lang='lat' dir='ltr'><strong>sanitate</strong></span> <span class='ocrx_word' id='word_1_455' title='bbox 1388 5479 1671 5528; x_wconf 85' lang='lat' dir='ltr'><strong>versantur</strong></span> <span class='ocrx_word' id='word_1_456' title='bbox 1703 5486 1716 5521; x_wconf 90' lang='lat'>:</span> <span class='ocrx_word' id='word_1_457' title='bbox 1752 5467 1823 5521; x_wconf 93' lang='lat' dir='ltr'><strong>ita</strong></span> <span class='ocrx_word' id='word_1_458' title='bbox 1865 5465 2026 5520; x_wconf 87' lang='lat' dir='ltr'><strong>etiam</strong></span> 
     </span>
    </p>
   </div>
   <div class='ocr_carea' id='block_1_59' title="bbox 440 5561 2027 5647">
    <p class='ocr_par' dir='ltr' id='par_1_59' title="bbox 440 5561 2027 5647">
     <span class='ocr_line' id='line_1_59' title="bbox 440 5561 2027 5647; baseline -0.021 -5"><span class='ocrx_word' id='word_1_459' title='bbox 440 5588 495 5640; x_wconf 88' lang='lat' dir='ltr'><strong>in</strong></span> <span class='ocrx_word' id='word_1_460' title='bbox 532 5584 695 5639; x_wconf 82' lang='lat' dir='ltr'><strong>rebus</strong></span> <span class='ocrx_word' id='word_1_461' title='bbox 730 5591 786 5636; x_wconf 90' lang='lat' dir='ltr'><strong>et</strong></span> <span class='ocrx_word' id='word_1_462' title='bbox 836 5576 1061 5647; x_wconf 90' lang='lat' dir='ltr'><strong>negotiis</strong></span> <span class='ocrx_word' id='word_1_463' title='bbox 1083 5568 1348 5627; x_wconf 84' lang='lat' dir='ltr'><strong>usuvenit.</strong></span> <span class='ocrx_word' id='word_1_464' title='bbox 1377 5564 1518 5619; x_wconf 87' lang='lat' dir='ltr'><strong>Nihil</strong></span> <span class='ocrx_word' id='word_1_465' title='bbox 1573 5561 1717 5617; x_wconf 90' lang='lat' dir='ltr'><strong>enim</strong></span> <span class='ocrx_word' id='word_1_466' title='bbox 1746 5572 1899 5627; x_wconf 66' lang='lat' dir='ltr'><strong>teque</strong></span> <span class='ocrx_word' id='word_1_467' title='bbox 1940 5571 2027 5610; x_wconf 89' lang='lat' dir='ltr'><strong>re-</strong></span> 
     </span>
    </p>
   </div>
   <div class='ocr_carea' id='block_1_60' title="bbox 444 5649 2030 5734">
    <p class='ocr_par' dir='ltr' id='par_1_60' title="bbox 444 5649 2030 5734">
     <span class='ocr_line' id='line_1_60' title="bbox 444 5649 2030 5734; baseline -0.022 -1"><span class='ocrx_word' id='word_1_468' title='bbox 444 5679 630 5733; x_wconf 81' lang='lat' dir='ltr'><strong>laxare</strong></span> <span class='ocrx_word' id='word_1_469' title='bbox 656 5671 948 5734; x_wconf 88' lang='lat' dir='ltr'><strong>cousuevit,</strong></span> <span class='ocrx_word' id='word_1_470' title='bbox 993 5676 1051 5722; x_wconf 91' lang='lat' dir='ltr'><strong>ut</strong></span> <span class='ocrx_word' id='word_1_471' title='bbox 1078 5660 1301 5718; x_wconf 81' lang='lat' dir='ltr'><strong>afflictio</strong></span> <span class='ocrx_word' id='word_1_472' title='bbox 1342 5672 1460 5728; x_wconf 68' lang='lat' dir='ltr'><strong>qua:</strong></span> <span class='ocrx_word' id='word_1_473' title='bbox 1485 5670 1514 5708; x_wconf 92' lang='lat' dir='ltr'><strong>a</strong></span> <span class='ocrx_word' id='word_1_474' title='bbox 1541 5649 1885 5708; x_wconf 70' lang='lat' dir='ltr'><strong>saecularibus</strong></span> <span class='ocrx_word' id='word_1_475' title='bbox 1909 5661 2030 5701; x_wconf 89' lang='lat' dir='ltr'><strong>om-</strong></span> 
     </span>
    </p>
   </div>
   <div class='ocr_carea' id='block_1_61' title="bbox 446 5742 2029 5835">
    <p class='ocr_par' dir='ltr' id='par_1_61' title="bbox 446 5742 2029 5835">
     <span class='ocr_line' id='line_1_61' title="bbox 446 5742 2029 5835; baseline -0.02 -6"><span class='ocrx_word' id='word_1_476' title='bbox 446 5772 601 5828; x_wconf 83' lang='lat' dir='ltr'><strong>nibus</strong></span> <span class='ocrx_word' id='word_1_477' title='bbox 629 5769 860 5826; x_wconf 85' lang='lat' dir='ltr'><strong>abd‘ucit.</strong></span> <span class='ocrx_word' id='word_1_478' title='bbox 893 5760 1173 5835; x_wconf 81' lang='lat' dir='ltr'><strong>Quomodo</strong></span> <span class='ocrx_word' id='word_1_479' title='bbox 1212 5754 1484 5815; x_wconf 80' lang='lat' dir='ltr'><strong>existimas</strong></span> <span class='ocrx_word' id='word_1_480' title='bbox 1517 5749 1732 5807; x_wconf 68' lang='lat' dir='ltr'><strong>Judaaos</strong></span> <span class='ocrx_word' id='word_1_481' title='bbox 1771 5745 1935 5802; x_wconf 85' lang='lat' dir='ltr'><strong>fuisse</strong></span> <span class='ocrx_word' id='word_1_482' title='bbox 1974 5742 2029 5798; x_wconf 89' lang='lat' dir='ltr'><strong>in</strong></span> 
     </span>
    </p>
   </div>
   <div class='ocr_carea' id='block_1_62' title="bbox 2101 405 3717 483">
    <p class='ocr_par' dir='ltr' id='par_1_62' title="bbox 2101 405 3717 483">
     <span class='ocr_line' id='line_1_62' title="bbox 2101 405 3717 483; baseline -0.006 -15"><span class='ocrx_word' id='word_1_483' title='bbox 2101 413 2414 480; x_wconf 87' lang='lat' dir='ltr'><strong>afflictione,</strong></span> <span class='ocrx_word' id='word_1_484' title='bbox 2442 411 2606 469; x_wconf 88' lang='lat' dir='ltr'><strong>etiam</strong></span> <span class='ocrx_word' id='word_1_485' title='bbox 2643 410 2863 483; x_wconf 81' lang='lat' dir='ltr'><strong>quando</strong></span> <span class='ocrx_word' id='word_1_486' title='bbox 2875 416 3032 465; x_wconf 88' lang='lat' dir='ltr'><strong>erant</strong></span> <span class='ocrx_word' id='word_1_487' title='bbox 3056 421 3145 464; x_wconf 85' lang='lat' dir='ltr'><strong>res</strong></span> <span class='ocrx_word' id='word_1_488' title='bbox 3169 419 3354 463; x_wconf 90' lang='lat' dir='ltr'><strong>eorum</strong></span> <span class='ocrx_word' id='word_1_489' title='bbox 3396 405 3717 462; x_wconf 68' lang='lat' dir='ltr'><strong>secundant.</strong></span> 
     </span>
    </p>
   </div>
   <div class='ocr_carea' id='block_1_63' title="bbox 2099 495 3691 569">
    <p class='ocr_par' dir='ltr' id='par_1_63' title="bbox 2099 495 3691 569">
     <span class='ocr_line' id='line_1_63' title="bbox 2099 495 3691 569; baseline -0.006 -9"><span class='ocrx_word' id='word_1_490' title='bbox 2099 507 2292 560; x_wconf 79' lang='lat' dir='ltr'><strong>Annon</strong></span> <span class='ocrx_word' id='word_1_491' title='bbox 2310 504 2425 558; x_wconf 69' lang='lat' dir='ltr'><strong>haec</strong></span> <span class='ocrx_word' id='word_1_492' title='bbox 2438 502 2786 558; x_wconf 81' lang='lat' dir='ltr'><strong>febricitantis</strong></span> <span class='ocrx_word' id='word_1_493' title='bbox 2800 499 2991 555; x_wconf 67' lang='lat' dir='ltr'><strong>animae</strong></span> <span class='ocrx_word' id='word_1_494' title='bbox 3002 496 3418 569; x_wconf 61' lang='lat' dir='ltr'><strong>aegritudiueque</strong></span> <span class='ocrx_word' id='word_1_495' title='bbox 3431 495 3691 552; x_wconf 63' lang='lat' dir='ltr'><strong>confectae</strong></span> 
     </span>
    </p>
   </div>
   <div class='ocr_carea' id='block_1_64' title="bbox 2100 586 3689 662">
    <p class='ocr_par' dir='ltr' id='par_1_64' title="bbox 2100 586 3689 662">
     <span class='ocr_line' id='line_1_64' title="bbox 2100 586 3689 662; baseline -0.007 -11"><span class='ocrx_word' id='word_1_496' title='bbox 2100 606 2179 653; x_wconf 85' lang='lat' dir='ltr'><strong>est</strong></span> <span class='ocrx_word' id='word_1_497' title='bbox 2199 637 2214 661; x_wconf 92' lang='lat'><strong>,</strong></span> <span class='ocrx_word' id='word_1_498' title='bbox 2246 596 2426 650; x_wconf 87' lang='lat' dir='ltr'><strong>dicere</strong></span> <span class='ocrx_word' id='word_1_499' title='bbox 2458 611 2473 648; x_wconf 92' lang='lat'><strong>:</strong></span> <span class='ocrx_word' id='word_1_500' title='bbox 2501 594 2613 649; x_wconf 85' lang='lat' dir='ltr'><strong>Fac</strong></span> <span class='ocrx_word' id='word_1_501' title='bbox 2639 594 2783 648; x_wconf 81' lang='lat' dir='ltr'><strong>nobis</strong></span> <span class='ocrx_word' id='word_1_502' title='bbox 2824 593 2945 647; x_wconf 81' lang='lat' dir='ltr'><strong>deos</strong></span> <span class='ocrx_word' id='word_1_503' title='bbox 2971 590 3060 662; x_wconf 81' lang='lat' dir='ltr'><strong>qui</strong></span> <span class='ocrx_word' id='word_1_504' title='bbox 3083 605 3176 644; x_wconf 82' lang='lat' dir='ltr'><strong>nos</strong></span> <span class='ocrx_word' id='word_1_505' title='bbox 3211 588 3497 658; x_wconf 61' lang='lat' dir='ltr'><strong>praedam</strong></span> <span class='ocrx_word' id='word_1_506' title='bbox 3526 602 3546 640; x_wconf 90' lang='lat'><strong><em>:</em></strong></span> <span class='ocrx_word' id='word_1_507' title='bbox 3572 586 3625 641; x_wconf 83' lang='grc' dir='ltr'><em>Μ</em></span> <span class='ocrx_word' id='word_1_508' title='bbox 3632 604 3689 641; x_wconf 80' lang='lat' dir='ltr'><strong>o-</strong></span> 
     </span>
    </p>
   </div>
   <div class='ocr_carea' id='block_1_65' title="bbox 2101 679 3693 757">
    <p class='ocr_par' dir='ltr' id='par_1_65' title="bbox 2101 679 3693 757">
     <span class='ocr_line' id='line_1_65' title="bbox 2101 679 3693 757; baseline -0.006 -14"><span class='ocrx_word' id='word_1_509' title='bbox 2101 704 2188 743; x_wconf 85' lang='lat' dir='ltr'><strong>ses</strong></span> <span class='ocrx_word' id='word_1_510' title='bbox 2206 688 2339 741; x_wconf 84' lang='lat' dir='ltr'><strong>enim</strong></span> <span class='ocrx_word' id='word_1_511' title='bbox 2371 687 2473 753; x_wconf 83' lang='lat' dir='ltr'><strong>hic,</strong></span> <span class='ocrx_word' id='word_1_512' title='bbox 2499 687 2586 757; x_wconf 85' lang='lat' dir='ltr'><strong>qui</strong></span> <span class='ocrx_word' id='word_1_513' title='bbox 2607 686 2779 740; x_wconf 67' lang='lat' dir='ltr'><strong>eduxit</strong></span> <span class='ocrx_word' id='word_1_514' title='bbox 2807 700 2899 738; x_wconf 78' lang='lat' dir='ltr'><strong>nos</strong></span> <span class='ocrx_word' id='word_1_515' title='bbox 2926 684 2989 737; x_wconf 80' lang='lat' dir='ltr'><strong>de</strong></span> <span class='ocrx_word' id='word_1_516' title='bbox 3014 692 3149 735; x_wconf 70' lang='lat' dir='ltr'><strong>terra</strong></span> <span class='ocrx_word' id='word_1_517' title='bbox 3176 679 3418 751; x_wconf 59' lang='lat' dir='ltr'><strong>AEgypti,</strong></span> <span class='ocrx_word' id='word_1_518' title='bbox 3441 684 3693 736; x_wconf 70' lang='lat' dir='ltr'><strong>nescimus</strong></span> 
     </span>
    </p>
   </div>
   <div class='ocr_carea' id='block_1_66' title="bbox 2102 774 3693 855">
    <p class='ocr_par' dir='ltr' id='par_1_66' title="bbox 2102 774 3693 855">
     <span class='ocr_line' id='line_1_66' title="bbox 2102 774 3693 855; baseline -0.005 -20"><span class='ocrx_word' id='word_1_519' title='bbox 2102 783 2223 855; x_wconf 79' lang='lat' dir='ltr'><strong>quid</strong></span> <span class='ocrx_word' id='word_1_520' title='bbox 2247 782 2292 836; x_wconf 85' lang='lat' dir='ltr'><strong>ei</strong></span> <span class='ocrx_word' id='word_1_521' title='bbox 2320 784 2509 853; x_wconf 82' lang='lat' dir='ltr'><strong>factum</strong></span> <span class='ocrx_word' id='word_1_522' title='bbox 2532 780 2596 834; x_wconf 84' lang='lat' dir='ltr'><strong>sit</strong></span> <span class='ocrx_word' id='word_1_523' title='bbox 2613 777 2809 846; x_wconf 78' lang='lat' dir='ltr'><strong>(Exod.</strong></span> <span class='ocrx_word' id='word_1_524' title='bbox 2835 776 2928 833; x_wconf 76' lang='grc'><strong>52.</strong></span> <span class='ocrx_word' id='word_1_525' title='bbox 2948 776 3002 847; x_wconf 77' lang='grc'><strong>1)</strong></span> <span class='ocrx_word' id='word_1_526' title='bbox 3022 778 3046 831; x_wconf 83' lang='lat'><strong>?</strong></span> <span class='ocrx_word' id='word_1_527' title='bbox 3068 778 3260 830; x_wconf 83' lang='lat' dir='ltr'><strong>Annon</strong></span> <span class='ocrx_word' id='word_1_528' title='bbox 3282 774 3365 828; x_wconf 87' lang='lat' dir='ltr'><strong>illa</strong></span> <span class='ocrx_word' id='word_1_529' title='bbox 3384 774 3545 829; x_wconf 81' lang='lat' dir='ltr'><strong>verba</strong></span> <span class='ocrx_word' id='word_1_530' title='bbox 3566 783 3693 827; x_wconf 83' lang='lat' dir='ltr'><strong>sunt</strong></span> 
     </span>
    </p>
   </div>
   <div class='ocr_carea' id='block_1_67' title="bbox 2102 865 3695 944">
    <p class='ocr_par' dir='ltr' id='par_1_67' title="bbox 2102 865 3695 944">
     <span class='ocr_line' id='line_1_67' title="bbox 2102 865 3695 944; baseline -0.006 -15"><span class='ocrx_word' id='word_1_531' title='bbox 2102 876 2297 929; x_wconf 88' lang='lat' dir='ltr'><strong>animae</strong></span> <span class='ocrx_word' id='word_1_532' title='bbox 2308 871 2749 944; x_wconf 85' lang='lat' dir='ltr'><strong>philosophantis,</strong></span> <span class='ocrx_word' id='word_1_533' title='bbox 2770 881 2824 926; x_wconf 91' lang='lat' dir='ltr'><strong>et</strong></span> <span class='ocrx_word' id='word_1_534' title='bbox 2838 885 2869 925; x_wconf 89' lang='lat' dir='ltr'><strong>a</strong></span> <span class='ocrx_word' id='word_1_535' title='bbox 2891 866 3375 940; x_wconf 60' lang='lat' dir='ltr'><strong>perturbationibus</strong></span> <span class='ocrx_word' id='word_1_536' title='bbox 3396 865 3555 936; x_wconf 87' lang='lat' dir='ltr'><strong>hujus</strong></span> <span class='ocrx_word' id='word_1_537' title='bbox 3572 865 3695 919; x_wconf 65' lang='lat' dir='ltr'><strong>vita</strong></span> 
     </span>
    </p>
   </div>
   <div class='ocr_carea' id='block_1_68' title="bbox 2106 962 3693 1037">
    <p class='ocr_par' dir='ltr' id='par_1_68' title="bbox 2106 962 3693 1037">
     <span class='ocr_line' id='line_1_68' title="bbox 2106 962 3693 1037; baseline -0.007 -13"><span class='ocrx_word' id='word_1_538' title='bbox 2106 968 2419 1037; x_wconf 81' lang='lat' dir='ltr'><strong>rcspirantis</strong></span> <span class='ocrx_word' id='word_1_539' title='bbox 2453 1008 2470 1035; x_wconf 94' lang='lat'><strong>,</strong></span> <span class='ocrx_word' id='word_1_540' title='bbox 2499 965 2714 1037; x_wconf 90' lang='lat' dir='ltr'><strong>quando</strong></span> <span class='ocrx_word' id='word_1_541' title='bbox 2739 964 2924 1019; x_wconf 86' lang='lat' dir='ltr'><strong>afﬂicti</strong></span> <span class='ocrx_word' id='word_1_542' title='bbox 2954 971 3062 1019; x_wconf 83' lang='lat' dir='ltr'><strong>tam</strong></span> <span class='ocrx_word' id='word_1_543' title='bbox 3079 962 3424 1017; x_wconf 83' lang='lat' dir='ltr'><strong>vehementer</strong></span> <span class='ocrx_word' id='word_1_544' title='bbox 3447 968 3693 1026; x_wconf 81' lang='lat' dir='ltr'><strong>orarum,</strong></span> 
     </span>
    </p>
   </div>
   <div class='ocr_carea' id='block_1_69' title="bbox 2106 1051 3686 1128">
    <p class='ocr_par' dir='ltr' id='par_1_69' title="bbox 2106 1051 3686 1128">
     <span class='ocr_line' id='line_1_69' title="bbox 2106 1051 3686 1128; baseline -0.007 -12"><span class='ocrx_word' id='word_1_545' title='bbox 2106 1072 2164 1116; x_wconf 92' lang='lat' dir='ltr'><strong>ut</strong></span> <span class='ocrx_word' id='word_1_546' title='bbox 2185 1061 2358 1128; x_wconf 88' lang='lat' dir='ltr'><strong>ipsum</strong></span> <span class='ocrx_word' id='word_1_547' title='bbox 2397 1061 2491 1116; x_wconf 88' lang='lat' dir='ltr'><strong>Dei</strong></span> <span class='ocrx_word' id='word_1_548' title='bbox 2524 1058 2776 1114; x_wconf 85' lang='lat' dir='ltr'><strong>auxilium</strong></span> <span class='ocrx_word' id='word_1_549' title='bbox 2816 1055 3129 1112; x_wconf 87' lang='lat' dir='ltr'><strong>attraxeriut</strong></span> <span class='ocrx_word' id='word_1_550' title='bbox 3150 1054 3232 1124; x_wconf 89' lang='lat' dir='ltr'><strong>(a)</strong></span> <span class='ocrx_word' id='word_1_551' title='bbox 3252 1053 3276 1106; x_wconf 83' lang='lat'><strong>?</strong></span> <span class='ocrx_word' id='word_1_552' title='bbox 3300 1053 3419 1108; x_wconf 83' lang='lat' dir='ltr'><strong>Jam</strong></span> <span class='ocrx_word' id='word_1_553' title='bbox 3445 1067 3573 1107; x_wconf 91' lang='lat' dir='ltr'><strong>vero</strong></span> <span class='ocrx_word' id='word_1_554' title='bbox 3597 1051 3686 1106; x_wconf 87' lang='lat' dir='ltr'><strong>hic</strong></span> 
     </span>
    </p>
   </div>
   <div class='ocr_carea' id='block_1_70' title="bbox 2112 1142 3699 1224">
    <p class='ocr_par' dir='ltr' id='par_1_70' title="bbox 2112 1142 3699 1224">
     <span class='ocr_line' id='line_1_70' title="bbox 2112 1142 3699 1224; baseline -0.006 -17"><span class='ocrx_word' id='word_1_555' title='bbox 2112 1151 2221 1224; x_wconf 89' lang='lat' dir='ltr'><strong>ipse</strong></span> <span class='ocrx_word' id='word_1_556' title='bbox 2244 1167 2455 1224; x_wconf 88' lang='lat' dir='ltr'><strong>quoque</strong></span> <span class='ocrx_word' id='word_1_557' title='bbox 2484 1151 2747 1222; x_wconf 85' lang='lat' dir='ltr'><strong>propheta</strong></span> <span class='ocrx_word' id='word_1_558' title='bbox 2779 1148 2993 1219; x_wconf 84' lang='lat' dir='ltr'><strong>quando</strong></span> <span class='ocrx_word' id='word_1_559' title='bbox 3017 1146 3329 1203; x_wconf 85' lang='lat' dir='ltr'><strong>versabatur</strong></span> <span class='ocrx_word' id='word_1_560' title='bbox 3354 1146 3408 1200; x_wconf 89' lang='lat' dir='ltr'><strong>in</strong></span> <span class='ocrx_word' id='word_1_561' title='bbox 3437 1142 3699 1213; x_wconf 76' lang='lat' dir='ltr'><strong>tranquil-</strong></span> 
     </span>
    </p>
   </div>
   <div class='ocr_carea' id='block_1_71' title="bbox 2108 1237 3694 1317">
    <p class='ocr_par' dir='ltr' id='par_1_71' title="bbox 2108 1237 3694 1317">
     <span class='ocr_line' id='line_1_71' title="bbox 2108 1237 3694 1317; baseline -0.007 -16"><span class='ocrx_word' id='word_1_562' title='bbox 2108 1247 2272 1311; x_wconf 89' lang='lat' dir='ltr'><strong>litate,</strong></span> <span class='ocrx_word' id='word_1_563' title='bbox 2319 1260 2549 1317; x_wconf 87' lang='lat' dir='ltr'><strong>quonam</strong></span> <span class='ocrx_word' id='word_1_564' title='bbox 2576 1243 2738 1299; x_wconf 91' lang='lat' dir='ltr'><strong>modo</strong></span> <span class='ocrx_word' id='word_1_565' title='bbox 2783 1241 3136 1313; x_wconf 87' lang='lat' dir='ltr'><strong>afﬂigebatur,</strong></span> <span class='ocrx_word' id='word_1_566' title='bbox 3165 1240 3235 1295; x_wconf 89' lang='lat' dir='ltr'><strong>ab</strong></span> <span class='ocrx_word' id='word_1_567' title='bbox 3261 1238 3497 1309; x_wconf 85' lang='lat' dir='ltr'><strong>improba</strong></span> <span class='ocrx_word' id='word_1_568' title='bbox 3538 1237 3694 1307; x_wconf 73' lang='lat' dir='ltr'><strong>cupio</strong></span> 
     </span>
    </p>
   </div>
   <div class='ocr_carea' id='block_1_72' title="bbox 2107 1332 3696 1411">
    <p class='ocr_par' dir='ltr' id='par_1_72' title="bbox 2107 1332 3696 1411">
     <span class='ocr_line' id='line_1_72' title="bbox 2107 1332 3696 1411; baseline -0.007 -14"><span class='ocrx_word' id='word_1_569' title='bbox 2107 1342 2271 1398; x_wconf 88' lang='lat' dir='ltr'><strong>ditate</strong></span> <span class='ocrx_word' id='word_1_570' title='bbox 2298 1343 2350 1397; x_wconf 92' lang='lat' dir='ltr'><strong>in</strong></span> <span class='ocrx_word' id='word_1_571' title='bbox 2375 1341 2647 1411; x_wconf 81' lang='lat' dir='ltr'><strong>angustias</strong></span> <span class='ocrx_word' id='word_1_572' title='bbox 2677 1346 2902 1394; x_wconf 91' lang='lat' dir='ltr'><strong>coactus</strong></span> <span class='ocrx_word' id='word_1_573' title='bbox 2936 1344 2991 1390; x_wconf 89' lang='lat' dir='ltr'><strong>et</strong></span> <span class='ocrx_word' id='word_1_574' title='bbox 3018 1334 3318 1390; x_wconf 80' lang='lat' dir='ltr'><strong>laceratus?</strong></span> <span class='ocrx_word' id='word_1_575' title='bbox 3344 1332 3559 1403; x_wconf 88' lang='lat' dir='ltr'><strong>quando</strong></span> <span class='ocrx_word' id='word_1_576' title='bbox 3599 1348 3696 1386; x_wconf 82' lang='lat' dir='ltr'><strong>au-</strong></span> 
     </span>
    </p>
   </div>
   <div class='ocr_carea' id='block_1_73' title="bbox 2110 1422 3698 1494">
    <p class='ocr_par' dir='ltr' id='par_1_73' title="bbox 2110 1422 3698 1494">
     <span class='ocr_line' id='line_1_73' title="bbox 2110 1422 3698 1494; baseline -0.006 -8"><span class='ocrx_word' id='word_1_577' title='bbox 2110 1441 2216 1487; x_wconf 84' lang='lat' dir='ltr'><strong>tem</strong></span> <span class='ocrx_word' id='word_1_578' title='bbox 2261 1440 2504 1486; x_wconf 88' lang='lat' dir='ltr'><strong>versatus</strong></span> <span class='ocrx_word' id='word_1_579' title='bbox 2551 1438 2634 1484; x_wconf 88' lang='lat' dir='ltr'><strong>est</strong></span> <span class='ocrx_word' id='word_1_580' title='bbox 2671 1430 2723 1483; x_wconf 92' lang='lat' dir='ltr'><strong>in</strong></span> <span class='ocrx_word' id='word_1_581' title='bbox 2780 1426 3086 1490; x_wconf 89' lang='lat' dir='ltr'><strong>afflictione,</strong></span> <span class='ocrx_word' id='word_1_582' title='bbox 3144 1426 3294 1481; x_wconf 86' lang='lat' dir='ltr'><strong>scitis</strong></span> <span class='ocrx_word' id='word_1_583' title='bbox 3330 1438 3487 1494; x_wconf 86' lang='lat' dir='ltr'><strong>quam</strong></span> <span class='ocrx_word' id='word_1_584' title='bbox 3540 1422 3698 1478; x_wconf 82' lang='lat' dir='ltr'><strong>fuerit</strong></span> 
     </span>
    </p>
   </div>
   <div class='ocr_carea' id='block_1_74' title="bbox 2112 1515 3696 1594">
    <p class='ocr_par' dir='ltr' id='par_1_74' title="bbox 2112 1515 3696 1594">
     <span class='ocr_line' id='line_1_74' title="bbox 2112 1515 3696 1594; baseline -0.006 -15"><span class='ocrx_word' id='word_1_585' title='bbox 2112 1523 2447 1594; x_wconf 87' lang='lat' dir='ltr'><strong>tranquillus.</strong></span> <span class='ocrx_word' id='word_1_586' title='bbox 2468 1522 2651 1592; x_wconf 89' lang='lat' dir='ltr'><strong>Neque</strong></span> <span class='ocrx_word' id='word_1_587' title='bbox 2676 1520 2821 1576; x_wconf 91' lang='lat' dir='ltr'><strong>enim</strong></span> <span class='ocrx_word' id='word_1_588' title='bbox 2847 1534 2971 1575; x_wconf 89' lang='lat' dir='ltr'><strong>eum</strong></span> <span class='ocrx_word' id='word_1_589' title='bbox 3016 1518 3151 1588; x_wconf 86' lang='lat' dir='ltr'><strong>ignis</strong></span> <span class='ocrx_word' id='word_1_590' title='bbox 3178 1517 3372 1588; x_wconf 85' lang='lat' dir='ltr'><strong>attigit,</strong></span> <span class='ocrx_word' id='word_1_591' title='bbox 3401 1515 3493 1572; x_wconf 86' lang='lat' dir='ltr'><strong>sed</strong></span> <span class='ocrx_word' id='word_1_592' title='bbox 3532 1516 3696 1571; x_wconf 82' lang='lat' dir='ltr'><strong>etiam</strong></span> 
     </span>
    </p>
   </div>
   <div class='ocr_carea' id='block_1_75' title="bbox 2111 1606 3696 1678">
    <p class='ocr_par' dir='ltr' id='par_1_75' title="bbox 2111 1606 3696 1678">
     <span class='ocr_line' id='line_1_75' title="bbox 2111 1606 3696 1678; baseline -0.004 -9"><span class='ocrx_word' id='word_1_593' title='bbox 2111 1614 2322 1670; x_wconf 88' lang='lat' dir='ltr'><strong>ﬂamma</strong></span> <span class='ocrx_word' id='word_1_594' title='bbox 2350 1614 2595 1668; x_wconf 85' lang='lat' dir='ltr'><strong>universa</strong></span> <span class='ocrx_word' id='word_1_595' title='bbox 2618 1612 2882 1668; x_wconf 88' lang='lat' dir='ltr'><strong>exstincta</strong></span> <span class='ocrx_word' id='word_1_596' title='bbox 2910 1618 3013 1666; x_wconf 89' lang='lat' dir='ltr'><strong>est.</strong></span> <span class='ocrx_word' id='word_1_597' title='bbox 3041 1608 3183 1664; x_wconf 85' lang='lat' dir='ltr'><strong>Nihil</strong></span> <span class='ocrx_word' id='word_1_598' title='bbox 3209 1609 3353 1663; x_wconf 90' lang='lat' dir='ltr'><strong>enim</strong></span> <span class='ocrx_word' id='word_1_599' title='bbox 3375 1622 3530 1678; x_wconf 61' lang='lat' dir='ltr'><strong>atque</strong></span> <span class='ocrx_word' id='word_1_600' title='bbox 3554 1606 3696 1662; x_wconf 88' lang='lat' dir='ltr'><strong>afﬂi-</strong></span> 
     </span>
    </p>
   </div>
   <div class='ocr_carea' id='block_1_76' title="bbox 2109 1698 3700 1777">
    <p class='ocr_par' dir='ltr' id='par_1_76' title="bbox 2109 1698 3700 1777">
     <span class='ocr_line' id='line_1_76' title="bbox 2109 1698 3700 1777; baseline -0.003 -17"><span class='ocrx_word' id='word_1_601' title='bbox 2109 1706 2208 1777; x_wconf 89' lang='lat' dir='ltr'><strong>git,</strong></span> <span class='ocrx_word' id='word_1_602' title='bbox 2242 1721 2304 1761; x_wconf 90' lang='lat' dir='ltr'><strong>ac</strong></span> <span class='ocrx_word' id='word_1_603' title='bbox 2328 1706 2373 1761; x_wconf 89' lang='lat' dir='ltr'><strong>si</strong></span> <span class='ocrx_word' id='word_1_604' title='bbox 2402 1706 2575 1760; x_wconf 88' lang='lat' dir='ltr'><strong>anima</strong></span> <span class='ocrx_word' id='word_1_605' title='bbox 2614 1703 2923 1759; x_wconf 88' lang='lat' dir='ltr'><strong>obsideatur</strong></span> <span class='ocrx_word' id='word_1_606' title='bbox 2946 1717 2976 1756; x_wconf 90' lang='lat' dir='ltr'><strong>a</strong></span> <span class='ocrx_word' id='word_1_607' title='bbox 3008 1698 3515 1771; x_wconf 82' lang='lat' dir='ltr'><strong>perturbationibus.</strong></span> <span class='ocrx_word' id='word_1_608' title='bbox 3564 1698 3700 1755; x_wconf 69' lang='lat' dir='ltr'><strong>Alia:</strong></span> 
     </span>
    </p>
   </div>
   <div class='ocr_carea' id='block_1_77' title="bbox 2111 1792 3694 1861">
    <p class='ocr_par' dir='ltr' id='par_1_77' title="bbox 2111 1792 3694 1861">
     <span class='ocr_line' id='line_1_77' title="bbox 2111 1792 3694 1861; baseline -0.006 -7"><span class='ocrx_word' id='word_1_609' title='bbox 2111 1799 2253 1855; x_wconf 92' lang='lat' dir='ltr'><strong>enim</strong></span> <span class='ocrx_word' id='word_1_610' title='bbox 2284 1798 2612 1853; x_wconf 89' lang='lat' dir='ltr'><strong>extrinsecus</strong></span> <span class='ocrx_word' id='word_1_611' title='bbox 2640 1796 2906 1861; x_wconf 89' lang='lat' dir='ltr'><strong>incidunt,</strong></span> <span class='ocrx_word' id='word_1_612' title='bbox 2939 1793 3023 1849; x_wconf 65' lang='lat' dir='ltr'><strong>hie</strong></span> <span class='ocrx_word' id='word_1_613' title='bbox 3049 1808 3179 1849; x_wconf 88' lang='lat' dir='ltr'><strong>vero</strong></span> <span class='ocrx_word' id='word_1_614' title='bbox 3207 1792 3352 1848; x_wconf 86' lang='lat' dir='ltr'><strong>intus</strong></span> <span class='ocrx_word' id='word_1_615' title='bbox 3376 1800 3694 1856; x_wconf 86' lang='lat' dir='ltr'><strong>nascuntur,</strong></span> 
     </span>
    </p>
   </div>
   <div class='ocr_carea' id='block_1_78' title="bbox 2112 1886 3697 1948">
    <p class='ocr_par' dir='ltr' id='par_1_78' title="bbox 2112 1886 3697 1948">
     <span class='ocr_line' id='line_1_78' title="bbox 2112 1886 3697 1948; baseline -0.006 0"><span class='ocrx_word' id='word_1_616' title='bbox 2112 1902 2168 1948; x_wconf 90' lang='lat' dir='ltr'><strong>et</strong></span> <span class='ocrx_word' id='word_1_617' title='bbox 2194 1893 2307 1947; x_wconf 83' lang='lat' dir='ltr'><strong>haec</strong></span> <span class='ocrx_word' id='word_1_618' title='bbox 2335 1901 2420 1948; x_wconf 90' lang='lat' dir='ltr'><strong>est</strong></span> <span class='ocrx_word' id='word_1_619' title='bbox 2444 1892 2674 1946; x_wconf 89' lang='lat' dir='ltr'><strong>maxima</strong></span> <span class='ocrx_word' id='word_1_620' title='bbox 2711 1889 2951 1944; x_wconf 86' lang='lat' dir='ltr'><strong>afﬂictio.</strong></span> <span class='ocrx_word' id='word_1_621' title='bbox 2976 1886 3202 1943; x_wconf 82' lang='lat' dir='ltr'><strong>Etiamsi</strong></span> <span class='ocrx_word' id='word_1_622' title='bbox 3230 1899 3331 1940; x_wconf 89' lang='lat' dir='ltr'><strong>nos</strong></span> <span class='ocrx_word' id='word_1_623' title='bbox 3357 1892 3515 1940; x_wconf 88' lang='lat' dir='ltr'><strong>vexet</strong></span> <span class='ocrx_word' id='word_1_624' title='bbox 3537 1899 3697 1939; x_wconf 86' lang='lat' dir='ltr'><strong>mun-</strong></span> 
     </span>
    </p>
   </div>
   <div class='ocr_carea' id='block_1_79' title="bbox 2112 1975 3702 2053">
    <p class='ocr_par' dir='ltr' id='par_1_79' title="bbox 2112 1975 3702 2053">
     <span class='ocr_line' id='line_1_79' title="bbox 2112 1975 3702 2053; baseline -0.006 -12"><span class='ocrx_word' id='word_1_625' title='bbox 2112 1985 2235 2052; x_wconf 89' lang='lat' dir='ltr'><strong>dus,</strong></span> <span class='ocrx_word' id='word_1_626' title='bbox 2268 2001 2367 2041; x_wconf 85' lang='lat' dir='ltr'><strong>nos</strong></span> <span class='ocrx_word' id='word_1_627' title='bbox 2387 1996 2564 2039; x_wconf 90' lang='lat' dir='ltr'><strong>autem</strong></span> <span class='ocrx_word' id='word_1_628' title='bbox 2596 1984 2741 2053; x_wconf 87' lang='lat' dir='ltr'><strong>ipsos</strong></span> <span class='ocrx_word' id='word_1_629' title='bbox 2765 1997 2870 2036; x_wconf 89' lang='lat' dir='ltr'><strong>non</strong></span> <span class='ocrx_word' id='word_1_630' title='bbox 2890 1993 3166 2044; x_wconf 87' lang='lat' dir='ltr'><strong>vexemus,</strong></span> <span class='ocrx_word' id='word_1_631' title='bbox 3199 1977 3332 2033; x_wconf 87' lang='lat' dir='ltr'><strong>nihil</strong></span> <span class='ocrx_word' id='word_1_632' title='bbox 3360 1978 3514 2033; x_wconf 86' lang='lat' dir='ltr'><strong>nobis</strong></span> <span class='ocrx_word' id='word_1_633' title='bbox 3538 1975 3702 2033; x_wconf 85' lang='lat' dir='ltr'><strong>fuerit</strong></span> 
     </span>
    </p>
   </div>
   <div class='ocr_carea' id='block_1_80' title="bbox 2114 2069 3702 2145">
    <p class='ocr_par' dir='ltr' id='par_1_80' title="bbox 2114 2069 3702 2145">
     <span class='ocr_line' id='line_1_80' title="bbox 2114 2069 3702 2145; baseline -0.004 -12"><span class='ocrx_word' id='word_1_634' title='bbox 2114 2078 2419 2134; x_wconf 87' lang='lat' dir='ltr'><strong>molestum.</strong></span> <span class='ocrx_word' id='word_1_635' title='bbox 2448 2076 2507 2131; x_wconf 92' lang='lat' dir='ltr'><strong>ln</strong></span> <span class='ocrx_word' id='word_1_636' title='bbox 2529 2087 2713 2130; x_wconf 88' lang='lat' dir='ltr'><strong>nostra</strong></span> <span class='ocrx_word' id='word_1_637' title='bbox 2756 2089 2886 2145; x_wconf 88' lang='lat' dir='ltr'><strong>ergo</strong></span> <span class='ocrx_word' id='word_1_638' title='bbox 2929 2081 3194 2143; x_wconf 89' lang='lat' dir='ltr'><strong>potestate</strong></span> <span class='ocrx_word' id='word_1_639' title='bbox 3218 2072 3380 2128; x_wconf 89' lang='lat' dir='ltr'><strong>situm</strong></span> <span class='ocrx_word' id='word_1_640' title='bbox 3424 2080 3508 2126; x_wconf 89' lang='lat' dir='ltr'><strong>est</strong></span> <span class='ocrx_word' id='word_1_641' title='bbox 3534 2080 3594 2125; x_wconf 92' lang='lat' dir='ltr'><strong>ut</strong></span> <span class='ocrx_word' id='word_1_642' title='bbox 3617 2069 3702 2127; x_wconf 83' lang='lat' dir='ltr'><strong>vel</strong></span> 
     </span>
    </p>
   </div>
   <div class='ocr_carea' id='block_1_81' title="bbox 2114 2165 3053 2241">
    <p class='ocr_par' dir='ltr' id='par_1_81' title="bbox 2114 2165 3053 2241">
     <span class='ocr_line' id='line_1_81' title="bbox 2114 2165 3053 2241; baseline -0.007 -15"><span class='ocrx_word' id='word_1_643' title='bbox 2114 2170 2433 2241; x_wconf 90' lang='lat' dir='ltr'><strong>afﬂigamur,</strong></span> <span class='ocrx_word' id='word_1_644' title='bbox 2464 2168 2549 2224; x_wconf 91' lang='lat' dir='ltr'><strong>vel</strong></span> <span class='ocrx_word' id='word_1_645' title='bbox 2600 2183 2705 2222; x_wconf 89' lang='lat' dir='ltr'><strong>non</strong></span> <span class='ocrx_word' id='word_1_646' title='bbox 2735 2165 3053 2237; x_wconf 88' lang='lat' dir='ltr'><strong>afﬂigamur.</strong></span> 
     </span>
    </p>
   </div>
   <div class='ocr_carea' id='block_1_82' title="bbox 2184 2252 3703 2330">
    <p class='ocr_par' dir='ltr' id='par_1_82' title="bbox 2184 2252 3703 2330">
     <span class='ocr_line' id='line_1_82' title="bbox 2184 2252 3703 2330; baseline -0.005 -13"><span class='ocrx_word' id='word_1_647' title='bbox 2184 2264 2239 2318; x_wconf 77' lang='grc'><strong>4.</strong></span> <span class='ocrx_word' id='word_1_648' title='bbox 2266 2260 2527 2315; x_wconf 80' lang='lat' dir='ltr'><strong>Patientia</strong></span> <span class='ocrx_word' id='word_1_649' title='bbox 2562 2269 2805 2330; x_wconf 81' lang='lat' dir='ltr'><strong>quantum</strong></span> <span class='ocrx_word' id='word_1_650' title='bbox 2834 2260 3039 2313; x_wconf 81' lang='lat' dir='ltr'><strong>bonum.</strong></span> <span class='ocrx_word' id='word_1_651' title='bbox 3072 2254 3269 2312; x_wconf 77' lang='lat' dir='ltr'><strong>Grandi</strong></span> <span class='ocrx_word' id='word_1_652' title='bbox 3288 2254 3487 2309; x_wconf 77' lang='lat' dir='ltr'><strong>modus.</strong></span> <span class='ocrx_word' id='word_1_653' title='bbox 3517 2283 3589 2295; x_wconf 92' lang='lat'><strong><em>—</em></strong></span> <span class='ocrx_word' id='word_1_654' title='bbox 3635 2252 3703 2311; x_wconf 91' lang='lat' dir='ltr'><strong>Ut</strong></span> 
     </span>
    </p>
   </div>
   <div class='ocr_carea' id='block_1_83' title="bbox 2114 2347 3706 2422">
    <p class='ocr_par' dir='ltr' id='par_1_83' title="bbox 2114 2347 3706 2422">
     <span class='ocr_line' id='line_1_83' title="bbox 2114 2347 3706 2422; baseline -0.004 -13"><span class='ocrx_word' id='word_1_655' title='bbox 2114 2365 2291 2411; x_wconf 88' lang='lat' dir='ltr'><strong>autem</strong></span> <span class='ocrx_word' id='word_1_656' title='bbox 2315 2354 2489 2410; x_wconf 88' lang='lat' dir='ltr'><strong>discas</strong></span> <span class='ocrx_word' id='word_1_657' title='bbox 2510 2354 2671 2409; x_wconf 90' lang='lat' dir='ltr'><strong>etiam</strong></span> <span class='ocrx_word' id='word_1_658' title='bbox 2695 2368 2761 2408; x_wconf 90' lang='lat' dir='ltr'><strong>ex</strong></span> <span class='ocrx_word' id='word_1_659' title='bbox 2781 2366 2914 2408; x_wconf 92' lang='lat' dir='ltr'><strong>voce</strong></span> <span class='ocrx_word' id='word_1_660' title='bbox 2935 2349 3247 2422; x_wconf 88' lang='lat' dir='ltr'><strong>apostolica,</strong></span> <span class='ocrx_word' id='word_1_661' title='bbox 3264 2359 3461 2419; x_wconf 87' lang='lat' dir='ltr'><strong>quanta</strong></span> <span class='ocrx_word' id='word_1_662' title='bbox 3486 2347 3706 2404; x_wconf 89' lang='lat' dir='ltr'><strong>libertas</strong></span> 
     </span>
    </p>
   </div>
   <div class='ocr_carea' id='block_1_84' title="bbox 2116 2438 3703 2512">
    <p class='ocr_par' dir='ltr' id='par_1_84' title="bbox 2116 2438 3703 2512">
     <span class='ocr_line' id='line_1_84' title="bbox 2116 2438 3703 2512; baseline -0.004 -11"><span class='ocrx_word' id='word_1_663' title='bbox 2116 2448 2323 2501; x_wconf 88' lang='lat' dir='ltr'><strong>oriatur</strong></span> <span class='ocrx_word' id='word_1_664' title='bbox 2364 2461 2433 2502; x_wconf 89' lang='lat' dir='ltr'><strong>ex</strong></span> <span class='ocrx_word' id='word_1_665' title='bbox 2461 2445 2767 2511; x_wconf 83' lang='lat' dir='ltr'><strong>afﬂictione,</strong></span> <span class='ocrx_word' id='word_1_666' title='bbox 2802 2443 2925 2498; x_wconf 88' lang='lat' dir='ltr'><strong>audi</strong></span> <span class='ocrx_word' id='word_1_667' title='bbox 2982 2443 3155 2512; x_wconf 86' lang='lat' dir='ltr'><strong>ipsum</strong></span> <span class='ocrx_word' id='word_1_668' title='bbox 3200 2440 3419 2497; x_wconf 83' lang='lat' dir='ltr'><strong>Paulum</strong></span> <span class='ocrx_word' id='word_1_669' title='bbox 3474 2438 3703 2494; x_wconf 89' lang='lat' dir='ltr'><strong>fructum</strong></span> 
     </span>
    </p>
   </div>
   <div class='ocr_carea' id='block_1_85' title="bbox 2115 2531 3705 2602">
    <p class='ocr_par' dir='ltr' id='par_1_85' title="bbox 2115 2531 3705 2602">
     <span class='ocr_line' id='line_1_85' title="bbox 2115 2531 3705 2602; baseline -0.006 -8"><span class='ocrx_word' id='word_1_670' title='bbox 2115 2538 2420 2595; x_wconf 85' lang='lat' dir='ltr'><strong>afﬂictionis</strong></span> <span class='ocrx_word' id='word_1_671' title='bbox 2468 2546 2818 2592; x_wconf 88' lang='lat' dir='ltr'><strong>narrantem:</strong></span> <span class='ocrx_word' id='word_1_672' title='bbox 2860 2534 3141 2590; x_wconf 77' lang='lat' dir='ltr'><strong>Tribulatio</strong></span> <span class='ocrx_word' id='word_1_673' title='bbox 3190 2543 3360 2587; x_wconf 67' lang='lat' dir='ltr'><strong>autem</strong></span> <span class='ocrx_word' id='word_1_674' title='bbox 3410 2531 3705 2602; x_wconf 71' lang='lat' dir='ltr'><strong>patientiam</strong></span> 
     </span>
    </p>
   </div>
   <div class='ocr_carea' id='block_1_86' title="bbox 2116 2624 3706 2703">
    <p class='ocr_par' dir='ltr' id='par_1_86' title="bbox 2116 2624 3706 2703">
     <span class='ocr_line' id='line_1_86' title="bbox 2116 2624 3706 2703; baseline -0.007 -15"><span class='ocrx_word' id='word_1_675' title='bbox 2116 2642 2358 2703; x_wconf 78' lang='lat' dir='ltr'><strong>operatur</strong></span> <span class='ocrx_word' id='word_1_676' title='bbox 2385 2646 2405 2686; x_wconf 91' lang='lat'><strong><em>:</em></strong></span> <span class='ocrx_word' id='word_1_677' title='bbox 2447 2630 2689 2702; x_wconf 82' lang='lat' dir='ltr'><strong>patientia</strong></span> <span class='ocrx_word' id='word_1_678' title='bbox 2713 2638 2880 2682; x_wconf 83' lang='lat' dir='ltr'><strong>autem</strong></span> <span class='ocrx_word' id='word_1_679' title='bbox 2925 2626 3267 2699; x_wconf 75' lang='lat' dir='ltr'><strong>probationem</strong></span> <span class='ocrx_word' id='word_1_680' title='bbox 3293 2666 3307 2689; x_wconf 96' lang='lat'><strong>,</strong></span> <span class='ocrx_word' id='word_1_681' title='bbox 3340 2624 3570 2695; x_wconf 78' lang='lat' dir='ltr'><strong>probatio</strong></span> <span class='ocrx_word' id='word_1_682' title='bbox 3588 2639 3706 2678; x_wconf 71' lang='lat' dir='ltr'><strong>vero</strong></span> 
     </span>
    </p>
   </div>
   <div class='ocr_carea' id='block_1_87' title="bbox 2117 2714 3705 2796">
    <p class='ocr_par' dir='ltr' id='par_1_87' title="bbox 2117 2714 3705 2796">
     <span class='ocr_line' id='line_1_87' title="bbox 2117 2714 3705 2796; baseline -0.006 -17"><span class='ocrx_word' id='word_1_683' title='bbox 2117 2741 2256 2796; x_wconf 84' lang='lat' dir='ltr'><strong>spem</strong></span> <span class='ocrx_word' id='word_1_684' title='bbox 2273 2740 2292 2779; x_wconf 93' lang='lat'><strong><em>:</em></strong></span> <span class='ocrx_word' id='word_1_685' title='bbox 2318 2738 2432 2793; x_wconf 83' lang='lat' dir='ltr'><strong>spes</strong></span> <span class='ocrx_word' id='word_1_686' title='bbox 2458 2731 2624 2776; x_wconf 82' lang='lat' dir='ltr'><strong>autem</strong></span> <span class='ocrx_word' id='word_1_687' title='bbox 2650 2738 2750 2775; x_wconf 81' lang='lat' dir='ltr'><strong>non</strong></span> <span class='ocrx_word' id='word_1_688' title='bbox 2781 2719 3047 2790; x_wconf 77' lang='lat' dir='ltr'><strong>confundit</strong></span> <span class='ocrx_word' id='word_1_689' title='bbox 3074 2717 3247 2789; x_wconf 81' lang='lat' dir='ltr'><strong>(Rom.</strong></span> <span class='ocrx_word' id='word_1_690' title='bbox 3278 2718 3332 2773; x_wconf 78' lang='lat'><strong>5.</strong></span> <span class='ocrx_word' id='word_1_691' title='bbox 3355 2717 3456 2771; x_wconf 76' lang='lat'><strong>3-5</strong></span> <span class='ocrx_word' id='word_1_692' title='bbox 3477 2716 3519 2787; x_wconf 96' lang='lat'><strong>).</strong></span> <span class='ocrx_word' id='word_1_693' title='bbox 3563 2714 3705 2770; x_wconf 81' lang='lat' dir='ltr'><strong>lnef-</strong></span> 
     </span>
    </p>
   </div>
   <div class='ocr_carea' id='block_1_88' title="bbox 2117 2807 3708 2880">
    <p class='ocr_par' dir='ltr' id='par_1_88' title="bbox 2117 2807 3708 2880">
     <span class='ocr_line' id='line_1_88' title="bbox 2117 2807 3708 2880; baseline -0.009 -5"><span class='ocrx_word' id='word_1_694' title='bbox 2117 2820 2332 2876; x_wconf 76' lang='lat' dir='ltr'><strong>labilem</strong></span> <span class='ocrx_word' id='word_1_695' title='bbox 2377 2817 2556 2873; x_wconf 83' lang='lat' dir='ltr'><strong>vidisti</strong></span> <span class='ocrx_word' id='word_1_696' title='bbox 2598 2814 2971 2870; x_wconf 82' lang='lat' dir='ltr'><strong>latitudinem?</strong></span> <span class='ocrx_word' id='word_1_697' title='bbox 2999 2810 3176 2866; x_wconf 86' lang='lat' dir='ltr'><strong>vidisti</strong></span> <span class='ocrx_word' id='word_1_698' title='bbox 3215 2817 3428 2880; x_wconf 90' lang='lat' dir='ltr'><strong>portum</strong></span> <span class='ocrx_word' id='word_1_699' title='bbox 3473 2807 3708 2863; x_wconf 63' lang='lat' dir='ltr'><strong>laetitiae?</strong></span> 
     </span>
    </p>
   </div>
   <div class='ocr_carea' id='block_1_89' title="bbox 2120 2899 3705 2979">
    <p class='ocr_par' dir='ltr' id='par_1_89' title="bbox 2120 2899 3705 2979">
     <span class='ocr_line' id='line_1_89' title="bbox 2120 2899 3705 2979; baseline -0.007 -13"><span class='ocrx_word' id='word_1_700' title='bbox 2120 2911 2448 2975; x_wconf 81' lang='lat' dir='ltr'><strong>Patientiam,</strong></span> <span class='ocrx_word' id='word_1_701' title='bbox 2478 2908 2667 2979; x_wconf 89' lang='lat' dir='ltr'><strong>inquit,</strong></span> <span class='ocrx_word' id='word_1_702' title='bbox 2695 2906 2842 2977; x_wconf 73' lang='lat' dir='ltr'><strong>eﬁicit</strong></span> <span class='ocrx_word' id='word_1_703' title='bbox 2855 2903 3086 2975; x_wconf 72' lang='lat' dir='ltr'><strong>afflictio.</strong></span> <span class='ocrx_word' id='word_1_704' title='bbox 3127 2902 3263 2969; x_wconf 86' lang='lat' dir='ltr'><strong>Quid</strong></span> <span class='ocrx_word' id='word_1_705' title='bbox 3288 2904 3431 2957; x_wconf 82' lang='lat' dir='ltr'><strong>enim</strong></span> <span class='ocrx_word' id='word_1_706' title='bbox 3487 2899 3705 2955; x_wconf 84' lang='lat' dir='ltr'><strong>homine</strong></span> 
     </span>
    </p>
   </div>
   <div class='ocr_carea' id='block_1_90' title="bbox 2117 2995 3705 3075">
    <p class='ocr_par' dir='ltr' id='par_1_90' title="bbox 2117 2995 3705 3075">
     <span class='ocr_line' id='line_1_90' title="bbox 2117 2995 3705 3075; baseline -0.008 -16"><span class='ocrx_word' id='word_1_707' title='bbox 2117 3003 2524 3075; x_wconf 88' lang='lat' dir='ltr'><strong>patientissimo,</strong></span> <span class='ocrx_word' id='word_1_708' title='bbox 2551 3011 2607 3056; x_wconf 93' lang='lat' dir='ltr'><strong>et</strong></span> <span class='ocrx_word' id='word_1_709' title='bbox 2643 3000 2731 3070; x_wconf 85' lang='lat' dir='ltr'><strong>qui</strong></span> <span class='ocrx_word' id='word_1_710' title='bbox 2753 3003 2932 3053; x_wconf 87' lang='lat' dir='ltr'><strong>omnia</strong></span> <span class='ocrx_word' id='word_1_711' title='bbox 2961 2996 3116 3051; x_wconf 90' lang='lat' dir='ltr'><strong>facile</strong></span> <span class='ocrx_word' id='word_1_712' title='bbox 3145 2995 3284 3050; x_wconf 87' lang='lat' dir='ltr'><strong>ferre</strong></span> <span class='ocrx_word' id='word_1_713' title='bbox 3310 3002 3505 3064; x_wconf 89' lang='lat' dir='ltr'><strong>potest,</strong></span> <span class='ocrx_word' id='word_1_714' title='bbox 3559 3002 3705 3048; x_wconf 80' lang='lat' dir='ltr'><strong>tran-</strong></span> 
     </span>
    </p>
   </div>
   <div class='ocr_carea' id='block_1_91' title="bbox 2118 3086 3705 3169">
    <p class='ocr_par' dir='ltr' id='par_1_91' title="bbox 2118 3086 3705 3169">
     <span class='ocr_line' id='line_1_91' title="bbox 2118 3086 3705 3169; baseline -0.006 -18"><span class='ocrx_word' id='word_1_715' title='bbox 2118 3098 2332 3169; x_wconf 84' lang='lat' dir='ltr'><strong>quillius</strong></span> <span class='ocrx_word' id='word_1_716' title='bbox 2350 3090 2518 3166; x_wconf 73' lang='lat' dir='ltr'><strong>?quid</strong></span> <span class='ocrx_word' id='word_1_717' title='bbox 2545 3093 2772 3164; x_wconf 89' lang='lat' dir='ltr'><strong>probato</strong></span> <span class='ocrx_word' id='word_1_718' title='bbox 2802 3090 2961 3146; x_wconf 88' lang='lat' dir='ltr'><strong>fuerit</strong></span> <span class='ocrx_word' id='word_1_719' title='bbox 2985 3090 3174 3144; x_wconf 86' lang='lat' dir='ltr'><strong>fortius</strong></span> <span class='ocrx_word' id='word_1_720' title='bbox 3192 3089 3217 3142; x_wconf 69' lang='grc' dir='ltr'><em>ἲ</em></span> <span class='ocrx_word' id='word_1_721' title='bbox 3235 3086 3362 3158; x_wconf 91' lang='lat' dir='ltr'><strong>quid</strong></span> <span class='ocrx_word' id='word_1_722' title='bbox 3378 3097 3556 3142; x_wconf 88' lang='lat' dir='ltr'><strong>autem</strong></span> <span class='ocrx_word' id='word_1_723' title='bbox 3576 3102 3705 3142; x_wconf 89' lang='lat' dir='ltr'><strong>con-</strong></span> 
     </span>
    </p>
   </div>
   <div class='ocr_carea' id='block_1_92' title="bbox 2119 3178 3706 3258">
    <p class='ocr_par' dir='ltr' id='par_1_92' title="bbox 2119 3178 3706 3258">
     <span class='ocr_line' id='line_1_92' title="bbox 2119 3178 3706 3258; baseline -0.007 -14"><span class='ocrx_word' id='word_1_724' title='bbox 2119 3188 2245 3244; x_wconf 85' lang='lat' dir='ltr'><strong>ferri</strong></span> <span class='ocrx_word' id='word_1_725' title='bbox 2270 3195 2449 3258; x_wconf 89' lang='lat' dir='ltr'><strong>potest</strong></span> <span class='ocrx_word' id='word_1_726' title='bbox 2466 3200 2587 3240; x_wconf 91' lang='lat' dir='ltr'><strong>cum</strong></span> <span class='ocrx_word' id='word_1_727' title='bbox 2608 3199 2670 3239; x_wconf 90' lang='lat' dir='ltr'><strong>ea</strong></span> <span class='ocrx_word' id='word_1_728' title='bbox 2701 3197 2821 3253; x_wconf 63' lang='lat' dir='ltr'><strong>quae</strong></span> <span class='ocrx_word' id='word_1_729' title='bbox 2849 3181 2975 3237; x_wconf 91' lang='lat' dir='ltr'><strong>hinc</strong></span> <span class='ocrx_word' id='word_1_730' title='bbox 2999 3180 3171 3235; x_wconf 90' lang='lat' dir='ltr'><strong>oritur</strong></span> <span class='ocrx_word' id='word_1_731' title='bbox 3198 3179 3591 3234; x_wconf 73' lang='lat' dir='ltr'><strong>delectatione?</strong></span> <span class='ocrx_word' id='word_1_732' title='bbox 3613 3178 3706 3233; x_wconf 89' lang='lat' dir='ltr'><strong>Di-</strong></span> 
     </span>
    </p>
   </div>
   <div class='ocr_carea' id='block_1_93' title="bbox 2117 3272 3700 3346">
    <p class='ocr_par' dir='ltr' id='par_1_93' title="bbox 2117 3272 3700 3346">
     <span class='ocr_line' id='line_1_93' title="bbox 2117 3272 3700 3346; baseline -0.008 -8"><span class='ocrx_word' id='word_1_733' title='bbox 2117 3283 2193 3337; x_wconf 90' lang='lat' dir='ltr'><strong>cit</strong></span> <span class='ocrx_word' id='word_1_734' title='bbox 2217 3281 2360 3338; x_wconf 91' lang='lat' dir='ltr'><strong>enim</strong></span> <span class='ocrx_word' id='word_1_735' title='bbox 2391 3279 2546 3335; x_wconf 89' lang='lat' dir='ltr'><strong>nobis</strong></span> <span class='ocrx_word' id='word_1_736' title='bbox 2594 3286 2703 3333; x_wconf 90' lang='lat' dir='ltr'><strong>tres</strong></span> <span class='ocrx_word' id='word_1_737' title='bbox 2743 3276 3047 3346; x_wconf 86' lang='lat' dir='ltr'><strong>voluptates</strong></span> <span class='ocrx_word' id='word_1_738' title='bbox 3091 3288 3213 3344; x_wconf 75' lang='lat' dir='ltr'><strong>qua:</strong></span> <span class='ocrx_word' id='word_1_739' title='bbox 3261 3272 3387 3327; x_wconf 87' lang='lat' dir='ltr'><strong>hinc</strong></span> <span class='ocrx_word' id='word_1_740' title='bbox 3432 3272 3700 3340; x_wconf 89' lang='lat' dir='ltr'><strong>oriuntur,</strong></span> 
     </span>
    </p>
   </div>
   <div class='ocr_carea' id='block_1_94' title="bbox 2120 3364 3698 3446">
    <p class='ocr_par' dir='ltr' id='par_1_94' title="bbox 2120 3364 3698 3446">
     <span class='ocr_line' id='line_1_94' title="bbox 2120 3364 3698 3446; baseline -0.006 -17"><span class='ocrx_word' id='word_1_741' title='bbox 2120 3374 2450 3446; x_wconf 87' lang='lat' dir='ltr'><strong>patientiam,</strong></span> <span class='ocrx_word' id='word_1_742' title='bbox 2483 3370 2851 3441; x_wconf 90' lang='lat' dir='ltr'><strong>probationem</strong></span> <span class='ocrx_word' id='word_1_743' title='bbox 2876 3410 2891 3432; x_wconf 90' lang='lat'><strong>,</strong></span> <span class='ocrx_word' id='word_1_744' title='bbox 2920 3376 2976 3423; x_wconf 91' lang='lat' dir='ltr'><strong>et</strong></span> <span class='ocrx_word' id='word_1_745' title='bbox 2996 3380 3144 3436; x_wconf 90' lang='lat' dir='ltr'><strong>spem</strong></span> <span class='ocrx_word' id='word_1_746' title='bbox 3175 3364 3473 3419; x_wconf 91' lang='lat' dir='ltr'><strong>futurorum</strong></span> <span class='ocrx_word' id='word_1_747' title='bbox 3524 3365 3698 3420; x_wconf 81' lang='lat' dir='ltr'><strong>bono-</strong></span> 
     </span>
    </p>
   </div>
   <div class='ocr_carea' id='block_1_95' title="bbox 2120 3458 3700 3532">
    <p class='ocr_par' dir='ltr' id='par_1_95' title="bbox 2120 3458 3700 3532">
     <span class='ocr_line' id='line_1_95' title="bbox 2120 3458 3700 3532; baseline -0.006 -10"><span class='ocrx_word' id='word_1_748' title='bbox 2120 3483 2261 3522; x_wconf 83' lang='lat' dir='ltr'><strong>rum.</strong></span> <span class='ocrx_word' id='word_1_749' title='bbox 2291 3466 2367 3520; x_wconf 88' lang='lat' dir='ltr'><strong>De</strong></span> <span class='ocrx_word' id='word_1_750' title='bbox 2417 3465 2500 3519; x_wconf 93' lang='lat' dir='ltr'><strong>his</strong></span> <span class='ocrx_word' id='word_1_751' title='bbox 2540 3478 2682 3517; x_wconf 90' lang='lat' dir='ltr'><strong>nunc</strong></span> <span class='ocrx_word' id='word_1_752' title='bbox 2709 3460 3093 3532; x_wconf 88' lang='lat' dir='ltr'><strong>philosophaus</strong></span> <span class='ocrx_word' id='word_1_753' title='bbox 3132 3460 3392 3529; x_wconf 86' lang='lat' dir='ltr'><strong>propheta</strong></span> <span class='ocrx_word' id='word_1_754' title='bbox 3442 3458 3700 3513; x_wconf 89' lang='lat' dir='ltr'><strong>dicebat:</strong></span> 
     </span>
    </p>
   </div>
   <div class='ocr_carea' id='block_1_96' title="bbox 2120 3549 3707 3618">
    <p class='ocr_par' dir='ltr' id='par_1_96' title="bbox 2120 3549 3707 3618">
     <span class='ocr_line' id='line_1_96' title="bbox 2120 3549 3707 3618; baseline -0.006 -5"><span class='ocrx_word' id='word_1_755' title='bbox 2120 3558 2189 3613; x_wconf 84' lang='lat' dir='ltr'><strong>In</strong></span> <span class='ocrx_word' id='word_1_756' title='bbox 2215 3558 2537 3612; x_wconf 79' lang='lat' dir='ltr'><strong>tribulatione</strong></span> <span class='ocrx_word' id='word_1_757' title='bbox 2561 3555 2788 3609; x_wconf 80' lang='lat' dir='ltr'><strong>dilatasti</strong></span> <span class='ocrx_word' id='word_1_758' title='bbox 2815 3553 2959 3606; x_wconf 79' lang='lat' dir='ltr'><strong>mihi.</strong></span> <span class='ocrx_word' id='word_1_759' title='bbox 2990 3551 3122 3618; x_wconf 85' lang='lat' dir='ltr'><strong>Quia</strong></span> <span class='ocrx_word' id='word_1_760' title='bbox 3152 3550 3294 3606; x_wconf 91' lang='lat' dir='ltr'><strong>enim</strong></span> <span class='ocrx_word' id='word_1_761' title='bbox 3324 3549 3499 3604; x_wconf 86' lang='lat' dir='ltr'><strong>dixit:</strong></span> <span class='ocrx_word' id='word_1_762' title='bbox 3528 3549 3707 3604; x_wconf 70' lang='lat' dir='ltr'><strong>Exau-</strong></span> 
     </span>
    </p>
   </div>
   <div class='ocr_carea' id='block_1_97' title="bbox 2120 3639 3704 3717">
    <p class='ocr_par' dir='ltr' id='par_1_97' title="bbox 2120 3639 3704 3717">
     <span class='ocr_line' id='line_1_97' title="bbox 2120 3639 3704 3717; baseline -0.004 -15"><span class='ocrx_word' id='word_1_763' title='bbox 2120 3649 2242 3703; x_wconf 82' lang='lat' dir='ltr'><strong>divit</strong></span> <span class='ocrx_word' id='word_1_764' title='bbox 2264 3664 2341 3702; x_wconf 88' lang='lat' dir='ltr'><strong>me</strong></span> <span class='ocrx_word' id='word_1_765' title='bbox 2370 3646 2507 3702; x_wconf 81' lang='lat' dir='ltr'><strong>Deus</strong></span> <span class='ocrx_word' id='word_1_766' title='bbox 2534 3687 2549 3713; x_wconf 94' lang='lat'><strong>,</strong></span> <span class='ocrx_word' id='word_1_767' title='bbox 2591 3659 2825 3717; x_wconf 91' lang='lat' dir='ltr'><strong>quonam</strong></span> <span class='ocrx_word' id='word_1_768' title='bbox 2865 3641 3027 3697; x_wconf 92' lang='lat' dir='ltr'><strong>modo</strong></span> <span class='ocrx_word' id='word_1_769' title='bbox 3050 3640 3322 3696; x_wconf 87' lang='lat' dir='ltr'><strong>exaudivit</strong></span> <span class='ocrx_word' id='word_1_770' title='bbox 3371 3640 3466 3695; x_wconf 90' lang='lat' dir='ltr'><strong>ait.</strong></span> <span class='ocrx_word' id='word_1_771' title='bbox 3498 3639 3616 3695; x_wconf 90' lang='lat' dir='ltr'><strong>Non</strong></span> <span class='ocrx_word' id='word_1_772' title='bbox 3650 3641 3704 3696; x_wconf 93' lang='lat' dir='ltr'><strong>in</strong></span> 
     </span>
    </p>
   </div>
   <div class='ocr_carea' id='block_1_98' title="bbox 2121 3734 3706 3811">
    <p class='ocr_par' dir='ltr' id='par_1_98' title="bbox 2121 3734 3706 3811">
     <span class='ocr_line' id='line_1_98' title="bbox 2121 3734 3706 3811; baseline -0.005 -14"><span class='ocrx_word' id='word_1_773' title='bbox 2121 3742 2361 3811; x_wconf 86' lang='lat' dir='ltr'><strong>pecuniis</strong></span> <span class='ocrx_word' id='word_1_774' title='bbox 2391 3758 2404 3793; x_wconf 93' lang='lat'><strong>:</strong></span> <span class='ocrx_word' id='word_1_775' title='bbox 2436 3739 2574 3794; x_wconf 89' lang='lat' dir='ltr'><strong>nihil</strong></span> <span class='ocrx_word' id='word_1_776' title='bbox 2606 3739 2750 3793; x_wconf 90' lang='lat' dir='ltr'><strong>enim</strong></span> <span class='ocrx_word' id='word_1_777' title='bbox 2779 3737 2994 3807; x_wconf 89' lang='lat' dir='ltr'><strong>petebat</strong></span> <span class='ocrx_word' id='word_1_778' title='bbox 3016 3734 3277 3806; x_wconf 88' lang='lat' dir='ltr'><strong>ejusmodi</strong></span> <span class='ocrx_word' id='word_1_779' title='bbox 3304 3751 3320 3799; x_wconf 90' lang='lat'><strong>;</strong></span> <span class='ocrx_word' id='word_1_780' title='bbox 3345 3750 3449 3789; x_wconf 90' lang='lat' dir='ltr'><strong>non</strong></span> <span class='ocrx_word' id='word_1_781' title='bbox 3499 3745 3559 3790; x_wconf 91' lang='lat' dir='ltr'><strong>ut</strong></span> <span class='ocrx_word' id='word_1_782' title='bbox 3583 3735 3706 3789; x_wconf 86' lang='lat' dir='ltr'><strong>vin-</strong></span> 
     </span>
    </p>
   </div>
   <div class='ocr_carea' id='block_1_99' title="bbox 2120 3823 3705 3897">
    <p class='ocr_par' dir='ltr' id='par_1_99' title="bbox 2120 3823 3705 3897">
     <span class='ocr_line' id='line_1_99' title="bbox 2120 3823 3705 3897; baseline -0.006 -9"><span class='ocrx_word' id='word_1_783' title='bbox 2120 3841 2270 3889; x_wconf 89' lang='lat' dir='ltr'><strong>ceret</strong></span> <span class='ocrx_word' id='word_1_784' title='bbox 2296 3830 2574 3886; x_wconf 88' lang='lat' dir='ltr'><strong>inimicos:</strong></span> <span class='ocrx_word' id='word_1_785' title='bbox 2604 3844 2728 3884; x_wconf 90' lang='lat' dir='ltr'><strong>nam</strong></span> <span class='ocrx_word' id='word_1_786' title='bbox 2776 3841 2949 3897; x_wconf 90' lang='lat' dir='ltr'><strong>neque</strong></span> <span class='ocrx_word' id='word_1_787' title='bbox 2987 3827 3103 3881; x_wconf 67' lang='lat' dir='ltr'><strong>hate</strong></span> <span class='ocrx_word' id='word_1_788' title='bbox 3147 3823 3471 3895; x_wconf 88' lang='lat' dir='ltr'><strong>postulabat;</strong></span> <span class='ocrx_word' id='word_1_789' title='bbox 3511 3823 3605 3880; x_wconf 88' lang='lat' dir='ltr'><strong>sed</strong></span> <span class='ocrx_word' id='word_1_790' title='bbox 3650 3824 3705 3879; x_wconf 91' lang='lat' dir='ltr'><strong>iu</strong></span> 
     </span>
    </p>
   </div>
   <div class='ocr_carea' id='block_1_100' title="bbox 2123 3916 3700 3995">
    <p class='ocr_par' dir='ltr' id='par_1_100' title="bbox 2123 3916 3700 3995">
     <span class='ocr_line' id='line_1_100' title="bbox 2123 3916 3700 3995; baseline -0.006 -16"><span class='ocrx_word' id='word_1_791' title='bbox 2123 3923 2509 3995; x_wconf 88' lang='lat' dir='ltr'><strong>tranquillitate</strong></span> <span class='ocrx_word' id='word_1_792' title='bbox 2559 3936 2678 3991; x_wconf 83' lang='lat' dir='ltr'><strong>quae</strong></span> <span class='ocrx_word' id='word_1_793' title='bbox 2712 3920 2765 3975; x_wconf 91' lang='lat' dir='ltr'><strong>in</strong></span> <span class='ocrx_word' id='word_1_794' title='bbox 2807 3918 2985 3974; x_wconf 89' lang='lat' dir='ltr'><strong>medio</strong></span> <span class='ocrx_word' id='word_1_795' title='bbox 3030 3916 3345 3972; x_wconf 87' lang='lat' dir='ltr'><strong>afﬂictiouis</strong></span> <span class='ocrx_word' id='word_1_796' title='bbox 3383 3924 3569 3971; x_wconf 86' lang='lat' dir='ltr'><strong>exorta</strong></span> <span class='ocrx_word' id='word_1_797' title='bbox 3598 3926 3700 3971; x_wconf 86' lang='lat' dir='ltr'><strong>est.</strong></span> 
     </span>
    </p>
   </div>
   <div class='ocr_carea' id='block_1_101' title="bbox 2124 4006 3706 4080">
    <p class='ocr_par' dir='ltr' id='par_1_101' title="bbox 2124 4006 3706 4080">
     <span class='ocr_line' id='line_1_101' title="bbox 2124 4006 3706 4080; baseline -0.008 -7"><span class='ocrx_word' id='word_1_798' title='bbox 2124 4018 2365 4073; x_wconf 82' lang='lat' dir='ltr'><strong>Miserere</strong></span> <span class='ocrx_word' id='word_1_799' title='bbox 2392 4015 2509 4080; x_wconf 81' lang='lat' dir='ltr'><strong>mei,</strong></span> <span class='ocrx_word' id='word_1_800' title='bbox 2552 4023 2600 4067; x_wconf 86' lang='lat' dir='ltr'><strong>et</strong></span> <span class='ocrx_word' id='word_1_801' title='bbox 2625 4012 2811 4067; x_wconf 74' lang='lat' dir='ltr'><strong>exaudi</strong></span> <span class='ocrx_word' id='word_1_802' title='bbox 2852 4010 3130 4065; x_wconf 85' lang='lat' dir='ltr'><strong>orationem</strong></span> <span class='ocrx_word' id='word_1_803' title='bbox 3158 4024 3339 4063; x_wconf 84' lang='lat' dir='ltr'><strong>meam.</strong></span> <span class='ocrx_word' id='word_1_804' title='bbox 3367 4006 3504 4076; x_wconf 83' lang='lat' dir='ltr'><strong>Quid</strong></span> <span class='ocrx_word' id='word_1_805' title='bbox 3530 4006 3706 4063; x_wconf 72' lang='lat' dir='ltr'><strong>dicis?</strong></span> 
     </span>
    </p>
   </div>
   <div class='ocr_carea' id='block_1_102' title="bbox 2122 4098 3709 4175">
    <p class='ocr_par' dir='ltr' id='par_1_102' title="bbox 2122 4098 3709 4175">
     <span class='ocr_line' id='line_1_102' title="bbox 2122 4098 3709 4175; baseline -0.008 -10"><span class='ocrx_word' id='word_1_806' title='bbox 2122 4108 2406 4165; x_wconf 85' lang='lat' dir='ltr'><strong>Meministi</strong></span> <span class='ocrx_word' id='word_1_807' title='bbox 2434 4105 2681 4175; x_wconf 89' lang='lat' dir='ltr'><strong>superius</strong></span> <span class='ocrx_word' id='word_1_808' title='bbox 2704 4102 2946 4173; x_wconf 70' lang='lat' dir='ltr'><strong>jusdtias,</strong></span> <span class='ocrx_word' id='word_1_809' title='bbox 2979 4102 3065 4156; x_wconf 84' lang='lat' dir='ltr'><strong>hic</strong></span> <span class='ocrx_word' id='word_1_810' title='bbox 3111 4100 3467 4156; x_wconf 87' lang='lat' dir='ltr'><strong>miserationis</strong></span> <span class='ocrx_word' id='word_1_811' title='bbox 3511 4108 3568 4154; x_wconf 86' lang='lat' dir='ltr'><strong>et</strong></span> <span class='ocrx_word' id='word_1_812' title='bbox 3605 4098 3709 4153; x_wconf 87' lang='lat' dir='ltr'><strong>mi-</strong></span> 
     </span>
    </p>
   </div>
   <div class='ocr_carea' id='block_1_103' title="bbox 2122 4191 3709 4268">
    <p class='ocr_par' dir='ltr' id='par_1_103' title="bbox 2122 4191 3709 4268">
     <span class='ocr_line' id='line_1_103' title="bbox 2122 4191 3709 4268; baseline -0.009 -7"><span class='ocrx_word' id='word_1_813' title='bbox 2122 4203 2473 4261; x_wconf 77' lang='lat' dir='ltr'><strong>sericordiae:</strong></span> <span class='ocrx_word' id='word_1_814' title='bbox 2521 4208 2577 4256; x_wconf 91' lang='lat' dir='ltr'><strong>et</strong></span> <span class='ocrx_word' id='word_1_815' title='bbox 2620 4213 2781 4268; x_wconf 84' lang='lat' dir='ltr'><strong>quam</strong></span> <span class='ocrx_word' id='word_1_816' title='bbox 2831 4196 2948 4252; x_wconf 68' lang='lat' dir='ltr'><strong>haec</strong></span> <span class='ocrx_word' id='word_1_817' title='bbox 2998 4195 3196 4251; x_wconf 89' lang='lat' dir='ltr'><strong>habent</strong></span> <span class='ocrx_word' id='word_1_818' title='bbox 3233 4191 3709 4264; x_wconf 71' lang='lat' dir='ltr'><strong>consequentiam?</strong></span> 
     </span>
    </p>
   </div>
   <div class='ocr_carea' id='block_1_104' title="bbox 2122 4283 3707 4362">
    <p class='ocr_par' dir='ltr' id='par_1_104' title="bbox 2122 4283 3707 4362">
     <span class='ocr_line' id='line_1_104' title="bbox 2122 4283 3707 4362; baseline -0.008 -10"><span class='ocrx_word' id='word_1_819' title='bbox 2122 4297 2378 4360; x_wconf 85' lang='lat' dir='ltr'><strong>Multam,</strong></span> <span class='ocrx_word' id='word_1_820' title='bbox 2432 4302 2488 4349; x_wconf 91' lang='lat' dir='ltr'><strong>et</strong></span> <span class='ocrx_word' id='word_1_821' title='bbox 2545 4290 2814 4362; x_wconf 87' lang='lat' dir='ltr'><strong>prioribus</strong></span> <span class='ocrx_word' id='word_1_822' title='bbox 2865 4288 3152 4344; x_wconf 89' lang='lat' dir='ltr'><strong>admodum</strong></span> <span class='ocrx_word' id='word_1_823' title='bbox 3204 4301 3520 4342; x_wconf 87' lang='lat' dir='ltr'><strong>connexam.</strong></span> <span class='ocrx_word' id='word_1_824' title='bbox 3572 4283 3707 4341; x_wconf 87' lang='lat' dir='ltr'><strong>Nam</strong></span> 
     </span>
    </p>
   </div>
   <div class='ocr_carea' id='block_1_105' title="bbox 2123 4376 3710 4444">
    <p class='ocr_par' dir='ltr' id='par_1_105' title="bbox 2123 4376 3710 4444">
     <span class='ocr_line' id='line_1_105' title="bbox 2123 4376 3710 4444; baseline -0.007 -1"><span class='ocrx_word' id='word_1_825' title='bbox 2123 4387 2333 4444; x_wconf 86' lang='lat' dir='ltr'><strong>etiamsi</strong></span> <span class='ocrx_word' id='word_1_826' title='bbox 2363 4384 2643 4439; x_wconf 89' lang='lat' dir='ltr'><strong>innumera</strong></span> <span class='ocrx_word' id='word_1_827' title='bbox 2673 4390 2823 4437; x_wconf 86' lang='lat' dir='ltr'><strong>recte</strong></span> <span class='ocrx_word' id='word_1_828' title='bbox 2859 4377 3169 4441; x_wconf 88' lang='lat' dir='ltr'><strong>fecerimus,</strong></span> <span class='ocrx_word' id='word_1_829' title='bbox 3194 4376 3630 4431; x_wconf 84' lang='lat' dir='ltr'><strong>miserationibus</strong></span> <span class='ocrx_word' id='word_1_830' title='bbox 3657 4386 3710 4432; x_wconf 92' lang='lat' dir='ltr'><strong>ct</strong></span> 
     </span>
    </p>
   </div>
   <div class='ocr_carea' id='block_1_106' title="bbox 2124 4466 3706 4538">
    <p class='ocr_par' dir='ltr' id='par_1_106' title="bbox 2124 4466 3706 4538">
     <span class='ocr_line' id='line_1_106' title="bbox 2124 4466 3706 4538; baseline -0.008 -3"><span class='ocrx_word' id='word_1_831' title='bbox 2124 4477 2409 4536; x_wconf 89' lang='lat' dir='ltr'><strong>clementia</strong></span> <span class='ocrx_word' id='word_1_832' title='bbox 2437 4474 2701 4529; x_wconf 88' lang='lat' dir='ltr'><strong>audimur.</strong></span> <span class='ocrx_word' id='word_1_833' title='bbox 2753 4470 2975 4527; x_wconf 84' lang='lat' dir='ltr'><strong>Etiamsi</strong></span> <span class='ocrx_word' id='word_1_834' title='bbox 3003 4468 3068 4523; x_wconf 90' lang='lat' dir='ltr'><strong>ad</strong></span> <span class='ocrx_word' id='word_1_835' title='bbox 3110 4468 3284 4538; x_wconf 85' lang='lat' dir='ltr'><strong>ipsum</strong></span> <span class='ocrx_word' id='word_1_836' title='bbox 3324 4467 3534 4522; x_wconf 88' lang='lat' dir='ltr'><strong>virtutis</strong></span> <span class='ocrx_word' id='word_1_837' title='bbox 3561 4466 3706 4522; x_wconf 75' lang='lat' dir='ltr'><strong>fasti~</strong></span> 
     </span>
    </p>
   </div>
   <div class='ocr_carea' id='block_1_107' title="bbox 2125 4559 3709 4644">
    <p class='ocr_par' dir='ltr' id='par_1_107' title="bbox 2125 4559 3709 4644">
     <span class='ocr_line' id='line_1_107' title="bbox 2125 4559 3709 4644; baseline -0.007 -17"><span class='ocrx_word' id='word_1_838' title='bbox 2125 4574 2269 4644; x_wconf 88' lang='lat' dir='ltr'><strong>gium</strong></span> <span class='ocrx_word' id='word_1_839' title='bbox 2297 4568 2721 4641; x_wconf 87' lang='lat' dir='ltr'><strong>pervenerimus,</strong></span> <span class='ocrx_word' id='word_1_840' title='bbox 2776 4577 3054 4620; x_wconf 88' lang='lat' dir='ltr'><strong>servamur</strong></span> <span class='ocrx_word' id='word_1_841' title='bbox 3078 4576 3109 4615; x_wconf 93' lang='lat' dir='ltr'><strong>a</strong></span> <span class='ocrx_word' id='word_1_842' title='bbox 3148 4559 3533 4615; x_wconf 87' lang='lat' dir='ltr'><strong>misericordia.</strong></span> <span class='ocrx_word' id='word_1_843' title='bbox 3573 4559 3709 4616; x_wconf 81' lang='lat' dir='ltr'><strong>Hinc</strong></span> 
     </span>
    </p>
   </div>
   <div class='ocr_carea' id='block_1_108' title="bbox 2126 4651 3713 4728">
    <p class='ocr_par' dir='ltr' id='par_1_108' title="bbox 2126 4651 3713 4728">
     <span class='ocr_line' id='line_1_108' title="bbox 2126 4651 3713 4728; baseline -0.009 -8"><span class='ocrx_word' id='word_1_844' title='bbox 2126 4666 2402 4727; x_wconf 87' lang='lat' dir='ltr'><strong>discimus,</strong></span> <span class='ocrx_word' id='word_1_845' title='bbox 2434 4674 2556 4715; x_wconf 91' lang='lat' dir='ltr'><strong>cum</strong></span> <span class='ocrx_word' id='word_1_846' title='bbox 2591 4657 2795 4728; x_wconf 89' lang='lat' dir='ltr'><strong>justitia</strong></span> <span class='ocrx_word' id='word_1_847' title='bbox 2835 4663 3013 4709; x_wconf 92' lang='lat' dir='ltr'><strong>mente</strong></span> <span class='ocrx_word' id='word_1_848' title='bbox 3051 4666 3265 4722; x_wconf 84' lang='lat' dir='ltr'><strong>quoque</strong></span> <span class='ocrx_word' id='word_1_849' title='bbox 3311 4651 3540 4708; x_wconf 83' lang='lat' dir='ltr'><strong>contrita</strong></span> <span class='ocrx_word' id='word_1_850' title='bbox 3573 4666 3713 4721; x_wconf 89' lang='lat' dir='ltr'><strong>opus</strong></span> 
     </span>
    </p>
   </div>
   <div class='ocr_carea' id='block_1_109' title="bbox 2127 4743 3717 4819">
    <p class='ocr_par' dir='ltr' id='par_1_109' title="bbox 2127 4743 3717 4819">
     <span class='ocr_line' id='line_1_109' title="bbox 2127 4743 3717 4819; baseline -0.01 -5"><span class='ocrx_word' id='word_1_851' title='bbox 2127 4772 2266 4814; x_wconf 88' lang='lat' dir='ltr'><strong>esse.</strong></span> <span class='ocrx_word' id='word_1_852' title='bbox 2289 4754 2497 4809; x_wconf 85' lang='lat' dir='ltr'><strong>Etenim</strong></span> <span class='ocrx_word' id='word_1_853' title='bbox 2516 4751 2639 4805; x_wconf 91' lang='lat' dir='ltr'><strong>licet</strong></span> <span class='ocrx_word' id='word_1_854' title='bbox 2652 4750 2721 4804; x_wconf 89' lang='lat' dir='ltr'><strong>sit</strong></span> <span class='ocrx_word' id='word_1_855' title='bbox 2736 4756 3003 4819; x_wconf 82' lang='lat' dir='ltr'><strong>peccator,</strong></span> <span class='ocrx_word' id='word_1_856' title='bbox 3022 4745 3067 4800; x_wconf 88' lang='lat' dir='ltr'><strong>si</strong></span> <span class='ocrx_word' id='word_1_857' title='bbox 3082 4758 3203 4799; x_wconf 91' lang='lat' dir='ltr'><strong>cum</strong></span> <span class='ocrx_word' id='word_1_858' title='bbox 3223 4743 3518 4798; x_wconf 82' lang='lat' dir='ltr'><strong>humilitate</strong></span> <span class='ocrx_word' id='word_1_859' title='bbox 3535 4757 3717 4798; x_wconf 80' lang='lat' dir='ltr'><strong>orave-</strong></span> 
     </span>
    </p>
   </div>
   <div class='ocr_carea' id='block_1_110' title="bbox 2128 4837 3717 4920">
    <p class='ocr_par' dir='ltr' id='par_1_110' title="bbox 2128 4837 3717 4920">
     <span class='ocr_line' id='line_1_110' title="bbox 2128 4837 3717 4920; baseline -0.01 -13"><span class='ocrx_word' id='word_1_860' title='bbox 2128 4852 2218 4915; x_wconf 91' lang='lat' dir='ltr'><strong>rit,</strong></span> <span class='ocrx_word' id='word_1_861' title='bbox 2248 4864 2367 4920; x_wconf 72' lang='lat' dir='ltr'><strong>quaa</strong></span> <span class='ocrx_word' id='word_1_862' title='bbox 2392 4855 2475 4902; x_wconf 89' lang='lat' dir='ltr'><strong>est</strong></span> <span class='ocrx_word' id='word_1_863' title='bbox 2512 4860 2637 4915; x_wconf 85' lang='lat' dir='ltr'><strong>pars</strong></span> <span class='ocrx_word' id='word_1_864' title='bbox 2676 4841 2919 4906; x_wconf 88' lang='lat' dir='ltr'><strong>virtutis,</strong></span> <span class='ocrx_word' id='word_1_865' title='bbox 2945 4853 3137 4909; x_wconf 86' lang='lat' dir='ltr'><strong>magna</strong></span> <span class='ocrx_word' id='word_1_866' title='bbox 3165 4838 3360 4909; x_wconf 84' lang='lat' dir='ltr'><strong>poterit</strong></span> <span class='ocrx_word' id='word_1_867' title='bbox 3385 4837 3600 4893; x_wconf 89' lang='lat' dir='ltr'><strong>eﬂicere</strong></span> <span class='ocrx_word' id='word_1_868' title='bbox 3623 4856 3636 4891; x_wconf 91' lang='lat'><strong>:</strong></span> <span class='ocrx_word' id='word_1_869' title='bbox 3659 4844 3717 4892; x_wconf 91' lang='lat' dir='ltr'><strong>et</strong></span> 
     </span>
    </p>
   </div>
   <div class='ocr_carea' id='block_1_111' title="bbox 2131 4928 3716 5012">
    <p class='ocr_par' dir='ltr' id='par_1_111' title="bbox 2131 4928 3716 5012">
     <span class='ocr_line' id='line_1_111' title="bbox 2131 4928 3716 5012; baseline -0.011 -12"><span class='ocrx_word' id='word_1_870' title='bbox 2131 4947 2257 5001; x_wconf 90' lang='lat' dir='ltr'><strong>licet</strong></span> <span class='ocrx_word' id='word_1_871' title='bbox 2279 4942 2557 5012; x_wconf 87' lang='lat' dir='ltr'><strong>sitjustus,</strong></span> <span class='ocrx_word' id='word_1_872' title='bbox 2588 4938 2635 4992; x_wconf 90' lang='lat' dir='ltr'><strong>si</strong></span> <span class='ocrx_word' id='word_1_873' title='bbox 2661 4951 2784 4991; x_wconf 90' lang='lat' dir='ltr'><strong>cum</strong></span> <span class='ocrx_word' id='word_1_874' title='bbox 2804 4934 3107 5004; x_wconf 83' lang='lat' dir='ltr'><strong>arrogantia</strong></span> <span class='ocrx_word' id='word_1_875' title='bbox 3134 4930 3425 4987; x_wconf 84' lang='lat' dir='ltr'><strong>accesserit</strong></span> <span class='ocrx_word' id='word_1_876' title='bbox 3451 4969 3469 4996; x_wconf 95' lang='lat'><strong>,</strong></span> <span class='ocrx_word' id='word_1_877' title='bbox 3501 4944 3531 4983; x_wconf 88' lang='lat' dir='ltr'><strong>a</strong></span> <span class='ocrx_word' id='word_1_878' title='bbox 3559 4928 3716 4984; x_wconf 89' lang='lat' dir='ltr'><strong>bonis</strong></span> 
     </span>
    </p>
   </div>
   <div class='ocr_carea' id='block_1_112' title="bbox 2132 5022 3718 5097">
    <p class='ocr_par' dir='ltr' id='par_1_112' title="bbox 2132 5022 3718 5097">
     <span class='ocr_line' id='line_1_112' title="bbox 2132 5022 3718 5097; baseline -0.01 -4"><span class='ocrx_word' id='word_1_879' title='bbox 2132 5036 2381 5093; x_wconf 90' lang='lat' dir='ltr'><strong>omnibus</strong></span> <span class='ocrx_word' id='word_1_880' title='bbox 2428 5030 2657 5087; x_wconf 86' lang='lat' dir='ltr'><strong>excidet.</strong></span> <span class='ocrx_word' id='word_1_881' title='bbox 2692 5029 2978 5097; x_wconf 86' lang='lat' dir='ltr'><strong>Utriusque</strong></span> <span class='ocrx_word' id='word_1_882' title='bbox 3005 5025 3249 5096; x_wconf 80' lang='lat' dir='ltr'><strong>exempla</strong></span> <span class='ocrx_word' id='word_1_883' title='bbox 3278 5039 3378 5079; x_wconf 88' lang='lat' dir='ltr'><strong>nos</strong></span> <span class='ocrx_word' id='word_1_884' title='bbox 3418 5022 3718 5079; x_wconf 89' lang='lat' dir='ltr'><strong>docuerunt</strong></span> 
     </span>
    </p>
   </div>
   <div class='ocr_carea' id='block_1_113' title="bbox 2131 5116 3721 5203">
    <p class='ocr_par' dir='ltr' id='par_1_113' title="bbox 2131 5116 3721 5203">
     <span class='ocr_line' id='line_1_113' title="bbox 2131 5116 3721 5203; baseline -0.011 -16"><span class='ocrx_word' id='word_1_885' title='bbox 2131 5131 2444 5203; x_wconf 86' lang='lat' dir='ltr'><strong>publicanus</strong></span> <span class='ocrx_word' id='word_1_886' title='bbox 2480 5136 2536 5181; x_wconf 91' lang='lat' dir='ltr'><strong>et</strong></span> <span class='ocrx_word' id='word_1_887' title='bbox 2578 5124 2879 5179; x_wconf 76' lang='lat' dir='ltr'><strong>Phariszeus</strong></span> <span class='ocrx_word' id='word_1_888' title='bbox 2927 5119 3077 5193; x_wconf 79' lang='lat' dir='ltr'><strong>(Luc.</strong></span> <span class='ocrx_word' id='word_1_889' title='bbox 3109 5118 3225 5189; x_wconf 79' lang='grc'><strong>18).</strong></span> <span class='ocrx_word' id='word_1_890' title='bbox 3267 5116 3492 5188; x_wconf 86' lang='lat' dir='ltr'><strong>Oportet</strong></span> <span class='ocrx_word' id='word_1_891' title='bbox 3538 5116 3721 5186; x_wconf 86' lang='lat' dir='ltr'><strong>itaque</strong></span> 
     </span>
    </p>
   </div>
   <div class='ocr_carea' id='block_1_114' title="bbox 2194 5214 3715 5289">
    <p class='ocr_par' dir='ltr' id='par_1_114' title="bbox 2194 5214 3715 5289">
     <span class='ocr_line' id='line_1_114' title="bbox 2194 5214 3715 5289; baseline -0.009 -12"><span class='ocrx_word' id='word_1_892' title='bbox 2194 5226 2267 5289; x_wconf 89' lang='lat' dir='ltr'><strong>(a)</strong></span> <span class='ocrx_word' id='word_1_893' title='bbox 2289 5226 2381 5277; x_wconf 84' lang='lat' dir='ltr'><strong>Hic</strong></span> <span class='ocrx_word' id='word_1_894' title='bbox 2400 5221 2603 5289; x_wconf 81' lang='lat' dir='ltr'><strong>omnino</strong></span> <span class='ocrx_word' id='word_1_895' title='bbox 2627 5217 3034 5289; x_wconf 71' lang='lat' dir='ltr'><strong>videturallquid</strong></span> <span class='ocrx_word' id='word_1_896' title='bbox 3057 5217 3371 5289; x_wconf 73' lang='lat' dir='ltr'><strong>desiderari:</strong></span> <span class='ocrx_word' id='word_1_897' title='bbox 3394 5217 3500 5266; x_wconf 66' lang='lat' dir='ltr'><strong>hac</strong></span> <span class='ocrx_word' id='word_1_898' title='bbox 3526 5214 3715 5289; x_wconf 76' lang='lat' dir='ltr'><strong>quippe</strong></span> 
     </span>
    </p>
   </div>
   <div class='ocr_carea' id='block_1_115' title="bbox 2132 5279 3718 5347">
    <p class='ocr_par' dir='ltr' id='par_1_115' title="bbox 2132 5279 3718 5347">
     <span class='ocr_line' id='line_1_115' title="bbox 2132 5279 3718 5347; baseline -0.01 -7"><span class='ocrx_word' id='word_1_899' title='bbox 2132 5279 2303 5347; x_wconf 72' lang='lat' dir='ltr'><strong>verba,</strong></span> <span class='ocrx_word' id='word_1_900' title='bbox 2332 5288 2431 5336; x_wconf 85' lang='lat' dir='ltr'><strong>Fac</strong></span> <span class='ocrx_word' id='word_1_901' title='bbox 2451 5283 2590 5347; x_wconf 82' lang='lat' dir='ltr'><strong>nobis</strong></span> <span class='ocrx_word' id='word_1_902' title='bbox 2615 5282 2735 5347; x_wconf 69' lang='lat' dir='ltr'><strong>deos</strong></span> <span class='ocrx_word' id='word_1_903' title='bbox 2764 5279 2849 5345; x_wconf 79' lang='lat' dir='ltr'><strong>qui</strong></span> <span class='ocrx_word' id='word_1_904' title='bbox 2871 5279 2959 5332; x_wconf 71' lang='lat' dir='ltr'><strong>nos</strong></span> <span class='ocrx_word' id='word_1_905' title='bbox 2980 5279 3278 5347; x_wconf 50' lang='lat' dir='ltr'><strong>precedent,</strong></span> <span class='ocrx_word' id='word_1_906' title='bbox 3310 5287 3440 5347; x_wconf 86' lang='lat' dir='ltr'><strong>etc.,_</strong></span> <span class='ocrx_word' id='word_1_907' title='bbox 3473 5292 3574 5327; x_wconf 91' lang='lat' dir='ltr'><strong>non</strong></span> <span class='ocrx_word' id='word_1_908' title='bbox 3599 5284 3718 5347; x_wconf 82' lang='lat' dir='ltr'><strong>sunt</strong></span> 
     </span>
    </p>
   </div>
   <div class='ocr_carea' id='block_1_116' title="bbox 2133 5340 3718 5424">
    <p class='ocr_par' dir='ltr' id='par_1_116' title="bbox 2133 5340 3718 5424">
     <span class='ocr_line' id='line_1_116' title="bbox 2133 5340 3718 5424; baseline -0.008 -24"><span class='ocrx_word' id='word_1_909' title='bbox 2133 5340 2529 5424; x_wconf 72' lang='lat' dir='ltr'><strong>philosophantis</strong></span> <span class='ocrx_word' id='word_1_910' title='bbox 2552 5345 2748 5424; x_wconf 68' lang='lat' dir='ltr'><strong>animae,</strong></span> <span class='ocrx_word' id='word_1_911' title='bbox 2775 5340 2955 5424; x_wconf 67' lang='lat' dir='ltr'><strong>neque</strong></span> <span class='ocrx_word' id='word_1_912' title='bbox 2980 5340 3087 5424; x_wconf 68' lang='lat' dir='ltr'><strong>Dei</strong></span> <span class='ocrx_word' id='word_1_913' title='bbox 3128 5343 3384 5424; x_wconf 54' lang='lat' dir='ltr'><strong>auxilium,</strong></span> <span class='ocrx_word' id='word_1_914' title='bbox 3427 5342 3526 5389; x_wconf 90' lang='lat' dir='ltr'><strong>imo</strong></span> <span class='ocrx_word' id='word_1_915' title='bbox 3552 5342 3718 5424; x_wconf 78' lang='lat' dir='ltr'><strong>potius</strong></span> 
     </span>
    </p>
   </div>
   <div class='ocr_carea' id='block_1_117' title="bbox 2136 5404 3713 5475">
    <p class='ocr_par' dir='ltr' id='par_1_117' title="bbox 2136 5404 3713 5475">
     <span class='ocr_line' id='line_1_117' title="bbox 2136 5404 3713 5475; baseline -0.008 -14"><span class='ocrx_word' id='word_1_916' title='bbox 2136 5404 2524 5475; x_wconf 61' lang='lat' dir='ltr'><strong>indignationem</strong></span> <span class='ocrx_word' id='word_1_917' title='bbox 2549 5404 2914 5475; x_wconf 38' lang='lat' dir='ltr'><strong>attraxerant}.</strong></span> <span class='ocrx_word' id='word_1_918' title='bbox 2937 5412 3079 5454; x_wconf 82' lang='lat' dir='ltr'><strong>certe</strong></span> <span class='ocrx_word' id='word_1_919' title='bbox 3099 5404 3251 5475; x_wconf 74' lang='lat' dir='ltr'><strong>verba</strong></span> <span class='ocrx_word' id='word_1_920' title='bbox 3285 5404 3388 5475; x_wconf 72' lang='lat' dir='ltr'><strong>illa,</strong></span> <span class='ocrx_word' id='word_1_921' title='bbox 3412 5415 3525 5464; x_wconf 66' lang='lat' dir='ltr'><strong>quae</strong></span> <span class='ocrx_word' id='word_1_922' title='bbox 3554 5404 3713 5475; x_wconf 81' lang='lat' dir='ltr'><strong>locum</strong></span> 
     </span>
    </p>
   </div>
   <div class='ocr_carea' id='block_1_118' title="bbox 2137 5465 3716 5531">
    <p class='ocr_par' dir='ltr' id='par_1_118' title="bbox 2137 5465 3716 5531">
     <span class='ocr_line' id='line_1_118' title="bbox 2137 5465 3716 5531; baseline -0.008 -7"><span class='ocrx_word' id='word_1_923' title='bbox 2137 5465 2283 5524; x_wconf 72' lang='lat' dir='ltr'><strong>illum</strong></span> <span class='ocrx_word' id='word_1_924' title='bbox 2308 5470 2463 5522; x_wconf 82' lang='lat' dir='ltr'><strong>Exodi</strong></span> <span class='ocrx_word' id='word_1_925' title='bbox 2506 5477 2827 5531; x_wconf 31' lang='lat' dir='ltr'><strong>sequuntur,</strong></span> <span class='ocrx_word' id='word_1_926' title='bbox 2850 5465 3006 5531; x_wconf 80' lang='lat' dir='ltr'><strong>alium</strong></span> <span class='ocrx_word' id='word_1_927' title='bbox 3044 5468 3245 5516; x_wconf 88' lang='lat' dir='ltr'><strong>omnino</strong></span> <span class='ocrx_word' id='word_1_928' title='bbox 3288 5466 3452 5531; x_wconf 76' lang='lat' dir='ltr'><strong>locum</strong></span> <span class='ocrx_word' id='word_1_929' title='bbox 3485 5470 3716 5531; x_wconf 58' lang='lat' dir='ltr'><strong>spectare</strong></span> 
     </span>
    </p>
   </div>
   <div class='ocr_carea' id='block_1_119' title="bbox 2140 5524 3711 5600">
    <p class='ocr_par' dir='ltr' id='par_1_119' title="bbox 2140 5524 3711 5600">
     <span class='ocr_line' id='line_1_119' title="bbox 2140 5524 3711 5600; baseline -0.007 -17"><span class='ocrx_word' id='word_1_930' title='bbox 2140 5533 2398 5600; x_wconf 74' lang='lat' dir='ltr'><strong>videntur.</strong></span> <span class='ocrx_word' id='word_1_931' title='bbox 2427 5533 2503 5600; x_wconf 80' lang='lat' dir='ltr'><strong>Et_</strong></span> <span class='ocrx_word' id='word_1_932' title='bbox 2515 5524 2831 5600; x_wconf 61' lang='lat' dir='ltr'><strong>tamenapud</strong></span> <span class='ocrx_word' id='word_1_933' title='bbox 2856 5527 3098 5600; x_wconf 61' lang='lat' dir='ltr'><strong>Servilium</strong></span> <span class='ocrx_word' id='word_1_934' title='bbox 3120 5540 3312 5600; x_wconf 78' lang='lat' dir='ltr'><strong>necnon</strong></span> <span class='ocrx_word' id='word_1_935' title='bbox 3336 5528 3389 5575; x_wconf 90' lang='lat' dir='ltr'><strong>in</strong></span> <span class='ocrx_word' id='word_1_936' title='bbox 3410 5524 3544 5575; x_wconf 77' lang='lat' dir='ltr'><strong>Codd</strong></span> <span class='ocrx_word' id='word_1_937' title='bbox 3589 5525 3711 5600; x_wconf 63' lang='lat' dir='ltr'><strong>fieg.</strong></span> 
     </span>
    </p>
   </div>
   <div class='ocr_carea' id='block_1_120' title="bbox 2142 5588 3716 5673">
    <p class='ocr_par' dir='ltr' id='par_1_120' title="bbox 2142 5588 3716 5673">
     <span class='ocr_line' id='line_1_120' title="bbox 2142 5588 3716 5673; baseline -0.009 -26"><span class='ocrx_word' id='word_1_938' title='bbox 2142 5596 2211 5673; x_wconf 68' lang='lat' dir='ltr'><strong>ita</strong></span> <span class='ocrx_word' id='word_1_939' title='bbox 2236 5595 2447 5673; x_wconf 63' lang='lat' dir='ltr'><strong>legitur,</strong></span> <span class='ocrx_word' id='word_1_940' title='bbox 2468 5592 2556 5644; x_wconf 84' lang='lat' dir='ltr'><strong>Dei</strong></span> <span class='ocrx_word' id='word_1_941' title='bbox 2578 5588 2823 5673; x_wconf 55' lang='lat' dir='ltr'><strong>ouantium</strong></span> <span class='ocrx_word' id='word_1_942' title='bbox 2859 5588 3163 5673; x_wconf 49' lang='lat' dir='ltr'><strong>a_ttrlt11:i:e_rittt1</strong></span> <span class='ocrx_word' id='word_1_943' title='bbox 3189 5596 3402 5673; x_wconf 48' lang='lat' dir='ltr'><strong>tempore</strong></span> <span class='ocrx_word' id='word_1_944' title='bbox 3441 5592 3716 5661; x_wconf 72' lang='lat' dir='ltr'><strong>opportuno</strong></span> 
     </span>
    </p>
   </div>
   <div class='ocr_carea' id='block_1_121' title="bbox 2145 5651 3717 5720">
    <p class='ocr_par' dir='ltr' id='par_1_121' title="bbox 2145 5651 3717 5720">
     <span class='ocr_line' id='line_1_121' title="bbox 2145 5651 3717 5720; baseline -0.007 -14"><span class='ocrx_word' id='word_1_945' title='bbox 2145 5660 2231 5720; x_wconf 84' lang='grc' dir='ltr'><strong>(ὡς</strong></span> <span class='ocrx_word' id='word_1_946' title='bbox 2253 5651 2399 5715; x_wconf 77' lang='grc' dir='ltr'><strong>αὗτήν</strong></span> <span class='ocrx_word' id='word_1_947' title='bbox 2429 5651 2783 5705; x_wconf 60' lang='grc' dir='ltr'>ἐπισπάσασθαι</span> <span class='ocrx_word' id='word_1_948' title='bbox 2824 5653 2909 5703; x_wconf 75' lang='grc' dir='ltr'><strong>τοῦ</strong></span> <span class='ocrx_word' id='word_1_949' title='bbox 2944 5651 3071 5703; x_wconf 74' lang='grc' dir='ltr'><strong>Θεοῦ</strong></span> <span class='ocrx_word' id='word_1_950' title='bbox 3108 5654 3193 5711; x_wconf 82' lang='grc' dir='ltr'>τήν</span> <span class='ocrx_word' id='word_1_951' title='bbox 3230 5652 3378 5716; x_wconf 76' lang='grc' dir='ltr'><strong>ῥοπὴν</strong></span> <span class='ocrx_word' id='word_1_952' title='bbox 3407 5656 3528 5711; x_wconf 69' lang='grc' dir='ltr'><strong>μετα</strong></span> <span class='ocrx_word' id='word_1_953' title='bbox 3548 5651 3717 5712; x_wconf 70' lang='grc' dir='ltr'><strong>καιροῦ</strong></span> 
     </span>
    </p>
   </div>
   <div class='ocr_carea' id='block_1_122' title="bbox 2144 5719 2616 5784">
    <p class='ocr_par' dir='ltr' id='par_1_122' title="bbox 2144 5719 2616 5784">
     <span class='ocr_line' id='line_1_122' title="bbox 2144 5719 2616 5784; baseline 0 -14"><span class='ocrx_word' id='word_1_954' title='bbox 2144 5719 2230 5770; x_wconf 72' lang='grc' dir='ltr'><strong>τοῦ</strong></span> <span class='ocrx_word' id='word_1_955' title='bbox 2250 5720 2616 5784; x_wconf 71' lang='grc' dir='ltr'><strong>προσήκοντος).</strong></span> 
     </span>
    </p>
   </div>
  </div>
