4040 6342
317 297 400 355 ω
1517 297 1886 358 EXPOSI'HO

2031 301 2366 364 PSALMUII
2401 304 2489 368 Iv.
3510 286 3586 354 ῖιι

314 412 584 483 μάθωμεν
621 409 739 476 πῶς
777 410 859 467 δεῖ
893 411 1102 484 ταύτην
1147 411 1418 468 ποιεῖσθαι
1462 414 1565 486 τὴν
1612 415 1887 487 ἐντυχίαν.

312 505 432 558 οῦκ
470 506 552 570 είς
604 506 854 576 μουσεῖον
887 505 1118 560 ἀπιέναι.
1149 505 1249 571 δεῖ,
1271 506 1394 561 οὐδέ
1423 508 1683 577 χρήματα
1708 509 1892 563 ἀναλί-

313 615 489 663 σκειν,
537 597 662 651 οὐδὲ
685 597 1068 665 παιδαγωγοὺς
1114 597 1457 668 μισθοῦσθαι,
1489 598 1586 652 καὶ
1631 599 1889 669 ῥήτορας,

311 693 411 745 καὶ
433 690 726 760 σοφιστάς,
751 689 873 744 οὐδὲ
900 688 1092 762 χρόνον
1120 687 1289 742 πολὺν
1315 688 1579 758 δαπανᾷν,
1614 688 1758 742 ὥστε
1789 705 1893 758 μα-

314 783 432 838 θεῖν
456 783 556 855 τὴν
599 782 888 855 ῥητορείαν
911 781 1150 852 ταύτην
1183 780 1300 834 ἀλλ’
1328 781 1489 852 ἀρκεῖ
1531 780 1754 852 θελῆσαι
1791 780 1890 851 μό-

310 897 426 943 νον,
456 879 554 932 καὶ
595 877 665 931 τά
708 877 806 948 τῆς
847 875 1043 947 τέχνης
1087 876 1444 947 ἀπήρτισται.
1479 874 1592 930 Καὶ
1619 876 1718 946 οὐχ
1750 875 1892 946 ὑπὲρ

311 969 544 1024 σεαυτοῦ
572 970 775 1040 δυνήσῃ
821 967 980 1039 μόνον
1006 969 1066 1023 ἐν
1099 966 1178 1038 τῷ
1210 966 1547 1039 δικαστηρίῳ
1588 966 1762 1037 τούτῳ
1801 967 1890 1021 λέ-

311 1082 454 1135 γειν,
484 1065 623 1119 ἀλλά
649 1065 742 1118 καὶ
773 1064 913 1134 ὑπὲρ
944 1061 1149 1134 ἐτέρων
1188 1061 1421 1116 πολλῶν.
1465 1060 1579 1115 Καὶ
1604 1059 1690 1124 τίς
1733 1062 1764 1115 ό
1792 1061 1893 1133 τῆς

310 1156 598 1226 δικανικῆς
616 1155 822 1226 ταύτης
847 1155 1078 1222 σκοπός;
1123 1155 1181 1209 ’0
1207 1157 1308 1226 τῆς
1331 1154 1497 1227 εὐχῆς
1523 1153 1746 1226 τρόπος.

384 1335 461 1390 Τὸ
509 1333 750 1406 νηφούσῃ
797 1332 1025 1403 διανοίᾳ,
1053 1332 1116 1386 τὸ
1161 1332 1598 1405 συντετριμμένη
1624 1331 1805 1404 ψυχῇ,
1828 1332 1892 1387 τὺ

312 1429 458 1499 μετὰ
503 1427 695 1499 πηγῶν
738 1427 988 1498 δακρύων
1038 1424 1188 1494 αὐτῷ
1243 1424 1526 1496 προσιέναι
1542 1464 1558 1490 ,
1607 1422 1671 1476 τὸ
1724 1423 1893 1496 μηδὲν

310 1522 489 1574 αίτεῖν
507 1519 775 1591 βιωτικὺν,
807 1518 871 1572 τὸ
892 1517 1003 1571 τῶν
1032 1517 1330 1588 μελλόντων
1357 1517 1512 1588 ἐρᾷν,
1531 1516 1593 1570 τὸ
1619 1516 1760 1588 ὑπὲρ
1781 1515 1891 1570 τῶν

310 1612 696 1683 πνευματικῶν
715 1610 984 1665 ποιεῖσθαι
999 1611 1100 1681 τὴν
1133 1607 1392 1674 ἔντευξιν,
1425 1606 1488 1662 τὺ
1521 1607 1596 1679 μὴ
1627 1606 1891 1678 κατεύχε-

308 1706 440 1759 σθαι
471 1705 583 1758 τῶν
620 1704 852 1775 ἐχθρῶν,
875 1701 938 1757 τὸ
968 1701 1159 1774 μηδενὶ
1204 1703 1581 1773 μνησικακεῖν,
1609 1701 1672 1755 τὸ
1710 1701 1890 1756 πάντα

307 1795 595 1850 ἐκϐάλλειν
628 1795 735 1849 ἀπὺ
768 1795 872 1864 τῆς
907 1792 1087 1864 ψυχῆς
1125 1791 1196 1846 τά
1225 1792 1376 1864 πάθη
1395 1833 1409 1859 ,
1445 1793 1510 1847 τὸ
1542 1792 1892 1865 συντρίϐοντα

306 1887 412 1957 τὴν
437 1886 664 1959 καρδίαν
694 1885 836 1940 οῦτω
864 1885 1165 1956 προσιέναι,
1179 1885 1243 1939 τὸ
1271 1884 1646 1950 συνεστάλθαι,
1672 1884 1734 1938 τδ
1757 1883 1892 1939 πολ-

306 1981 411 2050 λην
439 1979 541 2051 τὴν
583 1978 878 2032 ἐπιείκειαν
911 1979 1138 2050 μελετᾷν
1153 2018 1169 2041 ,
1204 1978 1300 2033 καὶ
1337 1977 1436 2050 τὴν
1478 1977 1726 2046 γλῶτταν
1754 1977 1892 2052 πρὸς

305 2070 591 2140 εὐφημίαν
620 2069 863 2142 τρέπειν,
892 2070 955 2124 τὸ
991 2070 1180 2141 μηδενὶ
1211 2069 1322 2124 τῶν
1362 2071 1616 2143 πονηρῶν
1644 2070 1891 2126 συνίστα-

307 2162 438 2214 σθαι
465 2161 827 2234 πραγμάτων,
855 2162 917 2216 τὸ
939 2162 1104 2234 μηδὲν
1133 2163 1311 2218 κοινὸν
1339 2162 1484 2234 ἔχειν
1510 2163 1646 2235 πρὸς
1663 2164 1755 2220 τὸν
1777 2181 1892 2219 κοι·

305 2251 400 2305 νὺν
423 2255 523 2322 τῆς
544 2253 869 2324 οἰκουμένης
893 2255 1108 2326 ἐχθρὸν,
1121 2255 1266 2324 λέγω
1295 2255 1361 2328 δὴ
1385 2256 1477 2311 τὸν
1503 2257 1767 2313 διάϐολον.
1786 2259 1890 2312 Τὸν

305 2344 422 2414 γὰρ
456 2343 598 2416 ὑπὲρ
641 2345 844 2417 ἐτέρων
869 2345 1096 2408 λέγοντα
1129 2347 1364 2417 βασιλεῖ,
1397 2350 1492 2404 καὶ⁹
1537 2353 1651 2415 τοῖς
1677 2351 1890 2423 ἐχθροῖς

308 2433 524 2487 ἐκείνου
557 2434 1053 2506 κοινολογούμενον,
1084 2439 1179 2492 καὶ
1219 2441 1272 2492 οἱ
1303 2439 1503 2505 ἔξωθεν
1522 2442 1676 2514 νόμοι
1719 2461 1892 2514 τιμω-

313 2524 486 2580 οοῦσι.
510 2527 622 2580 Καὶ
644 2527 710 2582 σὺ
737 2527 936 2595 τοίνυν,
965 2531 1014 2583 εί
1035 2529 1213 2600 βούλει
1242 2533 1336 2586 καὶ⁵
1367 2534 1508 2606 ὑπὲρ
1543 2536 1770 2590 σεαυτοῦ
1795 2537 1892 2592 καὶ

315 2618 454 2688 ὑπὲρ
479 2617 685 2688 ἐτέρων
722 2618 924 2688 λέγειν,
966 2619 1118 2674 τοῦτο
1145 2621 1210 2693 δὴ
1253 2621 1489 2693 μάλιστα
1523 2626 1888 2698 κατόρθωσον,

309 2709 373 2762 τὸ
397 2710 566 2781 μηδὲν
590 2709 769 2766 κοινὸν
793 2711 938 2782 ἐχειν
963 2713 1101 2785 πρὸς
1119 2713 1213 2767 τὸν
1234 2715 1413 2770 κοινὸν
1435 2717 1534 2788 τῆς
1567 2718 1892 2790 οἰκουμένης

309 2803 523 2873 ἐχθρόν.
553 2803 710 2858 Οῦτω
732 2803 842 2876 γὰρ
867 2804 968 2877 ἔσῃ
994 2805 1198 2871 δίκαιος
1219 2823 1233 2837 ·
1251 2808 1347 2862 καὶ
1372 2808 1578 2875 δίκαιος
1602 2809 1699 2876 ὢν,
1727 2811 1892 2868 ἀκου-

311 2893 511 2965 σθήσῃ,
533 2893 789 2964 τοιαύτην
806 2894 945 2965 ἔχων
965 2908 987 2934 ο
1003 2898 1320 2970 συνήγορον.
1354 2899 1458 2954 Ἐν
1477 2903 1680 2968 θλίψει
1701 2903 1892 2959 ἐπλά-

317 2979 508 3044 τυνάς
539 2997 661 3048 μοι.
696 2980 810 3034 οὐκ
837 2980 980 3048 εἷπε,
1011 2984 1340 3056 Παρήγαγες
1366 2985 1465 3052 τὰς
1497 2987 1725 3061 θλίψεις,
1755 2993 1899 3064 οὐδὲ.

318 3068 558 3133 uvam;
579 3069 705 3133 τοὺς
727 3075 1088 3143 πειρασμοὺς,
1113 3076 1250 3146 ἀλλ’,
1270 3078 1515 3150 ’Δφῆκας
1539 3085 1780 3152 ἑστάναι,
1799 3090 1896 3144 καὶ

316 3161 694 3229 Ἐπλὰτυνὰς
713 3181 835 3232 μοι.
862 3165 934 3220 Τδ
956 3167 1062 3240 7&9
1084 3169 1394 3242 εὐμήχανον
1427 3173 1522 3228 τοῦ
1548 3177 1684 3232 Θεοῦ
1711 3181 1806 3234 καὶ
1829 3181 1894 3235 τδ

304 3254 545 3325 εὐπορον
570 3256 862 3314 κάντεῦθεν
895 3260 1128 3330 μάλιστα
1151 3263 1446 3333 δείκνυται,
1462 3269 1563 3322 οὐκ
1577 3269 1635 3323 ἐν
1649 3270 1730 3342 τῷ
1755 3289 1893 3344 παρ-

303 3349 554 3415 ενεγκεῖν
580 3349 678 3412 τὰς
714 3349 921 3421 θλίψεις
949 3353 1129 3424 μόνον,
1141 3355 1278 3410 ἀλλά
1296 3359 1391 3412 καὶ
1419 3360 1479 3414 ἐν
1501 3359 1580 3433 τῷ
1613 3365 1892 3434 μενουσῶν

303 3437 491 3492 αὐτῶν
544 3439 746 3512 πολλὴν
801 3443 1059 3514 παρέχειν
1106 3445 1204 3520 τὴν
1249 3448 1555 3522 ῥᾳστώνην.
1591 3453 1762 3510 Τοῦτο
1795 3458 1892 3514 καὶ

304 3529 402 3582 τοῦ
447 3530 584 3584 Θεοῦ
607 3532 866 3594 ,δείκνυσι
894 3534 991 3607 τήν
1013 3537 1194 3608 ίσχὺν,
1232 3541 1326 3595 καὶ
1350 3543 1475 3608 τοὺς
1517 3544 1888 3616 ἐμπίπτοντας

307 3621 430 3712 μθ]
463 3623 927 3697 φιλοσοφωτέρους
953 3629 1267 3699 ἐργάζεται,
1293 3632 1422 3688 ὅταν
1455 3637 1552 3689 καὶ
1581 3636 1891 3712 εὐρυχωρία

303 3709 340 3787 ᾗ
371 3715 843 3790 παραμυθουμένη
887 3720 988 3792 τὴν
1014 3721 1336 3797 θλιϐομένην
1365 3726 1564 3799 ψυχὴν,
1593 3730 1686 3783 καὶ
1777 3709 1891 3787 θ’λι-

301 3806 402 3874 ψις
438 3808 514 3878 μὴ
555 3809 891 3881 καταλύηται
923 3813 1229 3882 σφίγγουσα
1266 3816 1470 3889 ταύτην
1515 3820 1886 3892 ῥᾳθυμοῦσαν,

304 3898 404 3950 καὶ
434 3899 616 3970 πάσης
637 3900 1048 3958 ἀπαλλάττουσα
1071 3905 1384 3977 ὀλιγωρίας.
1407 3908 1514 3964 Καὶ
1537 3910 1674 3976 πῶς,
1697 3913 1884 3984 φησὶν,

302 3989 364 4040 ἐν
402 3988 580 4059 θλίψει
617 3991 812 4060 γένοιτ’
846 3993 914 4048 ἂν
957 3995 1304 4069 πλατυσμός;
1348 3999 1435 4064 Ὠς
1466 4002 1526 4055 ἐν
1560 4004 1628 4074 τῇ
1673 4004 1888 4075 καμίνῳ

302 4079 418 4131 τῶν
439 4081 608 4153 τριῶν
629 4083 855 4150 παίδων,
875 4084 952 4150 ῶς
990 4089 1047 4140 ἐν
1071 4088 1151 4160 τῷ
1176 4088 1364 4161 λάκκῳ
1389 4090 1499 4144 τῶν
1530 4091 1779 4148 λεόντων.
1809 4095 1886 4149 οὐ

302 4170 415 4240 γάρ
436 4171 629 4226 ἐσσεσε
654 4175 755 4245 τὴν
796 4176 990 4246 φλόγα,
1020 4179 1118 4234 καὶ
1157 4179 1278 4234 τότε
1310 4181 1565 4253 ἐποίησεν
1600 4186 1798 4250 αὐτοὺς
1827 4187 1886 4240 ἐν

304 4261 621 4334 εὐρυχωρίᾳ
657 4260 826 4318 εἶναι’
858 4268 978 4322 οὐδὲ
1022 4269 1313 4326 ἀπέκτεινε
1353 4273 1479 4337 τοὺς
1509 4274 1750 4340 λέοντας,
1789 4278 1886 4331 καὶ

303 4351 368 4402 τὸ
401 4353 704 4422 τηνικαῦτα
729 4357 892 4411 αὐτὸν
916 4360 1246 4433 κατέστησεν
1271 4365 1329 4416 ἐν
1351 4364 1506 4436 ἀδείᾳ
1523 4383 1536 4396 ’
1561 4365 1698 4421 ἀλλὰ
1725 4368 1888 4422 κάκεῖ

301 4445 409 4515 τῆς
434 4447 666 4518 καμίνου
699 4450 942 4522 σφοδρῶς
973 4453 1371 4526 ἀναπτομένης,
1397 4457 1490 4510 καὶ
1520 4457 1755 4512 ἐνταῦθα
1775 4460 1886 4513 τῶν

302 4537 511 4609 θηρίων
554 4544 1010 4614 παραμενόντων,
1039 4546 1089 4598 οί
1121 4546 1320 4600 δίκαιοι
1369 4549 1569 4620 πολλῆς
1614 4551 1883 4606 ἀπέλαυον

299 4633 407 4703 τῆς
441 4633 746 4707 ῥᾳστώνης.
783 4637 940 4691 Ἔστι
975 4638 1031 4692 δὲ
1058 4639 1153 4694 καὶ
1187 4639 1389 4711 ἑτέρως
1435 4642 1774 4714 εὐρυχωρίαν
1803 4645 1882 4696 εί-

303 4741 458 4778 πειν’
494 4719 607 4778 οἷον
655 4727 782 4780 ὅταν
812 4728 916 4782 ὑπὸ
956 4731 1064 4784 τῶν
1096 4731 1419 4803 πειρασμῶν
1457 4735 1490 4802 ή
1517 4733 1663 4805 ψυχὴ
1702 4734 1871 4788 θλιὸο-

307 4815 447 4887 μένη
479 4817 586 4870 τῶν
614 4817 804 4871 παθῶν
836 4821 1260 4891 ἀπαλλάττηται,
1298 4823 1392 4876 καὶ
1422 4823 1531 4876 τῶν
1564 4826 1881 4896 νοσημάτων

302 4905 415 4958 τῶν
438 4906 647 4959 πολλῶν
664 4924 678 4936 ·
707 4908 830 4962 τότε
850 4910 957 4980 γὰρ
985 4910 1218 4980 μάλιστα
1255 4913 1354 4982 τῆς
1378 4913 1719 4985 εὐρυχωρίας
1746 4917 1883 4970 ἀπο-

303 4997 479 5052 λαύει.
537 4999 730 5053 Πολλοὶ
785 5001 893 5070 γάρ
940 5002 1000 5054 ἐν
1051 5001 1322 5074 εὐημερίᾳ
1375 5005 1624 5073 μένοντες
1673 5005 1882 5079 ἔρωτας

304 5089 520 5160 ἔχουσιν
576 5090 977 5157 ἀτοπωτάτους,
1014 5092 1293 5158 θλίϐοντας
1334 5096 1510 5150 αὐτῶν
1546 5097 1647 5169 τὴν
1682 5097 1878 5171 ψυχὴν,

306 5183 401 5234 καὶ
429 5183 761 5254 χρημάτων,
794 5185 890 5236 καὶ
927 5185 1215 5254 σωμάτων,
1242 5188 1337 5240 καὶ
1378 5186 1581 5257 ἐτέρων
1625 5189 1882 5246 τοιούτων

302 5272 522 5326 ἀτόπων
553 5290 566 5303 ·
602 5276 684 5336 είς
726 5273 904 5343 θλίψιν
935 5275 993 5328 δὲ
1025 5278 1355 5348 ἐμπεσόντες
1402 5280 1622 5335 πάντων
1665 5282 1883 5337 ἐλευθε-

307 5363 527 5433 ροῦνται
579 5365 826 5430 ἐκείνων,
879 5368 974 5422 καὶ
1021 5369 1258 5438 γίνονται
1292 5372 1350 5425 ἐν
1391 5372 1721 5446 εὐρυχωρίᾳ.
1770 5375 1881 5429 Καὶ

302 5455 557 5525 καθάπερ
594 5459 644 5510 οἱ
678 5458 737 5509 ἐν
786 5462 1036 5528 πυρετοῖς
1067 5460 1218 5524 ὄντες
1237 5501 1253 5527 ,
1285 5461 1389 5526 Ξως
1418 5462 1518 5533 μὲν
1546 5464 1880 5520 ἀπολαύουσι

302 5548 410 5601 τῶν
460 5550 767 5615 ἐπιθυμιῶν
819 5550 926 5604 τῶν
954 5552 1216 5623 ἀκαίρων,
1242 5553 1522 5627 τραπέζης
1553 5555 1695 5626 λέγω
1745 5558 1882 5630 πλη-

304 5641 522 5708 θούσης,
549 5643 642 5696 καί
681 5633 943 5712 ἀκράτου,
973 5646 1072 5698 καὶ
1095 5645 1350 5700 τοιούτων
1368 5647 1590 5722 ἐτέρων,
1619 5650 1877 5719 μειζόνως

305 5733 787 5805 στινοχωροῦνται·
819 5735 870 5787 εἰ
901 5734 958 5790 δὲ
984 5734 1289 5809 βουληθεῖεν
1317 5738 1538 5803 ἑαυτοὺς
1561 5738 1737 5808 ὀλίγον
1766 5739 1877 5793 θλίο

1996 418 2198 490 ψαντες
2217 423 2580 495 καρτερῆσαι,
2603 424 2804 496 πολλῆς
2825 423 3163 482 ἀπολαύουσι
3195 426 3296 499 τῆς
3315 426 3572 499 ,εὐρυχω-

1999 511 2142 583 ρίας,
2167 515 2346 568 καὶτὸ
2376 516 2567 584 πνῖγον
2583 515 2910 588 ἀποθέμενοι
2940 518 3157 591 καθαρᾷ
3173 517 3358 573 λοιπὸν
3381 519 3595 592 ἐντρυος

1999 603 2172 672 φῶσιν
2245 605 2460 678 ὐγείᾳ.’
2527 605 2672 660 οῦτω
2715 609 2815 662 καὶ
2881 609 2976 662 ἐπὶ
3051 609 3161 663 τῶν
3233 609 3575 682 πραγμάτων

2000 698 2306 769 συμϐαίνει.
2327 700 2496 754 Οὐδὲν
2531 700 2642 772 γὰρ
2673 699 2818 755 οὕτω
2847 704 3020 756 ποιεῖν
3053 701 3234 756 ἀνεσιν
3259 701 3471 770 εἴωθεν,
3497 701 3574 767 ὡς

1999 785 2175 856 θλίψις
2192 788 2303 844 τῶν
2324 788 2592 860 βιωτικῶν
2615 791 2904 862 ἀπάγουσα
2923 794 3158 848 πάντων.
3179 793 3302 857 Πῶς
3326 793 3428 848 οίει
3447 793 3574 856 τοὺς

2011 879 2295 946 Ἰουδαίους
2321 883 2647 954 γεγενῆσθαι
2667 885 2726 939 ἐν
2750 885 2946 956 θλίψει,
2980 886 3075 940 καὶ
3094 887 3184 941 ὅτε
3209 881 3350 958 ἦσαν
3393 886 3452 939 ἐν
3485 870 3578 940 εὐέ

1997 987 2032 1042 η
2040 972 2202 1045 μερίᾳ
2220 989 2238 1040 ;
2256 975 2326 1028 Ἦ
2348 976 2471 1046 οὐχὶ
2489 976 2862 1050 πυρεττούσης
2889 978 3062 1032 ταῦτα
3075 979 3249 1050 ψυχῆς
3271 978 3366 1054 καὶ
3384 975 3571 1032 ἀλυού-

2000 1083 2102 1138 σης
2143 1069 2239 1122 καὶ
2284 1071 2708 1144 ῥιπταζομένης,
2761 1073 2826 1127 τὸ
2877 1072 3054 1142 λέγειν
3073 1089 3088 1103 ο
3115 1074 3382 1140 Ποίησον
3430 1073 3574 1141 ἡμῖν

1999 1160 2195 1225 θεους,
2236 1159 2296 1213 οἳ
2330 1164 2847 1231 προπορεύσονται
2883 1163 3085 1234 ἡμῶν·
3113 1167 3146 1218 ὁ
3173 1163 3285 1234 γὰρ
3313 1160 3572 1230 Μωῠσῆς

1997 1246 2197 1318 οὗτος,
2227 1251 2298 1319 ὃς
2323 1253 2620 1325 ἐξήγαγεν
2648 1254 2806 1324 ἡμᾶς
2831 1257 2902 1310 ἐκ
2947 1255 3059 1325 τῆς
3103 1256 3426 1325 Αίγύπτου,
3463 1255 3575 1308 οὐκ⁵

1998 1341 2247 1410 οἴδαμεν
2273 1344 2332 1398 τί
2362 1344 2612 1415 γέγονεν
2643 1348 2839 1414 αὐτῷ;
2869 1349 2942 1402 Ἥ
2960 1349 3082 1419 οὐχὶ
3130 1351 3316 1402 ἐκεῖνα
3359 1347 3572 1419 φιλοσοο

1999 1435 2208 1506 φούσης
2233 1437 2413 1508 ψυχῆς
2430 1439 2524 1491 καὶ
2550 1440 2924 1512 ἀναπνεούσης
2950 1441 3015 1493 ἐκ
3041 1439 3148 1494 τῶν
3176 1438 3442 1511 βιωτικῶν
3468 1456 3575 1494 πα·

2000 1521 2109 1576 θῶν
2134 1523 2204 1577 τά
2239 1525 2478 1597 ῥήματα,
2501 1528 2593 1581 ὅτε
2611 1528 2878 1599 τοσαύτην
2908 1527 3246 1594 ἐπεδείξαντο
3276 1529 3375 1602 τὴν
3409 1527 3574 1600 εὐχὴν

2000 1614 2304 1686 θλισόμενοι
2322 1655 2338 1680 ,
2369 1617 2448 1682 ὡς
2482 1619 2654 1692 αὐτὴν
2705 1621 3111 1676 ἐπισπάσασθαι
3145 1619 3240 1674 τοῦ
3285 1619 3421 1675 Θεοῦ
3475 1621 3576 1692 τὴν

2001 1704 2208 1774 ῥοπήν;
2239 1705 2411 1770 Αὐτὸς
2429 1705 2488 1760 δὲ
2513 1709 2544 1760 ό
2572 1712 2856 1781 προφήτης
2874 1705 3048 1774 οὗτος,
3087 1711 3175 1764 ὅτε
3202 1706 3270 1782 ἦν
3290 1712 3349 1765 ἐν
3367 1709 3574 1776 ἀνέσει,

1999 1791 2116 1856 πῶς
2160 1792 2346 1865 tamen
2391 1797 2498 1851 ὑπὸ
2541 1798 2642 1868 τῆς
2685 1803 2928 1872 πονηρᾶς
2965 1800 3262 1872 ἐπιθυμίας
3313 1817 3574 1870 στενοχω-

2000 1884 2262 1958 ρούμενος
2318 1887 2414 1943 καὶ
2444 1884 2922 1964 σπαρασσόμενος;
2951 1894 3039 1947 ὅτε
3070 1893 3127 1946 δέ
3156 1895 3215 1947 ἐν
3266 1891 3444 1963 θλίψει
3479 1891 3575 1961 γέο

1999 1997 2176 2049 γονεν,
2209 1983 2323 2038 ίστε
2353 1985 2472 2050 πῶς
2500 1987 2722 2055 γέγονεν
2750 1988 2808 2040 ἐν
2831 1986 3035 2040 ἀνέσει.
3069 1983 3210 2040 Οὔτε
3242 1984 3351 2056 γὰρ
3372 1985 3576 2056 ἥπτετο

1998 2071 2162 2126 αὐτοῦ
2195 2075 2258 2127 τὸ
2301 2074 2432 2146 πῦρ,
2465 2075 2601 2131 ἀλλά
2628 2078 2723 2132 καὶ
2745 2079 2781 2149 ή
2816 2075 2946 2146 φλὸξ
2985 2077 3172 2132 ἅπασα
3210 2074 3572 2146 κατεσὸέσθη.

1999 2165 2164 2218 Οὐδὲν
2199 2165 2310 2238 7&9
2354 2165 2500 2222 οὕτω
2539 2171 2685 2223 ποιεῖ
2723 2167 2924 2238 θλίψιν,
2951 2169 3026 2234 ώς
3071 2168 3134 2222 τὸ
3173 2167 3583 2240 πολιορκεῖσθαι·

1997 2253 2097 2327 τὴν
2123 2256 2300 2329 ψυχὴν
2321 2259 2426 2312 ὑπὸ
2449 2259 2559 2313 τῶν
2587 2260 2795 2316 παθῶν.
2821 2262 2888 2314 Αἱ
2922 2261 3022 2332 μὲν
3051 2259 3162 2332 γὰρ
3193 2259 3346 2314 άλλαι
3376 2256 3574 2323 ἔξωθεν

1998 2349 2453 2420 προσπίπτουσιν,
2474 2353 2534 2406 αἱ
2562 2353 2620 2407 δέ
2653 2352 2865 2408 ἔνδοθεν
2897 2352 3143 2424 φύονται,
3172 2353 3267 2406 καὶ
3298 2350 3438 2422 αῦτη
3471 2349 3575 2420 μά-

1998 2440 2156 2496 λιστά
2206 2444 2357 2498 ἐστιν
2406 2446 2441 2516 ἡ
2481 2445 2651 2517 πολλὴ
2699 2445 2896 2516 θλίψις.
2950 2445 3068 2500 Κάν
3111 2445 3138 2498 ό
3180 2445 3382 2515 κόσμος
3426 2444 3574 2514 ἡμᾶς

1997 2535 2174 2608 λυπῇ,
2197 2537 2357 2608 ἡμεῖς
2405 2538 2464 2590 δὲ
2510 2539 2736 2602 ἐαυτοὺς
2787 2538 2864 2609 μὴ
2912 2536 3202 2608 λυπῶμεν,
3226 2535 3378 2589 οὐδὲν
3421 2533 3576 2588 ἔσται

1996 2631 2130 2700 ἡμῖν
2153 2629 2346 2685 δεινόν.
2380 2631 2524 2702 ’Δρα
2545 2632 2607 2685 ἐν
2630 2632 2766 2703 ἡμῖν
2785 2631 2848 2684 τὸ
2877 2627 3176 2694 θλίϐεσθαι,
3207 2628 3305 2684 καὶ
3348 2625 3426 2700 μὴ
3456 2625 3568 2682 θλί-

1998 2720 2210 2775 ϐεσθαι.

2068 2876 2130 2932 δθ.
2155 2876 2272 2932 Ἰνα
2297 2877 2355 2930 δέ
2385 2875 2562 2950 μάθῃς
2591 2878 2682 2932 καὶ
2718 2875 2826 2933 ἀπὸ
2850 2877 2951 2949 τῆς
2981 2876 3342 2948 ἀποστολικῖπ
3367 2876 3572 2947 φωνῆς,

1999 2971 2142 3041 πόση
2157 2969 2265 3025 ἀπὸ
2278 2971 2376 3041 τῆς
2397 2971 2624 3040 θλίψεως
2639 2971 2949 3044 εὐρυχωρία
2971 2971 3201 3040 γίνεται,
3219 2969 3446 3023 ἄκουσον
3471 2968 3573 3023 αὐ-

1996 3062 2092 3117 τοῦ
2137 3063 2232 3117 τοῦ
2271 3062 2484 3116 Παύλου
2529 3063 2619 3116 τὸν
2651 3063 2862 3134 καρπὸν
2899 3062 3148 3132 λέγοντος
3168 3061 3268 3134 τῆς
3303 3061 3529 3132 θλίψεως
3553 3077 3572 3095 ο

2008 3157 2077 3211 Ἢ
2115 3156 2184 3210 δὲ
2205 3157 2411 3227 θλίψις
2438 3155 2754 3226 ὑπομονὴν
2787 3154 3197 3226 κατεργάζεται
3227 3172 3241 3186 ο
3271 3156 3309 3225 ἡ
3343 3155 3412 3209 δὲ
3438 3157 3576 3212 ὐπο-

1993 3248 2150 3320 μονὴ
2175 3249 2290 3322 [HJ
2312 3247 2586 3318 δοκιμὴν,
2613 3249 2652 3318 ὴ
2681 3249 2750 3303 δὲ
2790 3247 3004 3318 δοκιμὴ
3027 3249 3276 3304 ἐλπίδα·
3297 3251 3334 3318 ἡ
3376 3248 3445 3302 δὲ
3471 3247 3575 3302 ἐλ-

1998 3345 2100 3410 πίς
2116 3345 2190 3398 οὐ
2215 3341 2622 3412 καταισχύνει.
2642 3337 2796 3406 Εἶδες
2824 3340 3165 3412 εὐρυχωρίαν
3183 3341 3388 3412 ἄφατον
3405 3382 3421 3407 ,
3435 3334 3574 3404 εἶδες

1997 3434 2189 3506 λιμένα
2243 3433 2578 3506 εὐφροσύνης
2607 3451 2622 3500 ;
2664 3434 3038 3504 Ὑπομονὴν,
3060 3434 3244 3505 φησὶν,
3298 3433 3336 3502 ἡ
3366 3432 3574 3502 θλίψις

1997 3526 2423 3597 κατεργάζεται.
2455 3526 2520 3579 Τί
2550 3528 2657 3598 γὰρ
2687 3526 2878 3598 ἀνδρὸς
2929 3525 3400 3598 καρτερικωτάτου
3422 3563 3440 3591 ,
3477 3525 3574 3577 καὶ

1998 3620 2174 3674 πάντα
2198 3618 2496 3690 δυναμένου
2543 3617 2738 3690 ῥᾳδίως
2771 3619 2977 3688 φέρειν,
3017 3619 3400 3686 ἀνεκτότερον;
3432 3615 3486 3669 τί
3513 3615 3572 3670 δὲ

1995 3711 2220 3782 δοκίμου
2262 3709 2461 3781 γένοιτ’
2492 3710 2558 3764 ἂν
2591 3709 2968 3780 ίσχυρότερον;
2998 3710 3050 3762 τί
3091 3710 3148 3763 δέ
3179 3710 3279 3780 τῆς
3323 3708 3572 3763 ἐντεῦθεν

1995 3803 2209 3873 τρυφῆς
2235 3802 2382 3872 ίσον;
2420 3803 2580 3875 Τρεῖς
2612 3801 2720 3874 γὰρ
2754 3803 2886 3872 ήμῖν
2927 3801 3117 3873 ἡδονάς
3143 3800 3391 3854 ἐντεῦθεν
3422 3801 3572 3870 λέγει

1995 3895 2342 3967 τικτομένας,
2363 3895 2460 3968 τὴν
2487 3893 2783 3965 ὑπομονὴν,
2811 3895 2910 3964 τὴν
2944 3893 3192 3966 δοκιμὴν,
3230 3895 3324 3948 καὶ
3361 3894 3460 3964 την
3486 3893 3574 3947 ἐλ-

1994 3989 2128 4044 πίδα
2161 3989 2271 4045 τῶν
2299 3989 2597 4058 μελλόντων
2627 3986 2866 4056 ἀγαθῶν.
2885 3987 3020 4052 Περὶ
3056 3986 3259 4040 τούτων
3287 3985 3380 4038 νῦν
3419 3985 3571 4054 φιλο-

1997 4078 2176 4150 σοφῶν
2221 4080 2252 4133 ό
2289 4079 2580 4148 Προφήτης
2611 4075 2825 4144 έλεγενο
2863 4075 2968 4130 Ἐν
2996 4075 3199 4142 θλίψει
3225 4073 3570 4138 ἐπλάτυνὰς

1990 4172 2342 4243 μοι.Ἐπειδὴ
2358 4171 2467 4241 γάρ
2487 4165 2663 4233 εἶπεν,
2678 4166 3022 4237 Εισήκουσέ
3038 4184 3156 4234 μου
3177 4169 3210 4221 ό
3242 4168 3404 4231 Θεὸς,
3423 4165 3569 4233 λέγει

1995 4267 2054 4319 ἐν
2080 4265 2219 4335 ποίῳ
2254 4264 2441 4335 τρόπῳ
2472 4263 2815 4334 είσήκουσεν.
2851 4261 2966 4316 Οὐκ
2996 4263 3052 4316 ἐν
3077 4261 3354 4332 χρήμασιν
3380 4277 3395 4293 ο
3419 4258 3570 4312 οὐδὲν

1994 4355 2104 4428 γὰρ
2126 4355 2310 4426 ἐζήτει
2333 4353 2599 4408 τοιοῦτονο
2629 4355 2726 4425 οὐχ
2771 4355 2857 4408 ἵνα
2898 4353 3108 4425 ἐχθρῶν
3138 4355 3388 4426 κρατήσῃ
3406 4370 3420 4386 ·
3447 4354 3570 4410 οὐδὲ

1993 4447 2103 4519 7&9
2125 4447 2298 4501 ταῦτα
2321 4446 2438 4518 ᾔτει
2457 4463 2470 4477 ·
2496 4445 2611 4500 ἀλλ’
2649 4447 2708 4500 ἐν
2745 4446 2928 4500 ἀνέσει
2957 4449 3024 4517 τῇ
3055 4448 3114 4500 ἐν
3149 4446 3302 4519 μέσῳ
3324 4450 3423 4519 τῆς
3457 4447 3571 4501 θλί-

1991 4539 2138 4609 ψεως
2169 4537 2455 4609 γενομένῃ.
2485 4537 2874 4606 οἰκτείρησόν
2890 4554 2987 4608 με,
3049 4538 3148 4592 καὶ
3203 4539 3572 4594 εἰσάκουσον

1991 4629 2100 4700 τῆς
2126 4627 2468 4698 προσευχῆς
2479 4645 2616 4698 μου.
2637 4629 2703 4682 Τί
2721 4628 2932 4697 λέγεις;
2953 4628 3098 4682 Ἀνω
3114 4629 3455 4702 δικαιοσύνης
3474 4629 3571 4700 μέ-

1995 4737 2218 4794 μνησαι,
2247 4719 2482 4774 ἐνταῦθα
2499 4719 2782 4790 οἰκτιρμοῦ
2810 4720 2904 4773 καί
2929 4719 3076 4774 ἐλέου
3098 4737 3113 4752 ·
3141 4721 3235 4774 καὶ
3265 4719 3368 4773 ποῦ
3399 4720 3569 4774 ταῦτα

1993 4815 2310 4870 ἀκολουθίαν
2341 4813 2492 4884 σχοίη
2527 4829 2541 4878 ;
2575 4811 2784 4884 Πολλὴν
2811 4813 2910 4883 μὲν
2946 4808 3059 4875 οὖν,
3103 4814 3195 4866 καὶ
3226 4814 3429 4884 σφόδρα
3457 4816 3566 4877 τοῖς

1991 4907 2274 4979 προτέροις
2321 4904 2697 4977 συνημμένην.
2731 4903 2848 4958 Κᾶν
2879 4903 2988 4976 7&9
3019 4905 3187 4976 μυρία
3214 4906 3571 4977 κατορθώσω-

1993 5016 2112 5071 μεν,
2153 4997 2261 5052 ἁπὸ
2311 4997 2608 5068 οἰκτιρμῶν
2654 4993 2967 5068 ἀκουόμεθα
3004 4997 3096 5051 καὶ
3141 4996 3568 5069 φιλανθρωπίας.

1990 5093 2111 5147 Κᾶν
2129 5092 2264 5162 πρὸς
2292 5090 2460 5161 αὐτὴν
2481 5089 2793 5161 ἀνέλθωμεν
2823 5090 2923 5163 τῆς
2953 5091 3153 5162 ἀρετῆς
3179 5089 3276 5162 τὴν
3304 5090 3568 5162 κορυφὴν,

1989 5183 2100 5237 ἀπὸ
2155 5183 2337 5248 ἐλέους
2391 5182 2696 5254 σωζόμεθα.
2750 5181 3032 5237 Ἐντεῦθεν
3079 5183 3454 5254 μανθάνομεν,
3486 5181 3570 5234 ὅτι

1993 5274 2130 5346 μετά
2180 5275 2282 5344 τῆς
2308 5274 2653 5346 δικαιοσύνης
2681 5274 2842 5348 χρεία
2873 5275 2968 5328 καὶ
2992 5274 3215 5346 γνώμης
3253 5291 3570 5345 συντετριμ-

1992 5367 2180 5437 μένης.
2212 5365 2333 5420 Κᾶν
2373 5365 2481 5437 γὰρ
2531 5367 2855 5437 ἁμαρτωλός
2901 5383 2986 5430 τις
3025 5365 3102 5420 ὣν
3137 5363 3276 5437 μετά
3319 5382 3568 5418 ταπεινο-

1990 5457 2263 5530 φροσύνης
2312 5456 2556 5529 εὔξηται,
2582 5459 2719 5530 ὅπερ
2746 5457 2862 5513 ἐστὶ¹
2900 5455 3065 5528 μέρος
3103 5457 3324 5527 ἀρετῆς,
3353 5455 3568 5528 μεγάλα

1988 5554 2181 5608 ἀνύσαι
2222 5553 2545 5624 δυνήσεται’
2586 5551 2688 5605 κᾶν
2725 5551 2932 5614 δίκαιος
2970 5548 3045 5603 ῶν
3079 5547 3217 5619 μετὰ
3253 5545 3567 5612 ἀλαζονείας

1989 5647 2208 5718 προσίῃ,
2250 5647 2466 5701 πάντων
2501 5645 2812 5698 ἐκπεσεῖται
2839 5642 2948 5698 τῶν
2982 5641 3220 5712 ἀγαθῶν.
3259 5642 3567 5713 ’Δμφότερα

1987 5739 2057 5793 τά
2089 5739 2458 5811 ὑποδείγματα
2488 5739 2517 5793 ό
2540 5736 2775 5809 τελώνης
2807 5736 2900 5791 καὶ
2925 5736 2954 5790 ό
2979 5737 3268 5807 Φαρισαῖος
3301 5732 3566 5802 ἐδίδαξαν.
