4074 6356
466 264 537 321 45
1185 266 1247 322 S.
1281 265 1566 322 JOANNIS
1599 262 2083 322 CIIRYSOSTOMI
2128 261 2446 320 ARCHIEP.
2489 266 3041 324 CONSTANTINOP.
3645 268 3714 323 ιο

467 388 559 440 Δεῖ
581 383 756 438 τοίνυν
787 386 880 437 καὶ
900 385 1098 455 τρόπον
1127 385 1290 454 εὐχῆς
1318 385 1536 438 εἰδέναι.
1568 384 1664 447 Τίς
1689 384 1745 436 δὲ
1769 385 1798 437 ό
1838 383 2038 454 τρόπος

465 471 563 538 τῆς
587 469 750 538 εὐχῆς
775 486 788 527 ;
809 468 961 521 Μάθε
993 467 1103 520 ἀπὸ
1131 467 1224 519 τοῦ
1255 467 1507 531 τελώνου,
1526 467 1618 520 καὶ
1649 467 1724 538 μὴ
1749 464 2042 536 αἰσχυνθῇς

466 553 653 606 τοῦτον
679 552 862 606 λαϐεῖν
893 551 1232 613 διδάσκαλον,
1261 550 1351 604 τὸν
1389 549 1530 602 οὕτω
1569 549 1728 602 τοῦτο
1767 546 2043 619 κατορθώ-

470 651 636 688 σαντα
661 673 677 696 ,
731 635 806 696 ώς
859 633 969 686 ἀπὸ
1021 633 1194 702 ψιλῶν
1249 633 1510 704 ῥημάτων
1552 633 1614 686 τὸ
1662 634 1769 686 πᾶν
1819 632 2037 685 ἀνύσαι.

481 716 697 786 Ἐπειδὴ
717 717 825 788 γάρ
845 719 878 787 ἡ
901 717 1106 769 διάνοια
1147 716 1295 787 αὐτῷ
1336 715 1516 779 καλῶς
1549 714 2040 784 παρεσκευασμένη

465 794 534 869 ἦν
555 839 570 864 ,
599 800 799 870 ἡρκεσε
839 799 934 852 καί.
967 801 1116 870 ῥῆμα
1145 799 1204 850 ἐν
1237 799 1446 864 ἀνοῖξαι
1484 798 1632 868 αὐτῷ
1670 798 1760 850 τὸν
1791 797 2038 867 οὐρανόν.

467 879 592 943 Πῶς
624 881 679 934 δὲ
702 877 770 952 ἦν
800 881 1319 953 παρεσκευασμένη;
1362 878 1702 943 Ἑταλάνιζεν
1736 880 1948 944 ἐαυτὸν,
1979 877 2040 931 τὸ

467 965 663 1034 στῆθος
683 963 928 1029 ἔτυπτεν,
950 965 1068 1016 οὐδὲ
1097 964 1390 1034 ἀναϐλέψαι
1423 965 1501 1027 εἰς
1521 963 1613 1017 τὸν
1639 961 1864 1032 οὐρανὸν
1893 959 2042 1030 ἡνεί-

467 1067 610 1118 χετο.
643 1051 740 1101 Ἀν
777 1049 918 1101 οὕτω
939 1049 1033 1102 καὶ
1061 1051 1124 1103 σὺ
1160 1048 1358 1120 μέλλῃς
1387 1047 1659 1118 εὔχεσθαι,
1689 1045 1890 1117 πτεροῦ
1913 1061 2040 1097 κου-

468 1133 701 1201 φοτέραν
733 1132 941 1200 ἐργάσῃ
969 1132 1068 1202 τὴν
1111 1132 1294 1202 εὐχήν.
1326 1132 1389 1185 Εἰ
1414 1131 1522 1202 γὰρ
1554 1131 1585 1183 ό
1623 1128 1945 1200 ἁμαρτωλὸς
1966 1128 2039 1180 δί-

467 1234 619 1279 καιος
661 1216 881 1284 γέγονεν
927 1217 1034 1270 ἀπὸ
1084 1216 1182 1285 τῆς
1239 1217 1438 1286 εὐχῆς,
1471 1215 1719 1285 ἐννόησον
1762 1215 1791 1266 ὁ
1831 1213 2035 1276 δίκαιος

466 1299 651 1367 ἡλίκος
689 1299 874 1364 ἐσται,
901 1301 949 1352 εἰ
997 1297 1250 1368 τοιαύτην
1295 1299 1591 1369 προσάγειν
1630 1297 1788 1368 μάθοι
1829 1297 2031 1380 δέησιν.
2059 1368 2072 1380 ⁸

465 1383 562 1436 Διά
604 1383 666 1452 δὴ
697 1381 854 1435 τοῦτο
883 1383 1004 1435 οὐδὲ
1048 1380 1281 1435 ἐνταῦθα
1327 1381 1514 1445 ἁπλῶς
1549 1381 1742 1435 ἐαυτὸν
1789 1379 2035 1449 τίθησιν,

465 1464 600 1516 ἀλλά
628 1465 726 1535 τὴν
765 1465 1070 1535 προσευχὴν
1111 1462 1275 1517 αὐτοῦ
1302 1479 1316 1492 ·
1369 1464 1482 1518 ἄνω
1523 1465 1622 1535 τὴν
1667 1463 2035 1532 δικαιοσύνην,

465 1547 695 1600 ἐνταῦθα
715 1548 812 1618 τὴν
840 1547 1140 1620 προσευχὴν
1177 1549 1350 1617 λέγων
1369 1567 1381 1578 ·
1411 1549 1797 1616 Οὶκτείρησόν
1813 1563 1912 1616 με,
1937 1546 2036 1600 καὶ

463 1630 828 1684 εἰσάκουσον
855 1631 964 1700 τῆς
996 1632 1343 1702 προσευχῆς
1361 1650 1502 1702 μου.
1521 1629 1677 1685 Ούτω
1709 1631 1803 1684 καὶ
1830 1633 1858 1684 ὁ
1888 1633 2036 1703 K09-

462 1715 643 1785 νὴλιος
695 1713 956 1784 ἠκούσθη,
999 1716 1187 1785 ἐπειδὴ
1216 1715 1418 1786 ταύτην
1455 1711 1566 1785 εἶχε
1619 1715 1934 1786 συνήγορον.
1969 1715 2037 1768 Al

462 1797 801 1865 προσευχαί
825 1812 961 1863 σου,
1003 1799 1101 1851 καί
1131 1800 1191 1850 αἱ
1245 1798 1646 1867 ἐλεημοσύναι
1675 1811 1813 1861 σου,
1848 1797 2032 1868 φησὶν,

461 1879 771 1947 ἀνέϐησαν
790 1879 1045 1934 ἐνώπιον
1064 1881 1170 1935 τοῦ
1196 1880 1364 1936 Θεοῦ.
1393 1881 1632 1943 Εἰκότως
1647 1895 1660 1908 °
1679 1880 1747 1934 τά
1769 1880 1876 1951 7&9
1899 1881 2035 1952 ἔργα

462 1963 578 2014 ἐστὶ
610 1963 678 2016 τά
705 1963 1030 2033 ἀκουόμενα,
1049 1965 1142 2016 καὶ
1172 1964 1242 2016 τὰ
1269 1963 1668 2034 κατορθώματα
1686 1983 1698 1995 ο
1721 1964 1818 2034 οὐχ
1851 1964 2036 2027 ἁπλῶς

458 2045 515 2098 δέ
545 2047 601 2098 αἱ
633 2047 807 2116 εὐχαὶ,
837 2047 950 2100 ἀλλ’
981 2048 1036 2101 αί
1072 2048 1212 2102 κατά
1250 2047 1414 2116 νόμον
1436 2047 1527 2098 τοῦ
1568 2046 1703 2102 Θεοῦ
1749 2050 2034 2118 γινόμεναι

459 2129 634 2198 εὐχαί.
664 2131 772 2183 Kal
818 2129 962 2194 τίνες
1003 2131 1140 2184 εἰσὶν
1177 2124 1371 2196 αὐταις
1409 2131 1475 2182 Αἰ
1501 2129 1674 2184 ταῦτα
1710 2130 2036 2196 αἰτοῦσαι,ἃ.

458 2211 536 2282 τῷ
561 2212 679 2284 Θεῷ
711 2213 908 2284 πρέπει
959 2214 1189 2279 διδόναι,
1225 2216 1280 2268 αἱ
1321 2215 1394 2288 μὴ
1445 2215 1703 2268 τάναντία
1729 2218 1842 2280 τοῖς
1870 2215 2034 2270 αὐτοῦ

459 2295 642 2366 νόμοις
664 2296 823 2351 αὐτὸν
857 2297 1290 2369 παρακαλοῦσαι.
1319 2299 1426 2351 Kal
1457 2299 1540 2362 τίς
1569 2297 1709 2352 οὕτω
1740 2300 2032 2371 τολμηρὸς,

458 2379 643 2450 φησὶν,
669 2379 744 2444 ὡς
760 2380 850 2433 τὸν
869 2381 999 2434 Θεὸν
1021 2381 1203 2446 ἀξιοῦν
1226 2382 1482 2436 τάναντία
1508 2385 1620 2445 τοῖς
1653 2382 1816 2438 αὐτοῦ
1847 2383 2034 2453 νόμοις

460 2467 633 2516 ποιεῖν
659 2475 725 2529 ι;
765 2464 823 2518 '0
858 2463 999 2517 κατὰ
1048 2464 1157 2518 τῶν
1200 2464 1412 2537 ἐχθρῶν
1456 2467 1617 2521 αὐτὸν
1669 2466 2029 2538 παρακαλῶνο

461 2545 578 2617 [1‘2]
597 2547 756 2599 τοῦτο
781 2547 889 2618 γάρ
916 2547 1064 2620 παρὰ
1092 2548 1181 2601 τὸν
1209 2549 1372 2619 νόμον
1401 2550 1491 2603 τὸν
1527 2551 1619 2603 ὑπ’
1650 2550 1813 2604 αὐτοῦ
1842 2550 2033 2620 κείμε-

457 2646 566 2682 νον.
583 2629 752 2694 Αὐτὸς
772 2632 877 2702 γάρ
897 2649 1080 2702 φησιν,
1098 2631 1309 2700 Ἄφετε
1339 2632 1463 2698 τοῖς
1489 2634 1821 2702 ὀφειλέταις
1843 2631 2029 2704 ὑμῶν.

457 2711 532 2764 Σὺ
567 2711 622 2765 δέ
655 2713 815 2768 αὐτὸν
847 2714 936 2768 τὸν
962 2713 1249 2769 κελεύοντά
1281 2733 1364 2769 σοι
1390 2717 1737 2788 συγχωρῆσαι
1764 2718 1904 2772 κατά
1925 2717 2033 2772 τῶν

459 2793 670 2865 ἐχθρῶν
698 2797 881 2860 καλεῖς
912 2813 926 2857 ;
960 2798 1067 2851 Καὶ
1095 2798 1148 2852 τί
1181 2799 1377 2867 γένοιτ’
1399 2799 1465 2853 ἂν
1491 2799 1589 2870 τῆς
1620 2799 1803 2865 ἀνοίας
1831 2801 2034 2873 ταύτης

459 2881 674 2951 χεῖρον;
717 2881 918 2934 Ἱκέτου
951 2883 1134 2953 σχῆμα
1164 2884 1259 2937 καὶ
1287 2883 1512 2954 γνώμην
1543 2884 1638 2937 καὶ
1666 2884 1919 2955 φρόνημα
1941 2885 2033 2939 τὸν

459 2961 747 3032 εὐχόμενον
793 2963 936 3034 ἔχειν
983 2966 1066 3018 δεῖ
1097 2982 1113 2997 ο
1144 2965 1196 3020 τί
1245 2966 1425 3020 τοίνυν
1463 2967 1646 3039 ἓτερον
1692 2969 2034 3039 προσωπεῖον

459 3044 672 3116 σεαυτῷ
704 3049 1008 3120 περιτίθης,
1030 3049 1091 3102 τὸ
1120 3049 1222 3121 τῆς
1249 3051 1618 3122 κατηγορίας;
1653 3051 1777 3114 Πῶς
1805 3049 1914 3122 7&9
1945 3050 2034 3104 δυ-

458 3127 599 3199 νήσῃ
630 3129 741 3183 τῶν
766 3131 982 3186 οἰκείων
1029 3134 1439 3206 ἁμαρτημάτων
1471 3134 1654 3188 λαϐεῖν
1680 3136 2030 3206 συγγνώμην,

457 3211 587 3264 ὅταν
603 3213 708 3267 τῶν
734 3216 846 3277 τοῖς
873 3217 1078 3286 ἐτέροις
1098 3217 1274 3286 πεπλη
1285 3216 1647 3288 μμελημένων
1677 3219 1917 3289 τιμωρὸν
1940 3219 2032 3273 τὸν

458 3293 591 3346 Θεὸν
610 3294 780 3362 ἀξιοῖς
809 3293 979 3362 dvas;
1014 3297 1194 3352 Ἔστω
1221 3299 1400 3352 τοίνυν
1428 3302 1460 3370 ἡ
1493 3301 1626 3372 εὐχὴ
1658 3301 1866 3372 ἥμερος
1886 3341 1900 3364 ,
1933 3318 2033 3369 γα-

457 3375 615 3448 ληνή,
642 3380 832 3450 χαρίεν
865 3380 1062 3450 ἔχουσα
1091 3382 1510 3454 πρόσωπον,καὶ
1533 3384 1756 3438 ἁπαλόν.
1794 3384 2029 3456 Τοιαύτη

458 3460 566 3531 γάρ
601 3463 632 3532 ἡ
662 3463 800 3530 μετά
828 3464 1162 3536 πραότητος,
1197 3465 1291 3518 καὶ
1331 3467 1404 3537 μὴ
1445 3469 1562 3520 κατ’
1593 3465 1800 3538 ἐχθρῶν
1825 3467 1852 3506 b
1894 3484 2031 3536 γινο-

459 3543 598 3614 μένη
619 3559 633 3574 ·
655 3543 729 3608 ὡς
749 3546 783 3616 ἥ
812 3563 874 3614 γε
898 3548 1112 3600 ἐναντία
1143 3549 1409 3620 μεθυούσῃ
1434 3550 1540 3604 τινὶ
1568 3550 1660 3603 καὶ
1693 3551 2030 3623 παραπαιού-

459 3643 527 3698 σῃ
576 3626 719 3681 ἔοικε
753 3631 998 3696 γυναικὶ,
1044 3632 1232 3686 συώδει
1281 3634 1386 3687 τινὶ
1439 3634 1531 3686 καὶ
1576 3633 1763 3706 ἀγρία.
1797 3634 1890 3686 Διὸ
1934 3636 2029 3688 καὶ

455 3711 659 3773 ἄϐατος
693 3713 830 3783 αὐτῇ
861 3713 1150 3786 ὁούρανός.
1194 3716 1333 3768 Ἀλλ’
1363 3716 1460 3786 οὐχ
1490 3718 1523 3788 ἡ
1559 3716 1698 3786 μετά
1725 3717 2027 3788 πραότητος

454 3793 678 3866 τοιαύτη
701 3813 715 3825 ο
746 3795 859 3848 ἀλλ’
885 3796 995 3866 ἔχει
1026 3814 1079 3849 τι
1107 3797 1346 3870 λιγυρὸν,
1372 3800 1464 3852 καὶ
1488 3799 1774 3871 προσηνὲς,
1803 3800 1897 3853 καὶ
1932 3801 2028 3871 βα-

457 3877 678 3932 σιλικῶν
707 3877 856 3942 ἀξιον
893 3879 1091 3942 ἀκοῶν,
1127 3880 1222 3951 ἡδὺ
1271 3882 1365 3940 καὶ
1408 3882 1775 3953 παναρμόνιον
1799 3883 1891 3936 καὶ
1928 3887 2027 3955 ἐμ-

457 3961 634 4031 μελές.
661 3963 752 4015 Διὸ
767 3962 831 4034 δὴ
859 3963 958 4016 οὐκ
980 3964 1297 4020 ἐκϐάλλεται
1328 3965 1422 4020 τοῦ
1457 3967 1706 4039 θεάτρου,
1726 3968 1839 4021 ἀλλ’
1869 3971 2023 4022 ἐστε-

456 4047 751 4117 φανωμένη
789 4047 974 4102 ἄπεισι
1011 4063 1026 4080 '
1059 4049 1155 4103 καὶ.
1200 4051 1310 4122 γὰρ
1343 4053 1548 4123 χρυσῆν
1593 4052 1707 4123 ἔχει
1759 4052 2023 4126 κιθάραν,

457 4131 662 4200 χρυσῆν
685 4133 784 4202 τὴν
807 4133 1017 4203 στολήν.
1042 4135 1134 4186 Διὸ
1164 4135 1260 4188 καὶ
1282 4135 1474 4207 τέρπει
1499 4135 1589 4189 τὸν
1624 4137 1905 4208 δικαστὴν,
1934 4139 2027 4192 καὶ

455 4212 533 4282 τῷ
581 4215 842 4285 σχήματι,
880 4217 974 4270 καὶ
1003 4218 1081 4289 τῷ
1134 4218 1435 4289 βλέμματι,
1472 4221 1564 4273 καὶ
1596 4223 1662 4292 τῇ
1715 4225 1888 4293 φωνῇ.
1927 4223 2026 4277 Διά

458 4296 630 4349 ταῦτα
654 4298 828 4360 οὐδεὶς
858 4301 1027 4372 αὐτὴν
1062 4301 1352 4356 ἀπελαύνει
1374 4303 1482 4357 τῶν
1509 4304 1774 4374 οὐρανίων
1800 4307 2023 4377 ἀψίδων.

460 4384 641 4437 Ἀπαν
674 4385 782 4458 γάρ
807 4389 981 4442 ἐκεῖνο
997 4389 1058 4442 τὸ
1087 4389 1312 4462 θέατρον
1335 4391 1582 4462 ἀνίστησι
1609 4394 1676 4463 τῇ
1699 4394 2026 4469 εὐφροσύνῃ.

457 4470 604 4540 Αὐτη
633 4472 741 4526 τῶν
767 4475 1011 4546 οὐρανῶν
1039 4476 1166 4543 ἀξία
1209 4479 1242 4549 ἡ
1280 4478 1442 4550 εύχή⁶
1469 4478 1609 4550 αὕτη
1647 4479 1756 4534 τῶν
1781 4481 2028 4549 ἀγγέλων

457 4559 491 4626 ἡ
523 4559 756 4625 γλῶττα,
773 4562 900 4616 ὅταν
928 4563 1091 4634 μηδὲν
1131 4565 1344 4636 πικρὸν,
1367 4567 1472 4619 πᾶν
1494 4565 1551 4620 δὲ
1579 4568 1844 4638 προσηνὲς
1870 4569 2029 4639 φθέγ.

456 4662 650 4716 γηταιο
673 4649 798 4702 ὅταν
821 4650 961 4722 ὑπὲρ
990 4651 1098 4704 τῶν
1133 4652 1458 4707 ἀδικούντων
1487 4655 1582 4708 καὶ
1613 4655 2026 4728 ἐπηρεαζόντων

458 4736 832 4806 προσέρχηται
873 4736 971 4808 τὴν
1024 4739 1303 4811 ἱκετηρίαν
1344 4742 1659 4813 ποιουμένη,
1687 4746 1808 4797 τότε
1839 4747 1933 4800 καὶ
1974 4749 2024 4800 οἰ

457 4820 677 4890 ἄγγελοι
730 4827 1106 4898 παρεστήκασι
1161 4827 1300 4898 μετά
1344 4828 1542 4900 πολλῆς
1594 4830 1881 4896 ἀκούοντες
1926 4833 2025 4905 τῆς

458 4911 614 4980 σιγῆς
636 4951 651 4974 ,
684 4912 778 4966 καὶ
828 4913 966 4984 μετὰ
1005 4916 1065 4968 τὸ
1106 4914 1452 4980 παύσασθαι,
1487 4918 1805 4988 κροτοῦντες
1832 4919 2021 4992 αὐτὴν,

455 4999 816 5064 ἐπαινοῦντες,
856 5002 1224 5072 θαυμάζοντες
1269 5003 1328 5055 οὐ
1362 5003 1794 5074 διαλιμπάνουσι.
1831 5009 2024 5063 Τοιαύ-

454 5105 552 5158 την
595 5089 688 5140 καὶ
739 5091 901 5159 ἡμεῖς
952 5091 1391 5162 προσαγάγωμεν
1433 5092 1620 5163 εὐχὴν,
1665 5095 1758 5148 καὶ
1808 5097 2023 5160 πάντως

455 5175 921 5246 ἁκουσθησόμεθα.
961 5178 1072 5231 Kal
1102 5179 1230 5233 ὅταν
1277 5179 1588 5251 προσίωμεν
1639 5181 1716 5252 τῷ
1766 5183 1904 5254 Θεῷ,
1947 5186 2021 5257 μὴ

455 5265 763 5333 νομίσωμεν
797 5260 936 5319 εἶναι
963 5266 1190 5337 θέατρον
1212 5269 1470 5334 τοιοῦτον,
1495 5269 1610 5322 ἀλλ’
1630 5271 1695 5322 ἐκ
1715 5272 1813 5342 τῆς
1841 5275 2020 5325 οἰκου-

457 5351 625 5420 μένης
652 5352 893 5425 άπάσης,
924 5355 1123 5424 μᾶλλον
1149 5355 1206 5409 δὲ
1233 5356 1326 5410 καὶ
1351 5358 1416 5410 ἐκ
1445 5357 1554 5410 τῶν
1577 5358 1689 5412 ἄνω
1709 5359 1769 5430 δὴ
1779 5378 1893 5430 μων
1913 5361 2022 5414 τῶν

454 5437 718 5508 οὐρανίων
761 5441 1188 5514 συνειλεγμένον,
1236 5444 1329 5499 xal
1366 5446 1424 5500 ἐν
1464 5445 1614 5518 μέσῳ
1665 5447 1757 5500 τὸν
1789 5448 2020 5503 Βασιλέα

511 5599 538 5660 ξι
565 5597 686 5660 Reg.
713 5600 887 5660 Νόμοις
912 5602 1105 5650 διδόναι.

510 5656 540 5697 ι
566 5656 687 5724 Reg.
723 5656 801 5710 καὶ
826 5665 940 5725 ὑπὲρ
964 5664 1152 5726 ἐχθρῶν.

2147 379 2443 450 καθῆσθαι,
2490 381 2804 452 βουλόμενον
2845 383 3002 454 ἡμῶν
3041 379 3343 435 ἐπακοῦσαι
3385 379 3483 448 τῆς
3523 379 3710 450 εὐχῆς.

2141 462 2252 516 Kal
2295 465 2552 531 ἐπίδειξιν
2577 467 2637 520 τὸ
2669 468 2902 538 πρᾶγμα
2929 466 3264 536 ποιήσωμεν.
3301 464 3503 535 Μηδεὶς
3522 474 3544 502 ο
3575 465 3714 516 ἔστω

2142 545 2489 620 κιθαριστὴς,
2525 550 2658 620 μηδὲ
2691 550 2930 622 λυρῳδὸς
2966 549 3138 613 οὕτως
3160 547 3474 616 ἐναγώνιος,
3503 548 3712 617 μέλλων

2138 631 2198 683 ἐν
2229 636 2453 702 σκηναῖς
2479 635 2838 700 είσιέναι,καὶ
2863 633 3117 698 δεδοικὼς
3148 635 3222 704 μή
3253 650 3304 685 τι
3335 631 3546 702 ἀπηχὲς
3580 633 3712 684 ἀνα-

2139 712 2460 784 κρούσηται,
2490 716 2566 779 ὠς
2613 719 2775 788 ἡμεῖς
2809 717 3091 787 μέλλοντες
3135 715 3360 769 εἰσιέναι
3383 715 3478 776 εἰς
3519 714 3584 766 τὸ
3607 713 3716 766 τῶν

2139 797 2384 865 ἀγγέλων
2412 799 2656 872 θέατρον.
2688 801 2972 873 Πλῆκτρον
2995 800 3050 853 δὲ
3079 802 3210 872 ἡμῖν
3252 798 3392 851 ἔστω
3417 798 3451 868 ἡ
3477 795 3712 864 γλῶττα,

2143 881 2311 950 μηδὲν
2358 883 2518 953 ἀηδὲς
2563 883 2907 956 φθεγγομένη
2933 925 2949 952 ,
2974 883 3088 938 ἀλλ’
3122 882 3359 954 ἐμμελὲς
3382 881 3475 934 καὶ
3504 897 3712 950 παναρ-

2143 965 2324 1038 μόνιον
2355 967 2492 1036 μετὰ
2515 967 2752 1032 διανοίας
2782 969 2879 1038 τῆς
2904 967 3316 1039 προσηκούσης
3341 967 3434 1019 καὶ
3461 965 3712 1037 προσιόν-

2139 1065 2230 1111 τες
2257 1050 2334 1118 τῷ
2361 1050 2500 1119 Θεῷ,
2540 1052 2635 1104 καὶ
2681 1051 3125 1123 παρακαλοῦντες
3151 1051 3247 1104 καὶ
3272 1048 3534 1118 δεόμενοι,
3571 1047 3710 1118 ὑπὲρ

2137 1131 2247 1184 τῶν
2289 1133 2497 1203 ἐχθρῶν
2547 1134 2971 1205 ἀνακρουώμεθα
3018 1135 3118 1204 τὴν
3158 1132 3353 1204 νευράν
3378 1148 3393 1162 ο
3421 1130 3562 1184 οὕτω
3601 1127 3712 1200 γὰρ

2138 1216 2233 1267 καὶ
2268 1215 2408 1285 ὑπὲρ
2441 1219 2472 1286 ἡ
2484 1217 2598 1285 μῶν
2638 1218 2816 1271 αὐτῶν
2847 1215 3315 1288 ἀκουσθησόμεθα.

2208 1304 2270 1351 ε’.
2292 1297 2438 1369 Λύτη
2468 1300 2499 1367 ἡ
2531 1299 2681 1368 φωνὴ
2713 1299 3066 1370 καταισχύνει
3095 1300 3370 1370 δαίμονας,
3394 1295 3532 1365 αῦτη
3568 1295 3710 1366 παρο

2138 1381 2334 1451 ρησίαν
2360 1384 2492 1451 ἡμῖν
2521 1383 2732 1437 δίδωσιν
2753 1401 2765 1413 ·
2796 1383 2934 1454 α’ύτη
2969 1383 3315 1453 καταισχύνει
3344 1382 3434 1435 τὸν
3465 1379 3709 1434 διάϐολον

2137 1463 2229 1517 καὶ
2257 1466 2559 1536 ἀναχωρεῖν
2589 1469 2749 1519 ποιεῖ.
2781 1469 2856 1520 Οὐ
2887 1468 2995 1537 7&9
3021 1466 3196 1530 οὕτως
3227 1467 3510 1534 ἄνθρωπον
3549 1461 3709 1532 φρίτ-

2133 1563 2217 1598 τει
2245 1549 2273 1599 ό
2303 1547 2512 1618 δαίμων
2541 1549 2630 1602 τὸν
2657 1550 2988 1604 ἐκϐάλλοντα
3021 1550 3183 1603 αὐτὸν
3210 1550 3304 1602 καὶ
3333 1547 3619 1600 ἐλαύνοντα
3649 1544 3710 1610 ἐξ

2135 1629 2322 1700 ἐτέρου
2341 1630 2650 1701 ἀνθρώπου,
2673 1633 2748 1696 ώς
2773 1633 3055 1702 ἄνθρωπον
3081 1633 3249 1704 ὀργῆς
3273 1629 3592 1702 κρατοῦντα,
3615 1627 3713 1681 καὶ

2136 1711 2307 1783 θυμοῦ
2343 1715 2795 1786 περιγενόμενον
2839 1716 2958 1769 ἐπεὶ
3007 1716 3100 1770 καὶ
3143 1715 3301 1769 τοῦτο
3341 1712 3544 1783 δαίμων
3596 1711 3713 1763 ἐστὶ

2135 1795 2391 1866 χαλεπὸς,
2425 1800 2518 1852 καὶ
2544 1798 2764 1862 τούτους
2791 1799 2990 1870 μᾶλλον
3017 1798 3050 1868 ἢ
3083 1799 3208 1860 τοὺς
3234 1796 3597 1867 δαιμονῶντας
3624 1812 3716 1847 τα-

2134 1878 2369 1944 λανίζειν
2389 1883 2516 1952 χρή.
2550 1881 2623 1933 Τὸ
2673 1881 2771 1952 μὲν
2799 1882 2909 1953 7&9
2937 1881 3197 1952 δαιμονᾷν
3231 1881 3310 1942 εἰς
3351 1878 3573 1949 γέενναν
3611 1877 3711 1929 οὐκ

2133 1963 2394 2034 ἐμϐάλλει
2423 1980 2438 1996 ⁸
2469 1965 2531 2018 τὸ
2555 1965 2611 2018 δέ
2643 1964 2956 2036 ὀργίζεσθαι
3001 1965 3093 2019 καὶ
3134 1965 3509 2036 μνησικακεῖν,
3543 1959 3712 2029 αὐτῆς

2135 2047 2383 2103 ἐκϐάλλει
2398 2048 2496 2118 τῆς
2520 2048 2796 2118 βασιλείας
2815 2049 2922 2102 τῶν
2947 2047 3210 2120 οὐρανῶν.
3230 2048 3327 2099 Ἂν
3351 2045 3494 2098 οὕτω
3515 2043 3680 2115 ρυθμί
3695 2069 3712 2082 ο

2137 2148 2318 2202 σωμεν
2350 2131 2466 2203 [15]
2495 2131 2593 2202 τὴν
2637 2131 2824 2204 εὐχὴν,
2852 2130 3190 2202 δυνησόμεθα
3232 2128 3370 2201 μετὰ
3402 2127 3714 2200 παρρησίας

2132 2213 2310 2284 λέγειν
2333 2215 2428 2268 καὶ
2460 2217 2620 2286 ἡμεῖς
2643 2216 2721 2287 τῷ
2742 2215 2881 2287 Θεῷ,
2905 2215 3294 2271 Εισάκουσον
3316 2212 3427 2282 τῆς
3456 2225 3714 2280 προσευ-

2133 2297 2254 2369 χῆς
2277 2315 2419 2367 μου.
2469 2299 2632 2352 Ὥστε
2668 2301 2768 2370 οὐχ
2800 2300 2993 2354 ἐαυτὸν
3039 2298 3341 2369 ὠφελήσεις
3389 2297 3552 2367 μόνον
3573 2334 3586 2356 .
3616 2292 3714 2348 καὶ

2133 2384 2576 2456 προοδοποιήσεις
2606 2401 2699 2438 σου
2720 2386 2787 2456 τῇ
2816 2383 3084 2454 ἱκετηρία,
3101 2381 3234 2437 ἀλλά
3272 2382 3365 2436 καὶ
3385 2381 3474 2434 τὸν
3500 2377 3716 2432 ἀκούον-

2133 2486 2200 2521 τα
2221 2468 2351 2521 Θεὸν
2384 2470 2697 2540 εὐφρανεῖς.
2729 2468 2878 2534 ἄξιόν
2907 2485 2958 2520 τι
2991 2467 3100 2521 τῶν
3128 2465 3292 2520 αὐτοῦ
3325 2462 3714 2532 ἐπιταγμάτων

2133 2551 2334 2604 αἰτῶν⁶
2366 2550 2444 2604 διὸ
2488 2551 2582 2606 καὶ
2624 2551 2820 2624 ῥᾳδίως
2866 2551 3160 2604 ἐπινεύσει.
3209 2548 3379 2602 Τοῦτο
3423 2547 3570 2612 ἄξιον
3611 2543 3713 2614 τῆς

2131 2634 2403 2697 υἱοθεσίας
2457 2634 2708 2706 ἐκείνης·
2755 2634 2911 2688 τοῦτο
2955 2633 3188 2702 μάλιστα
3245 2633 3335 2686 τὸν
3384 2628 3713 2703 χαρακτῆρα

2130 2720 2335 2774 ἐκεῖνον
2367 2718 2623 2772 δείκνυσι.
2661 2719 2935 2781 Γίνεσθε,
2972 2718 3154 2788 φησὶν,
3197 2717 3596 2785 οἰκτίρμονες,
3633 2712 3714 2777 ὡς

2131 2810 2165 2861 ὁ
2190 2807 2394 2876 Πατὴρ
2420 2806 2586 2878 ὑμῶν
2614 2810 2646 2861 ό
2671 2808 2741 2860 ἐν
2768 2807 2893 2873 τοῖς
2920 2805 3200 2874 οὐρανοῖς
3221 2844 3235 2868 ,
3268 2805 3364 2858 καὶ
3406 2802 3588 2864 πάλιν,
3607 2800 3716 2853 Εὖ-

2131 2899 2312 2965 χεσθε
2332 2894 2484 2964 ὑπὲρ
2510 2893 2630 2949 τῶν
2667 2893 3105 2964 ἐπηρεαζόντων
3134 2892 3307 2958 ὑμᾶς,
3332 2891 3492 2957 ὅπως
3534 2886 3714 2959 τένηο

2131 2987 2242 3039 σθε
2279 2985 2469 3054 ὅμοιοι
2490 2984 2597 3038 τοῦ
2622 2984 2853 3052 Πατρὸς
2884 2982 3052 3054 ὑμῶν
3084 2981 3190 3036 τοῦ
3222 2981 3294 3036 ἐν
3317 2976 3614 3048 οὐρανοῖς.
3645 2975 3716 3029 Τί

2130 3071 2309 3126 τοίνυν
2342 3071 2548 3142 ταύτης
2591 3072 2692 3144 τῆς
2730 3071 2899 3143 εὐχῆς
2932 3072 3084 3136 [σονς
3114 3069 3264 3139 Αὕτη
3298 3068 3398 3122 οὐκ
3438 3065 3712 3136 ἀγγέλοις,

2129 3159 2256 3214 οὔτε
2284 3159 2667 3232 ἀρχαγγέλοις,
2686 3159 2800 3213 ἀλλ’
2816 3157 2966 3229 αὐτῷ
2992 3157 3070 3229 τῷ
3095 3157 3309 3213 Βασιλεῖ
3338 3157 3522 3227 ὅμοιον
3547 3154 3712 3206 ποιεῖ.

2142 3247 2200 3301 '0
2249 3247 2307 3301 δέ
2345 3248 2423 3319 τῷ
2449 3247 2667 3301 Βασιλεῖ
2703 3247 2888 3318 ὅμοιος
2930 3246 3221 3317 γενόμενος
3259 3242 3403 3298 κατά
3438 3242 3500 3295 τὸ
3538 3242 3715 3310 ἐγχω-

2133 3335 2278 3408 ροῦν,
2309 3336 2565 3406 ἐννόησον
2589 3338 2720 3405 ὅσης
2777 3333 3144 3388 ἀπολαύσεται
3176 3332 3276 3401 τῆς
3310 3328 3622 3402 παρρησίας
3651 3327 3714 3380 ἐν

2125 3427 2246 3487 ταῖς
2264 3425 2469 3494 εὐχαῖς.
2507 3423 2623 3477 Υἱοί
2640 3425 2983 3491 ἀνθρώπων,
2999 3422 3109 3488 ἕως
3133 3422 3276 3474 πότε
3288 3415 3709 3488 βαρυκάρδιοι;

2131 3512 2267 3567 Ἵνα
2291 3512 2348 3564 τί
2367 3509 2636 3579 ἀγαπᾶτε
2665 3510 3049 3580 ματαιότητα,
3075 3509 3169 3562 καί
3199 3507 3428 3575 ζητεῖτε
3446 3501 3711 3572 ψεῦδος-δ

2127 3593 2272 3665 Πρὸς
2303 3593 2455 3657 τίνας
2508 3593 2778 3648 ἀποτείνει
2827 3593 2917 3646 τὸν
2961 3592 3138 3660 λόγον,
3186 3591 3280 3644 καὶ
3339 3590 3569 3641 ποιεῖται
3610 3585 3712 3655 τὴν

2127 3682 2465 3754 ἐπιτίμησιν,
2501 3682 2596 3735 καὶ
2626 3681 2820 3750 ἐπάγει
2852 3679 2952 3752 τὴν
2979 3678 3289 3750 συμϐουλήν
3321 3694 3336 3741 ;
3377 3675 3528 3736 τίνας
3561 3673 3710 3734 υἱοὺς

2125 3769 2428 3842 ἀνθρώπων
2449 3771 2636 3836 καλεῖς
2665 3769 2804 3833 Τοὺς
2829 3769 2888 3823 ἐν
2911 3767 3144 3839 πονηρίᾳ
3165 3765 3396 3832 ζῶντας,
3420 3764 3544 3825 τούς
3570 3760 3707 3830 πρὸς

2127 3858 2370 3912 κακίανά
2407 3860 2744 3931 ἐπιρρεπεῖς.
2763 3857 2828 3910 Τί
2864 3857 2927 3928 δή
2959 3873 3124 3921 ποτε;
3155 3857 3315 3926 ἡμεῖς
3338 3852 3444 3923 7&9
3473 3850 3572 3920 οὐχ
3598 3847 3707 3902 υἰοὶ

2127 3946 2458 4018 ἀνθρώπωνς
2492 3949 2558 4018 τῇ
2587 3944 2745 4014 φύσει
2781 3945 2879 4016 μὲν
2915 3943 3216 4014 ἀνθρώπων
3264 3941 3389 4004 υἰοὶ,
3424 3942 3492 4010 τῇ
3522 3937 3703 4007 χάριτι

2125 4035 2182 4088 δὲ
2205 4037 2306 4090 οὐκ
2339 4035 2439 4100 ἔτι,
2463 4035 2576 4090 ἀλλ’
2609 4035 2714 4088 υἱοὶ
2751 4032 2905 4089 Θεοῦ.
2943 4033 3008 4086 Εἰ
3057 4031 3186 4102 γοῦν
3227 4031 3323 4084 καὶ
3367 4027 3467 4100 τὴν
3519 4026 3704 4079 εἰκόνα

2126 4123 2224 4194 τὴν
2257 4123 2378 4177 κατ’
2394 4124 2595 4194 ἀρετὴν
2627 4125 2726 4197 τὴν
2753 4123 2888 4193 πρὸς
2918 4120 3080 4177 αὐτὸν
3108 4119 3556 4189 διατηρήσαιμεν,
3574 4112 3704 4168 άκέ-

2131 4229 2280 4284 ραιον
2312 4211 2442 4282 ἡμῖν
2488 4209 2640 4263 ἐσται
2693 4209 2753 4263 τὸ
2808 4209 3015 4280 δῶρον·
3048 4208 3174 4272 τοὺς
3225 4206 3332 4276 γάρ
3378 4202 3702 4273 γενομένους

2129 4299 2277 4361 υἱοὺς
2309 4297 2441 4350 Θεοῦ
2479 4297 2567 4350 διά
2603 4297 2700 4365 τῆς
2757 4298 2998 4368 χάριτος,
3035 4295 3127 4349 καὶ
3182 4293 3270 4347 διὰ
3299 4293 3397 4363 τῆς
3428 4289 3701 4352 πολιτείας

2127 4387 2331 4458 ταύτην
2371 4385 2454 4438 δεῖ
2502 4384 2923 4457 χαρακτηρίζειν
2947 4382 3046 4454 τὴν
3075 4383 3278 4436 εἰκόνα.
3321 4381 3442 4432 ’Ότι
3479 4378 3536 4432 δὲ
3571 4377 3699 4440 τοὺς

2130 4472 2594 4546 βιωτικωτένρους,
2638 4471 2732 4526 καὶ
2786 4471 2921 4543 πρὸς
2967 4471 3166 4524 κακίαν
3213 4469 3504 4542 ῥέποντας.
3547 4465 3698 4526 υἱοὺς

2127 4561 2430 4634 ἀνθρώπων
2467 4561 2641 4625 καλεῖ,
2678 4559 2908 4614 ἄκουσον
2932 4574 2947 4589 ⁸
3001 4558 3242 4622 Ἰδόντες
3274 4554 3341 4608 δὲ
3371 4557 3424 4609 οἱ
3444 4551 3560 4609 υἱοί
3589 4550 3697 4604 τοῦ

2129 4652 2277 4705 Θεοῦ
2318 4651 2425 4715 τὰς
2463 4650 2788 4719 θυγατέρας
2817 4647 2935 4702 τῶν
2986 4645 3327 4715 ἀνθρώπων.
3362 4643 3471 4697 Kal
3508 4641 3615 4711 μὴν
3635 4638 3698 4693 τὸ

2127 4739 2386 4802 ἐναντίον,
2416 4738 2603 4807 φησὶν,
2629 4737 2872 4808 εἴρηκας.
2927 4733 3188 4803 Οὐδαμῶς
3207 4748 3221 4760 ·
3248 4731 3398 4792 υἱοὺς
3415 4727 3524 4799 7&9
3557 4725 3695 4780 Θεοῦ

2125 4826 2359 4881 ἐνταῦθα
2387 4825 2612 4879 ἐκάλεσε
2639 4825 2763 4886 τοὺς
2793 4822 2898 4893 πρὸ
2935 4819 3124 4873 τούτου
3153 4819 3213 4882 ἐξ
3245 4817 3508 4887 ἐναρέτιυν
3535 4814 3694 4876 ὄντας

2126 4915 2355 4984 ἀνδρῶν,
2390 4914 2484 4965 καὶ
2507 4911 2608 4981 τῆς
2632 4909 2724 4964 τοῦ
2752 4907 2887 4962 Θεοῦ
2918 4907 3082 4977 τιμῆς
3105 4896 3693 4965 ἀπολελαυκότας,είτα

2129 4999 2644 5075 μεταϐαλλομένους,
2665 4997 2760 5051 καὶ
2791 4994 3081 5065 γεγονότας
3117 4992 3351 5063 χείρους,
3380 4990 3472 5043 καὶ
3501 4989 3692 5060 προδε-

2124 5090 2366 5152 δωκότας
2383 5087 2559 5140 αὐτῶν
2579 5085 2679 5156 τὴν
2705 5084 2891 5154 τιμήν.
2931 5082 3092 5134 Ὥστε
3125 5079 3233 5148 γὰρ
3261 5075 3492 5147 αὐξῆσαι
3515 5075 3694 5129 αὐτῶν

2125 5177 2222 5249 τὴν
2253 5173 2604 5246 κατηγορίαν,
2634 5169 2945 5241 ἀνεμνήσθη
2971 5165 3150 5221 αὐτῶν
3175 5165 3276 5234 τῆς
3311 5165 3516 5235 τιμῆς,
3539 5168 3694 5233 μέγι-

2127 5283 2248 5318 στον
2272 5266 2349 5326 εἰς
2373 5261 2710 5330 ἐγκλήματος
2731 5256 2983 5312 ὑπόθεσιν
3003 5255 3215 5317 δεικνὺς
3238 5253 3318 5317 ὃν,
3342 5253 3402 5305 τὸ
3419 5251 3693 5314 τοιούτους

2122 5355 2299 5416 ὄντας,
2331 5351 2425 5403 καὶ
2464 5351 2528 5402 ἐκ
2557 5345 2834 5411 τοιούτων,
2855 5345 2992 5416 πρὸς
3014 5343 3270 5412 τοιαύτην
3301 5340 3691 5412 κατενεχθῆναι

2122 5441 2340 5496 κακίαν.
2378 5437 2488 5491 Kal
2517 5436 2676 5490 πάλιν
2723 5437 2752 5488 ὁ
2788 5434 2919 5499 Θεὸς
2951 5452 2965 5467 ’
3002 5435 3142 5504 Ἐγὼ
3174 5430 3332 5497 εἶπα,
3365 5433 3496 5485 Θεοί
3526 5433 3691 5496 ἐστε,

2185 5602 2206 5628 ⁸
2235 5599 2353 5657 lleg.
2379 5601 2571 5657 πρᾶγμα
2592 5595 2878 5656 νομίσωμεν·
2915 5593 3209 5656 μηδείςιιιοῐι
3237 5593 3382 5641 male.

2188 5659 2214 5699 ά
2240 5661 2353 5722 33g.
2386 5659 2619 5707 ἀσέϐειαν.
