4074 6356
185 333 260 388 ιδ
1376 331 1724 392 EXPOSITIC
1773 333 1838 390 IN
1876 334 2204 396 PSALMUM
2241 339 2330 396 IV.
3400 349 3475 408 48

184 464 326 505 scire
347 461 504 506 etiam
522 449 737 505 modum
756 448 966 506 orandi.
996 449 1126 517 Quis
1144 460 1322 506 autem
1345 451 1530 506 orandi
1551 450 1778 506 modus?

191 545 348 598 hisee
391 558 423 596 a
473 543 793 612 publicano:
827 557 925 598 nec
968 552 1020 597 te
1044 543 1239 612 pudeat
1264 557 1330 597 eo
1379 543 1452 597 uti
1500 543 1776 614 magistro,

185 633 281 702 qui
309 633 410 687 hac
441 632 493 688 in
521 649 580 688 re
608 633 748 688 adeo
765 648 826 689 se
855 634 1114 703 praeclare
1139 636 1336 705 gessit,
1365 644 1423 689 ut
1446 636 1575 689 solis
1601 635 1780 691 verbis

190 725 504 781 universum
549 725 806 780 eﬂ'ecerit.
837 724 970 793 Quia
999 726 1142 780 enim
1180 736 1299 781 erat
1325 742 1476 782 mens
1507 727 1561 781 in
1589 741 1656 782 eo
1687 742 1774 782 re-

190 831 279 876 cte
320 829 527 890 parata,
572 818 780 874 suﬂ‘ecit
806 820 892 875 vel
935 819 1157 875 verbum
1196 837 1358 876 unum
1400 821 1467 876 ad
1512 823 1699 876 cadum
1729 821 1779 877 ei

184 911 563 984 aperiendum.
593 912 872 979 Quomodo
901 923 1081 969 autem
1130 923 1245 968 erat
1275 915 1495 986 parata?
1530 916 1778 986 Seipsum

191 1003 452 1058 miserum
478 1003 762 1070 clamabat,
806 1013 991 1074 pectus
1021 1005 1296 1070 tundebat,
1335 1021 1404 1061 ne
1443 1007 1631 1062 carlum
1660 1008 1780 1078 qui-

200 1095 327 1150 dem
358 1095 599 1173 aspicere
628 1095 876 1152 audebat.
905 1095 963 1152 Si
987 1109 1041 1151 tu
1062 1112 1273 1168 quoque
1317 1098 1388 1154 ita
1411 1101 1668 1166 oraveris,
1694 1101 1782 1156 vel

191 1201 371 1255 penna
395 1185 647 1241 leviorem
690 1187 883 1243 reddes
923 1189 1242 1244 oralionem.
1271 1190 1326 1246 Si
1352 1191 1494 1245 enim
1535 1199 1784 1261 peccator

191 1277 368 1346 justus
414 1278 483 1333 ab
524 1279 769 1334 oratione
821 1279 992 1336 lactus
1017 1289 1141 1348 est,
1169 1281 1452 1337 considera
1476 1282 1780 1351 cujusmodi

193 1369 299 1423 erit
316 1369 515 1440 justus,
559 1372 608 1425 si
647 1371 805 1426 talem
833 1372 1128 1427 orationem
1178 1371 1372 1428 offerre
1399 1373 1664 1429 didicerit.
1715 1374 1782 1428 Et

195 1462 318 1517 ideo
370 1479 440 1518 ne
484 1464 570 1519 hic
602 1465 816 1534 quidem
862 1467 1097 1536 seipsum
1147 1466 1390 1522 absolute
1431 1468 1646 1537 posuit,
1687 1465 1782 1522 sed

194 1554 494 1608 orationem
544 1571 693 1610 suam
756 1574 769 1610 :
821 1559 1066 1627 superius
1111 1558 1391 1628 justitiam,
1450 1558 1535 1613 hic
1581 1558 1785 1613 oratio-

195 1659 322 1697 nem
388 1644 573 1699 dicens
619 1663 635 1698 :
687 1646 928 1702 Miserere
972 1649 1090 1716 mei,
1146 1658 1192 1702 et
1251 1650 1440 1704 exaudi
1505 1649 1784 1703 orationem

198 1751 381 1789 meam.
435 1736 506 1788 lta
554 1737 714 1792 etiam
752 1739 1028 1793 exauditus
1073 1748 1156 1794 est
1201 1739 1501 1806 Cornelius,
1531 1741 1782 1811 quoniam

193 1826 311 1896 ejus
359 1828 656 1897 patrocinio
706 1846 832 1886 usus
875 1839 977 1886 est.
1036 1831 1305 1887 Orationes
1353 1843 1453 1887 tua:
1476 1873 1491 1899 ,
1541 1842 1591 1887 et
1648 1833 1780 1887 elee-

197 1938 425 1992 mosgua:
447 1932 566 1988 tuae,
617 1923 808 1994 inquit,
845 1925 1179 1979 ascenderunt
1202 1942 1371 1979 coram
1396 1924 1508 1980 Deo
1533 1925 1667 1997 (Act.
1693 1925 1782 1981 10.

198 2017 293 2088 4).
318 2016 384 2070 Ει
411 2017 602 2072 merito
631 2035 644 2069 :
674 2033 839 2088 opera
864 2018 1006 2072 enim
1036 2030 1158 2074 sunt
1179 2034 1298 2089 quae
1321 2018 1692 2083 exaudiuntur,
1732 2027 1788 2074 et

200 2117 347 2162 recte
367 2107 544 2174 facta;
576 2124 683 2164 non
725 2110 969 2166 absolute
1007 2119 1183 2165 autem
1213 2111 1505 2178 orationes,
1533 2111 1626 2168 sed
1664 2125 1785 2165 ora-

199 2199 372 2254 tiones
399 2203 766 2270 quaelinntcx
792 2201 910 2272 lege
959 2203 1072 2258 Dei.
1107 2203 1175 2257 Et
1217 2219 1461 2273 quaenam
1511 2215 1637 2258 sunt
1661 2205 1788 2259 eae?

197 2291 330 2356 Quae
353 2306 418 2344 ea
450 2301 768 2362 petuntqua:
789 2287 954 2347 Deum
978 2293 1108 2348 dare
1131 2295 1402 2359 convenit,
1433 2311 1552 2365 qua:
1577 2294 1645 2349 ab
1669 2295 1787 2365 ipso

200 2395 308 2435 non
355 2383 629 2449 postulant
672 2398 792 2453 qua:
837 2393 962 2439 sunt
1009 2385 1124 2454 ejus
1169 2385 1376 2456 legibus
1417 2386 1785 2458 repugnantia.

200 2471 400 2542 Ecquis
425 2481 526 2539 est,
552 2474 739 2544 inquit,
773 2475 908 2530 adeo
941 2477 1133 2543 audax,
1167 2487 1222 2532 ιιι
1250 2494 1311 2534 ea
1354 2479 1481 2534 velit
1506 2480 1673 2536 Deum
1704 2481 1785 2534 fa-

201 2579 325 2620 cere
347 2566 389 2632 ⁸,
436 2582 557 2635 quae
610 2579 912 2639 repugnant
952 2570 1068 2641 ejus
1100 2571 1346 2642 legibus?
1387 2571 1486 2640 Qui
1534 2574 1788 2630 adversus

204 2655 448 2712 inimicos
472 2675 593 2714 eum
625 2670 775 2730 rogat
807 2680 820 2717 :
856 2661 960 2717 hoc
988 2665 1128 2718 enim
1154 2676 1237 2720 est
1264 2677 1456 2733 pra-ter
1480 2667 1648 2736 legem
1670 2683 1790 2737 quae

205 2753 360 2808 abeo
401 2754 504 2808 lata
535 2765 636 2811 est.
669 2756 784 2826 Ipse
829 2759 971 2812 enim
997 2760 1128 2814 dixit
1161 2779 1174 2815 :
1214 2760 1460 2816 Dimittite
1487 2763 1790 2818 debitoribus

203 2847 380 2902 vestris
403 2846 618 2918 (Matth.
666 2849 720 2904 6.
759 2851 866 2921 12).
898 2851 975 2906 Tu
1020 2862 1197 2908 autem
1225 2869 1346 2909 eum
1383 2855 1576 2926 ipsum,
1604 2857 1692 2926 qui
1737 2866 1790 2914 te

199 2939 352 3008 jubet
378 2941 706 3010 condonare,
751 2943 1008 3000 adversus
1036 2946 1280 3002 inimicos
1307 2948 1564 3004 invocas?
1588 2949 1790 3018 Ecquid

207 3032 309 3087 hac
344 3035 578 3088 amentia
628 3035 788 3091 fuerit
815 3036 1091 3095 deterius?
1137 3039 1359 3112 Oportet
1409 3057 1529 3096 eum
1558 3042 1646 3112 qui
1674 3051 1793 3098 orat

206 3125 410 3182 habere
433 3126 692 3195 habitum,
736 3139 967 3186 mentem
1007 3141 1063 3187 et
1104 3147 1320 3188 sensum
1366 3134 1664 3204 supplicis:
1697 3149 1793 3189 cur

205 3218 368 3274 aliam
409 3235 537 3290 ergo
585 3236 866 3290 personam
910 3224 1104 3291 induis,
1164 3241 1356 3296 nempe
1405 3228 1793 3284 accusationis?

205 3313 488 3378 Quomodo
527 3311 672 3366 enim
717 3316 918 3386 poteris
958 3321 1166 3374 veniam
1197 3328 1409 3374 tuorum
1456 3330 1792 3389 peccatorum

205 3411 443 3478 assequi,
490 3413 705 3480 quando
731 3428 888 3483 rogas
918 3421 971 3467 ut
1018 3413 1160 3467 Deus
1192 3412 1374 3482 puniat
1415 3423 1629 3482 peccata
1655 3413 1792 3468 alio-

205 3501 370 3555 rum?
395 3503 476 3557 Sit
505 3505 681 3576 itaque
701 3505 870 3560 oratio
899 3513 1195 3571 mansueta,
1219 3505 1445 3574 placida,
1469 3503 1709 3574 jucunda
1737 3515 1793 3560 et

207 3591 359 3646 molli
389 3595 534 3648 vultu
576 3594 816 3664 praedita.
867 3596 1010 3655 Talis
1033 3605 1115 3652 est
1139 3611 1258 3665 qua:
1302 3612 1422 3650 cum
1452 3597 1670 3652 leuitate
1713 3595 1791 3664 ﬁt,

208 3701 314 3739 nec
358 3686 614 3742 adversus
670 3688 952 3752 inimicos;
1008 3688 1455 3758 quemadmodum
1503 3690 1791 3755 contraria,

209 3779 396 3846 ebriae,
423 3790 479 3833 et
503 3781 747 3835 deliranti
772 3782 1001 3850 cuipiam
1040 3782 1271 3847 mulieri,
1303 3791 1356 3836 et
1386 3782 1552 3837 instar
1577 3783 1692 3853 apri
1716 3782 1795 3837 ef-

209 3871 417 3938 feratae,
449 3881 530 3926 est
555 3871 762 3927 similis.
805 3873 1064 3942 Quocirca
1094 3875 1160 3928 ad
1186 3875 1373 3929 caelum
1407 3874 1457 3928 ei
1508 3891 1614 3929 non
1639 3875 1795 3929 datur

209 3961 410 4017 aditus.
439 3962 556 4017 Non
586 3965 730 4018 enitn
770 3976 851 4020 est
876 3965 1136 4034 ejusmodi
1177 3981 1238 4021 ea
1267 3982 1385 4035 qua:
1415 3965 1473 4020 ﬁt
1493 3982 1615 4020 cum
1640 3982 1791 4020 man-

211 4053 498 4110 suetudine
545 4072 559 4108 :
611 4054 708 4109 sed
758 4055 919 4110 habet
943 4055 1140 4125 aliquid
1168 4071 1424 4111 canorum
1453 4067 1506 4110 et
1535 4057 1674 4122 lene,
1706 4055 1791 4110 di-

212 4161 481 4216 gnumque
511 4147 671 4218 regiis
697 4148 932 4213 auribus,
958 4164 1140 4213 suave,
1171 4150 1514 4213 concinnum,
1544 4165 1794 4204 numero-

212 4251 355 4291 sum.
379 4237 736 4303 Quamobrem
759 4254 861 4294 non
887 4239 1166 4310 expellitur
1188 4255 1219 4295 e
1241 4241 1466 4306 theatro,
1489 4241 1581 4296 sed
1599 4256 1794 4296 corona

214 4327 462 4383 redimita
492 4330 693 4385 recedit
715 4346 730 4395 ;
752 4331 945 4385 etenim
968 4330 1125 4386 habet
1145 4347 1359 4387 auream
1387 4333 1666 4397 citharam,
1699 4349 1795 4388 vc-

212 4428 356 4475 stem
386 4435 621 4476 auream.
651 4421 764 4489 Qua
813 4422 880 4479 de
924 4439 1085 4480 causa
1127 4425 1355 4480 delectat
1381 4427 1538 4480 etiam
1562 4426 1796 4496 juilicem

215 4511 422 4581 habitu,
449 4525 664 4584 aspectu
691 4523 746 4571 et
771 4531 919 4571 voce.
951 4518 1238 4587 Propterea
1268 4519 1444 4572 nullus
1469 4535 1584 4572 eam
1611 4529 1796 4572 extur-

215 4605 693 4663 batacaelestibus
737 4609 894 4664 aulis.
945 4609 1263 4665 Universum
1307 4612 1448 4666 enim
1490 4610 1618 4665 illud
1646 4612 1799 4666 thea-

216 4709 358 4754 trum
372 4701 667 4757 incredibili
693 4702 872 4758 laetitia
897 4703 1080 4759 afﬁcit.
1103 4704 1229 4760 Haec
1247 4715 1330 4759 est
1343 4704 1499 4774 digna
1519 4705 1665 4760 caelis
1684 4721 1802 4775 pre-

213 4794 398 4859 catio;
427 4793 542 4850 hac
564 4805 647 4850 est
671 4795 845 4866 lingua
872 4796 1202 4866 angelorum,
1233 4797 1449 4867 quando
1476 4797 1608 4851 nihil
1638 4813 1796 4852 acer--

214 4886 368 4953 bum,
397 4886 630 4954 jucunda
653 4896 828 4942 autem
853 4890 1030 4943 omnia
1062 4889 1334 4959 loquitur:
1375 4890 1586 4959 quando
1614 4905 1708 4960 pro
1733 4891 1799 4945 iis

219 4977 310 5047 qui
335 4977 584 5047 injuriam
614 4988 668 5032 et
691 4978 944 5033 damnum
977 4979 1248 5047 inferunt,
1277 4982 1424 5036 venit
1471 4983 1797 5052 supplicans,

222 5077 351 5127 tunc
399 5072 615 5126 adstant
662 5073 822 5126 etiam
847 5073 1019 5143 angeli
1050 5089 1244 5142 magno
1272 5073 1552 5130 audientes
1577 5090 1696 5130 cum
1723 5075 1800 5129 si-

218 5162 408 5227 lentio,
434 5172 490 5218 et
543 5173 819 5233 postquam
852 5164 994 5235 loqui
1023 5165 1262 5228 desierit,
1312 5165 1651 5235 applaudere,
1683 5165 1801 5220 lau-

218 5254 368 5321 dare,
400 5255 650 5309 admirari
673 5270 778 5310 non
807 5266 1037 5312 cessant.
1075 5257 1256 5312 Talem
1301 5273 1400 5314 nos
1433 5273 1642 5328 quoque
1668 5257 1800 5317 alle-

219 5363 402 5402 ramus
429 5349 746 5415 orationem,
769 5358 825 5404 et
845 5351 1064 5405 omnino
1092 5351 1456 5405 exaudiemur.
1490 5351 1558 5404 Et
1583 5352 1800 5422 quando

218 5439 286 5493 ad
333 5441 502 5496 Deum
533 5440 867 5506 accedimus,
899 5458 968 5497 ne
1018 5457 1137 5498 esse
1187 5443 1552 5498 existimemus
1589 5444 1803 5513 vulgare

223 5535 510 5598 theatrum,
541 5531 635 5588 sed
664 5548 728 5588 ex
767 5534 1014 5588 universo
1043 5533 1171 5589 orbe
1191 5543 1475 5600 terrarum,
1508 5536 1590 5590 vel
1626 5537 1802 5604 potius

225 5635 283 5686 es
306 5625 557 5696 supernis
579 5625 788 5696 populis
815 5625 1120 5683 cmlestibus
1147 5626 1429 5683 collectum
1461 5645 1472 5681 :
1511 5637 1566 5683 et
1602 5628 1800 5699 Regem

285 5806 300 5832 ι
338 5808 475 5866 Reg,
502 5802 640 5864 dare,
664 5815 769 5867 pro,
788 5803 966 5867 facere.

1207 5864 1275 5891 ξεν
1285 5878 1303 5890 ι.

1887 450 1940 505 in
1967 454 2146 508 medio
2190 455 2399 524 sedere,
2430 458 2749 526 precationis
2776 471 2973 517 nostra!
3018 461 3296 519 audienda
3319 468 3468 534 rupi-

1883 541 2033 597 dum.
2064 546 2134 598 At
2159 545 2412 603 faciamus
2438 558 2493 602 ut
2513 564 2601 604 res
2625 551 2696 604 sit
2719 561 3021 622 comparata
3043 554 3110 609 ad
3139 554 3473 611 demonstra-

1888 634 2108 690 tionem.
2165 637 2352 693 Nullus
2397 640 2467 694 sit
2515 641 2858 710 citharoedus,
2896 646 3074 701 nullus
3123 646 3344 718 lyriceu,
3376 649 3465 718 qui

1887 727 1957 783 ita
1979 745 2038 784 se
2062 740 2314 786 exerceat
2342 747 2557 788 scenam
2611 735 2968 805 ingressurus,
3019 738 3216 795 timens
3249 756 3315 796 ne
3341 739 3468 809 quid

1889 820 2107 877 insuave
2155 831 2213 878 et
2255 824 2629 880 inconcinnum
2682 837 2872 891 canat,
2925 838 2982 883 ut
3039 844 3137 885 nos
3181 829 3471 901 ingressuri

1889 912 2158 968 theatrum
2187 917 2519 985 angelorum.
2571 918 2841 974 Plectrum
2867 931 3044 976 autem
3075 923 3147 978 sit
3190 923 3344 978 nobis
3370 923 3472 976 lin-

1886 1019 2010 1074 gua,
2031 1021 2151 1075 qua:
2197 1006 2327 1061 nihil
2366 1007 2735 1078 injucundum,
2763 1010 2859 1066 sed
2890 1027 3233 1067 numerosum
3263 1022 3319 1067 et
3347 1028 3470 1068 mo-

1886 1093 2124 1151 dulatnm
2155 1096 2315 1163 dicat,
2342 1115 2464 1154 cum
2490 1116 2554 1156 ea
2579 1118 2682 1172 qua
2718 1117 2815 1173 par
2833 1113 2917 1158 est
2941 1103 3291 1174 cogitatione;
3319 1115 3374 1160 et
3401 1104 3470 1159 ad

1889 1185 2058 1241 Deum
2082 1189 2425 1257 accedentes,
2470 1202 2740 1262 rogantes,
2772 1202 2827 1248 et
2851 1204 3085 1260 orantes,
3122 1209 3218 1264 pro
3245 1195 3474 1252 inimicis

1889 1277 2020 1332 ﬁdes
2060 1279 2328 1348 pulsemus
2370 1299 2384 1336 :
2421 1282 2493 1338 ita
2535 1284 2676 1339 enim
2733 1299 2831 1355 pro
2883 1286 3038 1341 nobis
3084 1300 3297 1356 quoque
3344 1287 3474 1357 ipsis

1887 1368 2252 1424 exaudiemur.
2975 1401 2977 1404 ⁴

1959 1462 2012 1516 5’.
2053 1461 2272 1532 Injuria:
2297 1467 2575 1521 recordatio
2600 1484 2750 1536 quant
2783 1469 2956 1523 noxia.
2983 1499 3055 1509 —
3079 1469 3205 1524 Haec
3231 1485 3334 1524 vox
3361 1469 3474 1524 dm-

1888 1569 2075 1610 mones
2098 1556 2302 1625 pudore
2327 1559 2512 1621 afﬁcit,
2536 1560 2652 1616 haze
2679 1561 2770 1616 dat
2797 1561 2951 1617 nobis
2977 1563 3196 1617 liberam
3223 1563 3472 1634 loquendi

1887 1655 2242 1715 potestatem;
2291 1649 2406 1705 haec
2451 1651 2656 1722 pudore
2696 1652 2859 1709 afﬁcit
2898 1655 3245 1726 proﬂigatque
3288 1655 3474 1710 diabo-

1888 1738 2019 1793 lum.
2050 1739 2231 1811 Neque
2274 1744 2417 1797 enim
2461 1743 2670 1798 dmmon
2711 1746 2782 1800 ita
2825 1744 3196 1812 eum'meluit,
3221 1747 3311 1818 qui
3349 1762 3471 1801 eum

1890 1831 2107 1899 expellit
2125 1840 2179 1887 et
2201 1832 2343 1902 ejicit
2370 1849 2434 1889 ex
2462 1835 2569 1890 alio
2598 1835 2832 1901 homine,
2853 1846 2910 1892 ut
2934 1837 3205 1893 hominem
3227 1839 3315 1907 qui
3338 1838 3473 1892 iram

1888 1922 2073 1989 vincit,
2103 1931 2158 1977 et
2181 1924 2359 1979 animo
2379 1924 2606 1994 imperat
2638 1944 2652 1981 :
2685 1941 2807 1980 nam
2837 1926 2940 1981 hoc
2966 1927 3137 1998 ipsum
3163 1942 3373 1999 quoque
3394 1936 3477 1983 est

1889 2029 2064 2070 saevus
2089 2015 2297 2071 dannon
2321 2057 2337 2082 ,
2369 2027 2422 2072 et
2452 2019 2570 2073 irati
2611 2021 2789 2090 potius
2829 2034 2989 2089 quam
3028 2020 3117 2090 qui
3158 2035 3188 2074 a
3231 2019 3477 2076 daemone

1889 2117 2169 2171 vexantur,
2192 2109 2372 2164 miseri
2393 2109 2603 2165 dicendi
2620 2120 2762 2165 sunt.
2780 2111 2827 2165 A
2842 2109 3087 2166 daamone
3106 2111 3248 2166 enim
3269 2110 3474 2175 vexari,

1894 2213 2000 2252 non
2028 2199 2265 2254 immittit
2291 2200 2342 2254 in
2369 2200 2668 2270 gehennam
2703 2219 2717 2256 :
2746 2201 2902 2257 irasci
2927 2211 3128 2267 autem,
3160 2211 3214 2257 et
3241 2211 3476 2270 accepta:

1893 2291 2100 2358 injuria)
2136 2294 2442 2348 meminisse
2461 2335 2475 2359 ,
2513 2294 2730 2363 expellit
2757 2295 2824 2349 ab
2861 2295 2978 2365 ipso
3009 2311 3174 2364 regno
3201 2295 3475 2349 ett-lorum.

1891 2381 1946 2438 Si
1974 2384 2268 2440 orationem
2300 2386 2369 2439 ita
2397 2388 2887 2455 temperaverimns,
2912 2387 3201 2455 poterimus
3227 2400 3324 2440 nos
3345 2400 3482 2455 quo-

1891 2496 1996 2550 que
2041 2479 2152 2533 Deo
2197 2477 2422 2534 ﬁdenter
2461 2477 2684 2533 dicere:
2714 2477 2921 2533 Exaudi
2970 2480 3244 2532 orationem
3292 2494 3474 2531 meum.

1893 2573 2070 2639 Quare
2111 2585 2214 2624 non
2243 2570 2413 2625 solum
2441 2570 2667 2640 teipsum
2688 2571 2900 2641 juvabis
2928 2579 2982 2624 et
3020 2570 3360 2640 promovebis
3389 2580 3476 2625 tua

1893 2662 2300 2732 supplicatione,
2328 2661 2422 2717 sed
2455 2661 2620 2716 Deum
2652 2663 2812 2717 etiam
2840 2662 3140 2717 audientem
3166 2662 3477 2726 delectabis,

1897 2767 1951 2808 ut
1978 2755 2066 2825 qui
2089 2754 2204 2824 ejus
2233 2753 2512 2825 prmceptis
2541 2754 2740 2824 aliquid
2766 2753 2982 2824 dignum
3010 2763 3159 2824 petas
3187 2773 3200 2808 :
3231 2755 3477 2824 quocirca

1893 2847 2052 2901 etiam
2085 2846 2238 2901 facile
2276 2853 2495 2919 annuet.
2524 2845 2637 2900 Hoc
2666 2845 2753 2900 illa
2779 2845 3064 2915 adoptione
3092 2844 3309 2914 dignum
3351 2853 3433 2899 est
3462 2861 3478 2898 :

1897 2937 1999 2992 hoc
2027 2938 2174 2992 illum
2218 2938 2445 2992 maxime
2469 2937 2833 2993 characterem
2875 2936 3126 2993 ostendit.
3151 2935 3358 2998 Estote,
3391 2935 3478 2988 in-

1896 3031 2031 3100 quit,
2057 3029 2421 3093 misericordes,
2450 3029 2594 3083 sicut
2614 3038 2660 3083 et
2683 3027 2844 3084 Pater
2870 3038 3026 3083 vester
3048 3029 3133 3098 qui
3157 3037 3229 3082 est
3256 3027 3309 3080 in
3343 3027 3482 3082 colis

1898 3119 2047 3191 (Luc.
2082 3120 2136 3173 6.
2166 3119 2257 3188 56)
2283 3135 2297 3180 ;
2330 3128 2383 3174 et
2409 3133 2595 3174 rursus
2622 3135 2635 3172 :
2669 3117 2822 3173 Orate
2846 3135 2938 3188 pro
2963 3119 3024 3172 iis
3047 3119 3134 3187 qui
3159 3118 3294 3172 vobis
3315 3117 3479 3171 insul-

1897 3222 2022 3276 tant,
2039 3220 2093 3266 ut
2112 3212 2220 3267 sitis
2246 3211 2432 3266 similes
2450 3209 2623 3264 Patris
2649 3211 2814 3276 vestri,
2842 3213 2928 3281 qui
2953 3220 3026 3264 est
3040 3211 3092 3264 in
3109 3211 3244 3265 ca'lis
3265 3209 3477 3282 (Matth.

1898 3307 1950 3361 5.
1981 3305 2051 3364 44
2070 3303 2114 3377 ).
2145 3303 2281 3371 Quid
2304 3318 2433 3373 ergo
2461 3312 2634 3374 petest
2661 3318 2782 3358 cum
2813 3303 2912 3356 hac
2939 3301 3180 3358 oratimie
3202 3304 3432 3357 conferri
3455 3303 3480 3355 ’ἶ

1900 3397 2025 3452 Hzec
2068 3415 2172 3451 non
2200 3396 2399 3467 angelis
2437 3411 2537 3452 nec
2568 3397 2920 3467 arcliaugelis,
2951 3397 3041 3451 sed
3075 3397 3170 3466 ipsi
3200 3396 3330 3467 Regi
3359 3396 3482 3450 facit

1897 3490 2145 3545 similem.
2169 3491 2267 3556 Qui
2297 3500 2474 3545 autem
2502 3489 2653 3559 Regi,
2683 3497 2936 3559 quantum
2978 3489 3122 3555 licet,
3154 3489 3308 3542 fuerit
3335 3486 3483 3542 simi-

1899 3581 1986 3644 lis,
2017 3580 2293 3636 considera
2322 3592 2514 3650 quanta
2541 3591 2715 3635 utetur
2742 3579 2931 3635 ﬁducia
2959 3590 3013 3634 et
3041 3579 3288 3649 loquendi
3324 3578 3483 3634 liber-

1901 3682 2008 3728 tate
2035 3675 2085 3727 in
2111 3672 2459 3730 orationibus.
2486 3674 2537 3726 5.
2569 3671 2690 3725 Filii
2730 3672 2989 3725 hominum
3009 3713 3023 3736 ,
3046 3689 3301 3742 quousque
3342 3672 3483 3742 gravi

1899 3765 2085 3818 corde?
2115 3763 2180 3818 Ut
2218 3763 2341 3833 quid
2379 3763 2587 3834 diligitis
2620 3763 2923 3826 vanitatem,
2952 3771 2999 3815 et
3023 3763 3243 3830 quwritis
3279 3763 3484 3815 menda-

1899 3857 2031 3908 cium
2049 3855 2074 3908 ?
2091 3854 2170 3909 Ad
2196 3869 2454 3924 quosnam
2472 3853 2649 3924 dirigit
2673 3855 2972 3910 orationem
3007 3864 3059 3907 et
3088 3853 3342 3922 increpat,
3366 3853 3484 3906 sul»

1895 3948 2173 4019 jungitque
2199 3945 2519 4004 consilium?
2543 3960 2802 4014 quosnam
2832 3955 2982 4000 vocat
3007 3945 3142 4000 lilios
3168 3945 3486 3999 hominum?

1900 4041 2007 4096 Eos
2027 4041 2116 4111 qui
2146 4040 2329 4094 vivunt
2366 4040 2420 4095 in
2453 4038 2790 4109 improbitate
2809 4080 2824 4104 ,
2855 4038 2944 4109 qui
2972 4045 3097 4093 sunt
3131 4037 3391 4108 proclives
3415 4035 3480 4091 ad

1900 4118 2210 4206 nequitiam.
2239 4133 2633 4202 Quamobrem?
2660 4147 2758 4187 nos
2799 4132 2942 4188 enim
2983 4147 3160 4185 annon
3191 4130 3282 4184 ﬁlii
3310 4129 3484 4184 humi-

1901 4227 2062 4282 num?
2088 4226 2283 4280 Natura
2307 4225 2520 4292 quidem
2544 4224 2816 4278 hominum
2841 4223 2951 4288 ﬁlii,
2979 4223 3145 4292 gratia
3170 4232 3346 4277 autem
3375 4236 3480 4275 non

1900 4317 2162 4388 amplius,
2203 4317 2296 4373 sed
2327 4317 2418 4371 Dei
2447 4317 2561 4372 ﬁlii.
2594 4315 2650 4372 Si
2680 4330 2807 4385 ergo
2848 4315 3006 4368 etiam
3039 4313 3153 4383 ejus
3201 4313 3483 4383 imaginem

1901 4425 2020 4480 qua:
2063 4417 2146 4462 est
2194 4407 2484 4463 secundum
2533 4407 2778 4461 virtutem
2820 4405 3310 4460 conservaverimus
3335 4445 3348 4464 ,
3386 4403 3486 4457 erit

1903 4501 2056 4556 nobis
2099 4499 2296 4554 donum
2343 4500 2602 4568 integrum
2637 4514 2650 4550 :
2681 4511 2774 4551 eos
2803 4496 2942 4550 enim
2979 4495 3067 4564 qui
3108 4494 3200 4550 Dei
3245 4495 3335 4549 ﬁlii
3365 4493 3484 4549 facti

1904 4606 2028 4651 sunt
2073 4610 2166 4664 per
2202 4593 2424 4663 gratiam
2455 4633 2467 4654 ,
2497 4591 2657 4646 etiam
2687 4605 2784 4658 per
2813 4588 2931 4642 vitae
2958 4605 3068 4643 sua:
3098 4585 3482 4642 institutionem

1905 4703 2022 4742 eam
2065 4692 2279 4755 oportet
2328 4683 2610 4751 imaginem
2653 4679 2971 4750 exprimere.
3005 4678 3154 4746 Quod
3184 4687 3360 4732 autem
3392 4692 3485 4729 eos

1905 4781 1993 4850 qui
2021 4778 2140 4832 vine
2164 4777 2306 4834 curis
2330 4776 2448 4845 plus
2470 4773 2632 4828 dediti
2660 4782 2803 4837 sunt,
2827 4781 2882 4827 et
2906 4772 2972 4826 ad
3000 4772 3181 4826 vitium
3210 4770 3484 4840 propensi,

1906 4880 2058 4926 vocat
2099 4869 2233 4923 lilios
2270 4867 2576 4931 hominum,
2607 4864 2727 4919 audi
2764 4881 2777 4916 :
2817 4863 3048 4916 Videntes
3073 4871 3238 4916 autem
3268 4862 3360 4926 ﬁlii
3395 4859 3486 4913 Dei

1906 4964 2040 5033 ﬁlias
2063 4961 2317 5014 hominum
2340 4957 2561 5019 (Geu.6.
2591 4955 2669 5028 9.).
2691 4956 2846 5025 Atqui
2878 4955 3224 5018 contrarium,
3255 4952 3484 5022 inquies,

1906 5056 2107 5112 dixisti.
2137 5053 2483 5123 Nequaquam
2514 5069 2528 5105 :
2559 5051 2651 5105 Dei
2691 5050 2832 5104 enim
2878 5049 3012 5102 lilios
3043 5047 3129 5101 hic
3163 5046 3366 5100 vocavit
3393 5059 3489 5100 eos

1905 5148 1993 5218 qui
2037 5157 2189 5202 antea
2221 5130 2286 5200 ex
2315 5143 2442 5197 viris
2461 5142 2616 5197 bonis
2645 5139 2754 5195 nati
2783 5138 3007 5205 fuerant,
3038 5147 3089 5193 et
3119 5152 3149 5191 a
3175 5137 3286 5192 Deo
3314 5135 3486 5190 bono-

1905 5258 2018 5297 rcm
2054 5246 2426 5311 perceperant,
2455 5234 2647 5291 deinde
2677 5232 2863 5288 mutati
2887 5240 3039 5286 erant
3061 5271 3076 5296 ,
3110 5239 3165 5285 et
3209 5236 3490 5284 evaserant

1906 5331 2200 5388 deteriores
2223 5371 2238 5390 ,
2264 5341 2526 5396 suumque
2556 5325 2812 5379 honorem
2845 5322 3200 5391 perdiderant.
3236 5320 3306 5375 Ut
3341 5319 3484 5373 enim

1909 5423 2075 5493 magis
2120 5419 2467 5488 ampliﬁcaret
2511 5431 2695 5470 eorum
2748 5413 3256 5483 reprehensionem,
3298 5425 3485 5465 eorum

1910 5516 2162 5571 honorem
2203 5510 2549 5573 memoravit,
2578 5508 2865 5562 maximum
2907 5522 3027 5561 esse
3064 5506 3263 5560 crimen
3306 5511 3488 5558 osten-

1908 5608 2061 5672 dens,
2093 5604 2232 5674 quod
2260 5619 2380 5658 cum
2413 5601 2545 5655 tales
2585 5609 2798 5664 essent,
2839 5609 2893 5653 et
2922 5597 3024 5652 orti
3055 5612 3119 5650 ex
3160 5593 3354 5648 talibus
3379 5634 3392 5659 ,
3420 5593 3487 5648 ad

1912 5709 2107 5754 tantam
2160 5712 2218 5752 se
2271 5679 2690 5766 prmcipitassent
2719 5691 3143 5760 improbitatem.
3197 5687 3261 5741 Et
3303 5680 3491 5740 rursus

1922 5795 2060 5851 Deus
2085 5811 2096 5847 :
2125 5791 2235 5863 Ego
2265 5790 2391 5858 dixi,
2426 5787 2511 5846 Dii
2537 5787 2674 5856 estis,
2705 5794 2750 5840 et
2775 5783 2870 5855 ﬁlii
2898 5780 3138 5839 Altissimi
3164 5793 3352 5836 onmts.
3390 5774 3491 5832 Vos
