4074 6356
537 314 604 369 47
1283 307 1340 362 S.
1365 302 1644 362 JOAN‘NIS
1679 293 2144 358 CHRYSOSTOMI
2181 296 2495 354 ARCIllEP.
2534 295 3056 355 CONSTANTINOP.
3729 295 3799 352 48

535 441 700 482 autem
729 435 784 482 ttt
807 427 1030 479 homines
1067 425 1320 477 morimini
1349 421 1370 495 (
1397 421 1537 478 Psal.
1562 423 1652 476 81.
1681 421 1750 476 67
1768 419 1909 492 ).-Ει
1943 418 2118 474 consi-

537 520 664 574 dera
690 517 962 588 prephetze
984 514 1482 584 prudentiamJJum
1509 513 1654 582 prius
1683 510 2002 566 ostendisset
2023 507 2116 562 Dei

541 608 853 678 potentiam,
874 607 1196 663 facultatem.
1219 605 1510 667 solertiam,
1535 603 1908 673 benignitatem
1931 608 1986 654 et
2006 599 2117 654 cle-

540 699 792 753 mentiam
816 737 832 763 ,
865 697 1006 767 quod
1050 698 1102 750 in
1130 697 1415 750 afﬂictione
1439 695 1662 758 dilatet,
1691 692 1830 763 quod
1859 691 2119 746 miserans

539 796 738 842 annuat
759 802 775 839 :
796 786 992 842 deinde
1019 787 1258 855 cogitans
1277 785 1504 842 effusum
1525 786 1578 840 in
1604 783 1908 839 hominibus
1932 782 2120 837 vitium

537 891 592 935 et
636 879 969 951 tyrannidem
1014 879 1296 948 impietatis
1328 895 1344 934 :
1375 886 1643 948 tamquam
1689 876 1852 931 animi
1892 889 2123 930 maerore

543 970 831 1026 suffocatus
851 1010 868 1034 ,
896 971 1162 1025 convertit
1205 985 1507 1026 sermonem
1533 971 1600 1024 ad
1640 983 1734 1026 eos
1762 968 1854 1040 qui
1899 968 1952 1022 in
1981 966 2122 1022 vitiis

546 1065 704 1118 vitam
727 1064 944 1134 degunt,
963 1062 1342 1132 propemodum
1365 1061 1722 1116 dicens:Cum
1744 1060 1902 1116 talem
1929 1058 2128 1114 habea-

548 1157 614 1208 tis
660 1155 824 1208 Deum
848 1193 866 1218 ,
904 1152 1040 1208 adeo
1078 1154 1364 1224 benignum
1385 1193 1401 1218 ,
1429 1153 1564 1208 adeo
1605 1152 1923 1208 clementem
1946 1191 1963 1216 ,
1991 1149 2127 1204 adeo

550 1253 841 1312 potentem,
869 1244 1136 1314 quomodo
1159 1244 1464 1298 declinastis
1502 1243 1569 1298 ad
1599 1243 1968 1313 impietatem?
1994 1239 2128 1295 Vide

548 1346 726 1390 autem
744 1344 941 1404 quanta
969 1335 1043 1390 ira
1074 1335 1228 1388 simul
1253 1344 1307 1390 et
1327 1334 1770 1404 lenitate,quanta
1794 1329 2128 1403 philosophia

549 1427 841 1481 admonitio
867 1427 1021 1497 plena
1053 1427 1142 1482 sit.
1171 1426 1307 1494 Quid
1330 1427 1470 1480 enim
1497 1425 1664 1481 dicit?
1691 1423 1815 1479 Filii
1845 1424 2126 1486 hominum,

550 1535 806 1589 quousque
831 1519 972 1590 graui
997 1520 1150 1572 corde
1168 1519 1194 1572 ?
1219 1519 1329 1572 Hoc
1357 1526 1439 1573 est
1465 1517 1580 1585 ejus
1605 1517 1694 1586 qui
1723 1516 1956 1586 graviter
1981 1516 2131 1569 inve-

555 1609 700 1663 nitur
724 1609 883 1663 etiam
910 1623 975 1663 ex
1001 1609 1258 1678 temporis
1281 1606 1650 1662 diuturnitate.
1675 1605 1732 1661 Si
1751 1605 1892 1660 enim
1921 1603 2014 1658 Dei
2041 1603 2134 1658 be-

556 1700 892 1757 neficentiam
935 1701 1004 1756 ab
1043 1699 1194 1755 initio
1237 1714 1343 1754 non
1390 1697 1756 1754 considerasse
1800 1697 1972 1753 scelus
2004 1707 2134 1752 est:

556 1807 718 1862 quam
745 1791 954 1846 veniam
984 1799 1372 1862 consequetur,
1399 1790 1488 1860 qui
1515 1789 1657 1844 circa
1689 1789 1964 1843 veritatem
1995 1795 2134 1842 tam-

557 1881 649 1938 diu
673 1883 952 1938 excutiat?
970 1882 1107 1951 Quid
1128 1891 1210 1938 est
1231 1893 1431 1949 autem,
1462 1896 1581 1937 esse
1603 1881 1755 1952 gravi
1779 1879 1984 1935 corde?
2005 1878 2140 1935 Gra-

557 1987 651 2028 ves
679 1973 842 2028 corde
870 1983 1031 2040 sunt,
1062 1973 1155 2044 qui
1183 1981 1308 2027 sunt
1334 1988 1520 2028 crasso
1547 1972 1710 2028 corde
1729 2014 1742 2036 ,
1772 1971 2034 2036 carnales,
2062 1969 2140 2024 af-

563 2065 649 2118 tixi
672 2075 848 2126 terrm.
864 2065 1048 2118 vitium
1073 2075 1376 2134 sequentes,
1394 2064 1783 2133 improbitatem
1803 2072 2137 2127 exercentes,

563 2156 779 2210 libidine
816 2167 868 2211 et
907 2157 1178 2225 voluptate
1215 2157 1450 2226 corrupti
1477 2173 1490 2207 :
1520 2156 1638 2210 talis
1665 2155 1808 2211 enim
1836 2155 1996 2210 homo
2023 2170 2138 2210 ear-

566 2247 718 2299 nalis.
751 2247 814 2300 Et
832 2247 990 2300 vitam
1020 2261 1204 2301 eorum
1235 2246 1653 2316 reprehendens,
1683 2244 1918 2301 ostendit
1939 2244 2142 2300 fontem

568 2337 854 2409 impietatis
873 2378 888 2403 ,
919 2337 1220 2408 significans
1245 2337 1348 2392 hoc
1386 2337 1464 2392 eis
1501 2352 1622 2393 esse
1656 2337 1888 2392 maximo
1917 2336 2143 2406 impedi-

570 2441 782 2497 mento,
814 2433 1097 2502 quominus
1126 2431 1191 2486 ad
1229 2431 1333 2486 alta
1367 2431 1613 2501 dogmata
1642 2430 1970 2500 perveniant.
2001 2429 2146 2484 Nihil

570 2522 710 2576 enim
739 2537 834 2576 cor
859 2521 995 2577 adeo
1021 2530 1302 2593 aggravat,
1335 2531 1392 2578 ut
1436 2522 1600 2577 libido
1628 2521 1764 2577 mala
1783 2562 1800 2587 ,
1831 2536 1896 2577 ac
1923 2521 2146 2576 secula-

571 2611 708 2665 riutn
755 2620 1191 2682 terrenarumque
1237 2628 1414 2667 rerum
1468 2627 1595 2668 cura
1639 2611 1995 2682 studiumque.
2045 2609 2151 2666 Cor

574 2700 872 2770 hujusmodi
905 2717 1009 2756 non
1049 2702 1310 2758 erraverit
1336 2702 1426 2773 qui
1455 2702 1655 2758 luteum
1683 2701 2064 2772 appellaverit;
2097 2709 2152 2756 et

575 2793 696 2848 ideo
721 2794 772 2848 id
800 2809 960 2864 grave
991 2795 1231 2860 vocavit;
1265 2804 1318 2850 et
1338 2795 1388 2850 id
1415 2795 1553 2851 dixit
1577 2810 1699 2850 esse
1726 2811 1938 2851 causam
1979 2796 2151 2849 malo-

576 2899 713 2951 rum,
745 2884 888 2955 quod
937 2900 1056 2940 cum
1100 2888 1296 2957 auriga:
1339 2885 1513 2943 locum
1556 2895 1774 2954 teneat,
1823 2902 1928 2940 non
1979 2888 2153 2942 solum

575 2990 770 3044 equum
801 2974 1020 3031 habenis
1062 2993 1168 3032 non
1205 2979 1452 3035 cohibeat
1471 3020 1486 3046 ,
1513 2979 1606 3034 sed
1631 2978 1790 3034 etiam
1814 2994 1933 3036 cum
1959 2993 2024 3034 eo
2051 2987 2158 3032 tra-

579 3064 738 3120 hente
779 3065 1025 3122 deorsum
1070 3069 1461 3138 praecipitetur;
1490 3085 1718 3141 cumque
1759 3078 1999 3140 oporteat
2033 3084 2156 3124 car-

581 3171 704 3209 nem
731 3155 830 3212 alis
855 3157 1138 3223 instruere,
1167 3159 1445 3214 sublimem
1466 3175 1646 3231 agere.
1666 3171 1721 3217 et
1745 3159 1797 3215 iu
1819 3161 2009 3216 cmlum
2037 3176 2156 3216 sus-

585 3247 792 3312 tollere,
824 3263 885 3304 ea
911 3263 1030 3304 cum
1077 3251 1446 3320 aegritudinum
1476 3253 1789 3322 gravissimo
1817 3268 1978 3309 onere
2001 3253 2160 3308 deor-

582 3354 699 3392 sum
743 3356 847 3395 una
883 3339 1230 3410 deprimatur.
1260 3343 1483 3412 Quando
1523 3360 1652 3415 engo
1678 3346 1764 3401 vel
1812 3346 2028 3416 auriga,
2070 3345 2158 3400 vel

583 3431 904 3500 gubernator
945 3435 1064 3488 talis
1103 3434 1292 3502 fuerit,
1321 3451 1562 3504 quamam
1587 3445 1670 3492 est
1696 3451 1819 3507 spes
1846 3437 2068 3493 salutis?
2091 3437 2163 3494 Ut

587 3522 798 3590 quando
821 3523 966 3589 dicit,
989 3526 1048 3580 Si
1069 3526 1157 3579 lux
1177 3542 1289 3596 qua:
1316 3530 1369 3580 in
1391 3537 1437 3581 te
1459 3537 1552 3593 est,
1571 3528 1783 3582 tenebras
1805 3541 1941 3594 sunt,
1961 3539 2163 3599 quantm

587 3623 703 3666 sunt
730 3614 942 3668 tenebrae
970 3615 1193 3685 (Matth.
1225 3618 1280 3673 6.
1309 3616 1443 3686 23)?
1471 3618 1694 3684 Quando
1721 3626 1805 3674 est
1841 3618 2164 3688 gubernator

588 3703 768 3758 ebrius
789 3744 804 3769 ,
835 3714 892 3760 et
916 3705 1169 3760 ﬂuctuum
1195 3722 1258 3762 ac
1279 3717 1560 3763 ventorum
1591 3708 1826 3764 imitatur
1851 3709 2160 3764 inconstan-

592 3795 739 3857 tiam,
767 3797 1034 3864 quouiodo
1061 3798 1209 3854 navis
1236 3799 1574 3853 servabitur?

662 3888 716 3942 6.
756 3887 892 3954 Quid
926 3905 1053 3958 ergo
1089 3899 1262 3960 potest
1302 3891 1471 3946 levem
1497 3891 1726 3945 animam
1765 3890 2017 3946 ellieere?
2045 3890 2164 3946 Vita

593 3978 869 4044 mirabilis,
895 3980 938 4033 si
966 3980 1031 4034 ad
1063 3981 1256 4034 nullam
1287 3997 1464 4036 rerum
1495 3981 1649 4051 hujus
1677 3983 1800 4036 vita:
1827 3983 2123 4052 aspiremus
2145 4022 2161 4048 ,

595 4083 693 4122 nec
722 4068 942 4138 pedibus
965 4070 1249 4140 quidquam
1267 4073 1543 4142 alligemus
1564 4087 1748 4128 eorum
1769 4088 1887 4144 qua:
1914 4072 2162 4128 deorsum

592 4171 650 4214 et
678 4159 935 4228 feruntur,
966 4172 1018 4217 et
1048 4161 1240 4216 ferunt.
1264 4163 1346 4217 Ex
1374 4164 1684 4232 corporibus
1707 4164 1850 4218 enim
1879 4163 1983 4218 alia
2011 4163 2170 4219 deor-

594 4265 712 4304 sum
742 4249 866 4305 ferri
895 4251 1086 4318 solent,
1113 4261 1170 4307 ut
1197 4253 1420 4322 lapides,
1451 4254 1608 4324 ligna,
1641 4261 1698 4308 et
1721 4269 1840 4324 quae
1866 4263 1991 4308 sunt
2026 4253 2170 4324 ej'us-

598 4341 771 4408 modi;
802 4343 903 4397 alia
934 4360 1061 4400 vero
1096 4360 1339 4413 sursum,
1361 4355 1420 4401 ut
1447 4345 1581 4417 ignis
1599 4385 1616 4414 ,
1642 4347 1886 4416 spiritus,
1913 4353 1970 4401 et
1993 4345 2168 4415 pluma

597 4443 785 4488 natura
827 4450 922 4490 sua
952 4437 1103 4490 levis.
1136 4438 1194 4493 Si
1232 4437 1358 4508 quid
1386 4454 1514 4509 ergo
1542 4454 1728 4495 eorum
1755 4455 1878 4509 qua:
1918 4441 2167 4496 deorsum

595 4521 858 4590 feruntur,
875 4525 923 4579 ei
944 4525 1080 4594 quod
1109 4527 1226 4582 leve
1249 4537 1331 4582 est
1353 4528 1673 4599 alligaveris.
1691 4530 1832 4583 nulla
1861 4538 1944 4584 est
1965 4530 2170 4586 alarum

596 4629 696 4669 nec
725 4615 942 4684 spiritus
969 4619 1202 4685 utilitas,
1235 4634 1357 4674 cum
1398 4621 1650 4685 excedat,
1681 4630 1895 4689 superet
1918 4633 1974 4677 et
1997 4623 2173 4677 vincat

593 4707 844 4775 gravitas.
873 4706 948 4762 lta
986 4709 1143 4764 etiam
1177 4711 1220 4764 si
1249 4711 1366 4779 quis
1386 4712 1547 4781 pedes
1573 4712 1816 4766 habuerit
1837 4723 2168 4782 aggravatos,

594 4796 681 4850 vel
727 4809 945 4868 propter
989 4802 1157 4856 malos
1200 4801 1478 4856 afﬂuentes
1519 4802 1806 4870 humores,
1835 4803 1919 4858 vel
1957 4811 2174 4872 propter

595 4886 756 4942 aliam
786 4891 1171 4960 aegritudinem,
1203 4893 1331 4947 nihil
1355 4909 1476 4948 eum
1503 4894 1717 4962 juverit,
1743 4894 1788 4949 si
1815 4894 1886 4949 sit
1910 4894 2173 4964 reliquum

595 4995 794 5051 corpus
832 4982 968 5038 leve.
995 4985 1048 5039 Si
1075 4995 1252 5039 autem
1283 4985 1385 5040 hoc
1412 4993 1496 5039 est
1535 4986 1586 5038 in
1633 4985 1944 5054 corporibus
1963 5026 1978 5051 ,
2005 4986 2175 5040 multo

597 5075 766 5144 magis
792 5075 845 5129 in
872 5074 1052 5130 corde.
1083 5075 1162 5130 Ne
1187 5076 1348 5144 igitur
1375 5074 1500 5129 illud
1534 5090 1898 5146 aggravemus,
1931 5090 1999 5130 ne
2037 5075 2176 5132 sicut

599 5168 804 5238 navigia
823 5207 842 5234 ,
867 5184 986 5238 qua:
1015 5167 1236 5222 nimium
1269 5167 1463 5222 habent
1489 5169 1729 5223 saburra:
1755 5209 1770 5231 .
1811 5169 2173 5239 demergatur.

600 5257 658 5312 In
683 5267 865 5314 nostra
893 5258 1036 5314 enim
1067 5259 1170 5314 hoc
1195 5267 1455 5330 petestate
1482 5260 1640 5314 situm
1662 5269 1764 5316 est.
1791 5259 1909 5315 Non
1928 5261 2071 5315 enim
2093 5268 2177 5314 ta-

601 5349 666 5405 lis
690 5360 777 5407 est
797 5361 1005 5418 natura,
1031 5353 1125 5408 sed
1147 5352 1264 5409 leve
1287 5361 1344 5408 et
1368 5367 1578 5408 sursum
1597 5351 1821 5409 tendens
1839 5352 2038 5408 factum
2058 5361 2172 5409 est:

602 5455 702 5497 nos
743 5453 919 5498 autem
948 5443 1119 5512 ipsum
1148 5453 1340 5514 praeter
1377 5455 1618 5499 naturam
1655 5459 1817 5514 grave
1853 5443 2098 5510 facimus,
2123 5453 2179 5500 et

602 5531 726 5589 ideo
766 5535 1021 5605 propheta
1057 5535 1433 5606 reprehendit:
1459 5536 1507 5592 si
1545 5545 1722 5591 autem
1751 5545 1934 5590 natura
1966 5537 2070 5591 tale
2091 5551 2180 5592 es-

604 5632 722 5689 set,
752 5640 1084 5698 nequaquam
1128 5627 1576 5697 reprehendisset.
1606 5626 1676 5683 Ut
1717 5643 1845 5698 ergo
1886 5626 2176 5682 secundum

603 5725 854 5777 naturam
876 5721 1188 5792 incedimus,
1215 5721 1308 5780 sed
1336 5724 1380 5779 si
1409 5736 1756 5794 aggravemus
1779 5736 1971 5793 genua,
2001 5737 2088 5779 res
2119 5727 2178 5778 tit

2227 429 2420 488 prmter
2445 432 2684 474 naturain
2706 465 2720 485 ,
2752 437 2871 476 eum
2902 435 3000 474 nos
3024 421 3192 474 simus
3217 415 3495 490 impediti:
3527 416 3596 472 ita
3636 415 3799 470 etiam

2223 511 2277 565 in
2306 511 2527 580 pedibus
2550 513 2765 576 mentis,
2783 527 2975 582 nempe
3004 512 3056 566 in
3077 509 3803 581 cogitationibus,usuveuire

2223 601 2378 656 solet.
2407 600 2473 656 Ut
2515 603 2639 672 quid
2675 604 2884 675 diligitis
2920 603 3204 668 vanitatem,
3246 611 3293 654 et
3325 601 3548 670 queritis
3585 601 3801 653 menda-

2223 695 2398 749 cium?
2449 695 2544 750 l‘lic
2590 695 2892 760 simulacra,
2949 705 3004 751 et
3050 696 3210 750 vitam
3257 694 3548 763 improbam
3592 693 3799 748 videtur

2226 787 2357 840 mihi
2383 786 2580 841 dicere.
2612 787 2818 842 Vanum
2865 787 3007 841 enim
3037 785 3165 840 illud
3194 784 3388 839 dicitur
3422 782 3565 855 quod
3600 791 3683 836 est
3709 796 3803 835 va-

2226 892 2407 940 cuum,
2432 877 2644 946 quando
2667 893 2860 934 nomen
2886 878 3097 949 quidem
3129 875 3304 942 fuerit,
3332 890 3420 930 res
3446 887 3803 944 nequaquam.

2227 967 2302 1023 Ita
2330 968 2469 1038 apud
2495 967 2709 1024 Graecos
2736 970 2947 1024 nomina
2972 968 3186 1040 quidem
3227 967 3448 1022 deorum
3481 965 3644 1021 multa
3667 1005 3683 1032 ,
3714 980 3800 1020 res

2227 1074 2358 1115 vero
2385 1061 2639 1126 minime;
2671 1069 2725 1116 et
2771 1060 2824 1115 in
2874 1059 2992 1115 aliis
3035 1059 3322 1114 similiter:
3357 1074 3549 1112 nomen
3595 1056 3804 1111 divitia-

2228 1168 2368 1217 rum,
2400 1167 2488 1208 res
2517 1163 2692 1208 autem
2721 1153 2971 1218 minime;
3003 1158 3057 1207 et
3099 1166 3290 1206 nomen
3319 1149 3533 1221 glorire,
3564 1163 3652 1204 res
3676 1163 3806 1204 vero

2230 1243 2482 1306 minime;
2511 1259 2704 1298 nomen
2730 1243 2998 1314 potentiae,
3025 1251 3077 1296 et
3105 1251 3343 1297 remanet
3371 1239 3545 1296 solum
3588 1255 3804 1293 nomen.

2231 1336 2360 1403 Quis
2385 1347 2466 1390 est
2489 1351 2617 1405 ergo
2641 1335 2773 1389 adeo
2797 1349 3004 1399 excors,
3034 1343 3090 1389 ut
3111 1341 3312 1404 quaerat
3333 1333 3544 1386 nomina
3569 1347 3688 1400 qua:
3716 1344 3807 1385 re-

2233 1429 2333 1483 bus
2355 1427 2711 1482 destituuntur
2729 1468 2744 1492 ,
2775 1437 2823 1481 et
2853 1435 3200 1497 persequatur
3228 1425 3433 1491 inania,
3459 1439 3576 1495 qua:
3599 1429 3812 1492 oportet

2234 1520 2454 1590 fugere?
2473 1521 2662 1574 Annon
2685 1519 2806 1573 vita:
2825 1519 3118 1587 voluptates
3139 1526 3191 1572 et
3213 1517 3489 1572 felicitates
3511 1515 3639 1570 tales
3657 1515 3809 1570 sunt?

2236 1628 2414 1668 nonne
2441 1613 2617 1666 omnia
2639 1612 2980 1676 mentiuntur,
2998 1622 3052 1666 et
3076 1611 3390 1680 decipiunt?
3414 1609 3632 1665 Etiamsi
3657 1610 3811 1664 dixe.

2237 1705 2314 1761 ris
2331 1705 2569 1774 gloriam,
2593 1703 2800 1759 etiamsi
2822 1703 3052 1766 divitias,
3076 1703 3283 1757 etiamsi
3308 1701 3611 1772 potentiam,
3634 1699 3813 1754 omnia

2237 1806 2360 1850 sunt
2385 1795 2609 1849 vanitas.
2642 1795 2708 1849 Et
2745 1793 2865 1849 ideo
2888 1794 3020 1848 dixit
3049 1790 3435 1848 Ecclesiastes:
3474 1789 3686 1845 Vanitas
3722 1805 3816 1844 oa-

2239 1885 2469 1948 nitatum,
2494 1894 2540 1940 et
2563 1885 2730 1938 omnia
2754 1885 2948 1938 vanitas
2969 1883 3185 1954 (Eccles.
3218 1883 3269 1938 ί.
3293 1881 3375 1951 2).
3405 1881 3690 1950 Propterea
3717 1879 3819 1934 do-

2240 1977 2354 2033 lore
2401 1976 2628 2030 afficitur
2676 1973 2930 2045 propheta
2954 2015 2970 2040 ,
3009 1973 3134 2028 dum
3179 1973 3232 2028 in
3277 1972 3384 2026 vita
3423 1970 3568 2026 videt
3616 1980 3816 2025 tantam

2241 2067 2526 2123 amentiam
2559 2084 2573 2120 :
2603 2066 2823 2136 perinde
2846 2066 2988 2120 enim
3017 2074 3100 2120 est
3134 2079 3197 2119 ac
3236 2063 3282 2118 si
3325 2063 3447 2134 quis
3487 2077 3607 2116 cum
3641 2060 3822 2116 videat

2242 2159 2543 2230 quempiam
2587 2159 2756 2213 lucem
2797 2157 3078 2228 fugientem
3107 2197 3121 2220 ,
3154 2153 3400 2211 tenebras
3427 2162 3604 2210 autem
3632 2166 3820 2222 perse-

2243 2258 2494 2320 quentem
2517 2289 2533 2314 ,
2559 2249 2607 2304 ei
2631 2247 2810 2304 dicat:
2839 2248 2947 2302 Cur
2977 2247 3080 2301 hoc
3117 2245 3245 2304 facis
3283 2244 3419 2301 adeo
3456 2243 3743 2300 absurdum
3767 2251 3823 2299 et

2246 2350 2440 2414 praeter
2468 2340 2767 2396 rationem?
2803 2339 2874 2394 ita
2900 2348 2956 2396 et
2980 2341 3092 2410 ipse
3118 2355 3132 2392 :
3160 2336 3264 2393 Cur
3299 2336 3508 2407 diligitis
3531 2335 3820 2397 vanitatem,

2246 2443 2293 2488 et
2317 2432 2540 2505 queritis
2565 2431 2877 2486 mendacium
2893 2431 2982 2485 24.
3003 2429 3068 2482 Et
3093 2429 3265 2482 scitote
3280 2429 3518 2498 quoniam
3541 2425 3826 2492 miriﬁcavit

2247 2525 2498 2580 Dominus
2516 2535 2745 2580 sanctum
2771 2541 2938 2579 suum.
2969 2524 3118 2579 Alius
3142 2523 3402 2593 interpres
3425 2519 3552 2576 dicit
3575 2537 3588 2573 :
3612 2517 3718 2574 Sed
3735 2519 3828 2570 sci-

2250 2627 2351 2674 tote
2368 2618 2604 2689 quoniam
2639 2616 2940 2685 miri/ienuit.

2325 2707 2589 2774 Quomodo
2635 2707 2878 2778 propheta
2907 2704 3130 2759 homines
3159 2703 3226 2757 ad
3252 2702 3583 2774 cognitionem
3619 2699 3714 2754 Dei
3743 2700 3828 2752 in-

2252 2804 2426 2858 ducat.
2455 2800 2564 2856 Via:
2591 2801 2798 2856 Domini
2823 2801 2891 2854 ad
2910 2798 3328 2854 disseminandam
3357 2795 3634 2850 doctrinam
3659 2807 3828 2847 suam.

2251 2928 2325 2940 —
2354 2897 2542 2952 Vidisti
2571 2894 2842 2965 propheta:
2860 2891 3211 2962 sapientiam?
3233 2889 3507 2945 Undenam
3534 2881 3828 2942 eos'addu-

2255 2992 2330 3048 cit
2357 2989 2424 3044 ad
2455 2989 2551 3044 Dei
2589 2985 2979 3058 cognitionem?
3005 2985 3050 3038 Α
3087 2981 3310 3054 quadam
3338 2989 3488 3050 parte
3515 2975 3833 3032 manifestis-

2257 3085 2389 3140 sima
2435 3093 2489 3138 et
2527 3081 2762 3136 moribus
2796 3077 2963 3148 magis
2987 3075 3246 3147 cognitis,
3278 3086 3468 3142 nempe
3504 3069 3731 3138 seipsqu
3776 3065 3831 3120 in

2259 3175 2490 3231 medium
2516 3172 2806 3227 adducens.
2826 3169 2958 3241 Ego,
2987 3167 3174 3238 inquit,
3204 3179 3390 3221 servus
3411 3177 3530 3217 sum
3557 3160 3650 3215 Dei
3679 3159 3790 3213 veri
3816 3174 3832 3212 :

2259 3287 2290 3326 a
2321 3286 2406 3325 me
2429 3285 2556 3339 ergo
2579 3269 2694 3338 ejus
2713 3265 2899 3322 discite
2921 3262 3226 3333 potentiam,
3258 3260 3524 3324 virtutem,
3549 3255 3836 3326 providen-

2263 3364 2410 3417 tiam.
2441 3360 2555 3416 Non
2583 3368 2665 3414 est
2694 3358 2833 3413 enim
2857 3355 2958 3410 hoc
2979 3369 3219 3426 parvum,
3241 3350 3380 3422 quod
3404 3349 3549 3404 ducit
3576 3349 3628 3403 in
3653 3346 3840 3417 cogni-

2262 3455 2460 3509 tionem
2503 3450 2620 3506 Dei.
2651 3449 2803 3517 Quod
2843 3447 3052 3518 quidem
3093 3461 3156 3501 ex
3201 3444 3456 3499 creaturis
3498 3439 3669 3510 palam
3713 3438 3840 3493 facit

2262 3543 2520 3616 propheta
2538 3583 2554 3609 ,
2581 3539 2794 3612 quando
2834 3538 2902 3592 de
2941 3537 3058 3606 ejus
3087 3533 3413 3606 providentia
3441 3531 3687 3596 disserit,
3714 3543 3838 3584 cum

2263 3635 2329 3691 ad
2359 3637 2547 3702 solem,
2577 3633 2789 3698 czclum,
2821 3640 3038 3696 terram,
3065 3638 3118 3684 et
3145 3641 3324 3683 aerem
3349 3625 3538 3690 elatus,
3565 3638 3631 3678 ex
3650 3620 3842 3677 ordine

2264 3745 2448 3785 eorum
2476 3742 2594 3796 quae
2618 3724 2862 3780 videntur
2901 3721 3154 3791 Opificem
3193 3718 3444 3789 praedicat
3480 3732 3496 3770 :
3536 3728 3840 3771 sermonem

2265 3837 2476 3893 quoque
2499 3819 2646 3875 ducit
2665 3818 2731 3873 ab
2752 3817 2866 3887 ejus
2891 3815 3081 3878 servis,
3103 3823 3154 3868 et
3177 3812 3327 3866 abiis
3351 3825 3469 3881 qua:
3489 3809 3604 3879 ipso
3621 3819 3842 3864 auctore

2265 3916 2601 3985 contigerunt
2628 3930 2643 3966 :
2674 3910 2813 3982 quod
2843 3908 3054 3980 quidem
3083 3908 3242 3962 etiam
3270 3907 3322 3960 in
3347 3903 3610 3958 Abraham
3639 3901 3839 3956 evenit.

2266 4007 2330 4062 Ei
2357 4007 2496 4062 enim
2523 4004 2799 4066 dicebant,
2833 4000 3033 4056 Scimus
3056 3998 3190 4068 quod
3216 4013 3248 4051 a
3278 3995 3382 4050 Deo
3412 3995 3545 4050 venis
3573 3993 3715 4048 nobis
3750 4005 3844 4046 res

2267 4098 2524 4170 (Gen.25.
2548 4097 2625 4167 6).
2657 4093 2806 4151 Unde
2834 4092 3018 4148 scitis?
3047 4091 3124 4145 Ex
3150 4089 3387 4148 victoria.
3417 4102 3483 4141 ex
3513 4085 3746 4154 tropaeis,
3773 4099 3841 4137 ex

2268 4192 2442 4247 bellis.
2462 4189 2574 4245 Hoc
2601 4189 2758 4244 etiam
2778 4186 2830 4240 in
2849 4183 3044 4240 Judaais
3066 4181 3277 4236 accidit.
3296 4178 3542 4233 Miracula
3561 4177 3702 4232 enim
3722 4190 3842 4245 quae

2269 4300 2368 4356 pro
2408 4285 2487 4339 eis
2530 4282 2662 4337 facta
2704 4287 2846 4346 sunt,
2875 4277 3134 4332 universa:
3177 4283 3332 4329 terra:
3361 4272 3602 4326 timorem
3646 4268 3840 4323 attule-

2270 4385 2428 4442 runt,
2458 4373 2599 4445 quod
2625 4372 2782 4428 etiam
2809 4380 2936 4425 tunc
2961 4368 3095 4423 dixit
3125 4367 3378 4422 meretrix
3407 4363 3496 4417 illa
3525 4361 3843 4417 Hierichun-

2271 4472 2381 4526 tina
2405 4487 2418 4522 :
2447 4467 2632 4523 Cecidit
2655 4467 2707 4519 in
2727 4480 2818 4518 nos
2838 4465 2988 4517 timor
3010 4469 3224 4516 vestrum
3250 4468 3297 4512 et
3326 4467 3508 4510 tremor
3534 4452 3669 4528 (los.
3687 4454 3738 4508 ε.
3759 4452 3841 4516 9).

2272 4561 2388 4618 Una
2411 4568 2641 4629 estergo
2664 4558 2747 4611 via
2776 4570 2839 4610 ea
2865 4569 2982 4626 qua:
3023 4560 3104 4605 est
3151 4566 3242 4620 per
3280 4556 3585 4603 creaturas:
3614 4544 3714 4598 alia
3753 4557 3846 4598 ve-

2273 4665 2354 4716 ro,
2382 4663 2550 4721 eaque
2592 4646 2938 4709 manifestior,
2967 4657 3086 4712 qua:
3124 4647 3208 4695 est
3236 4653 3328 4708 per
3353 4651 3537 4692 servos
3568 4651 3584 4689 :
3612 4642 3667 4689 et
3707 4633 3844 4688 hanc

2274 4747 2415 4802 Deus
2441 4759 2472 4798 a
2498 4741 2676 4797 multis
2696 4749 2838 4795 retro
2863 4735 3070 4792 sareulis
3089 4731 3382 4788 doctrinam
3410 4725 3769 4783 disseminavit
3792 4724 3844 4778 in

2274 4851 2590 4908 unaquaque
2637 4831 2990 4903 generatione.
3019 4825 3299 4896 Egyptios
3345 4823 3520 4892 itaque
3559 4817 3738 4874 docuit
3771 4832 3842 4872 ex

2275 4930 2564 4992 Abraham,
2594 4926 2781 4980 Persas
2807 4921 2884 4992 (a)
2911 4934 3093 4974 rursus
3117 4933 3183 4972 ex
3209 4915 3396 4970 eodem
3414 4954 3431 4981 ,
3464 4912 3755 4966 lsmaelitas
3781 4926 3848 4964 ex

2277 5023 2392 5094 ejus
2427 5020 2704 5090 nepotibus
2727 5057 2742 5080 ,
2771 5024 2824 5069 et
2848 5013 2980 5068 alios
3005 5007 3434 5071 innumerabiles,
3462 5014 3516 5060 et
3554 5020 3649 5075 per
3683 5003 3849 5060 Jacon

2278 5133 2372 5174 eos
2400 5115 2488 5187 qui
2513 5109 2816 5167 habitabant
2844 5106 2896 5161 in
2920 5101 3315 5173 MesOpotamia.
3343 5098 3501 5153 Vides
3543 5098 3846 5150 universum

2343 5296 2415 5356 (α)
2446 5291 2676 5346 savilius.
2721 5302 2878 5356 mm.-
2922 5283 3010 5356 ,ξξο
3055 5286 3108 5356 (ξι
3137 5270 3850 5356 ,ξιιίβξρῖξῒξειξξιελπῑιῗβέἓεοέἓο

2282 5336 2502 5412 addita}?
2514 5336 2641 5403 6661'
2650 5336 2838 5399 éeraris
2850 5336 3115 5414 habitaret,
3137 5349 3303 5413 Persas
3321 5336 3533 5410 appellat
3551 5349 3564 5393 ;
3585 5343 3635 5406 at
3656 5345 3846 5441 quara-

2284 5421 2414 5441 οιηηη
2433 5419 2537 5441 ευρ-η
2562 5413 2731 5441 ..Μαι-ει
2779 5418 2888 5441 καις-η
2920 5405 3115 5441 ηιρτηίηι
3139 5403 3202 5441 de
3225 5415 3283 5441 Its
3315 5408 3477 5441 etiam-
3513 5410 3595 5441 mil
3619 5395 3666 5441 dl
3689 5408 3846 5441 uvtum

2284 5394 3116 5477 tione-ipse—v-ideritftiamrmemini
3139 5403 3203 5477 de
3225 5404 3283 5450 iis
3315 5394 3478 5477 etiam,
3513 5394 3849 5477 quiniluv'ium

2283 5456 2930 5544 loquuttnn
2967 5467 3369 5544 cbqsqstpmum,
3413 5456 3853 5544 ff:-

2281 5525 2662 5590 saritmnOmine
2681 5525 3016 5594 eoinpellasse.
3060 5525 3199 5579 Nihil
3223 5525 3400 5575 mirum
3443 5525 3590 5594 igitug
3611 5525 3652 5594 si
3669 5525 3849 5594 sanna:

2282 5578 2813 5658 Eii'éi-iiiéiﬁiﬁuéaad
2828 5578 2999 5653 regem
3017 5578 3263 5658 Ferarum
3285 5595 3426 5658 voeav
3433 5578 3689 5658 erigit“?
3707 5579 3854 5658 £9311!

2285 5639 3024 5718 FERLE‘éBcE‘ii‘i
3038 5644 3614 5718 deprehendes/isser
3635 5647 3687 5692 et
3708 5639 3851 5700 Baby-

2287 5704 2472 5786 iani-ﬁ}
2485 5704 2688 5788 adiicit
2704 5706 2933 5768 Abraham
2956 5704 3147 5764 Persam
3166 5714 3302 5760 vocat
3323 5704 3459 5757 infra.
