4074 6356
238 429 300 484 u
1365 423 1730 480 EXPOSITIO
1769 424 1836 478 IN
1874 421 2200 482 FSALMUM
2235 428 2322 484 Iv.
3430 441 3498 494 as

235 547 336 602 aud
361 549 481 602 υιοι
512 545 806 615 ’Υψίστου
829 544 1070 613 πάντες.
1102 546 1299 616 Ὑμεῖς
1334 546 1404 600 δὲ
1420 547 1500 614 ὡς
1520 547 1817 614 ἄνθρωποι

236 643 674 710 ἀποθνήσκετε.
703 645 810 697 Καὶ
847 642 946 698 θέα
990 643 1086 698 τοῦ
1133 643 1419 717 Προφήτου
1453 645 1550 716 τὴν
1585 642 1818 698 σύνεσιν.

238 739 434 805 Δείεας
460 740 727 810 πρότερον
748 740 842 793 τοῦ
871 740 1007 793 Θεοῦ
1037 741 1138 812 τὴν
1166 741 1340 810 ίσχὺν,
1366 740 1540 794 καὶτὸ
1567 739 1819 812 εὔπορον,

240 837 338 888 καὶ
360 835 422 889 τὸ
451 836 778 906 εὐμήχανον,
809 836 903 889 καὶ
932 835 993 888 τὸ
1022 836 1276 908 χρηστὸν,
1308 836 1402 889 καὶ⁵
1433 836 1496 888 τὸ
1527 834 1826 906 φιλάνθρω-

242 934 480 999 πον,-δτι
510 935 568 986 ἐν
590 932 766 1003 θλίψει
795 931 1074 995 πλατύνει,
1096 933 1178 986 ὅτι
1223 932 1388 985 ἐλεῶν
1420 930 1688 986 ἐπινεύει’
1709 928 1826 984 εἶτα

242 1029 444 1082 ἐννοιῖιν
463 1029 563 1100 τὴν
598 1029 906 1100 κεχυμένην
942 1031 1000 1082 ἐν
1028 1028 1336 1100 ἀνθρώποις
1359 1027 1578 1092 κακίαν,
1605 1026 1700 1081 καὶ
1727 1026 1826 1096 τῆς

242 1125 504 1190 ἀσεϐείας
529 1128 627 1197 τὴν
655 1126 966 1197 τυραννίδα,
981 1125 1231 1198 καθάπερ
1254 1125 1694 1195 ἀποπνιγόμενος
1717 1123 1826 1176 ἀπὸ

247 1223 346 1292 τῆς
383 1223 644 1293 ἀθυμίας,
667 1223 856 1294 τρέπει
886 1222 978 1276 τὸν
1005 1221 1162 1290 λόγον
1185 1220 1320 1294 πρὸς
1358 1223 1480 1285 τοὺς
1500 1222 1558 1274 ἐν
1590 1218 1827 1290 πονηρία

248 1318 482 1382 ζῶντας,
509 1319 788 1389 μονονουχὶ
836 1318 1030 1388 λέγων,
1060 1318 1140 1371 ὅτι
1165 1317 1414 1371 Τοιοῦτον
1439 1317 1652 1386 ἔχοντες
1671 1314 1823 1379 Θεὸν,

249 1415 395 1469 οῦτω
444 1417 712 1488 χρηστὸν,
747 1415 887 1470 οῦτω
942 1415 1354 1488 φιλάνθρωπον,
1384 1414 1525 1467 οῦτω
1568 1411 1824 1479 δυνατὸν“,

251 1515 374 1578 πῶς
401 1517 480 1577 είς
505 1513 758 1567 ἀσέϐειαν
784 1514 1092 1580 ἐξεκλίνατε
1123 1531 1137 1578 ;
1178 1515 1285 1566 Καὶ
1311 1514 1410 1583 ὅρα
1442 1512 1538 1584 τὴν
1563 1511 1826 1584 παραίνε-

253 1627 363 1672 σιν,
389 1610 558 1680 πόσης
581 1611 718 1680 μετά
744 1609 836 1664 τοῦ
861 1611 1033 1680 θυμοῦ
1061 1611 1222 1680 γέμει
1246 1609 1456 1679 καὶτῆς
1477 1608 1828 1682 προσηνείας,

252 1708 429 1779 πόσης
467 1708 566 1778 τῆς
606 1709 939 1778 φιλοσοφίας.
973 1708 1036 1761 Τί
1077 1709 1184 1779 γάρ
1223 1723 1418 1779 φησιν;
1458 1705 1574 1760 Υἱοὶ
1611 1705 1830 1775 ἀνθρὼ-

251 1820 405 1869 πων,
432 1804 545 1871 ἕως
563 1807 708 1859 πότε
739 1804 1129 1874 ,βαρυκιὲρδιοι
1146 1821 1166 1870 ;
1204 1804 1466 1858 Ἐνταῦθα
1496 1803 1700 1873 σφόδρα
1714 1801 1829 1856 ἐστὶ

253 1901 669 1972 καθαπτομένου
700 1904 794 1957 καὶ
819 1904 927 1957 ἀπὸ
951 1904 1044 1957 τοῦ
1079 1904 1290 1975 χρόνου.
1320 1905 1383 1957 El
1417 1901 1463 1974 [1
1478 1901 1532 1973 ι]
1564 1900 1673 1973 γὰρ
1692 1901 1752 1954 τὸ
1771 1899 1831 1966 ἐξ

253 1998 434 2068 ἀρχῆς
465 1998 540 2070 μὴ
574 1999 803 2053 συνιδεῖν
825 2001 920 2054 τοῦ
943 2000 1078 2054 Θεοῦ
1100 2001 1199 2072 τὴν
1223 1999 1541 2072 εὐεργεσίαν
1559 1997 1830 2068 ἔγκλημα,

252 2093 419 2149 ποίαν
449 2094 559 2159 ἕξει
591 2094 920 2167 συγγνώμην
958 2095 1020 2150 τὸ
1067 2096 1226 2166 μέχρι
1257 2095 1512 2148 τοσούτου
1557 2094 1694 2166 πρὸς
1733 2095 1832 2163 τὴν

255 2191 521 2261 ἀλήθειαν
546 2191 911 2259 τυφλώττεινς
942 2191 1008 2245 Τί
1029 2191 1085 2244 δέ
1115 2194 1252 2254 ἐστι,
1288 2191 1646 2262 Βαρυκάρδιοι
1677 2208 1692 2256 ;
1723 2192 1835 2243 Πα-

253 2286 572 2356 χυκάρδιοι,
613 2289 866 2358 σαρκικοὶ
888 2329 902 2352 ,
929 2291 995 2360 τῇ
1043 2290 1112 2358 γῇ
1160 2286 1604 2359 προσηλωμένοι,
1636 2287 1833 2340 κακίαν

252 2382 580 2448 διώκοντες,
616 2384 882 2456 πονηρίαν
947 2384 1260 2454 μετιόντες,
1317 2385 1438 2448 ταῖς
1483 2383 1836 2452 ἡδυπαθείαις

254 2481 702 2552 κατασηπόμενοι
737 2497 751 2511 ’
781 2480 1020 2544 τοιοῦτος
1046 2480 1156 2551 γάρ
1183 2482 1210 2534 6
1238 2480 1504 2552 σαρκικὸς
1530 2479 1833 2551 ἄνθρωπος.

256 2577 367 2629 Καὶ
397 2576 701 2630 διαϐάλλων
733 2577 913 2630 αὐτῶν
949 2577 1042 2630 τὸν
1071 2576 1207 2646 βίον,
1235 2577 1477 2630 δείκνυσι
1531 2576 1627 2645 τὴν
1658 2575 1838 2646 πηγὴν

257 2672 359 2742 τῆς
409 2671 679 2737 ἀσεϐείας,
713 2672 888 2741 δηλῶν
913 2674 994 2727 ὅτι
1027 2671 1188 2726 τοῦτο
1217 2672 1454 2742 μάλιστά
1481 2673 1594 2724 ἐστι
1618 2671 1677 2723 τὸ
1704 2671 1840 2742 πρὸς

256 2767 330 2821 τὰ
364 2767 613 2839 δόγματα
662 2770 844 2831 αὐτοῖς
877 2768 1166 2839 ἐμποδίζον
1195 2768 1262 2820 τά
1295 2766 1495 2837 ὑψηλά.
1539 2766 1702 2820 Οὐδὲν
1733 2765 1840 2836 γὰρ

255 2862 401 2918 οῦτω
423 2862 650 2934 βαρεῖαν
679 2863 901 2934 καρδίαν
928 2865 1178 2930 ποιεῖ,ώς
1208 2863 1470 2934 ἐπιθυμία
1494 2861 1724 2931 πονηρὰ,
1749 2862 1842 2914 καὶ

259 2960 294 3029 ἠ
327 2958 461 3030 πρὸς
483 2959 554 3012 τὰ
574 2957 797 3029 βιωτικά
819 2960 1150 3029 συμπάθεια,
1165 2960 1259 3013 καὶ
1275 2959 1336 3012 τὸ
1363 2957 1746 3030 προσηλῶσθαι
1774 2959 1840 3028 τῇ

259 3055 354 3124 γῇ.
384 3054 496 3126 Τὴν
524 3054 778 3125 τοιαύτην
802 3056 902 3108 οὐκ
927 3056 994 3109 ἄν
1023 3071 1107 3118 τις
1152 3054 1386 3125 ἁμάρτοι
1427 3053 1660 3124 πηλίνην
1707 3069 1843 3123 καρ-

261 3149 382 3202 δίαν
406 3149 720 3221 προσειπών
737 3169 750 3182 ·
785 3149 866 3203 διὸ
899 3151 992 3204 καὶ
1020 3149 1239 3224 βαρεῖαν
1277 3149 1446 3220 αὐτὴν
1473 3149 1698 3202 ἐκάλεσε
1717 3165 1730 3178 ·
1751 3149 1844 3201 καὶ

264 3245 372 3298 τῶν
411 3245 600 3299 κακῶν
650 3245 819 3299 αἴτιον
854 3245 1011 3300 τοῦτο
1052 3247 1255 3318 ἔφησεν
1299 3241 1474 3310 εἶναι,
1504 3246 1584 3298 ὅτι
1631 3244 1845 3316 ἡνιόχου

264 3339 416 3404 τάξιν
465 3342 756 3412 ἐπέχουσα,
785 3344 845 3396 οὐ
877 3343 1034 3414 μόνον
1063 3344 1125 3396 οὐ
1167 3343 1384 3414 κατέχει
1413 3341 1506 3396 τὸν
1533 3343 1696 3396 ἵππον
1727 3343 1846 3406 ταῖς

264 3436 640 3508 pingam
685 3441 774 3492 καὶ
807 3440 944 3510 αὑτὴ
992 3439 1357 3509 καταφέρεται
1400 3438 1673 3510 συρομένη
1697 3453 1712 3469 ⁸
1755 3439 1848 3491 καὶ

265 3533 386 3588 δέον
416 3533 650 3605 πτεροῦν
673 3534 772 3606 τὴν
797 3535 995 3605 σάρκα,
1029 3536 1123 3589 καὶ
1155 3535 1449 3607 μετάρσιον
1499 3535 1846 3606 ἐργάζεσθαι,

267 3630 365 3684 καὶ
394 3631 533 3702 πρὸς
558 3629 650 3683 τὸν
695 3631 923 3702 ούρανὸν
955 3632 1199 3701 ἀνάγειν,
1229 3633 1263 3702 ἡ
1304 3632 1361 3684 δέ
1420 3631 1850 3702 συγκαθέλκεται

266 3725 349 3796 τῷ
382 3726 673 3799 βαρυτάτῳ
709 3727 818 3781 τῶν
869 3727 1194 3799 νοσημάτων
1237 3729 1464 3800 φορτίῳ.
1499 3731 1668 3784 Ὅταν
1700 3724 1794 3784 οῦν
1823 3732 1852 3784 6

269 3822 484 3893 ἡνίοχος
521 3823 759 3888 τοιοῦτος
786 3819 843 3897 ᾗ,
874 3824 908 3894 ἢ
942 3826 970 3878 ὁ
1021 3826 1385 3898 κυϐερνήτης,
1422 3800 1549 3882 ποία
1578 3827 1853 3900 σωτηρίας

273 3919 467 3986 ἐλπίςς
511 3919 724 3991 Ὠσπερ
751 3922 880 3976 ὅταν
930 3923 1100 3995 λέγῃ,
1139 3927 1212 3978 El
1253 3925 1318 3979 τὸ
1347 3923 1474 3994 φῶς
1514 3926 1578 3978 τό
1621 3925 1692 3978 ἐν
1752 3925 1856 3980 σοι

274 4016 502 4083 σκότος
525 4016 678 4081 ἐστὶ,
711 4017 775 4071 τὸ
801 4019 1024 4086 σκότος
1049 4021 1284 4086 πόσον;
1325 4023 1493 4076 Ὅταν
1527 4025 1557 4076 6
1585 4023 1854 4095 κυϐερνή-

276 4127 376 4182 της
405 4111 578 4186 μεθύῃ
600 4113 696 4166 καὶ
724 4113 833 4168 τῶν
868 4117 1128 4186 κυμάτων
1150 4117 1244 4171 καὶ⁵
1285 4117 1393 4172 τῶν
1438 4121 1766 4191 πνευμάτων
1794 4121 1854 4174 τὸ

276 4209 512 4262 ἄτακτον
540 4210 796 4281 μιμῆται,
819 4211 936 4277 πῶς
969 4213 1273 4284 σωθήσεται
1304 4217 1339 4287 ἡ
1370 4215 1537 4282 ναῦς;

354 4311 430 4370 ς’.
454 4306 520 4358 Τι
544 4304 638 4359 οὖν
664 4305 885 4362 δύναται
917 4308 1127 4380 κούφην
1158 4311 1258 4383 τὴν
1287 4311 1466 4384 ψυχὴν
1500 4314 1700 4379 ποιεῖν;
1735 4311 1857 4379 Βίος

277 4403 628 4472 θαυμαστὸς,
661 4403 723 4456 τὸ
759 4405 896 4477 πρὸς
938 4407 1104 4479 μηδὲν
1130 4409 1238 4463 τῶν
1269 4409 1501 4464 ἐνταῦθα
1532 4411 1854 4482 κεχηνέναι,

281 4501 419 4572 μηδὲ
451 4503 561 4564 τοῖς
600 4500 757 4554 ποσὶν
803 4502 967 4556 αὐτοῦ
1001 4504 1362 4576 προσδεσμετν
1405 4505 1474 4560 τὰ
1501 4506 1650 4560 κάτω
1692 4507 1856 4579 φερόο

283 4597 423 4667 μενά
446 4613 505 4649 τε
534 4597 630 4651 καὶ
649 4597 902 4668 φέροντα.
927 4598 1049 4652 Τῶν
1073 4617 1181 4673 γαρ
1213 4602 1480 4672 σωμάτων
1499 4603 1564 4657 τά
1583 4605 1682 4674 μὲν
1707 4606 1858 4659 κάτω

281 4692 544 4766 φέρεσθαι
572 4693 784 4763 εἴωθεν,
812 4690 923 4750 οἷον
949 4695 1108 4764 λίθοι,
1137 4698 1234 4752 καὶ
1265 4699 1428 4765 ξύλα,
1456 4702 1550 4754 καὶ
1582 4702 1760 4754 πάντα
1790 4701 1858 4755 τά

280 4789 538 4842 τοιαῦταο
562 4788 633 4843 τά
655 4790 713 4844 δὲ
740 4791 874 4858 ἀνω,
903 4786 1016 4848 οἷον
1040 4793 1172 4866 πῦρ,
1199 4796 1294 4850 καὶ
1327 4795 1574 4867 πνεῦμα,
1602 4798 1694 4851 καὶ
1726 4815 1859 4852 πτε-

283 4884 396 4954 ρῶν
423 4883 584 4954 φύσις
617 4885 852 4957 κούφων.
893 4889 990 4943 ’Δν
1029 4885 1124 4944 οῦν
1162 4908 1216 4944 τι
1243 4890 1354 4944 τῶν
1395 4891 1546 4946 κάτω
1587 4894 1861 4964 φερόντων

278 4981 359 5052 τῷ
385 4981 576 5052 κούφῳ
601 4985 931 5060 προσδήσῃς,
958 4986 1111 5041 οὐδὲν
1133 4987 1240 5042 τῶν
1268 4989 1482 5060 πτερῶν
1505 4989 1712 5060 ὄφελος,
1739 4990 1859 5043 οὐδὲ

279 5077 376 5131 τοῦ
412 5077 750 5149 πνεύματος,
780 5081 873 5135 τοῦ
914 5083 1112 5155 βάρους
1144 5084 1562 5156 ὑπερϐαίνοντος
1590 5087 1688 5158 τὴν
1723 5105 1860 5158 συμ-

289 5175 538 5246 μετρίαν,
573 5177 670 5230 καὶ
699 5178 956 5244 νικῶντος
989 5180 1084 5235 καὶ
1109 5182 1545 5256 περιγινομένου.
1580 5185 1736 5239 οὕτω
1768 5186 1863 5238 καὶ⁹

287 5271 452 5334 πόδας
494 5271 563 5326 ἂν
607 5272 707 5345 ἔχῃ
741 5291 826 5338 τις
858 5275 1296 5348 βεϐαρημένους,
1328 5278 1363 5349 ἢ
1411 5279 1588 5351 χυμοῦ
1623 5281 1860 5352 πονηροῦ

282 5369 681 5441 ἐπεισρέοντος,
710 5373 744 5443 ἢ
769 5372 955 5445 ἐτέρου
976 5375 1122 5438 τινὸς
1150 5377 1474 5448 νοσήματος,
1498 5379 1650 5432 οὐδὲν
1671 5377 1862 5449 ϐφελος

283 5463 434 5535 αύτῷ
465 5464 563 5520 τοῦ
602 5465 790 5522 λοιποῦ
835 5469 1088 5541 σώματος
1128 5471 1281 5537 ὄντος
1325 5473 1549 5543 κούφου.
1582 5475 1646 5529 Εἰ
1677 5475 1735 5528 δὲ
1768 5475 1863 5529 ἐπὶ

285 5561 559 5631 σωμάτων
583 5562 761 5629 τοῦτο,
790 5565 970 5636 πολλῷ
1003 5567 1203 5651 μᾶλλον
1230 5568 1325 5621 ἐπὶ
1355 5569 1601 5641 καρδίας.
1637 5572 1729 5643 Μὴ
1753 5571 1864 5625 τοί-

284 5671 378 5708 νυν
422 5657 670 5729 ποιῶμεν
715 5661 888 5734 αὐτὴν
915 5662 1162 5736 βαρεῖαν,
1197 5664 1284 5720 ἵνα
1319 5666 1396 5736 μὴ
1425 5668 1566 5722 κατά
1604 5668 1673 5722 τά
1704 5671 1864 5722 πλοῖα

285 5747 357 5803 τά
392 5752 598 5826 πολλὴν
626 5754 816 5827 ἔχοντα
856 5757 956 5830 τὴν
984 5759 1213 5832 ψάμμον
1240 5763 1720 5836 καταποντίζηται.
1774 5766 1864 5820 Ἐν

285 5848 420 5918 ἡμῖν
440 5853 553 5924 γάρ
574 5852 753 5912 τοῦτο.
779 5855 854 5910 Ού
881 5855 990 5928 γάρ
1013 5859 1077 5929 τῇ
1113 5858 1270 5929 φύσει
1295 5859 1518 5932 τοιαύτη
1541 5862 1708 5929 ἐστὶν,
1729 5864 1866 5920 ἀλλά

1923 549 1990 619 τῇ
2018 547 2178 617 φύσει
2197 551 2385 620 γέγονε
2411 550 2586 624 κούφη
2615 555 2708 606 καὶ
2730 554 3032 628 ἀνωφερὴς,
3062 558 3222 628 ἡμεῖς
3247 556 3304 610 δὲ
3327 557 3500 630 αὐτὴν

1923 639 2074 709 παρά
2103 639 2264 708 φύσιν
2303 640 2524 712 βαρεῖαν
2570 643 2864 715 ποιοῦμενο
2907 645 2988 700 διὸ
3026 649 3121 700 καὶ
3156 649 3186 700 6
3209 647 3500 721 Προφήτης

1925 727 2149 796 ἐγκαλεῖ
2166 747 2179 758 ·
2213 730 2260 782 εί
2280 731 2336 784 δὲ
2357 732 2583 800 φυσικὸν
2605 729 2694 804 ἦν,
2724 737 2824 787 οὐκ
2849 734 2915 788 ἂν
2934 736 3269 793 ἐνεκάλεσεν.
3294 739 3500 811 ’Ὠσπερ

1923 813 2016 872 οῦν
2045 820 2186 874 κατά
2214 820 2376 888 φύσιν
2415 824 2548 893 ἡμῖν
2580 824 2642 877 τὸ
2667 823 2922 895 βαδίζειν,
2960 826 3027 880 ἂν
3056 827 3113 881 δέ
3147 829 3404 902 βαρῶμεν
3430 830 3502 884 τὰ

1926 910 2150 980 γόνατα,
2187 913 2339 985 παρὰ
2387 913 2548 986 φύσιν
2583 916 2792 985 γίνεται
2816 919 2877 972 τὸ
2905 921 3161 992 πρᾶγμα,
3193 922 3476 994 πεπεδημέ

1925 1020 2032 1056 νων
2056 1003 2231 1074 ἡμῶν·
2253 1005 2398 1059 οῦτω
2418 1005 2534 1080 [l5]
2559 1009 2650 1062 καὶ
2675 1009 2767 1062 ἐπὶ
2789 1009 2896 1064 τῶν
2921 1010 3094 1064 ποδῶν
3122 1012 3224 1081 τῆς
3242 1011 3501 1080 ξιανοίας,

1926 1098 2070 1167 λέγω
2108 1097 2173 1170 δὴ
2219 1099 2328 1154 τῶν
2371 1099 2677 1173 λογισμῶν,
2713 1102 3032 1172 συμϐαίνειν
3057 1105 3266 1161 εἴωθεν.
3290 1107 3415 1162 Ἵνα
3445 1109 3502 1161 τί

1929 1187 2194 1258 ἀγαπᾶτε
2231 1191 2618 1259 ματαιότητα,
2676 1192 2773 1270 καὶ
2819 1191 3037 1261 ζητεῖτε
3080 1195 3342 1264 ψεῦδος;
3384 1198 3502 1250 Ἐν·

1925 1279 2102 1332 ταῦθα
2135 1283 2228 1334 καὶ
2259 1280 2326 1334 τά
2369 1281 2622 1335 είδωλικά
2659 1301 2746 1352 μοι
2774 1283 2920 1337 δοκεῖ
2945 1285 3144 1354 λέγειν,
3191 1288 3283 1340 καὶ
3315 1288 3405 1340 τὸν
3445 1290 3504 1340 ἐν

1927 1374 2163 1444 πονηρίᾳ
2201 1373 2331 1444 βίον.
2364 1375 2608 1428 Μάταιον
2639 1375 2746 1447 γὰρ
2786 1377 2959 1429 ἐκεῖνο
2997 1377 3214 1445 λέγεται
3239 1379 3298 1432 τὸ
3325 1379 3504 1443 κενὸν,

1927 1467 2056 1519 ὅταν
2084 1465 2252 1536 ὄνομα
2285 1467 2383 1537 μὲν
2427 1463 2482 1542 ᾖ,
2513 1470 2746 1540 πρᾶγμα
2771 1470 2827 1522 δὲ
2858 1471 2932 1543 μὴ
3041 1469 3197 1524 Οῦτω
3221 1473 3372 1543 παρὰ
3395 1474 3505 1534 τοῖς

1929 1555 2187 1629 Ἕλλησιν
2231 1560 2468 1630 ὀνόματα
2521 1562 2617 1632 μὲν
2669 1561 2806 1615 θεῶν
2843 1563 3012 1618 πολλά
3034 1603 3048 1626 ,
3103 1565 3404 1635 πράγματα
3450 1563 3506 1616 δὲ

1928 1648 2198 1720 οὐδαμοῦ’
2253 1653 2347 1704 καὶ
2385 1653 2476 1704 ἐπὶ
2519 1653 2628 1704 τῶν
2669 1653 2842 1707 ἄλλων
2875 1654 3105 1724 ὁμοίως’
3146 1655 3317 1726 ὄνομα
3345 1654 3508 1708 πλού-

1929 1757 2044 1802 του,
2082 1742 2314 1812 πρᾶγμα
2340 1741 2396 1794 δέ
2435 1742 2671 1814 οὐδαμοῦ
2691 1761 2704 1774 ’
2739 1744 2832 1797 καὶ
2862 1744 3031 1815 ὄνομα
3051 1744 3239 1814 δόξης,
3276 1747 3508 1816 πρᾶγμα

1928 1831 1986 1884 δὲ
2025 1831 2295 1903 οὐδαμοῦο
2338 1831 2510 1904 ὄνομα
2541 1833 2890 1900 δυναστείας,
2936 1835 3028 1887 καὶ
3069 1834 3218 1904 μένει
3248 1834 3402 1904 ψιλὸν
3447 1833 3510 1887 τὸ

1931 1920 2120 1990 ὄνομα.
2171 1921 2268 1985 Τίς
2321 1917 2414 1975 οὖν
2447 1921 2618 1986 οὕτως
2663 1923 2908 1992 ἀνόητος,
2945 1923 3020 1986 ὡς
3053 1923 3290 1993 ὀνόματα
3326 1922 3510 1993 ζητεῖν

1933 2011 2274 2081 πραγμάτων
2317 2011 2525 2083 ἔρημα,
2562 2013 2656 2066 καὶ
2687 2011 2757 2064 τὰ
2780 2011 3001 2065 διάκενα
3031 2010 3252 2066 διώκειν
3271 2051 3287 2075 ,
3321 2011 3356 2065 ἀ
3382 2011 3511 2081 φεύ-

1933 2119 2050 2171 γειν
2073 2103 2182 2168 δεῖ;
2215 2103 2286 2156 ἸΙ
2315 2103 2378 2156 ού
2414 2102 2660 2156 τοιαῦται
2693 2105 2786 2158 καὶ
2819 2105 2874 2157 αἱ
2903 2103 3089 2174 ἡδοναὶ
3117 2101 3210 2156 τοῦ
3240 2103 3380 2173 βίου,
3418 2103 3512 2156 καὶ

1935 2196 1991 2248 αἱ
2022 2195 2344 2265 εὐπραγίαις
2383 2195 2445 2248 οῦ
2488 2195 2663 2248 πάντα
2693 2195 2946 2266 ψεύδεται
2985 2197 3078 2249 καὶ¹
3116 2197 3336 2267 auaui;
3392 2196 3512 2248 Κᾶν

1934 2283 2091 2348 δόξαν
2136 2287 2332 2358 εἴπῃς,
2382 2285 2487 2338 κᾶν
2524 2285 2785 2350 πλοῦτον,
2816 2287 2922 2340 κᾶν
2965 2285 3302 2347 δυναστείαν,
3335 2286 3509 2339 πάντα

1941 2375 2255 2446 ματαιότης.
2289 2377 2381 2428 Διὸ
2406 2377 2500 2430 καὶ
2530 2378 2558 2429 6
2596 2377 3021 2449 Ἐκκλησιαστὴς
3046 2377 3196 2445 ἔλεγε
3214 2395 3231 2410 ο
3259 2374 3513 2430 Ματαιόο

1937 2483 2046 2533 της
2081 2465 2511 2535 ματαιοτήτων,
2565 2467 2640 2521 τὰ
2674 2466 2870 2520 πάντα
2908 2469 3255 2538 ματαιότης.
3303 2467 3399 2520 Διά
3450 2467 3514 2536 δὴ

1937 2555 2111 2610 ταῦτα
2139 2556 2387 2610 ὀδυνᾶται
2416 2558 2444 2609 6
2475 2555 2782 2628 Προφήτης,
2814 2557 3085 2629 τοσαύτην
3117 2557 3339 2624 ἀλογίαν
3373 2556 3514 2628 ὁρῶν

1940 2648 1998 2699 ἐν
2028 2646 2106 2718 τῷ
2139 2647 2254 2716 βίῳ.
2289 2647 2501 2719 Ὠσπερ
2531 2649 2640 2722 γὰρ
2669 2648 2734 2702 ἂν
2759 2649 2912 2713 εἴτις
2941 2649 3064 2703 ἰδών
3093 2667 3211 2702 τινα
3245 2648 3515 2718 φεύγοντα

1940 2739 2074 2806 φῶς,
2117 2737 2379 2792 διώκοντα
2416 2738 2474 2792 δέ
2511 2741 2728 2805 σκότος,
2758 2739 2890 2811 λέγῃ
2910 2757 2923 2770 ·
2945 2743 3061 2796 Ἵνα
3076 2739 3128 2793 τί
3162 2739 3318 2793 τοῦτο
3345 2741 3515 2799 ποιεῖς

1940 2830 2000 2883 τὸ
2032 2831 2373 2900 παράλογον;
2416 2831 2559 2885 οῦτω
2599 2832 2694 2886 καὶ
2741 2833 2920 2896 αὐτός’
2963 2834 3094 2887 Ἵνα
3139 2834 3198 2885 τί
3253 2829 3518 2900 ἀγαπᾶτε

1937 2924 2331 2990 ματαιότητα,
2373 2924 2469 2975 καὶ
2516 2921 2735 2990 ζητεῖτε
2761 2922 3023 2990 ψεῦδοςη
3070 2925 3175 2978 Καὶ
3202 2921 3389 2991 γνῶτε
3429 2921 3518 2975 ὅτι

1941 3014 2369 3083 ὲθαυμάστωσε
2414 3015 2628 3083 Κύριος
2674 3015 2781 3068 τὸν
2825 3014 2998 3067 ὅσιον
3039 3013 3246 3068 αὐτοῦ.
3294 3015 3518 3084 Ἕτερος

1945 3109 2280 3180 ἑρμηνευτής
2318 3125 2514 3179 φησιν,
2558 3109 2740 3162 Ἀλλὰ
2781 3107 2966 3178 γνῶτε
3004 3105 3094 3161 ὅτι
3140 3106 3520 3176 ἐθαυμὰστω-

1943 3217 2075 3256 σεν.

2017 3287 2170 3354 Εἶδες
2197 3289 2388 3360 σοφίαν
2410 3290 2690 3362 Προφήτου
2712 3307 2726 3354 ;
2758 3289 2928 3344 Πόθεν
2955 3289 3152 3352 αὐτοὺς
3173 3290 3364 3358 ἀνάγει
3385 3289 3524 3361 πρὸς

1945 3382 2045 3454 τὴν
2075 3380 2433 3450 θεογνωσίαν;
2477 3381 2606 3433 Ἀπὸ
2637 3381 2975 3450 σαφεστάτου
3013 3379 3217 3451 μέρους
3254 3379 3399 3442 τινὸς
3429 3379 3523 3432 καὶ

1947 3474 2148 3545 τρόπου
2177 3472 2599 3544 γνωριμωτέρου
2617 3515 2629 3538 ,
2659 3472 2848 3525 ἐαυτὸν
2878 3474 2956 3534 είς
2986 3471 3150 3542 μέσον
3179 3470 3518 3541 παρατιθείς.

1962 3560 2103 3628 Ἐγὼ
2129 3558 2312 3622 δοῦλός
2345 3561 2481 3629 εἰμι,
2515 3561 2647 3631 φησὶ
2669 3599 2683 3623 ,
2709 3558 2804 3613 τοῦ
2831 3559 2966 3613 Θεοῦ
2999 3559 3093 3613 τοῦ
3128 3560 3361 3634 ἀληθοῦς
3382 3577 3396 3592 ·
3427 3561 3523 3615 ἀπ’

1950 3650 2083 3722 ἐμοῦ
2115 3650 2292 3704 τοίνυν
2335 3651 2534 3722 μάθετε
2581 3651 2744 3704 αὑτοῦ
2775 3651 2873 3723 τὴν
2901 3652 3157 3723 δύναμιν,
3208 3654 3305 3725 τὴν
3339 3653 3523 3724 ἰσχὺν,

1949 3741 2048 3812 τὴν
2081 3742 2425 3813 κηδεμονίαν.
2466 3744 2538 3796 Οὐ
2579 3744 2772 3815 μικρὸν
2805 3743 2914 3816 γὰρ
2953 3745 3112 3798 τοῦτο
3138 3745 3198 3798 τὸ
3228 3745 3525 3814 κεφάλαιον

1952 3835 2032 3897 είς
2068 3834 2394 3902 θεογνωσίαν
2442 3834 2594 3903 άγον.
2644 3836 2798 3888 Ποιεῖ
2827 3837 2925 3907 μὲν
2953 3837 3062 3908 γὰρ
3093 3837 3252 3890 τοῦτο
3292 3839 3525 3909 φανερὸν

1952 3928 2045 3980 καὶ
2074 3927 2181 3981 ἀπὸ
2211 3927 2320 3980 τῶν
2360 3929 2674 3998 κτισμάτων
2708 3931 2737 3984 6
2767 3929 3075 4002 Προφήτης,
3109 3932 3238 3984 ὅταν
3270 3932 3398 4002 περὶ
3428 3931 3528 4000 τῆς

1953 4016 2210 4088 προνοίας
2239 4017 2402 4070 αὐτοῦ
2437 4018 2782 4090 διαλέγηται,
2818 4021 2912 4074 ἐπὶ
2941 4021 3034 4074 τὸν
3073 4019 3260 4091 ἥλιον,
3302 4021 3396 4074 καὶ
3434 4019 3528 4072 τὸν

1954 4110 2200 4182 οὐρανὸν,
2229 4111 2324 4164 καὶ
2353 4111 2451 4182 τὴν
2488 4111 2595 4182 γῆν
2616 4153 2632 4179 ,
2659 4111 2755 4166 καὶ
2778 4113 2870 4166 τὸν
2901 4112 3039 4184 ἀέρα
3074 4112 3404 4184 φερόμενος,
3433 4111 3528 4166 καὶ

1955 4207 2063 4262 ἀπὸ
2103 4207 2201 4279 τῆς
2229 4208 2287 4260 ἐν
2316 4211 2428 4272 τοῖς
2463 4208 2758 4280 ὁρωμένοις
2791 4208 3040 4274 εὐταξίας
3066 4208 3157 4263 τὸν
3179 4209 3521 4280 Δημιουργὸν

1956 4305 2345 4378 ἀνακηρύττων
2371 4323 2384 4336 ο
2432 4308 2575 4359 κινεί
2625 4305 2681 4359 δὲ
2734 4306 2828 4364 καὶ⁵
2880 4305 2973 4359 τὸν
3023 4305 3132 4360 ἀπὸ
3183 4306 3293 4360 τῶν
3326 4305 3530 4360 δούλων

1955 4402 2120 4456 αὑτοῦ
2148 4401 2325 4471 λόγον,
2361 4403 2452 4455 καὶ
2481 4401 2586 4454 τῶν
2615 4401 2709 4456 ἀπ’
2739 4401 2905 4456 αὑτοῦ
2942 4404 3345 4474 συμϐαινόντων
3365 4420 3378 4433 ’
3411 4403 3440 4456 ὃ
3463 4402 3529 4474 δὴ

1956 4501 2049 4554 καὶ
2082 4499 2176 4554 ἐπὶ¹
2219 4499 2314 4553 τοῦ
2370 4499 2619 4571 Ἀϐραὰμ
2665 4499 2908 4569 γέγονεν.
2950 4499 3174 4570 Ἔλεγον
3207 4501 3315 4573 γὰρ
3361 4499 3529 4570 αὐτῷ,

1952 4595 2238 4666 οἴδαμεν,
2270 4596 2434 4667 φησὶν
2451 4635 2466 4660 ,
2497 4594 2586 4650 ὅτι
2609 4595 2727 4650 ἀπὸ
2752 4595 2858 4651 τοῦ
2889 4597 3039 4651 Θεοῦ
3061 4597 3207 4667 ἡμῖν
3229 4596 3396 4664 ἥκεις
3413 4596 3532 4660 ,βα-

1957 4693 2187 4759 σιλεύς.
2235 4692 2404 4746 Πόθεν
2445 4691 2656 4760 οἴδατες
2711 4692 2846 4747 Ἀπὸ
2893 4695 2994 4765 τῆς
3041 4694 3229 4765 νίκης,
3267 4695 3376 4748 ἀπὸ
3423 4694 3533 4746 τῶν

1959 4789 2234 4863 τροπαίων
2254 4827 2272 4856 ,
2319 4789 2428 4843 ἀπὸ
2468 4788 2576 4842 τῶν
2630 4789 2901 4861 πολέμων.
2955 4790 3128 4844 Τοῦτο
3171 4793 3267 4846 καὶ
3299 4791 3534 4845 ἐπὶτῶν

1974 4885 2244 4940 Ἰουδαίων
2287 4885 2510 4956 συνέϐη.
2545 4885 2626 4939 Ta
2647 4887 2756 4955 γὰρ
2786 4885 3041 4957 θαύματα
3075 4887 3144 4940 τά
3179 4887 3317 4959 ὑπὲρ
3354 4887 3532 4940 αὐτῶν

1960 4984 2241 5054 γινόμενα,
2282 4985 2464 5037 πᾶσαν
2508 4983 2608 5054 τὴν
2629 4983 2732 5054 γῆν
2772 4998 2853 5046 εις
2883 4982 3049 5053 φόϐον
3084 4983 3364 5037 ἐνέϐαλεν·
3395 4984 3534 5056 ὅπερ

1961 5082 2115 5152 καὶὴ
2163 5081 2336 5152 πόρνη
2381 5085 2500 5134 τότε
2534 5082 2569 5150 ἡ
2609 5080 2959 5150 Ἱεριχουντία
2987 5080 3201 5150 ἔλεγεν,
3241 5082 3325 5134 ὅτι
3364 5081 3534 5136 Ἐπέ-

1960 5197 2150 5235 πεσεν
2173 5179 2265 5248 ἐφ’
2298 5178 2457 5249 ἡμᾶς
2490 5182 2523 5233 d
2551 5180 2735 5248 φόϐος
2762 5177 2932 5248 ὑμῶν
2962 5179 3062 5232 καὶ
3092 5181 3125 5232 ό
3149 5179 3385 5248 τρόμος.
3419 5177 3537 5232 Μία

1960 5277 2140 5332 τοίνυν
2165 5275 2282 5338 ὁδὸς
2308 5277 2341 5346 ή
2373 5275 2470 5342 διὰ⁴
2489 5274 2597 5328 τῶν
2623 5275 2937 5345 κτισμάτων
2964 5291 2977 5304 ⁸
3028 5273 3196 5345 ἐτέρα
3238 5275 3336 5328 καὶ
3369 5291 3538 5342 σαφε-

1964 5375 2128 5447 στέρα
2154 5377 2188 5446 ἡ
2230 5373 2319 5428 διά
2357 5373 2467 5427 τῶν
2491 5372 2727 5426 δούλων’
2755 5372 2852 5425 καὶ
2889 5371 3094 5443 ταύτην
3118 5369 3324 5426 ἀνωθεν
3354 5371 3384 5422 6
3403 5369 3537 5433 Θεὸς

1965 5472 2296 5542 κατέσπειρε
2346 5469 2470 5524 καθ’
2511 5469 2748 5540 ἑκάστην
2791 5467 2985 5538 γενεὰν
3016 5467 3117 5539 τὴν
3162 5465 3535 5520 διδασκαλίαν.

1964 5568 2103 5632 Τοὺς
2131 5565 2263 5636 γοῦν
2285 5566 2614 5635 Αἰγυπτίους
2647 5565 2965 5618 ἐπαίδευσεν
2993 5563 3100 5620 ἀπὸ
3123 5562 3218 5615 τοῦ
3261 5561 3536 5632 Ἀϐραὰμ,

1964 5667 2090 5730 τοὺς
2121 5665 2338 5738 Πέρσας
2365 5665 2474 5718 ἀπὸ
2502 5663 2597 5716 τοῦ
2623 5661 2788 5717 αὐτοῦ
2815 5663 2999 5730 πάλιν,
3028 5661 3154 5725 τοὺς
3198 5658 3539 5732 Ἰσραηλίτας

1967 5764 2075 5820 ἀπὸ
2105 5763 2214 5817 τῶν
2251 5763 2518 5832 ἐκγόνων,
2549 5764 2645 5816 καὶ
2674 5762 2893 5834 ἐτέρους
2928 5761 3172 5833 μυρίους,
3207 5759 3302 5812 καὶ
3326 5756 3414 5811 διὰ
3443 5755 3539 5810 τοῦ

1981 5860 2175 5917 Ἰακὼϐ
2219 5859 2470 5934 ἐτέρους,
2519 5860 2644 5924 τοὺς
2692 5861 2748 5913 ἐν
2785 5861 2852 5931 τῇ
2899 5858 3054 5930 Μέση
3105 5857 3214 5914 τῶν
3257 5855 3538 5930 ποταμῶν.
