4074 6356
557 398 628 458 ιθ
1291 404 1349 462 S.
1388 406 1674 466 JOANNIS
1710 412 2201 474 CllltYSﬂS‘l‘OMl
2237 422 2558 485 ARCHIEP.
2596 429 3148 497 CONSTANTINOP.
3741 444 3814 501 50

560 520 712 586 Εἶδες
762 521 979 577 ἃπασαν
1027 524 1126 597 τὴν
1175 527 1499 599 οικουμένην
1545 531 1962 603 παιδευομένην,
2016 536 2129 606 εἴγε

558 609 749 679 ἧθελον
768 648 784 673 ,
830 611 940 664 ἀπὸ
967 611 1076 668 τῶν
1108 613 1307 682 ἁγίων;
1332 617 1444 670 Kal
1468 619 1576 689 πρὸ
1600 620 1803 675 τούτων
1826 623 1883 675 δὲ
1912 625 1941 675 6
1966 641 2135 678 καταο

559 692 829 765 κλυσμὸς,
880 697 913 767 ἠ
963 696 1072 749 τῶν
1121 697 1379 767 γλωσσῶν
1427 700 1701 773 διάχυσις,
1738 707 1898 761 ἰκανὰ
1947 707 2133 761 διανα-

562 781 752 851 στῆσαι
798 784 977 837 αὐτῶν
1019 785 1119 856 τὴν
1164 787 1422 843 διάνοιαν.
1472 791 1591 846 Ἵνα
1638 793 1746 864 γὰρ
1801 796 1875 868 μὴ
1918 797 2004 850 διὰ
2042 798 2134 850 τὸν

558 868 748 938 χρόνον
779 873 860 937 εἰς
895 871 1064 946 λήθην
1110 876 1325 949 ἐμπέσῃ
1355 878 1416 932 τὸ
1455 880 1688 949 συμϐὰν,
1721 884 1751 935 6
1786 883 1949 949 τόπος
1990 893 2132 957 λαμ-

561 953 714 1011 ϐάνει
759 958 857 1030 τὴν
904 964 1309 1034 προσηγορίαν,
1350 966 1444 1021 καὶ
1486 967 1742 1022 Βαϐυλὼν
1772 971 2019 1026 ἐντεῦθεν
2048 953 2134 1027 λέ-

561 1057 737 1112 γεται,
762 1045 870 1099 ἀπὸ
890 1046 992 1118 τῆς
1007 1051 1319 1122 συγχύσεως
1344 1053 1455 1108 τῶν
1476 1055 1750 1124 γλωττῶν,
1777 1060 1862 1113 Eva
1884 1063 1912 1115 6
1933 1063 2133 1133 ἀκροα-

560 1128 660 1199 τὴς
690 1131 799 1184 ἀπὸ
825 1132 923 1203 τῆς
959 1139 1329 1209 προσηγορίας
1366 1140 1748 1215 ὁδηγούμενος,
1783 1148 1876 1200 ἐπὶ
1904 1128 2129 1221 τὴννὰρ-

562 1217 662 1287 χὴν
693 1218 822 1292 ἔλθῃ
865 1221 975 1274 τῶν
1018 1224 1377 1296 συμϐάντων,
1408 1231 1503 1284 καὶ
1548 1231 1693 1305 μάθῃ
1734 1233 1829 1287 τοῦ
1871 1217 2007 1289 Θεοῦ
2033 1217 2133 1308 τὴν

566 1305 739 1375 ἰσχύν.
771 1308 925 1362 Οὕτω
946 1311 1038 1364 καὶ⁸
1060 1315 1121 1365 οἰ
1135 1314 1233 1384 τὴν
1259 1315 1410 1370 δύσιν
1430 1318 1705 1383 οἰκοῦντες
1737 1322 1935 1386 πάντες
1955 1322 2133 1378 πάντα

561 1392 885 1462 ἐμάνθανον,
907 1397 1023 1473 [16]
1046 1403 1165 1455 κατ’
1185 1403 1453 1474 ἐμπορίαν
1471 1406 1784 1475 Αἰγυπτίοις
1803 1412 2133 1483 συγγινόμε-

556 1483 878 1549 νοι.”Λλλως
907 1487 965 1541 δὲ
990 1490 1047 1541 ὲν
1079 1492 1274 1561 ἀρχαῖς
1296 1494 1389 1547 καὶ
1408 1494 1466 1546 ἐν
1489 1497 1792 1567 προοιμίοις
1817 1500 1938 1554 οὐδὲ
1963 1501 2133 1556 πολλὰ

560 1569 688 1642 ἔθνη
710 1573 850 1627 κατὰ
873 1574 934 1628 τὸ
967 1576 1132 1648 μέρος
1153 1580 1250 1650 τῆς
1278 1582 1600 1653 οἰκουμένης
1623 1585 1797 1640 ἐκεῖνο
1823 1583 1889 1658 ἦν
1908 1607 1922 1622 ο
1954 1589 2068 1643 ἀλλ’
2097 1593 2131 1661 ἡ

560 1657 982 1732 πολυανθρωπία
1013 1664 1107 1716 καὶ
1149 1666 1182 1737 ἡ
1223 1668 1514 1739 πολυοχλία
1544 1672 1601 1724 ἐν
1626 1676 1739 1738 τοῖς
1787 1657 1976 1746 μέρεσι
2020 1657 2134 1742 τοῖς

561 1747 700 1801 κατὰ
723 1748 820 1820 τὴν
844 1750 1103 1823 ἀνατολὴν
1129 1758 1488 1828 συνειστήκει.
1518 1760 1624 1812 Kal
1649 1761 1757 1833 γὰρ
1779 1765 1872 1817 καὶ
1895 1767 1923 1818 6
1964 1765 2135 1838 Ἀδὰμ

561 1830 771 1886 ἐκεῖθεν
798 1833 1011 1921 ἐξῆλθε,
1042 1838 1225 1892 καὶτὰ
1253 1840 1383 1913 γένη
1426 1841 1521 1896 τοῦ
1554 1843 1677 1898 Νῶε
1702 1830 1819 1899 ἐκεῖ
1862 1830 2130 1921 διέτριϐε,

562 1916 655 1969 καὶ
703 1918 839 2004 μετὰ
879 1919 970 1973 τὸν
1012 1921 1221 1992 πύργον
1257 1925 1374 1978 ἐκεῖ
1420 1922 1578 1996 ἦσαν,
1620 1931 1713 1983 καὶ
1745 1916 2134 2004 ἀνεστρέφοντο

560 2000 655 2054 ἐπὶ
687 2000 868 2055 πλεῖον
902 2005 1041 2090 κατὰ
1066 2006 1351 2072 ἀνατολάς.
1401 2010 1538 2064 Ἀλλ’
1567 2013 1716 2083 ὅμως
1745 2016 1867 2069 καθ’
1895 2000 2133 2090 ἑκάστην

560 2086 755 2153 γενεὰν
803 2086 1157 2153 διδασκάλους
1198 2091 1382 2155 αὐτοῖς
1430 2094 1767 2168 κατέστησεν
1790 2099 1820 2151 6
1846 2099 1978 2165 Θεὸς
1997 2141 2012 2165 ,
2040 2086 2133 2155 τὸν

561 2168 719 2232 Νῶε,
768 2169 861 2221 τὸν
911 2171 1195 2244 Ἀϐραὰμ,
1239 2175 1331 2228 τὸν
1391 2176 1610 2244 Ἰσαὰκ,
1648 2181 1741 2234 τὸν
1782 2181 2005 2249 Ἰακὼϐ,
2041 2184 2132 2241 τὸν

559 2251 914 2322 Μελχισεδέκ.
950 2255 1041 2307 Διὸ
1085 2255 1179 2309 καὶ
1207 2259 1235 2311 6
1263 2261 1548 2330 προφήτης
1593 2255 1747 2327 οὗτος
1776 2264 1883 2318 ἀπὸ
1910 2266 2018 2319 τῶν
2050 2269 2132 2333 εἰς

560 2336 686 2399 τοὺς
716 2336 902 2405 ἁγίους
936 2339 1240 2423 γενομένων
1264 2342 1454 2410 ἀνάγει
1480 2345 1608 2409 τοὺς
1640 2348 1698 2400 ἐν
1727 2349 1962 2423 πονηρίᾳ
1990 2351 2131 2416 ζῶν-

558 2433 689 2483 τας,
722 2419 894 2489 λέγων
914 2435 929 2451 ’
959 2422 1160 2477 Γνῶτε
1197 2424 1285 2479 ὅτι
1316 2428 1743 2498 ἑθαυμάστωσε
1785 2419 1999 2503 Κύριος
2025 2437 2133 2491 τὸν

559 2503 736 2558 ὅσιον
771 2505 979 2560 αὑτοῦ.
1026 2507 1091 2560 Τί
1133 2510 1313 2578 ἐστιν,
1371 2511 1863 2584 Ἐυαυμάστωσεε
1905 2520 2129 2593 Θαυμα-

562 2585 688 2676 στὸν
730 2587 1017 2676 ἐποίησεν,
1060 2591 1361 2676 ἐπίσημον,
1398 2595 1695 2670 λαμπρὸν,
1720 2605 1994 2676 περιφανῆ
2023 2585 2131 2661 *τὸν

559 2668 912 2742 ἀνακείμενον
960 2673 1128 2745 αὐτῷ.
1152 2675 1305 2741 ,Ἀπὸ
1350 2680 1444 2732 τοῦ
1470 2668 1656 2735 δούλου
1689 2668 1867 2757 τοίνυν
1902 2668 1997 2741 καί
2023 2689 2130 2743 τῶν

559 2753 642 2815 εἰς
682 2754 843 2807 αὑτὸν
883 2755 1294 2843 συμϐαινόντων
1331 2761 1530 2831 μάθετε
1577 2764 1671 2818 τοῦ
1720 2753 1987 2824 Δεσπότου
2035 2772 2132 2843 τὴν

558 2837 808 2907 δύναμιν.
855 2839 969 2893 Οὐκ
1013 2835 1164 2903 εἷπε,
1210 2841 1447 2898 Δὲδωκεν
1497 2847 1730 2912 ἀγαθὸν,
1769 2851 1958 2920 μόνον,
1992 2835 2126 2920 ἀλλζ,

572 2920 1021 2993 Ἐθαυμάστωσε.
1076 2923 1250 2997 δηλῶν
1287 2927 1371 2980 ὅτι
1397 2927 1594 2984 δέδωκε
1641 2935 1776 3002 μετὰ
1817 2935 2012 2990 πολλοῦ
2038 2938 2129 2992 τοῦ

559 3003 870 3076 θαύματος,
922 3007 1058 3077 μετὰ
1104 3007 1304 3081 πολλῆς
1354 3011 1454 3083 τῆς
1492 3014 2132 3085 παραδοξοποιίας.οὖτω

558 3089 654 3143 καὶ
699 3088 793 3142 ἐπὶ
834 3087 925 3175 τοῦ
973 3089 1224 3163 Ἀϐραὰμ
1271 3091 1515 3163 γέγονεν.
1565 3097 1641 3149 (Ιὺ
1690 3099 1799 3170 γὰρ
1841 3102 2000 3172 μόνον
2032 3104 2131 3175 τὴν

558 3176 794 3243 γυναῖκα
829 3173 1027 3227 ἔδωκεν
1059 3176 1332 3246 ἀνέπαφον
1351 3219 1365 3244 ,
1399 3179 1533 3233 ἀλλά
1562 3181 1657 3234 καὶ
1690 3181 2001 3255 θαυμαστὸν
2030 3173 2131 3241 αὗ-

556 3258 651 3311 τὸν
681 3256 1117 3327 παρεσκεύασεν·
1158 3259 1233 3323 ὼς
1269 3261 1342 3332 μὴ
1379 3262 1536 3332 μόνον
1564 3266 1622 3318 ὲν
1653 3265 1731 3336 τῷ
1762 3269 1836 3339 μὴ
1860 3270 2053 3324 παθεῖν
2077 3290 2132 3326 τι

560 3340 733 3395 δεινὸν
774 3338 913 3393 εἶναι
942 3341 1091 3410 αὐτῷ
1124 3341 1221 3426 τὴν
1256 3343 1487 3415 δωρεὰν,
1523 3346 1659 3401 ἀλλὰ
1679 3352 1774 3403 καὶ
1805 3338 1864 3404 ἐν
1890 3353 1967 3423 τῷ
1988 3353 2132 3426 λαμυ

560 3422 700 3495 πρὸν
726 3422 976 3508 γενέσθαι
1016 3425 1156 3508 κατὰ
1197 3425 1294 3496 τὴν
1335 3428 1627 3495 Αἴγυπτον.
1665 3431 1738 3484 Τὸ
1769 3434 1867 3505 μὲν
1899 3422 2006 3508 γὰρ
2045 3422 2150 3494 διὰι

561 3507 658 3577 τὴν
688 3504 852 3569 αὑτοῦ
876 3507 1219 3580 δικαιοσύνην
1250 3511 1484 3578 ἐγένετο,
1517 3513 1577 3565 τὸ
1612 3504 1779 3585 μηδὲν
1821 3504 1987 3588 ἀηδὲς
2030 3539 2134 3575 πα-

562 3591 710 3671 θεῖνέ
745 3589 808 3642 τὸ
853 3589 911 3643 δὲ
939 3589 1028 3643 διὰ
1056 3590 1153 3661 τὴν
1191 3592 1415 3647 ἐκείνων
1452 3595 1746 3663 ὠφέλειαν,
1774 3600 1836 3667 τὸ
1865 3603 2003 3671 μετὰ
2028 3620 2133 3658 πα-

565 3670 942 3744 ραδοξοποιίας
960 3673 1166 3727 ἐκεῖθεν
1183 3675 1514 3731 ἐπανελθεῖν.
1541 3679 1710 3732 Τοῦτο
1727 3681 1817 3734 ἐπὶ
1834 3670 1938 3735 τῶν
1967 3687 2133 3756 τριῶν

564 3757 788 3823 παίδων,
815 3756 972 3811 τοῦτο
1001 3757 1221 3811 ἐπὶτῶν
1246 3759 1475 3813 λεόντων
1494 3763 1711 3835 συνέϐη,
1740 3764 1898 3820 τοῦτο
1917 3769 2010 3822 ἐπὶ
2037 3769 2132 3824 τοῦ

565 3843 763 3912 κήτους
793 3842 889 3896 καὶ
914 3840 1009 3894 τοῦ
1047 3843 1219 3907 Ἰωνᾶ,
1254 3844 1347 3897 καὶ
1377 3846 1650 3917 πανταχοῦ
1691 3849 1829 3919 μετὰ
1856 3851 2134 3924 θαύματος

563 3925 748 3990 σώζει,
771 3925 868 3995 οὐχ
899 3924 1084 3988 ἁπλῶς
1111 3927 1336 3992 πάντας,
1368 3928 1503 3982 ἀλλὰ
1524 3931 1615 3983 τὸν
1646 3932 1811 3987 ὅσιον.
2122 3938 2127 3944 ’

632 4004 859 4072 ζ’.Εἷδες
876 4007 989 4074 πῶς
1013 4009 1149 4079 μετὰ
1164 4009 1262 4081 τῆς
1281 4008 1625 4080 θεογνωσίας,
1640 4017 1731 4068 καὶ
1743 4015 1859 4085 βίου
1870 4017 2134 4089 ἀκριϐοῦς

561 4090 881 4161 παραίνεσιν
900 4094 1203 4176 ῥέποι-εἷται,
1218 4093 1500 4176 παιδεύων
1524 4095 1598 4167 μὴ
1630 4099 1790 4168 μόνον
1818 4100 1878 4154 ἐν
1903 4104 1969 4173 τῇ
1997 4120 2133 4176 χρη-

564 4174 781 4243 στότητι
800 4164 913 4257 τοῦί
926 4173 1084 4241 Θεοῦ,
1106 4174 1243 4229 ἀλλὰ
1273 4176 1365 4230 καὶ
1391 4179 1449 4231 ὲν
1479 4164 1544 4250 τῇ
1580 4164 1687 4236 τῶν
1715 4164 2132 4257 οἰκείων

561 4256 728 4327 ἀρετῇ
754 4256 852 4320 τὰς
879 4256 1095 4321 ἐλπίδας
1122 4258 1267 4329 ἔχειν
1293 4259 1392 4332 τῆς
1429 4264 1734 4334 σωτηρίας;
1772 4256 1995 4336 Κύριος
2009 4273 2132 4325 εἰσ-

560 4340 885 4393 ιηιούσεταί
917 4358 1036 4408 μου
1063 4341 1134 4395 ἐν
1164 4340 1245 4407 τῷ
1265 4345 1616 4414 κεκραγέναι
1639 4365 1718 4417 με
1739 4350 1889 4417 πρὸς
1920 4354 2128 4414 αὐτόν,

559 4423 744 4478 Εἰπὼν
760 4425 842 4477 ὅτι
864 4423 1305 4495 ἐθαυμάστωσεν,
1336 4428 1431 4498 οὐχ
1458 4429 1669 4483 ἵσταται
1703 4433 1866 4505 μέχρι
1899 4435 2127 4503 τούτων,

558 4507 696 4561 ἀλλὰ
736 4509 830 4562 καὶ
860 4508 1066 4579 ιὲτερον
1091 4508 1412 4594 εὐημερίας
1475 4508 1616 4575 εἶδος
1645 4513 1814 4584 λέγει.
1865 4514 2022 4573 Ποῖον
2063 4520 2128 4594 δὴ

559 4591 743 4658 τοῦτος
777 4592 852 4645 Τὸ
891 4592 1152 4664 διηνεκῶς
1181 4593 1324 4665 ἔχειν
1368 4595 1459 4649 τὸν
1501 4596 1635 4651 Θεὸν
1699 4600 1988 4673 σύμμαχον
2034 4591 2129 4660 καί

560 4675 772 4759 βοηθὸν,
808 4677 902 4730 καὶ
933 4676 1209 4747 πανταχοῦ
1244 4678 1673 4749 παριστάμενον.
1718 4686 1794 4737 Οὐ
1833 4687 1941 4759 γὰρ
1981 4688 2129 4755 ἅπαξ

557 4758 714 4811 τοῦτο
741 4760 884 4811 ποιεί
921 4760 1015 4843 καί
1048 4759 1129 4824 δὶς
1160 4760 1253 4814 καὶ
1285 4762 1424 4832 τρὶς,
1453 4763 1588 4817 ἀλλὰ
1621 4766 1904 4837 διηνεκῶς,
1940 4773 2124 4843 φησὶν,

557 4841 654 4895 ἐὰν
682 4840 844 4894 αὐτὸν
866 4841 1120 4912 καλῶμεν
1137 4858 1149 4871 ’
1175 4844 1270 4898 καὶ
1296 4844 1397 4915 ὅρα
1425 4845 1586 4900 πάλιν
1624 4849 1902 4905 κάνταῦθα
1923 4856 1984 4908 τὸ
2003 4840 2011 4843 ν
2030 4856 2128 4910 τά-

557 4939 671 4994 χος.
709 4923 917 4994 Ὥσπερ
943 4923 1052 4996 γὰρ
1077 4925 1191 4979 ἀνω
1221 4925 1427 4995 ἔλεγεν,
1475 4930 1577 4984 Ἐν
1600 4929 1681 4997 τῷ
1710 4933 2129 4993 ἐπικαλεῖσθαί

553 5023 650 5077 με,
690 5006 1020 5076 εἰσήκουσέ
1058 5027 1178 5079 μου
1200 5013 1233 5063 ό
1260 5010 1404 5078 Θεὸς
1433 5011 1543 5082 τῆς
1570 5013 1959 5087 δικαιοσύνης
1971 5039 2091 5090 μου
2110 5041 2124 5057 -

557 5087 701 5142 οὕτω
749 5091 844 5144 καὶ
884 5091 1149 5156 ἐνταῦθα,
1208 5093 1312 5147 Ἐν
1356 5092 1437 5162 τῷ
1469 5099 1815 5170 κεκραγέναι
1854 5119 1930 5173 με
1973 5087 2128 5175 πρὸς

554 5173 760 5230 αὐτόν.

629 5256 752 5321 Πῶς
799 5250 894 5311 οὖν
923 5256 1024 5311 οὐκ
1054 5256 1352 5314 ’ἀκούονται
1400 5259 1620 5326 πολλοὶ,
1675 5266 1843 5336 (mat;
1907 5270 2008 5325 Διὰ
2063 5272 2126 5327 τὸ

556 5337 1086 5427 ἀσύμφοραᾼμίτεῑν,
1109 5342 1409 5427 ,ΑἘνταῦθα
1445 5347 1555 5420 γὰρ
1581 5346 1645 5400 τὸ
1683 5349 1757 5419 μὴ
1790 5350 2124 5427 ἀκουσθῆναι

554 5419 649 5474 τοῦ
683 5421 1015 5512 ἀκουσθῆναι
1061 5422 1290 5512 βέλτιον.
1314 5427 1489 5512 βὨστε
1527 5419 1642 5484 κᾶν
1667 5419 2031 5506 ἀκουώμεθαί
2050 5438 2125 5512 μὴ

554 5503 644 5591 διὰ
668 5505 825 5591 τοῦτο
856 5506 1137 5591 χαίρωμεν
1155 5526 1171 5543 ⁸
1200 5511 1337 5566 ἀλλὰ
1368 5514 1466 5567 καὶ
1490 5514 1617 5569 ὅταν
1647 5517 1721 5587 μὴ
1764 5503 2123 5591 ἀκουώμεθα,

557 5589 651 5640 καὶ
680 5587 769 5673 διὰ
795 5589 956 5643 τοῦτο
978 5590 1311 5665 δοξάζωμεν.
1352 5594 1425 5649 Ἦ
1454 5596 1564 5668 γὰρ
1586 5598 1883 5673 ἀσύμφορα
1907 5587 2123 5659 αἰτοῦνὲ

554 5685 644 5735 τες
667 5672 769 5726 οὐκ
808 5674 1117 5747 ἀκουόμεθα
1136 5716 1152 5742 ,
1183 5677 1278 5733 καὶ
1306 5677 1384 5750 τῷ
1422 5680 1500 5752 μὴ
1524 5681 1710 5739 λαϐεῖν
1736 5672 2121 5762 κερδαίνομεν

613 5821 642 5854 l
667 5810 791 5878 Reg.
816 5816 897 5865 καὶ
924 5816 1030 5879 βίον
1049 5819 1268 5882 προνοίας
1287 5820 1577 5882 παραίνεσιν,

2240 541 2280 634 ἦν
2307 544 2566 617 ῥᾳθύμως
2597 550 2887 623 αἰτοῦμεν,
2935 557 3031 611 καὶ
3077 561 3142 631 τῇ
3187 560 3440 634 μελλήσει
3486 562 3586 632 τῆς
3612 563 3814 631 δόσεως

2233 633 2332 701 τὴν
2362 637 2686 709 προσεδρίαν
2712 643 2842 712 ἡμῖν
2869 645 2898 697 6
2918 645 3052 710 Θεὸς
3084 633 3363 718 σοφίζεται
3384 667 3398 680 '
3439 651 3534 704 καὶ
3563 649 3720 703 τοῦτο
3753 651 3813 705 δὲ

2233 720 2294 771 οὐ
2323 721 2516 792 μικρὸν
2556 726 2764 797 κέρδος.
2796 732 2865 784 El
2890 732 3000 801 γὰρ
3034 736 3224 805 ὑμεῖς,
3256 739 3450 809 φησὶν,
3484 736 3684 793 οἴδατε
3713 737 3813 790 δό-

2228 824 2382 875 ματα
2416 811 2608 881 ἀγαθὰ
2646 815 2874 871 διδόναι
2927 821 3052 888 τοῖς
3094 824 3328 891 τέκνοις
3370 826 3539 894 ὑμῶν
3557 868 3572 891 ,
3630 826 3811 897 πολλῷ

2238 895 2439 964 μᾶλλον
2466 901 2495 952 6
2519 899 2651 967 Θεὸς
2689 904 2871 975 ήμῶν,
2913 908 3278 980 ἐπιστάμενος
3299 912 3361 965 τὸ
3383 912 3568 965 δοῦναι
3587 954 3601 975 ,
3627 912 3720 966 καὶ
3748 895 3811 966 τὸ

2236 983 2366 1070 πότε
2400 985 2606 1048 δοῦναι,
2630 991 2725 1044 καὶ
2747 991 2810 1044 τὸ
2833 995 2889 1046 τί
2917 994 3121 1050 δοῦναι.
3148 996 3261 1070 [17]
3290 999 3443 1053 Ἑπεί
3468 999 3565 1053 καὶ
3597 997 3809 1062 Παῦλος

2234 1069 2425 1158 ᾔτησε.
2456 1076 2550 1128 καὶ
2575 1077 2675 1130 οὐκ
2713 1077 2935 1133 ἔλαϐενο
2965 1069 3283 1157 ἀσύμφορον
3314 1086 3343 1128 1³
3373 1087 3483 1158 γὰρ
3523 1088 3645 1158 ᾔτει
3665 1103 3680 1118 ο
3709 1087 3808 1139 καὶ

2235 1156 2490 1232 Μωϋσῆς,
2526 1163 2618 1215 καὶ
2651 1164 2771 1218 οὐδὲ
2797 1166 2989 1237 ἐκείνῳ
3017 1156 3307 1251 ἐπένευσεν
3335 1172 3365 1224 6
3392 1156 3553 1231 Θεός.
3575 1171 3667 1242 Μὴ
3690 1171 3807 1225 τοί-

2234 1263 2330 1300 νυν
2357 1249 2706 1324 άποστῶμεν,
2741 1256 2869 1311 ὅταν
2906 1258 2983 1330 μὴ
3012 1249 3360 1331 ἀκουὼμεθα,
3391 1261 3521 1331 μηδέ
3553 1260 3810 1330 ἁλύωμεν

2235 1336 2331 1388 καὶ
2371 1339 2697 1410 ναρκῶμεν,
2738 1343 2853 1397 ἀλλ’
2894 1344 3244 1417 ἐπιμένωμεν
3280 1349 3347 1418 τῇ
3384 1345 3679 1418 προσεδρίᾳ.
3711 1347 3806 1398 καὶ

2233 1425 2299 1493 τῇ
2328 1426 2558 1497 αἰτήσει.
2598 1429 2785 1485 Πάντα
2828 1434 2940 1506 γὰρ
2989 1435 3375 1506 συμφερόντως
3416 1437 3445 1489 6
3475 1434 3607 1498 Θεὸς
3641 1433 3808 1504 ἐργά-

2235 1509 2406 1576 ζεται.
2452 1514 2803 1585 Ὀργίζεσθε,
2850 1522 2950 1574 καὶ
2983 1521 3070 1592 μὴ
3105 1521 3498 1591 ἁμαρτάνετε*
3530 1520 3569 1575 ἃ
3599 1523 3808 1590 λέγετε

2234 1597 2305 1651 ἐν
2344 1600 2474 1668 ταῖς
2519 1604 2788 1673 καρδίαις
2829 1608 3030 1677 ὑμῶν,
3080 1609 3179 1663 ἐπὶ
3216 1608 3343 1675 ταῖς
3383 1610 3607 1674 κοίταις
3640 1606 3807 1677 ὑμῶν

2235 1691 2625 1759 κατανύγητε.
2679 1692 2853 1766 Ὅπερ
2897 1695 3207 1767 ἔμπροσθεν
3257 1692 3444 1760 εἷπον,
3496 1694 3655 1748 τοῦτο
3711 1694 3807 1747 καὶ

2233 1773 2330 1829 νῦν
2352 1775 2514 1845 λέγω.
2554 1778 2772 1853 Ἐπειδὴ
2801 1782 2907 1854 γὰρ
2938 1783 3075 1855 πρὸς
3106 1783 3432 1853 θεογνωσίαν
3460 1783 3657 1846 αὐτοὺς
3685 1781 3807 1854 μέλ-

2232 1860 2313 1915 λει
2334 1869 2714 1936 χειραγωγεῖν,
2743 1868 3076 1924 ἀπαλλάττει
3097 1871 3196 1942 τὴν
3226 1871 3402 1942 ψυχὴν
3426 1869 3536 1924 τῶν
3562 1869 3808 1940 νοσημά-

2231 1967 2359 2006 των.
2401 1948 2521 2005 Οἵδε
2560 1953 2689 2025 γὰρ,
2727 1955 2810 2008 ὅτι
2861 1955 2976 2027 βίος
3010 1956 3405 2028 διεφθαρμένος
3440 1956 3668 2028 κώλυμα
3703 1956 3806 2025 τῆς

2230 2040 2337 2093 τῶν
2367 2042 2585 2114 ὑψηλῶν
2616 2044 2901 2115 δογμάτων
2929 2046 3213 2118 ἀκριϐείας
3236 2047 3467 2116 γίνεται.
3496 2046 3672 2115 Ὅπερ
3709 2040 3805 2098 οὖν

2230 2128 2326 2181 καὶ
2360 2129 2572 2195 Παῦλος
2601 2133 2974 2205 αἰνιττόμενος
3016 2133 3200 2202 ἔλεγεν
3228 2144 3251 2174 ο
3277 2151 3290 2166 ’
3331 2136 3452 2188 Οὐκ
3488 2131 3805 2201 ἠδυνήθην

2229 2216 2373 2285 ὑμῖν
2401 2216 2670 2287 λαλῆσαι
2706 2220 2786 2287 ὡς
2811 2221 3259 2290 πνευματικοῖς,
3293 2222 3431 2277 ἀλλ’
3474 2222 3556 2288 ὡς
3594 2234 3806 2287 σαρκι-

2230 2304 2376 2370 κοῖς,
2424 2306 2534 2359 Καὶ
2587 2306 2779 2361 πάλιν
2837 2308 2930 2374 Ὡς
2975 2308 3216 2375 νηπίοις
3258 2308 3328 2361 ἐν
3361 2307 3613 2377 Χριστῷ,
3647 2304 3806 2377 γάλα

2228 2392 2384 2461 ὑμᾶς
2403 2395 2673 2461 ἐπότισα,
2704 2398 2775 2452 οὐ
2795 2396 3027 2467 βρῶμα.
3051 2397 3163 2453 Kal
3195 2397 3357 2451 πάλιν
3375 2414 3388 2428 ³
3417 2396 3561 2465 Περί
3585 2390 3658 2451 οὖ
3696 2410 3808 2447 ποι

2228 2482 2345 2547 λὺς
2386 2481 2531 2552 ἡμῖν
2570 2486 2604 2538 ό
2642 2485 2826 2553 λόγος
2866 2485 2963 2538 καὶ
2997 2485 3500 2555 δυσερμήνευτος,
3531 2481 3660 2536 ἐπεὶ
3690 2497 3803 2534 νω-

2231 2570 2358 2636 θροί
2385 2569 2526 2624 ἐστε
2551 2571 2667 2638 τὴν
2692 2570 2905 2639 ἀκοήν.
2941 2574 3047 2625 Kal
3077 2574 3106 2626 6
3139 2573 3367 2635 Ἡσαΐας
3402 2570 3562 2625 πάλιν
3581 2587 3595 2602 ·
3630 2567 3806 2636 Ζητεῖ

2223 2672 2301 2724 με
2335 2659 2369 2710 ό
2407 2657 2557 2724 λαὸς
2587 2653 2785 2724 οὗτος,
2811 2659 2912 2712 καὶ
2937 2658 3159 2728 γνῶναί
3182 2677 3303 2729 μου
3330 2658 3438 2725 τὰς
3468 2656 3646 2723 ὀδοὺς
3675 2656 3803 2709 ἐπι-

2229 2741 2555 2811 θυμοῦσιν,
2580 2744 2679 2810 -ὠς
2703 2745 2854 2810 ,λαός
2879 2746 3276 2814 δικαιοσύνην
3308 2745 3668 2811 πεποιηκὼς,
3702 2741 3803 2796 καὶ

2227 2831 2431 2899 κρίσιν
2456 2831 2604 2887 Θεοῦ
2620 2833 2707 2902 μὴ
2727 2826 3259 2904 ἐγκαταᾲίελοιπὼς.
3284 2835 3393 2888 Kal
3416 2833 3576 2902 Ὠσηέ
3593 2848 3613 2868 ο
3634 2831 3805 2885 Σκεί-

2220 2935 2366 2987 ρατε
2390 2918 2627 2987 ἑαυτοῖς
2640 2922 2728 2987 εἰς
2748 2920 3165 2992 δικαιοσύνην,
3187 2922 3486 2991 φωτίσατε
3508 2918 3633 2990 φῶς
3655 2917 3802 2989 τνώ·

2228 3024 2402 3076 σεως.
2438 3011 2550 3064 Kal
2581 3012 2609 3063 6
2637 3011 2867 3078 Χριστὸς
2892 3010 3157 3067 διδάσκων
3182 3011 3365 3076 ἔλεγε·
3395 3008 3519 3075 Πᾶς
3539 3013 3571 3064 ὁ
3596 3008 3802 3079 φαῦλα

2229 3095 2542 3167 πράσσων,
2561 3087 2742 3167 ’μισεῖ
2756 3097 2822 3152 τὸ
2849 3098 2995 3169 φῶς,
3032 3098 3130 3152 καί
3156 3100 3269 3153 οὐκ
3300 3099 3533 3166 ἔρχεται
3560 3096 3711 3165 πρὸς
3733 3094 3802 3148 τὸ

2228 3184 2375 3255 φῶς.
2412 3186 2522 3239 Kal
2549 3186 2736 3241 πάλιν·
2770 3187 2902 3253 Πῶς
2926 3187 3191 3243 δύνασθε
3222 3187 3561 3248 πιστεύειν,
3610 3182 3803 3246 δόξαν

2230 3273 2367 3343 παρ’
2400 3274 2690 3343 ἀλλήλων
2719 3273 3156 3344 λαμϐάνοντες,
3205 3274 3305 3328 καὶ
3333 3271 3450 3341 τὴν
3476 3270 3666 3336 δόξαν
3686 3266 3803 3335 τὴν

2229 3362 2391 3431 παρὰ
2423 3362 2528 3417 τοῦ
2552 3367 2744 3432 μόνου
2775 3363 2921 3416 Θεοῦ
2961 3364 3033 3416 οὐ
3076 3362 3418 3429 ζητοῦντες;
3462 3360 3569 3414 Kal
3599 3360 3760 3413 πάλιν
3780 3371 3797 3386 ⁶

2235 3451 2424 3504 Ταῦτα
2458 3445 2630 3504 εἷπον
2661 3453 2715 3505 οἱ
2739 3451 2929 3520 γονεῖς
2952 3450 3158 3513 αὐτοῦ,
3193 3450 3280 3502 ὅτι
3308 3448 3632 3519 ἐφοϐοῦντο
3656 3444 3802 3512 τοὺς

2242 3537 2593 3603 Ἰουδαίους,
2624 3538 2725 3592 ἵνα
2745 3536 2832 3608 μὴ
2866 3536 3321 3607 ἀποσυνάγωγοι
3349 3537 3655 3607 γένωνται.
3690 3533 3801 3586 Kal

2229 3625 2424 3680 πάλιν·
2456 3624 2679 3679 Πολλοὶ
2718 3624 2785 3678 δὲ
2812 3626 3185 3679 ἐπίστευσαν
3222 3627 3308 3690 εἰς
3333 3622 3538 3687 αὑτὸν,
3578 3620 3676 3675 καὶ
3702 3620 3804 3673 διὰ

2228 3715 2371 3781 τοὺς
2403 3714 2765 3783 Φαρισαίους
2807 3714 2918 3782 οὐχ
2964 3714 3327 3782 ὡμολόγουν.
3379 3711 3487 3764 Kal
3525 3710 3800 3780 πανταχοῦ

2231 3804 2330 3858 ῐδοι
2370 3819 2455 3864 τις
2506 3800 2574 3856 ἂν
2619 3801 2712 3855 τὸν
2749 3800 3145 3873 διεφθαρμένον
3190 3800 3304 3871 βίον
3348 3799 3484 3871 πρὸς
3514 3798 3802 3871 δογμάτων

2228 3890 2513 3963 ἀκρίϐειαν
2543 3888 2797 3960 ἐμπόδιον
2820 3888 3120 3959 γινόμενον.
3166 3889 3378 3959 Ὠσπερ
3406 3887 3516 3960 γὰρ
3548 3887 3695 3958 λήμη
3728 3888 3798 3957 τῇ

2227 3978 2338 4032 τῶν
2362 3975 2656 4047 ὀφθαλμῶν
2684 3975 2872 4029 διειδεῖ
2898 3975 3033 4047 κόρῃ
3081 3972 3484 4047 προσιζάνουσα
3522 3973 3801 4026 ἐπισκοτεί

2227 4067 2324 4120 καὶ
2354 4065 2499 4119 θολοῖ
2531 4066 2591 4118 τὸ
2622 4061 2876 4134 φωτίζον,
2908 4061 3051 4116 οὕτω
3074 4061 3139 4133 δὴ
3171 4063 3267 4117 καὶ
3290 4061 3547 4132 λογισμὸς
3576 4059 3679 4113 ὑπὸ
3703 4075 3802 4112 πο-

2226 4171 2292 4226 νη
2300 4154 2423 4224 ρίας
2446 4150 2879 4221 κατειλημμένος
2903 4152 3085 4204 σκοτοῖ
3106 4151 3200 4203 καὶ
3230 4151 3396 4221 πηροῖ
3419 4148 3517 4220 τὴν
3538 4148 3797 4202 διάνοιαν.

2297 4242 2389 4295 Διὸ
2420 4243 2513 4295 καὶ
2553 4243 2583 4295 6
2626 4240 2916 4311 Προφήτης
2964 4238 3121 4292 τοῦτο
3173 4239 3328 4303 εἰδὼς
3387 4238 3568 4307 λέγει·
3616 4237 3798 4307 Ὀργί-

2227 4329 2416 4395 ζεσθε,
2449 4327 2547 4382 καὶ
2563 4326 2649 4398 μὴ
2683 4324 3064 4397 ἁμαρτάνετε.
3094 4326 3170 4380 Οὐ
3191 4326 3300 4398 γὰρ
3323 4326 3420 4398 τὴν
3444 4326 3613 4397 ὀργὴν
3639 4326 3799 4379 ἀναι-

2230 4422 2330 4489 ρεί,
2357 4417 2600 4489 χρησίμη
2628 4416 2736 4487 γάρ
2754 4433 2768 4447 ο
2799 4415 2919 4469 οὐδὲ
2941 4415 3033 4468 τὸν
3060 4414 3231 4486 θυμὸν
3258 4413 3535 4477 ἐκκόπτει,
3569 4414 3660 4468 καὶ
3688 4413 3801 4485 γὰρ

2225 4507 2498 4577 ὠφέλιμος
2517 4503 2659 4558 κατὰ
2670 4502 2777 4558 τῶν
2791 4502 3116 4559 ἀδικούντων
3132 4504 3412 4573 γινόμενος
3431 4501 3676 4557 καὶκατὰ
3687 4500 3801 4553 τῶν

2229 4590 2489 4663 ῥᾳθύμων
2506 4603 2521 4619 ο
2557 4587 2694 4642 ἀλλὰ
2714 4587 2814 4659 τὴν
2845 4587 3030 4641 άδικον
3054 4588 3244 4659 ὀργὴν,
3269 4588 3361 4640 τὸν
3382 4586 3574 4655 ἄλογον
3601 4583 3795 4656 θυμόν.

2225 4674 2335 4726 Kal
2353 4670 2602 4741 καθάπερ
2616 4670 2645 4722 6
2666 4669 2908 4740 Μωῦσῆς
2926 4670 3006 4735 εἰς
3018 4671 3110 4723 τὸν
3130 4671 3320 4740 ἠθικὸν
3342 4669 3597 4741 ἐμπεσὼν
3617 4669 3796 4736 λόγον,

2224 4756 2333 4810 άπὸ
2345 4755 2535 4810 τούτου
2557 4751 2771 4823 πρῶτον
2781 4754 2880 4824 τῆς
2894 4752 3215 4824 νομοθεσίας
3225 4754 3325 4825 τὴν
3343 4754 3519 4826 ἀρχὴν
3538 4754 3795 4813 ποιεῖται,

2224 4838 2428 4907 λέγων,
2467 4838 2548 4890 Οὐ
2562 4836 2900 4906 φονεύσεις,
2938 4835 3081 4890 οὕτω
3105 4836 3170 4908 δὴ
3199 4838 3296 4891 καὶ
3316 4830 3471 4901 οὗτος
3490 4853 3503 4866 ο
3540 4834 3675 4890 ἀλλὰ
3702 4833 3800 4887 nl

2225 4922 2409 4976 πλεῖον
2430 4914 2614 4986 οὗτος,
2645 4920 2754 4992 ὅσῳ
2781 4921 2874 4974 καὶ
2903 4920 3104 4992 μᾶλλον
3129 4922 3199 4975 τὰ
3229 4922 3330 4993 τῆς
3357 4920 3633 4985 εὐσεϐείας
3656 4937 3799 4989 γνω-

2226 5004 2504 5079 ριμώτερα
2531 4999 2620 5076 ἦν.
2671 5003 2731 5056 '0
2767 5003 2864 5075 μὲν
2885 5003 2994 5076 γὰρ
3022 5004 3114 5059 τὸν
3136 5004 3295 5074 φόνον
3324 5003 3581 5059 ἐκκόπτει
3600 5020 3615 5035 ·
3640 4995 3796 5066 οὗτος

2223 5090 2282 5145 δὲ
2325 5089 2419 5143 καὶ
2458 5087 2558 5158 τὴν
2591 5087 2802 5159 μητέρα
2845 5087 2941 5141 τοῦ
2980 5090 3171 5156 φόνου,
3211 5087 3313 5159 τὴν
3341 5086 3535 5161 ὀργὴν,
3572 5086 3666 5140 καὶ
3694 5086 3797 5158 τὴν

2226 5171 2411 5245 ῥίζανξ,
2453 5170 2549 5225 καὶ
2586 5169 2686 5240 τὴν
2717 5170 2899 5241 πηγὴν
2926 5165 3092 5225 οὖσαν
3121 5168 3217 5223 τοῦ
3254 5169 3426 5225 κακοῦ
3453 5168 3793 5225 ἀναστέλλει.

2223 5257 2315 5309 Διὸ
2342 5254 2437 5310 καὶ
2474 5254 2505 5307 6
2538 5250 2774 5325 Χριστὸς
2811 5251 3189 5306 καταστέλλων
3216 5253 3318 5326 τὴν
3353 5252 3544 5325 ὀργὴν,
3574 5246 3789 5320 ἔλεγεν·

2236 5341 2299 5394 '0
2336 5336 2708 5409 ὀργιζόμενος
2742 5335 2823 5402 τῷ
2853 5336 3108 5407 ἀδελφῷΔ
3139 5339 3327 5393 αὐτοῦ
3370 5337 3533 5408 εἰκῆ,
3575 5337 3796 5408 ἔνοχος

2223 5422 2394 5489 ἔσται
2414 5424 2503 5486 εἰς
2531 5420 2651 5488 τὴν
2677 5418 2930 5490 γέενναν
2954 5420 3063 5475 τοῦ
3094 5422 3304 5490 πυρός.
3330 5416 3484 5485 Εἶδες
3512 5421 3795 5493 πανταχοῦ

2226 5506 2420 5579 μέτρα.
2468 5501 2788 5578 Ὀργίζεσθε
2802 5545 2820 5573 ,
2861 5504 2960 5558 καὶ
2997 5502 3086 5575 μὴ
3117 5503 3500 5575 ἁμαρτάνετε.
3553 5504 3607 5557 '0
3637 5505 3797 5575 ὀργι-

2282 5643 2462 5709 ιιιιεε.
2504 5648 2559 5693 et
2596 5643 2736 5709 Colb,
2779 5645 3160 5709 ἀσυμφόρωςει
3192 5647 3263 5696 sic
3300 5646 3451 5697 Savil.
3475 5643 3576 5695 Sed
3594 5659 3721 5695 unus
3762 5659 3793 5697 ι

2222 5706 2375 5771 Savij.
2400 5714 2697 5771 memgrams
2718 5706 2994 5771 ἀσύμφορον
3016 5708 3179 5771 habet.

2284 5770 2311 5834 ξ
2334 5768 2454 5829 Reg.
2500 5768 2611 5834 οἶδε-
2634 5769 2742 5834 γὰρ,
2762 5768 3003 5834 δπερριαί
3024 5770 3283 5834 ἔμπροσθεν
3319 5769 3469 5831 εἷπον,
3497 5769 3570 5819 ὅτι
3591 5769 3794 5834 pix..."

2228 5828 2429 5890 κώλυμα
2589 5828 2867 5895 ἀκριϐείᾳ...’
2882 5828 3071 5887 Παῦλος
3094 5828 3263 5895 ἔλεγεν.
