4074 6356
358 464 425 518 19
1507 467 1866 526 EXPOSITIO
1907 469 1971 524 IN
2011 469 2335 531 PSALMUM
2377 475 2464 531 IV.
3579 497 3647 552 δυ

352 579 539 630 urbem
571 587 832 634 terrarum
864 577 1027 634 fuisse
1055 595 1086 634 a
1113 581 1310 637 sanctis
1336 581 1634 639 docendum
1660 627 1676 652 ,
1705 586 1750 639 si
1781 585 1940 639 modo

354 667 451 734 ipsi
488 669 782 723 voluissent
803 669 826 722 ?
850 670 1149 737 Quinetiam
1190 681 1315 728 ante
1353 689 1446 729 eos
1469 674 1726 731 diluvium
1753 685 1806 730 et
1835 675 1942 732 lin-

351 776 574 828 gnarum
605 760 849 815 confusio
875 761 941 816 ad
984 765 1317 820 excitandam
1343 781 1528 822 eorum
1554 777 1786 824 mentem
1813 770 1942 824 satis

353 853 583 908 fuerant.
609 854 686 910 Ne
708 857 851 910 enim
878 857 1020 926 quod
1039 870 1290 921 evenerat
1317 861 1574 932 temporis
1599 862 1943 918 diuturnitate

352 946 605 1001 oblivioni
633 947 932 1003 traderetur
953 991 968 1015 ,
1002 950 1150 1007 locus
1175 953 1581 1023 appellationem
1627 956 1822 1024 accipit
1847 975 1859 1010 :
1887 965 1942 1011 et

353 1036 548 1091 exinde
574 1037 810 1108 Babylon
843 1055 909 1095 ex
936 1041 1233 1111 linguarum
1277 1045 1590 1102 confusione
1628 1047 1852 1112 dicitur,
1884 1055 1941 1101 ut

352 1126 567 1182 auditor
598 1128 668 1183 ab
712 1131 822 1199 ipsa
865 1133 1218 1202 appellatione
1244 1135 1535 1202 deductus,
1568 1137 1632 1192 ad
1674 1139 1746 1192 rei
1777 1151 1940 1209 gesue

354 1218 674 1291 principium
717 1221 966 1278 deveniat
1009 1234 1064 1280 et
1106 1226 1197 1281 Dei
1241 1228 1490 1284 virtutem
1531 1230 1809 1300 intelligat.
1863 1231 1939 1285 lta

353 1309 512 1364 etiam
535 1313 624 1380 qui
649 1313 957 1370 habitabant
979 1318 1032 1372 in
1054 1318 1341 1377 Occidente
1361 1339 1546 1380 omnes
1567 1326 1742 1378 omnia
1763 1325 1939 1380 disce-

353 1399 481 1455 bant
506 1443 520 1466 ,
552 1418 674 1458 cum
706 1410 1088 1465 mercatoribus
1117 1411 1382 1483 IEgyptiis
1419 1427 1714 1471 versantes.
1743 1418 1942 1486 Quam-

354 1507 510 1561 quam
542 1495 737 1566 alioqui
761 1499 816 1552 iu
849 1500 1109 1572 principio
1135 1519 1238 1558 non
1265 1507 1444 1562 multa:
1469 1520 1656 1577 gentes
1687 1521 1839 1564 erant
1884 1513 1938 1567 in

353 1585 440 1639 illa
486 1590 752 1658 regione:
793 1593 886 1648 sed
928 1597 1156 1650 maxima
1206 1598 1479 1655 hominum
1531 1601 1828 1672 frequentia
1876 1620 1940 1661 ac

355 1677 524 1733 turbae
551 1681 831 1737 multitudo
859 1694 976 1739 erat
1002 1687 1056 1741 in
1096 1690 1334 1758 partibus
1363 1692 1614 1749 Orientis.
1647 1697 1850 1750 Etenim
1882 1707 1938 1752 et

353 1767 522 1822 Adam
550 1769 694 1825 illinc
727 1789 971 1843 egressus
1013 1788 1124 1841 est,
1155 1791 1205 1834 et
1226 1796 1394 1850 genus
1423 1782 1534 1838 Noe
1562 1785 1668 1841 illic
1692 1787 1939 1842 versaba-

354 1867 458 1927 tur,
491 1870 547 1916 et
571 1873 692 1932 post
721 1869 907 1922 turrim
935 1869 1041 1924 illic
1069 1883 1236 1938 erant,
1272 1885 1325 1928 et
1353 1885 1414 1930 ut
1441 1877 1724 1946 plurimum
1753 1895 1936 1935 versa-

350 1951 548 2008 bantur
575 1957 626 2010 in
653 1955 890 2014 Oriente.
919 1961 1024 2016 Sed
1056 1973 1230 2020 tamen
1273 1966 1324 2020 in
1368 1984 1683 2040 unaquaque
1709 1987 1936 2042 genera-

351 2045 495 2100 tione
518 2046 659 2103 Deus
686 2049 792 2104 illis
819 2051 1065 2108 doctores
1108 2058 1412 2125 constituit,
1449 2060 1596 2128 Noe,
1628 2061 1933 2130 Abraham,

350 2135 522 2206 Isaac,
548 2140 733 2207 Jacob,
750 2143 1158 2207 Melchisedech.
1180 2149 1536 2218 Quamobrem
1571 2154 1655 2209 hic
1676 2156 1934 2225 propheta

349 2244 415 2284 ex
444 2230 541 2296 iis,
569 2248 689 2303 qua:
716 2238 915 2292 sanctis
953 2241 1232 2307 eveniunt,
1257 2259 1350 2299 eos
1390 2244 1478 2315 qui
1516 2247 1568 2300 in
1599 2247 1936 2317 improbitate

350 2320 536 2377 vivunt
560 2325 776 2394 excitat,
803 2328 1026 2386 dicens:
1049 2331 1240 2390 Scitote
1262 2337 1498 2406 quoniam
1521 2341 1802 2408 miri/ienuit
1831 2341 1935 2397 Do-

349 2414 516 2468 minus
539 2426 765 2473 sanctum
788 2437 957 2475 suum.
985 2423 1123 2491 Quid
1149 2435 1232 2481 est
1248 2468 1262 2492 ,
1291 2428 1582 2498 Miriﬁcavit
1604 2432 1629 2484 ?
1649 2431 1797 2488 Fecit
1833 2434 1934 2489 ad-

349 2505 671 2576 mirabilem,
697 2511 978 2582 iusignem.
1017 2517 1250 2583 clarum,
1281 2523 1625 2590 conspicuum
1645 2563 1661 2588 ,
1690 2541 1813 2580 eum
1843 2526 1935 2597 qui

349 2597 448 2666 ipsi
477 2599 722 2656 addictus
749 2612 847 2657 est.
883 2605 962 2660 Ex
985 2620 1142 2662 servo
1169 2623 1297 2680 ergo
1323 2621 1376 2665 et
1419 2612 1484 2667 iis
1507 2629 1626 2683 quae
1655 2615 1753 2685 ipsi
1794 2617 1934 2671 acci-

346 2689 482 2744 dunt
513 2691 719 2748 Domini
747 2695 936 2751 discite
963 2700 1273 2766 potentiam.
1306 2701 1420 2757 Non
1444 2703 1576 2758 dixit
1609 2707 1799 2773 solum,
1829 2707 1933 2763 Bo-

349 2795 477 2838 num
510 2783 693 2850 dedit,
731 2787 861 2856 sed,
889 2789 1248 2847 Admirabilem
1275 2795 1392 2863 fecit
1415 2837 1429 2861 ,
1459 2797 1765 2866 signiﬁcans
1807 2815 1930 2856 eum

347 2872 560 2932 dedisse
583 2892 704 2932 cum
727 2895 923 2950 magno
941 2884 1220 2949 miraculo,
1243 2897 1439 2956 prmter
1463 2887 1620 2944 fidem
1646 2899 1702 2945 et
1725 2892 1932 2962 opinio-

345 2981 491 3021 nem.
523 2969 594 3023 Ita
615 2971 859 3028 etiamin
899 2975 1168 3032 Abraham
1212 2978 1407 3036 factum
1451 2991 1552 3038 est.
1598 2983 1714 3039 Non
1757 2986 1928 3041 solum

343 3060 488 3112 enim
517 3059 664 3116 dedit
688 3078 906 3121 uxorem
937 3066 1211 3136 intactam,
1239 3072 1333 3126 sed
1361 3087 1482 3128 eum
1509 3075 1669 3130 etiam
1700 3077 1932 3133 reddidit

345 3151 714 3208 admirabilem
745 3173 758 3209 :
786 3165 842 3211 ut
866 3173 973 3212 non
999 3161 1174 3216 solum
1197 3162 1393 3218 donum
1423 3165 1473 3219 in
1504 3181 1570 3222 eo
1588 3169 1926 3236 consisteret,

342 3245 484 3312 quod
517 3245 648 3300 nihil
676 3263 836 3318 grave
857 3266 1046 3321 passus
1070 3256 1160 3319 sit,
1185 3256 1277 3310 sed
1299 3259 1458 3312 etiam
1485 3260 1536 3314 in
1563 3275 1628 3315 eo
1651 3262 1792 3332 quod
1818 3263 1928 3317 ela-

343 3350 434 3390 rus
475 3337 526 3390 in
565 3337 798 3411 Egypto
824 3347 1070 3400 evaserit.
1099 3347 1325 3418 PrOpter
1348 3350 1464 3419 ejus
1503 3353 1644 3406 enim
1665 3355 1925 3422 justitiam

342 3425 538 3481 factum
565 3439 667 3493 est,
692 3439 752 3485 ut
779 3434 907 3489 nihil
931 3438 1215 3494 molestum
1245 3441 1318 3494 illi
1347 3441 1533 3508 ﬁeret;
1560 3453 1775 3514 propter
1796 3445 1927 3501 alio-

340 3530 458 3569 rum
487 3528 666 3573 autem
696 3523 996 3592 utilitatem,
1021 3525 1482 3586 ut'admirabiliter
1507 3541 1563 3588 et
1589 3544 1782 3603 praeter
1807 3537 1924 3606 opi-v

339 3607 554 3662 nionem
587 3609 986 3670 illineredire't.
1011 3617 1124 3675 Hoc
1154 3622 1205 3674 in
1247 3621 1414 3677 tribus
1460 3626 1675 3693 pueris,
1721 3627 1822 3681 hoc
1867 3627 1922 3683 in

339 3695 585 3754 leonibus
613 3703 838 3770 accidit,
872 3704 972 3762 hoc
999 3709 1052 3763 in
1077 3719 1197 3765 ceto
1239 3723 1293 3767 et
1332 3713 1386 3768 in
1419 3714 1584 3782 Joua,
1611 3725 1665 3771 et
1689 3717 1924 3789 undique

336 3802 517 3845 servat
543 3808 666 3851 cum
702 3797 992 3868 miraculo,
1034 3818 1141 3859 non
1186 3808 1476 3876 quemlibet
1516 3811 1793 3881 absolute,
1825 3813 1921 3869 sed

333 3897 603 3941 sanetum.
889 3949 895 3958 _

405 3976 457 4029 7.
497 3977 681 4035 Vidisti
722 3987 988 4054 quomodo
1029 4004 1148 4045 cum
1192 3991 1281 4047 Dei
1323 3997 1624 4065 cognitione
1661 3999 1727 4052 ad
1756 3997 1918 4055 vitam

333 4082 545 4138 quoque
590 4074 808 4141 probam
844 4077 861 4108 ¹
890 4079 1233 4150 exhortatur,
1284 4083 1484 4141 docens
1525 4103 1630 4142 non
1661 4089 1833 4144 solum
1863 4091 1916 4145 in

332 4156 428 4213 Dei
471 4162 832 4237 benignitate,
878 4172 972 4227 sed
1021 4173 1072 4228 in
1102 4179 1437 4246 propriorum
1470 4181 1628 4237 etiam
1656 4185 1916 4240 factorum

332 4253 525 4309 virtute
561 4271 713 4326 spem
752 4262 936 4318 salutis
982 4269 1221 4335 ponere?
1267 4268 1517 4326 Dominus
1559 4276 1792 4330 exaudiet
1836 4294 1920 4333 me

332 4358 445 4396 cum
472 4347 753 4406 clamavero
771 4355 840 4407 ad
863 4372 995 4410 eum.
1028 4359 1312 4431 Postquam
1338 4364 1471 4419 dixit
1491 4381 1551 4422 se
1575 4383 1696 4423 eum
1722 4368 1914 4428 fecisse

328 4437 733 4511 admirabilem,
787 4463 891 4502 non
943 4452 994 4505 in
1043 4452 1124 4508 his
1163 4456 1435 4526 subsistit,
1476 4461 1570 4516 sed
1598 4463 1728 4518 dicit
1752 4466 1910 4522 etiam

325 4529 468 4583 aliud
482 4547 651 4601 genus
669 4536 951 4596 felicitatis.
983 4543 1258 4609 Quodnam
1273 4557 1451 4605 autem
1475 4551 1576 4608 hoc
1595 4564 1676 4610 est
1695 4556 1719 4610 ’ἰ
1745 4555 1910 4612 Deum

325 4618 524 4676 habere
550 4639 805 4696 perpetuo
824 4633 1121 4702 adjutorem
1142 4679 1157 4702 ,
1187 4641 1554 4699 auxiliatorem
1577 4687 1591 4711 ,
1634 4657 1688 4702 et
1713 4648 1910 4719 ubique

325 4728 664 4783 praesentem.
710 4722 827 4778 Non
865 4729 1006 4782 enim
1043 4728 1146 4785 hoc
1183 4735 1387 4802 semel,
1419 4749 1511 4792 aut
1547 4740 1663 4808 bis,
1711 4754 1802 4798 aut
1829 4756 1911 4799 ter

322 4803 484 4871 facit,
530 4811 628 4866 sed
658 4825 911 4885 perpetuo
933 4861 949 4886 ,
978 4820 1150 4892 inquit
1172 4865 1186 4888 ,
1215 4826 1258 4880 si
1286 4827 1458 4896 ipsum
1486 4803 1812 4890 invocemus.
1840 4839 1909 4893 Et

319 4898 444 4954 vide
485 4916 672 4960 rursus
717 4907 804 4963 hic
846 4911 1005 4966 etiam
1050 4917 1399 4976 celeritatem.
1445 4922 1904 4991 Quemadmodum

315 4992 462 5046 enim
499 4995 636 5052 dixit
677 5002 964 5070 superius:
1009 5005 1137 5061 Cum
1173 5009 1491 5083 invocarem,
1533 5021 1787 5075 exaudivit
1827 5040 1906 5078 me

325 5081 456 5139 Deus
482 5087 699 5158 justitite
726 5107 849 5148 mete
874 5110 894 5148 :
930 5096 1002 5152 ita
1027 5099 1187 5156 etiam
1223 5101 1308 5158 hic
1327 5144 1344 5171 ,
1382 5081 1508 5161 Cum
1531 5109 1812 5168 clamavero
1835 5116 1905 5169 ad

313 5190 448 5229 σωκ.
741 5232 746 5239 ,
1765 5248 1772 5256 ,

385 5266 490 5322 Cur
542 5272 691 5329 multi
739 5289 1001 5346 precantes
1061 5300 1162 5339 non
1215 5288 1510 5346 audiantur.
1549 5323 1622 5334 -—
1668 5295 1903 5365 Quomo-

313 5359 381 5413 do
401 5375 548 5430 ergo,
582 5364 770 5436 inquit,
789 5374 1200 5432 nonaudiuutur
1227 5359 1901 5461 multi?Quoniam~petunt

310 5451 537 5510 inutilia.
590 5457 688 5513 Hic
720 5461 862 5519 enim
888 5468 1080 5524 melius
1111 5480 1195 5526 est
1227 5488 1332 5529 non
1377 5451 1541 5534 fuisse
1566 5451 1892 5550 exauditum,

306 5557 468 5611 quam
501 5550 812 5608 exauditam
853 5555 1035 5615 fuisse.
1067 5560 1242 5630 Quare
1280 5568 1486 5622 etiamsi
1525 5572 1892 5641 exaudiamur,

307 5649 414 5690 non
455 5651 734 5712 propterea
765 5646 1006 5704 laetemur
1037 5670 1052 5706 :
1089 5655 1181 5710 sed
1207 5666 1262 5712 et
1289 5665 1501 5728 quando
1528 5679 1632 5740 non
1671 5666 1894 5722 exaudi-

304 5745 462 5797 mur,
491 5732 613 5791 ideo
643 5737 809 5794 Deum
851 5744 1225 5812 glorificemus.
1272 5751 1367 5808 Vel
1397 5755 1538 5810 enim
1565 5737 1770 5814 inutilia
1798 5749 1892 5831 pe-

370 5913 386 5944 ι
421 5921 560 5979 ueg.,
586 5917 654 5968 ad
672 5919 782 5972 vitta
804 5922 1111 5987 vigittmtiam.

2053 592 2226 642 tentes
2242 603 2344 642 non
2358 592 2687 658 exaudimur,
2707 603 2892 652 etcum
2911 614 3014 654 non
3028 604 3328 672 accepimus
3344 606 3613 663 lucramur
3632 628 3645 672 ;

2049 679 2136 734 vel
2166 682 2496 752 negligenter
2533 686 2782 755 petimus,
2811 699 2865 746 et
2894 693 2945 746 in
2973 693 3115 748 dono
3145 696 3440 754 diﬂ'erendo
3479 698 3641 761 Deus.

2048 780 2108 825 ut
2136 787 2232 828 nos
2276 774 2350 828 illi
2391 777 2757 847 assideamus,
2806 783 3061 840 solertem
3103 789 3196 844 init
3246 793 3552 848 rationem:
3591 803 3644 848 et

2051 861 2153 916 hoc
2177 863 2339 918 etiam
2380 882 2484 920 non
2522 878 2604 923 est
2626 871 2872 941 exiguum
2900 874 3126 931 lucrum.
3178 879 3241 934 Si
3263 882 3394 935 enim
3423 899 3526 949 vos,
3554 883 3638 938 itt-

2049 951 2196 1020 quit,
2224 955 2382 1009 nostis
2402 957 2526 1010 dare
2549 958 2681 1014 bona
2705 961 2828 1016 data
2856 965 2977 1033 ﬁliis
2997 970 3171 1024 vestris
3192 970 3404 1041 (Matth.
3437 977 3490 1030 7.
3521 977 3635 1046 Η).

2048 1044 2216 1098 multo
2257 1047 2425 1115 magis
2467 1045 2610 1105 Deus
2657 1063 2839 1109 n05ter
2875 1058 2965 1126 qui
3007 1059 3110 1114 scit
3157 1061 3286 1118 dare
3333 1075 3386 1118 et
3426 1044 3642 1136 quando

2045 1132 2206 1200 dare,
2237 1145 2291 1190 et
2319 1138 2444 1207 quid
2470 1139 2600 1196 dare
2637 1154 2900 1214 oporteat.
2928 1147 3060 1204 Nam
3091 1151 3285 1208 Paulus
3314 1132 3475 1212 etiam
3500 1160 3638 1228 peti-

2044 1227 2140 1292 vit,
2171 1239 2225 1282 ct
2251 1246 2354 1286 non
2380 1237 2619 1305 accepit;
2653 1239 3023 1306 petebatenim
3041 1245 3240 1316 aliquid
3265 1249 3479 1306 inutile:
3506 1227 3638 1308 item

2046 1319 2218 1374 Moses
2237 1363 2252 1387 ,
2281 1339 2380 1379 nec
2406 1325 2479 1379 illi
2506 1327 2720 1395 quidem
2757 1332 2900 1388 Deus
2920 1337 3124 1391 annuit.
3151 1338 3229 1394 Ne
3253 1355 3381 1411 ergo
3407 1343 3637 1399 desista-

2046 1425 2165 1464 mus
2189 1453 2204 1476 ,
2235 1416 2446 1482 quando
2473 1434 2580 1473 non
2607 1424 2942 1492 exaudimur,
2975 1443 3076 1482 nec
3101 1430 3311 1487 tristitia
3339 1431 3637 1491 efficiamur

2046 1510 2102 1556 et
2126 1511 2430 1572 torpeamus
2450 1549 2465 1574 ,
2502 1510 2597 1565 sed
2623 1512 2917 1570 assidentes
2945 1528 3000 1572 et
3043 1505 3284 1588 petentes
3323 1539 3635 1592 permanea-

2045 1608 2183 1647 mus.
2214 1596 2334 1666 Agit
2360 1600 2500 1655 enim
2528 1601 2670 1656 Deus
2694 1607 2869 1660 omnia
2891 1609 3112 1666 utiliter.
3153 1614 3206 1668 5.
3232 1613 3555 1683 Irascimini,
3586 1629 3632 1674 et

2045 1684 2201 1739 nolite
2225 1703 2430 1756 peccare
2450 1706 2469 1743 :
2497 1708 2611 1761 qua:
2635 1694 2800 1750 dicitis
2826 1700 2878 1750 in
2907 1701 3141 1756 cordibus
3164 1708 3341 1760 vestris
3360 1749 3375 1773 ,
3414 1709 3466 1762 in
3489 1710 3636 1764 cubi-

2044 1775 2175 1830 libus
2204 1779 2376 1836 vestris
2405 1787 2820 1856 compungimini.
2866 1779 3020 1858 Quod
3048 1804 3172 1850 ante
3201 1797 3309 1853 dixi
3335 1839 3351 1864 ,
3394 1800 3444 1854 id
3470 1802 3631 1858 etiam

2044 1881 2189 1922 nunc
2215 1868 2356 1925 dico.
2397 1871 2528 1927 Nam
2556 1877 2676 1944 quia
2705 1879 2773 1933 ad
2805 1879 2898 1935 Dei
2932 1886 3288 1953 cognitionem
3313 1905 3406 1944 eos
3431 1900 3516 1946 est
3533 1893 3632 1948 de-

2043 1957 2318 2027 ducturus,
2346 1963 2785 2025 liberatanimum
2813 1973 2880 2027 ab
2906 1976 3326 2046 (egritudinibus.
3348 1981 3459 2037 Scit
3486 1987 3630 2040 enim

2043 2049 2204 2104 vitam
2231 2064 2536 2124 corruptam
2565 2073 2688 2114 esse
2727 2061 3142 2132 impedimento,
3184 2071 3472 2139 quominus
3504 2075 3632 2130 sub-

2042 2141 2186 2199 limia
2206 2145 2454 2216 dogmata
2483 2164 2848 2224 assequamur.
2873 2158 3024 2226 Quod
3046 2161 3258 2232 quidem
3286 2165 3478 2222 Paulus
3499 2185 3632 2239 quo-

2040 2248 2146 2304 que
2179 2236 2408 2296 innitens
2445 2241 2656 2299 dicebat
2685 2268 2698 2300 :
2728 2245 2848 2303 Non
2879 2253 3020 2321 potui
3049 2254 3188 2324 loqui
3211 2258 3347 2312 vobis
3373 2236 3631 2330 tamquam

2039 2327 2422 2397 spiritualibus,
2465 2335 2556 2388 sed
2591 2345 2846 2411 tamquam
2889 2345 3176 2400 carnalibus
3204 2347 3280 2419 (l.
3313 2348 3430 2405 Cor.
3552 2355 3629 2426 l).

2041 2418 2107 2473 Et
2135 2435 2322 2478 rursus
2350 2441 2364 2477 :
2392 2423 2671 2498 Tamquam
2702 2431 2984 2500 infantibus
3008 2435 3060 2489 in
3096 2418 3298 2493 Christo
3318 2483 3334 2508 ,
3374 2443 3454 2496 lac
3492 2418 3630 2500 vobis

2041 2519 2217 2580 potum
2248 2513 2403 2579 dedi,
2435 2533 2538 2571 non
2574 2519 2737 2574 cibum
2766 2521 2930 2592 (Ibid.
2959 2541 3006 2578 v.
3038 2525 3116 2598 2).
3169 2529 3234 2583 Et
3281 2547 3468 2588 rursus
3499 2552 3512 2588 :
3542 2533 3622 2588 De

2037 2616 2138 2670 quo
2158 2610 2230 2656 est
2255 2604 2397 2660 nobis
2425 2608 2610 2664 multus
2633 2627 2796 2666 sermo
2818 2616 3068 2684 explicata
3092 2619 3318 2690 difﬁcilis
3342 2638 3364 2687 ,·
3388 2625 3646 2692 quoniam

2037 2699 2154 2751 estis
2182 2697 2378 2754 hebetes
2415 2703 2592 2757 auditu
2621 2703 2804 2774 (Hebr.
2840 2708 2892 2762 5.
2925 2709 3037 2781 Η).
3093 2711 3161 2766 Ει
3209 2713 3371 2769 Isaias
3397 2731 3580 2771 rursus
3607 2734 3624 2780 ς

2040 2786 2236 2851 Quterit
2261 2808 2340 2844 me
2370 2794 2586 2863 papulus
2605 2795 2727 2862 iste,
2770 2807 2818 2851 et
2855 2799 2982 2853 scire
3007 2802 3113 2856 vias
3142 2820 3278 2858 meas
3301 2808 3512 2876 cupiunt
3531 2849 3545 2872 ,
3572 2819 3627 2863 ut

2037 2881 2257 2950 populus
2281 2884 2369 2952 qui
2378 2885 2636 2955 justitiam
2661 2891 2836 2958 fecerit
2857 2932 2870 2954 ,
2909 2902 2956 2946 et
2989 2892 3080 2946 Dei
3097 2896 3351 2962 judicium
3377 2916 3476 2953 non
3503 2901 3627 2955 reli—

2035 2973 2198 3038 querit
2239 2973 2409 3045 (Isai.
2454 2977 2542 3033 58.
2573 2979 2653 3050 2).
2698 2980 2766 3036 Et
2807 2981 2946 3039 Osee
2978 3003 2990 3038 :
3023 2985 3282 3042 Sentinate
3323 2991 3461 3045 vobis
3499 2993 3625 3062 ipsis

2035 3064 2092 3117 in
2116 3066 2402 3135 justitiam,
2442 3069 2730 3128 illuminate
2771 3075 2934 3130 lucem
2973 3080 3275 3150 cognitionis
3317 3079 3490 3156 (Osee.
3527 3085 3618 3140 l0.

2036 3154 2149 3225 12).
2181 3157 2246 3210 Et
2272 3157 2516 3216 Christus
2547 3160 2750 3219 docens
2777 3164 2989 3221 dicebat
3017 3185 3030 3220 :
3067 3168 3246 3224 Omnis
3271 3154 3359 3242 qui
3385 3175 3522 3228 mala
3543 3178 3625 3243 fa-

2034 3247 2132 3314 cit,
2170 3249 2276 3302 odit
2307 3251 2468 3306 lucem
2487 3293 2502 3317 ,
2549 3262 2596 3308 et
2630 3271 2732 3310 non
2759 3259 2888 3312 venit
2917 3261 2986 3312 ad
3011 3261 3169 3314 lucem
3199 3261 3382 3333 (Joan.
3415 3266 3468 3320 5.
3498 3266 3619 3337 20).

2033 3337 2102 3393 Et
2126 3355 2312 3396 rursus
2342 3357 2357 3395 :
2393 3343 2658 3408 Quomodo
2705 3349 2909 3418 potestis
2952 3351 3185 3418 credere,
3226 3354 3444 3424 gloriam
3469 3375 3500 3409 a
3531 3373 3620 3411 vo-

2033 3429 2106 3484 bis
2129 3431 2338 3485 invicem
2366 3435 2664 3507 accipientes
2687 3479 2700 3503 ,
2743 3447 2789 3492 et
2813 3440 3028 3510 gloriam
3070 3459 3182 3512 qua:
3207 3455 3277 3498 est
3307 3463 3338 3498 a
3371 3448 3478 3501 solo
3506 3446 3620 3503 Deo

2032 3537 2133 3574 non
2168 3535 2445 3591 qurerentes
2482 3525 2722 3598 (Joan.5.
2754 3529 2895 3602 44)?
2942 3530 3010 3586 Et
3056 3550 3242 3588 rursus
3273 3553 3286 3589 :
3324 3535 3446 3590 llwc
3473 3539 3616 3593 dice-

2029 3611 2149 3666 bant
2180 3625 2411 3682 parentes
2434 3618 2579 3686 ejus,
2625 3619 2742 3687 quia
2768 3621 3005 3676 timebant
3031 3622 3275 3693 Judteos,
3307 3643 3370 3682 ne
3397 3631 3620 3698 expelle-

2028 3713 2202 3758 rentur
2237 3721 2269 3757 a
2311 3723 2571 3780 synagoga
2602 3708 2796 3779 (Joan.
2824 3711 2878 3767 9.
2905 3712 3034 3784 22).
3087 3715 3154 3769 Et
3195 3731 3380 3772 rursus
3411 3737 3426 3773 :
3459 3719 3619 3775 Multi

2025 3807 2194 3850 autem
2227 3801 2548 3854 crediderunt
2573 3802 2625 3855 in
2653 3802 2822 3872 ipsum
2846 3845 2862 3871 ,
2891 3815 2938 3859 et
2963 3817 3168 3877 propter
3195 3807 3486 3866 Pharistcos
3511 3829 3616 3868 non

2025 3891 2393 3958 conﬁtebantur
2423 3891 2600 3964 (Joan.
2630 3896 2720 3950 l2.
2752 3897 2866 3969 42).
2909 3899 2976 3953 Ει
3004 3901 3199 3971 ubique
3238 3903 3404 3958 videri
3441 3915 3616 3974 potest

2024 3981 2133 4036 vita
2176 3996 2424 4055 corrupta
2455 3986 2522 4041 ad
2549 3987 2936 4056 perfectionem
2966 3991 3270 4062 dogmatum
3301 3995 3492 4051 afferre
3515 3999 3615 4052 im-

2025 4075 2412 4145 pedimentum.
2463 4079 2921 4146 Quemadmodum
2963 4085 3104 4138 enim
3141 4085 3276 4140 lema
3319 4092 3612 4160 perspicua!

2025 4169 2299 4224 oculorum
2329 4171 2540 4242 pupilla:
2569 4172 2806 4230 insidens
2844 4175 2895 4230 id
2935 4177 3075 4246 quod
3107 4177 3335 4234 illustrat
3361 4179 3613 4238 obscurat

2020 4271 2076 4317 et
2106 4263 2452 4330 obteuebrat,
2495 4265 2566 4320 ita
2613 4267 2774 4322 etiam
2809 4268 3096 4337 cogitatio,
3136 4285 3294 4340 quam
3325 4272 3533 4328 obsedit
3555 4283 3609 4330 et

2018 4357 2298 4427 occupavit
2318 4357 2504 4413 vilium
2525 4400 2541 4425 ,
2567 4359 2883 4416 obtcnebrat
2907 4370 3139 4418 mentem
3166 4373 3220 4418 et
3245 4377 3498 4422 excirent.

2089 4447 2183 4502 Ira
2208 4464 2322 4518 qua:
2348 4449 2522 4515 licita;
2561 4451 2642 4505 ira
2667 4451 2735 4504 ad
2762 4453 2883 4522 quid
2907 4452 3064 4508 utilis.
3097 4453 3438 4524 lmpossibilia
3462 4475 3608 4515 nemo

2017 4543 2267 4613 praecipit.
2314 4541 2546 4596 Examen
2592 4545 2926 4599 conscientite.
2971 4575 3044 4584 —-—
3087 4545 3346 4613 Quocirca
3385 4563 3511 4605 cum
3551 4551 3604 4607 id

2016 4635 2175 4690 etiam
2205 4635 2363 4690 sciret
2390 4635 2648 4704 propheta
2669 4675 2684 4699 ,
2707 4635 2835 4690 dicit
2859 4655 2873 4690 :
2902 4636 3214 4707 lrascimini,
3236 4649 3282 4693 et
3303 4641 3456 4696 nolite
3483 4659 3604 4713 pec-
3640 4637 3653 4649 ’

2013 4743 2149 4780 care.
2197 4725 2312 4779 Non
2351 4726 2494 4780 enim
2532 4725 2670 4780 tollit
2706 4727 2873 4794 iram;
2911 4737 2993 4783 est
3023 4745 3252 4800 namque
3290 4733 3474 4788 utilis:
3503 4749 3602 4791 nec

2015 4819 2278 4874 exscindit
2323 4818 2768 4888 indignationem;
2802 4819 3021 4889 prodest
3044 4822 3190 4876 enim
3221 4824 3478 4880 adversus
3506 4841 3602 4881 eos

2010 4909 2100 4980 qui
2129 4909 2373 4980 injuriam
2400 4908 2664 4978 inferunt,
2696 4919 2752 4966 et
2793 4911 3050 4966 adversus
3091 4913 3462 4984 negligentes;
3504 4917 3598 4972 sed

2011 5000 2142 5055 iram
2169 5017 2288 5071 quae
2313 5001 2506 5070 injuste
2534 5012 2779 5058 movetur
2801 5045 2816 5068 ,
2842 5013 2897 5057 et
2925 5003 3156 5059 furorem
3177 5047 3192 5072 ,
3223 5007 3312 5075 qui
3342 5008 3483 5063 nulla
3511 5025 3602 5064 ra-

2010 5096 2154 5151 tione
2188 5096 2408 5164 regitur.
2460 5095 2526 5150 Et
2567 5096 3015 5165 quemadmodum
3045 5096 3220 5152 Moses
3244 5114 3367 5153 cum
3399 5101 3451 5155 in
3482 5116 3598 5156 ser-

2009 5203 2220 5244 monem
2249 5188 2317 5243 de
2343 5187 2580 5243 moribus
2606 5187 2876 5244 incidisset
2895 5230 2911 5255 ,
2943 5189 3066 5245 hinc
3096 5190 3271 5261 primo
3292 5193 3424 5264 legis
3451 5193 3600 5250 ducit

2006 5281 2243 5347 initium,
2269 5280 2454 5337 dicens
2485 5299 2500 5335 :
2531 5280 2653 5336 Non
2677 5282 2875 5336 occides
2898 5281 3090 5354 (Exod.
3123 5283 3214 5339 20.
3247 5285 3337 5355 l5)
3365 5303 3379 5340 :
3409 5285 3482 5342 ita
3509 5288 3598 5344 hic

2004 5374 2166 5429 etiam
2191 5389 2207 5440 ;
2241 5373 2349 5428 imo
2385 5387 2451 5428 eo
2474 5373 2702 5443 amplius
2724 5414 2740 5438 ,
2766 5389 2874 5444 quo
2907 5375 3077 5444 magis
3101 5376 3150 5430 ei
3173 5384 3292 5430 erat
3316 5387 3440 5432 nota
3469 5392 3594 5434 vera

2003 5465 2194 5537 pietas.
2223 5464 2316 5520 Ille
2341 5465 2484 5520 enim
2510 5465 2694 5520 evellit
2725 5465 2966 5520 cmdem:
2997 5466 3082 5520 hic
3116 5481 3244 5521 vero
3274 5467 3408 5522 iram
3429 5509 3444 5535 ,
3473 5483 3595 5538 quae

2001 5556 2166 5612 caedis
2191 5565 2360 5610 mater
2378 5596 2394 5622 ,
2421 5555 2572 5610 radix
2598 5565 2654 5610 et
2676 5554 2796 5610 fons
2820 5566 2904 5611 est
2939 5556 3093 5623 mali,
3143 5557 3404 5627 reprimit.
3449 5558 3595 5626 Quo-

2001 5649 2143 5704 circa
2169 5647 2417 5703 Christus
2459 5647 2620 5702 etiam
2649 5647 2780 5702 iram
2817 5648 3176 5717 comprimens
3211 5663 3274 5704 ac
3308 5649 3590 5707 refrenatus

2000 5744 2208 5799 diccbat
2239 5760 2252 5798 :
2285 5742 2386 5810 Qui
2411 5741 2648 5795 irascitur
2677 5737 2830 5804 fratri
2857 5750 3157 5795 suo-temere
3178 5781 3194 5808 ,
3221 5745 3314 5796 erit
3343 5745 3585 5800 obnoxius

1997 5839 2050 5893 in
2076 5839 2353 5910 gehennam
2383 5837 2515 5907 ignis
2548 5834 2759 5907 (Matth.
2788 5838 2842 5892 5.
2871 5834 2987 5906 22).
3035 5834 3225 5890 Vidisti
3251 5835 3445 5906 ubique
3471 5852 3585 5891 mo-

1995 5933 2122 5987 dum
2159 5945 2174 5987 :
2207 5929 2500 5986 lrascimini
2523 5969 2538 5998 ,
2579 5937 2625 5982 et
2655 5927 2808 5985 nolite
2846 5943 3072 5999 peccare.
3119 5925 3217 5997 Qui
3246 5928 3480 5983 irascitur
3505 5936 3584 5983 te-
