4074 6356
434 449 497 504 51
1009 472 1012 474 ν
1197 448 1256 505 S.
1295 447 1576 506 JOANNIS
1600 447 2074 506 CIIRYSOSTOMI
2114 449 2430 506 ARCHIEP.
2472 449 2986 512 CONSTANTINOP
3649 465 3715 523 5’3

440 575 608 626 mere;
645 560 772 616 licet
809 560 955 614 enim
992 559 1318 631 etiamjuste
1346 561 1527 617 irasci.
1573 560 1710 617 Nam
1747 571 1802 616 et
1829 561 2024 616 Paulus

441 650 644 723 Elymte
669 651 974 706 succensuit
1002 653 1140 722 (Act.
1167 653 1283 722 l3),
1304 661 1360 708 et
1385 653 1573 708 Petrus
1591 651 2025 725 Sapphirteucr.

439 744 518 813 5).
559 743 632 799 At
672 743 725 798 id
760 758 866 798 non
895 745 1028 799 iram
1055 744 1285 800 dixerim
1327 744 1606 812 absolute,
1656 745 1751 800 sed
1794 745 2028 814 philoso-

441 835 617 906 phiam
636 875 654 901 ,
681 849 865 890 curam
892 843 946 890 et
970 834 1350 897 tuconomiam,
1398 836 1648 892 irascitur
1679 837 1840 890 etiam
1875 845 2027 906 pater

439 927 584 993 lilio,
630 924 726 982 sed
766 926 881 996 ejus
905 941 1087 981 curam
1115 940 1329 996 gerens.
1384 925 1474 982 Ille
1516 935 1721 983 temere
1756 927 2024 992 irascitur,

436 1019 528 1089 qui
551 1018 783 1088 seipsmn
820 1018 1129 1084 ulciscitur;
1169 1019 1258 1089 qui
1295 1027 1479 1074 autem
1507 1019 1681 1074 aliena
1711 1018 1951 1089 corrigit,
1983 1019 2028 1072 is

436 1117 520 1162 est
547 1110 785 1164 omnium
807 1110 1286 1166 mansuetissimus.
1315 1109 1447 1165 Nam
1467 1110 1610 1166 Deus
1625 1112 1787 1166 etiam
1813 1109 2029 1180 quando

436 1197 636 1253 dicitur
673 1198 864 1264 irasci,
909 1213 1014 1254 non
1045 1199 1279 1270 seipsum
1305 1199 1584 1254 vindicans
1623 1199 1897 1263 irascitur,
1930 1200 2029 1254 sed

437 1303 538 1343 nos
580 1288 874 1357 corrigens.
931 1289 1066 1345 Eum
1105 1305 1234 1360 ergo
1273 1305 1372 1345 nos
1397 1305 1608 1360 quoque
1637 1290 1926 1346 imitemur.
1953 1290 2028 1345 Ita

437 1379 581 1433 enim
615 1379 838 1446 ulcisci,
883 1381 1122 1436 divinum
1165 1391 1284 1446 est;
1330 1382 1487 1436 aliter
1510 1397 1672 1450 vero,
1715 1382 2027 1437 humanum.

439 1472 545 1527 Sed
575 1472 716 1527 Deus
755 1489 862 1527 non
901 1489 968 1528 eo
1000 1475 1183 1529 'solum
1213 1489 1243 1529 a
1269 1474 1425 1529 nobis
1449 1474 1657 1540 differt,
1705 1474 1846 1545 quod
1886 1475 2030 1544 juste

440 1565 731 1628 irascatur,
768 1563 864 1620 sed
890 1565 1034 1635 quod
1070 1565 1123 1620 in
1155 1565 1264 1621 Deo
1291 1565 1367 1620 ira
1397 1581 1503 1620 non
1525 1566 1597 1621 sit
1623 1566 1786 1620 animi
1814 1573 2029 1635 pertur-

441 1656 606 1712 batio.
651 1657 759 1712 Nec
793 1672 891 1713 nos
917 1673 1045 1730 ergo
1074 1667 1277 1714 temere
1321 1660 1634 1715 irascamur.
1685 1659 1763 1714 Ira
1804 1660 1947 1713 enim
1975 1659 2028 1714 in

441 1751 596 1805 nobis
623 1750 744 1805 ideo
784 1751 939 1806 insita
985 1759 1093 1817 est,
1129 1753 1232 1807 n'on
1263 1761 1323 1807 ut
1353 1767 1629 1822 peccemus
1653 1794 1666 1812 .
1698 1751 1793 1806 sed
1815 1762 1871 1805 ut
1897 1751 2032 1806 alios

443 1852 724 1910 peccantes
773 1843 1179 1913 prohibeamus;
1228 1859 1335 1899 non
1381 1854 1440 1898 ut
1487 1845 1558 1898 sit
1602 1845 1764 1898 animi
1811 1851 2027 1914 pertur-

443 1934 585 1988 batio
609 1945 662 1988 et
685 1934 942 2005 aegritudo
959 1977 975 2001 ,
1003 1933 1098 1990 sed
1131 1943 1189 1990 ut
1215 1936 1286 1990 sit
1307 1935 1679 2005 argritudinum
1707 1933 2024 1990 remedium.

516 2027 569 2080 8.
599 2026 781 2097 Cogita
809 2027 949 2097 apud
972 2037 1023 2083 te
1048 2043 1207 2098 quam
1235 2028 1306 2082 sit
1333 2029 1538 2098 insigne
1567 2029 1753 2082 vitium
1771 2068 1788 2092 ,
1815 2025 2030 2097 quando

443 2115 887 2171 medicamentum
928 2133 1193 2174 venenum
1232 2117 1494 2184 efﬁcitur,
1525 2117 1736 2189 quando
1767 2133 1861 2188 per
1885 2116 2031 2188 quod

443 2209 668 2264 aliorum
709 2210 1016 2266 vulneribus
1061 2210 1380 2266 medendum
1407 2221 1524 2277 est,
1571 2227 1668 2282 per
1712 2211 1764 2264 id
1809 2211 2030 2265 vulnera

448 2299 736 2370 inﬁigimus
764 2317 779 2355 :
811 2301 1258 2370 quemadmodum
1299 2303 1343 2358 si
1385 2302 1506 2371 quis
1530 2309 1751 2372 accepto
1785 2299 1948 2368 ferro,
1973 2307 2034 2356 ut

447 2407 566 2460 qua:
611 2390 664 2446 in
702 2391 821 2446 aliis
846 2393 1138 2463 putrefacta
1167 2401 1291 2448 sunt
1313 2393 1596 2450 exscindat
1618 2434 1634 2460 ,
1684 2394 1920 2462 seipsum
1955 2402 2034 2447 te-

448 2496 595 2535 mere
634 2481 916 2549 concidat,
965 2498 1024 2538 sc
1053 2499 1149 2552 per
1190 2493 1357 2538 totum
1400 2497 1598 2554 corpus
1625 2484 1872 2540 sauciatus
1903 2500 1918 2537 :
1946 2482 2032 2538 vel

445 2574 772 2644 gubernator
823 2591 921 2646 per
967 2577 1178 2630 clavum
1231 2576 1476 2648 cymbam
1529 2575 1878 2646 submergat,
1935 2589 2034 2645 per

447 2680 606 2733 quem
635 2674 912 2720 ventorum
936 2668 1186 2737 impetum
1212 2667 1493 2737 oportebat
1519 2667 1790 2722 cohibere.
1833 2666 2027 2736 Hujus-

449 2754 592 2810 modi
620 2765 704 2811 est
730 2758 892 2812 etiam
929 2757 1003 2811 ira
1024 2797 1042 2823 ,
1079 2757 1209 2814 utile
1237 2758 1681 2826 instrumentum,
1711 2765 1769 2812 ut
1794 2766 2034 2812 nostram

447 2848 644 2903 excitet
691 2849 1136 2916 sonmolentiam,
1184 2858 1243 2906 ut
1275 2851 1456 2907 animo
1484 2852 1722 2922 vigorem
1749 2851 1894 2906 indat
1915 2893 1933 2919 ,
1975 2859 2037 2906 ut

449 2955 550 2996 nos
577 2942 812 2998 acriores
838 2941 1063 3009 efﬁciat,
1089 2951 1150 2998 ut
1178 2957 1276 3013 pro
1303 2943 1388 3000 his
1412 2943 1750 3014 indignemur
1787 2945 1878 3014 qui
1907 2952 2034 2998 sunt

458 3031 632 3088 affecti
661 3034 852 3103 injuria
877 3075 891 3098 ,
921 3043 980 3089 ut
1003 3034 1068 3090 ad
1097 3050 1284 3105 ptenas
1306 3036 1372 3092 de
1397 3037 1793 3094 insidiatoribus
1818 3052 2036 3092 sumen-

447 3126 544 3181 das
565 3143 662 3184 nos
683 3138 909 3182 moveat.
941 3128 1016 3182 Ea
1039 3127 1106 3182 de
1131 3143 1288 3182 causa
1309 3128 1467 3184 dicit:
1484 3127 1796 3194 Irascimini,
1817 3139 1862 3182 et
1882 3129 2038 3184 nolite

451 3234 674 3286 peccare.
721 3217 875 3286 Quod
904 3219 948 3272 si
976 3218 1078 3274 hoc
1104 3219 1218 3274 ﬁeri
1248 3235 1354 3275 non
1388 3229 1608 3289 posset,
1649 3221 1870 3276 minime
1895 3235 2036 3290 prae-

451 3310 697 3378 cepisset.
722 3311 850 3378 Qua:
878 3311 1018 3365 enim
1046 3311 1162 3366 ﬁeri
1182 3325 1285 3367 non
1315 3321 1556 3381 possunt,
1582 3328 1744 3369 nemo
1772 3313 2032 3383 praecipit.

454 3402 645 3472 Legem
677 3403 853 3472 itaque
881 3404 1110 3458 alferens
1136 3404 1513 3474 apostolicam,
1545 3413 1603 3460 et
1642 3405 2032 3475 philosophiam

454 3495 832 3562 evangelicam,
857 3509 978 3548 cum
1002 3494 1189 3550 eadem
1215 3495 1436 3550 dixisset
1455 3511 1574 3564 qua:
1599 3495 1860 3560 Christus,
1876 3496 2032 3550 aliam

449 3585 634 3656 adjicit
659 3585 1074 3643 admonitionem
1101 3628 1118 3653 ,
1157 3603 1276 3658 qua:
1314 3588 1394 3644 sic
1429 3588 1597 3644 dicit:
1629 3589 1757 3656 Qua:
1783 3589 1950 3646 dicitis
1980 3591 2034 3645 in

448 3677 686 3733 cordibus
711 3680 905 3745 vestris,
935 3679 989 3733 in
1008 3679 1253 3734 cubilibus
1271 3679 1445 3734 uestris
1465 3680 1880 3751 compuugimini.
1897 3680 2034 3748 Quid

452 3779 537 3824 est
560 3769 700 3840 quod
739 3770 938 3824 dictum
965 3770 1084 3825 est?
1139 3770 1360 3826 Videtur
1393 3771 1535 3825 enim
1569 3786 1690 3826 esse
1725 3771 2032 3826 obscurum.

455 3859 583 3915 Post
606 3875 814 3915 Cinnam
834 3901 850 3926 ,
880 3860 1082 3931 inquit,
1108 3861 1322 3932 quando
1360 3861 1448 3917 itis
1475 3861 1762 3917 dormitum
1779 3903 1794 3925 ,
1821 3862 2035 3933 quando

453 3953 582 4005 estis
621 3950 916 4006 decubituri
940 3992 958 4019 ,
1005 3960 1060 4007 et
1100 3952 1249 4008 nullo
1291 3962 1553 4022 prmsente
1583 3953 1749 4008 multa
1778 3955 1949 4024 quies,
1981 3963 2038 4010 et

454 4045 668 4100 nemine
711 4044 1098 4100 interturbante
1145 4045 1404 4114 profunda
1450 4046 1834 4115 tranquillitas,
1864 4049 2036 4102 excita

452 4135 707 4208 judicium
729 4145 832 4190 tua:
856 4135 1196 4190 conscientiae
1215 4177 1231 4202 ,
1263 4136 1330 4190 ab
1357 4137 1468 4203 ipsa
1497 4137 1752 4192 rationem
1779 4138 1952 4203 exige,
1983 4147 2039 4192 et

453 4243 574 4298 qua:
600 4227 831 4284 interdiu
859 4229 993 4283 mala
1043 4229 1230 4295 cepisti
1261 4228 1522 4293 consilia,
1576 4229 1660 4282 vel
1703 4227 1857 4282 dolos
1901 4244 2036 4284 eon-

455 4327 706 4385 struens,
749 4318 831 4372 vel
876 4319 1233 4389 propinquum
1261 4318 1722 4383 circumveniens,
1749 4319 1834 4374 vel
1875 4334 2038 4389 prava

456 4409 723 4465 desideria
747 4409 1064 4478 suscipiens,
1095 4424 1159 4464 ea
1184 4425 1306 4465 cum
1330 4409 1382 4464 in
1415 4409 1555 4465 illius
1575 4409 1768 4479 quietis
1795 4418 2038 4478 tempore

454 4505 510 4562 in
538 4504 768 4560 medium
796 4502 1102 4570 adduxeris,
1132 4512 1188 4558 et
1211 4503 1468 4573 improbis
1499 4503 1604 4558 illis
1631 4502 2040 4572 cogitationibus

411 4612 423 4624 ·
452 4596 831 4652 conscientiam
854 4594 1087 4666 judicem
1109 4595 1343 4662 dederis,
1362 4609 1456 4651 eas
1479 4595 1649 4651 fodica
1669 4603 1724 4651 et
1744 4595 1962 4662 dilauia,
1985 4605 2040 4650 et

399 4731 402 4733 λ
451 4687 521 4743 de
543 4687 622 4744 eis
647 4701 859 4756 pinnam
882 4702 1034 4744 sume
1051 4728 1067 4755 ,
1097 4695 1286 4757 torque
1307 4687 1680 4758 cogitationem
1705 4703 1827 4757 qua:
1849 4701 2038 4752 pecea-

453 4777 549 4833 vit.
599 4777 656 4832 ld
695 4777 840 4833 enim
877 4777 979 4832 sibi
1024 4777 1137 4833 vult
1169 4775 1341 4833 illud:
1373 4777 1812 4849 Compungimini,
1845 4793 1944 4848 pro
1969 4794 2038 4834 eo

451 4866 594 4940 quod
619 4875 702 4924 est
717 4908 735 4934 ,
763 4867 985 4938 Pungite
1001 4908 1019 4934 ,
1058 4868 1326 4924 stimulata
1349 4883 1469 4938 quae
1493 4869 1548 4924 in
1573 4868 1830 4940 cordibus
1846 4871 2038 4926 vestris

451 4960 662 5017 dixistis
701 4960 932 5016 interdiu
961 4978 975 5015 :
1005 4960 1110 5016 hoc
1143 4969 1246 5028 est,
1287 4961 1428 5016 mala
1459 4977 1578 5030 qua:
1614 4963 1886 5032 cogitastis
1909 4976 2038 5018 con-

451 5057 567 5112 silia
591 5099 608 5121 ,
648 5072 714 5113 ea
743 5058 798 5112 in
838 5056 1100 5112 cubilibus
1125 5057 1334 5122 vestris,
1368 5056 1421 5110 in
1455 5067 1696 5126 tempore
1721 5055 1865 5112 illius
1889 5057 2042 5126 quie-

451 5151 517 5206 tis
542 5151 743 5220 punite,
767 5151 821 5205 in
841 5166 904 5206 ea
924 5149 1331 5206 animadvertite
1359 5167 1375 5204 :
1401 5149 1616 5218 quando
1638 5164 1809 5218 nmue
1834 5149 2039 5204 amicus

451 5243 789 5309 interturbat,
812 5257 912 5298 nec
932 5242 1162 5297 famulus
1188 5242 1376 5307 irritat,
1403 5257 1503 5298 nec
1529 5243 1681 5300 turba
1703 5243 2037 5311 negotiorum

454 5341 606 5403 urget
626 5375 644 5401 ,
690 5342 816 5388 tunc
841 5333 964 5388 vitae
993 5333 1226 5389 interdiu
1261 5343 1396 5389 acta:
1419 5333 1682 5390 rationem
1715 5335 1929 5404 exigite.
1976 5335 2040 5389 Et

451 5438 551 5478 cur
576 5439 682 5479 non
708 5424 877 5490 dixit,
927 5425 1212 5480 verborum
1240 5435 1296 5481 et
1325 5426 1586 5480 factorum
1610 5465 1626 5490 ,
1658 5424 1750 5479 sed
1781 5425 2038 5479 malarum

452 5517 868 5588 cogitationum?
915 5517 1030 5574 Hoc
1072 5519 1271 5574 docens
1308 5533 1380 5574 ex
1432 5517 1744 5574 abundanti.
1793 5517 1851 5573 Si
1894 5519 2039 5573 enim

452 5610 591 5663 mala
619 5619 745 5665 sunt
767 5609 1070 5682 castiganda
1091 5610 1332 5676 consilia,
1355 5618 1414 5666 ut
1433 5625 1538 5666 non
1570 5610 1624 5665 in
1651 5624 1788 5680 opus
1811 5618 2038 5666 exeant:

452 5701 622 5756 multo
661 5703 829 5773 magis
869 5717 968 5773 pro
1004 5702 1157 5759 factis
1180 5712 1236 5759 et
1258 5701 1417 5758 dictis
1439 5709 1653 5772 oportet
1678 5701 1800 5771 angi
1838 5700 2037 5758 animo.

455 5790 582 5848 llsuc
629 5794 758 5850 ﬁant
801 5795 1022 5866 singulis
1070 5794 1293 5860 diebus,
1341 5809 1441 5850 nec
1479 5793 1626 5863 prius
1663 5792 1980 5858 dormieris,
2009 5806 2042 5847 ο

458 5886 640 5954 homo,
669 5902 828 5958 quam
854 5898 1036 5946 mente
1068 5886 1362 5946 versaveris
1386 5899 1504 5957 qute
1524 5899 1554 5940 a
1581 5892 1634 5941 te
1657 5882 1888 5941 interdiu
1914 5897 2040 5957 pcr-

2133 577 2317 632 peram
2346 575 2462 619 acta
2485 577 2612 620 sunt
2643 583 2660 620 :
2688 578 2742 623 et
2765 568 2854 625 die
2873 571 3115 640 sequenti
3136 572 3244 628 eris
3271 575 3491 630 omnino
3520 579 3721 635 tardior
3761 551 3768 576 ί

2132 653 2200 708 ad
2226 669 2288 710 ea
2333 655 2445 724 ipsa
2475 671 2660 712 rursus
2691 661 3068 729 aggredienda.
3119 660 3187 718 Et
3211 665 3353 734 quod
3385 667 3514 722 facis
3542 669 3594 722 in
3623 685 3714 741 pe-

2132 747 2287 800 cunia
2312 788 2328 813 ,
2377 762 2480 803 nec
2517 750 2648 804 sinis
2677 760 2734 805 ut
2757 750 2866 807 duo
2891 753 3009 809 dies
3045 765 3397 826 praetereant,
3447 762 3574 831 quin
3598 778 3719 818 cum

2135 837 2332 895 famulo
2359 841 2621 898 rationem
2669 843 2818 899 ineas
2837 885 2852 910 ,
2896 861 2965 902 ne
2989 846 3353 905 confusionem
3385 851 3600 908 inducat
3622 855 3716 911 ob-

2135 933 2299 998 livio,
2344 931 2447 989 hoc
2485 935 2647 990 etiam
2690 936 2744 992 in
2781 939 3079 994 actionibus
3117 937 3204 997 l’ae
3237 941 3459 1013 singulis
3485 944 3717 1000 diebus:

2134 1023 2346 1093 vesperi
2391 1023 2461 1080 ab
2499 1027 2677 1081 anima
2721 1027 2984 1083 rationem
3008 1029 3199 1100 exige,
3244 1040 3300 1086 et
3341 1033 3719 1104 cogitationem

2134 1127 2256 1184 quae
2285 1116 2523 1185 peccavit
2546 1115 2880 1186 condemns;
2907 1132 3028 1174 eam
3062 1119 3229 1176 veluti
3256 1121 3400 1193 ligno
3428 1125 3719 1194 suspende,

2133 1213 2407 1276 actorque
2425 1247 2442 1273 ,
2467 1216 2524 1262 et
2544 1207 2677 1276 jube
2699 1223 2766 1264 ne
2794 1209 3020 1280 amplius
3043 1223 3108 1266 ea
3129 1212 3484 1282 aggrediatur.
3529 1214 3720 1272 Vidisti

2127 1297 2393 1366 Optimam
2433 1299 2680 1354 medendi
2709 1301 2993 1368 rationem,
3024 1305 3294 1374 quomodo
3315 1314 3370 1361 et
3394 1321 3725 1376 praisen'an-

2135 1391 2277 1445 tihus
2303 1400 2358 1446 et
2387 1393 2776 1463 corrigentibus
2815 1393 3226 1453 medicamentis
3252 1413 3378 1453 usus
3404 1399 3530 1454 est?
3573 1401 3722 1456 Prae-

2133 1485 2318 1555 cipere
2344 1485 2487 1540 enim
2517 1502 2586 1542 ne
2613 1487 2666 1542 in
2695 1498 2914 1556 peccata
2944 1489 3180 1556 incidas,
3215 1495 3586 1562 pmservantis
3612 1511 3726 1550 me-

2135 1574 2420 1631 dicamenti
2448 1577 2624 1633 locum
2655 1579 2880 1645 obtinet,
2909 1595 3120 1650 nempe,
3155 1579 3465 1649 Irascimini,
3494 1595 3542 1640 et
3567 1587 3724 1640 nolite

2135 1683 2386 1736 peccare:
2423 1667 2550 1722 illud
2579 1677 2757 1725 autem
2777 1711 2793 1736 ,
2828 1669 2955 1735 Qum
2975 1671 3141 1726 dicitis
3177 1673 3230 1726 in
3263 1673 3497 1728 cordibus
3520 1675 3718 1741 uestris,

2133 1758 2190 1812 in
2241 1758 2491 1814 cubilibus
2519 1761 2694 1815 vestris
2734 1762 3165 1833 compungimini,
3198 1763 3533 1835 corrigentis.
3566 1765 3723 1820 Post-

2130 1864 2296 1919 quam
2340 1850 2484 1905 enim
2532 1852 2810 1920 peccavit,
2856 1852 3074 1908 adhibet
3098 1867 3284 1909 rursus
3312 1854 3721 1922 medicamenta,

2133 1941 2204 1996 ab
2249 1941 2366 2011 ipso
2411 1942 2499 2011 qui
2550 1943 2790 2011 peccavit
2835 1943 3051 1998 inducta
3095 1943 3380 1998 medicina.
3439 1944 3550 1999 Hac
3593 1960 3723 2016 ergo

2135 2043 2349 2089 utamur
2395 2034 2694 2101 medicina,
2735 2050 2854 2107 qua:
2898 2034 3028 2090 nihil
3058 2034 3218 2090 habet
3244 2035 3464 2091 omnino
3490 2036 3721 2092 difﬁcul-

2135 2125 2280 2180 tatis.
2304 2124 2398 2181 Sin
2423 2134 2603 2181 autem
2629 2139 2734 2180 non
2761 2127 2990 2181 sustinet
3007 2127 3185 2181 anima
3206 2127 3514 2182 meminisse
3536 2141 3714 2197 pecca-

2137 2227 2310 2272 torum
2330 2258 2347 2283 ,
2383 2218 2708 2274 erubescens
2735 2226 2790 2273 et
2815 2217 3019 2288 pudore
3045 2217 3281 2284 sulTusa;
3325 2218 3411 2273 dic
3431 2218 3506 2272 illi
3531 2235 3545 2272 :
3575 2217 3718 2272 Nihil

2137 2311 2438 2376 lucrifacis,
2480 2312 2526 2366 si
2567 2325 2673 2365 non
2719 2311 3072 2367 memineris:
3117 2310 3212 2366 sed
3259 2325 3508 2381 magnum
3547 2311 3724 2380 potius

2137 2403 2390 2459 damnum
2420 2403 2637 2473 accipis.
2697 2403 2753 2458 Si
2797 2403 2939 2458 enim
2966 2417 3074 2458 non
3113 2417 3253 2458 nunc
3289 2401 3429 2472 apud
3456 2410 3508 2456 te
3532 2402 3724 2455 memi-

2137 2496 2282 2551 neris
2303 2535 2318 2560 ,
2365 2504 2494 2549 tunc
2529 2503 2653 2550 ante
2677 2495 2917 2550 omnium
2942 2493 3130 2549 oculos
3158 2503 3244 2547 tua
3273 2503 3574 2548 statuentur
3603 2506 3722 2562 pec-

2133 2599 2256 2644 cata
2285 2592 2324 2643 ί.
2355 2588 2410 2646 Si
2439 2598 2618 2644 autem
2645 2603 2786 2644 nunc
2807 2602 2870 2643 ea
2901 2586 3291 2657 supputaveris,
3321 2595 3374 2640 et
3400 2586 3469 2640 ab
3495 2585 3597 2638 illis
3617 2584 3727 2640 cito

2140 2679 2472 2746 liberaberis,
2502 2688 2557 2734 et
2582 2679 2636 2734 in
2661 2679 2764 2734 alia
2785 2693 2890 2733 non
2920 2677 3076 2733 facile
3102 2677 3329 2732 incides.
3357 2677 3550 2731 Anima
3578 2675 3722 2730 enim

2137 2771 2500 2842 vespertinum
2520 2769 2688 2826 verita
2705 2769 2986 2840 judicium,
3011 2785 3082 2826 ne
3105 2767 3352 2826 eamdem
3375 2781 3563 2823 rursus
3588 2767 3723 2822 sub-

2135 2872 2228 2918 eat
2267 2862 2622 2928 sententiam,
2650 2862 2696 2916 si
2744 2869 3054 2931 torqueatur
3079 2868 3136 2916 et
3169 2858 3496 2930 ﬂagelletur,
3532 2857 3725 2912 redde-

2139 2965 2230 3012 tur
2260 2956 2329 3012 ad
2374 2964 2651 3026 peccatum
2692 2954 2943 3009 tardior:
2973 2962 3030 3009 et
3071 2968 3140 3008 ex
3173 2966 3239 3008 ea
3276 2966 3337 3006 re
3378 2958 3585 3005 tantum
3623 2950 3730 3004 erit.

2139 3047 2559 3103 emolumentum
2580 3085 2596 3110 ,
2639 3054 2698 3100 ut
2735 3045 2782 3100 si
2821 3043 2875 3099 id
2904 3057 3014 3099 uno
3038 3043 3158 3098 solo
3193 3056 3378 3097 mense
3420 3039 3724 3105 fecerimus,

2139 3139 2193 3196 in
2225 3138 2462 3209 perfecto
2503 3136 2717 3192 virtutis
2757 3135 2942 3190 habitu
2979 3147 3080 3190 nos
3127 3132 3274 3203 ipsos
3317 3131 3724 3186 constituemus.

2139 3231 2216 3287 Ne
2233 3240 2435 3286 tantum
2465 3230 2643 3300 itaque
2671 3227 2872 3284 bonum
2892 3227 3304 3298 neglexerimus.
3325 3225 3426 3292 Qui
3457 3223 3598 3280 enim
3624 3223 3730 3279 hoc

2135 3323 2394 3393 judicium
2433 3321 2520 3377 hic
2561 3319 2847 3385 statuerit,
2891 3318 3114 3374 acerbas
3144 3317 3252 3372 illic
3287 3331 3472 3386 prunas
3498 3329 3602 3369 non
3631 3314 3728 3367 da-

2138 3415 2236 3468 bit.
2281 3413 2342 3469 Si
2367 3413 2500 3467 enim
2528 3412 2774 3483 nosipsos
2789 3410 3171 3481 judicaremus,
3198 3425 3302 3462 non
3324 3407 3497 3478 utique
3513 3405 3727 3476 judica-

2139 3524 2308 3562 remur
2332 3522 2352 3561 :
2380 3523 2412 3559 α
2441 3505 2666 3560 Domino
2686 3514 2857 3558 autem
2874 3502 3096 3574 judicati
3121 3501 3379 3555 erudimur
3398 3541 3413 3565 ,
3446 3498 3635 3569 inquit,
3663 3513 3728 3551 ne

2139 3615 2256 3652 cum
2301 3598 2491 3651 mundo
2534 3595 2922 3650 condemnemur
2959 3593 2980 3663 (
3004 3594 3054 3648 Ι.
3085 3591 3206 3647 Cor.
3234 3591 3324 3646 11.
3351 3591 3443 3647 51.
3469 3587 3599 3662 52).
3650 3589 3727 3644 Ne

2139 3706 2267 3761 ergo
2292 3691 2740 3755 condemnemur,
2777 3688 2882 3742 hoc
2909 3685 3186 3741 faciamus.
3228 3685 3287 3741 6.
3319 3683 3724 3753 Sacriﬁcatesa-

2139 3784 2388 3854 oriﬁcium
2407 3782 2622 3854 justitite
2653 3789 2700 3836 et
2722 3790 2922 3850 sperate
2949 3780 3004 3834 in
3027 3778 3268 3833 Domino.
3315 3775 3506 3832 Vidisti
3534 3789 3725 3830 conse~

2139 3876 2411 3946 quentiam
2441 3873 2629 3944 optimi
2654 3872 2900 3928 consilii?
2945 3869 3123 3926 vidisti
3157 3867 3448 3940 perfectam
3485 3866 3726 3921 admoni-

2140 3965 2384 4022 tionem?
2409 3964 2697 4034 Postquam
2728 3963 2871 4018 enim
2899 3969 3117 4031 propter
3145 3966 3364 4031 peccata
3391 3956 3723 4027 compunxit,

2139 4065 2198 4114 et
2244 4055 2312 4112 ad
2355 4055 2543 4112 eadem
2591 4068 2779 4110 rursus
2823 4050 3176 4124 aggredienda
3227 4049 3486 4105 tardiores
3527 4047 3723 4113 eli‘ecit,

2135 4148 2502 4221 judiciumque
2538 4146 2679 4217 quod
2706 4159 2811 4200 non
2839 4153 3014 4214 potest
3038 4142 3307 4212 corrumpi
3331 4139 3641 4203 constituit,
3669 4145 3726 4192 et

2141 4246 2264 4300 vita:
2290 4245 2552 4300 rationem
2579 4241 2794 4310 exegit,
2839 4240 2912 4294 ita
2939 4237 3005 4292 ad
3041 4236 3251 4292 virtutis
3291 4233 3603 4291 exercitium
3631 4230 3726 4286 de-

2140 4337 2306 4394 ducit.
2333 4335 2518 4405 Neque
2535 4333 2680 4390 enim
2709 4329 2904 4387 sufﬁcit
2923 4328 3016 4384 sia
3037 4327 3194 4382 malis
3216 4325 3598 4390 abstineamus,
3628 4323 3724 4377 sed

2141 4437 2355 4499 oportet
2373 4427 2533 4482 etiam
2561 4425 2731 4480 bonos
2765 4434 2916 4478 actus
2943 4420 3222 4476 accedere.
3273 4417 3534 4485 Quocirca
3563 4414 3725 4470 etiam

2144 4518 2490 4592 progrediens
2513 4517 2796 4580 admonet,
2825 4514 3010 4570 dicens
3039 4529 3052 4564 :
3085 4510 3298 4565 Declina
3317 4525 3351 4562 ι
3373 4509 3533 4574 malo,
3570 4515 3617 4559 et
3642 4509 3727 4576 fac

2143 4611 2328 4665 bonum
2358 4607 2530 4681 (Psal.
2555 4607 2646 4663 55.
2679 4603 2792 4679 l5).
2842 4604 2960 4660 Non
2983 4603 3158 4658 solum
3186 4601 3330 4656 enim
3370 4597 3728 4668 improbitatis

2143 4701 2283 4756 actio
2301 4739 2317 4765 ,
2343 4698 2443 4755 sed
2468 4698 2630 4754 etiam
2655 4712 2686 4752 a
2709 4697 2906 4752 virtute
2932 4691 3166 4749 cessatio
3187 4731 3203 4758 ,
3232 4699 3294 4746 ut
3315 4691 3622 4760 puniamur,
3649 4687 3730 4741 ef-

2144 4793 2272 4848 ficit.
2312 4790 2444 4847 Nam
2473 4790 2631 4847 etilli
2667 4789 2757 4860 qui
2803 4787 3124 4843 esurientem
3167 4799 3273 4840 non
3320 4791 3614 4853 paverunt,
3663 4795 3728 4836 ac

2145 4882 2345 4938 sitienti
2379 4890 2565 4953 potum
2593 4896 2698 4936 non
2735 4879 3035 4942 dederunt,
3065 4885 3121 4932 et
3146 4879 3236 4947 qui
3273 4873 3475 4930 nudum
3501 4888 3607 4928 non
3633 4887 3728 4925 ve-

2145 4976 2373 5031 stierunt
2399 4972 2612 5043 (Matth.
2639 4971 2732 5027 25.
2758 4971 2848 5026 42.
2877 4969 3041 5040 seqq.)
3062 5010 3079 5035 ,
3103 4983 3214 5022 non
3243 4966 3403 5022 furati
3431 4973 3593 5030 sunt,
3626 4978 3730 5018 nec

2144 5067 2290 5121 avari
2324 5064 2575 5132 fuerunt,
2602 5079 2704 5119 nec
2741 5063 2881 5119 bona
2920 5062 3096 5116 aliena
3123 5066 3414 5128 rapuerunt
3444 5075 3458 5111 :
3485 5055 3580 5113 sed
3603 5055 3729 5125 quia

2145 5173 2253 5213 non
2284 5157 2526 5234 fecerunt
2543 5155 2939 5224 eleemosynam
2960 5192 2978 5219 ,
3003 5159 3288 5222 propterea
3311 5163 3482 5219 pinnae
3509 5147 3747 5201 immor-.

2147 5250 2239 5306 tali
2264 5249 2576 5313 traduntur,
2601 5254 2657 5301 et
2682 5243 2943 5314 supplicio
2970 5241 3123 5311 cujus
3147 5241 3325 5296 nullus
3348 5248 3432 5295 est
3455 5238 3596 5294 ﬁnis.
3644 5237 3729 5291 Ex

2145 5355 2253 5412 quo
2281 5338 2662 5408 intelligimus,
2707 5334 2983 5390 abstinere
3010 5347 3041 5387 a
3067 5331 3223 5388 malis
3260 5343 3366 5385 non
3409 5343 3532 5384 esse
3572 5327 3732 5382 nobis

2147 5432 2462 5504 principium
2489 5428 2678 5484 salutis
2702 5429 2758 5492 ’,
2805 5427 2911 5482 nisi
2945 5424 3088 5482 adsit
3122 5424 3286 5482 etiam
3309 5423 3573 5479 bonorum
3604 5433 3730 5492 pos-

2145 5525 2314 5582 sessio
2335 5564 2352 5590 ,
2381 5531 2437 5580 et
2461 5519 2672 5578 virtutis
2695 5519 2856 5576 actio.

2212 5703 2229 5734 ²
2267 5709 2404 5764 Reg,
2422 5706 2530 5751 tmte
2548 5698 2761 5750 omnium
2801 5697 2963 5751 oculos
2983 5697 3127 5751 stabit
3157 5693 3243 5749 tibi
3265 5689 3572 5745 tribunaltua
3597 5701 3730 5740 cetu-

2146 5765 2445 5831 prehendens
2469 5771 2684 5831 peccata.
2719 5828 2731 5831 _
2811 5828 2822 5831 _
3037 5824 3048 5831 _
3155 5825 3168 5831 _
3208 5823 3232 5831 _
3320 5820 3341 5831 ,
3383 5827 3393 5831 _
3717 5817 3728 5827 .

2215 5831 2236 5862 ι
2259 5820 2314 5892 tn
2343 5820 2563 5892 Graeco,
2582 5830 2670 5877 οὐκ
2710 5828 2832 5892 ἀρχὴ
2867 5824 3105 5892 σῳτηρςας
3145 5823 3278 5885 ἡμῖν.
3320 5820 3605 5892 interpres,
3643 5820 3729 5892 qui

2155 5890 2326 5953 vertit,
2354 5904 2447 5943 non
2470 5883 2588 5942 satis
2613 5894 2685 5942 est
2708 5883 2844 5941 nobis
2868 5887 2932 5938 ad
2966 5883 3191 5944 salutem,
3213 5897 3306 5934 non
3327 5885 3452 5946 ἀρχὴ
3475 5883 3730 5946 σωτηρίας,
