4040 6342
271 365 342 418 5|
1457 374 1542 430 EX
1554 375 1824 436 POSI'HO

1971 379 2296 444 PSALMUM
2332 389 2415 448 ιν.
3179 362 3185 369 ’
3473 412 3544 468 δι

271 483 524 554 ὒὶμενος
577 483 743 552 εἰκῆο
781 483 897 539 ἐστι
942 487 1050 558 γάρ
1091 490 1185 543 καὶ
1232 490 1459 556 δικαίως
1485 494 1852 566 ξόργίζεσθαι·

270 569 405 624 ἐπεὶ
430 575 526 622 καὶ
565 569 774 634 Παῦλος
800 570 1046 643 ὠργίσθη
1070 573 1150 644 τῷ
1190 574 1417 648 Ἐλύμα,
1438 578 1532 631 καὶ
1557 580 1762 651 Πέτρος
1794 584 1859 652 τῇ

268 653 591 724 Σαπφείρα.
631 653 773 708 Ἀλλ’
796 655 897 707 οὐκ
929 655 994 710 ἄν
1026 656 1238 730 εἴποιμι
1265 659 1424 715 τοῦτο
1452 663 1621 736 ὀργὴν
1649 666 1859 730 ἁπλῶς,

269 736 416 790 ἀλλά
434 737 766 806 φιλοσοφίαν,
783 736 902 810 [18]
918 738 1010 790 καὶ
1033 741 1384 812 κηδεμονίαν,
1408 748 1502 800 καὶ
1524 749 1858 819 οἰκονομίαν.

280 819 598 890 Ὀργίζεται
629 821 722 874 καὶ
745 823 923 893 πατὴρ
952 822 1072 894 υἰῷ,
1101 824 1236 878 ἀλλά
1260 829 1578 898 κηδόμενος.
1617 831 1858 896 Ἐκεῖνός

269 905 428 957 ἐστιν
452 906 481 956 ὀ
517 906 869 977 ὀργιζόμενος
908 909 1050 978 εἰκῆ,
1075 911 1102 962 ὀ
1131 910 1321 964 ἐαυτὸν
1355 913 1586 967 ἐκδικῶν
1608 931 1620 945 ’
1648 917 1675 968 ὀ
1708 915 1764 968 δέ
1792 916 1862 970 τὰ

270 990 483 1058 ἐτέρων
519 988 780 1060 διορθῶν,
826 984 977 1053 οὗτος
1022 991 1235 1047 πάντων
1283 997 1432 1048 ἐστὶν
1488 997 1858 1070 ἡμερώτερος.

281 1073 507 1144 Ἐαιδὴ
539 1075 633 1126 καί
678 1076 706 1126 ὀ
753 1074 884 1137 Θεὸς
905 1115 919 1137 ,
949 1075 1087 1130 ἐπὰν
1126 1077 1352 1148 λέγηται
1385 1080 1732 1153 ὀργίζεσθαι,
1762 1083 1859 1155 οὐχ

269 1155 458 1226 ἐαυτῷ
502 1155 722 1226 ἀμύνων
756 1157 1067 1230 ὀργίζεται,
1113 1160 1228 1213 ἀλλ’
1262 1163 1410 1233 ἡμᾶς
1458 1164 1856 1235 διορθούμενος.

269 1241 482 1296 Τοῦτον
529 1241 708 1294 τοίνυν
759 1242 856 1294 καὶ
904 1243 1068 1312 ἡμεῖς
1121 1244 1437 1316 μιμώμεθα.
1481 1247 1556 1300 Τὸ
1603 1248 1701 1318 μὲν
1747 1249 1858 1320 γὰρ

268 1323 454 1386 οὕτως
483 1323 774 1388 ἐπεξιέναι,
820 1324 962 1379 θεῖον
982 1342 996 1355 ·
1031 1326 1094 1379 τὸ
1129 1327 1186 1381 δέ
1218 1328 1456 1400 ἑτέρως,
1493 1330 1856 1403 ἀνθρώπινον.

284 1407 432 1461 Ἀλλ’
480 1410 510 1461 ὀ
546 1407 677 1470 Θεὸς
715 1409 776 1462 οὐ
827 1408 1000 1481 ταύτῃ
1037 1410 1195 1481 ἡμῶν
1225 1412 1476 1483 διέστηκε
1515 1415 1695 1485 μόνον,
1731 1410 1861 1489 iam.

270 1493 450 1555 καίως
470 1491 768 1565 ὀργίζεται,
789 1491 904 1546 ἀλλ’
935 1494 1016 1546 ὅτι
1045 1494 1167 1548 οὐδὲ
1192 1495 1365 1560 πάθος
1397 1497 1526 1567 περὶ
1549 1497 1680 1550 Θεόν
1709 1500 1858 1552 ἐστιν

269 1578 307 1645 ἡ
355 1575 516 1647 ὀργή.
567 1575 659 1648 Μὴ
703 1575 888 1629 τοίνυν
935 1576 1068 1646 μηδὲ
1103 1578 1263 1649 ἡμεῖς
1313 1578 1665 1650 ὀργιζώμεθα
1710 1583 1856 1652 εἰκῆ.

269 1659 389 1711 Καὶ
419 1659 529 1730 γὰρ
569 1658 658 1711 διὰ
701 1658 860 1712 τοῦτο
913 1659 1132 1731 ἐνετέθη
1179 1662 1310 1730 ἡμῖν
1364 1664 1398 1733 ἡ
1435 1661 1604 1734 ὀργὴ,
1632 1664 1733 1734 οὐχ
1773 1665 1860 1718 ῖνα

270 1744 715 1814 ἁμαρτάνωμεν,
749 1743 864 1797 ἀλλ’
906 1743 993 1796 ἵνα
1017 1743 1238 1815 ἐτέρους
1290 1745 1710 1816 ἁμαρτάνοντας
1751 1765 1860 1801 κω-

266 1827 522 1896 λύωμεψ
547 1827 644 1897 οὐχ
675 1826 762 1879 ῖνα
791 1826 961 1891 πάθος
988 1827 1083 1880 καὶ
1115 1828 1328 1900 νόσημα
1351 1829 1596 1900 γένηται,
1628 1830 1744 1884 ἀλλ’
1771 1831 1860 1886 ῖνα

268 1910 470 1964 παθῶν
497 1910 806 1979 φάρμακον.

349 2002 419 2064 η’.
462 1994 742 2065 Ἐννόησον
788 1995 968 2051 τοίνυν
1005 1996 1204 2061 κακίας
1253 1996 1557 2068 ὑπερϐολὴν
1579 2037 1597 2062 ,
1631 2000 1758 2054 ὅταν
1799 2001 1861 2055 τὸ

270 2079 570 2148 φάρμακον
594 2079 920 2149 δηλητήριον
957 2081 1190 2148 γίνηται,
1223 2081 1349 2135 ὅταν
1377 2082 1443 2134 δι’
1468 2073 1529 2134 οὗ
1566 2081 1634 2136 τά
1659 2083 1860 2154 ἐτέρων

267 2164 570 2235 τραύματα
596 2162 842 2234 διορθοῦν
873 2164 998 2235 χρὴ,
1025 2163 1114 2216 διὰ
1139 2163 1328 2217 τούτου
1369 2163 1658 2235 τραύματα
1694 2168 1860 2236 ἐργας-

269 2246 533 2318 ζώμεθα·
567 2249 754 2318 ὥσπερ
803 2248 868 2300 ἂν
906 2248 958 2299 εἰ
995 2264 1078 2309 τις
1129 2246 1344 2318 σίδηρον
1388 2247 1589 2311 λαϐὼν,
1633 2249 1719 2301 ἴνα
1761 2250 1861 2314 τάς

269 2331 481 2401 ἐτέρων
522 2331 818 2399 σηπεδόνας
844 2330 1105 2401 ἐκκόπτῃ,
1133 2331 1326 2384 ἐαυτὸν
1358 2333 1479 2403 είκῆ
1517 2331 1858 2403 κατακόπτῃ,

268 2418 528 2486 πανταχῇ
556 2415 648 2468 τοῦ
679 2414 928 2486 σώματος
957 2413 1092 2483 ἕλκη
1121 2414 1288 2468 ποιῶν
1314 2430 1327 2442 ·
1361 2415 1394 2485 ἢ
1425 2415 1762 2486 κυϐερνήτης
1785 2416 1860 2468 ὣν

269 2497 363 2551 διὰ
395 2498 504 2552 τῶν
537 2499 738 2552 οἰάκων
767 2498 1008 2569 καταδύῃ
1045 2497 1106 2550 τὸ
1145 2498 1370 2566 σκάφος,
1398 2497 1464 2552 δι’
1493 2491 1568 2552 ὧν
1591 2498 1697 2551 τῶν
1729 2499 1862 2553 ἀτάο

264 2598 421 2634 κτων
453 2581 774 2652 πνευμάτων
804 2579 901 2653 τὴν
931 2581 1111 2651 ῥύμην
1136 2582 1425 2635 ἐκκόπτειν
1452 2581 1580 2637 ἔδει.
1610 2581 1860 2636 Τοιοῦτόν

269 2683 325 2719 τι
360 2667 511 2736 καίή
541 2666 675 2737 ὀργή
703 2667 868 2724 ἐστιν.
905 2665 1134 2736 ὖργανον
1160 2667 1449 2737 χρήσιμον,
1483 2668 1570 2721 ἵνα
1605 2668 1665 2721 τὸ
1688 2669 1860 2738 ὑπνη-

270 2751 364 2802 λὸν
392 2751 549 2820 ἡμῶν
588 2749 851 2822 διεγείρῃ,
896 2749 983 2802 ἵνα
1025 2751 1178 2804 τόνον
1222 2752 1402 2823 ἐντιθῇ
1447 2756 1512 2824 τῇ
1556 2753 1724 2823 ψυχῇ,
1772 2755 1860 2806 ἵνα

273 2833 666 2903 σφοδροτέρους
698 2833 999 2903 ἐργάζηται
1026 2835 1161 2904 πρὸς
1190 2834 1288 2898 τὰς
1330 2835 1470 2905 ὑπὲρ
1506 2836 1614 2891 τῶν
1642 2837 1856 2890 ἀδικου-

269 2915 457 2984 μένων
487 2916 910 2986 ἀγανακτήσεις,
943 2917 1028 2970 ῖνα
1049 2918 1322 2988 τιμωροὺς
1351 2921 1476 2989 ποιῇ
1507 2922 1619 2982 τοῖς
1647 2919 1859 2972 ἐπιϐου-

268 2999 408 3062 λοις.
448 2999 548 3050 Διὰ
573 2999 636 3069 δὴ
663 2999 820 3051 τοῦτό
847 3015 1032 3070 φησιν,
1077 3000 1426 3070 Ὀργίζεσθε,
1455 3001 1554 3055 καί
1578 3002 1660 3070 μὴ
1681 3003 1861 3071 ἁμαρ-

267 3085 502 3138 τάνετε.
536 3085 599 3136 Εἰ
629 3085 684 3137 δέ
716 3085 789 3156 μὴ
830 3081 898 3154 ἦν
925 3085 1148 3139 δυνατὸν
1179 3085 1355 3150 τοῦτο,
1385 3087 1488 3139 οὐκ
1513 3086 1581 3141 ἄν
1605 3087 1853 3152 ἐπέταξε.

270 3165 354 3220 Τὰ
399 3165 509 3239 γάρ
559 3167 796 3221 ἀδύνατα
831 3167 1006 3231 οὐδεὶς
1041 3169 1339 3225 ἐπιτάττει.
1389 3170 1639 3238 Είσάγων
1677 3173 1858 3228 τοίνυν

269 3253 437 3323 νόμον
471 3253 847 3317 άποστολικὸν,
877 3255 974 3309 καὶ
1011 3255 1328 3326 φιλοσοφίαν
1357 3258 1737 3330 εὐαγγελικὴν,
1763 3261 1858 3314 καὶ

265 3343 338 3396 τά
360 3343 505 3396 αὐτά
549 3341 719 3396 εἰπὼν
751 3343 896 3414 άπερ
927 3343 1021 3398 καὶ
1061 3343 1088 3396 ὀ
1115 3343 1370 3414 Χριστὸς.
1412 3346 1602 3414 ἑτέραν
1630 3349 1857 3417 προστί-

264 3429 398 3496 θησι
419 3427 738 3498 παραίνεσιν
767 3428 912 3484 οῦτω
934 3429 1104 3497 λέγων
1130 3446 1144 3460 '
1179 3433 1237 3486 Ἀ
1264 3430 1470 3500 λέγετε
1485 3434 1558 3487 ἐν
1577 3434 1706 3500 ταῖς
1725 3453 1857 3503 καρ-

266 3516 430 3582 δίαις
460 3516 648 3585 ὑμῶν,
695 3516 796 3569 ἐπὶ
833 3515 963 3583 ταῖς
1007 3518 1234 3583 κοίταις
1255 3518 1425 3586 ὑμῶν
1465 3522 1850 3590 κατανύγητε.

266 3606 334 3658 Τί
363 3607 483 3658 ἐστι
526 3606 586 3657 τὸ
611 3605 932 3676 εἰρημένον;
977 3607 1134 3658 Δοκεῖ
1167 3607 1276 3678 γάρ
1317 3607 1526 3676 ἀσαφὲς
1565 3605 1723 3666 εἶναι.
1769 3612 1856 3666 Ἐν

266 3693 346 3763 τῷ
378 3690 556 3761 καιρῷ
581 3691 658 3761 τῷ
688 3690 827 3761 μετὰ
862 3691 930 3745 τὰ
959 3691 1166 3758 δεῖπνα,
1200 3694 1383 3764 φησὶν,
1417 3696 1580 3766 ἡνίκα
1625 3697 1693 3751 ἂν
1721 3699 1856 3768 πρὸς

268 3780 438 3834 ῦπνον
475 3782 702 3849 ἀπίητε,
732 3779 894 3850 ἡνίκα
927 3780 993 3834 ἂν
1037 3781 1265 3853 μέλλητε
1289 3785 1728 3854 κατακλίνεσθαι,
1763 3788 1856 3840 καὶ

269 3870 499 3940 μηδενὸς
538 3870 806 3940 παρόντος
838 3869 1003 3941 πολλὴ
1040 3872 1074 3940 ἡ
1104 3872 1324 3942 ἡσυχία,
1360 3871 1552 3943 βαθεῖα
1585 3875 1619 3944 ἡ
1648 3874 1852 3946 γαλήνη

269 3957 498 4028 μηδενὸς
534 3957 952 4038 διενοχλοῦντος,
1003 3958 1064 4012 τὸ
1110 3959 1456 4032 δικαστήριον
1504 3961 1715 4034 ἕγειρον
1759 3962 1852 4015 τοῦ

268 4044 594 4108 συνειδότος,
626 4043 854 4108 εὐθύνας
879 4046 1180 4117 ἀπαίτησον
1202 4047 1353 4110 αὐτὸ,
1382 4049 1474 4102 καὶ
1505 4048 1542 4102 ἃ.
1580 4049 1699 4120 μεθ’
1724 4050 1855 4121 ἡμέ-

267 4151 371 4204 ραν
403 4131 708 4184 ἐϐουλεύσω
738 4133 969 4203 πονηρὰ,
993 4133 1026 4203 ἢ
1061 4133 1242 4199 δόλους
1269 4135 1568 4208 ράπτων,ῆ
1599 4137 1688 4190 τὸν
1717 4137 1854 4208 πλη-

268 4221 384 4272 σίον
417 4219 810 4282 ὑποσκελίζων,
842 4220 1187 4292 ἢέπιθυμίας
1214 4222 1498 4294 δεχόμενος
1528 4223 1854 4296 διεφθαρμέ-

265 4326 385 4372 νας,
417 4308 596 4361 ταῦτα
625 4307 682 4358 ἐν
714 4305 790 4378 τῷ
823 4308 997 4378 καιρῷ
1022 4309 1119 4379 τῆς
1153 4311 1378 4380 ἡσυχίας
1410 4311 1623 4382 ἐκείνης
1651 4315 1730 4376 εἰς
1763 4314 1855 4383 μὲ-

267 4414 358 4449 σον
385 4395 629 4464 ἀγαγὼν,
663 4396 759 4448 καὶ
779 4397 840 4448 τὸ
874 4395 1108 4459 συνειδὸς
1150 4397 1450 4469 ἐπιστήσας
1488 4402 1601 4463 τοῖς
1635 4401 1852 4466 ἀτόποις

264 4483 474 4546 τούτοις
501 4483 802 4553 λογισμοῖς,
828 4483 1116 4548 κατάξαινε
1152 4483 1366 4547 αὐτοὺς,
1399 4486 1493 4538 καὶ
1513 4487 1668 4558 δίκην
1697 4489 1854 4541 ἀπαί-

263 4587 367 4634 τει,
400 4572 686 4624 κατάτεινε
723 4570 820 4641 τὴν
861 4571 1208 4640 ἁμαρτοῦσαν
1250 4571 1508 4625 διάνοιαν.
1545 4575 1713 4628 Τοῦτο
1743 4577 1850 4646 γάρ

263 4661 401 4718 ἐστι,
428 4659 509 4721 τὸ,
571 4659 954 4727 Κατανύιιυητε
1013 4658 1509 4724 ἀντὶτοῦ,Νύξατε,
1552 4664 1848 4734 κεντήσατε

264 4749 409 4816 ἅπερ
457 4746 649 4799 εἴπατε
690 4746 747 4798 ἐν
792 4748 912 4809 ταῖς
953 4747 1200 4817 καρδίαις
1243 4748 1394 4815 ὑμῶν
1427 4747 1546 4817 μεθ’
1594 4751 1845 4822 ἡμέραν·

262 4835 633 4898 τοντέστιν,“Λ
649 4834 964 4904 ἐλογίσασθε
980 4835 1192 4905 πονηρὰ
1209 4835 1566 4906 βουλεύματα,
1592 4840 1764 4893 ταῦτα
1789 4841 1847 4894 ἐν

263 4927 387 4986 ταῖς
410 4923 619 4984 κοίταις
647 4921 822 4990 ὑμῶν,
858 4923 915 4972 ἐν
938 4921 1016 4990 τῷ
1042 4922 1216 4992 καιρῷ
1244 4923 1344 4992 τῆς
1378 4924 1605 4993 ἡσυχίας
1633 4927 1848 4998 ἐκείνης

262 5010 543 5074 κολάζετε,
597 5008 1014 5080 τιμωρήσασθε·
1067 5011 1195 5063 ὅταν
1239 5013 1377 5080 μήτε
1423 5013 1575 5081 φίλος
1633 5015 1843 5086 ἐνοχλῇ,

265 5103 400 5171 μήτε
458 5100 677 5169 οἰκέτης
742 5099 1016 5170 παροξύνῃ
1039 5138 1052 5162 ,
1104 5101 1240 5171 μήτε
1294 5104 1632 5172 πραγμάτων
1689 5104 1847 5174 ὄχλος

261 5187 480 5259 ἐπείγῃ,
514 5189 636 5240 τότε
679 5188 788 5240 τῶν
819 5188 936 5257 μεθ’
967 5188 1181 5260 ἡμέραν
1229 5189 1572 5261 βεϐιωμένων
1603 5193 1844 5248 ποιεῖσθε

260 5277 437 5345 λόγον.
481 5276 594 5330 Καὶ
628 5275 722 5330 διά
747 5276 800 5329 τί
831 5276 904 5347 μὴ
933 5272 1054 5330 εἰπε
1096 5278 1355 5348 ῥημάτων
1382 5282 1475 5334 καὶ
1500 5280 1698 5352 ἔργων,
1726 5283 1844 5336 ἀλλ’

261 5364 664 5434 ἐνθυμημάτων
704 5364 992 5434 πονηρῶνς
1036 5366 1131 5420 Ἐκ
1166 5367 1482 5436 περιουσίας
1524 5369 1682 5424 τοῦτο
1711 5387 1840 5424 παι-

260 5454 452 5508 δεύων.
487 5451 600 5525 [19]
632 5455 695 5508 Εἰ
729 5453 837 5524 γάρ
861 5453 928 5507 τά
960 5453 1169 5525 πονηρά
1197 5454 1534 5525 βουλεύματα
1564 5458 1644 5512 δεῖ
1685 5459 1844 5514 κολάο

261 5539 394 5603 ζειν,
424 5539 567 5594 ὥστε
595 5541 670 5612 μὴ
696 5543 774 5606 είς
803 5540 964 5612 ἔργον
997 5541 1197 5609 ἐξιέναι
1215 5560 1230 5574 ο
1263 5543 1441 5614 πολλῷ
1476 5545 1672 5614 μᾶλλον
1701 5547 1842 5618 ὑπὲρ

261 5629 368 5680 τῶν
399 5628 577 5698 ἔργων
607 5631 700 5683 καὶ
725 5629 834 5683 τῶν
863 5631 1122 5706 ῥημάτων
1149 5633 1463 5702 ἐπιστύφειν
1495 5634 1576 5686 δεῖ
1604 5636 1701 5708 τήν
1737 5637 1838 5706 ψυ-

262 5718 383 5787 χήν.
419 5718 592 5772 Τοῦτο
623 5719 743 5773 καθ’
770 5722 1005 5791 ἑκάστην
1045 5723 1284 5791 γενέσθω
1324 5725 1426 5794 τὴν
1470 5723 1701 5794 ἡμέραν,
1747 5728 1838 5780 καὶ

267 5808 342 5876 μή
373 5806 634 5878 πρότερον
683 5810 1062 5883 καθυπνώσῃς,
1099 5811 1372 5883 ἄνθρωπε,
1400 5813 1504 5878 ἓως
1537 5813 1600 5869 ἂν
1645 5816 1832 5871 ἀναλο-

558 5925 831 5988 ΡΑτιιοι..
877 5929 992 5990 (in.
1043 5932 1164 5995 LV.

1967 501 2097 575 γίσῃ
2124 504 2191 560 τὰ
2219 508 2338 578 μεθ’
2366 510 2579 583 ἡμέραν
2602 531 2682 568 σοι
2713 518 3222 594 πεπλημμελημένα
3243 539 3256 553 ·
3287 526 3380 580 καὶ
3407 530 3542 582 πάν-

1963 607 2070 681 τως
2096 594 2454 668 ὀκνηρότερος
2480 600 2578 674 ἔσῃ
2605 607 2669 675 τῇ
2699 605 2924 680 ἐπιούσῃ
2965 610 3101 680 πρὸς
3129 613 3188 665 τὺ
3223 615 3335 678 τοῖς
3361 616 3545 681 αὐτοῖς

1962 680 2329 752 ἐπιχειρῆσαι.
2359 689 2468 741 Καὶ
2495 691 2632 762 ὅπερ
2660 693 2752 746 ἐπὶ
2775 695 2885 748 τῶν
2911 698 3188 769 ἀργυρίων
3222 705 3413 768 ποιεῖς,
3450 680 3544 758 καῖ

1962 769 2062 862 οὐκ
2094 771 2260 862 άνέχῃ
2287 773 2382 830 δύο
2405 779 2692 848 παρελθεῖν
2718 783 2950 854 ἡμέρας,
2977 787 3070 839 καὶ
3102 787 3176 859 μὴ
3209 787 3384 845 θεῖναι
3408 790 3544 862 πρὸς

1961 856 2052 953 τὸν
2069 859 2286 953 οἰκέτην
2307 863 2484 933 λόγον,
2503 866 2643 922 ὥστε
2667 871 2740 942 μὴ
2759 872 3019 942 σύγχυσιν
3033 856 3360 950 γενέσθαιτῇ
3382 856 3539 953 λήθῃ,

1962 945 2120 1002 τοῦτο
2147 950 2239 1005 καὶ
2264 951 2357 1006 ἐπὶ
2388 953 2497 1008 τῶν
2523 956 2774 1026 πράξεων
2807 961 2948 1014 ποίει
2985 962 3106 1015 καθ’
3129 945 3366 1036 ἑκάστην
3401 945 3542 1036 ἡμέζ

1962 1050 2065 1104 ραν
2088 1053 2100 1065 ·
2133 1039 2192 1090 ἐν
2223 1039 2434 1113 ἑσπέρᾳ
2479 1043 2784 1111 λογοθέσιον
2829 1048 3051 1104 ἀπαίτει
3075 1051 3174 1122 τὴν
3214 1052 3410 1125 ψυχὴν.
3448 1056 3544 1108 καὶ

1963 1125 2288 1193 καταδίκαζε
2311 1128 2404 1182 τὸν
2437 1133 2798 1203 ἡμαρτηκότα
2832 1135 3109 1207 λογισμὸν,
3138 1139 3439 1212 ἀνάρτησον
3464 1141 3541 1206 ὡς

1962 1211 2056 1264 ἐπὶ
2089 1213 2267 1279 ξύλου,
2307 1218 2400 1272 καὶ
2449 1219 2756 1289 βασάνισον,
2809 1223 2905 1278 καὶ
2952 1226 3296 1298 παράγγελλε
3345 1229 3541 1299 μηκέτι

1960 1303 2073 1365 τοῖς
2099 1304 2283 1368 αὐτοῖς
2310 1307 2626 1379 ἐπιχειρεῖν.
2662 1307 2815 1378 Εἶδες
2849 1315 3090 1385 ἰατρείαν
3133 1317 3383 1388 ἀρίστην,
3418 1318 3539 1382 πῶς

1963 1390 2056 1444 καὶ
2087 1393 2541 1462 προφυλακτικοῖς
2578 1399 2671 1452 καὶ
2693 1400 3060 1472 διορθωτικοῖς
3089 1403 3354 1475 κέχρηται
3401 1421 3540 1476 φαρ-

1961 1477 2191 1547 μάκοιςς
2219 1481 2291 1534 Τὸ
2314 1482 2413 1552 μὲν
2435 1484 2542 1556 γάρ
2567 1488 2964 1558 παραγγέλλειν
2986 1490 3059 1560 μὴ
3093 1493 3439 1562 περιπίπτειν
3459 1494 3539 1556 εἰς

1963 1565 2352 1638 ἁμαρτήματα,
2394 1573 2831 1642 προφυλακτικοῦ
2883 1579 3171 1648 φαρμάκου
3219 1577 3401 1651 χώραν
3439 1582 3538 1634 ἐπ-

1963 1653 2076 1723 έχει
2095 1671 2107 1683 ·
2139 1651 2270 1724 οἷον,
2313 1658 2658 1729 Ὀργίζὲσθε,
2686 1664 2784 1718 καί
2811 1665 2896 1735 μὴ
2928 1666 3324 1736 ἁμαρτάνετοο
3358 1667 3419 1722 τὸ
3458 1669 3535 1733 δὲ,

1968 1742 2036 1796 Ἀ
2059 1741 2265 1811 λέγετε
2287 1745 2355 1799 ἐν
2383 1748 2511 1815 ταῖς
2529 1750 2799 1818 καρδίαις
2823 1752 3012 1822 ὑμῶν,
3035 1755 3133 1808 ἐπὶ
3164 1756 3292 1822 ταῖς
3316 1756 3538 1823 κοίταις

1960 1831 2128 1902 ὑμῶν
2150 1835 2538 1906 κατανύγητε,
2567 1838 2935 1910 διορθωτικοῦ.
2967 1842 3119 1896 Μετά
3138 1842 3246 1914 γάρ
3275 1843 3334 1896 τὸ
3355 1844 3537 1915 ἀμαρ-

1961 1921 2093 1982 τεῖν,
2125 1919 2284 1974 πάλιν
2315 1923 2509 1991 ἐπάγει
2543 1926 2830 1997 φάρμακα,
2871 1929 2999 2000 παρ’
3031 1929 3196 1983 αὐτοῦ
3234 1929 3325 1983 τοῦ
3359 1932 3538 2002 ἀμαρ-

1959 2005 2144 2071 τόντος
2176 2009 2276 2080 τὴν
2328 2011 2567 2083 ἰατρείαν
2601 2015 2853 2083 εἰσάγων.
2904 2017 3192 2086 Ποιώμεθα
3222 2017 3400 2072 τοίνυν
3439 2019 3538 2090 τὴν

1963 2095 2206 2166 ἰατρείαν
2233 2098 2459 2170 ταύτην,
2499 2101 2755 2174 οὐδεμίαν
2794 2103 3073 2158 δυσκολίαν
3109 2097 3455 2175 ἔχουσαν.Ἐί
3480 2106 3538 2158 δὲ

1962 2186 2060 2239 οὐκ
2091 2187 2335 2258 ἀνέχεται
2381 2191 2586 2262 ἡψυχὴ
2633 2194 2940 2264 μεμνῆσθαι
2977 2195 3085 2248 τῶν
3134 2196 3530 2268 πλημμελημά-

1959 2290 2089 2335 των,
2125 2275 2485 2348 αἰσχυνομένη
2521 2280 2615 2331 καί
2660 2280 2985 2352 ἐρυθριῶσα,
3020 2283 3140 2334 εἰπὲ
3169 2283 3304 2353 πρὸς
3333 2282 3531 2353 αὐτὴν

1961 2359 2127 2412 Οὐδέν
2155 2379 2234 2414 σοι
2281 2363 2469 2434 κέρδος
2497 2367 2603 2418 ἀπὸ
2629 2367 2723 2420 τοῦ
2760 2369 2834 2438 μὴ
2871 2368 3247 2440 μνημονεύειν,
3280 2368 3416 2422 ἀλλὰ
3444 2368 3538 2421 καὶ

1959 2447 2128 2520 πολλὴ
2154 2451 2186 2520 ἡ
2219 2449 2410 2522 βλάϐη.
2466 2452 2592 2506 Ἐάν
2615 2455 2722 2525 γάρ
2755 2456 2828 2527 μὴ
2864 2457 3211 2528 μνημονεύση
3243 2456 3382 2510 κατά
3408 2472 3540 2510 σαυ-

1957 2538 2057 2610 τὴν
2091 2539 2206 2603 νῦν,
2239 2541 2360 2594 τότε
2395 2543 2500 2615 πρὸ
2524 2543 2633 2597 τῶν
2678 2545 2929 2599 ἁπάντων
2974 2545 3268 2617 ὀφθαλμῶν
3299 2544 3537 2600 κείσεταε

1963 2645 2044 2681 σοι
2074 2626 2141 2681 τά
2176 2629 2545 2700 ἁμαρτήματα
2576 2643 2624 2686 α.
2665 2633 2760 2686 Ἂν
2792 2632 2848 2685 ὀέ
2888 2631 2983 2688 νῦν
3019 2633 3311 2706 ἀναλογίσῃ
3343 2633 3537 2692 ταῦτα.

1959 2717 2225 2771 κάκείνων
2256 2720 2616 2794 ἀπαλλαγήοῃ
2644 2721 2871 2791 ταχέως,
2901 2721 2995 2775 καὶ
3038 2721 3244 2792 ἐτέροις
3291 2721 3350 2774 οὐ
3381 2739 3538 2792 περι-

1960 2807 2100 2876 πεσῇ
2149 2806 2364 2878 ῥᾳδίως.
2404 2808 2468 2860 Ἦ
2501 2808 2610 2880 γάρ
2642 2809 2788 2880 ψυχὴ
2821 2809 3088 2862 δεδοικυῖα
3117 2810 3214 2879 τὴν
3248 2809 3538 2880 ἐσπερινὴν

1958 2892 2134 2965 δίκην,
2165 2895 2239 2967 μὴ
2268 2895 2432 2950 πάλιν
2461 2897 2565 2951 ὑπὸ
2592 2897 2692 2968 την
2734 2898 2904 2967 αὐτὴν
2935 2897 3047 2968 ἁλῷ
3076 2897 3275 2966 ψῆφον,
3311 2899 3404 2950 καὶ
3439 2914 3540 2949 κα-

1958 2981 2268 3053 τατείνηται
2310 2983 2406 3036 καὶ
2456 2984 2747 3055 μαστιχθῇ,
2783 2985 3116 3057 ὀκνηροτέρα
3161 2985 3369 3054 γίνεται
3409 2985 3540 3054 περὶ

1959 3071 2057 3140 την
2086 3070 2360 3142 ἁμαρτίαν
2381 3088 2396 3102 ο
2429 3073 2524 3125 καὶ
2553 3071 2807 3126 τοσοῦτον
2837 3073 2899 3128 τδ
2930 3073 3119 3144 κέρδος
3155 3073 3248 3127 τοῦ
3280 3074 3540 3144 πράγμα-

1959 3161 2052 3221 τός
2079 3159 2249 3219 ἐστιν,
2293 3161 2374 3213 ὅτι
2406 3159 2552 3230 μῆνα
2585 3160 2743 3230 μόνον
2773 3162 2842 3214 ἂν
2873 3162 3110 3232 συνεχῶς
3138 3161 3271 3215 αὐτό
3302 3163 3536 3233 ποιήσω-

1965 3265 2083 3317 μεν,
2120 3249 2177 3300 ἐν
2226 3247 2335 3312 ἐξει
2371 3249 2556 3303 λοιπὸν
2601 3251 2800 3321 ἀρετῆς
2833 3251 3058 3317 ἐαυτοὺς
3099 3251 3532 3320 καταστήσομεν.

1959 3335 2050 3406 Μὴ
2087 3336 2151 3405 δὴ
2202 3337 2529 3407 περιίδωμεν
2575 3323 2827 3392 τοσοῦτον
2879 3338 3062 3393 καλόν.
3119 3340 3177 3392 Ὀ
3222 3338 3329 3409 γάρ
3377 3336 3538 3391 τοῦτο

1960 3425 2192 3479 ἐνταῦθα
2231 3426 2462 3489 καθίσας
2509 3428 2571 3479 τὸ
2615 3426 2986 3499 δικαστήριον,
3021 3428 3082 3480 οὐ
3124 3427 3284 3480 δώσει
3333 3426 3536 3496 πικρὰς

1958 3513 2184 3579 εὐθύνας
2212 3517 2345 3569 ἐκεῖ.
2378 3517 2446 3568 Εἰ
2491 3515 2599 3585 γὰρ
2640 3517 2892 3584 ἑαυτοὺς
2921 3517 3254 3586 ὲκρίνομεν,
3305 3517 3416 3570 οὐκ
3457 3516 3537 3568 ἂν

1959 3602 2338 3672 ἐκρινόμεθαο
2379 3604 2716 3672 κρινόμενοι
2749 3604 2818 3657 δὲ
2858 3603 2974 3658 ὑπὸ
3011 3604 3230 3672 Κυρίου
3261 3601 3536 3656 παιδευό-

1952 3696 2126 3760 μεθα,
2168 3691 2351 3762 φησὶν,
2389 3692 2491 3744 ἵνα
2526 3690 2613 3760 μὴ
2643 3691 2767 3746 σὺν
2797 3691 2878 3754 τῷ
2928 3693 3133 3760 κόσμῳ
3172 3687 3534 3759 κατακριθῶ-

1951 3795 2088 3848 μεν.
2123 3779 2216 3831 ’Ίν“
2243 3773 2334 3831 οὖν
2379 3777 2453 3850 μὴ
2481 3777 2925 3850 κατακριθῶμεν,
2957 3779 3116 3834 τοῦτο
3149 3777 3532 3852 ἐργαζώμεθα.

1960 3868 2194 3921 Θύσατε
2237 3867 2458 3921 θυσίαν
2502 3867 2917 3936 δικαιοσύνης,
2967 3869 3065 3920 καὶ
3101 3867 3388 3921 ἐλπίσατε
3432 3867 3533 3919 ἐπὶ

1958 3957 2194 4026 Κύριον.
2231 3951 2382 4019 Εἶδες
2414 3954 2731 4009 ἀκολουθίαν
2763 3954 3068 4025 συμϐουλῆς
3100 3955 3362 4026 ἀρίστης;
3396 3951 3532 4016 εἶδες

1958 4044 2278 4114 παραίνεσιν
2314 4043 2762 4116 ἀπηρτισμένηνς
2793 4041 3114 4107 Κατανύξας
3145 4042 3252 4113 γάρ
3283 4042 3375 4094 ἐπὶ
3421 4043 3535 4104 τοῖς

1958 4132 2336 4202 ἁμαρτήμασι,
2367 4131 2460 4185 καὶ
2494 4132 2724 4202 ποιήσας
2754 4130 3142 4201 ὁκνηροτέρους
3175 4129 3310 4200 πρὸς
3337 4129 3396 4182 τὸ
3421 4131 3534 4192 τοῖς

1954 4220 2136 4282 αὐτοῖς
2185 4221 2532 4290 ἐπιχειρήσαι
2583 4219 2764 4281 πάλιν,
2803 4218 2897 4272 καὶ¹
2927 4218 2987 4270 τὸ
3025 4218 3372 4288 δικαστήριον
3404 4218 3532 4270 άναο

1957 4308 2158 4378 στήσας
2183 4305 2244 4359 τὸ
2274 4307 2591 4370 ἀδέκαστον,
2620 4309 2710 4360 καὶ
2742 4306 2848 4359 τῶν
2883 4305 3227 4376 βεϐιωμένων
3248 4305 3277 4345 ιι
3305 4304 3534 4368 εὐθύνας

1951 4395 2279 4465 ἀπαιτήσας,
2313 4391 2482 4457 οῦτως
2502 4395 2592 4447 ἐπὶ
2612 4396 2709 4466 τὴν
2737 4395 2835 4464 τῆς
2863 4393 3064 4465 ἀρετῆς
3095 4393 3355 4466 ἐργασίαν
3384 4393 3526 4460 ἄγει.

1952 4481 2087 4534 Οὐδέ
2117 4481 2226 4552 γάρ
2257 4483 2417 4551 ἀρκεῖ
2451 4482 2608 4552 μόνον
2641 4482 2673 4550 ἡ
2707 4480 2884 4551 ἀποχὴ
2910 4481 3020 4534 τῶν
3060 4481 3264 4543 κακῶν,
3295 4481 3427 4534 άλλά
3451 4483 3533 4535 δεῖ

1953 4572 2246 4642 προσεῖναι.
2286 4571 2380 4623 καὶ
2428 4569 2526 4641 τὴν
2576 4570 2838 4640 ἐργασίαν
2872 4571 2980 4622 τῶν
3025 4569 3263 4638 ἀγαθῶν.
3304 4569 3394 4623 Διδ
3437 4571 3531 4623 καὶ

1954 4656 2157 4728 προῖὼν
2190 4661 2444 4728 παραινεῖ
2469 4656 2668 4726 λέγων’
2701 4657 3020 4711 Ἕκκλινον
3045 4657 3162 4712 ἀπὸ
3189 4656 3399 4724 κακοῦ,
3431 4657 3529 4710 καὶ

1951 4746 2212 4811 ποίησον
2239 4745 2478 4812 ἀγαθόν.
2514 4744 2625 4798 Καὶ
2653 4744 2759 4818 γάρ
2805 4747 2837 4816 ἡ
2877 4743 3043 4816 ἀργία
3073 4745 3170 4814 τῆς
3212 4745 3411 4815 ἀρετῆς
3440 4746 3530 4797 κό-

1951 4835 2104 4887 λασιν
2136 4829 2241 4886 οἶδε
2291 4831 2592 4904 προξενεῖν,
2643 4835 2742 4904 οὐχ
2773 4836 2807 4904 ἡ
2851 4835 3082 4905 ἐργασία
3123 4835 3220 4903 τῆς
3265 4835 3528 4905 πονηρίας

1954 4923 2131 4993 μόνον.
2179 4922 2331 4975 Ἐπεὶ
2381 4923 2622 4975 κάκεῖνοι
2673 4924 2722 4975 οἱ
2780 4923 3047 4975 πεινῶντα
3098 4921 3173 4992 μὴ
3206 4921 3524 4994 θρέψαντες,

1953 5009 2086 5082 μηδὲ
2105 5009 2341 5078 διψῶντα
2363 5010 2702 5076 ποτίσαντες,
2733 5010 2866 5080 μηδέ
2895 5010 3097 5080 γυμνὸν
3120 5009 3524 5081 περιϐαλόντες,

1948 5101 2044 5169 οὐχ
2088 5099 2363 5170 ἥρπασαν,
2408 5099 2507 5151 οὐκ
2549 5098 2996 5168 ἐπλεονέκτησαν,
3041 5099 3102 5151 οὐ
3150 5097 3219 5151 τὰ
3271 5098 3524 5168 ἀλλότρια

1947 5185 2137 5240 ἔλαϐον
2160 5201 2173 5214 ·
2215 5185 2331 5240 ἀλλ’
2383 5186 2568 5258 ἐπειδὴ
2621 5187 2986 5257 ἐλεημοσύνην
3036 5189 3136 5241 οὐκ
3179 5189 3520 5258 είργάσαντο,

1947 5269 2065 5344 [20]
2093 5273 2181 5327 διὰ
2201 5275 2358 5329 τοῦτο
2383 5277 2449 5346 τῇ
2479 5275 2731 5347 ἀθανάτῳ
2755 5277 3133 5349 παραδίδονται
3164 5278 3401 5343 κολάσει,
3429 5281 3522 5331 καὶ

1943 5363 2183 5435 τιμωρίᾳ
2223 5365 2396 5436 πέρας
2424 5366 2526 5419 οὐκ
2566 5365 2783 5440 ἐχούσῃ.
2818 5367 2982 5419 Ὅθεν
3029 5366 3390 5437 μανθάνομεν,
3436 5368 3519 5421 δτι

1943 5455 2004 5508 οὐ
2025 5454 2089 5507 τὸ
2116 5455 2414 5524 ἀπέχεσθαι
2447 5455 2632 5508 κακῶν
2663 5455 2804 5526 ἀρχὴ
2835 5457 3106 5527 σωτηρίας
3131 5458 3282 5526 ἡμῖν,
3316 5455 3411 5508 ἐὰν
3441 5459 3515 5532 μὴ

1943 5545 2120 5614 προσῇ
2153 5543 2246 5596 καὶ
2284 5543 2392 5597 τῶν
2420 5542 2640 5611 ἀγαθῶν
2667 5544 2700 5614 ἡ
2735 5544 2946 5614 κτῆσις,
2977 5545 3070 5597 καῖ⁵
3107 5543 3208 5614 τῆς
3251 5545 3448 5617 ἀρετῆς
3479 5549 3514 5619 ἡ
3587 5566 3592 5574 '

1942 5631 2192 5702 ἐργασία.

2003 5767 2028 5829 _‘
2059 5763 2177 5829 εἶρε.
2200 5763 2420 5829 Κείσεταί
2454 5779 2529 5829 σοι
2548 5763 2849 5829 δικαστήριον
2870 5765 3084 5829 περιέχον
3103 5763 3241 5816 αὐτά.

1999 5826 2029 5866 Ι»
2055 5825 2176 5889 Reg.
2202 5826 2683 5889 πεπλημμελημένων.

3113 5953 3151 6014 3
