4074 6356
477 359 547 418 ιδ
1189 356 1247 411 s.
1286 350 1573 409 JOANNIS
1610 336 2101 405 cnmrsnswom
2138 337 2455 397 ARCHIEP.
2492 340 3042 400 CONSTANTINOP.
3658 339 3727 397 ει

555 479 621 531 θ’.
639 472 735 528 Διά
752 491 831 526 τοι
860 470 1016 525 τοῦτο
1037 470 1127 524 καὶ
1151 471 1180 521 ό
1197 466 1483 539 Προφήτης
1502 462 1803 531 ἀπαγαγὼν
1831 461 1929 531 τῆς
1958 476 2052 513 ποι

483 569 677 641 νηρίας
706 566 792 619 διὰ
820 565 916 635 τῆς
944 562 1305 625 κατανύξεως,
1336 559 1431 612 καὶ
1452 557 1680 627 ποιήσας
1708 553 2059 623 ἐπιτηδειότε-

490 678 581 734 ρον
622 659 757 732 πρὸς
790 658 886 728 τὴν
918 657 1016 726 τῆς
1046 653 1243 723 ἀρετῆς
1285 651 1567 723 ἐργασίαν,
1597 648 1691 700 καὶ
1738 646 1799 699 τὸ
1826 645 2058 715 σκληρὸν

486 754 585 825 τῆς
612 749 847 812 διανοίας
876 743 1279 816 καταμαλάξας,
1312 742 1523 811 ἁπαλήν
1551 756 1609 793 τε
1637 737 1805 809 αὐτὴν
1828 735 1936 791 ἀπὸ
1958 737 2059 803 τῆς

486 936 612 1003 άγει
640 931 815 1000 λόγον,
847 931 942 983 καί
960 945 1091 999 φησι
1111 943 1125 957 ’
1146 927 1379 979 Θύσατε
1396 922 1617 976 θυσίαν
1646 919 2057 983 δικαιοσύνης,

486 1026 585 1079 καὶ
612 1025 901 1078 ἐλπίσατε
923 1019 1021 1074 ἐπὶ
1051 1019 1285 1086 Κύριον.
1319 1015 1385 1068 Τί
1414 1015 1550 1076 ἐστι,
1580 1015 1811 1066 Θύσατε
1841 1011 2060 1065 θυσίαν

485 1116 912 1180 δικαιοσύνης;
950 1109 1300 1178 Δικαιοσύνην
1330 1104 1674 1177 μετέρχεσθε,
1718 1102 2059 1170 δικαιοσύνην

487 1201 853 1274 προσφέρετε·
892 1199 1049 1253 τοῦτο
1103 1198 1356 1270 μέγιστον
1404 1195 1482 1265 τῷ
1530 1193 1648 1264 Θεῷ
1696 1192 1886 1264 δῶρον,
1921 1190 2059 1261 αὐτη

487 1292 649 1348 θυσία
674 1291 856 1363 δεκτὴ,
887 1291 1023 1361 αὐτη
1052 1289 1335 1362 προσφορά
1355 1286 1554 1359 πολλὴν
1579 1286 1777 1356 ἔχουσα
1803 1285 1901 1355 τὴν
1930 1282 2061 1355 ἀρέ-

489 1402 697 1446 σκειαν,
731 1385 791 1437 οὐ
835 1384 895 1436 τὸ
926 1382 1173 1455 πρόϐατα
1203 1382 1349 1433 θύειν
1399 1381 1494 1432 καὶ
1540 1378 1787 1448 μόσχους,
1836 1374 1969 1430 ἀλλά
2000 1374 2062 1429 τὸ

486 1476 670 1529 δίκαια
692 1475 971 1546 πράττειν.
1002 1474 1163 1544 Ὁρᾷς
1183 1472 1282 1543 τῆς
1319 1471 1642 1542 Ἐκκλησίας
1668 1470 1766 1541 τὴν
1790 1468 2061 1523 πολιτείαν

489 1565 695 1621 ἀνωθεν
737 1564 1304 1638 προδιαγραφομένην,
1345 1565 1440 1617 καὶ
1467 1563 1588 1617 ἀντὶ
1636 1562 1745 1616 τῶν
1790 1561 2063 1633 αἰσθητῶν

491 1656 715 1711 ἐκείνων
766 1656 835 1709 τὰ
880 1656 1048 1727 νοητά
1094 1654 1417 1725 ζητούμενα.
1469 1651 1824 1721 Δικαιοσύνην
1869 1650 1927 1703 δέ
1974 1652 2064 1704 ἐν-

486 1751 684 1810 ταῦθα,
722 1750 973 1818 καθάπερ
1015 1748 1323 1819 ἔμπροσθεν
1367 1742 1541 1811 εἷπον,
1582 1747 1643 1799 οὐ
1687 1746 1785 1818 τὴν
1835 1744 2066 1817 μερικὴν

492 1840 695 1909 ἀρετήν
734 1855 918 1908 φησιν,
963 1838 1099 1891 ἀλλά
1129 1836 1228 1909 τὴν
1276 1837 1502 1891 καθόλου
1522 1853 1536 1868 ο
1573 1836 1706 1891 καθὸ
1734 1837 1828 1890 καὶ
1859 1836 2065 1890 δίκαιον

492 1932 777 2003 ἄνθρωπον
805 1931 1075 2004 καλοῦμεν
1102 1932 1193 1985 τὸν
1225 1931 1440 1985 ἃπασαν
1469 1933 1525 1983 ἐν
1547 1929 1723 2000 ἐαυτῷ
1752 1930 1941 2001 ἔχοντα
1966 1930 2066 2002 τὴν

490 2026 714 2098 ἀρετήν.
766 2025 915 2097 Αὕτη
951 2028 982 2097 ἠ
1017 2026 1175 2080 θυσία
1219 2026 1282 2079 οὐ
1313 2025 1610 2095 χρημάτων
1637 2026 1826 2088 δεῖται,
1864 2025 1925 2078 οὐ
1958 2041 2064 2094 μα-

494 2115 709 2186 χαίρας,
736 2115 795 2167 οὐ
830 2115 1239 2187 θυσιαστηρίου,
1270 2114 1331 2167 οὐ
1364 2114 1561 2184 πυρός·
1596 2114 1695 2166 οὐκ
1739 2113 1818 2175 εἰς
1860 2110 2065 2164 καπνὸν

492 2205 765 2259 διαλύεται
801 2207 895 2260 καὶ
932 2203 1138 2277 τέφραν
1171 2206 1265 2259 καὶ
1297 2206 1540 2262 κνίσσαν,
1574 2204 1685 2256 ἀλλ’
1710 2204 1957 2274 ἀρκεῖται
1996 2203 2062 2273 τῇ

488 2292 688 2366 ,γνώμῃ
733 2295 825 2348 τοῦ
868 2295 1236 2365 προσάγοντος
1278 2294 1466 2363 αὐτήν.
1503 2292 1687 2363 Ταύτῃ
1734 2289 1857 2343 οὐτε
1907 2292 2066 2344 πενία

496 2382 723 2454 κώλυμα
765 2384 993 2452 γίνεται,
1026 2382 1149 2436 οὐτε
1186 2382 1428 2453 πτωχεία
1463 2382 1739 2452 ἐμπόδιον,
1786 2381 1843 2433 οὐ
1882 2379 2065 2443 τόπος,

483 2472 595 2525 -οὐκ
623 2471 749 2525 ἀλλο
774 2473 881 2525 τῶν
918 2472 1171 2528 τοιούτων
1207 2472 1385 2526 οὐδέν’
1417 2471 1529 2526 ἀλλ’
1566 2471 1697 2523 ὅπου
1740 2486 1844 2540 περ
1878 2467 1944 2522 ἂν
1979 2465 2065 2541 ᾗς,

488 2557 647 2613 θύειν
674 2563 843 2635 αὐτὴν
870 2564 1094 2633 δυνήσῃ,
1120 2560 1279 2624 αὐτὸς
1306 2560 1400 2614 καὶ
1430 2561 1628 2631 ἱερεὺς.
1659 2558 1752 2613 καὶ
1779 2558 2070 2628 θυσιαστή-

490 2669 637 2723 ριον,
678 2651 771 2705 καὶ
814 2653 1076 2723 μάχαιρα,
1121 2652 1217 2704 καὶ
1250 2652 1448 2722 ἱερεῖον
1495 2649 1794 2719 γινόμενος.
1834 2646 2070 2700 Τοιαῦτα

498 2740 607 2810 γὰρ
638 2739 705 2794 τά
721 2738 882 2811 νοερά
908 2740 1001 2794 καὶ
1024 2738 1361 2808 πνευματικά
1378 2755 1390 2767 ·
1424 2737 1643 2791 πλείονα
1666 2736 1777 2806 ἔχει
1801 2735 1898 2805 τὴν
1916 2734 2070 2787 εὐκο-

501 2826 644 2891 λίαν,
694 2828 947 2896 οὐδεμιᾶς
990 2827 1222 2897 δεόμενα
1266 2828 1364 2895 τῆς
1406 2825 1601 2890 ἔξωθεν
1646 2823 1927 2894 ἐργωδίας.
1961 2821 2072 2875 Καὶ

493 2914 788 2969 ἐλπίσατε
811 2913 911 2967 ἐπὶ
931 2916 1169 2983 Κύριον.
1194 2914 1417 2985 Ἔτερός
1444 2929 1603 2983 φησι·
1625 2912 1731 2966 Καὶ
1760 2911 2071 2964 πεποίθετε

502 3005 583 3068 τῷ
614 3003 826 3070 Κψίῳ.
875 3001 932 3055 Ὀ
976 3003 1087 3072 γάρ
1112 3002 1199 3055 διά
1241 3001 1341 3071 τῆς
1372 3000 1584 3064 δικαίας
1614 3000 1886 3062 πολιτείας
1914 2997 2072 3051 ἵλεων

501 3092 662 3148 αὐτὸν
693 3093 1034 3163 κτησάμενος
1059 3094 1151 3146 καὶ
1172 3091 1396 3163 εὐμενῆ,
1427 3092 1689 3163 μεγίστην
1718 3092 1832 3162 ἔχει
1863 3107 2073 3162 συμμα-

504 3183 651 3253 χίαν,
693 3182 990 3252 ἀχείρωτον
1046 3181 1141 3252 τὴν
1180 3180 1446 3252 βοήθειαν,
1483 3180 1682 3253 πολλὴν
1722 3178 1928 3233 ἐκεῖθεν
1973 3177 2072 3248 τὴν

508 3271 697 3341 ῥοπήν.
745 3265 895 3333 Εἶδες
934 3268 1034 3339 τῆς
1084 3269 1270 3332 θυσίας
1304 3270 1395 3322 τὸν
1441 3268 1650 3340 καρπὸν
1695 3267 1843 3337 παρά
1886 3266 2073 3338 θύραις

507 3358 663 3423 ὄντας
699 3352 836 3420 εἶδες
869 3358 1067 3421 εὐθέως
1108 3357 1468 3427 βλαστάνοντα
1494 3356 1687 3428 ἀθρόον
1718 3357 1825 3409 τῶν
1853 3354 2073 3424 ἀγαθῶν

505 3444 597 3499 τὸν
623 3444 923 3516 θησαυρόν;
968 3446 1024 3498 '0
1052 3447 1160 3515 γὰρ
1181 3445 1270 3498 τὸν
1295 3444 1425 3497 Θεὸν
1455 3444 1590 3514 έχων
1619 3444 1925 3515 σύμμαχον,
1953 3442 2075 3496 τίνα

507 3532 874 3604 φοϐηθήσεται
907 3532 1121 3598 λοιπόν;
1153 3531 1373 3587 Οὐδένα.
1407 3533 1517 3585 Καὶ
1548 3532 1701 3586 τοῦτο
1728 3531 1784 3585 δὲ
1817 3532 1876 3585 οὐ
1903 3532 2075 3603 μικρά

506 3622 695 3693 ἁρετὴ,
730 3621 791 3673 τὸ
825 3620 910 3674 ἐπ’
953 3621 1100 3691 αὐτῷ
1134 3622 1373 3693 θαρρεῖν,
1408 3622 1498 3675 καὶ
1531 3623 1617 3674 ἐπ’
1644 3621 1789 3692 αὐτῷ
1820 3621 2075 3675 πεποιθέ-

507 3724 614 3760 ναι.
640 3706 792 3761 Μετὰ
817 3706 872 3759 δέ
899 3707 998 3778 τῆς
1021 3706 1365 3778 δικαιοσύνης
1391 3706 1483 3761 καὶ
1511 3707 1711 3779 ταύτην
1743 3708 1890 3778 ἡμᾶς
1911 3709 2078 3762 ἀπαι·

507 3798 590 3850 τεῖ
611 3795 708 3867 τὴν
735 3797 957 3866 ἀρετὴν.
987 3795 1047 3849 τὸ
1071 3797 1156 3849 ἐπ’
1185 3796 1331 3868 αὐτῷ
1362 3797 1698 3864 πεποιθέναι,
1729 3799 1788 3851 τὸ
1815 3799 1901 3851 ἐπ’
1928 3800 2076 3871 αὐτῷ

507 3883 767 3948 ἐλπίζειν,
796 3884 857 3936 τὸ
881 3883 1067 3954 μηδενὶ
1087 3884 1196 3938 τῶν
1226 3884 1491 3954 βιωτικῶν
1517 3885 1755 3959 θαρρεῖν,
1785 3886 1920 3941 ἀλλά
1943 3889 2078 3943 πάν-

505 3991 613 4027 των
654 3974 844 4029 ἐαυτὸν
897 3974 1301 4045 ἁποστήσαντα,
1342 3978 1457 4030 ἐκεῖ
1499 3977 1799 4048 προσηλοῦν
1842 3979 1938 4050 τὴν
1962 3979 2078 4034 διά·

506 4078 675 4115 νοιαν.
704 4060 787 4113 Τά
814 4062 911 4133 μὲν
933 4061 1041 4133 γὰρ
1064 4063 1160 4116 τοῦ
1192 4063 1457 4134 παρόντος
1480 4064 1596 4135 βίου
1627 4067 1926 4136 πράγματα
1947 4067 2078 4122 ὀνεί-

508 4163 610 4216 ρασ
620 4164 666 4199 ιν
689 4145 829 4200 ἔοικε
855 4148 946 4201 καὶ
964 4150 1161 4212 σκιαῖς,
1184 4150 1278 4203 καὶ
1296 4150 1499 4204 τούτων
1516 4154 1661 4206 ἐστὶν
1689 4153 2075 4227 ἀδρανέστερα,

508 4233 640 4304 ὁμοῦ
678 4251 738 4288 τε
776 4236 1073 4306 φαινόμενα
1105 4238 1198 4291 καὶ
1226 4238 1598 4311 ἀφιπτάμενα,
1629 4241 1721 4294 καὶ
1747 4244 1804 4294 ἐν
1822 4242 1970 4314 αὐτῷ
1999 4244 2078 4315 τῷ

508 4325 762 4392 παρεῖναι
818 4322 1046 4388 πολλοὺς
1102 4326 1432 4396 ἐμποιοῦντα
1476 4330 1604 4391 τοὺς
1652 4328 1919 4400 θυρύϐους
1966 4334 2078 4396 τοῖς

499 4409 748 4479 ἔχουσιν·
781 4412 816 4481 ἡ
851 4410 907 4463 δέ
952 4412 1046 4465 ἐπὶ
1081 4412 1212 4467 Θεὸν
1257 4414 1411 4478 ἐλπὶς
1454 4416 1737 4480 ἀθάνατος,
1794 4418 2075 4489 ἄτρεπτος,

504 4499 781 4570 ἀκίνητος,
810 4499 1115 4572 μεταϐολὴν
1134 4502 1194 4556 οὐ
1232 4503 1517 4574 δεχομένη,
1547 4505 1605 4557 ἐν
1635 4505 1906 4578 ἀσφαλείᾳ
1929 4508 2076 4581 πάσῃ

504 4589 843 4654 καθιστῶσα,
872 4592 967 4644 καὶ
986 4592 1195 4664 ἄμαχον
1223 4595 1450 4650 ποιοῦσα
1472 4596 1563 4650 τὸν
1590 4597 1727 4669 αὐτῇ
1761 4598 1900 4670 μετὰ
1923 4600 2080 4672 ἀκρι-

508 4675 658 4741 θείας
672 4675 793 4751 ,[21]
815 4679 1028 4750 καὶτῆς
1052 4684 1430 4756 προσηκούσης
1458 4684 1746 4749 διαθέσεως
1776 4687 2076 4759 χρώμενον.

502 4765 733 4819 Πολλοὶ
752 4767 1022 4837 λέγουσι,
1052 4771 1142 4836 Τίς
1167 4770 1351 4836 δείξει
1379 4772 1524 4843 ἡμῖν
1547 4774 1618 4828 τὰ
1637 4775 1864 4845 ἀγαθιί;
1906 4778 2080 4845 Ἐση-

501 4853 720 4923 μειώθη
747 4856 838 4925 ἐφ’
864 4856 1022 4925 ἡμᾶς
1055 4858 1121 4912 τὸ
1153 4858 1280 4929 φῶς
1309 4879 1417 4915 του
1447 4865 1769 4930 προσώπου
1798 4881 1937 4932 σου,
1966 4869 2080 4922 Κύι-

500 4959 615 5013 ριε.
661 4944 989 5015 Ἀπαρτίσας
1017 4946 1115 5019 τὴν
1145 4949 1272 5020 περὶ
1296 4950 1403 5004 τῶν
1432 4949 1580 5021 ἠθῶν
1609 4954 1949 5025 παραίνεσιν,
1985 4956 2080 5010 καὶ

506 5032 572 5102 τῇ
600 5028 897 5104 θεογνωσίᾳ
934 5036 1321 5104 προσαγαγὼν,
1357 5040 1452 5093 καὶ
1477 5040 1651 5094 πάντα
1698 5046 1922 5114 κινήσας
1953 5046 2079 5117 τρό-

507 5138 611 5174 πον
639 5120 729 5174 τὸν
775 5122 1069 5195 δυνάμενον
1117 5125 1469 5197 διαναστῆσαι
1508 5131 1618 5184 τῶν
1648 5134 2079 5207 πεπλανημένων

506 5208 605 5278 τὴν
628 5207 880 5273 διάνοιαν,
900 5212 1001 5265 καὶ
1029 5213 1261 5281 μάλιστα
1284 5215 1394 5271 ἀπὸ
1410 5218 1518 5271 τῶν
1539 5219 1909 5293 ἀνακειμένων
1932 5225 2081 5296 αὐτῷ

508 5298 603 5348 καὶ
629 5299 727 5366 τῆς
761 5298 840 5369 είς
865 5298 1059 5363 αὐτοὺς
1105 5304 1359 5374 προνοίας
1387 5305 1567 5371 δείξας
1592 5309 1758 5364 αὐτοῦ
1785 5310 1883 5382 τὴν
1918 5314 2077 5384 κηδε-

510 5387 721 5471 μανίαν,
765 5385 1032 5441 ἀντίθεσίν
1069 5406 1189 5444 τινα
1219 5391 1369 5464 παρά
1420 5394 1525 5447 τῶν
1554 5396 1954 5471 ἀσθενεστέρων
1988 5404 2080 5457 καὶ

507 5469 827 5543 παχυτέρων
846 5474 1204 5549 εἰσαγομένην
1229 5479 1409 5549 τίθησι
1433 5483 1525 5536 καὶ
1551 5483 1716 5554 λέγει⁹
1748 5469 1973 5542 Πολλοί
1986 5493 2080 5546 λέν

506 5573 702 5624 γουσι,
736 5560 830 5627 Τίς
856 5562 1037 5628 δείξει
1068 5566 1210 5636 ἡμῖν
1240 5569 1312 5623 τὰ
1338 5569 1533 5638 ἀγαθά
1544 5589 1565 5637 ;
1602 5574 1713 5644 Οὐχ
1738 5576 1786 5627 οί
1815 5575 2001 5645 ὀλίγοι,
2028 5580 2078 5631 οί

506 5650 716 5716 γνήσιοι
745 5648 838 5701 καὶ
865 5648 1075 5721 δόκιμοι
1106 5654 1198 5707 καὶ
1232 5656 1540 5726 φιλοσοφεῖν
1564 5661 1763 5727 εἰδότες
1796 5666 1967 5720 ταῦτα
1993 5666 2080 5719 λέ-

508 5747 710 5800 γοασιν,
741 5734 874 5789 ἀλλά
905 5737 965 5791 τὸ
1000 5743 1294 5811 κεχυμένον
1325 5745 1545 5826 πλῆθος,
1576 5749 1635 5805 τὸ
1659 5750 1985 5825 ἀδιάκριτον,
2019 5757 2079 5811 τὸ

2160 459 2313 530 ἀνοίᾳ
2349 459 2788 531 προσηλωμένον.
2819 459 2884 512 Τί
2920 459 2978 512 δέ
3002 462 3148 513 ἐστιν
3180 460 3210 514 ό
3234 476 3394 532 φησι;
3423 461 3516 527 Τίς
3545 460 3728 525 δείξει

2156 548 2305 616 ἡμῖν
2334 551 2404 603 τὰ
2440 549 2661 619 ἀγαθά;
2690 550 2813 602 Ἐἰσί
2853 568 2996 614 τινες
3021 550 3071 602 οἱ
3117 548 3385 618 λέγοντες,
3420 551 3471 604 οἱ
3502 550 3601 621 μὲν
3631 552 3728 605 τοῦ

2158 637 2293 691 Θεοῦ
2338 639 2710 703 διαϐάλλοντες
2741 639 2840 711 τὴν
2882 640 3157 711 πρόνοιαν,
3187 642 3235 694 οἱ
3274 640 3332 693 δέ
3356 640 3548 712 ἡδονῆς
3574 640 3728 705 ὄντες

2159 727 2407 799 ἐρασταὶ,
2439 728 2674 792 ἀνέσεως
2698 728 2789 781 καὶ
2816 727 3065 793 πλούτου,
3087 728 3246 800 δόξης
3274 728 3367 782 καὶ
3393 729 3727 795 δυναστείας,

1977 826 2058 877 ἱσ-
2158 818 2208 871 οἳ
2234 817 2607 889 καὶ-ἐρῶντες
2642 819 2819 874 αὐτῶν
2853 818 3077 874 τοιαῦτά
3103 837 3237 887 φασι
3257 837 3270 850 ο
3301 819 3408 874 Ποῦ
3440 821 3508 874 τά
3549 821 3730 889 ἀγαθά

2156 907 2249 961 τοῦ
2272 907 2440 973 Θεοῦ;
2481 907 2621 977 Ἐγὼ
2651 910 2708 961 ἐν
2734 911 2995 980 πτωχεία,
3028 911 3122 964 καὶ
3149 911 3307 981 νόσῳ,
3338 909 3434 964 καί
3457 909 3731 964 ταλαιπω-

2163 998 2273 1070 ρίᾳ,
2309 999 2401 1051 καὶ
2426 1001 2536 1063 τοῖς
2556 999 2805 1069 ἐσχάτοις
2828 998 3038 1063 δεινοῖς,
3067 999 3160 1054 καὶ
3181 999 3483 1069 ἐπηρείαις,
3510 999 3604 1052 xal
3636 1016 3723 1052 συο

2159 1087 2505 1157 κοφαντίαις*
2535 1087 2720 1158 ἕτερος
2762 1088 2819 1141 δέ
2851 1089 2908 1141 ἐν
2947 1088 3238 1161 εὐημερίᾳ.
3278 1089 3371 1142 καὶ
3407 1090 3607 1161 τρυφῇ,
3636 1086 3732 1142 καὶ

2159 1180 2465 1250 δυναστείᾳ.
2495 1180 2590 1232 καὶ
2632 1178 2777 1252 δόξῃ,
2809 1179 2904 1233 καί¹
2941 1179 3174 1249 πλούτῳ.
3218 1179 3326 1232 Kal
3352 1180 3401 1232 οί
3431 1178 3529 1248 μέν
3557 1172 3730 1232 ταῦτα

2165 1268 2321 1338 μόνον
2350 1266 2571 1338 ζητοῦσι
2598 1280 2624 1308 α
2654 1268 2723 1320 τά
2740 1267 2939 1337 ἀγαθά,
2967 1267 3037 1321 τὰ
3061 1267 3226 1330 ὅντως
3250 1267 3431 1336 ἀγαθά
3458 1268 3735 1339 παρατρέ-

2162 1372 2367 1428 χοντες,
2415 1356 2615 1428 ἀρετὴν
2661 1355 2803 1424 λέγω
2853 1358 2945 1410 καὶ
2993 1356 3340 1425 φιλοσοφίαν
3383 1356 3434 1408 οἱ
3473 1355 3551 1418 δὲ,
3593 1356 3732 1427 ὅπερ

2162 1444 2331 1516 ἔφθην
2367 1443 2558 1509 εἰπὼν,
2589 1446 2684 1498 καὶ
2726 1443 2822 1515 τὴν
2865 1442 2961 1497 τοῦ
2999 1441 3133 1497 Θεοῦ
3179 1444 3435 1514 πρόνοιαν
3482 1442 3733 1497 ἐντεῦθεν

2162 1532 2537 1597 διαϐάλλουσι,
2593 1533 2875 1602 λέγοντεςο
2916 1533 3025 1588 Ποῦ
3072 1536 3106 1605 ἡ
3152 1530 3246 1588 τοῦ
3304 1533 3439 1589 Θεοῦ
3483 1534 3729 1604 πρόνοια,

2162 1622 2430 1694 τοσαύτης
2462 1624 2772 1694 συγχύσεως
2810 1626 2867 1679 ἐν
2905 1623 2984 1694 τῷ
3017 1622 3115 1696 βίῳ
3152 1624 3459 1695 γινομένης,
3500 1624 3593 1678 καὶ
3623 1624 3732 1678 τῶν

2163 1709 2423 1763 πλειόνων
2454 1712 2511 1763 ἐν
2536 1710 2777 1782 πτωχείᾳ
2798 1711 2891 1764 καὶ
2921 1712 3079 1783 πενίᾳ
3106 1712 3200 1765 καὶ
3235 1715 3345 1776 τοῖς
3372 1711 3619 1782 ἐσχάτοις
3645 1713 3734 1765 όν-

2163 1818 2272 1855 των
2318 1805 2543 1866 κακοῖς;
2590 1801 2642 1854 τί
2674 1803 2973 1873 τεκμήριον
3010 1799 3176 1855 αὐτοῦ
3224 1801 3324 1871 τῆς
3369 1802 3731 1873 κηδεμονίαςς

2167 1891 2372 1946 Ταύτὸν
2401 1892 2510 1963 γάρ
2538 1890 2783 1945 ποιοῦσιν
2815 1894 2863 1946 οί
2884 1892 3055 1946 ταῦτα
3083 1892 3348 1961 λέγοντες,
3383 1892 3570 1965 ῶσπερ
3599 1894 3664 1946 ἂν
3687 1895 3738 1947 εί

2164 1998 2249 2044 τις
2278 1982 2335 2034 ἐν
2358 1979 2595 2052 σταθερᾷ
2628 1979 3064 2051 μεσημϐρίᾳῖκαὶ
3084 1980 3295 2053 καθαρᾷ
3317 1981 3407 2037 τὸν
3428 1980 3577 2051 ἥλιον
3608 1981 3735 2035 ίδεῖν

2166 2068 2467 2137 ἐπιζητοίη,
2518 2068 2612 2123 καὶ
2650 2067 2975 2140 ἅμφιϐάλλοι
3019 2068 3145 2140 περὶ
3184 2067 3278 2121 τοῦ
3322 2069 3516 2137 φωτός.
3559 2070 3736 2141 Ὅπερ

2164 2156 2376 2220 δεικνὺς
2399 2160 2427 2211 ό
2447 2155 2751 2229 Προφήτης.
2780 2160 2873 2212 καὶ
2903 2159 3161 2231 ταχίστην
3186 2159 3405 2227 ἐπάγων
3432 2159 3531 2230 τὴν
3558 2159 3734 2223 λύσιν,

2167 2244 2379 2314 ἔλεγεν·
2425 2244 2781 2314 Ἐσημειώθη
2824 2246 2915 2316 ἐφ’
2943 2246 3100 2316 ἡμᾶς
3134 2247 3202 2300 τὸ
3239 2247 3364 2317 φῶς
3392 2248 3501 2302 τοῦ
3546 2261 3736 2317 προσ⁴

2165 2333 2329 2389 ὠπου
2349 2351 2485 2398 σου,
2505 2337 2697 2402 Κύριε.
2721 2338 2835 2390 Οὐκ
2850 2332 3020 2402 εἶπεν,
3035 2338 3206 2410 ἐφάνη
3226 2355 3238 2367 ’
3259 2339 3357 2391 οὐκ
3374 2333 3547 2403 εἶπεν,
3573 2338 3663 2391 ἔλα
3671 2357 3737 2408 μ-

2166 2423 2286 2493 ψεν,
2321 2423 2458 2486 ἀλλ’,
2502 2426 2881 2495 Ἐσημειώθη,
2909 2426 3083 2499 δηλῶν
3109 2428 3189 2481 ὅτι
3229 2427 3418 2500 ῶσπερ
3447 2428 3508 2481 τὸ
3522 2431 3579 2483 ἐν
3607 2447 3738 2500 μετ-

2169 2512 2303 2585 ώπῳ
2338 2514 2778 2585 σεσημειωμένον
2830 2517 2964 2570 πᾶσι
3012 2516 3312 2586 κατάδηλόν
3340 2516 3478 2577 ἐστι.
3512 2518 3608 2572 καὶ
3639 2522 3740 2574 οὐκ

2169 2604 2317 2657 ἐστιν
2352 2603 2540 2657 οὐδένα
2564 2603 2696 2657 αὐτὸ
2722 2604 2924 2667 λαθεῖν,
2953 2605 3072 2659 οὐδέ
3101 2605 3222 2675 ὄψιν
3256 2607 3432 2675 φωτὸς
3461 2607 3739 2677 γέμουσαν

2170 2696 2266 2750 καὶ
2296 2698 2548 2764 ἀφιεῖσαν
2575 2695 2604 2735 ι’
2638 2697 2861 2761 ἀκτῖνας
2885 2696 3107 2752 δύναταί
3140 2715 3223 2761 τις
3247 2700 3507 2771 ἀγνοῆσαι
3525 2717 3540 2731 ·
3575 2699 3738 2765 οὕτω,

2172 2784 2355 2855 φησὶν,
2393 2783 2514 2837 οὐδέ
2540 2782 2637 2855 τὴν
2668 2787 2920 2857 πρόνοιαν
2951 2784 3048 2855 τὴν
3088 2787 3206 2857 σήν.
3241 2787 3450 2858 Ὥσπερ
3487 2786 3596 2860 γάρ
3626 2789 3742 2858 φῶς

2171 2871 2631 2943 σεσημειωμένον.
2658 2872 2950 2937 τουτέστιν,
2988 2873 3425 2944 ἐντετυπωμένον
3464 2876 3559 2929 καὶ
3586 2876 3743 2944 ἐγκε-

2171 2959 2514 3031 χαραγμένον
2535 2962 2594 3013 ἐν
2616 2960 2911 3032 προσώπῳ,
2932 2963 3096 3016 πᾶσίν
3114 2964 3227 3016 ἐστι
3247 2963 3544 3034 κατάδηλον
3563 2981 3577 2995 ·
3599 2963 3743 3019 οὕτω

2172 3048 2267 3101 καὶ
2297 3049 2330 3117 ἡ
2363 3047 2588 3119 πρόνοια
2626 3050 2725 3119 τῆς
2757 3049 3165 3120 φιλανθρωπίας
3194 3050 3296 3120 τῆς
3337 3052 3455 3122 σῆς.
3485 3051 3604 3117 Φῶς
3635 3057 3743 3124 γὰρ

2173 3134 2404 3190 ἐνταῦθα
2447 3138 2546 3208 τὴν
2597 3137 2879 3207 ἀντίληψιν
2925 3155 3078 3209 φησι,
3121 3139 3220 3210 τὴν
3252 3139 3598 3209 κηδεμονίαν,
3647 3139 3745 3208 τὴν

2175 3225 2513 3295 συμμαχίαν,
2546 3224 2644 3296 τὴν
2673 3225 2943 3296 πρόνοιαν.
2973 3223 3105 3280 Εἶτα
3129 3228 3546 3297 ἀποφηνάμενος
3564 3227 3742 3291 τοῦτο,

2175 3313 2271 3366 καὶ
2302 3312 2582 3379 ἀπόδειξιν
2627 3313 2843 3383 ἐπάγει.
2893 3314 3060 3368 Ποίαν
3105 3315 3170 3386 δὴ
3197 3314 3434 3388 ταύτην;
3478 3315 3746 3380 Ἐδωκας
3789 3382 3793 3385 _

2174 3401 2562 3469 εὐφροσύνην
2601 3404 2689 3468 εις
2729 3402 2847 3469 τὴν
2892 3402 3145 3471 καρδίαν
3187 3421 3327 3472 μου.
3375 3402 3654 3458 Διαϐαλὼν
3686 3404 3748 3457 τὸ

2176 3489 2457 3558 ἀλόγιστον
2495 3491 2719 3561 πλῆθος,
2748 3492 2857 3546 ἀπὸ
2892 3492 3001 3545 τῶν
3040 3493 3163 3546 νοῦν
3190 3494 3421 3564 ἐχόντων
3446 3494 3540 3547 καὶ
3570 3495 3748 3561 ὐγιαι-

2177 3577 2372 3631 νόντων
2398 3580 2496 3650 τὴν
2516 3580 2787 3647 ἀπόδειξιν
2812 3584 3040 3634 ποιεῖται
3061 3581 3158 3652 τῆς
3178 3581 3271 3634 τοῦ
3303 3580 3437 3657 θεοῦ
3468 3582 3744 3652 προνοίας,

2177 3665 2271 3720 καί
2303 3684 2484 3738 φησιν,
2518 3667 2784 3734 Ἔδωκας
2819 3670 3205 3739 εὐφροσύνην
3235 3671 3324 3735 εὶς
3348 3667 3464 3732 τὴν
3495 3668 3750 3737 καρδίαν

2172 3772 2322 3824 μουο
2352 3757 2619 3822 τουτέστι,
2650 3756 2962 3825 Φιλοσοφεῖν
3005 3774 3072 3828 με
3104 3757 3447 3821 ἐπαίδευσας,
3476 3758 3747 3828 ὐπερορᾷν

2174 3844 2285 3897 τῶν
2313 3844 2579 3914 βιωτικῶν
2608 3845 2969 3916 πραγμάτων,
3004 3845 3201 3899 εἰδέναι
3221 3845 3289 3899 τά
3321 3846 3496 3917 ἀληθῆ
3523 3847 3618 3900 καί
3651 3847 3748 3916 μέο

2176 3948 2361 3987 νοντα·
2405 3935 2665 4005 χρησταῖς
2720 3933 3101 4005 ἐμετεώρησας
3143 3939 3165 3967 ⁸
3202 3933 3407 3997 ἐλπίσι,
3466 3934 3604 4005 πρὸς
3647 3935 3748 4005 τὴν

2180 4020 2478 4091 μέλλουσαν
2514 4021 2657 4093 ζωὴν
2707 4020 3183 4093 ἐχειραγὼγησας·
3221 4020 3327 4094 πρὸ
3378 4021 3476 4091 τῆς
3509 4019 3748 4074 ἀπολαύ-

2180 4123 2314 4170 σεως
2345 4107 2451 4160 τῶν
2480 4107 2697 4175 ἀγαθῶν
2723 4111 2787 4181 τῇ
2819 4109 3115 4181 προσδοκίᾳ
3145 4110 3253 4163 τῶν
3280 4108 3496 4179 ἀγαθῶν
3515 4109 3748 4165 ἀνεπτέ-

2180 4212 2378 4268 ρωσας.
2406 4196 2601 4259 Καλῶς
2628 4194 2799 4261 οὓτως
2831 4192 3002 4252 εἶπεν.

2251 4289 2303 4337 ι’.
2330 4284 2391 4337 El
2416 4283 2526 4355 γὰρ
2557 4283 2910 4356 κληρονομεῖν
2928 4302 3012 4349 τις
3044 4284 3251 4356 μέλλων
3273 4286 3550 4357 χρήματα,
3583 4285 3615 4354 ἢ
3654 4286 3749 4339 καὶ

2180 4369 2295 4442 [22]
2342 4371 2424 4434 είς
2454 4371 2625 4443 ἀρχὴν
2664 4372 2798 4425 ίέναι
2836 4372 3117 4442 μεγίστην,
3151 4374 3211 4426 οὐ
3258 4374 3397 4426 κατά
3428 4373 3518 4426 τὸν
3561 4373 3748 4441 καιρὸν

2175 4461 2276 4529 τῆς
2325 4457 2675 4523 ἀπολαύσεως
2727 4459 2905 4529 μόνον,
2958 4459 3092 4514 ἀλλά
3139 4461 3231 4513 καὶ
3274 4460 3379 4531 πρὸ
3411 4461 3507 4531 τῆς
3552 4461 3750 4531 πείρας

2176 4545 2427 4617 ὀρθοῦται
2443 4548 2507 4617 τῇ
2542 4546 2855 4617 προσδοκίᾳ,
2878 4547 3054 4600 πάντα
3076 4547 3163 4600 τὸν
3181 4548 3367 4619 χρόνον
3395 4546 3615 4618 τρυφῶν
3644 4548 3747 4601 ὐπὸ

2176 4632 2278 4701 τῆς
2309 4632 2548 4696 ἐλπίδος·
2584 4633 2833 4704 ἐννόησον
2866 4628 2975 4688 οἷον
2998 4635 3142 4698 εἰκὸς
3168 4631 3307 4689 εἶναι
3336 4636 3427 4689 τὸν
3456 4636 3555 4706 τὴν
3593 4636 3750 4707 βασι-

2177 4718 2327 4773 λείαν
2342 4719 2719 4791 προσδοκῶντα
2741 4721 2919 4785 ζῶσαν
2943 4721 3033 4775 καὶ
3061 4721 3345 4787 ἀθάνατον,
3374 4723 3465 4776 καὶ
3481 4723 3548 4775 τά
3569 4722 3749 4792 ἀγαθά

2179 4811 2380 4869 ἐκεῖνα,
2401 4806 2436 4861 ἀ
2460 4806 2585 4861 οὐτε
2612 4808 2890 4879 ὀφθαλμὸς
2907 4805 3063 4874 εἶδεν,
3092 4809 3214 4862 οὐτε
3233 4807 3325 4873 οῦς
3347 4811 3597 4881 ἦκουσεν,
3625 4810 3749 4865 οὐτε

2179 4894 2274 4947 ἐπὶ
2301 4894 2526 4966 καρδίαν
2547 4895 2833 4966 ἀνθρώπου
2853 4896 3041 4966 ἀνέϐη.
3060 4897 3158 4949 Διά
3176 4898 3332 4952 τοῦτό
3354 4903 3537 4970 φησιν’
3570 4899 3751 4954 ¹Ἔδω-

2179 4998 2292 5048 acac
2318 4984 2705 5051 εὐφροσύνην
2732 4987 2819 5049 εις
2849 4985 2964 5053 τὴν
2994 4985 3245 5054 καρδίαν
3276 5005 3413 5055 μου.
3452 4989 3629 5058 Ὅπερ
3655 5004 3749 5059 με·

2179 5070 2370 5142 γίστης
2394 5071 2648 5141 προνοίας
2673 5068 2763 5143 ἦν,
2790 5073 2913 5126 τότε
2942 5074 3226 5145 ἑτοιμάσαι
3249 5076 3431 5130 ἐκεῖνα
3455 5078 3548 5130 καὶ
3573 5080 3752 5149 εὐτρεο

2180 5159 2354 5233 πίσαι.
2381 5160 2444 5213 Εί
2473 5159 2530 5212 δὲ
2562 5161 2613 5213 οί
2646 5160 2960 5234 παχύτεροι,
2986 5165 3080 5216 καὶ
3105 5162 3242 5235 σὰρξ
3268 5164 3438 5230 ὄντες,
3474 5166 3567 5219 καὶ
3589 5168 3655 5237 τῇ
3679 5169 3749 5238 γῇ

2180 5247 2609 5318 προσηλωμένοι,
2644 5248 2852 5311 τούτοις
2890 5250 2950 5302 οὐ
2978 5250 3354 5321 προσέχουσιν,
3386 5252 3448 5304 οὐ
3484 5252 3634 5323 παρά
3660 5253 3753 5306 τὸν

2181 5334 2568 5405 ὑποσχόμενον,
2601 5335 2735 5389 ἀλλά
2782 5339 2931 5409 παρά
2953 5337 3051 5409 τὴν
3084 5339 3310 5392 ἐκείνων
3359 5339 3754 5411 ἀγνωμοσύνην

2179 5424 2213 5493 ἡ
2233 5424 2443 5494 ταραχὴ
2467 5425 2561 5477 καὶ
2580 5425 2611 5477 ό
2632 5423 2854 5497 θόρυϐος
2871 5426 3098 5495 γίνεται.
3119 5429 3228 5481 Καὶ
3247 5428 3346 5481 οὐκ
3365 5423 3517 5480 εἶπεν
3536 5427 3747 5494 ἁπλῶς,

2184 5510 2453 5579 Ἔδωκας
2472 5513 2881 5582 εὐφροσύνην,
2908 5515 3045 5583 ἀλλ’,
3072 5517 3176 5581 Εἰς
3196 5514 3313 5584 τὴν
3335 5514 3588 5585 καρδίαν
3603 5534 3749 5586 μου,

2249 5649 2276 5725 ξ
2297 5649 2420 5725 ξας.
2460 5651 2540 5725 καὶ
2560 5652 2915 5725 συκοφαντίαις,
2928 5655 3009 5703 καὶ
3048 5657 3093 5703 ot
3121 5656 3204 5717 μὲν
3228 5650 3516 5725 ταῦταμόνα
3537 5649 3751 5711 ζητοῦσι.

2243 5711 2272 5778 l,’
2294 5711 2417 5778 Beg-
2440 5715 2679 5778 γέμουσαν
2691 5711 2785 5778 ’καῖ
2807 5711 3158 5778 ἐκλάμπουσαν,
3182 5720 3262 5769 καὶ
3282 5711 3514 5778 ἀφιεῖσαν.

2248 5777 2269 5805 ε
2293 5773 2415 5837 Reg.
2443 5776 2665 5838 γρηστατς
2686 5774 2812 5834 ἡμᾶς
2826 5773 3169 5842 ἀνεπτέρωσας.
