4040 6342
228 394 301 450 53
1374 391 1732 451 EXPOSITIO
1772 393 1836 450 IN
1876 393 2197 452 PSALMUM
2239 394 2327 453 IV.
3438 400 3504 458 ει

299 511 356 567 9.
387 510 526 578 Quid
548 511 610 565 sit
637 512 945 582 sacriﬁcium
963 511 1180 582 justitite
1201 528 1220 577 ;
1242 511 1458 582 justitiw
1481 514 1681 567 nomine
1708 513 1811 565 vir-

229 613 313 655 tus
335 602 522 660 omnis:
544 618 656 671 spes
681 603 735 655 in
765 602 928 656 Deum
948 602 1628 672 immortalis.—Propterea
1658 602 1818 657 etiam

231 695 517 765 propheta,
545 710 666 748 cum
693 706 746 749 et
772 695 839 749 ab
870 695 1207 765 improbitate
1240 710 1335 763 per
1354 695 1818 763 compunCtionem

231 785 546 841 abduxisset
562 826 580 850 ,
615 793 670 840 et
683 785 747 838 ad
772 777 978 838 virtutis
1003 787 1265 839 actionem
1287 787 1542 854 aptiorem
1566 785 1817 850 fecisset,

228 890 285 934 et
311 878 561 933 duritiam
591 877 784 931 mentis
803 876 1169 940 emollivisset,
1189 886 1244 929 et
1279 891 1395 930 eam
1441 891 1535 945 per
1558 890 1820 944 compun-

227 974 468 1027 ctionetn
507 980 745 1025 teneram
773 968 1110 1034 reddidisset,
1144 967 1328 1037 incipit
1358 966 1520 1021 verba
1553 965 1725 1020 facere
1754 965 1821 1021 de

229 1068 434 1134 iustitia
465 1108 480 1130 ,
507 1075 563 1122 et
601 1065 764 1120 dicit:
797 1063 1097 1129 Sacriﬁcate
1139 1061 1448 1128 sacriﬁcium
1489 1061 1705 1131 justitim
1732 1099 1747 1124 ,
1774 1068 1822 1112 et

228 1169 433 1227 sperate
476 1160 531 1211 in
572 1156 806 1210 Domino.
839 1152 973 1221 Quid
1016 1161 1102 1205 est
1130 1193 1144 1215 ,
1181 1151 1478 1218 Sacriﬁcate
1516 1150 1823 1216 sacri/icium

232 1251 484 1317 iustitiae?
511 1249 895 1320 Persequimini
935 1245 1194 1315 justitiam
1228 1286 1244 1310 ,
1293 1243 1481 1299 offerte
1515 1243 1772 1313 justitiam
1806 1261 1820 1295 :

235 1341 340 1396 hoc
369 1351 451 1396 est
476 1342 763 1395 maximum
793 1340 900 1393 Deo
926 1338 1145 1403 donum,
1177 1335 1279 1390 hoc
1318 1344 1400 1390 est
1438 1345 1710 1404 acceptum
1739 1349 1823 1387 sa.

233 1436 498 1490 oriﬁcium
534 1476 546 1499 ,
579 1435 694 1488 hzec
727 1434 924 1488 oblatio
962 1432 1117 1486 valde
1145 1439 1291 1500 grata
1322 1439 1441 1493 est,
1487 1443 1592 1483 non
1617 1441 1744 1482 oves
1771 1435 1826 1480 et

232 1527 437 1582 vitulos
467 1527 769 1581 sacriﬁcare
797 1567 810 1590 ,
834 1524 926 1579 sed
964 1540 1082 1594 quae
1109 1532 1233 1578 sunt
1254 1523 1397 1592 justa
1437 1520 1633 1576 facere.
1663 1520 1825 1574 Vides

231 1622 363 1674 vitae
399 1620 454 1674 in
485 1619 727 1674 Ecclesia
761 1617 1101 1673 instituenda:
1150 1617 1410 1671 rationem
1455 1614 1634 1669 multis
1678 1621 1824 1669 retro

233 1710 452 1764 seculis
480 1710 643 1764 fuisse
667 1721 791 1764 ante
827 1708 1147 1777 descriptam
1171 1747 1186 1773 ,
1220 1717 1274 1761 et
1298 1721 1396 1776 pro
1425 1707 1527 1760 illis
1557 1705 1827 1760 sensibili-

233 1800 338 1854 bus
355 1815 419 1855 ea
442 1799 626 1870 quzeri,
655 1815 772 1869 qua:
788 1798 984 1852 cadunt
998 1797 1098 1851 sub
1115 1797 1535 1866 intelligentiam.
1561 1794 1824 1850 Justitiam

234 1900 419 1944 autem
447 1891 532 1945 hic
554 1932 569 1956 ,
601 1890 740 1944 sicut
772 1899 893 1943 ante
920 1888 1029 1943 dixi
1057 1931 1072 1953 ,
1102 1903 1208 1942 non
1238 1887 1564 1957 singularem
1595 1887 1825 1956 aliquam

234 1981 368 2035 dicit
394 1981 640 2034 virtutem
661 2022 674 2045 ,
699 1978 792 2032 sed
821 1980 1160 2034 universam:
1192 1977 1639 2048 quemadmodum
1667 1978 1826 2031 etiam

232 2072 414 2124 virum
457 2070 659 2140 justum
702 2083 952 2123 vocamus
997 2070 1088 2138 qui
1117 2084 1328 2122 omnem
1376 2069 1427 2121 in
1477 2083 1535 2123 se
1578 2069 1827 2121 virtutem

239 2161 504 2214 continet.
543 2159 650 2214 Hoc
669 2159 992 2214 sacriﬁcium
1019 2174 1121 2212 non
1145 2169 1270 2228 eget
1299 2159 1518 2229 pecunia
1540 2202 1555 2226 ,
1584 2175 1687 2212 non
1715 2160 1829 2229 gla-

235 2253 352 2318 dio,
381 2269 489 2307 non
510 2254 684 2317 altari,
709 2269 813 2306 non
843 2254 997 2322 igne:
1030 2267 1136 2306 nou
1164 2253 1448 2307 resolvitur
1486 2254 1540 2307 in
1581 2251 1784 2306 fumum
1807 2295 1823 2318 ,

235 2345 501 2407 cinerem,
526 2355 580 2398 et
610 2344 848 2399 nidorem
875 2385 889 2410 ,
920 2344 1012 2398 sed
1042 2345 1222 2398 animo
1251 2344 1366 2415 ejus
1389 2345 1478 2414 qui
1509 2345 1666 2399 offert
1692 2359 1826 2399 con-

240 2449 450 2493 tentum
493 2449 594 2492 est.
639 2439 700 2492 Ei
750 2453 849 2493 nec
877 2447 959 2493 est
995 2448 1279 2508 paupertas
1321 2436 1654 2491 obstaculnm
1688 2480 1702 2502 ,
1731 2451 1830 2492 nec

238 2529 559 2584 mendicitas
585 2528 1044 2600 impedimentum,
1077 2545 1181 2583 non
1201 2529 1370 2595 locus,
1404 2543 1501 2583 nec
1523 2528 1665 2582 aliud
1687 2528 1831 2598 ejus-

239 2623 424 2686 modi;
451 2621 546 2677 sed
573 2620 893 2692 ubicumque
913 2620 1108 2688 fueris,
1138 2621 1190 2675 id
1220 2620 1412 2674 oﬁ‘erre
1440 2622 1636 2690 poteris
1664 2664 1678 2685 ,
1708 2637 1829 2674 cum

241 2715 359 2784 ipse
385 2715 459 2768 sis
483 2723 540 2768 et
564 2713 821 2768 sacerdos
844 2756 860 2777 ,
888 2722 942 2767 et
968 2713 1137 2766 altare
1158 2753 1171 2776 ,
1203 2723 1257 2766 et
1283 2712 1490 2782 gladius
1516 2755 1529 2775 ,
1556 2721 1610 2766 et
1634 2712 1826 2766 hostia.

240 2807 389 2862 Talia
419 2808 562 2861 enim
582 2815 708 2861 sunt
731 2822 848 2876 qua:
867 2805 933 2858 ad
953 2815 1186 2859 mentem
1213 2804 1480 2874 pertinent
1500 2812 1553 2858 et
1577 2803 1832 2872 Spiritua-

242 2899 344 2964 lia;
372 2900 659 2968 plurimum
684 2897 884 2953 habent
915 2897 1209 2962 facilitatis,
1245 2906 1303 2950 ut
1327 2911 1446 2966 quae
1474 2896 1616 2950 nulla
1649 2905 1831 2949 exter-

241 3007 309 3044 na
348 2992 663 3060 operatione
709 3000 918 3060 egeant.
957 2988 1026 3042 Et
1066 2999 1264 3058 sperate
1308 2990 1361 3041 in
1405 2986 1646 3041 Domino.
1679 2987 1830 3040 Alius

242 3080 368 3135 dicit
401 3098 416 3134 :
445 3080 513 3133 Et
537 3081 779 3150 eon/idite
803 3079 1042 3134 Domino.
1069 3080 1167 3146 Qui
1194 3080 1337 3135 enim
1371 3095 1464 3148 per
1481 3079 1679 3148 justam
1705 3079 1829 3131 vitae

244 3174 634 3227 institutionem
666 3174 828 3227 Deum
856 3173 956 3227 sibi
979 3173 1263 3242 propitium
1286 3182 1340 3227 et
1365 3172 1682 3226 clementem
1709 3170 1831 3225 red-

245 3265 438 3318 diderit
471 3306 487 3330 ,
545 3267 831 3319 maximam
889 3266 1046 3320 habet
1092 3265 1494 3334 opitulationem
1525 3307 1541 3332 ,
1575 3266 1830 3319 auxilium

245 3355 656 3425 inexpugnabile
683 3398 697 3421 ,
727 3367 780 3410 et
806 3357 1092 3424 plurimum
1123 3356 1265 3409 illinc
1290 3354 1614 3424 praesidium.
1643 3355 1830 3410 Vidisti

242 3446 471 3502 fructum
502 3446 768 3509 sacriﬁcii,
799 3447 886 3515 qui
916 3457 996 3500 εει
1018 3447 1069 3500 in
1095 3445 1293 3500 foribus
1314 3447 1336 3499 ?
1355 3446 1530 3499 vidisti
1557 3445 1833 3500 celerrime

243 3539 636 3609 germinantem
677 3540 935 3594 bonorum
973 3537 1329 3593 thesaurum?
1353 3538 1452 3606 Qui
1489 3539 1631 3592 enim
1666 3539 1830 3592 Deum

243 3627 406 3684 habet
443 3629 814 3684 auxiliatorem
840 3671 854 3692 ,
884 3644 1170 3698 quemnam
1203 3628 1409 3683 timebit
1437 3629 1702 3698 amplius?
1729 3629 1834 3684 Ne-

245 3721 464 3776 minem.
506 3719 625 3774 Jam
652 3736 780 3775 vero
814 3719 915 3774 hoc
942 3735 1152 3790 quoque
1188 3730 1272 3774 est
1301 3734 1404 3773 non
1433 3734 1588 3788 parva
1618 3721 1785 3774 virtus
1813 3763 1828 3786 ,

246 3813 361 3880 ipso
405 3813 598 3867 fretum
631 3812 771 3867 bono
799 3813 982 3867 animo
1009 3826 1128 3866 esse
1153 3853 1167 3876 ,
1213 3819 1268 3865 et
1307 3811 1359 3865 in
1389 3811 1504 3880 ipso
1538 3811 1828 3866 conﬁdere.

245 3902 350 3959 Sed
379 3919 502 3958 cum
524 3904 724 3972 iustitia
743 3918 772 3957 a
805 3904 959 3958 nobis
984 3903 1120 3957 hanc
1141 3919 1352 3973 quoque
1371 3903 1618 3957 virtutem
1645 3903 1828 3973 exigit,

247 4007 304 4051 ut
331 3998 382 4051 in
414 4012 482 4052 eo
508 3996 863 4060 conﬁdamus,
895 4005 953 4050 ut
978 3998 1030 4051 in
1057 4012 1125 4052 eo
1142 4011 1418 4066 speremus
1443 4037 1458 4062 ,
1492 4008 1548 4049 ut
1577 3997 1706 4051 nulli
1735 3998 1834 4052 hu-

247 4105 417 4142 man-.1:
444 4090 526 4142 rei
557 4087 814 4154 ﬁdamus,
844 4087 938 4142 sed
966 4103 1062 4142 nos
1084 4087 1151 4142 ab
1174 4087 1424 4141 omnibus
1444 4088 1781 4158 sejungentes
1813 4129 1829 4154 ,

247 4181 625 4252 cogitationem
653 4195 868 4235 omnem
901 4179 1006 4235 illic
1048 4180 1359 4250 deligamus.
1397 4180 1504 4235 Res
1533 4181 1672 4235 enim
1710 4181 1832 4233 vitre

248 4275 530 4342 praesentis
562 4283 688 4327 sunt
715 4273 920 4327 umbris
961 4281 1016 4328 et
1063 4274 1286 4328 somniis
1310 4274 1512 4328 similes
1540 4315 1555 4339 ,
1585 4282 1742 4343 atque
1770 4275 1834 4328 iis

245 4368 404 4421 etiam
423 4365 818 4430 imbecilliores,
841 4375 900 4420 ut
912 4382 1029 4436 quae
1049 4366 1204 4420 simul
1222 4376 1509 4436 appareant
1529 4377 1580 4422 et
1599 4368 1831 4433 avolent;

248 4465 304 4509 et
329 4457 531 4510 interea
559 4456 684 4509 dum
716 4455 912 4511 adsunt
940 4498 956 4523 ,
984 4459 1048 4512 iis
1084 4457 1171 4527 qui
1207 4458 1323 4511 illas
1367 4457 1562 4511 habent
1609 4458 1832 4511 multum

249 4548 418 4602 turbae
443 4563 509 4601 ac
532 4549 790 4602 molestia:
811 4548 1068 4612 afferant;
1110 4563 1234 4619 spes
1266 4559 1443 4603 atttem
1476 4549 1527 4602 in
1560 4549 1720 4603 Deum
1752 4557 1835 4602 est

249 4640 590 4702 immortalis,
613 4639 974 4707 immutabilis,
1003 4641 1310 4706 immobilis,
1335 4641 1468 4694 nulli
1488 4641 1835 4696 vicissitudiui

248 4732 504 4796 obnoxia,
537 4748 656 4802 quze
672 4733 815 4786 omni
838 4748 905 4787 ex
933 4743 1080 4801 parte
1108 4742 1277 4787 tutum
1303 4734 1517 4800 reddit,
1541 4743 1594 4788 et
1615 4736 1837 4801 inexpu-

248 4823 516 4894 gnabilem
544 4839 664 4877 eum
697 4822 874 4888 efﬁcit,
899 4825 986 4894 qui
1013 4839 1097 4888 ea,
1124 4839 1226 4894 qua
1257 4840 1352 4894 par
1372 4833 1455 4879 est
1477 4866 1492 4890 ,
1525 4840 1651 4880 cura
1679 4839 1732 4882 et
1757 4828 1836 4882 af-

250 4915 482 4970 fectione
523 4915 706 4968 utitur.
737 4916 790 4969 Ἰ.
824 4913 981 4968 Multi
1016 4915 1190 4969 dicunt
1218 4956 1234 4981 ,
1286 4917 1410 4983 Quis
1435 4919 1661 4972 ostendet
1693 4921 1834 4975 nobis

246 5007 379 5060 bona
400 5007 426 5060 ?
443 5006 714 5076 Signatum
724 5016 797 5060 est
812 5021 964 5077 super
985 5022 1076 5060 nos
1101 5007 1269 5060 lumen
1290 5008 1456 5061 vultus
1483 5009 1574 5072 tui,
1599 5008 1831 5064 Domine.

249 5099 542 5168 Postquam
571 5098 641 5153 de
678 5098 916 5152 moribus
940 5097 1159 5165 perfecit
1184 5097 1600 5152 admonitionem
1625 5140 1639 5163 ,
1689 5110 1742 5152 et
1770 5100 1837 5154 ad

251 5187 350 5244 Dei
386 5188 611 5243 adduxit
638 5187 997 5258 cognitionem
1029 5230 1043 5254 ,
1069 5203 1390 5256 omnemque
1415 5190 1651 5243 versavit
1677 5192 1839 5244 ratio-

252 5294 373 5332 nem
392 5320 406 5343 ,
437 5295 556 5348 quae
585 5287 756 5347 potest
785 5279 991 5348 erigere
1021 5287 1253 5333 mentem
1281 5294 1465 5332 eorum
1496 5280 1586 5348 qui
1619 5280 1838 5335 aberra-

250 5382 411 5436 runt;
443 5371 689 5438 exemplo
710 5371 938 5425 maxime
966 5386 1150 5425 eorum
1175 5372 1263 5440 qui
1294 5372 1368 5425 illi
1391 5381 1514 5426 sunt
1538 5373 1753 5438 addicti,
1785 5383 1840 5428 et

252 5465 369 5530 ejus
393 5477 520 5532 erga
557 5463 677 5517 illos
703 5463 1050 5532 providentia:
1073 5504 1088 5527 ,
1120 5473 1398 5533 postquam
1431 5478 1578 5518 suam
1608 5464 1840 5520 ostendit

253 5554 665 5608 sollicitudinem
693 5595 709 5616 ,
737 5555 1022 5624 quamdam
1059 5555 1414 5625 objectionem
1436 5559 1503 5613 ab
1534 5557 1838 5612 imbecillio-

254 5644 404 5699 ribus
443 5659 506 5699 ac
532 5645 888 5701 crassioribus
926 5646 1192 5702 inductam
1221 5647 1418 5714 affert,
1459 5657 1515 5702 et
1545 5650 1651 5702 ait:
1684 5647 1839 5702 Multi

1927 512 2117 579 dicunt,
2151 515 2277 581 Quis
2302 511 2525 568 ostendet
2548 515 2689 568 nobis
2719 515 2888 570 bona?
2917 515 3028 571 Non
3053 516 3127 571 illi
3157 517 3305 587 pauci
3330 519 3503 587 probi,

1923 621 1986 661 ac
2017 606 2212 662 sinceri
2242 649 2256 672 ,
2287 617 2342 661 et
2364 607 2453 677 qui
2486 618 2679 662 norunt
2705 609 3066 680 philosophari
3093 652 3107 675 ,
3132 609 3246 665 hare
3272 610 3456 665 dicunt
3490 653 3506 673 ,

1931 700 2024 754 sed
2052 699 2272 754 confusa
2298 709 2350 753 et
2382 701 2678 770 promiscua
2700 702 3005 769 multitudo,
3039 719 3156 773 quae
3197 702 3510 773 ignoratioui

1907 801 1979 846 'et
2000 792 2238 846 stultitiae
2263 791 2416 846 afﬁxa
2442 802 2545 847 est.
2573 793 2708 860 Quid
2736 802 2816 848 est
2841 803 3014 850 autem
3037 795 3177 866 quod
3203 795 3366 850 dicit?
3382 795 3508 862 Quis

1927 883 2149 936 ostendet
2189 883 2329 938 nobis
2390 883 2520 938 bona
2551 885 2575 937 ?
2604 884 2737 939 Sunt
2779 885 2991 954 quidam
3037 887 3124 957 qui
3168 887 3396 953 dicunt,
3420 884 3510 942 alii

1926 973 2138 1044 quidem
2167 974 2258 1028 Dei
2287 976 2669 1044 providentiam
2700 987 3029 1042 accusantes,
3072 978 3172 1033 alii.
3198 995 3326 1035 vero
3353 979 3508 1034 volu-

1929 1067 2088 1136 ptatis
2115 1075 2400 1132 amatores,
2429 1067 2706 1133 socordiae,
2733 1083 2916 1138 epum,
2941 1069 3122 1139 gloriae
3146 1079 3194 1125 et
3217 1071 3468 1140 potentia:
3491 1111 3507 1135 ,

1927 1157 2016 1225 qui
2047 1156 2207 1211 etiam
2241 1157 2355 1212 hmc
2383 1167 2642 1224 amantes,
2675 1159 2858 1214 dicunt
2885 1161 3007 1215 talia
3039 1178 3052 1214 :
3083 1160 3182 1216 Ubi
3215 1171 3336 1216 sunt
3365 1160 3508 1216 bona

1929 1247 2068 1301 Dei?
2096 1248 2208 1317 Ego
2223 1263 2338 1302 sum
2363 1249 2416 1303 in
2438 1251 2792 1312 mendicitate,
2821 1260 2875 1305 et
2891 1252 3096 1317 morbo,
3121 1260 3175 1306 et
3188 1252 3511 1320 calamitate,

1929 1346 1984 1392 et
2017 1340 2277 1392 extremis
2305 1340 2456 1395 malis
2482 1382 2495 1403 ,
2526 1340 2736 1410 probris
2763 1350 2816 1396 et
2850 1343 3186 1397 contumeliis
3214 1360 3227 1396 :
3259 1344 3393 1396 alius
3415 1359 3509 1396 au-

1929 1436 2035 1484 tem
2068 1430 2118 1483 in
2147 1429 2418 1492 felicitate.
2447 1433 2739 1502 voluptate,
2768 1433 2971 1488 deliciis
2995 1476 3009 1500 ,
3035 1436 3287 1502 potentia,
3317 1435 3508 1504 gloria,

1929 1530 1983 1576 et
2010 1522 2227 1578 divitiis.
2253 1523 2318 1578 Et
2338 1525 2425 1578 alii
2447 1525 2658 1595 quidem
2686 1525 2801 1580 inec
2828 1526 2962 1580 bona
2980 1534 3183 1580 tantum
3209 1528 3506 1597 requirunt,

1930 1627 1991 1666 ea
2022 1629 2139 1682 qua:
2175 1630 2304 1669 vere
2345 1624 2468 1669 sunt
2504 1615 2641 1670 bona
2671 1617 3140 1686 praetermittentes
3172 1659 3187 1683 ,
3217 1618 3463 1672 virtutem
3492 1659 3509 1683 ,

1930 1705 2165 1774 inquam,
2193 1715 2245 1760 et
2272 1706 2500 1760 studium
2530 1709 2836 1778 sapientiae:
2867 1708 2956 1761 alii
2981 1723 3128 1774 vero,
3149 1719 3204 1763 ut
3228 1718 3351 1764 ante
3380 1709 3511 1776 dixi,

1932 1793 2024 1849 Dei
2051 1797 2207 1848 etiam
2233 1797 2621 1864 providentiam
2654 1813 2719 1853 ex
2745 1814 2808 1853 eo
2836 1799 3204 1866 criminantur,
3234 1799 3506 1855 dicentes:

1930 1885 2031 1941 Ubi
2058 1896 2136 1940 est
2167 1888 2258 1941 Dei
2288 1888 2616 1956 providentia
2643 1931 2658 1955 ,
2692 1905 2812 1944 cum
2840 1899 2982 1944 tanta
3009 1892 3077 1945 sit
3105 1891 3157 1945 in
3187 1892 3293 1946 vita
3318 1891 3511 1946 coniu-

1931 1977 2032 2043 sio,
2063 1993 2182 2031 cum
2212 1978 2391 2048 plures
2417 1980 2470 2033 in
2500 1981 2859 2047 mendicitate,
2891 1982 3065 2052 inopia
3095 1993 3146 2037 et
3177 1985 3228 2036 in
3255 1984 3510 2038 extremis

1932 2069 2086 2123 malis
2112 2069 2339 2139 degant?
2359 2071 2499 2139 quod
2524 2081 2606 2124 est
2629 2072 2836 2141 signum
2859 2071 2974 2141 ejus
3000 2073 3384 2141 providentia}?
3408 2073 3510 2140 Qui

1932 2172 2106 2216 autem
2138 2162 2251 2216 haec
2275 2163 2458 2218 dicunt
2489 2164 2708 2233 perinde
2730 2165 2930 2219 faciunt
2957 2180 3019 2219 ac
3049 2168 3092 2219 si
3121 2167 3238 2233 quis
3266 2165 3505 2220 clarissi-

1934 2270 2022 2308 mo
2053 2254 2273 2309 meridie
2297 2265 2500 2324 quaerat
2529 2255 2696 2309 solem
2726 2255 2930 2320 videre,
2957 2265 3010 2310 et
3039 2256 3244 2310 dubitet
3277 2257 3344 2311 de
3370 2257 3507 2312 luce.

1932 2346 2083 2411 Quod
2115 2346 2402 2401 ostendens
2430 2346 2684 2416 projiheta
2715 2389 2728 2412 ,
2765 2357 2820 2402 et
2866 2349 3252 2418 quamprimum
3285 2347 3512 2404 offerens

1933 2437 2252 2491 solutionem
2283 2480 2296 2502 ,
2343 2437 2474 2491 dixit
2505 2456 2516 2489 :
2547 2439 2602 2491 7.
2633 2439 2904 2508 Signotum
2951 2449 3024 2492 est
3056 2455 3205 2509 super
3233 2457 3321 2494 nos
3346 2440 3515 2494 iumen

1934 2532 2100 2582 vultus
2134 2530 2236 2592 tui,
2264 2528 2497 2583 Domine.
2533 2530 2646 2584 Non
2669 2530 2802 2584 dixit
2833 2571 2848 2595 ,
2878 2531 3171 2602 Apparuit;
3201 2545 3307 2585 non
3336 2531 3470 2585 dixit
3495 2573 3513 2597 ,

1934 2619 2284 2687 Resplenduit
2312 2663 2326 2683 ,
2371 2621 2465 2675 sed
2497 2661 2512 2686 ,
2568 2621 2838 2691 Signatum
2877 2631 2948 2674 est
2976 2637 2992 2675 :
3021 2621 3122 2675 hoc
3165 2622 3467 2691 signiﬁcans
3494 2663 3513 2688 .

1935 2713 2378 2782 quemadmodum
2407 2713 2546 2783 quod
2569 2723 2652 2768 est
2677 2714 2730 2768 in
2761 2713 2935 2769 fronte
2962 2714 3250 2784 signatum,
3281 2724 3364 2769 est
3390 2729 3512 2768 om-

1935 2805 2090 2858 nibus
2125 2803 2462 2858 manifestum
2488 2847 2502 2871 ,
2537 2819 2634 2859 nec
2664 2805 2778 2859 fieri
2805 2813 2981 2874 potest
3012 2813 3069 2858 ut
3096 2804 3146 2858 id
3173 2804 3402 2873 aliquem
3432 2805 3512 2857 Ia-

1937 2904 2080 2961 teat,
2113 2910 2210 2948 nec
2253 2894 2440 2950 faciem
2482 2896 2599 2950 luce
2634 2895 2842 2965 plenam
2877 2905 2931 2950 et
2967 2896 3144 2950 radios
3180 2895 3514 2950 emittentem

1935 2996 2109 3055 potest
2133 2987 2250 3056 quis
2278 2986 2522 3056 ignorare
2546 3003 2559 3039 :
2591 2985 2683 3048 ita,
2716 2985 2904 3055 inquit,
2933 3000 3030 3040 nec
3058 2993 3200 3039 tuam
3227 2984 3515 3055 providen—

1937 3077 2084 3132 tiam.
2109 3076 2254 3132 Sicut
2283 3078 2424 3132 enim
2454 3077 2540 3130 lux
2571 3076 2774 3146 signata
2803 3116 2819 3142 ,
2847 3075 2950 3130 hoc
2975 3084 3056 3130 est
3087 3115 3101 3140 ,
3131 3075 3183 3129 in
3223 3074 3368 3130 vultu
3409 3075 3513 3128 im-

1936 3185 2116 3238 pressa
2140 3179 2193 3224 et
2223 3171 2507 3240 insculpta,
2539 3178 2621 3224 est
2649 3169 2926 3224 manifesta
2949 3167 3225 3223 omnibus:
3253 3168 3322 3222 ita
3354 3169 3514 3222 etiam

1939 3261 2268 3332 providentia
2301 3271 2403 3315 tute
2433 3260 2791 3331 benignitatis.
2819 3259 3017 3314 Lucem
3044 3260 3185 3314 enim
3221 3259 3308 3314 hic
3341 3258 3465 3312 dicit
3496 3301 3512 3326 ,

1935 3352 2295 3408 defensionem
2324 3394 2340 3420 ,
2379 3353 2682 3422 prazsidium
2715 3394 2732 3420 ,
2777 3353 3028 3406 auxilium
3059 3394 3073 3418 ,
3105 3351 3515 3421 providentiam.

1937 3445 2137 3499 Deinde
2163 3461 2281 3499 cum
2306 3445 2407 3499 hoc
2436 3446 2864 3515 pronuntiasset,
2901 3445 3170 3514 subjungit
3198 3445 3356 3499 etiam
3387 3459 3515 3513 pro-

1937 3536 2228 3592 bationem.
2254 3537 2550 3602 Quamnam
2579 3537 2799 3591 autem?
2825 3535 3022 3590 Dedisti
3041 3536 3265 3590 lwtitiam
3289 3536 3341 3588 in
3367 3535 3520 3588 corde

1935 3646 2066 3682 meo.
2096 3629 2377 3698 Postquam
2418 3629 2858 3684 inconsideratam
2907 3628 3250 3698 reprehendit
3279 3627 3518 3681 multitu-

1935 3720 2113 3775 dinem
2147 3761 2163 3786 ,
2193 3737 2260 3776 ex
2304 3722 2366 3776 iis
2394 3722 2482 3791 qui
2522 3722 2732 3791 sapiunt
2774 3731 2828 3775 et
2865 3723 2978 3774 sani
3024 3730 3148 3774 sunt
3188 3720 3278 3774 Dei
3322 3719 3519 3790 prohat

1937 3814 2341 3884 providentiam,
2373 3823 2426 3868 et
2451 3813 2579 3868 dicit
2601 3830 2615 3866 ε
2652 3812 2847 3866 Dedisti
2867 3814 3092 3866 ltetitiam
3117 3814 3168 3866 in
3189 3813 3340 3866 corde
3365 3828 3474 3866 meo
3496 3828 3517 3875 ,°

1938 3905 2038 3959 hoc
2066 3915 2147 3959 est
2165 3946 2180 3968 ,
2209 3904 2441 3959 Docuisti
2474 3919 2561 3959 me
2589 3903 2948 3974 philosophari
2981 3943 2997 3969 ,
3028 3918 3114 3958 res
3146 3918 3264 3972 qum
3287 3901 3351 3955 ad
3381 3901 3518 3956 hanc

1937 3997 2096 4050 vitam
2139 3997 2403 4066 pertinent
2431 3995 2736 4066 aspernari,
2765 4010 2827 4049 ea
2855 3995 2992 4049 scire
3013 4009 3130 4063 qua:
3157 4001 3281 4047 sunt
3305 4007 3428 4047 vera
3453 4007 3518 4047 ac

1936 4087 2323 4156 permanentia,
2356 4095 2414 4140 ut
2439 4087 2574 4141 bona
2604 4101 2698 4155 spe
2721 4084 2943 4140 ducerer
2967 4083 3186 4139 effecisti
3235 4124 3250 4146 ,
3283 4082 3348 4136 ad
3377 4081 3519 4136 futu-

1937 4194 2050 4232 ram
2078 4180 2237 4232 vitam
2264 4194 2421 4231 manu
2447 4177 2662 4243 duxisti;
2685 4186 2807 4230 ante
2835 4175 3091 4230 bonorum
3119 4175 3518 4245 perceptionem

1937 4285 2024 4323 me
2053 4270 2104 4324 in
2133 4285 2280 4339 spem
2308 4270 2569 4324 bonorum
2598 4269 2834 4324 erexisti.
2861 4267 2950 4322 Sic
2973 4276 3116 4322 recte
3143 4267 3390 4338 loquutus
3411 4277 3517 4322 est.

2011 4359 2182 4413 iO.-Si
2215 4360 2332 4429 quis
2363 4361 2506 4414 enim
2535 4359 2792 4428 pecuniae,
2835 4359 2916 4412 vel
2945 4358 3103 4412 etiam
3140 4357 3364 4427 alicujus
3401 4372 3517 4412 ma—

1938 4450 2068 4503 ximi
2113 4451 2438 4522 principatus
2467 4451 2622 4506 heres
2658 4451 2864 4504 futurus
2893 4491 2909 4517 ,
2937 4465 3041 4505 non
3075 4451 3246 4504 solum
3279 4462 3519 4520 tempore

1939 4543 2314 4612 perceptionis,
2344 4543 2440 4597 sed
2465 4544 2624 4597 etiam
2652 4553 2932 4611 antequam
2955 4558 3019 4598 ea
3045 4543 3348 4613 experiatur
3365 4583 3380 4606 ,
3407 4543 3518 4596 cri-

1939 4637 2078 4706 gitur
2106 4637 2522 4706 exspectatione,
2547 4651 2611 4691 ex
2641 4651 2737 4705 spe
2763 4651 3006 4705 magnam
3031 4635 3356 4705 voluptatem
3398 4649 3521 4702 per-

1943 4739 2102 4796 petuo
2128 4729 2363 4796 capiens,
2397 4728 2569 4798 cogita
2595 4727 2804 4796 qualem
2832 4742 2951 4780 eum
2974 4742 3092 4781 esse
3105 4734 3518 4781 consentaneum

1942 4833 2044 4887 est,
2068 4821 2158 4892 qui
2196 4830 2470 4890 exspectat
2507 4836 2732 4891 regnum
2781 4821 2962 4876 vivens
3002 4831 3057 4875 et
3095 4821 3394 4875 immortale
3421 4861 3434 4880 ,
3466 4830 3522 4874 et

1941 4917 2078 4971 bona
2107 4915 2192 4970 illa
2226 4956 2240 4977 ,
2271 4930 2391 4984 quae
2432 4929 2532 4968 nec
2573 4915 2757 4969 oculus
2785 4914 2916 4968 vidit
2946 4955 2959 4980 ,
2993 4929 3094 4968 nec
3119 4914 3261 4968 auris
3287 4914 3518 4978 audivit,

1945 5025 2042 5064 nec
2074 5010 2125 5062 in
2150 5024 2243 5063 cor
2265 5009 2496 5062 hominis
2521 5006 2877 5062 ascenderunt
2903 5007 2921 5076 (
2957 5007 3007 5060 l.
3039 5006 3158 5061 Cor.
3185 5006 3240 5060 2.
3265 5007 3300 5062 9
3324 5008 3366 5078 ).
3399 5007 3522 5067 Ideo

1944 5102 2112 5170 inquit
2140 5144 2153 5165 ,
2185 5099 2384 5154 Dedisti
2409 5100 2633 5154 lanitium
2667 5101 2720 5152 in
2749 5099 2898 5152 corde
2934 5115 3064 5163 meo,
3110 5099 3252 5168 quod
3269 5101 3522 5154 maxima)

1944 5203 2059 5248 erat
2088 5192 2454 5262 providentiw,
2487 5192 2578 5246 illa
2605 5207 2797 5260 nempe
2826 5200 2951 5246 tunc
2978 5191 3276 5261 providisse
3306 5203 3358 5247 et
3381 5207 3523 5260 pne-

1945 5297 2180 5353 parasse.
2209 5282 2360 5349 Quod
2407 5283 2452 5336 si
2493 5282 2526 5336 ii
2567 5283 2656 5351 qui
2691 5290 2815 5336 sunt
2856 5284 3148 5337 crassiores
3170 5323 3186 5349 ,
3215 5283 3395 5336 carnei
3424 5323 3439 5346 ,
3467 5290 3523 5336 et

1944 5382 2099 5429 terra:
2144 5373 2288 5427 afﬁxi
2313 5415 2328 5440 ,
2375 5373 2490 5427 hinc
2519 5388 2622 5426 non
2653 5374 2928 5428 attendunt
2958 5415 2973 5438 ,
3011 5389 3117 5428 non
3143 5389 3206 5428 ex
3233 5387 3299 5427 eo
3323 5374 3410 5442 qui
3439 5381 3521 5426 est

1947 5468 2227 5534 pollicitus,
2255 5465 2347 5520 sed
2370 5482 2435 5520 ex
2475 5467 2682 5520 illorum
2719 5465 2966 5520 vecordia
2995 5465 3145 5520 turba
3174 5474 3228 5519 et
3263 5464 3519 5518 tumultus

1944 5559 2133 5612 oritur.
2158 5558 2224 5612 Et
2251 5575 2355 5612 non
2379 5559 2511 5612 dixit
2527 5549 2836 5627 simpliciter
2855 5557 3184 5617 etabsolute,
3220 5553 3412 5608 Dedisti
3432 5552 3523 5607 ιω.-

1946 5649 2126 5716 titiam,
2157 5648 2272 5715 sed,
2301 5647 2366 5702 In
2393 5649 2542 5703 corde
2571 5664 2679 5701 meo
2707 5689 2722 5713 ,
2757 5645 3042 5702 ostendens
3072 5660 3179 5700 non
3201 5657 3324 5700 esse
3352 5648 3401 5699 in
3432 5658 3518 5702 t0-

256 5854 458 5922 legcrit,
482 5855 574 5907 sed
596 5856 732 5918 ἀρκεῖ
753 5858 868 5919 πρὸς
893 5871 1147 5921 acor-49m.
1173 5855 1272 5907 Sed
1294 5868 1404 5907 cum
1433 5852 1581 5908 lectio
1607 5860 1772 5908 nostra
1795 5853 1860 5906 sit
1883 5857 2056 5908 eadem
2082 5857 2133 5906 in
2158 5857 2380 5910 omnibus
2401 5857 2536 5922 Mss,
2562 5859 2682 5910 nihil
2707 5860 2988 5912 mutandum
3011 5865 3311 5914 censuimus.
