4074 6356
497 347 576 408 ‘55
1213 353 1269 407 S.
1308 351 1585 407 JOANNIS
1623 347 2093 406 CHRYSOSTOMI
2128 347 2445 404 ARClllEP.
2485 347 3018 405 CONSTANTINUP.
3697 349 3766 404 56

511 463 608 519 hus
633 463 863 517 externis
889 464 1144 526 hetitiam,
1169 480 1267 519 nec
1293 466 1344 519 in
1367 464 1643 532 mancipiis
1665 504 1682 528 ,
1702 477 1800 516 nec
1826 461 1882 514 in
1906 475 2044 515 auro
2064 500 2080 523 ,

518 571 616 610 nec
633 556 684 610 in
699 564 940 625 argento.
955 570 1063 610 non
1082 554 1136 608 in
1151 553 1530 620 vestibus,non
1542 550 1594 604 in
1605 549 1749 604 lauta
1763 563 1968 613 mensa,
1983 565 2081 605 nec

512 646 563 700 in
586 647 832 716 potentiae
857 646 1236 718 magnitudine,
1260 661 1360 702 nec
1387 647 1438 700 in
1469 643 1659 700 mdium
1678 643 2085 712 magniﬁcentia.

513 735 639 790 "me
663 736 803 790 enim
822 736 999 791 laetitia
1029 753 1132 790 non
1155 744 1236 791 est
1256 735 1453 799 cordis,
1472 735 1567 790 sed
1597 735 1766 788 solum
1791 732 2086 787 oculorum.

512 826 661 881 Multi
687 841 815 898 ergo
842 843 1047 892 eorum,
1076 829 1165 898 qui
1189 827 1303 882 haec
1326 827 1618 898 possident,
1642 827 1803 879 vitam
1836 841 1939 878 non
1968 839 2092 879 esse

514 919 727 973 vitalem
765 919 1087 986 existimant,
1110 929 1164 972 et
1185 919 1397 989 angoris
1416 916 1682 973 fornacem
1708 918 1758 970 in
1785 918 1960 970 animo
1989 915 2094 969 cir-

515 1010 834 1070 cumferunt.
863 1024 892 1063 a
914 1025 1159 1064 curarum
1183 1007 1518 1064 multitudine
1545 1008 1807 1073 exhausti,
1838 1018 1890 1063 et
1919 1007 2094 1062 conti-

518 1101 636 1156 nuis
662 1100 938 1154 timoribus
962 1101 1222 1170 oppressi.
1253 1100 1449 1155 Verum
1478 1099 1628 1165 mihi,
1663 1100 1848 1168 inquit.
1880 1113 1986 1152 non
2013 1105 2097 1153 est

520 1192 571 1246 in
601 1191 684 1245 his
706 1192 884 1246 laetitia
907 1232 922 1258 ,
952 1191 1045 1247 sed
1081 1193 1132 1247 in
1162 1191 1322 1246 corde
1351 1191 1705 1261 intelligente,
1733 1192 1782 1244 in
1810 1199 1986 1244 mente
2010 1191 2095 1244 in-

523 1296 796 1352 corporea,
815 1291 866 1336 et
895 1294 956 1336 ea
994 1299 1112 1352 qua:
1138 1291 1260 1337 sunt
1304 1283 1614 1352 incorporea
1643 1283 1926 1351 cogitante.
1958 1282 2098 1347 Qua-

522 1391 581 1429 re
612 1376 655 1429 si
689 1385 738 1429 te
763 1376 1032 1431 delectant
1058 1375 1338 1446 prtusentia
1371 1417 1386 1440 ,
1425 1385 1477 1431 et
1500 1393 1568 1431 ex
1599 1377 1662 1430 iis
1689 1376 1783 1430 Dei
1812 1375 2099 1445 providen-

523 1467 648 1520 tiam
675 1468 950 1536 cognoscis
976 1483 992 1520 :
1023 1483 1087 1522 eo
1116 1469 1282 1538 magis
1310 1482 1424 1521 eam
1450 1466 1598 1521 disce
1632 1481 1696 1521 ex
1745 1466 1967 1533 futuris,
1995 1479 2101 1536 quo

501 1564 648 1610 'suut
678 1556 762 1610 illa
794 1558 1184 1626 praestantiora,
1217 1569 1270 1612 et
1299 1557 1648 1624 diuturniora,
1676 1565 1732 1612 et
1757 1573 1875 1627 quae
1903 1557 2102 1611 auferri

529 1663 632 1701 non
658 1658 895 1717 possunt.
919 1649 973 1705 Si
999 1650 1139 1720 quod
1164 1649 1362 1704 divitiis
1382 1649 1570 1704 aflluas
1599 1659 1652 1704 et
1679 1664 1932 1720 prospere
1951 1665 2099 1718 agas,

528 1738 578 1792 id
610 1739 700 1792 tibi
730 1739 1012 1808 persuadet
1036 1755 1154 1796 esse
1177 1740 1268 1794 Dei
1297 1739 1704 1809 providentiam,
1739 1740 1904 1794 multo
1935 1742 2103 1811 magis

505 1829 580 1882 'id
598 1830 686 1883 tibi
706 1829 1056 1899 persuadeant
1081 1845 1197 1901 quze
1222 1840 1346 1885 sunt
1371 1831 1422 1885 in
1449 1829 1582 1885 caelo
1605 1830 1820 1885 divitia).
1843 1831 1898 1885 Si
1925 1839 2103 1885 autem

529 1919 709 1976 dicas:
738 1918 911 1988 Quare
933 1931 1054 1976 sunt
1084 1921 1198 1976 haec
1228 1922 1278 1976 in
1310 1937 1404 1991 spe
1434 1923 1530 1976 sita
1552 1964 1567 1987 ,
1596 1931 1651 1977 et
1680 1938 1786 1976 non
1812 1921 2107 1992 apparent?

531 2009 633 2065 hoc
663 2012 890 2068 dixerim
923 2055 938 2080 ,
970 2028 1070 2068 nos
1107 2012 1316 2084 quidem
1346 2013 1529 2068 fideles
1557 2029 1619 2068 ea
1662 2029 1779 2084 quae
1811 2014 1862 2068 in
1887 2030 1980 2085 spe
2007 2013 2108 2068 sita

532 2114 655 2158 sunt
683 2146 699 2170 ,
729 2106 793 2160 iis
831 2122 947 2177 quae
976 2116 1098 2160 sunt
1128 2106 1402 2162 manifesta
1434 2147 1448 2172 ,
1480 2107 1841 2162 manifestiora
1873 2106 2104 2161 ducere:

537 2199 655 2252 talis
681 2199 820 2252 enim
850 2209 932 2253 est
961 2199 1080 2253 fidei
1106 2199 1388 2253 certitudo.
1434 2199 1585 2266 Quod
1630 2199 1676 2253 si
1710 2213 1896 2254 rursus
1921 2198 2067 2252 dicas
2092 2214 2106 2251 :

536 2287 647 2354 Qua
675 2287 743 2343 de
779 2304 936 2342 causa
969 2287 1055 2344 hic
1096 2289 1471 2344 retributiones
1499 2305 1605 2344 non
1633 2288 1961 2358 accipimus?
1985 2288 2112 2343 illud

542 2380 745 2434 dicam:
781 2380 891 2435 lloe
919 2391 999 2436 est
1035 2381 1250 2451 quidem
1293 2390 1501 2451 tempus
1539 2381 1829 2436 stadiorum
1861 2389 1914 2436 et
1942 2389 2114 2434 certa-

537 2471 764 2535 minum,
798 2471 926 2526 illud
961 2487 1090 2526 vero
1113 2487 1427 2527 coronarum
1451 2480 1504 2527 et
1531 2472 1891 2541 praemiorum.
1917 2471 1984 2525 Et
2011 2470 2114 2525 hoc

511 2580 515 2587 ν
540 2574 746 2629 quoque
769 2559 861 2616 Dei
892 2572 973 2616 est
999 2561 1348 2632 providentiae
1372 2561 1593 2616 eﬂ'ecttts
1624 2600 1642 2628 ,
1667 2561 1876 2616 labores
1899 2561 2114 2632 quidem

540 2659 593 2703 et
609 2650 832 2706 sudores
859 2652 1005 2706 brevi
1027 2651 1126 2707 hac
1141 2661 1192 2707 et
1215 2651 1350 2706 fluxa
1367 2651 1472 2706 vita
1493 2651 1947 2716 circumscribere,
1974 2667 2083 2722 prze
2098 2681 2118 2695 -

541 2741 644 2796 mia
667 2753 840 2796 autem
867 2752 921 2798 et
949 2758 1170 2799 coronas
1197 2743 1249 2798 in
1275 2759 1444 2797 aevum
1468 2742 1765 2797 immortale
1788 2756 1849 2796 ac
1875 2749 2119 2796 senectu-

544 2833 611 2885 tis
666 2845 860 2903 expers
904 2834 1196 2889 extendere
1250 2833 1268 2902 (
1300 2831 1354 2887 2.
1385 2833 1515 2886 Tim.
1544 2833 1598 2887 4.
1621 2831 1699 2902 8).
1724 2831 1931 2902 Alioqui
1959 2833 2118 2887 etiam

543 2921 750 2990 quando
773 2923 922 2978 multi
943 2934 1092 2977 erant
1109 2923 1469 2978 imbecillioris
1491 2923 1673 2988 animi,
1697 2923 1963 2977 sensibilia
1984 2938 2120 2992 quo-

543 3025 647 3080 que
697 3011 809 3067 ha'c
853 3013 932 3067 eis
976 3015 1111 3068 bona
1147 3013 1308 3069 dedit.
1354 3013 1613 3083 Populum
1642 3016 1820 3083 itaque
1843 3013 2118 3069 Judaieum

546 3115 641 3169 per
669 3116 785 3156 eam
816 3103 936 3157 vitae
973 3103 1191 3173 agenda:
1231 3104 1490 3158 rationem
1529 3104 1774 3159 deduxit.
1806 3104 2012 3159 Etenim
2044 3104 2123 3160 eis

544 3191 830 3247 affluebant
857 3193 1053 3248 divitiae
1077 3237 1092 3260 ,
1116 3194 1180 3248 ad
1206 3197 1412 3250 senium
1445 3209 1609 3265 usque
1633 3197 1738 3248 vita
1793 3195 2122 3265 produceba-

547 3294 652 3343 tur.
684 3287 856 3340 omnis
885 3286 1101 3339 morbus
1131 3287 1311 3356 procul
1340 3289 1556 3352 aberat;
1587 3287 1873 3344 accedebat
1892 3287 2125 3344 hostium

548 3376 861 3440 internecio,
883 3392 983 3446 pax
1010 3378 1134 3440 alta,
1166 3378 1416 3448 triumphi
1443 3419 1456 3442 ,
1492 3379 1730 3434 victoriae
1760 3422 1774 3444 ,
1809 3380 1933 3435 felix
1961 3381 2125 3436 hono-

549 3482 666 3521 rum
713 3467 998 3521 liberorum
1025 3467 1309 3523 multitudo
1341 3510 1355 3533 ,
1399 3477 1448 3523 et
1479 3469 1577 3524 aiia
1621 3471 1881 3540 ejusmodi
1907 3472 2128 3527 aderant

551 3557 616 3611 iis
636 3557 723 3624 qui
755 3557 862 3612 Deo
885 3557 1154 3626 parebant.
1181 3557 1463 3629 Postquam
1488 3568 1662 3613 autem
1692 3561 1919 3615 accessit
1946 3561 2125 3616 Domi-

555 3661 655 3701 nus
678 3658 859 3702 noster
883 3647 1039 3704 Jesus
1065 3647 1307 3704 Christus
1327 3692 1341 3714 ,
1373 3650 1426 3704 in
1461 3651 1649 3705 caelum
1683 3667 1780 3707 nos
1809 3651 2004 3708 vocans
2033 3695 2047 3720 ,
2075 3663 2130 3708 et

553 3754 670 3808 quae
693 3738 777 3793 hic
805 3749 927 3794 sunt
951 3739 1226 3806 despicere
1250 3741 1596 3810 persuadens,
1617 3742 1934 3814 illorumque
1973 3761 2126 3800 amo-

558 3844 671 3885 rem
709 3829 1032 3898 immittens,
1061 3841 1114 3886 et
1143 3832 1209 3885 ah
1237 3832 1300 3887 iis
1337 3845 1455 3903 qua:
1491 3833 1555 3887 ad
1602 3833 1736 3888 hanc
1775 3835 1932 3888 vitam
1967 3835 2130 3903 perti-

556 3932 682 3977 nent
708 3938 808 3978 nos
851 3921 1118 3978 abducens
1143 3940 1155 3976 :
1182 3923 1294 3978 haec
1319 3925 1506 3978 merito
1535 3923 1586 3978 in
1611 3936 1888 3994 angustum
1915 3935 2132 3981 eontra-

559 4024 641 4066 cta
671 4023 812 4084 sunt,
837 4013 888 4067 in
920 4013 1021 4068 illis
1049 4023 1223 4068 autem
1255 4015 1515 4068 universa:
1542 4015 1797 4069 suntsitae
1825 4015 2046 4081 divitiae,
2077 4026 2133 4070 ut

557 4104 644 4171 qui
669 4105 777 4172 jam
804 4102 1022 4174 perfecti
1050 4104 1394 4158 evaserimus.
1422 4101 1554 4158 Nam
1577 4107 1734 4160 etiam
1758 4107 1811 4160 in
1833 4107 2010 4176 pueris
2028 4149 2043 4172 ,
2071 4107 2134 4161 iis

559 4194 770 4262 quidem
801 4195 889 4264 qui
929 4204 1052 4250 sunt
1091 4195 1264 4250 adhuc
1311 4197 1465 4266 paulo
1492 4197 1725 4251 minores
1749 4239 1763 4260 ,
1796 4207 1972 4266 patres
2001 4213 2136 4266 pra:-

534 4284 689 4338 Ohent
715 4283 994 4353 ejusmodi,
1026 4287 1253 4352 calceos,
1280 4297 1475 4350 vestes,
1504 4301 1663 4342 aurea
1693 4298 2002 4343 ornamenta
2037 4330 2051 4352 ,
2081 4299 2136 4344 et

561 4374 830 4429 armillas:
865 4385 1141 4447 postquam
1178 4387 1356 4432 autem
1396 4381 1708 4444 creverint,
1755 4380 1858 4434 illis
1900 4357 2088 4435 ablatis
2117 4422 2132 4448 ,

565 4466 692 4521 dant
720 4468 820 4521 alia
849 4469 1070 4539 majora,
1099 4470 1236 4526 bene
1261 4469 1470 4525 dicendi
1511 4472 1561 4525 in
1597 4481 1846 4542 suggestu
1870 4472 2091 4542 gloriam
2116 4512 2134 4539 ,

564 4559 617 4611 in
640 4559 850 4614 civitate
879 4561 1216 4630 splendorem
1243 4604 1260 4627 ,
1287 4562 1339 4615 in
1369 4562 1486 4616 aula
1518 4562 1857 4632 imperatoria
1887 4561 2134 4631 loquendi

563 4651 859 4706 libertatem
882 4693 896 4718 ,
928 4652 1266 4721 magistratus
1291 4661 1345 4706 et
1387 4653 1711 4722 principatus
1734 4694 1749 4718 ,
1784 4666 1876 4706 eos
1905 4653 1973 4706 ah
1994 4654 2138 4707 omni

567 4742 758 4812 puerili
794 4743 1085 4797 ambitione
1129 4743 1472 4799 abducentes.
1504 4741 1581 4797 lta
1627 4745 1788 4798 etiam
1816 4744 1937 4798 fecit
1964 4744 2133 4798 Deus:

541 4847 666 4887 -Itos
687 4847 714 4885 a
746 4833 923 4902 parvis
944 4833 1121 4888 illiset
1148 4833 1440 4902 puerilibus
1465 4831 1754 4899 abducens,
1782 4850 1844 4887 ea
1873 4847 1989 4904 qua:
2016 4843 2141 4888 Sunt

568 4923 622 4976 in
651 4924 796 4978 caelis
827 4923 1092 4993 pollicitus
1136 4935 1238 4978 est.
1287 4922 1366 4979 Ne
1407 4923 1522 4980 haec
1567 4940 1692 4995 ergo
1729 4941 1844 4996 quae
1882 4925 2052 4980 fluunt
2086 4935 2143 4980 et

567 5025 984 5085 praetercurrunt
1005 5015 1307 5081 admireris,
1338 5016 1424 5071 vel
1450 5025 1671 5086 appetas
1693 5059 1706 5082 ,
1737 5033 1836 5071 nec
1866 5017 1940 5072 sis
1961 5018 2140 5088 pusilli

567 5107 748 5162 animi.
775 5106 1102 5176 Quamquam
1127 5122 1227 5162 nec
1255 5107 1317 5161 iis
1344 5107 1558 5176 quidem
1591 5115 1641 5161 te
1671 5109 1889 5163 omnino
1914 5121 2140 5162 vacuum

570 5197 798 5267 reliquit.
839 5197 971 5264 Quia
999 5198 1141 5250 enim
1169 5212 1263 5252 eos
1288 5199 1381 5267 qui
1411 5209 1571 5252 carne
1610 5198 1738 5252 tecti
1772 5209 1925 5252 erant
1951 5241 1964 5263 ,
1995 5209 2048 5253 et
2086 5199 2140 5252 in

568 5302 792 5357 corpore
817 5289 1197 5356 versabantur,
1241 5305 1308 5344 ne
1339 5290 1403 5343 iis
1429 5291 1640 5360 quidem
1674 5291 1884 5360 penitus
1913 5293 2144 5361 privatos

569 5395 690 5434 esse
717 5380 1013 5449 oportebat,
1046 5379 1161 5434 haec
1185 5396 1394 5450 quoque
1418 5381 1568 5435 nobis
1595 5381 1791 5435 aﬂatim
1822 5383 2140 5452 suppeditat.

570 5473 635 5525 Et
672 5470 792 5524 ideo
834 5471 1086 5540 propheta
1133 5487 1252 5525 cum
1279 5473 1438 5526 altam
1470 5472 1613 5526 iliam
1643 5483 1698 5526 et
1725 5473 2144 5542 pbilosophicam

565 5562 913 5631 providentia:
960 5564 1192 5632 speciem
1237 5564 1524 5633 agitasset,
1567 5572 1624 5618 et
1660 5563 1878 5618 dixisset
1907 5581 1920 5618 :
1949 5561 2144 5616 Dedisti

571 5654 800 5706 lcetitiam
827 5653 878 5707 in
907 5654 1060 5708 corde
1081 5670 1210 5720 meo,
1236 5654 1506 5724 subjungit
1531 5673 1542 5708 :
1572 5655 1624 5708 8.
1655 5655 1699 5707 Α
1716 5658 1883 5724 fructu
1909 5653 2148 5721 frumenti

573 5755 618 5800 et
643 5745 763 5812 vini,
795 5754 840 5799 et
865 5746 960 5799 olei
985 5745 1062 5800 sui
1091 5744 1387 5800 muliolzcati
1414 5753 1548 5797 sunt.
1576 5744 1687 5803 Hoc
1715 5753 1890 5800 autem
1921 5757 2041 5799 cum
2063 5743 2143 5799 oi-

2187 460 2277 525 cit,
2305 475 2410 513 non
2439 475 2656 531 parvam
2686 461 2848 529 tangit
2881 470 3087 529 partem
3111 459 3227 529 ejus
3257 457 3620 528 providentiae,
3645 473 3768 529 quae

2188 551 2426 606 cernitur
2473 553 2526 605 in
2566 553 2632 607 iis
2669 569 2785 622 qua:
2828 552 2928 606 sub
2975 560 3250 620 aspectum
3289 549 3504 604 cadunt.
3545 549 3771 615 Quando

2191 642 2334 697 enim
2357 643 2485 697 dicit
2513 645 2832 698 frumentum
2858 684 2874 707 ,
2916 643 3126 706 vinum,
3157 651 3208 696 et
3241 641 3445 703 oleum,
3479 654 3773 708 eorumque

2193 737 2397 805 copiam
2420 777 2434 802 ,
2463 736 2591 790 dicit
2610 745 2664 791 et
2693 735 2920 804 pluviam
2945 777 2961 799 ,
2990 742 3362 803 tempestatum
3397 733 3596 788 bonum
3625 730 3771 785 ordi-

2195 842 2340 894 nem,
2375 837 2532 882 terra“:
2557 838 2894 896 conceptum,
2928 837 3136 896 partum
3166 835 3218 879 et
3239 825 3405 879 fetum
3426 865 3440 886 ,
3468 839 3646 878 aerem
3673 822 3776 876 dif-

2197 917 2374 973 fusum
2399 960 2414 983 ,
2446 920 2576 974 solis
2613 934 2846 983 cursum,
2881 919 3017 973 lunae
3044 917 3274 972 ambitus
3299 959 3313 983 ,
3343 917 3618 972 stellarum
3648 915 3778 970 cho-

2199 1025 2366 1072 ream,
2379 1016 2645 1073 aestatem,
2664 1012 2932 1082 hyemem,
2947 1018 3280 1074 autumnum,
3294 1024 3406 1076 ver,
3435 1008 3545 1079 agri
3564 1007 3777 1062 colendi

2199 1114 2369 1157 artem
2395 1143 2409 1168 ,
2437 1113 2490 1157 et
2531 1104 3002 1158 instrumentorum
3043 1102 3380 1157 commodum
3402 1142 3417 1166 ,
3444 1100 3778 1165 aliarumque

2201 1197 2393 1250 artium
2420 1212 2663 1251 examen.
2697 1195 2807 1250 Nisi
2834 1195 2950 1250 haec
2975 1195 3116 1250 enim
3143 1195 3319 1248 omnia
3360 1194 3728 1248 concurrerint
3759 1232 3776 1254 ,

2204 1287 2319 1344 ﬁeri
2346 1305 2448 1344 non
2478 1296 2656 1360 potest
2684 1296 2740 1342 ut
2764 1286 2966 1342 fructus
2988 1287 3326 1357 perficiantur
3345 1325 3359 1346 .
3385 1293 3440 1339 et
3463 1283 3528 1338 ad
3555 1283 3781 1337 maturi-

2204 1390 2366 1437 tatem
2395 1378 2725 1450 perveniant.
2756 1376 2981 1444 Quando
3007 1391 3134 1446 ergo
3162 1375 3292 1429 dicit
3322 1373 3645 1430 frumentum
3667 1413 3684 1433 ,
3706 1372 3784 1426 vi-

2206 1488 2331 1529 num
2357 1481 2411 1526 et
2437 1471 2634 1533 oleum,
2654 1469 2745 1524 dat
2765 1468 2990 1539 sapienti
3009 1467 3344 1522 occasionem
3363 1481 3428 1519 ex
3452 1473 3601 1534 parte
3614 1472 3782 1518 toturn

2208 1563 2572 1632 intelligendi,
2598 1571 2787 1631 aperto
2817 1559 2948 1614 mari
2975 1559 3068 1614 Dei
3098 1558 3446 1628 providentiae
3470 1572 3589 1627 qua:
3617 1572 3785 1626 appa-

2207 1663 2291 1710 ret
2321 1655 2370 1707 in
2401 1653 2741 1707 sensibilibus
2769 1652 2808 1703 ¹.

2285 1747 2372 1800 Η.
2416 1744 2675 1812 Quocirca
2703 1743 2861 1798 etiam
2893 1741 3088 1796 Paulus
3126 1740 3318 1796 alicubi
3361 1739 3701 1796 coneionans.
3735 1746 3793 1791 et

2211 1837 2278 1893 de
2304 1838 2418 1906 ejus
2463 1835 2791 1905 providentia
2835 1833 3124 1898 disserens,
3159 1831 3281 1887 hinc
3317 1831 3478 1884 verba
3507 1829 3677 1883 facere
3701 1842 3794 1896 ag-

2212 1929 2470 1999 greditur,
2500 1926 2682 1980 dicens
2712 1943 2724 1979 :
2758 1924 2857 1988 Qui
2894 1924 2982 1976 dat
3009 1923 3225 1994 pluvias,
3255 1931 3302 1975 et
3343 1930 3567 1990 tempora
3613 1919 3792 1989 fructi-

2214 2023 2339 2092 fera,
2371 2019 2456 2089 qui
2485 2016 2656 2088 implet
2682 2016 2983 2070 nutrimento
3008 2024 3052 2068 et
3082 2014 3257 2068 ltetitia
3280 2013 3432 2066 corda
3458 2022 3629 2064 nostra
3655 2011 3792 2077 (Act.

2217 2113 2302 2168 Μ.
2337 2110 2448 2183 17).
2496 2109 2756 2176 Quoniam
2802 2118 2978 2162 autem
3026 2106 3285 2176 prepheta
3336 2103 3466 2174 fugit
3510 2118 3628 2172 quae
3673 2110 3798 2154 sunt

2215 2215 2631 2273 Supervacanea,
2660 2198 3031 2270 praetermissis
3059 2197 3180 2252 aliis
3207 2195 3472 2257 omnibus,
3501 2193 3795 2256 fructibus,

2215 2293 2416 2358 baccis,
2465 2291 2753 2363 generibus
2797 2289 3114 2360 plantarum,
3168 2285 3451 2357 generibus
3495 2283 3795 2346 seminmn,

2218 2385 2507 2457 generibus
2529 2384 2836 2446 herbarum,
2868 2389 3158 2452 pratorum,
3181 2379 3393 2444 ﬂorum,
3424 2377 3719 2437 hortorum,
3745 2383 3801 2430 et

2217 2490 2564 2546 qumcumque
2593 2481 2718 2528 sunt
2744 2473 2846 2528 alia
2873 2489 2887 2526 ε
2920 2486 2983 2528 ea
3021 2471 3171 2541 ponit
3211 2485 3329 2540 quae
3357 2477 3479 2523 sunt
3505 2481 3802 2535 congruen-

2223 2568 2314 2634 tia,
2359 2575 2413 2622 et
2441 2567 2504 2620 ad
2533 2567 2692 2620 vitam
2725 2573 2959 2620 nostram
3000 2562 3320 2624 necessaria,
3348 2576 3412 2615 ex
3437 2560 3522 2613 his
3549 2559 3634 2612 illa
3666 2571 3802 2626 quo-

2221 2675 2324 2728 que
2347 2658 2626 2713 manifesta
2645 2657 2862 2712 faciens.
2887 2657 3016 2724 Quae
3033 2670 3138 2710 non
3167 2663 3368 2709 tantum
3391 2652 3481 2706 dat
3506 2650 3680 2716 nobis,
3709 2650 3804 2704 sed

2224 2769 2343 2809 cum
2376 2767 2563 2822 magna
2591 2752 2763 2821 copia,
2786 2759 2842 2805 et
2867 2749 3089 2818 singulis
3108 2747 3282 2802 annis.
3312 2744 3463 2812 Quod
3490 2744 3533 2798 si
3561 2759 3623 2798 ea
3644 2744 3803 2797 etiam

2223 2842 2538 2913 quandoque
2583 2840 2866 2902 contrahit,
2911 2846 2966 2894 et
3011 2837 3102 2893 dat
3151 2836 3381 2907 parcius,
3415 2836 3466 2889 in
3499 2848 3808 2903 eoquoque

2225 2934 2461 2990 ostendit
2507 2949 2655 2987 suam
2700 2930 3124 3002 providentiam,
3175 2928 3461 2982 multorum
3508 2925 3810 2978 socordiam

2226 3028 2482 3088 excitans,
2512 3034 2566 3078 et
2589 3038 2681 3076 eos
2704 3023 2914 3090 erigens
2937 3018 3002 3073 ad
3033 3018 3147 3073 lucc
3172 3018 3310 3072 bona
3334 3015 3401 3072 ab
3423 3016 3535 3086 ipso
3561 3013 3807 3084 petenda.

2227 3117 2318 3173 Sin
2341 3125 2517 3171 autem
2549 3114 2727 3169 dicant
2755 3113 2935 3182 aliqui,
2966 3127 3074 3166 non
3118 3124 3237 3164 esse
3264 3109 3357 3163 Dei
3385 3108 3508 3162 dare
3535 3106 3762 3176 pluviam
3789 3145 3812 3171 ,

2229 3208 2323 3263 sed
2353 3207 2612 3262 idolorum
2643 3221 2658 3259 :
2690 3219 2782 3259 eos
2826 3205 3211 3271 interrogemus
3250 3199 3511 3256 undenam
3557 3197 3657 3252 hoc
3677 3212 3813 3251 con-

2230 3299 2430 3355 stabit?
2458 3298 2589 3364 Quia
2632 3305 2824 3368 poetze,
2873 3294 3136 3363 inquiunt,
3186 3290 3436 3346 dixerunt
3479 3288 3663 3344 Jovem
3691 3301 3816 3341 esse

2231 3391 2318 3460 qui
2347 3389 2477 3460 pluit
2500 3391 2545 3442 ³.
2577 3387 2683 3444 Sed
2711 3386 2786 3440 illi
2809 3386 2904 3454 ipsi
2925 3384 3174 3438 dixerunt
3210 3397 3333 3436 eum
3354 3395 3473 3435 esse
3490 3379 3814 3441 adulterum,

2233 3481 2559 3552 pazdiconem
2581 3521 2596 3544 ,
2626 3478 2939 3548 parricidam
2962 3517 2978 3543 ,
3010 3474 3111 3528 alia
3136 3487 3346 3544 quoque
3373 3488 3478 3527 non
3505 3470 3709 3525 minora
3731 3470 3818 3522 his

2235 3571 2458 3625 crimina
2486 3570 2559 3624 illi
2583 3567 2965 3622 adscribentes.
2997 3567 3067 3620 At
3087 3579 3192 3619 non
3218 3570 3359 3627 sunt,
3385 3561 3643 3631 inquiunt,
3667 3575 3816 3614 vera.

2235 3665 2378 3735 Ergo
2403 3679 2501 3718 nec
2529 3661 2670 3733 quod
2703 3661 2867 3730 pluat.
2897 3660 2950 3714 Si
2980 3657 3082 3713 hoc
3105 3657 3247 3712 enim
3274 3654 3529 3720 admittis,
3571 3653 3657 3707 illa
3686 3667 3820 3722 quo-

2234 3773 2338 3828 que
2379 3756 2658 3811 admittere
2703 3767 2922 3809 necesse
2964 3761 3046 3806 est
3078 3769 3091 3803 :
3119 3750 3201 3805 sin
3247 3749 3334 3802 illa
3381 3747 3575 3818 rejicis,
3621 3754 3676 3799 et
3717 3744 3819 3798 hoc

2237 3864 2447 3920 quoque
2493 3863 2613 3903 cum
2663 3847 2785 3900 illis.
2832 3845 2938 3899 Nos
2981 3844 3124 3899 enim
3173 3843 3606 3913 quotiescumque
3654 3848 3820 3894 testes

2237 3942 2538 4012 pra-bemus
2582 3939 2674 3993 Dei
2722 3938 2991 4007 potentia,
3035 3949 3381 4006 quacumque
3424 3932 3491 3987 ab
3528 3933 3605 3987 eis
3634 3932 3700 3985 de
3730 3931 3824 3984 illo

2241 4031 2510 4095 dicuntur,
2539 4029 2875 4097 suscipimus.
2906 4027 3135 4081 Necesse
3176 4033 3258 4079 est
3297 4038 3425 4092 ergo
3453 4032 3503 4077 te
3538 4021 3825 4077 admittere

2239 4122 2385 4176 illum
2425 4135 2639 4192 quoque
2665 4133 2786 4174 esse
2826 4117 3144 4182 adulterum,
3178 4125 3230 4170 et
3261 4115 3460 4184 reliqua
3499 4115 3672 4168 ottutia
3699 4127 3824 4182 quas

2241 4213 2308 4268 de
2336 4213 2452 4282 ipso
2497 4212 2564 4266 ab
2607 4211 2710 4265 illis
2753 4209 3017 4273 dicuntur,
3064 4216 3118 4265 et
3160 4207 3283 4262 inde
3323 4206 3530 4261 discere
3559 4205 3822 4276 ejusmodi

2240 4302 2464 4358 crimina
2493 4317 2612 4356 esse
2657 4301 2813 4371 longe
2835 4317 2863 4351 a
2890 4299 3068 4354 divina
3113 4306 3373 4367 potestate
3399 4306 3622 4361 remota,
3651 4305 3702 4349 et
3729 4295 3823 4364 qui

2243 4399 2366 4453 talis
2390 4407 2473 4452 est
2515 4409 2846 4466 nequaquam
2885 4409 3008 4449 esse
3034 4391 3214 4447 deum.
3245 4391 3346 4446 Sed
3378 4389 3554 4444 fabula
3584 4390 3694 4458 ipsa
3721 4388 3822 4442 sibi

2241 4497 2521 4558 repugnat,
2550 4498 2604 4542 et
2629 4485 2958 4540 mendacium
2985 4499 3014 4536 a
3037 4482 3212 4552 seipse
3239 4480 3586 4543 convincitur,
3614 4479 3825 4532 etiamsi

2244 4581 2424 4634 nolitis
2455 4579 2555 4633 hoc
2585 4576 2885 4639 admittere,
2917 4585 2970 4630 et
2996 4583 3179 4644 poetas
3225 4585 3439 4641 prorsus
3479 4570 3642 4640 ejicit.
3670 4568 3829 4636 Quod

2243 4682 2418 4726 autem
2447 4672 2554 4726 illis
2579 4669 2763 4740 ejectis
2791 4668 2968 4723 omnia
2999 4678 3171 4719 vestra
3197 4667 3302 4718 sint
3330 4663 3584 4732 peritura,
3621 4661 3826 4715 clarum

2243 4776 2345 4818 est.
2394 4763 2634 4833 Ipsorum
2685 4761 2827 4816 enim
2857 4759 3072 4812 nomina
3122 4758 3436 4808 invenerunt
3475 4752 3547 4805 illi
3575 4761 3629 4805 et
3657 4751 3830 4818 impo-

2245 4864 2485 4923 suerunt,
2519 4854 2658 4926 quod
2681 4854 2842 4908 etiam
2870 4867 2936 4906 ex
2963 4850 3152 4904 vestris
3181 4846 3394 4918 quidam
3427 4846 3557 4900 dixit
3586 4844 3829 4915 philoso—

2309 5016 2326 5046 ι
2361 5020 2499 5076 Res.
2521 5023 2585 5062 ex
2607 5015 2744 5072 parte
2767 5013 2913 5076 totum
2927 5001 3340 5076 ευυξηιεηξθεηάίτ.
3353 5008 3540 5076 parte"
3559 4999 3691 5076 ξοδδ
3710 5012 3831 5076 ρρςε

2245 5074 2392 5137 νέομεν
2416 5062 2513 5135 iuit
2533 5062 2765 5137 possimus
2783 5070 2872 5120 Dei
2896 5062 3243 5133 providentiam
3254 5062 3413 5123 adire,
3435 5064 3488 5113 in
3511 5062 3653 5112 rebus
3673 5062 3828 5114 mi.

2250 5135 2422 5187 uitibus
2442 5135 2768 5187 apparentem.

2311 5150 2422 5187 Imus
2442 5150 2768 5199 apparentem.
3619 5190 3628 5198 ‘

2311 5197 2330 5227 ²
2364 5197 2416 5247 lu
2437 5198 2568 5247 hunc
2590 5197 2746 5244 locum
2767 5191 2987 5244 Savilium
3010 5189 3286 5253 audiamus:
3315 5201 3332 5234 ε
3353 5187 3596 5253 Homerus
3609 5192 3826 5253 osum};

2249 5266 2290 5311 in
2309 5245 2420 5321 rei};
2552 5245 2764 5321 item“:
2779 5269 2874 5321 per
2899 5261 3082 5321 noctem
3102 5250 3423 5321 ﬁdesinauer
3459 5245 3669 5321 plumam
3698 5245 3832 5321 [nisu

2249 5311 2454 5384 Jupu'er.
2480 5311 2877 5384 Theocri'i._'ld'yll.
2910 5315 2942 5364 4
2972 5329 2983 5364 :
3020 5325 3100 5372 ut;
3129 5319 3271 5384 φωρ
3301 5327 3366 5384 tu»
3385 5322 3484 5359 eo...
3504 5315 3832 5384 9,5,9“,

2251 5367 2756 5442 ξ’ξζξξιιὶρίἷεξέτηοάο
2791 5367 3003 5434 serenus,
3031 5367 3172 5424 modo
3188 5367 3543 5442 pluviqmgest.
3567 5367 3826 5442 Theogng;

2357 5429 2470 5492 ζεσζξ
2493 5429 2664 5506 ita...
2687 5451 2844 5491 οιτιευν
2861 5429 3024 5506 austri,
3047 5446 3123 5506 ..ιδ’
3144 5429 3291 5506 etim,
3314 5429 3831 5506 Jupitcrgwgpltgfqp

2250 5489 2807 5559 iiihéiis"néc"féiinén's;
2836 5489 3051 5550 omnibus
3085 5489 3348 5559 hominibus
3370 5489 3542 5559 placet.
3567 5489 3668 5559 tam
3690 5489 3828 5546 illud,

2252 5554 2542 5619 adulterum,
2567 5554 2936 5624 intelligendum
2956 5559 3122 5625 estde
3146 5554 3388 5625 Alcmena,
3408 5554 3562 5625 Leda,
3581 5558 3677 5625 etc.
3691 5564 3709 5625 _;
3734 5563 3834 5625 pat-

2254 5626 2488 5684 diconem,
2525 5618 2590 5676 de
2634 5618 2908 5686 Ganymede
2938 5618 3146 5680 dictum;
3168 5618 3489 5686 parricidam,
3532 5618 3597 5686 de
3632 5622 3836 5686 satur-no

2259 5675 2415 5748 regno
2437 5675 2649 5750 spoliato,
2663 5675 2680 5736 εὴ
2697 5677 2835 5750 quod
2848 5693 3010 5733 tamen
3055 5675 3358 5750 parricidium
3401 5678 3593 5750 proprie
3625 5675 3720 5724 dici.
3746 5688 3836 5723 tle-

2261 5739 2410 5810 (δαΐξαι
2429 5765 2443 5811 ;
2593 5739 2748 5802 omnia
2773 5746 2940 5796 Alieno
2963 5739 3126 5794 nostro
3143 5749 3308 5792 notata
3331 5739 3626 5790 doctissime.
3649 5753 3672 5783 ι
