4040 6342
199 491 267 548 55
1362 493 1729 551 EXPOSI'HO
1768 491 1838 548 ΙΝ
1878 493 2210 553 PSALMUM
2241 496 2329 552 IV.
3379 490 3450 545 BG

200 609 413 670 δεικνὺς
443 610 526 663 ὅτι
552 608 653 663 οὐκ
679 609 737 663 ὲν
767 610 880 673 τοῖς
905 606 1104 673 ἔξωθεν
1135 609 1168 680 ἡ
1207 609 1532 681 εὐφροσύνη,
1563 607 1687 662 οὔτε
1715 609 1774 661 ἐν

201 692 572 762 ἀνδραπόδοις,
620 691 744 746 οὐτε
793 694 850 744 ὲν
887 690 1071 763 χρυσῷ
1127 694 1221 745 καὶ
1267 691 1512 763 ἀργύρῳ,
1565 693 1665 745 οὐκ
1718 693 1778 743 ὲν

202 771 463 844 ἱματίοις,
507 775 608 827 οὐκ
645 777 702 826 έν
738 773 984 843 τραπέζῃ
1030 773 1332 846 πληθούσῃ,
1373 775 1495 827 οὐτε
1539 775 1596 826 ὲν
1621 774 1778 826 δυνα-

203 858 388 922 στείας
429 858 666 928 μεγέθει,
707 856 832 910 οὔτε
876 860 933 910 ὲν
963 857 1138 920 οἰκίας
1177 857 1379 928 μέτρῳ.
1413 857 1560 926 Αὕτη
1611 856 1716 926 γὰρ
1741 858 1776 925 ἡ

204 939 511 1010 εὐφροσύνη
537 941 598 993 οὐ
626 939 872 1010 καρδίας,
893 939 1005 992 ἀλλ’
1038 939 1331 1009 ὀφθαλμῶν
1359 941 1556 1009 μόνων.
1586 937 1776 992 Πολλοί

202 1023 334 1090 γοῦν
364 1024 471 1076 τῶν
499 1021 670 1075 ταῦτα
714 1021 1064 1092 κεκτημένων
1097 1021 1326 1074 ἀϐίωτον
1357 1021 1446 1076 τὸν
1485 1021 1600 1091 βίον
1636 1017 1775 1073 εἶναι

202 1106 500 1174 νομίζουσι,
532 1106 626 1158 καὶ
653 1105 878 1173 κάμινον
906 1103 1142 1174 ἀθυμίας
1171 1106 1229 1157 ὲν
1271 1107 1335 1174 τῇ
1361 1103 1508 1174 ψυχῇ
1549 1102 1777 1174 περιφέ-

208 1206 413 1260 ρουσιν,
446 1189 549 1240 ὑπὸ
571 1189 665 1240 τοῦ
701 1189 935 1259 πλήθους
960 1187 1069 1240 τῶν
1106 1187 1398 1258 φροντίδων
1431 1186 1777 1258 περιαντλού-

210 1289 381 1341 μενοι,
427 1272 522 1324 καί
561 1275 676 1334 τοῖς
724 1271 969 1342 συνεχέσι
1025 1272 1331 1341 πιεζόμενοι
1374 1271 1578 1340 φόϐοις.
1639 1269 1775 1322 Ἀλλ’

208 1356 354 1424 ἐμοὶ,
382 1357 565 1425 φησὶν,
599 1356 695 1408 οὐκ
725 1357 782 1408 ὲν
810 1356 1018 1416 τούτοις
1051 1357 1084 1426 ἡ
1125 1354 1446 1424 εὐφροσύνη,
1480 1353 1592 1406 ἀλλ’
1628 1355 1684 1405 ἐν
1709 1354 1774 1422 τῇ

208 1439 407 1508 καρδία
435 1442 501 1509 τῇ
536 1440 715 1508 νοερᾷ,
747 1439 804 1492 ὲν
829 1441 898 1510 τῇ
935 1439 1140 1509 διανοίᾳ
1168 1440 1233 1508 τῇ
1265 1437 1558 1508 ἀσωμάτῳ,
1593 1437 1686 1489 καί
1708 1436 1777 1488 τά

207 1521 475 1590 ἀσώματα
506 1521 905 1593 φανταζομένῃ.
940 1522 1101 1574 Ὥστε
1144 1523 1191 1575 εἰ
1222 1521 1288 1574 τά
1322 1521 1563 1592 παρόντα
1595 1537 1652 1571 σε
1682 1521 1775 1571 εὐ-

208 1604 450 1672 φραίνει,
479 1605 571 1656 καὶ
591 1604 696 1656 ἀπὸ
719 1603 925 1657 τούτων
951 1605 1051 1675 τὴν
1087 1603 1339 1674 πρόνοιαν
1368 1603 1655 1673 μανθάνεις
1683 1600 1774 1653 τοῦ

206 1687 343 1738 Θεοῦ
374 1699 400 1726 ι
419 1703 432 1715 ·
481 1686 657 1755 πολλῷ
705 1685 902 1756 μᾶλλον
949 1686 1056 1739 ἀπὸ
1098 1687 1207 1740 τῶν
1261 1686 1562 1757 μελλόντων
1611 1700 1778 1737 κατα-

209 1771 468 1839 μάνθανε,
499 1770 608 1839 ὅσῳ
645 1771 738 1822 καὶ
781 1769 990 1838 ἀμείνω
1027 1772 1228 1830 ὲκεῖνα,
1268 1771 1362 1824 καί
1411 1767 1773 1840 μονιμώτερα,

207 1853 302 1905 καὶ
339 1853 697 1923 ἀναφαίρετα.
735 1851 798 1904 Εἰ
824 1851 931 1920 γὰρ
970 1851 1030 1905 τὸ
1077 1853 1135 1904 ὲν
1171 1851 1382 1922 πλούτῳ
1421 1869 1480 1904 σε
1521 1847 1776 1904 εἶναικαὶ

205 1935 479 2006 εὐημερίᾳ
512 1934 683 1988 πείθει
714 1930 852 1988 εἶναι
872 1935 965 1987 τοῦ
995 1935 1130 1988 Θεοῦ
1156 1937 1253 2006 τὴν
1276 1937 1560 2007 πρόνοιανο
1600 1933 1776 2004 πολλῷ

208 2018 409 2088 μᾶλλον
432 2018 490 2070 τὸ
517 2019 572 2069 ὲν
593 2017 805 2087 οὐρανῷ
836 2017 1081 2071 πλουτεῖν
1111 2019 1190 2081 εἰς
1217 2019 1418 2087 ταύτην
1451 2035 1510 2071 σε
1539 2017 1777 2085 έναγέτω

203 2103 303 2171 τὴν
340 2099 533 2154 πειθώ.
566 2101 630 2152 Εἰ
666 2101 722 2153 δὲ
755 2101 954 2170 λέγοις,
981 2098 1092 2154 Καὶ
1124 2100 1266 2164 τίνος
1298 2103 1481 2154 ἕνεκεν
1509 2103 1565 2154 ὲν
1600 2100 1777 2153 ὲλπίσι

203 2183 380 2236 ταῦτα
429 2183 714 2236 ἀπόκειται
744 2182 770 2221 δ
799 2184 892 2236 καί
927 2183 1074 2236 ἔστιν
1124 2185 1343 2252 ἀφανῆ;
1389 2185 1564 2236 έκεῖνο
1611 2183 1674 2235 ἀν
1705 2181 1779 2234 εῖ-

207 2285 390 2336 ποιμι,
423 2267 504 2319 ὅτι
542 2267 772 2337 μάλιστα
802 2267 898 2336 μὲν
930 2270 1090 2338 ἡμεῖς
1119 2269 1166 2320 οἰ
1197 2269 1376 2320 πιστοί
1404 2267 1509 2320 τῶν
1531 2265 1778 2336 φανερῶν

203 2350 413 2402 τούτων
445 2349 796 2420 φανερώτερα
846 2345 984 2404 εἰναι
1023 2351 1316 2421 νομίζομεν
1362 2351 1430 2403 τά
1472 2352 1530 2403 έν
1565 2351 1778 2402 ἐλπίσι·

202 2433 431 2499 τοιαύτη
459 2433 569 2504 γὰρ
588 2433 688 2504 τῆς
716 2434 951 2495 πίστεως
975 2436 1006 2505 ἡ
1035 2433 1397 2505 πληροφορία.
1429 2436 1490 2487 El
1519 2434 1575 2487 δὲ
1603 2433 1780 2502 λέγοις

206 2517 389 2574 πάλιν,
414 2514 564 2578 Τίνος
593 2515 776 2568 ἕνεκεν
802 2515 1033 2569 ἐνταῦθα
1066 2517 1166 2570 οὐκ
1201 2517 1654 2588 ἀπολαμβάνομεν
1685 2516 1781 2579 τὰς

205 2599 476 2670 ἀμοιϐάς;
528 2601 702 2652 ἐκεῖνο
749 2599 816 2653 ἂν
861 2600 1092 2668 εἴποιμι,
1137 2600 1217 2653 ὅτι
1265 2594 1424 2664 οὗτος
1471 2601 1570 2671 μὲν
1615 2604 1643 2657 6
1675 2600 1782 2653 τῶν

208 2685 550 2753 σκαμμάτων
588 2683 778 2751 καιρὸς
805 2683 899 2734 κα)⁸
926 2682 1032 2736 τῶν
1069 2682 1318 2751 ἀγώνων,
1347 2686 1553 2747 ἐκεῖνος
1585 2683 1641 2738 δὲ
1672 2685 1784 2738 τῶν

207 2771 489 2834 στεφάνων
521 2768 614 2821 καὶ
658 2767 765 2819 τῶν
797 2767 1082 2838 βραϐείων.
1115 2768 1222 2821 Καὶ
1255 2767 1413 2822 τοῦτο
1449 2768 1506 2821 δὲ
1551 2771 1648 2838 τῆς
1689 2769 1781 2821 τοῦ

205 2853 339 2905 Θεοῦ
376 2851 699 2921 κηδεμονίας
745 2850 905 2921 ἔργον
937 2851 1172 2919 ἐγένετο,
1203 2851 1263 2903 τὸ
1299 2852 1428 2914 τοὺς
1463 2851 1559 2922 μὲν
1591 2852 1784 2914 πόνους

204 2936 300 2988 καὶ
330 2935 456 2996 τοὺς
486 2934 716 3004 ἱδρῶτας
736 2933 812 3002 τῷ
843 2932 1034 3005 βραχεῖ
1063 2933 1236 3005 τούτῳ
1268 2933 1361 2988 καὶ
1385 2935 1633 3005 ὲπικήρῳ
1664 2951 1786 3003 συγ-

205 3018 488 3089 κληρῶσαι
515 3017 633 3085 βίῳ,
659 3016 726 3068 τά
763 3016 819 3070 δὲ
849 3017 1075 3088 βραϐεἴα
1104 3019 1198 3071 καὶ
1226 3019 1351 3081 τοὺς
1391 3019 1685 3086 στεφάνους
1709 3018 1784 3089 τῷ

203 3101 460 3172 ἀθανάτῳ
509 3101 605 3152 καί
640 3101 832 3171 ἀγήρῳ
879 3103 1230 3171 παρεκτεῖναι
1270 3100 1446 3154 αἰῶνι.
1480 3101 1687 3165 Ἀλλως
1727 3102 1784 3155 δὲ

202 3187 300 3238 καὶ
327 3185 494 3255 ἡνίκα
532 3184 628 3252 μὲν
669 3183 1050 3255 ἀσθενέστερον
1082 3186 1130 3237 οἰ
1159 3184 1342 3237 πολλοί
1384 3183 1664 3250 διέκειντο,
1693 3186 1786 3239 καὶ

201 3271 275 3323 τὰ
310 3266 545 3338 αἰσθητά
581 3269 750 3321 ταῦτα
787 3267 981 3320 ἔδωκεν
1029 3269 1211 3331 αὐτοῖς
1263 3267 1461 3336 ἀγαθά.
1502 3268 1624 3321 Τῶν
1655 3268 1785 3336 γοῦν

215 3352 488 3408 Ἰουδαίων
513 3351 606 3404 τὸν
637 3351 806 3420 δῆμον
827 3350 914 3404 διὰ
942 3350 1200 3419 τοιαύτης
1223 3346 1327 3421 ἦγε
1357 3351 1648 3414 πολιτείας.
1678 3352 1787 3405 Καὶ

202 3436 313 3507 γὰρ
342 3433 580 3496 πλοῦτος
608 3434 789 3494 αὐτοῖς
818 3432 1062 3504 ἐπέρρει,
1092 3434 1185 3485 καί
1217 3433 1353 3502 πρὸς
1384 3434 1558 3504 γῆρας
1586 3434 1787 3498 ἐξετεξ-

202 3535 324 3573 νετο
357 3519 394 3586 ἡ
430 3514 567 3586 ζωὴ,
601 3516 696 3568 καὶ
728 3515 837 3569 πᾶν
861 3515 1072 3585 νόσημα
1107 3514 1350 3568 ἐκποδὼν
1375 3510 1471 3586 ἦν’
1505 3516 1596 3568 καί
1630 3517 1788 3570 πολε·-

207 3603 347 3672 μίων
389 3600 690 3670 ἀναίρεσις,
719 3599 812 3652 καὶ
839 3599 1027 3668 εἰρήνη
1053 3599 1263 3667 βαθεῖα,
1299 3599 1394 3651 καὶ
1427 3598 1658 3668 τρόπαια
1692 3601 1787 3652 καὶ

205 3687 374 3746 νῖκαι,
415 3682 514 3734 καὶ
549 3680 802 3734 εὐπαιδία
850 3681 943 3733 καί
985 3679 1309 3733 πολυπαιδία
1342 3681 1677 3749 πειθομένοις
1709 3680 1787 3751 τῷ

202 3767 344 3835 Θεῷ,
386 3767 482 3818 καὶ
511 3765 687 3817 πάντα
717 3764 784 3816 τὰ
804 3761 1024 3816 τοιαῦτα
1042 3763 1281 3832 προσῆν.
1319 3760 1532 3830 Ἐπειδὴ
1560 3762 1613 3814 δὲ
1646 3779 1787 3823 παρ-

205 3851 428 3917 εγένετο
453 3849 482 3899 6
509 3845 712 3916 Κύριος
753 3845 910 3916 ἡμῶν
945 3844 1151 3915 Ἰησοῦς
1195 3845 1446 3914 Χριστὸς,
1482 3847 1560 3908 εἰς
1585 3845 1675 3897 τὸν
1701 3845 1788 3898 οὐ-

208 3933 368 4004 ρανὸν
395 3931 542 4000 ἡμᾶς
568 3929 766 3991 καλῶν,
792 3928 883 3980 καί
910 3927 1014 3980 τῶν
1040 3927 1271 3980 ἐνταῦθα
1295 3929 1494 3981 πείθων
1523 3945 1791 3998 καταφρο-

203 4017 336 4074 νεῖν,
390 4014 487 4064 καὶ
539 4011 632 4062 τὸν
677 4011 900 4063 ἐκείνων
946 4009 1124 4075 ἔρωτα
1172 4009 1648 4079 ὲναποτιθέμενος,
1693 4009 1789 4063 καὶ

203 4096 525 4164 ἀποσχίζων
552 4095 701 4164 ἡμᾶς
742 4092 850 4145 τῶν
884 4093 1184 4162 βιωτικῶν⁸
1220 4091 1332 4165 [23]
1365 4096 1588 4157 εἰκότως
1617 4095 1788 4147 ταῦτα

203 4182 586 4239 συνέσταλται,
618 4181 673 4228 ἐν
695 4179 751 4230 δὲ
779 4178 1006 4239 ἐκείνοις
1030 4178 1174 4240 ἅπας
1203 4180 1231 4230 6
1275 4177 1521 4242 πλοῦτος,
1558 4177 1654 4230 ἅτε
1697 4195 1789 4230 τεο

205 4264 368 4316 λείων
399 4266 432 4332 ἡ
441 4263 560 4332 μῶν
589 4262 911 4330 γενομένων.
959 4262 1110 4313 Ἑπεί
1147 4261 1240 4312 καὶ
1268 4261 1360 4312 ἐπὶ
1401 4261 1507 4313 τῶν
1541 4261 1786 4322 παιδίων,

204 4349 314 4410 τοῖς
340 4346 445 4414 μὲν
475 4346 815 4414 μικροτέροις
841 4342 919 4394 ἔτι
945 4343 1165 4396 τοιαῦτα
1189 4344 1238 4396 οἰ
1263 4343 1497 4413 πατέρες
1523 4345 1790 4413 παρέχου-

208 4445 314 4498 σιν,
347 4428 678 4495 ὑποδήματα
716 4425 807 4477 καὶ
836 4425 1043 4494 ἱμάτια,
1075 4426 1170 4478 καί
1197 4425 1417 4496 χρυσία,
1447 4427 1540 4477 καὶ
1567 4425 1787 4493 ψέλλια⁹

206 4511 432 4562 ἐπειδὰν
463 4510 521 4561 δὲ
549 4506 845 4577 αὐξηθῶσι,
869 4508 1040 4560 ταῦτα
1075 4510 1362 4582 ἀφελόντες
1399 4509 1598 4572 αὐτῶν,
1627 4508 1791 4580 έτερα

211 4593 439 4662 μείζονα
464 4592 689 4653 διδόασι,
726 4588 821 4659 τὴν
849 4590 942 4642 ἐπὶ
965 4591 1057 4642 τοῦ
1094 4592 1335 4661 βήματος
1366 4602 1388 4629 ο
1421 4592 1787 4662 εὐδοκίμησιν,

208 4677 308 4747 τὴν
339 4679 399 4728 ὲν
437 4678 504 4745 τῇ
531 4675 680 4727 πόλει
709 4674 1086 4747 λαμπρότητα,
1115 4680 1213 4746 τὴν
1243 4679 1300 4729 ὲν
1342 4679 1460 4739 ταῖς
1491 4676 1790 4744 βασιλικαῖς

208 4763 404 4825 αὐλαῖς
433 4760 764 4830 παρρησίαν,
797 4762 968 4830 ἀρχὰς
991 4762 1082 4812 καί⁹
1115 4761 1448 4824 δυναστείας.
1475 4763 1654 4829 πάσης
1689 4762 1788 4813 αὐ-

207 4847 337 4907 τοὺς
359 4844 666 4909 ἀπάγοντες
692 4843 790 4910 τῆς
819 4844 1070 4913 παιδικῆς
1084 4844 1408 4914 φιλοτιμίας.
1431 4843 1584 4897 Οὐτω
1603 4845 1666 4915 δὴ
1697 4846 1790 4896 καὶ

210 4929 240 4980 6
265 4929 399 4988 Θεὸς
448 4927 673 4995 ἐποίησε
701 4945 712 4955 ·
737 4925 846 4976 τῶν
880 4928 1091 4996 μικρῶν
1133 4928 1357 4980 ἐκείνων
1389 4928 1479 4980 καὶ
1523 4926 1788 4980 παιδικῶν

213 5010 361 5078 ἡμᾶς
401 5008 652 5072 ἀπάγων,
699 5006 767 5060 τὰ
814 5007 919 5060 ἀπὸ
969 5009 1074 5060 τῶν
1115 5009 1358 5078 οὐρανῶν
1405 5009 1784 5080 ἐπηγγείλατο,

214 5092 424 5145 υύκοῦν
460 5091 534 5160 μὴ
561 5091 696 5158 πρὸς
724 5089 894 5142 ταῦτα
923 5092 1151 5162 έπτόησο
1181 5093 1247 5146 τά
1279 5092 1470 5161 ῥέοντα
1500 5093 1591 5145 καὶ
1616 5109 1790 5162 παρα-

213 5176 499 5242 τρέχοντα,
537 5173 669 5242 μηδὲ
705 5173 1047 5242 μικροψύχει.
1087 5174 1219 5226 Οὐδὲ
1249 5173 1449 5226 τούτων
1475 5176 1700 5246 ἄμοιρόν
1729 5193 1788 5228 σε

215 5257 446 5325 ἀφῆκεν.
493 5255 712 5324 Ἐπειδὴ
737 5255 842 5326 γάρ
875 5258 997 5319 τοὺς
1021 5257 1196 5325 σάρκα
1235 5257 1663 5328 περικειμένους,
1696 5259 1790 5309 καὶ

220 5339 430 5409 σώματι
478 5339 1014 5408 σνστρεφομένους,ά
1040 5340 1158 5392 οὐδὲ
1205 5339 1406 5392 τούτων
1451 5341 1605 5403 ἐκτὸς
1650 5337 1788 5394 εἶναι

221 5422 345 5484 ἔδει,
373 5423 469 5475 καί
494 5422 666 5474 ταῦτα
687 5421 958 5483 πλουσίως
984 5425 1115 5491 ἡμῖν
1144 5425 1388 5493 χορηγεῖ.
1415 5424 1513 5476 Διά
1545 5425 1607 5494 δὴ
1631 5423 1790 5477 τοῦτο

217 5505 309 5557 καὶ
343 5509 370 5558 6
391 5504 682 5577 Προφήτης
709 5505 934 5574 κινήσας
967 5508 1065 5577 τῆς
1099 5507 1351 5576 προνοίας
1377 5509 1549 5562 ἐκεῖνο
1568 5508 1627 5560 τὸ
1653 5506 1790 5572 εἱδος

283 5683 309 5745 _‘
336 5683 456 5745 Reg.
477 5685 566 5740 τήν
596 5681 823 5745 πρόνοιαν
848 5681 964 5745 εἶναι
987 5683 1142 5745 βούλει
1169 5683 1255 5732 τοῦ
1278 5683 1423 5734 Θεοῦ.

282 5743 310 5782 1³
337 5743 454 5805 Reg.
475 5746 558 5792 καὶ
582 5743 707 5798 τίνος
728 5745 885 5805 ἕνεκεν
909 5743 1022 5791 εἶναι
1043 5745 1194 5793 ἅπασι
1229 5746 1378 5794 ταῦτα
1403 5748 1668 5804 ἀπόκειται,
1702 5749 1784 5798 ubi

225 5804 500 5871 ᾱηιλεωι
511 5806 757 5871 a_quo_dan_|
770 5804 971 5853 librario
982 5819 1068 5866 pro
1086 5807 1133 5854 ἐν
1154 5807 1308 5856 ἐλπίσι
1325 5807 1559 5871 scriptum
1573 5811 1782 5861 videtur.

285 5870 306 5897 ε
331 5866 450 5927 Reg.
471 5868 548 5915 ἰπὶ
572 5866 662 5915 σοῦ
681 5868 919 5927 σώματος.

284 5927 311 5966 δ
333 5926 447 5979 με
467 5929 565 5979 alio
589 5927 782 5989 ordine,
807 5926 896 5977 sed
919 5927 1092 5978 eodem
1119 5943 1267 5982 sensu
1295 5930 1442 5982 effert
1467 5932 1667 5989 Regius.

1876 610 1934 662 τὸ
1963 609 2164 682 ὑψηλὸν
2194 613 2288 665 καὶ
2338 611 2645 680 φιλόσοφον,
2693 609 2787 662 καί
2828 605 3017 672 εἰπὼν,
3052 605 3318 670 Ἔδωκας
3350 607 3449 657 εὐ·-

1875 697 2192 761 φροσύνην
2216 699 2304 759 εἰς
2330 695 2445 763 τὴν
2472 693 2722 761 καρδίαν
2751 711 2890 762 μου,
2923 691 3117 760 ἐπάγει
3154 689 3444 751 καὶτοῦτο,

1875 776 2075 844 λέγων’
2114 779 2257 830 Ἀπὸ
2289 778 2518 846 καρποῦ
2535 777 2732 839 σίτου,
2763 776 2858 829 καί
2891 775 3082 838 οἴνου,
3113 773 3214 826 καί
3239 772 3447 826 ἐλαίου

1875 857 2074 911 αὐτῶν
2109 860 2595 927 ἐπλ-ηθύνθησαν.
2634 859 2803 912 Τοῦτο
2845 858 2901 910 δὲ
2935 857 3102 912 εἰπὼν
3137 857 3198 910 οὐ
3252 855 3447 926 μικρὸν

1879 942 2042 1012 μέρος
2073 945 2234 996 αὐτοῦ
2270 944 2369 1012 τῆς
2401 943 2654 1013 προνοίας
2676 941 2924 995 ἐντεῦθεν
2951 942 3110 1002 κινεῖ,
3141 939 3238 1008 τῆς
3268 938 3359 991 καὶ
3388 940 3448 991 ἐν

1875 1031 1984 1090 τοῖς
2018 1014 2321 1098 ὁρωμένοις
2342 1040 2363 1062 ⁸
2398 1027 2746 1097 φαινομένης.
2775 1027 2940 1080 Ὅταν
2963 1025 3069 1094 γάρ
3099 1025 3248 1096 είπῃ,
3280 1025 3446 1082 σῖτον,

1876 1111 1969 1164 καί
2007 1108 2164 1168 οἶνον.
2202 1114 2294 1165 καὶ
2331 1113 2529 1172 ὲλαιον,
2568 1111 2662 1164 καὶ
2693 1109 2790 1181 τήν
2828 1109 2886 1162 ὲν
2932 1108 3137 1170 τούτοις
3169 1105 3444 1174 ἀφθονίαν,

1876 1195 1970 1246 καὶ
1999 1195 2184 1258 ὑετοὺς
2207 1195 2376 1262 λέγει,
2422 1196 2514 1247 καὶ
2549 1194 2707 1265 ὡρῶν
2746 1191 3063 1263 εὐκρασίαν,
3097 1190 3189 1242 καί
3218 1187 3320 1256 γῆς
3349 1187 3446 1240 λαο

1876 1277 2056 1342 γόνας,
2101 1279 2193 1331 καὶ
2236 1279 2446 1342 ὠδῖνας,
2481 1280 2576 1330 καὶ
2617 1278 2795 1338 τόκον,
2823 1275 2916 1328 καὶ
2947 1273 3105 1344 ἀέρος
3145 1271 3319 1342 χύσιν,
3355 1269 3448 1322 καὶ

1875 1359 2024 1430 ἡλίου
2053 1361 2270 1430 δρόμον,
2297 1362 2392 1414 καὶ
2418 1361 2644 1432 σελήνης
2669 1359 2970 1432 περιόδους,
3003 1357 3096 1409 καὶ
3121 1357 3333 1424 ἄστρων
3359 1369 3449 1422 χο-

1880 1444 2049 1515 ρείαν,
2082 1445 2174 1498 καὶ
2202 1445 2376 1515 θέρος,
2417 1447 2510 1498 καὶ
2548 1443 2809 1517 χειμῶνα,
2843 1444 2934 1495 καὶ
2985 1440 3317 1510 μετόπωρον,
3353 1437 3449 1488 καί⁵

1875 1531 1996 1600 ἔαρ.
2010 1533 2103 1584 καὶ
2114 1549 2223 1600 γεω
2230 1534 2420 1604 ργικὴν
2432 1533 2626 1602 τέχνην
2637 1573 2648 1594 ,
2661 1531 2751 1584 καὶ
2763 1530 3005 1602 ὀργάνων
3020 1525 3423 1596 ἐπιτηδειότητα
3433 1566 3449 1588 ,

1877 1619 1969 1672 καὶ
1992 1619 2190 1690 ἐτέρων
2214 1621 2417 1690 τεχνῶν
2450 1620 2634 1690 ἑσμόν.
2664 1622 2759 1672 “Av
2790 1618 2862 1689 μὴ
2895 1617 3002 1688 γὰρ
3023 1615 3195 1669 ταῦτα
3236 1613 3450 1666 ἅπαντα

1881 1707 2180 1780 συνδράμῃ,
2208 1709 2304 1778 οὐχ
2329 1703 2439 1761 οἶόν
2463 1725 2520 1761 τε
2542 1709 2664 1770 τοὺς
2691 1707 2937 1778 καρποὺς
2961 1701 3444 1772 τελεσφορηθῆναι,

1879 1795 2000 1848 οὐτε
2049 1797 2128 1859 εἰς
2162 1797 2344 1868 ἀκμὴν
2386 1795 2578 1850 ἐλθεῖν.
2625 1795 2794 1848 Ὅταν
2833 1789 2925 1847 οὖν
2956 1791 3085 1864 είπῃ
3135 1793 3300 1849 σῖτον,
3352 1787 3452 1839 καὶ

1878 1885 2037 1952 οἶνον,
2069 1887 2164 1941 καί
2196 1886 2393 1949 ἔλαιον,
2423 1886 2603 1940 δίδωσι
2647 1885 2722 1952 τῷ
2758 1883 2905 1954 σοφῷ
2938 1879 3188 1951 ἀφορμὴν
3220 1877 3313 1931 καὶ
3339 1874 3448 1928 ἀπὸ

1884 1974 2080 2045 μέρους
2118 1975 2179 2027 τὸ
2225 1977 2332 2028 πᾶν
2382 1976 2542 2038 νοεῖν,
2588 1973 2821 2040 πέλαγος
2867 1969 3208 2028 ἀναπετάσας
3253 1965 3352 2035 τῆς
3391 1965 3452 2015 ὲν-

1879 2065 1991 2126 τοῖς
2026 2062 2045 2100 τ
2072 2061 2347 2132 αἰσθητοῖς
2378 2062 2707 2131 φαινομένης
2743 2060 2836 2114 τοῦ
2865 2057 3000 2112 Θεοῦ
3031 2054 3286 2127 προνοίας

1956 2148 2042 2204 ια’.
2062 2150 2159 2203 Διὰ
2186 2149 2250 2220 δή
2282 2148 2440 2202 τοῦτο
2465 2153 2557 2202 καὶ
2580 2151 2609 2201 ό
2626 2145 2836 2208 Παῦλος
2860 2141 3183 2215 δημηγορῶν
3211 2157 3333 2202 που,
3355 2137 3452 2192 καὶ

1884 2239 2012 2309 περί
2044 2239 2145 2308 τῆς
2175 2238 2428 2309 προνοίας
2450 2236 2614 2291 αὐτοῦ
2635 2234 3035 2303 διαλεγόμενος,
3065 2229 3313 2283 ἐντεῦθεν
3338 2225 3456 2280 ὲκίο

1882 2343 1962 2379 νει
1993 2326 2082 2380 τὸν
2119 2325 2294 2394 λόγον,
2337 2325 2510 2393 λέγων
2534 2341 2548 2355 ο
2584 2322 2794 2388 Διδοὺς
2838 2318 3052 2384 ὑετοὺς
3083 2318 3179 2371 καί
3212 2314 3457 2384 καιροὺς

1882 2415 2316 2480 καρποφόρους,
2340 2410 2657 2480 ἐμπιπλῶν
2693 2407 2915 2478 τροφῆς
2951 2407 3049 2460 καί
3074 2405 3454 2474 εὐφροσύνης

1881 2500 1988 2565 τὰς
2017 2499 2264 2568 καρδίας
2311 2497 2500 2567 ἡμῶν.
2518 2497 2736 2567 Ἐπειδὴ
2767 2506 2792 2544 3
2821 2496 2878 2549 δὲ
2923 2493 3206 2560 ἀπέριττός
3239 2493 3383 2544 ἐστιν
3425 2491 3454 2542 6

1879 2585 2188 2659 Προφήτης,
2226 2587 2419 2658 παρεὶς
2453 2587 2666 2640 ἅπαντα
2712 2585 2780 2638 τά
2818 2583 2952 2638 ἀλλα
2991 2583 3180 2644 εἰπεῖν,
3211 2577 3451 2649 ὀπώρας,

1883 2675 2177 2746 ἀκρόδρυα,
2207 2675 2334 2743 γένη
2381 2673 2583 2742 φυτῶν,
2621 2672 2752 2741 γένη
2795 2670 3144 2742 σπερμάτων,
3187 2665 3321 2735 γένη
3368 2663 3457 2732 βο-

1882 2762 2080 2824 τανῶν,
2115 2759 2412 2832 λειμώνων,
2451 2760 2648 2824 ἀνθῶν,
2673 2758 3032 2830 παραδείσων,
3067 2756 3158 2807 καὶ
3193 2754 3291 2805 ὅσα
3321 2750 3455 2804 ἄλλα

1885 2851 2020 2910 ἐστὶ,
2067 2849 2135 2902 τά
2185 2848 2474 2901 συνεκτικά
2501 2846 2704 2918 τίθησι,
2747 2846 2816 2898 τά
2857 2845 2950 2898 καὶ
2994 2843 3127 2914 πρὸς
3167 2841 3263 2910 τὴν
3309 2837 3455 2908 ζωήν

1885 2941 2016 3009 ἡμῖν
2037 2938 2324 3004 ἀναγκαῖα,
2351 2935 2460 2988 ἀπὸ
2480 2934 2682 2986 τούτων
2711 2934 2934 2986 κάκεῖνα
2961 2931 3129 2983 ποιῶν
3156 2925 3452 2995 κατάδηλα.

1887 3026 2066 3096 ’Δπερ
2092 3024 2211 3077 οὐδὲ
2239 3022 2422 3084 ἁπλῶς
2448 3023 2578 3092 ἡμῖν
2608 3019 2844 3080 δίδωσιν,
2878 3017 3012 3070 ἀλλὰ
3031 3015 3166 3086 μετά
3193 3011 3454 3096 πλήθους,

1886 3114 1979 3167 καὶ
2005 3111 2124 3165 καθ’
2154 3111 2382 3163 ’ἑκαστον
2415 3106 2676 3161 ἐνιαυτόν.
2707 3105 2767 3157 Εἰ
2796 3103 2855 3156 δέ
2879 3119 3005 3156 ποτε
3034 3099 3128 3154 καὶ
3158 3095 3453 3161 συστέλλει,

1887 3203 1980 3255 καὶ
2011 3203 2069 3252 ὲν
2106 3197 2279 3267 τούτῳ
2311 3195 2472 3249 πάλιν
2516 3194 2612 3265 τήν
2643 3193 2896 3264 πρόνοιαν
2947 3187 3135 3242 ἑαυτοῦ
3165 3185 3458 3241 δείκνυσιν.

1885 3285 2207 3358 ἁφυπνίζων
2240 3285 2336 3356 τὴν
2363 3283 2632 3356 ῥαθυμίαν
2659 3281 2768 3334 τῶν
2801 3279 3027 3343 πολλῶν,
3057 3277 3148 3331 καὶ
3174 3273 3458 3344 διεγείρων

1885 3378 2078 3440 αὐτοὺς
2092 3375 2225 3446 πρὸς
2242 3377 2302 3428 τὸ
2325 3371 2649 3444 ἐπιζητῆσαι
2672 3368 2801 3440 παρ’
2813 3366 2975 3421 αὐτοῦ
2988 3364 3160 3418 ταῦτα
3177 3363 3244 3416 τὰ
3254 3361 3453 3430 ἀγαθά.

1888 3468 1951 3520 Εἰ
1978 3466 2034 3518 δέ
2064 3481 2206 3526 τινες
2231 3462 2457 3530 λέγοιεν,
2488 3460 2570 3513 ὅτι
2592 3460 2652 3511 οὐ
2684 3457 2780 3510 τοῦ
2805 3453 2938 3508 Θεοῦ
2965 3453 3027 3506 τὸ
3055 3451 3253 3504 διδόναι
3281 3449 3460 3511 ὑετὸν,

1889 3555 2001 3627 [24}
2025 3553 2159 3606 ἀλλὰ
2182 3551 2287 3604 τῶν
2314 3550 2542 3604 εἰδώλων
2558 3563 2569 3576 ·
2594 3542 2845 3616 ἐρώμεθα
2867 3542 3082 3605 αὐτοὺς,
3108 3539 3268 3594 πόθεν
3297 3537 3457 3627 τοῦτο

1887 3625 2078 3712 δῆλον;
2109 3642 2230 3694 ’Ὀτι
2268 3641 2316 3691 οἰ
2363 3635 2605 3705 ποιηταὶ,
2646 3632 2831 3702 φησὶν,
2873 3633 3176 3702 εἰρήκασιν,
3213 3627 3293 3680 ὄτι
3324 3625 3461 3687 Ζεύς

1887 3733 2034 3784 ἐστιν
2059 3730 2086 3780 6
2116 3727 2243 3780 ὕων.
2282 3725 2418 3777 Ἀλλ’
2443 3715 2586 3775 οὗτοι
2613 3721 2765 3774 αὐτοὶ
2789 3719 3091 3789 εἰρήκασιν,
3119 3715 3200 3766 ὅτι
3226 3714 3320 3766 καί
3347 3728 3458 3783 μοι·

1889 3820 1980 3888 xrl;
2020 3819 2153 3880 ἐστι,
2189 3815 2282 3869 καὶ
2319 3811 2522 3866 παίδων
2549 3809 2802 3878 φθορεὺς,
2841 3806 2936 3860 καὶ
2968 3800 3315 3873 πατραλοίας,
3361 3802 3460 3851 καὶ

1889 3907 2053 3976 ’ἐτερα
2099 3903 2300 3956 τούτων
2331 3903 2430 3954 οὐκ
2479 3899 2736 3952 ἐλάττονα
2783 3894 3120 3964 ἐγκλήματα.
3170 3888 3307 3942 Ἀλλ’
3355 3888 3460 3942 οὐκ

1892 3975 2026 4053 ἐστι,
2085 3991 2267 4062 φησιν,
2315 3986 2509 4056 ἀληθῆ.
2557 3984 2763 4039 Οὐκοῦν
2809 3981 2929 4035 οὐδὲ
2962 3981 3020 4034 τδ
3071 3977 3202 4030 ὖειν.
3238 3977 3301 4028 Ec
3348 3975 3470 4046 γὰρ

1889 4079 2046 4132 τοῦτο
2065 4077 2216 4149 δέχῃ,
2247 4075 2474 4129 κάκεῖνά
2498 4092 2556 4128 σε
2577 4071 2788 4142 ἀνάγκη
2815 4067 3064 4134 δέξασθαι
3085 4083 3097 4096 ·
3126 4067 3174 4118 εἰ
3197 4063 3252 4117 δὲ
3277 4065 3473 4116 ἐκεῖνα.

1891 4166 2190 4229 ἐκϐάλλεις,
2215 4167 2307 4218 καὶ
2332 4162 2487 4218 τοῦτο
2516 4162 2630 4234 μετ’
2656 4159 2899 4213 ἐκείνων.
2945 4157 3132 4225 Ἡμεῖς
3158 4153 3287 4223 γὰρ,
3317 4153 3459 4205 ἐπει-

1889 4255 1984 4308 δὰν
2018 4251 2381 4324 παρεχώμεοα
2417 4250 2696 4321 μάρτυρας
2723 4247 2824 4318 τῆς
2850 4244 2942 4298 τοῦ
2981 4242 3116 4295 Θεοῦ
3155 4241 3456 4310 δυνάμεως,

1892 4344 2070 4395 πάντα
2094 4339 2163 4394 τά
2195 4340 2284 4392 ὐπ’
2316 4337 2493 4390 αὐτῶν
2522 4336 2789 4406 λεγόμενα
2827 4333 2952 4404 περὶ
2973 4331 3136 4384 αὐτοῦ
3169 4327 3456 4399 δεχόμεθα.

1892 4429 2098 4482 οὐκοῦν
2126 4427 2336 4496 ἀνάγκη
2369 4442 2426 4478 σε
2463 4425 2553 4478 καί
2586 4424 2768 4493 μοιχὸν
2804 4421 2964 4474 αὐτὸν
2993 4417 3380 4482 καταδέξασθαι
3403 4415 3456 4482 h,

1891 4517 1986 4570 καὶ
2024 4515 2092 4569 τὰ
2133 4513 2266 4568 ἄλλα
2310 4512 2486 4564 πάντα
2529 4511 2619 4562 ὑπ’
2665 4510 2843 4562 αὐτῶν
2890 4507 3158 4576 λεγόμενα
3200 4504 3327 4574 περί
3362 4505 3460 4556 αὐ-

1891 4603 2005 4668 τοῦ,
2045 4601 2137 4654 καί
2163 4603 2227 4654 έκ
2253 4599 2438 4652 τούτου
2475 4598 2780 4668 μανθάνειν,
2804 4597 2885 4648 ὅτι
2921 4595 3107 4664 πόρρω
3136 4591 3283 4654 θείας
3304 4590 3461 4643 δυνά-

1896 4710 2038 4764 μεως
2083 4691 2150 4745 τὰ
2178 4687 2402 4742 τοιαῦτα
2435 4687 2773 4756 ἐγκλήματα,
2806 4684 2900 4738 καὶ
2936 4684 3036 4736 οὐκ
3067 4682 3132 4734 ἂν
3158 4683 3241 4750 εἴη
3287 4678 3405 4742 θεὸς
3430 4681 3464 4731 6

1891 4779 2148 4840 τοιοῦτος.
2188 4777 2325 4829 Ἀλλ’
2354 4778 2382 4828 6
2413 4773 2577 4845 μῦθος
2606 4771 2764 4834 αὐτὸς
2793 4770 2970 4841 ἑαυτῷ
3000 4769 3335 4841 περιπίπτει,
3365 4766 3464 4821 καί⁵

1892 4869 1951 4921 τὸ
1982 4866 2173 4936 ψεῦδος
2203 4864 2291 4933 ὑφ’
2319 4861 2512 4915 ἑαυτοῦ
2547 4861 2844 4930 ἐλέγχεται,
2878 4859 2970 4910 καὶ
3011 4857 3084 4928 μὴ
3122 4855 3460 4927 βουλομένων

1895 4958 2044 5027 ὑμῶν
2076 4955 2234 5007 τοῦτο
2260 4949 2674 5014 καταδέξασθαι,
2710 4948 2803 5001 καὶ
2832 4946 3052 5000 καθόλου
3075 4947 3200 5009 τοὺς
3233 4944 3460 5016 ποιητὰς

1894 5045 2162 5097 ἐκϐάλλει.
2197 5041 2318 5092 Ὀτι
2353 5039 2409 5092 δὲ
2433 5036 2802 5106 ἐκϐληθέντων
2832 5035 3073 5098 ἐκείνων,
3105 5034 3280 5087 πάντα
3305 5034 3456 5102 οίχή-

1893 5149 2044 5185 σεται
2094 5130 2158 5182 τά
2215 5127 2484 5198 ὑμέτερα,
2534 5124 2709 5194 δῆλον.
2770 5123 2879 5175 Καὶ
2943 5121 3050 5192 γὰρ
3105 5120 3173 5174 τὰ
3223 5119 3457 5188 ὀνόματα

1893 5220 2070 5272 αὐτῶν
2121 5219 2316 5270 ἐκεῖνοι
2365 5215 2649 5283 εὑρήκασι,
2692 5211 2786 5262 καὶ
2831 5209 3135 5278 ὲπέθηκαν’
3169 5207 3197 5258 ὃ
3243 5205 3334 5258 καί
3374 5219 3456 5265 τις

1891 5308 1998 5360 τῶν
2032 5307 2162 5376 παρ’
2184 5306 2310 5374 ὑμῖν
2344 5300 2645 5371 φιλοσόφων
2678 5299 2916 5368 εῖρηκεν.
2945 5296 3006 5350 Εἰ
3034 5296 3092 5348 δὲ
3125 5295 3281 5358 ἀφεὶς
3311 5293 3455 5345 ἐκεί-

1956 5511 1980 5538 ε
2002 5495 2322 5558 Τῆςπρονοίας
2341 5491 2683 5558 ἀνεκίνησε,τῷ
2703 5491 2837 5558 σε)φῷ
2856 5489 3033 5558 πολλὴν
3044 5486 3451 5558 ἀφορμήνύδιδοὺς,

1892 5549 2154 5636 ἀνοῖξαιιζτὸ
2166 5559 2366 5617 πέλαγος
2407 5561 2490 5612 τῆς
2508 5552 2594 5602 τοῦ
2632 5549 2756 5600 θεοῦ
2776 5549 3000 5614 προνοίας
3021 5555 3104 5606 τῆν
3129 5549 3175 5596 ἐν
3196 5549 3293 5604 τοῖς
3328 5549 3453 5611 6pm-

1891 5621 2218 5755 mjfoﬁ‘g‘egév
2259 5677 2532 5735 αἰνίξασθαι,
2575 5675 2660 5729 τὰς
2700 5673 2836 5736 θύρας
2888 5671 3001 5733 ἡμῖν
3044 5669 3242 5730 ἀνοίγων
3280 5675 3364 5727 τῆς
3405 5671 3455 5720 ἐν

1889 5762 1987 5843 τοῖξ
2005 5744 2379 5866 ἒὲξπλοφόρουςζ
2382 5799 2462 5846 καὶ
2481 5799 2636 5856 ἄλλος’
2659 5797 2732 5845 Οῦ
2754 5797 2842 5859 γάρ
2864 5797 2989 5844 ἐστιν
3008 5794 3056 5842 ἐν
3078 5795 3176 5850 τοῖς
3196 5795 3295 5840 τῶν
3313 5793 3456 5846 ἐθνῶν

1891 5861 2099 5918 ὓετίζωνξ
2138 5861 2326 5918 Ἐγπέιδή
2349 5861 2470 5922 Reg.

1953 5930 1980 5966 δ
2002 5917 2180 5986 Μοι-(ὸν
2202 5917 2340 5972 αὐτὸν
2359 5917 2448 5971 καῖ
2458 5922 2638 5972 παίδων
2661 5920 2830 5985 φθορέα
2847 5919 3182 5975 καταδέξασθαι
3205 5917 3328 5982 Reg.
