4074 6356
308 476 375 534 ετ
1455 477 1813 536 exeosmo
1853 481 1915 536 IN
1957 483 2277 544 PSALMUM
2318 491 2402 545 Iv.
3520 495 3596 564 53‘

318 588 439 656 phis
467 586 571 658 (α).
599 587 750 655 Quod
771 587 817 643 si
841 587 946 644 illis
975 587 1173 643 relictis
1195 588 1260 643 ad
1282 589 1560 659 allegorias
1582 593 1904 662 confugeris,

317 689 368 732 te
399 679 529 733 illud
576 678 939 748 interrogabo,
970 678 1106 746 Quid
1152 689 1236 734 est
1273 679 1479 749 Jupiter
1505 681 1626 752 (b)?
1672 683 1765 737 Est
1806 683 1910 738 fer-

318 782 471 830 vens,
503 768 694 838 inquit,
724 769 1036 834 substantia,
1069 779 1124 823 et
1155 785 1277 839 pars
1302 787 1419 840 qua:
1446 781 1659 841 superat
1686 789 1863 828 aerem
1888 814 1905 840 ,

317 872 371 914 et
419 875 580 930 quam
627 861 893 932 appellant
935 862 1210 926 aetherem,
1242 879 1307 916 ex
1352 879 1416 918 eo
1442 864 1580 933 quod
1627 864 1829 920 ferveat
1855 876 1910 921 et

316 963 458 1007 urat.
486 953 604 1008 Non
631 965 714 1008 est
755 969 885 1024 ergo
910 955 1261 1009 ratiocinandi
1307 973 1404 1011 nec
1431 958 1763 1012 discernendi
1810 974 1905 1027 po-

318 1054 508 1101 testate
535 1046 775 1115 przedita,
804 1046 899 1101 sed
937 1061 1129 1116 expers
1154 1047 1375 1101 rationis
1413 1048 1724 1102 substantia.
1755 1050 1906 1117 Quod

316 1137 460 1189 enim
490 1147 677 1190 natura
713 1137 854 1193 aeris
886 1153 983 1192 nec
1021 1139 1279 1193 rationem
1313 1139 1522 1204 habeat,
1557 1156 1656 1195 nec
1695 1143 1908 1196 ratioci-

314 1233 611 1294 nationem,
639 1231 810 1284 cuivis
853 1239 934 1285 est
975 1240 1236 1299 apertum,
1272 1239 1321 1285 el
1365 1226 1522 1284 nemo
1564 1240 1646 1286 est
1673 1234 1760 1302 qui
1808 1233 1908 1288 hoc

317 1323 542 1388 nesciat,
574 1323 785 1376 etiamsi
817 1323 1012 1386 minus,
1057 1337 1215 1391 quam
1260 1322 1415 1391 lapis,
1456 1337 1648 1377 sensus
1694 1323 1903 1379 haheat.

315 1412 494 1479 Quare
532 1413 640 1481 jam
668 1413 737 1467 de
764 1413 942 1467 medio
967 1412 1205 1467 sublatus
1231 1422 1312 1466 est
1337 1413 1562 1482 Jupiter,
1590 1423 1642 1466 et
1669 1414 1785 1482 ejus
1810 1414 1907 1468 de-

321 1506 420 1557 leta
463 1504 781 1557 substantia.
810 1501 866 1559 Si
909 1504 1050 1557 enim
1079 1519 1172 1557 aer
1220 1513 1300 1558 est
1341 1503 1583 1574 Jupiter,
1612 1520 1704 1558 aer
1731 1517 1905 1558 autem

320 1605 402 1649 est
445 1594 498 1649 id
529 1595 672 1664 quod
712 1596 820 1664 jam
850 1595 1101 1662 diximus,
1131 1611 1195 1650 ex
1223 1611 1290 1650 eo
1317 1612 1524 1665 quoque
1565 1596 1799 1651 interibit
1827 1597 1908 1650 fa-

325 1687 472 1741 oula.
501 1686 556 1741 Si
601 1695 777 1740 autem
823 1696 907 1742 est
933 1703 1043 1752 aer,
1076 1703 1175 1742 nec
1220 1688 1316 1742 fuit
1343 1689 1564 1759 alicujus
1593 1700 1762 1760 pater,
1808 1705 1907 1746 nec

317 1780 545 1848 aiiquam
593 1780 799 1848 peperit
843 1779 1216 1845 substantiam,
1264 1781 1561 1848 cujusmodi
1601 1782 1908 1852 conﬁngunt

317 1874 522 1934 solem,
553 1885 712 1939 quem
755 1871 915 1924 etiam
943 1880 1136 1925 vocant
1176 1872 1477 1941 Apollinem
1511 1873 1605 1941 (c),
1637 1883 1690 1928 ct
1727 1873 1908 1929 dicunt

317 1974 439 2014 esse
466 1961 585 2028 ejus
630 1961 793 2014 lilium
825 1979 838 2015 :
869 1978 968 2016 nec
1005 1964 1145 2017 enim
1173 1963 1255 2016 sol
1299 1963 1455 2018 habet
1497 1967 1776 2029 rationem,
1807 1982 1906 2021 nec

316 2061 570 2116 tuentem,
605 2065 703 2105 nec
727 2052 1119 2121 cogitationem,
1155 2053 1247 2108 sed
1279 2053 1448 2123 ipsum
1480 2056 1639 2109 etiam
1665 2067 1743 2109 est
1771 2073 1906 2125 opus

316 2141 574 2207 naturale,
589 2142 728 2208 utied
747 2144 918 2213 agitur
933 2144 1367 2199 etcircumfertur
1387 2146 1682 2216 lege,quam
1698 2149 1745 2202 ei
1765 2149 1904 2202 Deus

315 2231 367 2284 in
420 2232 680 2302 principio
729 2235 922 2303 posuit.
945 2235 1157 2305 Alioqui
1187 2252 1284 2291 nec
1310 2238 1493 2306 pluere
1542 2248 1623 2292 est
1649 2239 1860 2294 aetheris
1886 2281 1900 2304 ,

312 2321 407 2374 sed
428 2322 666 2388 nubium,
686 2339 802 2392 qua:
821 2339 1008 2394 aquam
1027 2327 1322 2394 suscipiunt
1340 2329 1422 2382 vel
1449 2345 1513 2383 ex
1547 2333 1698 2393 mari,
1729 2332 1806 2384 vel
1837 2347 1900 2386 ex

312 2414 464 2481 aquis
488 2430 607 2484 qua;
634 2417 703 2470 ab
730 2417 840 2471 alto
886 2432 1045 2487 super
1089 2420 1276 2474 caelum
1309 2421 1568 2487 feruntur,
1613 2432 1670 2476 ut
1719 2424 1901 2478 dicunt

314 2504 605 2572 prophetae.
630 2507 722 2562 Sin
740 2517 915 2562 autem
939 2508 1094 2564 ﬁdem
1119 2526 1222 2565 non
1253 2512 1414 2566 habes
1437 2513 1727 2582 prephetis,
1753 2516 1900 2585 signa

314 2607 499 2667 aperta
527 2609 582 2653 et
625 2601 903 2655 manifesta
935 2601 1253 2672 priebemus,
1283 2620 1400 2674 qua:
1445 2609 1676 2661 maxime
1716 2616 1900 2662 osten-

311 2689 443 2773 dunt
467 2707 560 2746 eos
588 2691 750 2748 fuisse
779 2710 808 2746 a
835 2694 946 2750 Deo
976 2696 1289 2766 inspiratos,
1317 2708 1368 2752 et
1397 2699 1526 2754 nihil
1554 2701 1708 2756 nobis
1732 2702 1904 2758 disse-

311 2783 504 2850 ruisse,
532 2785 672 2852 quod
703 2801 768 2840 ex
795 2801 853 2841 se
878 2786 1148 2854 afferrent,
1180 2789 1275 2860 sed
1316 2789 1494 2844 divina
1521 2791 1608 2845 illa
1649 2792 1818 2862 gratia
1845 2801 1901 2848 et

311 2877 677 2944 snpercarlesti
705 2877 931 2934 amatos.
966 2880 1324 2952 Quaecumque
1362 2884 1502 2936 enim
1546 2884 1615 2937 ab
1640 2886 1718 2939 eis
1758 2885 1897 2940 dicta

308 2977 454 3034 sunt,
489 2969 648 3023 ﬁnem
679 2979 804 3024 sunt
827 2984 1134 3041 assequuta,
1167 2983 1220 3027 et
1248 2975 1423 3026 omnia
1453 2974 1520 3028 ad
1548 2991 1724 3029 rerum
1755 2976 1898 3045 veri-

313 3071 476 3116 tatem
524 3047 880 3129 devenerunt:
921 3079 1014 3119 seu
1059 3073 1262 3132 vetera,
1309 3079 1403 3120 seu
1433 3081 1572 3120 nova
1601 3068 1733 3122 velis
1759 3069 1900 3122 acci-

312 3168 460 3222 pere.
491 3153 625 3207 Nam
671 3162 730 3208 et
755 3170 873 3224 qua:
902 3155 970 3209 de
1011 3155 1210 3210 Judzeis
1249 3171 1278 3209 a
1307 3157 1580 3226 prophetis
1609 3157 1746 3211 dicta
1775 3168 1899 3212 sunt

308 3247 486 3300 omnia
535 3247 694 3301 ﬁnem
744 3259 1039 3318 ceperunt,
1086 3265 1312 3318 quorum
1372 3251 1530 3304 etiam
1576 3251 1748 3305 exitus
1797 3250 1899 3305 fuit

307 3337 555 3390 omnibus
586 3337 900 3394 manifestus
928 3355 942 3392 :
970 3348 1024 3394 et
1046 3355 1165 3410 qum
1185 3339 1251 3394 de
1278 3339 1488 3394 Christo
1510 3341 1560 3394 in
1586 3341 1754 3407 Novo,
1777 3357 1896 3411 quae

307 3427 539 3482 maxime
569 3428 858 3482 ostendunt
900 3429 1136 3484 divinam
1163 3445 1284 3484 esse
1328 3439 1607 3498 utramque
1651 3431 1893 3502 Scriptu-

308 3533 444 3570 ram.
475 3517 532 3573 Si
578 3530 756 3574 autem
788 3530 911 3574 sunt
938 3522 1130 3584 divina,
1180 3538 1299 3590 qua:
1342 3523 1408 3576 de
1439 3523 1548 3576 Deo
1575 3523 1625 3576 in
1668 3539 1730 3578 ea
1756 3523 1892 3577 dicta

305 3618 449 3671 sunt,
478 3624 541 3662 ea
588 3625 712 3664 vera
759 3621 884 3665 sunt
929 3613 1127 3666 omnia.
1159 3613 1236 3666 Ne
1278 3613 1458 3667 dubita
1505 3615 1658 3681 igitur
1687 3615 1754 3669 de
1803 3615 1894 3669 Dt-i

305 3698 662 3767 providentia,
690 3701 786 3756 sed
817 3702 932 3771 ejus
970 3719 1175 3769 curam,
1205 3719 1359 3772 quam
1388 3704 1545 3772 gerit,
1590 3705 1852 3760 admirare
1875 3748 1890 3773 ,

304 3792 446 3858 quod
476 3807 594 3846 cum
623 3795 728 3847 sint
755 3795 876 3848 boni
898 3805 953 3850 et
979 3796 1124 3861 mali,
1147 3797 1330 3850 orbem
1359 3805 1621 3850 terrarum
1650 3808 1702 3850 et
1727 3797 1892 3852 solem

304 3884 558 3939 omnibus
588 3887 868 3955 permittit,
899 3896 953 3941 et
997 3887 1244 3941 omnibus
1272 3886 1365 3941 dat
1413 3888 1634 3958 pluvias.
1669 3888 1821 3956 Quod
1849 3887 1892 3942 si

303 3975 430 4027 sinit
459 3975 668 4044 aliquos
693 3976 887 4046 degere
912 3978 964 4031 in
994 3978 1333 4033 mendicitate
1363 3988 1415 4033 et
1444 3979 1638 4048 inOpia,
1689 3979 1739 4032 id
1771 3980 1893 4034 facit

305 4073 362 4117 ut
389 4065 618 4119 animant
668 4067 874 4121 illorum
921 4070 1170 4138 corrigat,
1218 4069 1488 4138 sapientia:
1519 4069 1892 4124 studiosiorem

302 4158 535 4211 animam
566 4158 825 4212 efﬁciens.
874 4159 1032 4215 Scitis
1063 4161 1228 4226 enim,
1259 4162 1406 4215 scitis
1445 4173 1645 4231 aperte,
1684 4162 1892 4216 divitias

304 4249 519 4318 quidem
546 4250 612 4304 iis
630 4252 718 4319 qui
747 4266 850 4304 non
872 4252 1152 4306 attendunt
1173 4268 1292 4308 esse
1317 4254 1562 4306 vitiorum
1585 4252 1888 4318 ministras;

303 4352 667 4408 paupertatem
698 4352 874 4396 autem
913 4352 1139 4398 matrem
1195 4343 1542 4413 philosophia:
1569 4361 1582 4396 :
1614 4359 1781 4413 eaque
1804 4359 1891 4400 res

303 4430 436 4494 ipsa:
463 4431 697 4486 indicant
723 4433 980 4502 quotidie.
1021 4433 1162 4500 Quot
1191 4449 1449 4503 pauperes
1495 4442 1618 4489 sunt
1642 4433 1891 4489 divitibus

301 4521 701 4589 prudentiores,
749 4525 1022 4593 sapientia:
1064 4525 1406 4590 amantiores,
1461 4536 1514 4580 et
1555 4542 1776 4595 corpore
1806 4542 1892 4580 sa-

302 4615 520 4679 niores,
567 4630 690 4669 cum
739 4627 1026 4686 paupertas
1067 4618 1145 4672 eis
1196 4627 1248 4672 et
1291 4633 1506 4672 carnem
1557 4627 1610 4673 et
1658 4620 1889 4674 animam

300 4708 581 4777 corrigat?
609 4707 661 4763 9.
692 4708 758 4763 In
781 4728 902 4779 pace
921 4712 973 4764 in
990 4712 1207 4782 idipsum
1227 4712 1476 4766 dormiam
1500 4722 1546 4766 et
1566 4714 1886 4782 requiescam.

300 4798 392 4852 10.
426 4798 675 4864 Quoniam
703 4810 775 4863 tu,
804 4798 1035 4866 Domine,
1061 4803 1381 4873 singulariter
1409 4804 1461 4857 in
1481 4820 1568 4871 spe
1593 4804 1889 4858 constituisti

301 4904 401 4940 me.
438 4888 574 4944 Ecce
611 4889 769 4943 aliam
815 4907 921 4944 non
953 4907 1164 4961 parvam
1213 4894 1446 4962 Speciem
1496 4895 1840 4962 providentia)
1869 4934 1884 4958 ,

301 4981 445 5049 quod
489 4997 622 5051 pace
669 4982 910 5037 fruantur
952 4987 1041 5054 qui
1081 4995 1204 5039 sunt
1242 4986 1351 5038 Deo
1380 4985 1614 5039 addicti:
1648 4983 1766 5038 Pax
1807 4995 1890 5040 est

301 5073 448 5124 enim
481 5071 808 5142 diligentibus
839 5076 994 5144 legem
1023 5085 1180 5141 tuam,
1211 5085 1255 5128 et
1285 5093 1383 5129 non
1416 5087 1487 5129 est
1519 5077 1642 5146 ipsis
1669 5075 1886 5142 oﬁendi—

300 5163 473 5215 culum
501 5162 667 5232 (Psal.
697 5165 818 5218 “8.
853 5164 999 5236 165).
1029 5165 1166 5220 Nihil
1192 5167 1332 5220 enim
1361 5183 1511 5236 reque
1539 5168 1676 5221 solet
1703 5183 1886 5237 pacem

304 5269 515 5322 parere,
546 5264 710 5325 atque
740 5257 831 5311 Dei
859 5259 1109 5326 cognitio,
1137 5268 1191 5314 et
1219 5260 1426 5313 virtutis
1451 5259 1738 5329 possessio,
1768 5274 1887 5328 qua:

303 5345 466 5400 animi
494 5345 954 5416 perturbationum
981 5349 1243 5404 internum
1287 5351 1485 5405 bellum
1517 5350 1674 5405 domo
1703 5350 1886 5419 procnl

364 5501 438 5571 (ᾳ)
468 5501 589 5571 Vide
611 5501 820 5571 Platonis
839 5503 1090 5571 Cratylum,
1113 5517 1163 5568 p.
1189 5505 1274 5553 401
1288 5518 1411 5571 sqq.

367 5563 605 5635 (b)_circa
621 5566 752 5635 Λργώ
774 5563 990 5613 naturam
1009 5563 1249 5635 v1de_'_qu:e
1270 5563 1482 5635 dix'tinus
1503 5573 1744 5626 Disqmsu.
1768 5577 1886 5635 prte-

302 5626 378 5671 via
404 5625 462 5672 ad
488 5627 871 5690 summitatem,
891 5639 1078 5690 paragr.
1105 5625 1200 5689 IV;
1225 5629 1435 5678 maxime
1458 5639 1576 5676 vero
1597 5625 1706 5688 quae
1731 5625 1793 5676 ex
1816 5628 1887 5676 Ci-

302 5639 378 5671 vra
404 5639 462 5672 ad
488 5639 849 5734 anucpntatem,

297 5698 484 5736 cernae
506 5694 610 5735 attu
631 5689 756 5735 imus
777 5688 891 5736 ibid.

373 5749 441 5808 te)
476 5746 702 5811 Plerique
722 5755 992 5799 Graecorum
1037 5749 1263 5799 dicebant
1301 5749 1564 5811 Apollinem
1587 5750 1715 5811 .tovis
1737 5748 1885 5798 ﬁlium

301 5821 419 5857 esse
441 5809 704 5879 solemjét
717 5813 904 5879 non.sic
925 5819 1158 5879 ttomerus
1173 5819 1225 5860 et
1239 5809 1415 5879 poetae,
1434 5813 1516 5879 qui
1538 5809 1694 5879 Solem
1716 5811 1882 5879 distiu-

301 5878 460 5928 guunt
480 5871 544 5935 ab
562 5870 792 5931 Apolline.
812 5871 864 5923 lu
883 5872 1014 5926 cultu
1038 5881 1198 5924 autem
1223 5870 1413 5935 publico
1436 5870 1538 5923 huic
1561 5873 1751 5922 numina
1776 5872 1874 5922 dis-

303 5934 670 5995 tinguebautur.

2013 596 2174 666 ejicit,
2219 618 2317 657 nec
2345 605 2615 672 permittit
2643 617 2698 662 ut
2735 608 2894 666 homo
2933 627 3053 666 cum
3083 615 3259 686 seipse
3301 617 3589 675 seditiones

2012 692 2195 759 agitet.
2237 692 2375 748 Sane
2401 696 2443 748 si
2485 694 2581 750 hac
2606 713 2737 766 pace
2765 715 2869 755 non
2911 701 3134 768 fruatur,
3163 707 3368 762 etiamsi
3398 708 3467 763 sit
3493 723 3587 763 ex-

2013 785 2274 839 trinsecus
2319 801 2526 840 summa
2578 804 2674 858 pax
2704 829 2719 857 ,
2763 793 2968 847 etiamsi
3027 797 3203 851 nullus
3252 813 3373 853 eum
3418 799 3594 855 hostis

2011 874 2245 942 invadat,
2270 888 2351 932 ρει
2376 880 2618 935 omnium
2643 883 2729 951 qui
2760 885 2813 937 in
2841 893 2982 940 terra
3008 888 3380 959 impugnantur
3405 892 3592 946 miser-

2011 980 2196 1019 IIIIIIIS.

2087 1055 2170 1110 η.
2204 1057 2481 1113 Swvissimi
2513 1060 2678 1116 hostes
2701 1064 2887 1119 animae
2911 1067 3227 1122 immoderati
3265 1069 3474 1137 a/j‘ectus
3499 1087 3589 1125 vo-

2011 1146 2238 1202 luntatis.
2268 1148 2484 1205 Invidia:
2503 1155 2746 1208 conditio.
2770 1185 2842 1196 ——
2869 1157 3049 1226 Neque
3069 1161 3210 1214 enim
3236 1162 3469 1232 Scythae,
3493 1179 3591 1218 nec

2011 1239 2265 1306 Thraces,
2288 1258 2387 1297 nec
2409 1243 2686 1311 Sarmata},
2709 1263 2809 1302 nec
2835 1249 2969 1313 lndi,
3000 1265 3098 1305 nec
3125 1251 3309 1313 Mauri,
3334 1268 3432 1307 nec
3447 1268 3592 1323 qua:—

2011 1347 2236 1403 cumque
2262 1345 2386 1389 sunt
2423 1336 2550 1391 fera:
2577 1348 2784 1407 gentes,
2831 1351 2938 1396 tam
2985 1352 3138 1397 atrox
3177 1344 3374 1399 bellum
3403 1361 3592 1416 gerere

2009 1424 2200 1483 solent.
2227 1441 2385 1495 quam
2415 1429 2611 1483 nefaria
2639 1432 2906 1500 cogitatio,
2936 1450 3056 1502 quae
3086 1445 3324 1490 versatur
3350 1437 3401 1490 in
3428 1452 3590 1505 pene-

2013 1515 2233 1570 tralibus
2257 1519 2440 1582 animi,
2473 1529 2526 1574 et
2548 1521 2906 1591 intemperans
2935 1525 3120 1592 libido,
3147 1542 3297 1582 amor
3325 1530 3599 1598 pecunia!r

2011 1608 2260 1675 potentice
2292 1609 2580 1666 vehemens
2611 1612 2966 1676 desiderium,
2995 1626 3152 1687 atque
3191 1634 3314 1688 erga
3353 1635 3442 1674 res
3485 1619 3588 1675 bu-

2011 1713 2194 1754 manas
2235 1700 2465 1756 affectio.
2515 1704 2582 1758 Et
2624 1707 2815 1760 merito
2856 1724 2868 1760 :
2911 1707 3038 1761 illud
3081 1709 3222 1763 enim
3266 1720 3346 1764 est
3391 1711 3603 1766 bellum

2009 1799 2322 1858 externum,
2367 1793 2469 1849 hoc
2513 1811 2640 1850 vero
2685 1807 2768 1851 est
2814 1798 3078 1854 internum
3124 1801 3388 1870 prarlium.
3434 1801 3600 1868 Quod

2009 1892 2186 1937 autem
2212 1899 2330 1953 qua:
2358 1886 2500 1940 intus
2540 1898 2851 1954 nascuntur,
2882 1890 2989 1944 sint
3019 1891 3080 1944 iis
3114 1907 3231 1960 qua:
3259 1893 3599 1948 extrinsecus

2009 1972 2282 2041 invadunt,
2306 1977 2572 2046 graviora,
2595 1988 2648 2033 et
2664 1979 2933 2033 interitum
2957 1982 3126 2051 magis
3147 1981 3338 2038 afferre
3359 1984 3584 2050 soleant,

2010 2063 2111 2118 hoc
2134 2065 2252 2120 licet
2282 2067 2463 2122 videre
2489 2069 2540 2121 iu
2571 2071 2838 2125 omnibus.
2869 2071 3078 2125 Etenim
3111 2081 3164 2127 et
3191 2074 3316 2142 ligni
3345 2085 3588 2130 naturam

2009 2157 2225 2221 vermis,
2262 2159 2354 2228 qui
2396 2170 2550 2216 natus
2576 2173 2659 2216 est
2689 2163 2852 2230 intus,
2880 2164 3049 2233 magis
3075 2169 3402 2236 corrumpit;
3445 2170 3587 2224 vires

2008 2258 2061 2300 et
2086 2249 2362 2304 sanitatem
2393 2252 2652 2320 corporis,
2676 2254 2867 2319 morbi,
2897 2256 2986 2325 qui
3016 2256 3160 2310 intus
3189 2271 3538 2326 procreantur
3565 2289 3595 2322 ,υ

2010 2341 2126 2407 plus
2169 2340 2388 2407 lmdunt,
2434 2359 2592 2412 quam
2646 2347 2734 2414 qui
2785 2347 3116 2402 extrinsecus
3166 2348 3487 2414 adveniunt;
3535 2360 3590 2404 et

2005 2431 2250 2486 civitates
2287 2449 2392 2487 non
2424 2444 2528 2486 tam
2581 2437 2786 2490 externi
2832 2436 3037 2504 hostes,
3065 2453 3221 2508 quam
3251 2440 3436 2494 civiles
3463 2455 3590 2508 pes-

2004 2522 2257 2577 sumdant
2283 2541 2298 2576 :
2330 2523 2400 2578 ita
2429 2526 2589 2579 etiam
2628 2528 2818 2582 anima:
2857 2544 2963 2583 non
2992 2538 3098 2584 tam
3125 2540 3362 2586 externa:
3383 2547 3504 2602 quae
3533 2532 3586 2586 in

2005 2630 2121 2668 eam
2151 2615 2402 2670 invadunt
2432 2617 2874 2687 machinationes,
2902 2635 3062 2690 quam
3086 2636 3206 2691 quae
3227 2623 3371 2678 intus
3405 2623 3588 2678 oriun-

2006 2717 2091 2764 tur
2119 2710 2482 2780 tegritudines,
2524 2713 2810 2782 perniciem
2859 2714 3109 2772 afferunt.
3137 2716 3240 2771 Sed
3287 2718 3331 2773 si
3374 2719 3492 2788 quis
3518 2720 3588 2772 ti-

2005 2816 2210 2856 morem
2239 2802 2332 2856 Dei
2361 2802 2589 2870 habens,
2614 2803 2716 2859 hoc
2741 2806 2940 2860 bellum
2968 2807 3200 2876 perfecte
3226 2808 3509 2875 sedaverit,
3531 2819 3595 2865 et.

2003 2894 2431 2962 perturbationes
2479 2896 2642 2948 animi
2704 2899 3099 2967 composuerit,
3143 2909 3197 2952 et
3242 2900 3418 2954 varias
3469 2901 3592 2956 illas

2002 2984 2364 3053 improborum
2433 2987 2809 3056 cogitationum
2871 2989 3078 3044 belluas
3127 2989 3426 3053 suffocans,
3475 3007 3592 3046 non.

2000 3077 2308 3148 permiserit
2353 3087 2409 3133 ut
2458 3079 2510 3132 in
2555 3079 2721 3132 antris
2750 3079 3090 3147 delitescant,
3134 3081 3181 3135 is
3221 3082 3498 3150 purissima
3529 3092 3586 3136 et

2000 3168 2257 3223 altissima
2286 3184 2414 3238 pace
2457 3169 2680 3224 fruetur.
2715 3170 2861 3224 lianc
2889 3183 3073 3240 pacem
3100 3171 3338 3227 Christus
3362 3173 3583 3228 veniens

2001 3259 2218 3329 largitus
2246 3271 2361 3326 est;
2409 3260 2548 3315 hanc
2591 3262 2750 3316 etiam
2782 3261 2975 3317 Paulus
3017 3273 3260 3332 precatus
3301 3273 3383 3318 est
3408 3264 3582 3319 ﬁdeli-

1999 3352 2118 3415 bus,
2147 3353 2332 3407 dicens
2361 3352 2411 3406 in
2456 3353 2678 3423 singulis
2704 3353 2944 3422 epistolis
2975 3371 2989 3408 :
3023 3354 3199 3409 Gratia
3238 3356 3374 3409 vobis
3398 3365 3444 3408 et
3471 3371 3576 3424 pas:

1999 3461 2030 3496 a
2063 3443 2166 3497 Deo
2194 3442 2346 3497 Patre
2369 3454 2559 3497 nostra.
2590 3443 2687 3510 Qui
2718 3443 2856 3499 hanc
2884 3445 3025 3499 enim
3057 3445 3227 3504 habet
3242 3461 3448 3515 pacem,
3471 3461 3578 3500 non

1998 3537 2168 3590 solum
2201 3536 2481 3591 barbarum
2523 3545 2577 3591 et
2625 3536 2870 3600 hostem,
2903 3538 2998 3592 sed
3046 3553 3114 3592 ne
3159 3540 3329 3608 ipsum
3359 3539 3576 3608 quidem

1999 3629 2264 3683 diabolum
2294 3628 2630 3695 extimescit;
2660 3629 2753 3683 sed
2782 3630 3083 3683 universam
3112 3629 3250 3684 ridet
3273 3628 3577 3684 daemonum

1999 3721 2336 3790 phalangem,
2377 3730 2430 3775 et
2468 3732 2552 3776 est
2599 3722 2846 3777 omnibus
2885 3721 3188 3777 hominibus
3230 3723 3474 3787 alacrior,
3517 3732 3577 3778 ut

1997 3814 2086 3884 qui
2117 3829 2220 3868 non
2249 3821 2560 3884 paupertate
2585 3824 2876 3885 prematur,
2908 3831 3012 3871 non
3046 3815 3234 3871 morbo
3273 3826 3329 3871 et
3352 3816 3574 3871 adversa

1998 3902 2304 3958 valetudine
2326 3913 2594 3973 gravetur,
2622 3920 2729 3960 non
2758 3906 2937 3975 aliquo
2973 3920 3158 3960 eorum
3186 3922 3304 3976 quae
3332 3906 3575 3961 humani-

1999 4005 2083 4051 tus
2108 3996 2379 4066 inopinato
2401 3998 2648 4054 accidunt
2670 4000 3031 4068 perturbetur,
3059 4015 3123 4054 eo
3148 3999 3288 4068 quod
3310 4000 3574 4056 valentem

1997 4099 2052 4144 et
2080 4104 2263 4143 sanam
2295 4088 2488 4144 habeat
2514 4091 2766 4156 animam,
2795 4106 2911 4160 qua:
2941 4090 3055 4145 hch
3097 4099 3278 4160 potest
3319 4091 3574 4160 praeclare

1995 4190 2050 4237 et
2089 4181 2333 4236 facillime
2363 4181 2734 4236 administrare
2774 4197 2836 4238 ac
2879 4191 3196 4251 temperare.
3224 4183 3293 4236 Et
3311 4190 3367 4236 ut
3391 4182 3580 4237 sciatis

1997 4272 2099 4327 hoc
2125 4288 2245 4328 esse
2267 4288 2449 4326 verum
2484 4291 2496 4324 :
2524 4275 2594 4327 sit
2619 4274 2812 4343 aliquis
2833 4273 3061 4339 invidus,
3095 4283 3150 4328 et
3177 4288 3332 4328 nemo
3360 4288 3478 4326 cum
3506 4288 3570 4328 eo

1995 4365 2190 4420 bellum
2217 4373 2400 4434 gerat;
2432 4366 2559 4436 quid
2583 4366 2770 4436 juvat?
2797 4365 2913 4434 Ipse
2939 4367 3082 4421 enim
3113 4381 3233 4421 cum
3261 4366 3437 4435 seipse
3459 4364 3572 4421 bel-

1996 4455 2102 4510 lum
2133 4457 2288 4526 gerit,
2313 4457 2500 4526 quovis
2529 4471 2658 4512 ense
2685 4456 3118 4524 penetrabiliores
3142 4457 3193 4510 in
3215 4471 3273 4511 se
3295 4457 3578 4526 cogitatio-

1993 4567 2090 4606 nes
2117 4565 2332 4615 acuens,
2367 4551 2419 4604 in
2447 4550 2692 4605 omnibus
2711 4566 2829 4619 qua:
2853 4551 3096 4604 videntur
3116 4549 3410 4616 offendens,
3437 4558 3491 4603 et
3514 4549 3579 4603 in.

1993 4642 2214 4712 singulis
2241 4642 2329 4711 qni
2373 4651 2661 4695 occurrunt
2690 4640 2990 4694 hominibus
3028 4641 3259 4710 seipsum
3303 4641 3566 4701 saucians,

1993 4733 2046 4787 in
2091 4733 2293 4786 nullum
2343 4731 2600 4787 benevolo
2642 4739 2698 4786 et
2739 4739 2888 4801 grato
2931 4732 3110 4785 animo
3158 4731 3441 4799 prteditus,
3469 4729 3568 4784 sed

1993 4839 2180 4879 omnes
2210 4823 2328 4877 illos
2373 4831 2639 4892 tamquam
2689 4821 2869 4876 hostes
2899 4821 3129 4876 intuens.
3161 4820 3289 4888 Qua:
3333 4828 3413 4874 est
3439 4833 3568 4888 ergo

1993 4916 2066 4970 illi
2093 4915 2235 4985 pacis
2262 4923 2496 4969 externae
2525 4914 2741 4980 utilitas,
2771 4913 2983 4982 quando
3025 4913 3110 4966 ille
3137 4912 3318 4966 furens
3343 4921 3394 4964 et
3420 4909 3568 4966 rabie

1991 5012 2245 5078 percitus,
2289 5016 2343 5062 et
2378 5007 2676 5060 communis
2714 5017 2917 5060 naturae
2958 5005 3120 5058 hostis
3152 5003 3565 5066 circumcursat,

1992 5112 2195 5158 tantum
2240 5103 2502 5156 internum
2542 5101 2738 5156 bellum
2781 5111 3015 5170 geStans,
3057 5106 3112 5152 et
3159 5097 3302 5151 mille
3346 5096 3462 5150 telis
3504 5108 3569 5148 ac

1990 5195 2194 5266 sagittis
2231 5193 2460 5258 confodi,
2507 5204 2664 5263 atque
2709 5191 2843 5246 adeo
2886 5189 3059 5260 potius
3105 5189 3296 5243 millies
3339 5195 3568 5241 mortem

1992 5290 2097 5357 pati
2125 5297 2334 5358 optans,
2363 5302 2519 5354 quam
2550 5285 2730 5339 videre
2777 5282 3077 5353 quempiam
3107 5297 3170 5335 ex
3215 5280 3298 5346 iis,
3327 5280 3414 5349 qui
3445 5287 3569 5332 sunt

1991 5377 2228 5446 ejusdem
2273 5377 2503 5446 generis,
2554 5376 2604 5429 in
2653 5374 2789 5428 bona
2842 5389 2962 5429 esse
3009 5372 3431 5427 existimatione.
3477 5379 3568 5424 aut

1989 5467 2196 5522 felicius
2220 5467 2413 5537 agere?
2443 5467 2706 5520 'l‘eueatur
2733 5480 2917 5520 rursus
2938 5464 3072 5519 alius
3101 5463 3336 5532 pecunia:
3361 5460 3566 5530 cupidi-

1990 5567 2117 5622 tate,
2167 5559 2439 5612 innumera
2482 5556 2640 5618 bella,
2687 5571 2921 5625 pugnas,
2966 5564 3019 5610 et
3059 5553 3342 5607 seditiones
3372 5551 3421 5604 in
3469 5565 3566 5604 sua

1990 5649 2185 5705 conﬁat
2203 5651 2376 5704 anima
2404 5667 2416 5702 :
2441 5658 2494 5704 et
2510 5650 2731 5704 tumultu
2753 5665 2814 5704 ac
2836 5647 3230 5719 perturbatione
3249 5645 3564 5715 exagitatus,

1991 5757 2058 5796 ne
2088 5750 2259 5809 potest
2284 5741 2494 5806 quidem
2539 5739 2805 5809 paululum
2852 5738 3227 5809 respirare.At
3263 5750 3369 5790 non
3401 5735 3445 5789 is
3474 5731 3566 5803 qui

1989 5843 2071 5887 est
2113 5833 2243 5886 liber
2287 5833 2356 5887 ab
2395 5831 2653 5901 ejusmodi
2711 5827 3210 5898 perturbationibus,
3258 5826 3357 5879 hoc
3405 5823 3576 5878 modo-

1996 5924 2212 5980 atlectus
2243 5935 2322 5981 est
2351 5942 2363 5979 :
2392 5923 2484 5980 sed
2516 5922 2566 5978 in
2601 5920 2878 5993 tranquillo
2922 5929 3074 5991 portu
3118 5918 3286 5986 sedet,
3319 5931 3375 5972 se
3405 5914 3566 5972 studii
