4074 6356
414 422 484 482 53
1146 410 1208 467 S.
1235 406 1514 466 JOANNIS
1551 397 2028 462 CHRYSOSTOMI
2070 397 2386 456 ABCIIIEP.
2415 391 2954 454 CONSTANTINOP.
3625 383 3696 439 60

407 531 684 604 sapientiae
730 525 1088 599 voluptatibus
1123 524 1381 594 explens,
1408 529 1463 576 et
1499 519 1694 575 nullam
1737 514 1998 587 ejusmodi

411 626 712 682 molestiam
743 621 1032 678 sustinens.
1063 616 1324 684 Quocirca
1349 614 1450 668 hac
1475 626 1688 684 quoque
1716 607 2002 679 providen-

411 726 483 779 tia
530 723 710 778 fruens
741 719 999 791 propheta
1032 715 1282 771 dicebat:
1315 712 1381 765 In
1415 726 1540 782 pace
1563 711 1615 762 in
1640 707 1864 778 idipsum
1885 703 2006 758 dor-

413 816 569 868 miant
595 824 641 870 et
669 813 1007 882 requiescam;
1037 809 1284 870 innuens,
1312 803 1359 858 ei
1390 801 1481 873 qui
1528 800 1667 854 hanc
1711 813 1818 852 non
1845 794 2008 849 habet

415 921 623 978 pacem,
655 919 721 960 ue
763 915 1099 958 communem
1128 897 1340 968 quidem
1384 891 1621 947 omnium
1652 899 1860 960 portum
1889 900 2008 942 esse

416 1007 681 1068 apertum,
731 993 826 1050 sed
867 993 1014 1047 illum
1043 1001 1256 1060 quoque
1293 987 1623 1041 obstructum
1649 994 1788 1044 esse,
1817 991 2011 1046 nempe

418 1090 616 1160 quietis
677 1097 733 1144 et
778 1085 972 1140 noctis.
1025 1079 1338 1152 llujusmodi
1393 1078 1535 1132 enim
1591 1071 2012 1145 perturbationes

419 1182 582 1237 etiam
611 1195 727 1236 eam
753 1193 872 1248 qua!
898 1193 927 1230 a
958 1185 1142 1228 natura
1170 1171 1326 1227 datur
1344 1169 1684 1226 securitatem
1709 1161 2010 1234 proﬂigant,

424 1276 531 1330 alia
577 1271 813 1344 graviori
857 1267 1138 1340 tyrannide
1185 1264 1356 1320 somni
1414 1259 1748 1333 tyrannidem
1799 1255 2017 1311 omnino

421 1367 790 1422 deturbantes.
814 1361 978 1417 Invidi
1001 1361 1168 1428 enim,
1187 1357 1329 1414 avari
1351 1368 1404 1412 et
1420 1366 1680 1425 ruptores.
1701 1351 1802 1406 hoc
1821 1350 2018 1404 bellum

425 1459 662 1530 undique
711 1455 1151 1514 circumferentes
1178 1494 1194 1520 ,
1246 1460 1301 1508 et
1342 1452 1486 1506 intus
1527 1447 1732 1519 positos
1777 1443 2022 1500 inimicos

428 1553 712 1617 habentes,
759 1562 1095 1619 quocumque
1139 1543 1476 1606 recesserint,
1507 1553 1734 1612 pugnam
1761 1551 1868 1592 non
1894 1549 2021 1605 pos-

426 1650 551 1697 sunt
577 1640 811 1712 effugere
839 1657 854 1694 :
885 1640 980 1696 sed
1025 1639 1125 1694 etsi
1157 1636 1302 1691 domi
1349 1642 1629 1696 maneant,
1659 1630 1761 1686 etsi
1791 1630 1844 1683 in
1885 1629 2023 1682 lecto

427 1735 658 1806 iaceant,
687 1735 913 1790 telorum
955 1733 1154 1797 nubes,
1184 1741 1238 1785 et
1267 1729 1519 1784 tumultus
1564 1724 1720 1780 undis
1742 1719 2022 1778 violentio-

433 1842 543 1893 res,
577 1825 774 1891 aedes,
803 1825 1086 1889 clamores,
1131 1820 1375 1892 querelas
1400 1828 1455 1873 et
1479 1815 1816 1887 ejulationes,
1846 1821 1901 1866 et
1924 1809 2026 1864 alia

431 1922 597 1974 multo
629 1919 691 1974 iis
717 1932 836 1989 quae
883 1917 1022 1972 inter
1061 1915 1243 1970 hostes
1271 1911 1520 1968 accidunt
1561 1907 1812 1978 graviora
1858 1901 2028 1958 susti-

432 2020 584 2068 nent.
617 2012 688 2066 At
717 2025 822 2066 non
851 2010 929 2065 sic
968 2009 1144 2078 justus
1177 2024 1189 2060 :
1217 2005 1310 2062 scd
1336 2012 1390 2061 et
1413 2001 1638 2074 vigilans
1674 1996 2029 2054 delectatione

435 2105 650 2170 fruitur,
681 2113 735 2160 et
781 2111 1046 2158 nocturno
1094 2114 1333 2171 tempore
1360 2113 1480 2154 cum
1526 2108 1716 2166 magna
1762 2091 2032 2159 voluptate

435 2212 685 2252 somnum
716 2197 874 2266 capit.
921 2193 1057 2264 Quid
1101 2204 1186 2248 est
1213 2201 1414 2258 autem,
1445 2189 1510 2243 In
1538 2183 1806 2258 idipsum?
1837 2181 1892 2236 In
1920 2191 2034 2234 me-

443 2290 646 2357 ipsum,
676 2288 867 2358 inquit,
898 2296 1039 2342 totus
1064 2299 1374 2349 conversus,
1403 2297 1509 2338 non
1535 2281 1586 2335 in
1613 2293 1767 2335 curas
1790 2277 2034 2331 innume-

437 2381 632 2434 rabiles
647 2378 871 2444 divis-us,
901 2394 1008 2433 non
1034 2393 1152 2448 qua:
1176 2385 1299 2430 sunt
1326 2375 1482 2444 hujus
1507 2372 1590 2426 vel
1609 2371 1750 2425 illius
1771 2366 2033 2437 cogitans,

446 2488 551 2528 nec
581 2475 633 2528 in
657 2473 843 2528 orbem
873 2483 1134 2529 terrarum
1157 2469 1539 2526 sollicitudines
1559 2464 1908 2535 dispertiens;
1939 2459 2036 2516 sed

445 2584 568 2637 qum
594 2581 712 2622 mea
755 2575 881 2621 sunt
926 2565 1184 2636 cogitans,
1211 2573 1266 2619 et
1303 2577 1422 2633 quae
1447 2560 1576 2615 mihi
1625 2557 1793 2620 utilia,
1837 2563 1892 2610 et
1917 2567 2037 2624 quae

446 2667 570 2712 sunt
601 2657 802 2714 homini
832 2657 1065 2712 maxime
1091 2654 1459 2712 convenientia
1494 2671 1506 2706 :
1540 2649 1673 2716 Quia
1693 2659 1768 2713 tu,
1801 2646 2035 2711 Domine,

443 2749 766 2818 singulariter
799 2749 852 2803 in
879 2765 971 2818 spe
1011 2747 1312 2802 constituisti
1340 2761 1438 2799 me.
1465 2741 1618 2811 Quod
1657 2748 1834 2795 autem
1865 2737 2036 2804 dicit,

448 2850 532 2896 est
559 2839 819 2910 ejusmodi
853 2856 865 2893 :
894 2840 1118 2910 Propter
1155 2853 1304 2909 spem
1333 2836 1649 2901 futurorum,
1680 2841 1734 2887 et
1762 2838 2039 2899 exspecta-

447 2935 645 2988 tionem
674 2947 795 3003 qua:
816 2933 970 2987 estin
998 2939 1072 2997 te,
1099 2942 1290 2986 omnes
1304 2928 1464 2982 animi
1493 2926 1596 2981 mei
1617 2921 2041 2995 perturbationes

446 3023 758 3093 compressi.
813 3023 966 3077 Sicut
1005 3022 1164 3076 etiam
1202 3019 1330 3074 dicit
1355 3015 1550 3073 Paulus
1579 3033 1594 3068 :
1625 3013 1773 3081 Quod
1797 3021 1869 3066 est
1909 3013 2044 3065 enim

447 3118 500 3170 in
549 3117 816 3186 puemitia
861 3114 1137 3169 admodum
1182 3112 1285 3168 lere
1328 3110 1607 3182 aﬂlictionis
1630 3148 1645 3172 ,
1689 3107 1950 3177 insigniter
1989 3103 2042 3158 in

451 3208 756 3262 sublimitate
781 3217 1022 3262 aeternum
1061 3206 1259 3276 pondus
1285 3204 1462 3276 gloria
1490 3202 1631 3256 nobis
1653 3209 1912 3270 operatur,
1943 3212 2046 3250 non

451 3301 883 3356 ronsiderantibus
906 3298 1047 3354 nobis
1085 3315 1198 3369 qua:
1221 3299 1470 3361 videntur,
1498 3295 1587 3349 sed
1615 3309 1726 3362 qua:
1749 3309 1848 3346 non
1875 3291 2048 3346 viden-

459 3404 541 3448 tur
589 3394 647 3466 (2
673 3393 794 3450 Cor.
822 3392 876 3448 4.
909 3393 994 3448 17.
1029 3391 1138 3463 18).
1166 3389 1320 3444 Nulla
1346 3389 1489 3444 enim
1517 3402 1608 3442 res
1635 3393 1718 3441 est
1745 3385 1879 3439 adeo
1903 3381 2046 3437 diffi-

457 3488 594 3549 cilis,
623 3501 742 3557 qua:
772 3500 876 3540 non
911 3484 1003 3539 flat
1029 3483 1274 3539 facillima
1305 3495 1400 3550 spe
1431 3480 1618 3534 futura:
1647 3492 1674 3530 τι
1706 3478 1814 3531 Deo
1841 3474 2044 3545 gloriae.

459 3579 750 3650 Propterea
777 3577 906 3632 dicit
939 3595 952 3630 :
985 3575 1052 3630 In
1077 3591 1167 3644 spe
1193 3573 1493 3628 constituisti
1523 3587 1620 3624 me.
1656 3571 1720 3624 Et
1744 3567 1892 3632 illud,
1925 3566 2047 3622 Sin-

461 3672 726 3742 gulariter,
757 3683 864 3725 non
891 3678 975 3725 est
1001 3683 1160 3740 parva
1187 3667 1443 3722 doctrinae
1469 3665 1656 3720 virtus.

531 3764 618 3818 15.
661 3761 797 3830 Quid
827 3770 908 3817 est
933 3771 1132 3828 autem,
1161 3758 1547 3830 Singulariter.’
1571 3756 1824 3812 Scorsum
1855 3753 1923 3808 ab
1943 3753 2046 3806 im-

459 3857 659 3928 probis.
695 3855 840 3911 llanc
879 3856 1020 3910 enim
1051 3869 1234 3924 pacem
1257 3895 1270 3920 ,
1306 3853 1504 3922 inquit,
1536 3849 1675 3920 apud
1714 3857 1766 3904 te
1795 3847 2051 3916 przeclare

462 3949 642 4014 habui,
666 3957 718 4002 et
747 3946 1032 4018 separatim
1065 3945 1264 4009 habito,
1291 3944 1496 4014 fugiens
1519 3941 1759 3995 homines
1783 3937 2053 4006 improbos

462 4053 526 4094 ac
551 4047 853 4108 corruptos.
884 4038 952 4092 Et
973 4037 1093 4108 jure
1118 4034 1378 4106 profecto.
1411 4030 1870 4100 Quemadmodum
1910 4027 2053 4081 enim

463 4143 684 4199 corpora
715 4141 860 4198 saepe
900 4142 929 4180 a
971 4128 1204 4197 corrupti
1247 4125 1388 4180 aeris
1433 4124 1518 4179 lue
1561 4119 1751 4176 infecta
1794 4126 2052 4189 pereunt:

465 4223 539 4277 ita
568 4223 728 4276 etiam
770 4222 948 4276 anima
988 4235 1131 4288 sape
1158 4218 1410 4273 damnum
1445 4215 1650 4284 accepit
1687 4226 1754 4267 ex
1795 4211 2056 4266 malorum

466 4313 849 4382 congressione
874 4329 886 4366 :
916 4321 970 4366 et
997 4313 1134 4366 sicut
1159 4324 1320 4365 sanus
1348 4305 1534 4363 oculus
1559 4303 1771 4375 quando
1808 4302 2057 4357 laboran-

468 4413 574 4459 tem
601 4403 889 4474 aspexerit,
914 4401 1167 4468 afﬁcitur,
1194 4409 1249 4456 et
1275 4399 1364 4471 qui
1394 4407 1476 4454 est
1500 4397 1680 4452 scabie
1703 4395 1928 4450 refertus
1947 4433 1962 4458 ,
1993 4391 2059 4446 iis

469 4495 630 4550 etiam
670 4495 758 4564 qui
806 4493 924 4549 sani
961 4502 1083 4547 sunt
1120 4507 1238 4548 eam
1287 4487 1557 4560 impertit;
1609 4487 1680 4539 ita
1719 4485 1878 4541 etiam
1918 4496 2060 4551 saepe

471 4587 731 4657 contingit
757 4586 810 4640 in
844 4583 1227 4640 consuetudine
1255 4581 1618 4652 improborum
1654 4576 1952 4631 hominum.
1995 4572 2064 4627 Et

472 4677 595 4734 ideo
624 4677 786 4734 etiam
826 4677 993 4731 suasit
1028 4675 1270 4731 Christus
1313 4687 1422 4728 non
1461 4672 1632 4726 solum
1677 4683 1772 4723 eos
1808 4667 1897 4738 qui
1940 4671 2064 4720 sunt

475 4768 610 4823 tales
648 4768 850 4837 fugere,
897 4766 992 4822 sed
1037 4768 1197 4821 etiam
1243 4763 1574 4828 exscindere,
1617 4761 1696 4815 sic
1729 4760 1950 4814 dicens:
2003 4755 2064 4812 Si

476 4861 651 4915 oculus
678 4869 795 4914 tuus
821 4861 992 4914 dexter
1012 4869 1060 4914 te
1086 4858 1418 4922 scandalizat,
1441 4872 1556 4910 erue
1582 4871 1717 4920 eum,
1748 4863 1795 4907 et
1821 4854 1943 4924 ejice
1968 4867 2000 4903 α
2021 4859 2067 4903 te

477 4951 690 5021 (Matth.
721 4952 772 5007 5.
801 4952 917 5022 29),
950 4966 1055 5005 non
1083 4950 1264 5005 dicens
1290 4949 1358 5004 de
1392 4948 1579 5006 oculo:
1612 4945 1736 5016 quid
1760 4944 1904 5001 enim
1943 4943 2066 4996 mali

478 5042 668 5098 fecerit
706 5044 912 5107 oculus,
944 5043 988 5098 si
1031 5043 1102 5097 sit
1141 5052 1305 5096 sanus
1352 5039 1602 5093 animus?
1640 5037 1734 5091 sed
1773 5035 1841 5090 de
1881 5034 2069 5088 amicis

480 5137 819 5202 necessariis,
849 5144 903 5192 et
945 5135 1033 5206 qui
1070 5142 1195 5190 sunt
1227 5131 1380 5187 nobis
1416 5130 1536 5186 loco
1581 5129 1768 5184 horum
1798 5125 2071 5182 membro-

481 5245 632 5296 rum,
665 5239 719 5283 et
754 5243 853 5283 nos
897 5228 1122 5292 laedunt,
1154 5227 1268 5280 haec
1316 5223 1626 5289 constituit,
1662 5221 1854 5292 jubens
1883 5232 2071 5275 eorum

485 5323 644 5375 etiam
669 5321 956 5376 amicitiam
981 5328 1346 5381 contemnere,
1371 5327 1430 5371 ut
1448 5325 1628 5370 nostra
1651 5314 1793 5367 salus
1815 5311 2074 5370 efﬁciatur

486 5417 670 5470 tutior.
703 5414 1057 5482 Quamobrem
1087 5413 1199 5482 ipse
1236 5411 1395 5466 etiam
1431 5423 1617 5465 rursus
1646 5408 1699 5462 in
1731 5403 2075 5476 sequentibus

473 5507 618 5562 dicit
646 5526 661 5562 :
691 5507 811 5561 Non
841 5507 947 5567 sedi
975 5523 1088 5560 cum
1127 5503 1339 5560 consilio
1376 5503 1644 5567 uanitatis,
1688 5508 1733 5554 et
1767 5516 1880 5552 cum
1910 5498 2079 5566 inique

489 5600 752 5673 agentibus
776 5615 876 5655 non
898 5600 1155 5670 ingrediar
1178 5596 1346 5670 (Psal.
1377 5596 1467 5653 ΞΒ.
1499 5596 1578 5665 4).
1609 5591 1908 5662 Quinetiam
1929 5587 2078 5644 Jere-

490 5695 628 5748 mias
651 5705 772 5748 eum
803 5693 930 5748 dicit
964 5691 1196 5758 beatum,
1227 5689 1315 5759 qui
1343 5687 1490 5743 sedet
1520 5684 1804 5755 separatim
1823 5723 1838 5745 .
1861 5688 1917 5736 et
1944 5679 2080 5736 tollit

489 5787 673 5857 jugnm
716 5785 782 5840 ab
817 5783 1172 5840 adolescentia
1204 5779 1414 5854 (Thren.
1445 5780 1498 5834 5.
1523 5777 1614 5832 27.
1645 5776 1762 5846 28).
1809 5773 1926 5829 Jam
1953 5786 2082 5827 vero

494 5884 656 5940 etiam
681 5881 964 5940 Proverbia
993 5881 1158 5937 multa
1185 5878 1251 5935 de
1279 5893 1343 5936 ea
1370 5891 1426 5934 re
1456 5874 1617 5936 verba
1645 5872 1862 5942 iaciunt,
1893 5869 2079 5928 dicen-

2114 512 2182 565 tia
2212 519 2267 566 et
2299 511 2574 567 suadentia
2601 509 2848 564 omnibus
2867 549 2882 571 ,
2909 519 3015 559 non
3049 502 3222 558 solum
3267 499 3535 557 declinare
3557 541 3572 566 ,
3599 500 3694 555 sed

2109 605 2266 659 etiam
2295 605 2500 658 resilire
2528 603 2596 658 ab
2625 603 2688 657 iis
2716 601 2806 671 qui
2836 599 2971 654 mala
3004 597 3288 652 consulunt
3309 635 3322 656 .
3355 601 3410 649 et
3437 609 3542 648 non
3571 607 3695 647 cum

2111 696 2216 750 illis
2243 695 2465 750 versari.
2493 694 2547 750 Si
2575 694 2716 749 enim
2745 707 2863 762 qua:
2889 699 3013 745 sunt
3039 688 3296 742 naturalia
3322 701 3466 756 serpe
3493 693 3700 739 mutant

2113 799 2354 842 naturam
2401 799 2469 841 ex
2510 785 2648 839 mala
2677 782 3100 838 consuetudine:
3147 787 3346 848 quanto
3378 775 3547 846 magis
3582 789 3701 844 quae

2115 887 2241 934 sunt
2282 886 2479 932 nostris
2513 874 2841 930 voluntatis?
2867 873 3028 928 Color
3071 870 3212 924 enim
3249 877 3302 922 et
3339 867 3539 922 sanitas
3567 866 3705 920 inest

2118 970 2270 1024 nobis
2298 981 2484 1024 natura
2509 986 2522 1022 :
2554 968 2648 1023 sed
2675 983 2737 1021 ca
2780 977 3174 1033 nonnumquam
3199 967 3612 1027 corrumpuntur
3638 972 3705 1011 ex

2119 1062 2226 1116 alio
2251 1061 2433 1116 habitu
2457 1059 2760 1124 contrario;
2792 1066 2846 1111 ct
2868 1069 3053 1111 rursus
3079 1051 3344 1124 appetitus
3367 1049 3630 1112 ciborum,
3652 1055 3708 1101 et

2121 1166 2242 1207 eum
2271 1165 2413 1222 saepe
2437 1150 2707 1221 perdimus
2735 1149 2864 1203 vitio
2896 1144 3265 1218 aegritudinum
3290 1159 3304 1206 ;
3339 1140 3504 1195 multa
3545 1137 3706 1192 etiam

2122 1245 2223 1299 alia
2249 1244 2509 1315 ejusmodi
2547 1242 2788 1299 accidere
2817 1240 3078 1295 videmus.
3106 1235 3262 1305 Quod
3287 1234 3330 1288 si
3362 1247 3423 1287 ea
3449 1245 3567 1301 qua:
3585 1237 3712 1284 sunt

2125 1335 2407 1400 naturalia,
2437 1345 2730 1397 mutantur,
2757 1332 2926 1386 multo
2953 1329 3120 1398 magis
3145 1343 3206 1382 ea
3231 1341 3348 1394 qua:
3372 1333 3496 1377 sunt
3519 1320 3709 1376 volun-

2127 1428 2287 1490 tatis,
2339 1426 2545 1482 facilius
2597 1434 2868 1480 mutantur
2910 1421 2978 1475 ad
3023 1417 3354 1474 utrumlibet.
3399 1414 3478 1469 Ne
3524 1427 3712 1484 parum

2127 1517 2305 1572 damni
2334 1516 2526 1572 afferre
2562 1515 2930 1571 existimemus
2964 1510 3328 1581 improborum
3367 1503 3713 1562 consuetudi-

2130 1627 2290 1666 nem:
2339 1609 2431 1665 sed
2474 1618 2596 1664 ante
2632 1608 2810 1661 omnia
2845 1620 2939 1660 eos
2980 1604 3070 1674 qui
3116 1602 3246 1656 tales
3291 1606 3414 1654 sunt
3449 1597 3713 1658 vitemus,

2129 1703 2336 1757 etiamsi
2377 1701 2486 1756 sint
2513 1714 2739 1766 uxores,
2782 1696 2987 1753 etiamsi
3018 1693 3212 1758 amici,
3240 1688 3448 1746 etiamsi
3475 1685 3713 1756 quilibet.

2132 1793 2264 1847 Nam
2306 1793 2408 1846 hoc
2434 1791 2596 1846 etiam
2639 1801 2858 1858 magnos
2888 1787 3006 1841 illos
3034 1782 3298 1855 perdidit,
3327 1780 3672 1836 Salomonem
3697 1814 3717 1841 ,

2135 1886 2350 1952 inquam
2381 1925 2397 1950 ,
2424 1891 2479 1937 et
2514 1882 2828 1938 Samsonem
2858 1897 2872 1935 :
2904 1877 3191 1949 quinetiam
3220 1883 3387 1929 totum
3429 1885 3599 1942 genus
3621 1867 3720 1923 Ju—

2134 1976 2343 2031 daicum
2383 1975 2461 2030 sic
2493 1972 2671 2044 periit.
2711 1971 2894 2040 Neque
2929 1969 3071 2024 enim
3115 1967 3243 2021 fera:
3285 1965 3357 2019 ita
3397 1962 3614 2026 laedunt,
3663 1967 3722 2013 ut

2137 2068 2411 2123 hominum
2441 2066 2771 2136 improbitas.
2801 2063 2908 2119 Illae
2944 2061 3086 2117 enim
3115 2073 3376 2115 venenum
3404 2064 3588 2126 aperte
3610 2068 3722 2123 pra:

2138 2174 2197 2214 se
2234 2158 2446 2213 ferunt:
2480 2156 2534 2210 hi
2578 2165 2756 2210 autem
2786 2153 2984 2209 sensim
3029 2160 3085 2206 et
3122 2151 3322 2219 absque
3361 2146 3470 2202 ullo
3499 2143 3724 2212 strepitu

2138 2250 2311 2306 labem
2340 2249 2576 2320 quotidie
2601 2248 2908 2312 immittunt,
2938 2244 3006 2300 de
3031 2242 3239 2297 virtutis
3268 2240 3462 2296 robore
3486 2236 3726 2306 quotidie

2140 2343 2390 2414 paulatim
2445 2339 2809 2398 detrahentes.
2866 2337 3127 2407 Quocirca
3183 2335 3344 2389 etiam
3399 2328 3726 2399 impudicum

2141 2447 2414 2506 aspectum
2444 2433 2584 2489 Deus
2612 2431 2894 2496 amolitur,
2928 2429 3112 2484 dicens
3136 2446 3149 2481 :
3180 2426 3282 2492 Qui
3310 2423 3581 2494 respexerit
3609 2437 3725 2473 mu-

2143 2530 2314 2584 lierem
2340 2528 2408 2582 ad
2448 2524 2923 2593 concupiscendum,
2954 2523 3066 2594 jam
3105 2521 3382 2573 moechatus
3421 2523 3493 2570 est
3537 2529 3645 2568 eam
3674 2515 3729 2566 in

2143 2624 2295 2678 corde
2333 2639 2425 2677 suo
2457 2620 2670 2694 (Matth.
2699 2619 2754 2675 5.
2779 2617 2875 2686 38)
2904 2636 2918 2670 :
2961 2631 3026 2670 eo
3051 2612 3191 2684 quod
3227 2612 3297 2666 sit
3321 2609 3474 2664 facile
3513 2622 3576 2662 ac
3603 2621 3729 2675 pro-

2144 2716 2282 2772 olive
2321 2715 2570 2770 exitium.
2611 2713 2689 2767 Tu
2737 2719 2938 2774 autem,
2989 2707 3033 2761 si
3081 2707 3133 2759 in
3183 2703 3395 2758 civitate
3437 2699 3613 2768 aliqua
3655 2697 3726 2752 sis

2146 2807 2501 2869 habitaturus,
2523 2804 2590 2860 de
2615 2817 2741 2858 aere
2765 2801 2974 2857 curiose
2999 2794 3243 2867 inquiris,
3273 2809 3340 2848 an
3369 2793 3438 2846 sit
3466 2789 3693 2844 salubris
3711 2827 3729 2854 ,

2147 2916 2215 2972 an
2243 2907 2567 2970 temperatus
2586 2938 2601 2962 ,
2630 2911 2698 2950 an
2724 2894 2896 2950 siccus
2921 2909 2934 2944 :
2965 2890 3030 2944 de
3055 2889 3230 2943 anima
3255 2897 3429 2940 autem
3468 2881 3730 2936 rationem

2147 2969 2395 3056 initurus,
2426 3004 2532 3045 non
2557 3002 2617 3043 es
2635 2985 2896 3042 sollicitus
2913 2982 2982 3037 de
3004 2994 3188 3036 eorum
3209 2973 3614 3036 consuetudine,
3639 2969 3732 3039 qui

2148 3099 2270 3139 cum
2295 3097 2358 3138 ea
2385 3088 2506 3136 sunt
2531 3074 2895 3146 congressuri;
2922 3071 3016 3128 sed
3043 3082 3241 3125 temere
3260 3075 3315 3122 et
3342 3063 3733 3120 inconsiderate

2151 3189 2268 3231 eam
2298 3171 2544 3229 omnibus
2573 3165 2881 3240 permittis?
2901 3165 3094 3232 Quam,
3121 3174 3323 3231 quaeso,
3354 3155 3564 3211 veniam
3587 3167 3736 3207 asse-

2151 3267 2329 3338 queris
2349 3308 2364 3332 ,
2392 3265 2482 3337 qui
2508 3279 2626 3318 eam
2653 3262 2731 3317 sic
2757 3257 3015 3330 negligis?
3044 3253 3318 3311 Undeuam
3342 3248 3618 3305 existimas
3641 3258 3737 3300 eos

2151 3337 2241 3430 qui
2271 3357 2482 3412 deserta
2518 3354 2792 3419 incolunt,
2822 3346 3162 3404 admirabiles
3187 3354 3242 3399 et
3265 3342 3437 3397 claros
3468 3337 3736 3394 evadere?

2154 3427 2336 3508 nonne
2371 3447 2513 3519 quod
2554 3445 2808 3516 strepitus
2845 3452 2898 3498 et
2941 3441 3053 3495 fora
3103 3435 3343 3509 fugiant?
3379 3447 3556 3488 nonne
3593 3427 3737 3501 quod

2153 3544 2310 3614 longe
2331 3557 2361 3596 a
2390 3543 2533 3597 fumo
2561 3540 2916 3610 negotiorum,
2945 3549 3061 3605 quae
3082 3540 3204 3587 sunt
3225 3530 3277 3582 in
3302 3525 3477 3582 medio
3496 3567 3510 3589 ,
3540 3538 3598 3578 se
3623 3520 3739 3575 col-

2154 3636 2418 3692 locarint?
2444 3636 2551 3691 Eos
2584 3635 2696 3703 ipse
2731 3644 2942 3702 quoque
2980 3626 3206 3686 imitare,
3233 3621 3285 3676 in
3312 3618 3484 3674 media
3525 3614 3742 3671 civitate

2156 3728 2494 3784 solitudinem
2517 3735 2861 3795 persequens.
2891 3717 3168 3789 Quomodo
3189 3727 3363 3768 autem
3391 3711 3493 3764 hoc
3519 3706 3663 3762 erit?
3685 3704 3739 3758 Si

2157 3820 2326 3890 fugias
2354 3819 2624 3888 improbos
2648 3857 2662 3882 ,
2694 3823 2748 3868 et
2770 3813 2816 3868 si
2847 3813 3015 3867 bonos
3051 3805 3309 3877 sequaris.
3341 3802 3416 3856 lta
3444 3799 3587 3856 enim
3625 3811 3744 3850 ma-

2157 3913 2326 3984 jorem
2371 3911 2632 3980 percipies
2677 3907 3037 3966 securitatem,
3085 3914 3242 3970 quam
3286 3897 3373 3965 qui
3420 3893 3475 3948 in
3515 3888 3744 3945 desertis

2161 3977 2435 4068 habitant,
2465 3977 2570 4056 non
2593 4000 2763 4054 solum
2795 3997 2849 4050 in
2893 3995 2958 4049 iis
2988 3990 3248 4062 fugiendis
3272 3988 3359 4058 qui
3385 3984 3611 4046 lmduut,
3649 3977 3744 4033 sed

2161 4097 2318 4151 etiam
2346 4095 2398 4148 in
2426 4089 2868 4146 communicando
2893 4099 3012 4139 cum
3046 4084 3109 4136 iis
3135 4079 3222 4150 qui
3251 4083 3488 4148 prosunt.
3520 4072 3575 4128 Si
3602 4070 3744 4125 enim

2164 4188 2333 4244 malos
2361 4183 2572 4255 quidem
2603 4180 2792 4250 fugias,
2817 4179 3187 4234 bonos-autem
3213 4167 3471 4240 sequaris,
3501 4163 3748 4230 utrinque

2164 4288 2220 4336 et
2242 4279 2410 4332 virtus
2439 4281 2706 4343 augescet,
2749 4281 2804 4326 et
2831 4269 3106 4324 decrescet
3143 4262 3350 4317 vitium.
3378 4257 3448 4314 Ut
3491 4256 3602 4310 hoc.
3621 4266 3749 4322 ergo

2168 4371 2279 4432 fiat,
2303 4366 2417 4421 haec
2445 4364 2721 4426 faciamus,
2750 4368 2998 4430 parentes
3019 4351 3446 4426 psalmographo,
3472 4347 3560 4418 qui
3583 4344 3746 4400 dicit:

2171 4461 2422 4527 Quoniam
2470 4466 2556 4524 tu,
2588 4453 2822 4516 Domine,
2863 4447 3186 4520 singulariter
3226 4445 3280 4498 in
3318 4458 3410 4513 spe
3451 4434 3753 4493 constituisti

2168 4570 2247 4607 me
2280 4558 2318 4607 ³.
2363 4551 2460 4606 llic
2500 4563 2629 4604 vero
2668 4546 2829 4602 ﬁnem
2871 4541 3078 4599 dicendi
3111 4539 3321 4600 faciam,
3361 4547 3487 4588 cum
3519 4527 3751 4594 abunde,

2170 4653 2384 4720 opinor,
2411 4645 2708 4718 propositas
2736 4639 3057 4713 quaestiones
3086 4632 3423 4696 solverimus,
3463 4628 3514 4680 in
3543 4622 3758 4679 Christo

2170 4743 2296 4799 Jesu
2327 4740 2552 4795 Domino
2591 4744 2796 4800 nostro,
2823 4732 2905 4788 cui
2928 4727 3092 4800 gloria
3120 4736 3173 4781 et
3198 4721 3499 4792 imperium,
3529 4728 3673 4769 nunc
3700 4721 3758 4766 et

2173 4848 2403 4904 semper,
2437 4840 2489 4887 et
2515 4830 2567 4884 in
2594 4827 2784 4882 saecula
2816 4821 3148 4879 smculorum.
3183 4817 3374 4870 Amen.

2494 4936 2859 4996 EXPOSITIO
2897 4934 2966 4990 IN
3003 4927 3328 4987 PSALMUM
3365 4925 3435 4982 ν.

2176 5060 2244 5115 In
2293 5060 2445 5129 ﬁnem
2485 5072 2576 5128 pro
2629 5071 2688 5109 ea
2737 5067 2851 5125 qute
2897 5049 3220 5103 hereditatem
3258 5042 3460 5112 accipit,
3520 5036 3763 5092 Psalmus

2711 5142 2895 5197 Davidi
2935 5141 3006 5210 (υ.
3033 5138 3084 5212 ι)
3122 5136 3218 5211 (α).

2253 5265 2306 5320 l.
2349 5261 2616 5317 Hereditas
2639 5273 2752 5329 qua:
2776 5257 2918 5310 nobis
2946 5254 3119 5307 relicta
3155 5252 3316 5304 sit.——
3335 5243 3623 5301 Videamus
3648 5239 3765 5310 pri-

2247 5381 2263 5411 ¹
2301 5380 2552 5440 Βεςηροξι
2586 5372 2689 5440 btet;
2711 5370 2880 5440 verba,
2912 5369 2978 5437 in.
2995 5379 3080 5429 spe
3116 5358 3408 5440 constititisti:
3427 5353 3764 5440 ⁸ηξξξζᾼεξςξξξξξιξ.

2183 5416 2712 5504 ίὲιξΐθῖξὲἶιζ
2724 5416 2791 5504 et
2803 5416 3078 5504 iutpert'm'n,
3093 5435 3217 5504 "etc.
3241 5423 3368 5495 (του).
3394 5423 3442 5470 in

2185 5483 2469 5552 Zaitham;
2606 5483 2805 5554 desiuit,
2843 5483 2898 5542 u't
2931 5499 2981 5541 et
3003 5483 3265 5550 Savil.,qui
3288 5483 3546 5547 sequentia
3569 5483 3620 5528 in
3639 5489 3768 5524 mar-

2184 5566 2302 5626 gine
2325 5561 2565 5626 adscribit.
2696 5619 2708 5626 _
2831 5621 2840 5626 _
2976 5622 3004 5626 _
3064 5614 3074 5626 ,
3131 5595 3767 5626 ,Πωμηηηηηηηηκ

2250 5595 2758 5688 ἐῶωβξίῦξὲἒ-γθπιηι
2772 5621 2956 5688 primus
2976 5613 3144 5688 Psalmi
3173 5621 3343 5688 versus
3360 5595 3771 5688 perperamsititli

2186 5661 2325 5736 mSFé
2358 5661 2991 5749 béitiiii'i'ifsiaéiifﬁad
3009 5661 3182 5749 autem
3202 5675 3253 5720 in
3283 5661 3428 5743 savii.
3451 5661 3518 5749 ’ξι

2188 5735 2271 5799 ubi
2295 5735 2403 5810 post
2418 5745 2612 5796 titulum
2631 5743 2798 5793 Psalmi
2818 5735 2980 5810 statim
3001 5739 3194 5810 ponitur
3217 5735 3772 5810 primumutitectezﬂgta

2191 5785 3242 5874 iiiiiiSiBRii'iiiiEhéii‘ééh‘iitiiiiiiiimuuh
3261 5797 3607 5856 interpretatur
3625 5785 3736 5846 cur:
3747 5807 3771 5820 -

2191 5881 2445 5928 ςοδιυηιιδ.
