4040 6342
312 429 383 486 59
1473 428 1840 484 EXFOSITIO
1881 427 1946 482 ΙΝ
1985 429 2312 486 PSALMUM
2338 430 2403 485 γ.
3481 438 3552 493 σο

302 546 564 616 οὐδεμίαν
595 549 880 621 ὑπομένων
913 551 1104 621 ἀηδίαν
1128 550 1400 618 τοιαύτην.
1429 550 1519 603 Διὸ
1541 551 1604 622 δὴ
1631 551 1722 604 καὶ
1744 550 1876 603 ταύ-

300 647 404 700 της
430 631 717 686 ἀπολαύων
749 635 848 704 τῆς
888 635 1144 705 προνοίας
1171 637 1200 687 6
1226 633 1518 705 Προφήτης
1545 633 1749 701 ἔλεγεν·
1785 635 1887 686 Ἐν

300 721 514 790 εἰρήνῃ
545 724 643 776 ἐπὶ
681 725 745 777 τὸ
780 726 926 778 αὐτὸ
969 725 1425 795 κοιμηθήσομαι,
1469 724 1567 778 καὶ
1592 723 1884 782 ὑπνώσω·

302 805 500 873 δηλῶν,
544 807 626 858 ὅτι
659 807 738 876 τῷ
772 808 846 878 μὴ
901 808 1104 878 ταύτην
1135 809 1310 878 ἔχοντι
1343 809 1441 878 τὴν
1471 807 1690 878 εἰρήνην
1710 806 1827 858 οὐδὲ
1858 809 1886 860 6

303 888 480 950 κοινὸς
514 888 678 959 λιμὴν
717 889 860 954 ἄπας
891 891 1216 961 ἀνέῳκταια,
1241 889 1379 942 ἀλλά
1405 892 1498 942 καὶ
1533 882 1686 952 οὗτος
1716 906 1884 958 προσ-

304 971 598 1040 κέχωσται,
632 975 659 1024 6
679 973 773 1025 τοῦ
810 973 977 1026 ὕπνου
1009 976 1102 1027 καὶ
1129 978 1228 1046 τῆς
1248 976 1460 1038 νυκτός.
1488 972 1570 1025 Τά
1601 972 1709 1042 γὰρ
1735 974 1882 1040 πάθη

302 1052 474 1106 ταῦτα
509 1055 604 1106 καὶ
636 1054 733 1124 τὴν
760 1057 866 1108 ἀπὸ
891 1057 986 1126 τῆς
1017 1057 1230 1126 φύσεως
1250 1057 1431 1111 ἄδειαν
1463 1055 1743 1125 διδομένην
1770 1054 1883 1106 δια-

303 1136 535 1206 φθείρει,
560 1139 722 1209 ἑτέρᾳ
759 1140 1032 1209 τυραννίδι
1064 1141 1419 1213 χαλεπωτέρᾳ
1445 1141 1540 1193 τοῦ
1583 1139 1750 1192 ὕπνου
1784 1139 1882 1208 τὴν

300 1221 591 1289 τυραννίδα
616 1222 898 1285 παντελῶς
930 1223 1349 1294 παρωθούμενα.
1378 1225 1440 1277 Οἱ
1470 1225 1577 1294 γάρ
1607 1223 1879 1293 φθονεροὶ,

301 1304 394 1355 καὶ
429 1301 712 1372 βάσκανοι,
745 1306 837 1357 καὶ
874 1305 1225 1366 πλεονέκται,
1261 1308 1358 1360 καὶ
1410 1308 1658 1376 ἅρπαγες
1691 1306 1880 1360 τοῦτον

298 1387 391 1439 τὸν
427 1387 663 1456 πόλεμον
687 1389 964 1457 πανταχοῦ
1005 1391 1412 1460 περιφέροντες,
1448 1391 1540 1444 καὶ
1567 1392 1690 1453 τοὺς
1722 1389 1880 1442 πολε-

304 1469 458 1536 μίους
487 1469 637 1523 ἔνδον
667 1470 880 1541 ἔχοντες
912 1472 1336 1542 ἐγκαθημένους,
1358 1474 1600 1544 ὅπουπερ
1624 1473 1689 1525 ἄν
1715 1471 1878 1524 ἁπέλ-

301 1550 454 1614 θωσι,
480 1557 674 1622 φυγεῖν
695 1555 755 1606 ού
790 1554 1040 1616 δύνανται
1072 1557 1172 1626 τὴν
1203 1557 1379 1626 μάχην
1401 1574 1412 1585 ·
1446 1557 1580 1609 ἀλλά
1605 1557 1709 1610 κᾶν
1740 1557 1876 1609 οίκοι

304 1638 529 1700 μένωσι,
577 1637 680 1689 κᾶν
717 1638 807 1688 ἐπὶ
855 1638 1041 1708 κλίνης
1076 1639 1340 1703 κέωνται,
1369 1639 1506 1708 νέφη
1549 1638 1747 1708 βελῶν,
1782 1640 1876 1691 καὶ

300 1716 565 1785 θορύϐους
614 1720 876 1788 κυμάτων
925 1721 1295 1791 βιαιοτέρους,
1343 1722 1435 1774 καὶ
1477 1721 1728 1790 σφαγάς,
1779 1721 1874 1773 καὶ

299 1802 566 1868 κραυγὰς,
601 1802 696 1854 καὶ
722 1805 987 1872 οἰμωγάς,
1023 1805 1116 1856 καὶ
1144 1804 1307 1874 ’έτερα
1331 1804 1510 1874 πολλῷ
1542 1804 1648 1857 τῶν
1674 1806 1731 1857 ὲν
1760 1807 1874 1868 τοῖς

297 1885 580 1952 πολεμίοις
628 1885 1034 1954 συμϐαινόντων
1083 1886 1437 1958 χαλεπώτερα
1488 1887 1868 1956 ὑπομένουσιν.

311 1966 450 2018 Ἀλλ’
475 1967 572 2036 οὐχ
601 1967 628 2018 6
657 1967 863 2032 δίκαιος
891 1969 1064 2032 οὕτως
1084 1986 1098 2000 ·
1123 1969 1257 2023 ἀλλά
1284 1972 1378 2022 καὶ
1405 1969 1722 2040 ἐγρηγορὼς
1740 1986 1871 2040 τρυ-

297 2051 393 2118 φᾷ,
431 2050 526 2102 καὶ
558 2051 616 2100 ἐν
647 2049 826 2120 καιρῷ
858 2052 959 2121 τῆς
991 2053 1184 2116 νυκτὸς
1217 2052 1354 2123 μετά
1389 2053 1589 2123 πολλῆς
1620 2055 1719 2123 τῆς
1754 2053 1872 2123 ἡδο-

295 2133 393 2201 νῆς
426 2132 516 2185 τὸν
544 2133 712 2186 ὕπνον
747 2134 982 2204 δέχεται.
1024 2136 1089 2187 Τί
1126 2135 1183 2187 δέ
1221 2137 1388 2198 ἐστιν,
1421 2136 1547 2188 Ἐπί
1591 2135 1658 2188 τὸ
1690 2136 1872 2196 αὑτό;

295 2217 643 2287 Συνηγμένος
668 2217 802 2288 πρὸς
827 2218 1080 2288 ἐμαυτὸν,
1107 2220 1259 2288 φησί,
1289 2218 1780 2289 συνεστραμμένος,
1809 2220 1870 2272 ού

295 2299 616 2368 σχιζόμενος
654 2301 733 2362 εἰς
764 2303 966 2370 μυρίας
991 2302 1300 2370 φροντίδας,
1329 2302 1449 2354 οὐδὲ
1486 2303 1552 2355 τά
1585 2300 1674 2354 τοῦ
1703 2302 1871 2364 δεῖνος

295 2388 390 2436 καὶ
416 2384 510 2436 τοῦ
532 2384 704 2447 δεῖνος
725 2385 1026 2456 μεριμνῶν,
1051 2385 1170 2438 οὐδὲ
1193 2387 1271 2448 είς
1292 2385 1390 2456 τὴν
1417 2385 1742 2454 οἰκουμένην
1765 2385 1876 2438 δια-

293 2465 623 2536 ⁸τεμνόμενος
648 2470 768 2529 ταῖς
797 2467 1073 2537 φροντίσιν
1093 2483 1106 2498 ·
1139 2466 1273 2520 ἀλλά
1302 2469 1368 2520 τά
1403 2468 1637 2537 ἐμαυτοῦ
1663 2467 1872 2536 λογιζό-

299 2565 480 2617 μενος,
502 2551 598 2601 καὶ
637 2549 705 2601 τά
738 2551 860 2619 ἐμοὶ
887 2550 1232 2618 διαφέροντα,
1260 2551 1350 2602 καὶ
1383 2549 1419 2602 ὃ.
1448 2549 1681 2620 μάλιστά
1723 2551 1869 2601 ἐστιν

295 2631 564 2700 ἀνθρώπῳ
605 2633 967 2701 προσήκοντα.
1015 2633 1135 2685 Ὅτι
1179 2633 1264 2695 σὺ,
1298 2634 1490 2704 Κύριε,
1519 2632 1659 2685 κατά
1701 2633 1870 2702 μόνας

296 2717 381 2768 ἐπ’
411 2715 587 2768 ἐλπίδι
628 2715 942 2784 κατῴκισάς
975 2733 1062 2785 με.
1097 2718 1161 2770 Ὃ
1187 2716 1242 2768 δὲ
1279 2716 1426 2784 λέγει
1453 2716 1689 2768 τοιοῦτόν
1718 2717 1833 2768 ἐστι
1852 2733 1866 2747 ο

293 2797 488 2870 Τῇτῶν
526 2796 827 2863 μελλόντων
874 2797 1050 2850 ἐλπίδι
1090 2798 1182 2850 καὶ
1234 2801 1300 2868 τῇ
1347 2798 1640 2868 προσδοκίᾳ
1687 2801 1748 2866 τῇ
1791 2799 1870 2861 είς

297 2881 354 2931 σὲ
385 2881 560 2931 πάντα
589 2896 690 2948 μου
715 2879 780 2931 τά
805 2879 951 2948 πάθη
983 2880 1325 2933 κατέστειλα.
1350 2880 1614 2949 Καθάπερ
1638 2881 1728 2932 καὶ
1754 2877 1867 2950 [27]

297 2961 501 3024 Παῦλός
528 2979 660 3030 φησι
677 2975 696 2992 ⁸
729 2961 797 3014 Τὸ
823 2962 931 3030 γὰρ
959 2963 1292 3030 παραυτίκα
1317 2963 1580 3030 ἐλαφρὸν
1602 2961 1712 3029 τῆς
1745 2963 1870 3016 0λί-

297 3049 472 3112 ψεως.
503 3045 633 3098 καθ’
663 3045 1004 3113 ὑπερϐολὴν
1032 3049 1117 3111 είς
1142 3046 1479 3113 ὑπερϐολὴν
1502 3045 1741 3100 αίώνιον
1758 3047 1871 3111 ,βὰ-

295 3143 395 3190 ρος
422 3127 610 3195 δόξης
664 3126 1072 3195 κατεργάζεται
1122 3127 1296 3196 ἡμῖν,
1339 3127 1426 3196 μὴ
1475 3131 1871 3184 σκοπούντων

299 3208 458 3277 ἡμῶν
487 3212 561 3264 τὰ
583 3211 956 3278 βλεπόμενα,
984 3211 1144 3265 ἀλλὰ
1176 3212 1246 3264 τὰ
1279 3211 1366 3279 μὴ
1395 3213 1766 3282 βλεπόμενα.
1795 3214 1868 3267 Οὐ

296 3295 400 3364 γάρ
431 3297 580 3346 ἐστιν
608 3294 760 3347 οὐδὲν
789 3295 1042 3365 φορτικὸν
1073 3297 1325 3365 πρᾶγμα,
1357 3296 1385 3347 ὃ
1422 3297 1495 3367 μὴ
1528 3298 1736 3365 γίνεται
1771 3301 1870 3370 ῥᾷ-

297 3395 416 3429 στον
444 3381 511 3448 τῇ
541 3379 714 3432 ἐλπίδι
735 3379 832 3448 τῆς
865 3379 1267 3449 εύδοκιμήσεως
1301 3381 1398 3450 τῆς
1436 3381 1575 3432 κατά
1601 3382 1750 3434 Θεόν.
1771 3382 1869 3436 Διά

296 3460 448 3512 τοῦτό
487 3471 673 3530 φησιν·
721 3461 843 3514 Ἐπ’
882 3461 1082 3514 ἑλπίδι
1136 3461 1472 3528 κατῴκισάς
1518 3481 1614 3529 με.
1658 3466 1769 3518 Καὶ
1810 3467 1871 3518 τὸ

295 3544 454 3597 Κατὰ
478 3546 672 3612 μόνας
699 3542 754 3596 δὲ
779 3543 838 3595 οὐ
875 3543 1048 3615 μικρά
1069 3543 1412 3608 διδασκαλίας
1439 3547 1626 3616 ἀρετή.

368 3676 454 3734 ιγ’.
485 3669 549 3721 Τί
579 3669 636 3722 δέ
659 3672 796 3733 ἐστι,
823 3671 983 3724 Κατὰ
998 3672 1228 3740 μόνας;
1252 3670 1372 3724 Τῶν
1402 3672 1654 3742 πονηρῶν
1678 3673 1866 3744 χωρίς.

294 3752 405 3823 Τὴν
424 3753 535 3822 γάρ
563 3753 786 3823 εἰρήνην
806 3753 1013 3821 ταύτην
1041 3752 1401 3823 κατώρθωσα,
1434 3756 1586 3824 φησί,
1620 3755 1756 3824 πρὸς
1786 3755 1866 3819 σὲ,

295 3838 387 3889 καὶ
407 3834 550 3888 κατὰ
574 3836 738 3904 μόνας
755 3835 889 3887 οἰκῶ
911 3835 1127 3904 φεύγων
1149 3837 1274 3899 τοὺς
1291 3837 1735 3906 διεφθαρμένους.
1761 3838 1870 3890 Καὶ

296 3918 443 3988 μάλα
471 3919 718 3981 εἰκότως.
761 3919 1030 3988 Καθάπερ
1058 3919 1165 3989 γὰρ
1199 3919 1425 3988 σώματα
1467 3918 1725 3984 πολλάκις
1761 3921 1869 3973 ἀπὸ

293 4001 390 4066 τῆς
414 4001 521 4051 τῶν
543 4000 721 4069 ἀέρων
749 4001 853 4052 τῶν
876 4001 1281 4074 διεφθαρμένων
1308 4002 1481 4072 λύμης
1509 4002 1834 4056 ἀπόλλυνται
1851 4018 1864 4032 ⁶

292 4082 433 4134 οὕτω
462 4083 526 4151 δὴ
552 4085 646 4135 καὶ
674 4085 819 4154 ψυχὴ
849 4084 1106 4147 πολλάκις
1144 4084 1358 4148 ἐδέξατο
1393 4084 1592 4155 βλάϐην
1631 4084 1737 4138 ἀπὸ
1769 4087 1869 4153 τῆς

295 4163 400 4216 τῶν
445 4165 702 4234 πονηρῶν
766 4167 1082 4230 συνουσίας·
1131 4167 1225 4219 καὶ
1289 4166 1538 4238 καθάπερ
1594 4168 1868 4238 ὀφθαλμὸς

298 4246 576 4313 ὑγιαίνων,
601 4250 729 4302 ὅταν
755 4250 1013 4302 νοσοῦντα
1040 4250 1144 4323 ἴδῃ,
1169 4250 1483 4321 πλήττεται,
1515 4251 1605 4303 καὶ
1626 4253 1654 4302 ὁ
1679 4251 1866 4322 ψώρας

295 4331 752 4402 ιμπεπλησμένος
775 4373 789 4395 ,
828 4333 1152 4404 μεταδίδωσι
1187 4335 1280 4387 καὶ
1329 4336 1445 4398 τοῖς
1492 4335 1824 4403 ὑγιαίνουσιν
1847 4353 1862 4367 ο

293 4413 434 4468 οὕτω
460 4417 525 4488 δὴ
562 4416 851 4487 συμϐαίνει
885 4417 1142 4480 πολλάκις
1185 4417 1278 4470 καὶ
1310 4419 1403 4470 ἐπὶ
1445 4419 1542 4488 τῆς
1582 4420 1867 4484 συνουσίας

293 4497 399 4550 τῶν
427 4501 683 4570 πονηρῶν
729 4499 1051 4570 ἀνθρώπων.
1099 4499 1198 4552 Διὰ
1241 4499 1399 4553 τοῦτο
1432 4502 1528 4552 καὶ
1566 4503 1594 4553 6
1636 4499 1869 4570 Χριστὸς

295 4582 526 4651 παρῄνει
560 4583 621 4634 οὐ
666 4583 822 4652 μόνον
851 4582 1072 4651 φεύγειν
1105 4584 1230 4644 τοὺς
1267 4581 1574 4647 τοιούτους,
1611 4583 1748 4636 ἀλλά
1777 4584 1868 4637 καὶ

293 4661 598 4733 ἐκτέμνειν,
644 4665 786 4718 οὕτω
825 4665 1030 4732 λέγων·
1057 4667 1122 4718 Εἰ
1161 4665 1229 4718 δὲ
1259 4668 1292 4718 ὀ
1327 4666 1632 4735 ὀφθαλμός
1670 4683 1786 4720 σου
1835 4670 1869 4720 ὁ

292 4745 486 4813 δεξιὸς
505 4746 884 4807 σκανδαλίζει
903 4765 995 4811 σε,
1025 4747 1198 4812 ἔξελε
1223 4750 1424 4813 αὑτὸν,
1450 4750 1546 4802 καί
1567 4749 1727 4813 ,ϐάλε
1751 4750 1865 4804 ἀπὸ

294 4830 410 4884 σοῦ
431 4847 443 4860 ·
474 4831 537 4882 ού
565 4831 629 4901 δὴ
661 4832 788 4901 περὶ
815 4831 1095 4900 ὀφθαλμοῦ
1130 4832 1302 4900 λέγων
1323 4849 1336 4862 ·
1372 4833 1423 4884 τί
1456 4833 1563 4903 γάρ
1585 4833 1648 4886 ἂν
1681 4833 1868 4904 ἀδική-

296 4931 437 4967 σειεν
487 4915 785 4984 ὀφθαλμὸς,
836 4915 1075 4977 διανοίας
1123 4915 1503 4987 ὑγιαινούσης;
1559 4917 1693 4969 άλλά
1742 4919 1868 4989 περὶ¹

296 4997 460 5065 φίλων
508 4999 822 5065 ἀναγκαίων
880 5001 975 5050 καὶ
1006 5001 1063 5050 ἐν
1092 4998 1243 5062 τάξει
1286 4999 1394 5051 τῶν
1442 4999 1616 5068 μελῶν
1664 4999 1867 5054 τούτων

294 5081 423 5149 ἡμίν
463 5081 656 5141 ὄντων,
688 5081 782 5132 καὶ
828 5079 1168 5148 βλαπτόντων
1201 5082 1368 5150 ἡμᾶς,
1414 5082 1586 5134 ταῦτα
1616 5082 1868 5150 ἐνομοθέ-

292 5178 446 5230 τησε,
490 5161 728 5214 κελεύων
762 5164 856 5215 καὶ
901 5165 1000 5232 τὴν
1030 5163 1212 5230 φιλίαν
1239 5165 1346 5216 τῶν
1382 5164 1635 5215 τοιούτων
1672 5164 1870 5232 ἀτιμά-

295 5241 428 5306 ζειν,
459 5245 603 5298 ὥστε
651 5246 750 5314 τὴν
785 5247 1058 5316 σωτηρίαν
1091 5247 1189 5316 τὴν
1221 5247 1430 5300 ἑαυτῶν
1460 5247 1868 5317 ἀσφαλεστέραν

295 5332 486 5382 ποιεῖν.
519 5329 612 5382 Διὸ
638 5331 732 5382 καὶ
757 5331 916 5394 αὐτὸς
946 5330 1106 5383 πάλιν
1129 5329 1334 5400 προῖὼν
1355 5331 1529 5398 λέγει·
1558 5335 1679 5386 Οὐκ
1705 5334 1872 5387 ἐκάθ-

296 5431 397 5467 ισα
422 5414 575 5481 μετὰ
597 5413 920 5480 συνεδρίου
949 5414 1355 5481 ματαιότητος,
1387 5416 1482 5468 καὶ
1512 5417 1661 5484 μετὰ
1685 5431 1870 5484 παρα-

293 5499 643 5566 νομούντων
674 5500 746 5550 οὺ
769 5497 854 5566 μὴ
886 5496 1153 5551 εἰσέλθω.
1186 5499 1292 5550 Καὶ
1323 5499 1351 5550 6
1382 5499 1647 5569 Ἱερεμίας
1680 5499 1735 5551 δὲ
1767 5517 1868 5568 μα-

297 5583 508 5653 καρίζει
541 5583 634 5635 τὸν
684 5582 825 5634 κατὰ
871 5581 1036 5650 μόνας
1079 5580 1469 5651 καθεζόμενον,
1507 5584 1598 5637 καὶ
1646 5584 1868 5654 αἴροντα

296 5664 386 5717 τδν
412 5667 574 5735 ζυγὸν
607 5667 672 5718 ὲκ
705 5665 973 5735 νεότητος.
993 5665 1100 5717 Καὶ
1122 5666 1174 5718 αἱ
1205 5665 1501 5737 Παροιμίαι
1534 5666 1697 5721 πολὺν
1731 5668 1867 5736 ὑπὲρ

361 5829 386 5856 ⁸
410 5827 544 5879 Colb.
575 5829 717 5887 λιμήν
753 5830 779 5876 ὁ
812 5833 954 5876 πᾶσιν
978 5826 1225 5887 ἀνέῳκται.

1995 552 2183 606 τούτου
2225 553 2500 608 ποιοῦνται
2537 554 2711 623 λόγον,
2748 558 2880 610 πᾶσι
2915 554 3274 628 παραινοῦσαι
3322 557 3414 609 καὶ
3461 556 3550 610 λέ-

1986 657 2181 708 γουσαι
2211 642 2284 712 μὴ
2318 643 2475 710 μόνον
2503 643 2788 706 ἐκκλίνειν,
2819 644 2952 698 ἀλλὰ
2973 645 2999 683 ἲι
3021 645 3112 697 καὶ
3133 643 3414 713 ἁποπηδᾷν
3444 644 3551 696 ἀπὸ

1984 727 2093 778 τῶν
2131 728 2344 798 πονηρά
2377 729 2881 798 συμϐουλευόντων,
2913 733 3006 784 καὶ
3041 731 3175 803 μηδὲ
3217 731 3548 801 ἐγχρονίζειν

1984 816 2183 880 αὐτοῖς.
2229 818 2290 869 Εἰ
2329 817 2436 888 γάρ
2494 818 2564 871 τά
2608 821 2810 886 φυσικά
2860 820 3247 890 μεταϐάλλεται
3293 820 3550 882 πολλάκις

1984 903 2114 972 ἡμῖν
2147 904 2253 957 ἀπὸ
2300 905 2476 974 κακῆς
2505 905 2718 976 ὁμιλίας
2737 922 2749 935 '
2784 907 2932 975 πόσῳ
2973 907 3169 976 μᾶλλον
3198 908 3264 960 τά
3290 907 3390 975 τῆς
3416 923 3549 976 προ-

1983 989 2281 1059 αιρέσεως;
2307 991 2380 1043 Τό
2407 1009 2465 1044 τε
2491 992 2598 1064 γὰρ
2619 995 2812 1064 χρῶμα
2833 1004 2853 1031 ε
2883 993 3020 1046 κατά
3045 993 3202 1062 φύσιν
3230 996 3362 1064 ἡμῖν
3385 995 3547 1064 πρόσ-

1981 1093 2117 1140 εστι,
2150 1080 2242 1131 καὶ
2287 1079 2349 1132 τὸ
2383 1080 2642 1148 ὑγιαίνειν
2667 1097 2681 1111 ·
2729 1081 2842 1134 ἀλλ’
2873 1081 3018 1133 ἔστιν
3051 1081 3137 1133 ὅτε
3174 1079 3544 1151 διαφθείρεται

1979 1165 2154 1218 ταῦτα
2183 1165 2242 1229 ἐξ
2287 1167 2477 1236 ἐτέρας
2515 1167 2678 1233 ἕξεως
2713 1168 2958 1230 ἐναντίας
2983 1183 2994 1195 ·
3027 1168 3119 1219 καὶ
3163 1167 3220 1219 τὺ
3259 1167 3542 1237 ὀρέγεσθαι

1980 1251 2144 1304 πάλιν
2189 1253 2404 1306 σιτίων
2438 1255 2530 1306 καὶ
2562 1254 2718 1307 τοῦτο
2752 1254 3010 1316 πολλάκις
3047 1254 3407 1323 ἀπωλέσαμεν
3435 1255 3544 1307 ἀπὸ

1979 1342 2177 1404 κακίας
2217 1343 2536 1412 νοσημάτων
2561 1359 2576 1375 ·
2609 1346 2702 1396 καὶ
2747 1343 2881 1398 ἄλλα
2932 1343 3102 1396 πολλὰ
3133 1343 3357 1397 τοιαῦτα
3399 1341 3542 1396 ἔστιν

1981 1428 2109 1480 ἰδεῖν
2166 1430 2550 1499 συμϐαίνοντα.
2586 1430 2649 1484 Εἰ
2695 1431 2754 1484 δὲ
2781 1431 2849 1484 τά
2895 1433 2991 1502 τῆς
3027 1430 3238 1499 φύσεως
3278 1433 3536 1489 κινεῖται.

1977 1516 2158 1587 πολλῷ
2201 1517 2398 1587 μᾶλλον
2431 1518 2499 1570 τά
2541 1518 2641 1587 τῆς
2672 1518 3040 1588 προαιρέσεως
3060 1557 3073 1579 ,
3110 1519 3218 1587 ὅσῳ
3247 1519 3339 1569 καὶ
3383 1517 3542 1569 εὐκο-

1976 1606 2218 1679 λωτέραν
2250 1607 2362 1676 ἔχει
2392 1606 2490 1676 τὴν
2529 1608 2620 1658 ἐπὶ
2643 1606 2844 1676 θάτερα
2881 1605 3196 1675 μεταϐολήν.
3233 1606 3322 1675 Μὴ
3356 1605 3420 1675 δὴ
3453 1623 3542 1675 μι-

1975 1696 2108 1766 κρὸν
2139 1693 2278 1748 εἶναι
2311 1695 2618 1764 νομίζωμεν
2647 1695 2744 1764 τὴν
2778 1693 2885 1745 τῶν
2918 1692 3102 1746 κακῶν
3137 1693 3421 1745 συνουσίαν
3459 1693 3540 1756 εἰς

1975 1784 2198 1854 βλάϐην,
2217 1783 2351 1836 ἀλλὰ
2377 1782 2484 1852 πρὸ
2507 1781 2613 1834 τῶν
2634 1779 2808 1834 ἄλλων
2831 1780 3082 1833 ἁπάντων
3105 1778 3392 1848 φεύγωμεν
3413 1779 3541 1844 τοὺς

1971 1871 2263 1937 τοιούτους,
2287 1870 2387 1924 κᾶν
2409 1872 2659 1938 γυναῖκες
2686 1863 2806 1929 ὦσι,
2830 1868 2934 1920 κᾶν
2962 1867 3123 1936 φίλοι,
3152 1867 3252 1920 κᾶν
3269 1866 3537 1922 ὁστισοῦν.

1984 1961 2134 2014 Ἐπεὶ
2191 1962 2284 2016 καὶ
2327 1962 2451 2024 τοὺς
2493 1960 2758 2031 μεγάλους
2786 1958 3024 2020 ἐκείνους
3070 1956 3228 2009 τοῦτο
3268 1957 3535 2020 ἀπώλεσε,

1970 2051 2291 2120 Σολομῶντα
2321 2051 2466 2119 λέγω
2489 2049 2582 2102 καὶ
2610 2048 2846 2118 Σαμψών
2865 2065 2880 2080 ο
2921 2048 3015 2102 καὶ
3051 2045 3198 2109 ἔθνος
3237 2045 3291 2098 δὲ
3315 2046 3538 2116 ὁλόκλη-

1971 2156 2064 2209 ρον
2091 2140 2151 2191 τὸ
2188 2139 2473 2192 Ἰουδαϊκὸν
2502 2138 2642 2190 οῦτω
2669 2136 2974 2206 διέφθαρτο.
3019 2134 3093 2187 Ού
3133 2133 3240 2202 γὰρ
3267 2132 3410 2186 οὕτω
3437 2134 3536 2204 θη-

1973 2227 2062 2296 ρία
2084 2227 2337 2297 πλήττειν
2364 2225 2574 2287 εἴωθεν,
2605 2227 2679 2288 ὡς
2707 2223 2938 2294 πονηρία
2969 2222 3288 2292 ἀνθρώπων.
3325 2221 3538 2276 Ἐκεῖνα

1973 2319 2070 2389 μὲν
2103 2319 2209 2391 γὰρ
2239 2318 2468 2389 φανερὸν
2489 2316 2599 2386 ἔχει
2621 2317 2710 2368 τὸν
2742 2315 2817 2368 ἰόν
2836 2330 2851 2345 ·
2874 2306 3017 2366 οὗτοι
3041 2312 3096 2364 δὲ
3131 2311 3534 2380 ἀνεπαισθήτως

1969 2408 2062 2460 καὶ
2082 2405 2320 2475 ἀψοφητί
2345 2404 2465 2458 καθ’
2489 2403 2724 2472 ἑκάστην
2748 2400 2958 2471 ἡμέραν
2982 2400 3152 2452 ὲνιᾶσι
3173 2399 3272 2469 τὴν
3290 2397 3463 2468 λύμην
3490 2397 3539 2460 ἀ,

1968 2494 2109 2549 κατὰ
2136 2495 2327 2565 μικρὸν
2353 2493 2712 2562 ὑποσύροντες
2737 2490 2796 2542 τὸ
2831 2491 3042 2541 εὔτονον
3064 2488 3161 2556 τῆς
3187 2486 3405 2558 ἀρετῆς.
3435 2487 3534 2539 Διά

1966 2582 2124 2637 τοῦτο
2143 2583 2236 2636 καὶ
2263 2582 2360 2653 τὴν
2382 2580 2676 2635 ἀκόλαστον
2697 2579 2817 2647 ὄψιν
2837 2581 2865 2631 6
2890 2575 3020 2638 Θεὸς
3047 2573 3375 2644 ἀποτειχίζει
3392 2572 3530 2645 [28].

1967 2671 2166 2738 λέγων·
2208 2671 2260 2721 '0
2284 2667 2586 2737 ἐμϐλέψας
2613 2665 2848 2735 γυναικὶ
2877 2665 3024 2732 πρὸς
3051 2663 3117 2716 τὸ
3145 2663 3531 2731 ἐπιθυμῆσαι.

1969 2759 2082 2827 ἤδη
2110 2759 2464 2827 ἐμοίχευσεν
2484 2755 2677 2817 αὐτὴν
2700 2754 2769 2807 ἐν
2791 2753 2862 2821 τῇ
2883 2752 3090 2820 καρδίᾳ
3117 2753 3300 2805 αὑτοῦ
3321 2769 3332 2781 ⁸
3363 2752 3448 2804 διά
3473 2752 3534 2804 τὸ

1966 2846 2186 2901 εῦκολον
2216 2847 2310 2899 καὶ
2355 2843 2742 2914 εὐπερίστατον
2775 2843 2870 2912 τῆς
2922 2840 3196 2901 ἀπωλείας
3267 2839 3337 2892 Σὺ
3368 2840 3446 2900 δὲ,
3483 2841 3532 2892 εἰ

1970 2933 2069 3004 μὲν
2106 2931 2258 2985 πόλιν
2300 2931 2510 3001 μέλλεις
2539 2932 2740 2994 οἰκεῖν,
2785 2927 2951 2980 πολλά
2987 2926 3116 2995 περὶ
3147 2925 3324 2997 ἀέρων
3368 2920 3532 2978 πολυ-

1969 3020 2321 3092 πραγμονεῖς,
2356 3019 2404 3069 εί
2441 3017 2514 3088 μὴ
2553 3014 2823 3078 νοσώδεις,
2847 3016 2896 3066 εἰ
2931 3014 3003 3084 μὴ
3030 3011 3338 3083 δύσκρατοι,
3373 3015 3422 3065 εἰ
3458 3011 3532 3084 μὴ

1967 3108 2238 3179 αὐχμηροί
2255 3126 2268 3138 ·
2290 3107 2469 3178 ψυχῆς
2496 3108 2551 3160 δὲ
2581 3105 2786 3176 μέλλων
2810 3104 3076 3157 ποιεῖσθαι
3097 3103 3270 3170 λόγον,
3293 3105 3352 3155 οὐ
3379 3119 3534 3172 περι-

1967 3198 2176 3270 εργάζῃ
2203 3197 2300 3267 τὴν
2333 3195 2617 3250 συνουσίαν
2646 3194 2754 3247 τῶν
2789 3191 3089 3262 μελλόντων
3126 3191 3332 3261 ὁμιλεῖν
3359 3193 3494 3261 αὐτῇ
3515 3206 3529 3221 ⁶

1968 3285 2082 3339 ἀλλ’
2125 3284 2310 3347 ἁπλῶς
2348 3284 2443 3337 κει)⁵
2471 3283 2548 3346 ὡς
2588 3281 2746 3352 ἔτυχε
2775 3282 2939 3333 πᾶσιν
2974 3279 3140 3349 αὐτὴν
3181 3278 3530 3349 ὲπιτρέπειςς

1967 3377 2076 3428 Καὶ
2103 3374 2262 3438 ποίας
2295 3371 2458 3443 τεύξῃ
2490 3369 2837 3440 συγγνώμης,
2871 3368 2992 3422 είπέ
3024 3384 3133 3438 μοι,
3160 3365 3331 3429 οὕτως
3361 3364 3534 3436 αὐτῆς

1967 3463 2282 3534 ύπερορῶν;
2314 3460 2482 3513 Πόθεν
2516 3458 2624 3529 γὰρ
2651 3459 2750 3509 οἴει
2785 3457 2910 3517 τοὺς
2944 3455 3042 3517 τὰς
3072 3455 3308 3524 ἐρήμους
3347 3470 3530 3506 κατει-

1967 3551 2203 3621 ληφότας
2239 3546 2584 3617 θαυμαστούς
2631 3561 2782 3606 τινας
2820 3543 2911 3595 καὶ
2943 3541 3229 3612 λαμπροὺς
3257 3540 3530 3610 γίνεσθαι;

1966 3641 2067 3692 οὐκ
2099 3637 2285 3708 ἐπειδὴ
2323 3633 2584 3707 θορύϐους
2627 3632 2722 3687 καὶ
2766 3630 2969 3701 ἀγορὰς
2997 3631 3276 3698 φεύγουσι,
3310 3630 3405 3682 καὶ
3435 3626 3534 3682 τοῦ

1967 3725 2172 3780 καπνοῦ
2197 3725 2302 3778 τῶν
2329 3726 2386 3776 ὲν
2414 3721 2490 3792 τῷ
2525 3721 2672 3791 μέσῳ
2703 3720 3040 3791 πραγμάτων
3069 3716 3282 3788 μακράν
3307 3717 3534 3780 ἑαυτοὺς

1966 3817 2318 3884 ὲσκήνωσαν;
2351 3811 2586 3873 Τούτους
2616 3810 2710 3864 καὶ
2750 3809 2911 3871 αὐτὸς
2950 3807 3211 3878 ζήλωσον,
3235 3807 3327 3860 ἐπὶ
3361 3806 3533 3875 μέσης

1967 3906 2172 3970 πόλεως
2203 3903 2438 3975 ἐρημίας
2469 3899 2696 3954 διώκων.
2739 3898 2862 3962 Πῶς
2885 3898 2939 3950 δὲ
2981 3897 3131 3950 ἔσται
3171 3896 3356 3955 τοῦτο;
3405 3896 3532 3950 Ἐάν

1965 3996 2090 4058 τοὺς
2129 3991 2396 4063 πονηροὺς
2435 3988 2673 4060 φεύγῃς,
2725 3986 2816 4040 ἐὰν
2867 3987 2992 4048 τοὺς
3033 3985 3264 4053 ἀγαθοὺς
3310 3983 3528 4055 διώκῃς.

1968 4083 2122 4137 Οῦτω
2165 4083 2272 4152 γάρ
2312 4074 2528 4132 πλείονα
2569 4074 2834 4146 καρπώσῃ
2877 4073 2984 4126 τῶν
3034 4074 3092 4123 ὲν
3145 4075 3263 4134 ταῖς
3307 4072 3532 4142 ἐρήμοις

1968 4168 2283 4237 ἀσφάλειαν,
2311 4167 2410 4220 οὐκ
2453 4167 2508 4217 ὲν
2542 4166 2607 4235 τῇ
2642 4161 2750 4216 τῶν
2791 4161 3133 4230 βλαπτόντων
3157 4161 3297 4228 φυγῇ
3350 4159 3528 4228 μόνον,

1967 4257 2102 4312 ἀλλά
2130 4257 2223 4310 καὶ
2256 4256 2312 4308 ἐν
2358 4255 2424 4324 τῇ
2466 4251 2574 4304 τῶν
2600 4248 2948 4319 ὠφελούντων
2991 4245 3261 4315 κοινωνίᾳ.
3290 4247 3384 4297 ’Λν
3424 4243 3533 4316 γὰρ

1967 4345 2173 4415 φεύγῃς
2208 4343 2303 4414 μὲν
2335 4343 2459 4402 τοὺς
2488 4338 2779 4407 πονηροὺς,
2813 4333 3011 4403 διώκῃς
3032 4333 3087 4385 δὲ
3119 4333 3242 4395 τοὺς
3271 4331 3530 4401 ἀγαθοὺς,

1965 4434 2301 4506 ἑκατέρωθέν
2338 4449 2417 4484 σοι
2454 4430 2521 4484 τά
2561 4429 2657 4498 τῆς
2705 4425 2902 4506 ἀρετῆς
2931 4423 3314 4493 αὐξηθήσεται,
3343 4421 3533 4506 καιτά

1964 4521 2063 4590 τῆς
2095 4504 2287 4580 κακίας
2316 4518 2615 4585 οἰχήσεται.
2647 4509 2740 4562 ”Ιν’
2784 4505 2875 4562 οὖν
2900 4507 3058 4559 τοῦτο
3093 4508 3335 4576 γένηται,
3362 4504 3534 4558 ταῦτα

1966 4587 2227 4671 ποιῶμεν,
2263 4593 2670 4668 πειθόμενοιτῷ
2701 4589 2972 4661 ψαλμῳδῷ
2999 4589 3237 4657 λέγοντισ
3267 4589 3392 4671 Ὅτι
3425 4587 3529 4648 σὺ,

1964 4669 2171 4756 Κύριε,
2208 4684 2356 4737 κατὰ
2399 4684 2591 4750 μόνας
2625 4677 2717 4729 ἐπ’
2764 4673 2962 4728 ἐλπίδι
3008 4669 3344 4756 κατῴκισάς
3369 4687 3454 4756 με
3481 4684 3531 4724 θ,

1979 4749 2238 4824 Ἐνταῦθα
2281 4765 2335 4818 δὲ
2375 4749 2710 4817 καταπαύσω
2739 4759 2829 4812 τὸν
2857 4758 3033 4825 λόγον,
3082 4755 3311 4816 ἱκανῶς,
3343 4749 3494 4823 οἶμαι
3515 4793 3530 4812 ,

1965 4857 2062 4922 τὴν
2089 4853 2240 4906 λύσιν
2262 4849 2490 4909 ἀποδοὺς
2513 4845 2620 4898 τῶν
2645 4841 3008 4913 ζητουμένων,
3035 4842 3094 4891 ὲν
3121 4836 3337 4909 Χριστῷ
3361 4837 3534 4908 Ἰησοῦ

1964 4921 2042 5008 τῷ
2057 4935 2245 5006 Κυρίῳ
2266 4931 2442 5002 ἡμῶν,
2471 4923 2514 4997 ᾧ
2538 4930 2572 4998 ἡ
2594 4927 2719 4991 δόξα
2743 4927 2836 4978 καὶ
2861 4924 2922 4977 τὸ
2942 4922 3162 4992 κράτος,
3191 4921 3284 4975 νῦν
3307 4921 3401 4975 καὶ
3424 4922 3532 4985 ἀεὶ,

1967 5007 2060 5077 καὶ
2094 5022 2173 5083 είς
2202 5018 2328 5080 τοὺς
2363 5017 2564 5075 αἰῶνας
2587 5012 2695 5064 τῶν
2721 5010 2954 5062 αἰώνων.
2989 5007 3182 5077 Ἀμήν.

2383 5114 2493 5167 ΕΙΣ
2529 5112 2669 5165 TON
2710 5109 2765 5163 E'
2803 5107 3128 5162 ΨΑΛΜΟΝ.
3606 5166 3609 5167 ν

1967 5216 2071 5279 Εἰς
2099 5211 2164 5265 τὸ
2202 5209 2396 5274 τέλος,
2437 5205 2589 5273 ὑπὲρ
2627 5201 3144 5326 κέηρςὲνομούσης,
3183 5197 3417 5267 ψτιλμὸς
3457 5196 3535 5259 τῷ

2695 5291 2792 5326 αυι
2836 5310 2850 5326 .

2695 5291 2850 5326 αυιο.

2038 5384 2104 5432 a'.
2127 5375 2395 5447 Πρότερον
2428 5371 2625 5440 ἴδωμεν
2655 5367 2738 5430 τίς
2763 5369 2797 5436 ἡ
2821 5364 3170 5436 κληρονομία,
3205 5361 3299 5415 καὶ
3324 5362 3372 5414 εἰ
3398 5359 3535 5427 αῦτη

2027 5517 2057 5556 Β
2079 5517 2200 5572 Reg.
2230 5515 2292 5575 μή
2317 5513 2454 5574 μόνον
2477 5507 2757 5575 ἀποχωρεῖν’
2785 5504 2924 5554 ἀλλά.

2031 5582 2054 5646 ς
2075 5577 2127 5646 [η
2151 5574 2323 5646 Mergi.
2349 5575 2521 5646 χρῶμα
2538 5574 2696 5619 ἀθεεὶ.

2028 5639 2054 5679 d
2075 5640 2195 5700 Reg.
2221 5639 2308 5694 τήν
2346 5639 2588 5700 πονηρίαγε
2743 5692 2755 5700 ,
2862 5689 2874 5700 ,
3242 5683 3262 5700 υ
3393 5683 3473 5700 -,~

2031 5683 2205 5776 εῖλεξ-
2233 5683 2347 5776 εδει
2369 5698 2415 5776 εγ
2633 5689 2904 5776 κρετεικιτςάς
3065 5683 3535 5776 229.1:

1967 5739 2205 5824 ὃόέαικαῖἰ
2225 5739 2795 5824 ἑὸ”›ἷρᾶτοξ,”ὲί‹ἐ.⁷ιὶοι1›,
2834 5739 2903 5801 ἰη-
2923 5739 3030 5800 lissi:
3065 5749 3228 5808 verba,
3264 5739 3535 5808 κατῴκισάς

1969 5845 2027 5882 με
2047 5821 2237 5875 desinit.
