4074 6356
410 418 475 474 6!
1126 400 1184 457 S.
1228 396 1513 456 JOANNIS
1552 381 2006 448 CHRYSOSTOB‘I

2114 380 2421 438 Μιειιιερ.
2465 371 3014 436 CONSTANTINOP.
3584 361 3654 419 62

404 532 500 588 καὶ
528 530 657 600 ἡμῖν
690 522 998 580 ἐπιϐάλλει·
1032 520 1220 573 ἔπειτα
1242 517 1335 571 τὸν
1361 514 1549 587 χρόνον
1588 511 1709 566 καθ’
1747 510 1806 564 ὃν
1838 505 1976 560 δίδου

403 638 515 676 ται.
549 619 659 674 Kal
690 617 755 686 δὴ
798 612 1021 676 ἄτοπον,
1062 609 1329 679 διαθήκης
1370 606 1466 677 μὲν
1508 601 1807 676 χρημάτων
1850 600 1977 668 ὑμῖν

402 707 872 780 ἀπαγγελθείσης,
923 704 999 767 ὡς
1031 701 1399 773 προσήκοντος
1444 698 1578 767 ἡμῖν
1610 692 1704 748 τοῦ
1749 693 1976 763 κλήρου,

405 797 865 875 περιεργάζεσθαι
907 794 1000 848 καὶ
1033 790 1509 862 πολυπραγμονεῖν
1529 827 1543 849 ,
1573 786 1667 839 καὶ
1693 784 1764 838 τὰ
1800 782 1981 854 γράμ-

408 912 555 966 ματα
580 890 874 962 ἐπιζητεῖν,
904 886 998 940 καὶ
1023 883 1283 956 ἀργύριον
1310 878 1688 943 καταϐάλλειν,
1720 876 1813 929 καί¹
1845 890 1980 945 χαρ-

405 992 541 1054 τίοις
572 985 873 1056 προσιέναι,
910 979 1003 1035 καὶ
1035 976 1390 1048 ἀντιγράφειν
1421 973 1492 1026 τὰ
1532 967 1978 1041 ἐγγεγραμμένα,

405 1086 503 1138 καὶ
543 1083 721 1135 πᾶσαν
765 1071 1167 1130 ἐπιδείκνυσθαι
1210 1067 1475 1139 σπουδήν·
1517 1062 1752 1118 ἐνταῦθα
1785 1062 1843 1116 δὲ
1872 1059 1980 1114 τῶν

407 1174 680 1245 διαθηκῶν
709 1165 1094 1241 πνευματικῶν
1120 1175 1145 1203 ι
1170 1164 1250 1225 είς
1291 1160 1454 1232 μέσον
1470 1154 1867 1229 προκειμένων,
1887 1153 1983 1206 καὶ

408 1269 519 1322 τῶν
554 1265 749 1337 βίϐλων
778 1260 971 1315 πασῶν
1017 1253 1404 1326 ἀνεῳγμένων,
1434 1249 1699 1322 ῥᾳθυμεῖν
1733 1246 1826 1301 καὶ
1851 1246 1983 1298 ἀνα-

409 1357 779 1420 πεπτωκέναι,
813 1353 906 1408 καὶ
937 1349 1105 1405 ταῦτα
1148 1349 1248 1419 τῆς
1285 1342 1647 1416 κληρονομίας
1684 1340 1787 1394 οὐκ
1817 1337 1984 1411 οὔσης

411 1449 696 1519 αἰσθητῆς.
715 1443 1037 1517 Προσίωμεν
1056 1440 1258 1505 τοίνυν,
1282 1438 1374 1492 καὶ
1399 1436 1704 1505 ἀνοίγωμεν
1723 1433 1791 1487 τὰ
1811 1449 1986 1504 γραμ-

416 1544 639 1617 ματεῖα,
672 1537 766 1592 καὶ
808 1534 1165 1604 ἐγκύπτωμεν
1194 1533 1306 1594 τοῖς
1351 1525 1852 1616 ἐγγεγραμμένοες,
1892 1524 1986 1578 καὶ

415 1597 733 1705 ίδωμενέπὶ
759 1597 900 1681 τίσίν
924 1627 1055 1697 ήμῖν
1070 1597 1107 1677 ’ὁ
1131 1621 1333 1692 κλῆρος
1360 1613 1510 1682 οὗτος
1526 1597 1985 1680 καταλέλειπται,

412 1729 509 1782 καὶ
533 1724 618 1788 τίς
649 1724 683 1795 ή
722 1719 817 1775 τοῦ
860 1719 1063 1789 κλήρου
1092 1715 1273 1784 φύσις.
1313 1713 1388 1765 UO
1422 1710 1530 1782 γὰρ
1555 1708 1742 1773 ἁπλῶς
1776 1707 1981 1762 κατέλισ

412 1838 513 1874 πεν
547 1820 678 1889 ἡμῖν
724 1815 817 1868 τὸν
848 1811 1077 1881 κλῆρον,
1112 1806 1226 1861 ἀλλ’
1260 1806 1346 1873 ἐφ’
1390 1803 1603 1876 αἱρέσει
1639 1803 1668 1842 ι)
1697 1800 1821 1854 τινί.
1853 1799 1992 1870 Ποία

413 1911 479 1982 δὴ
495 1887 667 1977 ταύτῃ
691 1922 706 1971 ;
734 1905 796 1957 Ὃ
812 1897 1057 1972 ἀγαπῶν
1082 1914 1178 1968 με,
1192 1895 1344 1965 φησὶ,
1362 1894 1470 1958 τὰς
1486 1889 1740 1955 ἐντολάς
1749 1887 1988 1969 μου[⁶ὶ9ι

415 1976 683 2067 τηρήσει.
712 1993 822 2047 Καὶ
848 1989 1030 2050 πάλιν,
1060 1989 1163 2051 Ὃς
1184 1987 1295 2038 οὐκ
1322 1981 1437 2050 ἄρῃ
1464 1982 1569 2034 τὸν
1596 1976 1861 2045 σταυρὸν
1881 1978 1986 2030 αὐ-

417 2063 661 2148 τοῂὗξκαί
687 2073 992 2143 ἀκολουθῇ
1021 2073 1214 2127 ὀπίσω
1239 2087 1358 2140 μου
1383 2083 1396 2097 ·
1439 2069 1531 2121 καὶ
1560 2068 1721 2137 ἕτερα
1749 2063 1990 2129 πλείονα,

417 2173 561 2242 ὅπερ
594 2172 660 2241 τῇ
688 2166 933 2238 Διαθήκῃ
976 2159 1371 2230 ἐγγέγραπται.
1395 2155 1674 2224 Μάθωμεν
1700 2153 1757 2206 δὲ
1783 2151 1877 2205 καὶ
1904 2151 1992 2204 τὸν

420 2239 786 2332 χρόνονξκαθ⁹
834 2252 892 2305 δν
937 2248 1205 2321 μέλλομεν
1256 2242 1428 2297 ταῦτα
1459 2240 1885 2310 ἀπολαμϐάνειν.
1918 2239 1992 2291 Ού

549 2347 577 2399 ὁ
599 2341 790 2415 παρών
813 2341 980 2403 ἐστιν,
998 2335 1112 2390 ἀλλ’
1135 2336 1163 2387 ὁ
1189 2333 1420 2404 μέλλων·
1443 2328 1640 2399 μᾶλλον
1657 2327 1711 2380 δὲ
1728 2328 1823 2380 καί
1842 2329 1869 2380 ὁ
1894 2343 1998 2380 πα-

426 2414 535 2508 ρὼν
563 2431 654 2487 καὶ
681 2433 710 2484 ὁ
735 2427 965 2500 μέλλων.
988 2422 1231 2492 Ζητεῖτε
1256 2420 1363 2490 γὰρ
1393 2417 1509 2484 τὴν
1533 2416 1860 2481 ,βασιλείαν
1888 2414 1996 2467 τοῦ

426 2521 596 2583 Θεοῦ,
613 2518 711 2573 καί
733 2499 920 2584 ταῦτα
942 2511 1138 2565 πάντα
1158 2504 1629 2578 προστεθήσεται
1652 2501 1792 2571 ὑμῖν
1811 2518 1823 2531 ·
1851 2500 1913 2554 τὸ
1941 2499 1997 2553 δὲ

424 2610 717 2681 ὁλόκληρον
744 2606 885 2659 τότε.
929 2599 1147 2670 Ἐπειδὴ
1170 2597 1277 2668 γάρ
1305 2597 1333 2649 ὁ
1362 2592 1551 2664 παρὼν
1577 2592 1687 2663 βίος
1714 2591 1997 2661 ἐπίκηρος,

427 2697 522 2753 καὶ
541 2677 891 2763 ἀτελέστερον
917 2688 998 2742 ἐτι
1016 2684 1355 2755 διακείμεθα,
1374 2683 1510 2753 ὅπερ
1536 2678 1688 2733 ποιοῦ
1698 2696 1777 2731 σιν
1798 2679 1846 2731 οί
1871 2677 2002 2741 ἕξω-

430 2786 522 2840 θεν
555 2780 864 2854 νομοθέται,
897 2777 993 2831 καὶ
1034 2772 1258 2835 τελείοις
1290 2770 1603 2841 γενομένοις
1637 2765 2002 2836 ἐγχειρίζουσι

429 2874 528 2944 τὴν
563 2868 823 2941 πατρῴαν
855 2863 1078 2927 οὐσίαν,
1109 2860 1268 2914 τοῦτο
1311 2859 1406 2911 καὶ
1449 2858 1477 2911 ὁ
1511 2855 1643 2918 Θεὸς
1687 2853 1999 2924 ἐργάζεται.

444 2942 692 3015 Ἐπειδὰν
714 2959 793 3019 είς
822 2952 993 3024 ἄνδρα
1009 2949 1210 3004 τέλειον
1231 2947 1325 3001 καὶ
1347 2945 1543 3016 μέτρον
1566 2942 1782 3014 ἡλικίας
1809 2958 2005 2994 καταν-

430 3050 706 3119 τήσωμεν,
735 3042 830 3096 καὶ
861 3040 998 3111 πρὸς
1029 3035 1121 3090 τδν
1170 3036 1444 3105 ἀκήρατον
1481 3029 1834 3101 μεταστῶμεν
1869 3026 2003 3095 βίον,

434 3114 553 3191 τότε
585 3114 714 3207 ήμῖν
745 3127 1039 3202 ἐγχειρίζει
1063 3126 1154 3179 τὸν
1177 3123 1374 3194 κλῆρον
1408 3120 1635 3172 ἐκεῖνον.
1669 3116 1818 3178 Τέως
1843 3115 1899 3167 δὲ
1925 3114 2008 3167 δι·

437 3202 718 3282 έθετοξκαὶ
737 3220 807 3273 τὰ
824 3218 1126 3288 γράμματα
1142 3214 1271 3283 ἡμῖν
1291 3207 1569 3271 κατέλιπε,
1588 3205 1683 3288 καὶ
1703 3204 1825 3256 τίνα
1842 3202 2010 3273 πράτ-

436 3328 622 3374 τοντες
646 3286 1039 3375 ἐπιτευξύμεθα
1070 3301 1168 3369 τῆς
1194 3293 1551 3368 κληρονομίας
1574 3286 1746 3351 εἶπεν,
1768 3289 1908 3343 ὥστε
1936 3290 2010 3360 μὴ

442 3399 722 3457 ἐκπεσεῖν,
753 3392 887 3464 μηδέ
911 3388 1119 3456 ἀποκλη
1130 3386 1387 3458 ρονόμους
1409 3379 1677 3451 γενέσθαι.
1713 3377 1778 3431 EE
1805 3377 1864 3431 δέ
1890 3392 2013 3429 τινα

441 3485 660 3557 θορυϐεῖ
674 3483 736 3536 τὸ
757 3463 984 3552 μηδέπω
998 3475 1233 3534 τελείους
1252 3472 1401 3541 ἡμᾶς
1421 3464 1581 3529 εἶναι,
1600 3467 1694 3519 καὶ
1719 3463 2014 3518 ὑποπτεύει

440 3552 520 3628 τὰ.
555 3569 857 3643 είρημένα,
906 3561 1253 3618 ἀκουέτωσαν
1310 3555 1523 3643 Παύλου
1563 3554 1839 3622 λέγοντοςο
1876 3552 2015 3604 ’Ὅτε

440 3638 862 3730 ἤμην-νήπιος,
877 3652 959 3717 ὡς
977 3647 1194 3715 νήπιος
1216 3641 1501 3705 ἐλάλουν,
1518 3641 1600 3704 ὡς
1618 3639 1837 3705 νήπιος
1850 3638 2020 3705 ἐφρό·

444 3724 616 3810 νου-ν,
648 3724 728 3810 ὡς
750 3742 964 3808 νήπιος
986 3732 1333 3804 ἐλογιζόμην
1347 3747 1360 3760 ·
1388 3729 1486 3783 ὅτε
1512 3727 1580 3782 δὲ
1599 3726 1817 3797 γέγονα
1839 3724 2016 3792 ἀνὴρ,

448 3832 795 3903 κατήργηκα
819 3826 893 3882 τὰ
909 3818 1026 3880 τοῦ
1051 3821 1272 3890 νηπίου
1292 3836 1305 3855 ο
1339 3819 1467 3889 περὶ
1502 3815 1599 3870 τοῦ
1631 3814 1896 3884 παρόντος
1923 3812 2019 3865 καὶ

447 3922 541 3977 τοῦ
575 3901 855 3991 μέλλοντος
879 3911 1072 3974 αίῶνος
1096 3905 1503 3977 διαλεγομένου.
1539 3904 1651 3957 Kal
1677 3903 1840 3956 πάλιν
1861 3916 1875 3931 ·
1906 3901 2018 3954 Μέ-

448 3987 587 4080 χρις
623 4001 695 4064 οὗ
733 4000 1198 4068 καταντήσωμεν
1228 3999 1282 4050 οὶ
1313 3993 1536 4059 πάντες
1579 3994 1665 4056 εις
1698 3989 1888 4058 ἄνδρα
1931 3987 2022 4042 τέ-

450 4075 634 4160 ζὶέιάν,
663 4096 750 4161 είς
769 4091 987 4162 μέτρον
1017 4086 1275 4156 ἡλικίας.
1312 4083 1401 4135 Ἐν
1431 4081 1532 4151 μὲν
1560 4080 1669 4150 γὰρ
1690 4078 1769 4148 τῷ
1794 4075 2022 4147 παρόντι

455 4188 574 4255 βίῳ,
625 4181 781 4253 φησὶ,
831 4177 1084 4247 καθάπερ
1135 4170 1287 4244 παρά
1330 4166 1514 4242 τροφῷ
1548 4183 1685 4228 τινι,
1739 4167 1804 4236 τῇ
1850 4162 2023 4217 κτίσει

453 4250 1071 4342 ταύτηάνατρεφὸμεοα
1093 4278 1105 4292 ·
1151 4257 1372 4312 ἐπειδὰν
1402 4255 1459 4309 δὲ
1499 4252 1781 4324 μέλλωμεν
1817 4253 1898 4315 εἰς
1927 4250 2025 4321 τὴν

455 4337 776 4427 δεσποτικὴν
797 4337 1025 4421 ἀγεσθαι
1050 4348 1246 4413 οἰκίαν,
1267 4345 1336 4399 τὰ
1365 4343 1556 4414 ἱμάτια
1584 4337 2027 4411 ἀπαμφιεννύμεο

456 4464 537 4501 νοι
577 4445 678 4514 τῆς
727 4442 967 4514 φθορᾶς,
1021 4437 1117 4490 καὶ
1168 4431 1475 4504 ἀφθαρσίαν
1522 4426 2025 4498 ἀναλαμϐάνοντες,

458 4535 594 4606 πρὸς
636 4513 835 4601 ἐτέραν
890 4522 1263 4599 μεθιστάμεθα
1301 4519 1476 4589 λῆξιν.
1517 4514 1667 4585 Αῦτη
1713 4516 1747 4586 ή
1794 4513 2028 4585 διαθήκη

460 4602 554 4676 καὶ
585 4619 928 4689 ἀποκλήρους
956 4625 980 4654 ο
1027 4611 1252 4673 πολλοὺς
1280 4606 1542 4678 ἠπείλησε
1580 4606 1775 4664 ποιεῖν,
1810 4602 1904 4655 ἐὰν
1936 4603 2031 4656 ἁν-

460 4710 601 4775 ἀξιοι
642 4708 904 4777 γένωνται
944 4701 1052 4755 τῶν
1101 4697 1364 4767 αἱρέσεων
1394 4693 1504 4747 τῶν
1544 4689 2028 4760 ἐγγεγραμμένων.

475 4773 613 4849 ’Ᾰλΐ
656 4773 862 4862 *ἴδωμεν
902 4788 985 4852 τίς
1026 4789 1172 4839 ἐστιν
1219 4785 1248 4837 ὁ
1288 4781 1488 4852 κλῆρος
1521 4777 1724 4833 λοιπόν.
1772 4778 1833 4829 Ἃ
1881 4773 2034 4844 μήτε

463 4880 766 4953 ὀφθαλμὸς
799 4874 938 4941 εἶδε,
969 4872 1120 4944 μήτε
1148 4868 1256 4938 οὖς
1287 4868 1536 4938 ἢκουσε,
1567 4866 1717 4935 μήτε
1756 4863 1857 4917 ἐπὶ
1893 4879 2035 4930 καρ-

466 4948 604 5025 δίαν
633 4948 945 5032 ἀνθρώπου
976 4961 1181 5027 ἀνέϐη.
1224 4956 1345 5019 Πῶς
1378 4954 1556 5008 τοίνυν
1591 4950 1891 5022 ἐμέλλομεν
1936 4948 2034 5019 τὴν

467 5062 665 5135 χρῆσιν
687 5057 889 5113 τούτων
919 5052 1215 5125 λαμϐάνειν
1244 5051 1301 5102 ἐν
1332 5046 1410 5116 τῷ
1440 5044 1665 5115 παρόντι
1690 5041 1810 5113 βίῳ,
1842 5034 1917 5094 ὧν
1942 5041 2037 5094 καὶ

535 5126 734 5217 γνῶσις
758 5141 1071 5215 ὑπερϐαίνει
1094 5139 1192 5209 τὴν
1213 5135 1450 5216 διάνοιαν
1480 5132 1576 5203 τὴν
1610 5130 1916 5201 ἡμετέραν;
1939 5126 2036 5180 Διά

465 5208 626 5291 τοῦτο
644 5208 777 5306 ἡμῖν
801 5208 915 5285 ἐκεῖ
942 5208 1310 5297 τεταμίευται.
1332 5208 1438 5276 Kal
1466 5222 1567 5290 ὅρα
1592 5220 1691 5287 τὴν
1712 5214 2039 5288 κηδεμονίαν

467 5326 568 5396 τὴν
594 5303 815 5394 πολλήν.
849 5319 988 5381 Τοὺς
1029 5315 1126 5386 μὲν
1168 5313 1361 5374 πόνους
1389 5313 1457 5381 τῇ
1491 5306 1738 5378 παρούσῃ
1783 5303 2040 5374 συνεκλή-

474 5391 617 5484 ρωσε
640 5391 774 5480 ζωῇ,
795 5406 935 5460 ὥστε
956 5407 1025 5477 τῇ
1047 5401 1340 5475 βραχύτητι
1358 5398 1451 5452 τοῦ
1478 5396 1669 5469 χρόνου
1703 5391 2040 5463 συγκαταλυ-

539 5594 575 5669 ﬁ
598 5589 938 5669 Πνῳῳκῶν
959 5587 1104 5635 deest
1141 5585 1195 5634 in
1229 5581 1379 5633 Savil.
1406 5585 1459 5629 et
1480 5578 1529 5627 in
1549 5577 1674 5641 Reg.
1704 5575 1833 5626 infra
1871 5574 2041 5634 iidem,

474 5655 735 5764 ἀνῖίγῐιρμεν
751 5652 813 5699 τὰ
832 5652 1117 5720 γράμματα..
1359 5705 1370 5716 _
1413 5705 1420 5713 .
1941 5692 1953 5704 .
1979 5694 1990 5704 _

478 5774 578 5825 mli
640 5727 731 5763 anc
751 5724 918 5761 vocem
937 5720 1034 5772 13m
1055 5704 1533 5770 ahquoliesvldlmus
1553 5715 1641 5765 pro
1653 5704 1791 5767 pacto
1810 5697 2045 5749 conditio-

478 5790 577 5870 παίει
600 5837 725 5901 Reg.
754 5832 1184 5897 ἀποκληρονὸμονς,
1207 5829 1381 5880 eodem
1406 5838 1572 5877 sensu.

2083 499 2238 572 θῆναι
2276 499 2339 553 τὸ
2382 496 2712 569 ἐπίμοχθονο
2758 486 2926 547 τὰδὲ
2969 485 3151 557 ἀγαθά
3194 484 3253 537 ἐν
3295 481 3373 553 τῷ
3413 478 3655 551 μέλλοντι

2082 569 2441 662 ἐταμιεύσατο
2465 588 2620 643 αἰῶνι
2641 629 2657 653 ,
2690 586 2831 639 ῶστε
2861 581 2938 652 τῷ
2968 580 3160 649 ἀγήρῳ
3198 569 3655 645 συμπαρεκτείνε-

2085 661 2209 738 σθαι
2237 684 2336 746 τὰς
2362 681 2617 753 ἀμοιϐάς.
2664 677 2913 745 Ἐκείνην
2947 672 3046 743 τὴν
3076 668 3230 739 λῆξιν
3260 666 3353 720 καὶ
3384 661 3657 735 βασιλείαν

2084 773 2254 826 καλεῖ.
2282 771 2345 823 Εἰ
2376 752 2483 841 γάρ
2508 769 2604 823 καὶ
2628 764 2944 837 ὑπερϐαίνει
2975 760 3154 828 λόγον,
3182 755 3294 811 ἀλλ’
3334 755 3482 825 ὅμως
3518 752 3658 807 κατά

2083 865 2146 918 τὸ
2165 862 2446 934 ἐγχωροῦν
2475 863 2607 932 ἡμῖν
2636 856 2892 921 ἀκοῦσαι,
2918 849 3254 924 παρηνίξατο
3276 845 3347 900 τὰ
3379 845 3660 911 μέλλοντα,

2085 956 2181 1011 νῦν
2203 956 2320 1027 μὲν,
2335 956 2472 1024 ὅπερ
2486 951 2657 1023 ἔφθην
2673 948 2862 1011 είπὼν,
2879 943 3154 1018 βασιλείαν
3171 939 3370 1004 καλῶν,
3389 937 3483 992 νῦν
3500 936 3558 990 δέ
3572 936 3660 1004 γά·

2090 1020 2216 1117 μον,
2233 1045 2326 1099 νῦν
2349 1020 2543 1116 ἀρχὴν,
2570 1020 2678 1095 άπὸ
2701 1039 2808 1093 τῶν
2827 1034 3067 1108 φαιδρῶν
3086 1030 3196 1086 τῶν
3232 1030 3359 1101 παρ’
3386 1029 3523 1099 ἡμῖν
3550 1020 3663 1079 ὀνο-

2089 1139 2275 1210 μάτων
2300 1135 2641 1208 παρανοίγων
2658 1134 2790 1202 ήμῖν
2812 1129 2908 1188 τὴν
2932 1144 2998 1180 πε
3008 1125 3059 1197 pl
3073 1123 3296 1177 ἐκείνων
3316 1120 3543 1183 ἔννοιαν,
3567 1116 3665 1186 τὴν

2087 1208 2302 1286 αἰώνιον
2330 1227 2515 1293 δόξαν,
2540 1226 2639 1295 τὴν
2664 1225 2938 1294 ἀκήρατον
2975 1215 3372 1290 μακαριότητα,
3399 1210 3498 1282 τὴν
3527 1208 3667 1281 μετά

2087 1320 2325 1395 Χριστοῦ
2350 1320 2647 1390 διαγωγήν,
2671 1311 2740 1389 ἦς
2763 1315 2918 1369 οὐδὲν
2944 1312 3009 1367 ἂν
3035 1310 3246 1381 γένοιτο
3268 1306 3402 1360 ἴσον.
3429 1303 3587 1366 Τίνες
3608 1301 3668 1356 δὲ

2089 1392 2184 1471 καὶ
2210 1415 2268 1468 αί
2300 1411 2542 1485 αἱρέσεις
2572 1411 2672 1481 τῆς
2713 1403 3069 1476 Ἐκκλησίας,
3098 1398 3297 1473 μᾶλλον
3324 1395 3382 1450 δὲ
3405 1394 3505 1464 τῆς
3534 1392 3666 1462 κλη-

2092 1507 2375 1582 ρονομίας;
2419 1503 2586 1558 υύδέν
2621 1498 2879 1572 φορτικὸν
2918 1497 3159 1568 ἔχουσαι.
3211 1492 3273 1544 Ἃ
3304 1487 3507 1542 θέλετε
3543 1485 3666 1546 ἵνα,

2093 1570 2248 1671 φησί,
2281 1570 2536 1653 ποιῶσιν
2565 1570 2707 1663 ὑμῖν
2735 1594 2790 1645 οἱ
2817 1591 3133 1658 ἅνθρωποι,
3164 1578 3353 1639 ταῦτα
3380 1577 3479 1632 καὶ
3502 1570 3669 1644 ὑμεῖς

2092 1667 2310 1746 ποιεῖτε
2333 1687 2555 1753 αὐτοῖς.
2580 1682 2695 1758 [50]
2718 1683 2880 1754 Ὁρᾷς
2901 1679 3017 1742 πῶς
3037 1675 3189 1731 οὐδὲν
3209 1672 3357 1741 ξένον
3379 1667 3670 1737 ἐπεισήγα-

2092 1796 2210 1850 γεν,
2229 1777 2345 1832 ἀλλ’
2367 1776 2404 1831 ἀ
2426 1757 2771 1847 προλαϐοῦσα
2797 1773 2831 1841 ή
2861 1767 3021 1838 φύσις
3047 1760 3468 1835 ἐνομοθέτησεν;
3493 1757 3672 1825 Ἀπερ

2095 1844 2278 1934 αὐτὸς,
2296 1870 2450 1939 φησὶ,
2468 1844 2719 1935 γενέσθαι
2736 1861 2909 1923 θέλεις
2938 1855 3090 1928 παρά
3110 1853 3218 1908 τῶν
3240 1849 3465 1919 πλησίον
3487 1848 3565 1909 είς
3588 1844 3648 1896 σέ
3660 1882 3672 1909 ,

2094 1961 2267 2015 ταῦτα
2295 1933 2388 2012 καὶ
2414 1933 2574 2020 αὐτὸς
2594 1954 2842 2025 ἐργασαι.
2867 1948 3052 2010 Θέλεις
3072 1941 3413 1998 ἐπαινεῖσθαι
3434 1955 3449 2001 ;
3489 1933 3675 1989 Ἐπαίο

2096 2070 2196 2107 νει.
2228 2049 2413 2113 Θέλεις
2448 2048 2522 2119 μὴ
2560 2041 2936 2117 ἀρπάζεσθαι;
2972 2038 3064 2109 Μὴ
3105 2033 3341 2104 ἅρπαζε.
3373 2030 3557 2091 Θέλεις
3593 2041 3666 2078 τι-

2102 2143 2337 2216 μᾶσθαι;
2367 2141 2538 2210 Τίμα.
2568 2136 2752 2198 Θέλεις
2790 2130 3091 2194 ἐλεεῖσθαι;
3136 2125 3325 2180 Ἐλέει.
3365 2122 3549 2182 Θέλεις
3583 2134 3670 2187 φι-

2099 2209 2345 2302 λεῖσθαι;
2380 2209 2551 2287 Φίλει.
2583 2230 2766 2292 Θέλεις
2803 2225 2879 2299 μὴ
2910 2221 3128 2280 ἀκούειν
3172 2215 3392 2279 κακῶς;
3427 2209 3579 2271 Μηδὲ
3609 2209 3675 2262 σὺ

2102 2329 2282 2401 εἴπῃς.
2320 2298 2425 2378 Kal
2461 2324 2562 2395 ὅρα
2604 2321 2704 2389 τὴν
2747 2298 3054 2388 ἀκρίϐειαν.
3101 2310 3215 2364 Οὐκ
3255 2300 3597 2368 εἷπεν,”οσα
3614 2298 3676 2352 οὐ

2104 2391 2284 2475 θέλετε
2318 2419 2407 2472 ἵνα
2443 2391 2638 2470 ποιῶσι
2657 2452 2673 2477 ,
2706 2410 2843 2483 μηδέ
2874 2409 3032 2479 ὑμεῖς
3060 2404 3286 2465 ποιεῖτε,
3335 2395 3467 2466 ἀλλ’,
3497 2395 3558 2448 Ἀ
3586 2391 3680 2445 θέ-

2103 2519 2259 2570 λετε.
2302 2509 2521 2579 Ἐπειδὴ
2558 2507 2670 2576 γὰρ
2696 2503 2789 2577 δύο
2818 2501 2956 2554 εἰσὶν
2990 2496 3099 2551 ὁδοὶ
3128 2493 3262 2565 πρὸς
3288 2488 3491 2562 ἀρετὴν
3514 2486 3681 2553 ἄγου-

2107 2623 2220 2668 σαι,
2272 2602 2369 2674 μία
2405 2575 2579 2672 μέντή
2621 2575 2908 2661 ἀπαλλαγὴ
2941 2590 3040 2660 τῆς
3072 2585 3303 2648 κακίας,
3351 2579 3513 2649 ἑτέρα
3554 2575 3612 2628 δέ
3643 2576 3679 2645 ή

2106 2666 2339 2768 ἐργασία
2368 2666 2476 2745 τῶν
2516 2666 2746 2759 ἀρετῶν,
2789 2681 2990 2751 ταύτην
3025 2674 3332 2749 προτίθησι,
3366 2671 3453 2724 διὰ
3480 2666 3682 2736 ταύτης

2108 2757 2365 2855 κάκείνην
2395 2757 2569 2852 δήλην
2588 2776 2757 2830 ποιῶν
2783 2790 2797 2805 ·
2834 2772 2926 2827 καὶ
2962 2772 3059 2841 τὴν
3092 2768 3188 2840 μὲν
3216 2764 3432 2838 ᾐνίξατο
3466 2760 3544 2832 τῷ
3591 2757 3685 2810 λέ·-

2108 2896 2249 2949 γειν,
2275 2852 2341 2931 ⁸¹Θ
2357 2870 2716 2946 μισεῖ;,ἇλλῳ
2740 2867 2813 2939 μὴ
2846 2865 3077 2935 ποιήσῃς
3097 2877 3112 2893 ο
3139 2859 3237 2929 τὴν
3264 2857 3319 2910 δὲ
3353 2855 3536 2924 σαφῶς
3561 2852 3686 2920 ἐδή-

2110 2969 2280 3022 λωσεν
2312 2963 2502 3028 εἰπὼν,
2530 2963 2681 3017 Ὅσα
2705 2958 2907 3013 θέλετε
2928 2954 3029 3008 ἵνα
3057 2949 3312 3005 ποιῶσιν
3334 2946 3476 3017 ὑμῖν
3500 2946 3553 2998 οί
3578 2942 3685 2996 ἂν·

2113 3055 2453 3128 θρωποι,καὶ
2476 3051 2644 3121 ὑμεῖς
2664 3047 2883 3102 ποιεῖτε
2901 3043 3123 3108 αὐτοῖς.

2187 3147 2251 3218 β’.
2273 3147 2427 3199 Ἐστι
2449 3145 2544 3197 καὶ
2575 3139 2706 3210 ἄλλη
2742 3138 2970 3207 αἵρεσις.
3003 3131 3138 3186 Ποία
3173 3129 3230 3182 δέ
3256 3126 3422 3195 αὖτης
3454 3124 3527 3176 Τὸ
3552 3123 3690 3190 ἀγα-

2116 3244 2224 3313 πᾷν
2245 3240 2337 3294 τὸν
2368 3233 2706 3309 πλησίον,ὡς
2736 3228 2945 3284 ἑαυτόν.
2968 3226 3034 3279 Τί
3061 3222 3246 3277 τούτου
3281 3220 3475 3287 γένοιτ’
3499 3215 3564 3270 ἂν
3598 3215 3691 3267 εύ-

2118 3307 2549 3402 κολώτερονξΤὸ
2580 3325 2689 3395 γὰρ
2720 3324 2896 3395 μισεῖν
2926 3315 3158 3387 ἐπαχθὲς
3189 3313 3284 3366 καὶ
3311 3307 3570 3380 θορύϐους
3591 3307 3692 3376 ἐμ-

2119 3398 2344 3478 ποιοῦνζ
2380 3424 2441 3475 τὸ
2471 3422 2528 3473 δὲ
2556 3418 2731 3481 φιλεῖν
2765 3412 2984 3467 εὔκολον
3018 3412 3112 3462 καὶ
3139 3405 3336 3477 ῥᾴδιον.
3368 3403 3477 3455 Kal
3503 3398 3614 3468 γὰρ
3641 3399 3692 3449 εί

2124 3519 2222 3588 μὲν
2241 3513 2413 3578 εἶπεν,
2428 3508 2898 3582 ’Δνθρωποιῦντες
2910 3501 3112 3571 φιλεῖτε
3136 3496 3322 3567 θηρία,
3346 3491 3598 3546 δύσκολον
3624 3484 3694 3559 ἧν

2121 3582 2183 3664 τὸ
2216 3607 2494 3675 ἐπίταγμα
2515 3622 2527 3636 ο
2552 3606 2600 3655 εἰ
2629 3601 2686 3652 δὲ
2718 3596 3037 3669 ἀνθρώπους
3067 3591 3226 3652 ὄντας
3258 3582 3575 3657 ἀνθρώπους
3605 3598 3694 3649 φι-

2121 3705 2233 3757 λεῖν
2267 3672 2583 3758 ἐκέλευσεν,
2612 3692 2740 3746 ἔνθα
2768 3691 2864 3743 καὶ
2890 3686 2952 3740 τὸ
2977 3681 3282 3756 ὁμοιούσιον
3312 3677 3408 3730 καὶ
3437 3672 3696 3741 συγγενὲς

2124 3793 2320 3864 πολλὴν
2344 3788 2582 3859 εἰσφέρει
2612 3782 2799 3854 ῥοπὴν,
2830 3778 2923 3833 καὶ
2945 3774 3096 3848 παρά
3119 3773 3216 3842 τῆς
3244 3768 3455 3839 φύσεως
3488 3766 3523 3837 ἡ
3555 3780 3698 3832 παρ-

2126 3885 2368 3945 αίνεσις,
2418 3878 2574 3932 ποίαν
2618 3876 2682 3929 ἂν
2734 3873 2846 3943 έχοι
2885 3865 3202 3929 δυσκολίαν;
3239 3862 3416 3928 Ὅπερ
3464 3855 3559 3909 καὶ
3602 3852 3698 3906 ἐπὶ

2126 3974 2355 4028 λεόντων
2384 3970 2477 4023 καὶ
2501 3967 2680 4020 λύκων
2708 3964 2920 4032 γίνεται
2938 3975 2954 3990 ο
2981 3958 3075 4011 καὶ
3099 3954 3208 4027 γὰρ
3233 3953 3327 4005 καὶ
3349 3951 3466 4002 ἐκεῖ
3482 3946 3543 4000 τὸ
3568 3962 3700 4013 συγ-

2137 4065 2279 4136 γενές
2307 4063 2405 4133 τῆς
2432 4058 2643 4129 φύσεως
2677 4050 2890 4122 ἀγωγὸν
2924 4050 3005 4111 είς
3038 4045 3218 4115 φιλίαν
3251 4041 3385 4095 ἐστί.
3415 4038 3579 4093 Ποίαν
3605 4031 3700 4088 οὖν

2131 4126 2391 4229 σχοίημεν
2436 4126 2729 4217 ἀπολογίαν
2754 4185 2770 4210 ,
2824 4140 3042 4204 λέοντας
3084 4139 3182 4210 μὲν
3232 4132 3563 4206 ἡμεροῦντες
3607 4126 3704 4180 καὶ

2130 4223 2347 4314 ἑαυτοῖς
2381 4245 2795 4308 συνοικίζοντες,
2827 4240 2890 4293 τὸ
2915 4238 2971 4291 δὲ
2996 4234 3252 4307 ὁμογενὲς
3295 4229 3369 4300 μὴ
3394 4223 3710 4294 ἐπισπώμε-

2131 4362 2246 4408 νοι;
2275 4343 2387 4414 Οὐχ
2411 4341 2595 4407 ὁρᾶτε,
2624 4338 2706 4389 ὅτι
2735 4331 2919 4386 πολλοὶ
2946 4328 3033 4382 διὰ
3055 4321 3418 4394 κληρονομίαν
3444 4319 3705 4390 γέροντας

2133 4411 2407 4509 περιίασιν
2440 4428 2797 4502 ἀγρεύοντες,
2849 4422 2944 4478 καὶ
2994 4419 3208 4474 πάντων
3244 4414 3350 4469 τῶν
3385 4411 3479 4465 τοῦ
3517 4411 3705 4480 γήρως

2134 4530 2418 4599 ἀνέχονται
2451 4521 2657 4586 κακῶν,
2697 4517 2809 4572 νέοι
2836 4515 2986 4576 ὄντες
3012 4510 3106 4564 καὶ
3133 4505 3488 4579 σφριγῶντες,
3515 4498 3708 4554 ποδαλ-

2135 4590 2265 4691 γίαξ
2285 4618 2380 4672 καὶ
2406 4613 2515 4668 τῶν
2549 4612 2721 4665 ἄλλων
2749 4608 2857 4663 τῶν
2882 4609 2940 4659 ἐν
2970 4603 3045 4673 τῷ
3072 4603 3218 4674 γήρᾳ
3243 4594 3582 4667 νοσημάτων,
3615 4590 3708 4643 καὶ

2136 4682 2396 4783 κορύζης,
2418 4706 2505 4760 διὰ
2527 4702 2619 4757 τοῦ
2642 4697 3022 4773 προσεδρεύειν
3042 4689 3302 4764 διηνεκῶς
3322 4705 3336 4755 ;
3361 4686 3551 4740 Καίτοι
3575 4682 3709 4753 χρή-

2142 4775 2288 4876 ματά
2320 4775 2464 4854 ἐστιν
2494 4798 2643 4860 ἐκεῖ,
2673 4793 2769 4846 καὶ
2798 4789 2993 4861 ἄδηλος
3033 4785 3186 4847 ἐλπίς
3207 4801 3222 4814 ο
3266 4778 3499 4835 ἐνταῦθα
3535 4777 3591 4829 δέ
3620 4775 3710 4827 οῦ·-

2141 4867 2324 4968 ρανὸς,
2349 4891 2443 4944 καὶ
2468 4888 2573 4959 πρὸ
2599 4885 2694 4939 τοῦ
2722 4878 2950 4954 ούρανοῦ
2978 4877 3039 4931 τὸ
3068 4874 3427 4946 εὐαρεστῆσαι
3451 4867 3587 4939 Θεῷ.
3614 4867 3712 4930 Τίς

2139 4961 2197 5043 δέ
2232 4990 2266 5059 ή
2317 4980 2756 5057 κληρονομοῦσας
2826 4976 2885 5027 ’Υ
2885 4972 2995 5041 πὲρ
3044 4968 3155 5036 τῆς
3217 4961 3713 5033 κληρονομοῦσης

2141 5048 2443 5149 γάρ’φησιν
2468 5075 2502 5143 ή
2535 5048 2847 5141 προγραφή.
2894 5064 2959 5116 Ἦ
3003 5058 3317 5129 Ἐκκλησία,
3351 5053 3445 5107 καὶ
3487 5050 3547 5104 τὸ
3576 5048 3715 5116 πλή-

2334 5139 2503 5236 αύτῆς
2524 5179 2536 5192 ο
2569 5139 2696 5230 περὶ
2725 5154 2790 5229 ἧς
2822 5156 2970 5223 λέγει
2995 5155 3023 5206 ὁ
3052 5149 3263 5212 Παῦλος
3284 5164 3298 5178 ·
3335 5139 3717 5213 Ἠρμοσάμην

2143 5230 2300 5333 ύμίὶς
2325 5259 2415 5313 ἑνί
2443 5230 2635 5323 ἀνδρί,
2667 5247 2965 5319 παρθένον
2991 5241 3186 5315 ἁγνὴν
3211 5234 3594 5308 παραστῆσαι
3634 5230 3717 5295 τῷ

2145 5326 2394 5425 Ξέριστῷ.
2429 5348 2539 5402 Kal
2579 5348 2607 5398 ὁ
2650 5343 2900 5411 Ἰωάννης
2922 5354 2936 5369 ’
3000 5337 3061 5390 '0
3098 5337 3253 5404 ἔχων
3298 5328 3413 5397 τὴν
3450 5326 3713 5395 νύμφην,

2145 5411 2405 5513 νῦμςοίος
2435 5437 2626 5492 ἐστίν.
2670 5431 2807 5486 Ἀλλ’
2830 5432 2860 5483 ὁ
2895 5428 2994 5499 μὲν
3022 5423 3251 5496 νυμφίος
3278 5417 3415 5491 μετά
3441 5415 3543 5478 τὰς
3573 5411 3721 5484 πρώ-

2146 5503 2247 5599 τας
2268 5503 2504 5604 -ήμέρας
2543 5522 2901 5581 καταλύει’τὸ
2932 5517 3157 5589 σφοδρὸν
3188 5513 3281 5568 τοῦ
3320 5511 3517 5583 ἔρωτος
3542 5524 3556 5538 ·
3594 5505 3624 5557 ὁ
3658 5503 3718 5557 δέ

2149 5593 2418 5695 ἡμέτερος
2441 5593 2674 5687 νυμφίος
2705 5612 2857 5683 μένει
2883 5605 3142 5681 διηνεκῶς
3170 5604 3317 5675 ἡμᾶς
3345 5595 3593 5669 ἀγαπῶν,
3626 5593 3723 5647 καὶ

2151 5684 2435 5769 ἐπιτείνων
2459 5684 2549 5765 τδν
2568 5684 2741 5761 »πόθον
2756 5720 2770 5731 ’
2796 5705 2933 5775 ὅπερ
2956 5698 3128 5771 δηλῶν
3152 5698 3182 5750 ὁ
3220 5692 3472 5761 Ἰωάννης
3491 5684 3721 5757 νυμφίον

2156 5806 2328 5871 καλεῖ,
2360 5804 2449 5858 ὅτε
2476 5799 2812 5871 ἀκμάζοντες
2841 5796 2888 5848 οί
2920 5791 3092 5848 πόθοι.
3130 5788 3202 5844 Οὐ
3231 5784 3319 5840 διὰ
3351 5782 3507 5840 τοῦτο
3536 5779 3592 5835 δὲ
3626 5776 3718 5849 p.6-
