4074 6356
358 459 417 518 61
1485 445 1850 505 EXPOSITIO
1887 445 1952 502 IN
1991 445 2312 503 PSALMUM
2351 448 2416 506 γ.
3573 455 3644 510 6—3

359 591 502 629 mum
523 587 644 643 qum
672 570 743 626 sit
772 568 1060 632 hereditas,
1092 573 1146 622 et
1186 564 1232 620 si
1263 579 1324 618 ea
1355 561 1420 616 ad
1448 579 1546 618 nos
1571 577 1782 633 quoque
1826 576 1945 631 per-

358 667 518 720 tinet:
537 663 730 719 deinde
751 672 956 731 tempus
973 675 1077 729 quo
1096 657 1271 712 datur.
1293 655 1389 709 Est
1409 653 1550 708 enim
1574 651 1885 717 absurdum,
1900 651 1946 706 si

356 759 627 813 deferatur
641 754 854 824 quidem
880 751 1032 806 nobis
1057 765 1122 805 ex
1153 755 1471 803 testamento
1499 745 1785 809 hereditas,
1808 753 1946 798 tam-

358 865 513 920 quam
544 864 662 918 qua:
689 845 758 900 ad
788 859 887 899 nos
912 843 1193 912 pertineat,
1217 840 1284 895 de
1311 854 1375 894 ea
1396 853 1517 893 esse
1542 837 1817 900 sollicitos,
1849 851 1946 890 cu-

359 944 497 995 riose
539 941 811 1008 indagare,
841 935 1037 1004 scripta
1067 932 1359 1002 inquirere,
1395 929 1672 1000 pecuniam
1713 928 1944 991 solvere,

358 1033 423 1085 ad
455 1031 659 1085 tabulas
688 1028 964 1092 accedere,
990 1037 1044 1080 et
1069 1041 1189 1093 quae
1234 1023 1286 1076 in
1335 1022 1398 1076 iis
1443 1021 1638 1088 scripta
1681 1027 1807 1072 sunt
1849 1032 1947 1071 ex-

358 1127 612 1190 scribere,
636 1135 958 1190 onmemqoe
979 1118 1234 1172 adhibere
1260 1114 1622 1185 diligentiam:
1655 1112 1742 1166 hic
1771 1120 1948 1165 autem

361 1217 631 1289 pmduetis
685 1217 738 1270 in
790 1214 1022 1268 medium
1055 1209 1450 1282 spiritualihus1
1494 1207 1846 1270 testamentis,
1895 1214 1951 1260 et

358 1311 606 1364 omnibus
627 1308 778 1361 libris
799 1306 1016 1376 apertis,
1039 1317 1161 1359 esse
1181 1301 1460 1356 socordem
1485 1313 1551 1352 ac
1572 1299 1948 1367 negligentem,

359 1407 517 1474 idque
543 1420 664 1459 cum
705 1417 812 1456 non
854 1401 926 1455 sit
955 1397 1224 1453 sensibilis
1270 1393 1574 1450 luereditas.
1616 1389 1952 1445 Accedamus

361 1513 508 1567 ergo,
541 1495 843 1564 aperiamus
887 1490 1095 1545 tabulas
1121 1496 1177 1542 et
1219 1487 1283 1540 iis
1307 1499 1426 1555 quae
1472 1482 1668 1552 scripta
1709 1488 1835 1534 sunt
1863 1479 1950 1533 in-

361 1591 695 1653 cumbamus,
726 1585 1107 1651 videamusque
1151 1580 1464 1650 quibusnam
1510 1575 1579 1630 de
1624 1573 1800 1627 causis
1840 1573 1953 1626 inec

361 1682 514 1737 nobis
543 1680 726 1734 relicta
757 1679 825 1731 sit
850 1674 1152 1739 Inereditas,
1175 1683 1226 1727 et
1255 1686 1375 1740 quze
1403 1670 1472 1723 sit
1507 1676 1694 1722 natura
1725 1664 1953 1718 haeredi-

362 1776 504 1830 tatis.
549 1772 662 1827 Non
694 1771 836 1826 enim
882 1768 1097 1836 reliquit
1137 1765 1290 1819 nobis
1333 1763 1698 1817 hmrcditatem
1747 1776 1876 1832 pure
1901 1768 1956 1815 et

363 1865 628 1928 absolute,
661 1862 756 1917 sed
787 1859 887 1915 sub
916 1858 1142 1929 quadam
1182 1855 1508 1910 conditione.
1554 1853 1809 1920 Quaenam
1859 1867 1956 1905 au-

363 1967 470 2012 tem
491 1972 553 2011 ea
588 1955 710 2010 est?
742 1953 843 2020 Qui
870 1969 951 2004 me
975 1950 1160 2018 diligit,
1203 1948 1392 2017 inquit,
1420 1954 1671 2016 prtecepm
1701 1961 1809 1998 mea
1844 1960 1953 1997 ser-

362 2050 494 2103 vabit
521 2045 699 2119 (Joan.
743 2045 831 2098 14.
858 2042 974 2110 25).
1007 2041 1072 2096 ΕΙ.
1097 2052 1299 2101 rursus,
1333 2037 1434 2104 Qui
1462 2053 1561 2089 non
1601 2037 1730 2090 tollit
1759 2050 1957 2088 crucem

362 2156 530 2205 suam,
565 2149 610 2192 et
639 2139 862 2208 sequitur
894 2150 974 2188 me
1005 2132 1218 2202 (Matth.
1252 2129 1338 2184 10.
1373 2127 1499 2200 55);
1532 2137 1585 2182 et
1628 2129 1783 2197 plura
1829 2127 1954 2192 alia,

363 2247 484 2303 qua:
515 2231 566 2283 in
591 2236 910 2283 testamento
930 2227 1126 2292 scripta
1157 2231 1302 2277 sunt.
1337 2221 1614 2274 Discamus
1633 2220 1791 2272 etiam
1824 2225 1958 2271 tem-

367 2339 468 2394 pus
488 2336 593 2392 quo
617 2335 735 2374 eam
761 2331 946 2372 sumus
966 2315 1255 2383 accepturi.
1273 2312 1391 2366 Non
1418 2320 1502 2366 est
1525 2311 1668 2364 enim
1697 2324 1955 2379 przesens,

366 2415 462 2470 sed
489 2415 660 2468 futura
686 2429 705 2477 ;
751 2410 838 2464 vel
867 2409 1042 2478 potius
1067 2415 1121 2461 et
1151 2419 1387 2475 praesens
1412 2413 1468 2457 et
1504 2402 1702 2456 futura.
1740 2399 1960 2465 Quterite

367 2507 510 2561 enim
536 2519 748 2575 regnum
774 2500 892 2565 Dei,
915 2509 962 2553 et
983 2500 1090 2552 huic
1119 2495 1289 2551 omnia
1316 2494 1622 2563 adjicientur
1648 2490 1783 2545 vobis
1805 2489 1957 2560 (Luc.

371 2599 459 2654 12.
487 2598 576 2668 51)
602 2614 614 2649 :
644 2605 773 2650 tunc
795 2601 974 2648 autem
998 2589 1228 2660 perfecta
1256 2596 1311 2642 et
1335 2587 1538 2656 integra
1567 2585 1778 2639 dabitur
1808 2582 1963 2637 here-

370 2692 526 2746 ditas.
547 2689 810 2758 Quoniam
833 2686 976 2741 enim
999 2698 1238 2755 praesens
1259 2682 1363 2735 vita
1386 2690 1468 2735 est
1490 2681 1690 2734 incerta
1717 2686 1773 2733 et
1797 2678 1962 2731 insta-

373 2784 512 2848 bilis,
541 2792 599 2836 et
643 2793 830 2834 sumtis
873 2776 1046 2831 adhuc
1091 2773 1543 2844 imperfectiores:
1573 2769 1715 2840 quod
1756 2766 1960 2822 externi

373 2876 574 2931 faciunt
594 2872 950 2944 legislatores,
968 2878 1025 2922 ut
1053 2867 1118 2921 iis
1141 2867 1229 2937 qui
1259 2865 1324 2919 ad
1355 2866 1564 2934 plenam
1586 2877 1650 2916 ac
1672 2859 1960 2930 perfectam

372 2978 586 3024 :etatem
617 2964 959 3036 pervenerint
983 2970 1204 3032 paterna
1244 2961 1381 3014 bona
1411 2957 1644 3021 tradant,
1676 2955 1777 3008 hoc
1802 2954 1960 3008 etiam

374 3062 496 3116 facit
521 3061 679 3114 Deus.
711 3057 996 3125 Postquam
1024 3055 1075 3108 in
1104 3053 1271 3106 virum
1314 3050 1628 3121 perfectura,
1661 3049 1712 3102 in
1743 3061 1962 3101 mensu-

375 3170 487 3208 ram
513 3150 688 3206 zetatis
713 3147 1124 3211 occurrerimus,
1152 3153 1206 3198 et
1233 3142 1299 3196 ad
1346 3143 1508 3196 vitam
1554 3141 1622 3194 ab
1651 3139 1797 3193 omni
1828 3138 1964 3191 inte-

375 3246 479 3300 ritu
525 3244 758 3298 alienam
804 3238 1194 3302 transierimus,
1237 3246 1364 3290 tunc
1410 3234 1554 3288 illam
1603 3231 1758 3286 nobis
1805 3230 1966 3284 tradit

377 3337 752 3394 hereditatem.
776 3333 982 3386 Interea
1008 3340 1182 3384 autem
1214 3337 1434 3383 testatus
1454 3335 1556 3392 est,
1580 3333 1634 3380 et
1663 3324 1966 3393 Scripturas

377 3433 532 3487 nobis
563 3431 797 3500 reliquit,
821 3443 883 3482 ac
913 3427 1043 3480 dixit
1072 3439 1314 3496 quasnam
1345 3421 1600 3475 facientes
1623 3432 1967 3488 assequemur

380 3524 754 3586 hereditatem,
789 3532 846 3574 ut
875 3520 940 3573 ab
961 3535 1020 3573 ea
1048 3534 1153 3572 non
1185 3515 1511 3578 exeidamus,
1543 3528 1716 3581 neque
1744 3512 1969 3565 exhere-

379 3617 475 3670 des
514 3614 828 3670 efficiamur.
875 3610 1025 3676 Quod
1075 3609 1118 3662 si
1164 3607 1544 3677 perturbentur
1585 3603 1778 3672 aliqui,
1825 3600 1967 3670 quod

380 3705 617 3761 nondum
646 3706 814 3759 simus
843 3701 1079 3772 perfecti,
1105 3709 1160 3754 et
1187 3707 1433 3768 suspecta
1459 3697 1536 3751 eis
1558 3695 1664 3750 sint
1690 3711 1808 3764 quze
1829 3695 1967 3746 dicta

381 3808 528 3860 sunt,
559 3795 776 3850 audiant
807 3794 1028 3848 Paulum
1057 3792 1320 3845 dicentem
1351 3806 1364 3841 :
1410 3787 1626 3853 Quando
1675 3802 1812 3838 eram
1851 3801 1971 3853 par-

381 3889 548 3953 vulus,
573 3885 811 3956 loquebar
843 3894 896 3937 ut
931 3883 1189 3955 parvulus,
1221 3880 1476 3951 sapiebam
1517 3887 1570 3932 ut
1601 3877 1860 3946 parvulus,
1887 3892 1972 3928 co-

383 3981 604 4052 gitabam
639 3988 692 4031 ut
729 3977 964 4047 parvulus
997 3991 1015 4028 :
1053 3973 1255 4044 quando
1301 3980 1468 4025 autem
1511 3971 1674 4040 {actus
1717 3985 1830 4023 sum
1872 3969 1968 4034 vir,

386 4073 616 4127 evacuavi
637 4087 751 4142 quae
777 4079 916 4123 erant
948 4069 1144 4138 parvuli
1172 4069 1249 4138 (1.
1279 4066 1395 4120 Cor.
1428 4065 1513 4120 15.
1549 4065 1668 4135 11);
1708 4063 1973 4131 loquendo

387 4163 456 4218 de
477 4161 724 4233 praesenti
750 4171 804 4215 et
823 4160 889 4213 de
911 4157 1088 4213 futuro
1118 4157 1334 4211 saeculo.
1356 4155 1423 4209 Et
1440 4168 1624 4208 rursus
1649 4172 1661 4208 :
1689 4153 1859 4206 Donec
1885 4169 1971 4204 oc-

388 4255 690 4309 eurrerimus
742 4268 914 4305 omnes
953 4251 1005 4304 in
1033 4251 1197 4304 virum
1243 4247 1542 4318 perfectum,
1587 4246 1640 4299 in
1690 4261 1974 4298 mensuram

389 4349 552 4404 aetatis
593 4345 808 4420 (Ephes.
839 4347 893 4400 4.
927 4343 1035 4415 15).
1068 4343 1122 4397 ln
1163 4343 1268 4397 vita
1298 4343 1442 4396 enim
1484 4340 1754 4409 praesenti,
1784 4337 1970 4408 inquit,

392 4442 551 4496 veluti
577 4439 714 4509 apud
741 4439 1000 4492 nutricem
1027 4433 1336 4506 quamdam,
1356 4439 1604 4488 creatura
1625 4431 1725 4485 hac
1745 4430 1936 4483 alinmr
1959 4447 1971 4484 :

391 4530 602 4602 quando
629 4539 806 4584 autem
837 4529 887 4580 in
925 4526 1143 4581 domum
1187 4525 1394 4580 Domini
1425 4523 1978 4585 deduccmur,exnen-

395 4637 474 4680 tes
499 4635 675 4679 vestes
702 4619 1082 4690 corruptionis,
1115 4629 1168 4672 et
1192 4623 1526 4671 assumentes
1567 4611 1980 4682 incorruptibili-

395 4729 578 4782 tatetn,
605 4715 671 4770 ad
700 4715 856 4769 aliam
905 4714 1027 4767 vita:
1052 4710 1412 4767 conditionem
1440 4717 1567 4762 tunc
1615 4706 1978 4760 traducemur.

396 4809 509 4864 lloc
550 4817 928 4862 testamentum
978 4803 1175 4858 multos
1218 4803 1378 4857 etiam
1431 4799 1726 4854 exheredes
1776 4798 1982 4851 futuros

397 4904 655 4955 minatum
685 4908 788 4964 est,
819 4899 864 4953 si
894 4894 1285 4951 conditionibus
1330 4893 1382 4947 in
1412 4908 1476 4947 eo
1521 4891 1734 4960 scriptis
1783 4887 1982 4957 indigni

398 4995 614 5049 fuerint.
639 4992 745 5047 Sed
769 4992 1043 5046 videamus
1083 4989 1335 5056 deinceps
1377 5000 1620 5054 quamam
1657 4983 1724 5037 sit
1767 4983 1982 5037 heredi-

394 5095 499 5142 tas.
535 5085 664 5150 Qua
690 5099 780 5136 nec
809 5081 984 5135 oculus
1007 5081 1148 5143 vidit,
1179 5095 1268 5132 nec
1297 5078 1436 5131 auris
1463 5076 1674 5137 audivit,
1703 5090 1792 5127 nec
1812 5075 1866 5126 in
1897 5088 1984 5126 cor

401 5178 620 5231 hominis
651 5177 977 5229 ascenderunt
1018 5173 1092 5244 (1.
1123 5170 1241 5226 Cor.
1268 5171 1322 5224 2.
1353 5171 1428 5240 9).
1456 5167 1732 5236 Quomodo
1775 5182 1902 5235 ergo
1932 5166 1985 5220 in

405 5268 652 5339 prresenti
680 5267 788 5320 vita
811 5281 994 5320 eorum
1024 5279 1209 5318 sumus
1233 5279 1384 5318 usum
1412 5262 1736 5332 percepturi,
1759 5276 1984 5330 quorum

405 5362 486 5415 vel
515 5359 750 5430 cognitio
794 5367 1030 5412 nostram
1058 5357 1433 5426 cogitationem
1474 5354 1734 5424 superat?
1777 5353 1900 5408 ideo
1925 5367 1986 5406 ea

407 5452 516 5507 illic
553 5451 711 5506 nobis
740 5459 866 5504 sunt
887 5449 1140 5518 reposita.
1173 5448 1305 5502 Vide
1350 5456 1526 5502 autem
1558 5446 1777 5500 multam
1806 5460 1988 5498 curam

405 5546 523 5611 ejus
549 5558 614 5597 ac
641 5541 1051 5612 providentiam.
1075 5539 1314 5594 Labores
1342 5538 1559 5608 quidem
1589 5538 1709 5592 vitze
1739 5536 1988 5606 praesenti

408 5636 668 5702 attribuit,
699 5645 758 5690 ut
785 5635 901 5705 ejus
927 5635 1187 5689 brevitate
1214 5647 1316 5687 una
1345 5633 1504 5687 etiam
1550 5631 1846 5685 solveretur
1873 5645 1990 5682 mo-

411 5728 602 5785 lestia:
645 5727 783 5782 bona
813 5735 989 5780 autem
1019 5725 1070 5780 itt
1113 5723 1346 5779 futurutn
1379 5723 1634 5779 smculum
1680 5721 1989 5786 reservavit,

480 5919 497 5951 ⁸
534 5927 650 5978 \‘ox,
677 5914 1021 5983 spiritttalibus,
1047 5916 1189 5968 deest
1213 5917 1262 5968 in
1286 5915 1424 5967 Savtl.
1453 5923 1501 5966 et
1527 5917 1574 5965 in
1600 5922 1714 5979 [ιρις.

2055 570 2115 615 ut
2141 562 2599 618 remuneratiooes
2618 565 3035 623 extenderentur
3059 583 3178 624 cum
3205 571 3505 627 aeternitate
3527 588 3648 641 quae

2054 663 2138 708 est
2163 669 2354 725 expers
2382 657 2537 710 senii.
2583 657 2732 712 Illam
2762 669 2961 714 sortem
3002 670 3157 716 vocat
3193 663 3353 717 etiam
3396 679 3643 734 regnum.

2055 745 2168 800 Etsi
2197 749 2340 801 enim
2367 749 2665 803 orationem
2695 761 2971 821 superant,
3005 764 3260 824 quantum
3289 764 3466 810 tamen
3491 758 3648 813 nobis

2054 837 2178 891 licet
2201 838 2407 903 audire,
2440 841 2772 909 mnigmatice
2800 841 2972 896 futura
3005 845 3340 914 significavit,
3365 862 3505 903 nunc
3531 849 3649 918 qui-

2056 929 2197 996 dem,
2231 941 2286 984 ut
2320 932 2429 1000 jam
2461 932 2588 998 disi,
2625 949 2846 1004 regnum
2891 951 3110 1000 vocans,
3157 953 3299 993 nunc
3336 949 3512 994 autem
3541 955 3646 994 nu-

2056 1022 2222 1092 ptias,
2257 1039 2398 1078 nunc
2429 1025 2734 1093 imperium,
2765 1043 2826 1080 ex
2861 1027 3154 1096 Splendidis
3194 1045 3312 1098 qua)
3355 1040 3480 1086 sunt
3506 1031 3650 1101 apud

2057 1129 2159 1169 nos
2200 1117 2535 1182 nominibus,
2575 1117 2643 1171 ad
2692 1119 2779 1172 illa
2823 1120 3103 1190 cogitanda
3143 1123 3296 1175 nobis
3337 1124 3477 1178 viam
3519 1139 3651 1193 ape-

2056 1210 2224 1275 riens,
2251 1220 2510 1266 aeternam
2535 1211 2782 1282 gloriam,
2816 1213 2884 1266 ab
2913 1213 3131 1268 interitu
3169 1215 3396 1269 alienam
3425 1216 3652 1270 beatitu-

2057 1301 2256 1365 dinem,
2286 1317 2405 1356 cum
2432 1304 2648 1358 Christo
2681 1304 2841 1358 vitam
2871 1306 3156 1375 agendam,
3181 1307 3270 1362 cui
3312 1308 3445 1362 nihil
3475 1317 3651 1379 potest

2057 1392 2308 1448 Confet‘t‘i.
2341 1394 2594 1462 Quaenam
2641 1405 2764 1450 sunt
2789 1405 2968 1451 autem
3013 1397 3348 1454 conditiones
3375 1399 3646 1466 Ecclesia,

2056 1485 2140 1537 vel
2171 1485 2342 1553 potius
2373 1485 2727 1540 hereditatis?
2755 1486 2885 1553 Quae
2914 1487 3047 1542 nihil
3079 1487 3278 1543 habent
3297 1489 3645 1545 dill'icultatis.

2063 1574 2190 1640 Qua:
2232 1576 2400 1639 vultis,
2432 1576 2620 1645 inquit,
2667 1587 2719 1629 ut
2769 1578 2961 1648 faciant
2999 1579 3137 1633 vobis
3177 1580 3423 1647 homines,
3465 1598 3526 1635 ea
3563 1598 3650 1636 vos

2059 1667 2208 1718 etiam
2231 1666 2353 1735 ipsis
2379 1667 2534 1738 facite
2557 1667 2768 1736 (Matth.
2801 1669 2852 1722 7.
2889 1669 3002 1738 12).
3032 1669 3192 1725 Vides
3217 1673 3486 1740 quomodo
3519 1674 3651 1730 nihil

2060 1760 2293 1814 alienum
2322 1763 2579 1826 attulerit,
2615 1763 2707 1817 sed
2746 1780 2808 1818 ea
2848 1781 2967 1834 qua:
3021 1775 3206 1819 natura
3263 1767 3408 1836 prius
3453 1769 3655 1823 consti-

2063 1855 2267 1908 tuerit?
2296 1855 2424 1922 Quae
2446 1857 2543 1921 vis,
2575 1857 2765 1926 inquit,
2787 1868 2840 1912 tit
2870 1860 3148 1929 propinqui
3177 1861 3250 1914 tui
3279 1861 3329 1914 in
3355 1872 3406 1916 te
3431 1862 3651 1930 faciant,

2061 1960 2124 1999 ea
2153 1946 2265 2014 ipse
2289 1962 2502 2016 quoque
2524 1949 2624 2003 t'ac.
2655 1948 2746 2002 Vis
2777 1950 3026 2004 laudari?
3075 1950 3276 2005 Lauda.
3305 1951 3420 2006 Non
3447 1954 3526 2007 vis
3550 1955 3654 2008 ali-

2065 2038 2192 2106 quid
2227 2038 2319 2092 tibi
2349 2039 2488 2093 furto
2508 2041 2702 2108 surripi
2729 2044 2751 2094 ?
2782 2042 2857 2096 Ne
2885 2043 3083 2097 furare.
3109 2043 3200 2098 Vis
3229 2044 3515 2100 honorari?
3542 2046 3658 2100 Ho-

2061 2129 2316 2183 nora.Vis
2339 2117 3028 2203 misericordiamassequi?
3050 2135 3429 2192 Miscrere.Vis
3452 2139 3656 2193 amari?

2061 2221 2218 2274 Ama.
2241 2219 2331 2274 Vis
2361 2237 2464 2275 non
2491 2223 2628 2276 male
2649 2224 2869 2277 audire?
2898 2224 3004 2279 Nec
3039 2234 3089 2278 tu
3116 2226 3256 2280 male
3272 2226 3490 2282 dixeris.
3516 2227 3652 2284 Vide

2061 2323 2239 2367 autem
2285 2330 2442 2384 quam
2482 2327 2726 2370 accurate
2753 2317 3002 2386 loquutus
3028 2327 3126 2372 est.
3162 2318 3277 2372 Non
3305 2319 3438 2373 dixit
3458 2339 3471 2374 :
3494 2321 3656 2386 Qua:-

2062 2419 2291 2474 cumque
2335 2422 2442 2460 non
2492 2408 2655 2462 vultis
2707 2417 2762 2462 ut
2795 2408 3011 2476 faciant,
3039 2425 3140 2464 nec
3185 2426 3282 2465 vos
3329 2411 3507 2476 facite,
3536 2411 3654 2475 sed,

2067 2497 2194 2563 Qua:
2223 2501 2391 2553 vultis.
2435 2501 2697 2568 Quoniam
2729 2499 2848 2555 dure
2894 2511 3018 2556 sunt
3061 2502 3158 2556 viae
3202 2519 3320 2572 quze
3360 2503 3563 2558 ducunt
3588 2504 3659 2559 ad

2067 2591 2341 2657 virtutem,
2375 2607 2475 2644 nua
2508 2591 2746 2661 quidem,
2781 2591 3024 2646 liberatio
3081 2608 3112 2645 a
3163 2594 3293 2648 vitio
3321 2610 3334 2646 :
3380 2595 3480 2648 alia
3508 2610 3659 2656 vero.

2066 2683 2276 2736 virtutis
2306 2684 2448 2738 actio
2479 2702 2492 2738 :
2531 2683 2668 2737 hanc
2706 2685 2973 2753 proponit,
3004 2699 3099 2754 per
3138 2683 3275 2739 hanc
3316 2684 3456 2738 illam
3493 2686 3652 2739 etiam

2066 2775 2379 2839 declarans;
2426 2784 2480 2830 et
2521 2775 2665 2829 illam
2688 2775 2903 2844 quidem
2934 2775 3166 2829 obscure
3185 2775 3496 2844 significavit
3537 2792 3657 2829 cum

2071 2868 2245 2922 dixit:
2279 2867 2431 2934 Quod
2471 2867 2653 2930 odisti,
2707 2867 2796 2921 alii
2829 2883 2895 2920 ne
2929 2865 3118 2921 feceris
3147 2886 3160 2920 :
3206 2866 3341 2921 hanc
3371 2882 3497 2921 vero
3543 2883 3660 2921 ma-

2067 2960 2262 3015 nifeste
2289 2960 2580 3014 declaravit
2605 2959 2787 3014 dicens
2810 2979 2822 3015 :
2847 2960 3188 3029 Quazcumque
3211 2961 3361 3014 vultis
3387 2971 3440 3013 ut
3464 2961 3659 3030 faciant

2068 3054 2207 3106 vobis
2237 3053 2480 3119 homines,
2510 3063 2555 3107 et
2583 3069 2668 3106 vos
2707 3053 2829 3122 ipsis
2860 3055 3009 3116 facile
3042 3052 3191 3126 (Tob.
3223 3055 3274 3107 4.
3303 3054 3417 3123 16).

2139 3143 2194 3197 2.
2224 3143 2321 3197 Est
2365 3143 2526 3197 etiam
2556 3143 2656 3197 alia
2701 3143 2956 3197 Conditio.
2989 3144 3241 3209 Quaenam
3273 3157 3334 3197 ea
3365 3142 3486 3196 est?
3533 3141 3666 3197 Dili-

2068 3251 2194 3305 gere
2225 3236 2543 3304 protinnnn,
2575 3235 2712 3288 sicut
2740 3235 2996 3304 seipsum.
3038 3233 3174 3300 Quid
3205 3249 3324 3288 esse
3354 3234 3521 3304 possit
3559 3233 3662 3290 hoc

2069 3327 2321 3382 facilius?
2371 3326 2558 3380 Odisse
2589 3327 2732 3380 enim
2761 3341 2922 3395 grave
2949 3334 3048 3389 est,
3082 3337 3135 3380 et
3164 3325 3344 3381 turbas
3368 3342 3430 3380 ac
3461 3327 3661 3382 tumul—

2071 3429 2156 3475 tus
2180 3420 2419 3474 excitans
2449 3435 2462 3471 :
2495 3434 2675 3472 amare
2723 3428 2901 3472 autetn
2948 3419 3103 3472 facile
3130 3400 3292 3473 est'et
3330 3419 3658 3486 expeditum.

2071 3512 2127 3567 Si
2171 3512 2312 3565 enim
2343 3512 2583 3574 dixisset,
2623 3512 2725 3566 Vos
2751 3527 2870 3566 cum
2904 3511 3149 3566 homines
3193 3512 3546 3582 sitis,diligite
3573 3511 3666 3566 he-

2073 3605 2227 3668 stias,
2257 3613 2581 3672 praeceptum
2611 3602 2796 3657 fuisset
2818 3603 3067 3657 difficile:
3101 3604 3143 3656 si
3172 3612 3348 3657 autem
3375 3604 3463 3673 qui
3491 3605 3665 3658 liomi-
3741 3594 3754 3608 ’

2074 3710 2172 3750 nes
2202 3708 2344 3760 sunt,
2380 3695 2624 3749 homines
2653 3712 2834 3750 amare
2851 3697 3031 3764 jussit,
3061 3696 3152 3750 ubi
3177 3696 3489 3751 substantiae
3517 3697 3664 3750 sinti-

2075 3787 2262 3851 litudo,
2281 3787 2546 3856 cognatio,
2563 3796 2616 3839 et
2643 3787 2808 3855 ipsius
2838 3797 3041 3840 natura:
3061 3787 3354 3842 admonitio
3375 3787 3663 3857 plurimum

2077 3881 2335 3936 momenti
2387 3879 2619 3933 afl‘ernnt
2660 3879 2728 3933 ad
2778 3880 3135 3947 diligendum,
3169 3881 3419 3949 quidnam
3475 3880 3669 3937 habent

2077 3971 2447 4027 difficultatis?
2471 3970 2622 4037 Quod
2651 3971 2709 4024 fit
2733 3970 2893 4026 etiam
2920 3971 2972 4025 in
3002 3971 3244 4026 leonibus
3267 3982 3320 4026 et
3344 3973 3512 4042 lupis:
3541 3989 3664 4028 nam

2077 4063 2215 4132 apud
2245 4063 2365 4116 illos
2389 4064 2548 4116 etiam
2581 4075 2782 4116 natura:
2803 4064 3050 4131 cognatio
3080 4063 3329 4117 conciliat
3354 4064 3664 4119 amicitiam.

2080 4160 2376 4223 Quamnam
2419 4173 2546 4226 ergo
2573 4158 2866 4227 poterimus
2907 4157 3098 4211 afl'erre
3137 4158 3555 4224 excusationem,
3577 4160 3668 4228 qui

2082 4251 2266 4305 leones
2307 4248 2520 4318 quidem
2563 4246 3044 4314 mansuefacimus,
3087 4258 3142 4303 et
3172 4249 3224 4302 in
3273 4250 3459 4303 iisdem
3491 4251 3670 4305 nobis-

2080 4357 2199 4394 eum
2213 4340 2417 4394 sedibus
2434 4339 2752 4394 collocamus
2769 4355 2784 4404 ;
2801 4339 2940 4408 quod
2954 4348 3035 4394 est
3049 4348 3224 4393 autem
3239 4339 3475 4408 ejusdem
3493 4342 3672 4396 nobis-

2082 4450 2202 4489 cum
2233 4434 2465 4504 generis,
2513 4448 2618 4486 non
2668 4432 3024 4485 attrahimus?
3069 4431 3186 4486 Non
3234 4431 3426 4487 videtis
3472 4434 3671 4487 multos

2084 4543 2204 4582 esse
2230 4527 2319 4597 qui
2368 4537 2587 4596 propter
2627 4524 2976 4578 hereditatem
3019 4539 3178 4578 senes
3216 4534 3426 4594 captant
3471 4535 3526 4579 et
3569 4526 3675 4578 cir-

2085 4626 2450 4682 cumcursant,
2481 4632 2544 4670 ac
2575 4616 2866 4669 senectutis
2891 4615 3067 4668 omnia
3109 4617 3245 4669 mala
3275 4616 3521 4682 tolerant,
3549 4632 3672 4671 cum

2086 4712 2194 4764 sint
2229 4709 2476 4778 juvenes,
2508 4718 2804 4776 vegetoque
2828 4721 2893 4760 ac
2932 4706 3215 4759 luxurianti
3243 4722 3488 4776 corpore,
3512 4706 3677 4776 poda-

2087 4816 2236 4870 gram
2268 4815 2460 4869 nempe
2486 4807 2541 4853 et
2587 4798 2720 4851 alios
2749 4798 3040 4851 senectutis
3086 4797 3324 4860 morbos,
3354 4813 3584 4862 niueum,
3612 4812 3678 4852 ac

2089 4900 2380 4956 screatum,
2409 4888 2551 4960 quod
2597 4889 2699 4942 illis
2730 4898 2988 4958 perpetuo
3019 4887 3335 4942 assideant?
3366 4888 3523 4957 Atqui
3571 4889 3679 4943 illic

2091 4994 2216 5038 sunt
2258 4984 2518 5054 pecuniae,
2552 4991 2606 5036 et
2635 4997 2758 5051 spes
2787 4982 2986 5036 incerta
3013 4998 3027 5044 ;
3060 4981 3146 5034 hic
3173 4990 3349 5034 autem
3381 4982 3592 5048 caelum,
3623 4989 3681 5036 et

2091 5087 2217 5130 ante
2246 5074 2435 5128 eielum
2465 5073 2557 5127 Dei
2589 5073 2778 5142 gratia.
2801 5072 2930 5139 Qua:
2955 5082 3038 5126 est
3067 5073 3154 5125 illa
3179 5089 3296 5139 quze
3327 5072 3674 5126 hereditatem

2093 5165 2321 5234 accipit?
2353 5165 2629 5232 inscriptio
2659 5164 2800 5217 enim
2831 5163 2982 5227 dicit,
3017 5162 3120 5216 Pro
3144 5180 3202 5215 ea
3221 5179 3332 5230 qua:
3358 5163 3678 5215 hereditatem

2093 5259 2296 5329 accipit.
2324 5257 2582 5320 Ecclesia,
2601 5265 2656 5310 et
2683 5256 2799 5324 ejus
2826 5254 3134 5321 plenitudo;
3162 5253 3232 5308 de
3259 5270 3360 5323 qua
3389 5253 3518 5307 dicit
3544 5253 3680 5306 l’au-

2095 5349 2180 5404 lus
2207 5368 2220 5404 :
2262 5347 2522 5411 Despondi
2551 5363 2636 5400 vos
2665 5347 2751 5399 uni
2776 5347 2902 5408 viro,
2932 5346 3175 5415 virginem
3214 5355 3407 5397 castam
3450 5344 3685 5396 exhibere

2097 5441 2294 5496 Christo
2322 5439 2404 5509 (2.
2428 5439 2546 5493 Cor.
2571 5439 2657 5493 ll.
2684 5439 2765 5508 2).
2796 5437 2864 5491 Ει
2889 5436 3122 5491 Joannes
3151 5453 3166 5489 :
3203 5435 3301 5501 Qui
3340 5435 3485 5487 habet
3528 5451 3682 5503 spon-

2097 5549 2227 5598 sam,
2256 5547 2474 5601 sponsus
2512 5539 2583 5582 est
2613 5528 2789 5599 (Joan.
2831 5530 2885 5582 5.
2912 5527 3023 5596 29).
3054 5527 3295 5595 Sponsus
3319 5525 3532 5594 quidem
3565 5534 3685 5592 post

2099 5625 2300 5694 primos
2326 5623 2442 5677 dies
2486 5621 2710 5676 remittit
2750 5621 2948 5674 amoris
2975 5616 3365 5674 vehementiam
3397 5634 3410 5671 :
3457 5629 3686 5684 sponsus

2098 5727 2276 5772 autem
2321 5725 2504 5770 11051οΓ
2530 5730 2626 5767 IIOS
2652 5722 2796 5767 amat
2825 5721 3104 5782 perpetuo,
3135 5718 3189 5764 et
3214 5717 3373 5778 auget
3401 5723 3638 5763 amorem
3666 5723 3681 5760 ἓ

2101 5809 2240 5880 quod
2263 5808 2732 5864 innuensJoannes
2750 5815 2904 5860 vocat
2928 5819 3204 5874 sponsum,
3219 5801 3433 5874 quando
3454 5802 3684 5858 maxime

2107 5906 2281 5975 vigent
2301 5919 2530 5959 amores.
2561 5901 2676 5956 Non
2703 5901 2874 5956 solum
2897 5908 3072 5954 autem
3097 5897 3218 5954 ideo
3237 5906 3493 5963 sponsam
3519 5905 3680 5946 voca-
