4074 6356
392 449 458 504 65
1159 437 1214 495 S.
1255 434 1534 493 JOANNIS
1571 428 2049 488 CHRYSOSTOMI
2087 426 2402 487 ARCIIIEP.
2445 425 2974 484 CONSTANTINOP.
3601 428 3667 483 61

391 568 465 621 vit
498 582 513 619 :
545 560 642 619 sed
664 561 827 617 etiam
850 556 991 630 quod
1034 555 1162 610 velit
1204 568 1394 608 omnes
1420 566 1584 605 unum
1623 563 1745 605 esse
1785 560 1981 615 corpus

386 670 443 713 et
469 670 626 710 unam
666 653 897 706 animam
925 651 1131 703 ratione
1154 646 1368 698 virtutis
1396 653 1450 696 et
1476 641 1679 695 amoris
1708 656 1724 694 :
1756 648 1813 692 et
1837 637 1981 707 quod

391 745 836 816 quemadmodum
881 755 1077 810 sponsa
1102 738 1281 793 omnia
1310 734 1437 789 facit
1482 743 1540 787 ut
1585 733 1703 786 viro
1732 731 1979 800 placeat:

391 845 462 897 ita
509 855 608 896 nos
652 840 813 894 etiam
845 836 980 890 tales
1018 847 1139 887 esse
1182 840 1394 901 oportet
1444 842 1541 897 per
1583 833 1747 879 totam
1793 824 1978 877 vitam.

389 935 574 1006 Qualis
597 946 789 1003 sponsa
816 945 934 1000 qua:
958 929 1010 981 in
1041 926 1132 980 illo
1155 924 1241 978 die
1270 921 1421 977 sedet
1449 921 1502 974 in
1528 918 1711 981 cubili,
1739 915 1790 970 id
1815 930 1980 970 unum

394 1023 763 1083 tantummodo
806 1019 1077 1089 cogitans,
1122 1014 1391 1084 quomodo
1438 1013 1554 1065 viro
1600 1010 1807 1080 placeat
1850 1025 1862 1059 :
1910 1006 1982 1059 ita

392 1118 549 1171 ctiam
580 1129 678 1168 nos
707 1111 767 1166 in
793 1108 898 1164 hac
924 1110 1030 1161 vita
1060 1105 1327 1167 sedentes,
1359 1117 1521 1157 unum
1571 1101 1741 1154 solum
1774 1107 1984 1167 specte-

392 1219 531 1271 mus,
561 1214 614 1259 ut
638 1215 835 1272 sponso
864 1197 1220 1266 placeatnns’,
1252 1205 1307 1250 et
1332 1206 1545 1262 sponsae
1569 1189 1888 1244 modestiam
1918 1201 1982 1241 ac

390 1298 644 1353 decorem
688 1304 1088 1348 conservemus.
1120 1288 1285 1357 Hujus
1311 1299 1522 1356 sponsae
1571 1282 1733 1337 David
1771 1294 1982 1351 quoque

393 1384 891 1453 ntetninit,dicens:
919 1381 1121 1435 Adstitit
1147 1380 1320 1449 regina
1342 1394 1372 1429 a
1389 1376 1580 1430 dextris
1608 1373 1705 1427 tuis
1726 1372 1779 1425 in
1807 1371 1983 1425 restim

393 1484 656 1542 deaurato,
678 1474 994 1531 circumdato
1024 1474 1261 1527 varietate
1292 1471 1344 1524 in
1370 1468 1581 1538 ﬁmbriis
1619 1466 1784 1519 aureis
1807 1463 1979 1534 (Psal.

392 1574 482 1626 45.
516 1572 624 1638 11).
645 1568 737 1623 Vis
762 1567 943 1621 videre
968 1564 1084 1631 ejus
1113 1560 1363 1617 calceos?
1404 1559 1538 1614 Audi
1568 1556 1786 1611 Paulum
1815 1569 1879 1624 pa
1895 1568 1983 1608 ra-

394 1661 682 1734 nytnphutn
706 1659 805 1731 (a),
832 1658 920 1727 qui
951 1655 1080 1709 dicit
1117 1673 1132 1708 :
1179 1652 1401 1707 Calceati
1439 1650 1590 1721 pedes
1622 1649 1677 1702 in
1716 1661 1982 1716 prwpara-

395 1756 530 1806 tione
570 1748 813 1821 euangelii
867 1746 1007 1817 pacis
1055 1743 1220 1813 (Eph.
1251 1742 1305 1798 6.
1340 1742 1451 1810 15).
1480 1740 1571 1794 Vis
1614 1739 1771 1793 etiam
1803 1736 1983 1789 videre

394 1847 511 1915 ejus
536 1857 744 1908 mnam,
783 1850 836 1894 ct
874 1836 1146 1909 quomodo
1182 1836 1478 1904 composita
1501 1843 1583 1886 εει
1607 1846 1673 1884 ex
1719 1825 1982 1882 veritate?

398 1937 490 1989 Ille
513 1937 624 2002 ipse
645 1942 696 1986 te
725 1929 956 1985 docebit.
983 1926 1206 1980 Accincti
1231 1925 1426 1979 lumbos
1468 1931 1657 1976 uestros
1682 1919 1735 1973 in
1779 1919 1986 1972 veritate

397 2027 557 2096 (Ibid.
587 2026 642 2079 6.
674 2025 784 2093 14).
818 2019 910 2074 Vis
940 2021 1102 2074 etiam
1136 2017 1317 2072 videre
1348 2015 1464 2086 ejus
1498 2008 1983 2082 pulchritudinem?

398 2122 453 2177 Id
488 2124 555 2172 ab
582 2117 773 2173 eodem
805 2126 1017 2184 quoque
1044 2109 1244 2165 disces.
1273 2106 1395 2163 Non
1423 2104 1612 2159 habens
1629 2101 1880 2157 Maculam
1903 2099 1983 2152 uel

396 2227 578 2283 rugam
613 2205 775 2278 (Ibid.
815 2206 871 2258 5.
910 2202 1024 2273 27).
1070 2200 1210 2255 Audi
1252 2199 1412 2253 etiam
1460 2196 1587 2267 quid
1625 2194 1697 2251 de
1738 2208 1802 2249 ea
1842 2191 1984 2245 dicat

398 2301 748 2357 Ecclesiastes
765 2298 861 2367 (b).
878 2293 1007 2349 Tota
1028 2293 1242 2364 pulchra
1262 2307 1331 2354 es,
1353 2289 1637 2360 propinqua
1658 2301 1786 2347 mea,
1802 2293 1850 2336 et
1871 2298 1981 2335 ma—

398 2392 514 2444 cula
535 2406 635 2443 non
666 2399 737 2443 est
758 2390 810 2442 in
831 2398 877 2442 te
902 2385 1076 2458 (Cant.
1101 2384 1155 2438 4.
1183 2382 1260 2451 7).
1287 2379 1378 2435 Vis
1397 2380 1556 2434 etiam
1588 2376 1767 2431 videre
1786 2374 1982 2446 pedes?

402 2485 567 2552 Quam
613 2482 821 2554 speciosi
853 2480 1002 2549 pedes
1031 2474 1480 2547 euangelizandum
1524 2486 1718 2541 pacem,
1764 2484 1980 2539 evange-

398 2577 657 2631 Iizantium
686 2577 815 2629 bona
840 2571 1014 2645 (Rom.
1044 2569 1131 2624 10.
1164 2569 1276 2638 15)Ξ
1310 2567 1374 2621 Et
1400 2563 1538 2635 quod
1578 2563 1833 2617 eximium
1858 2570 1970 2625 est,

398 2680 449 2723 et
480 2668 836 2722 admiratione
887 2665 1280 2736 dignissimum,
1311 2674 1433 2715 cum
1454 2672 1571 2711 cam
1599 2658 1681 2712 sic
1719 2668 1978 2710 exornas-

398 2771 499 2823 sct,
523 2774 630 2814 non
658 2760 798 2813 venit
822 2758 1048 2829 gloriam
1100 2770 1252 2810 suam
1290 2763 1636 2815 ostensurus,
1683 2762 1751 2803 ne
1788 2745 1982 2817 insigni

399 2868 493 2907 sua
535 2850 928 2921 pulchritudine
963 2864 1083 2904 eam
1127 2847 1568 2916 obstupel'aceret,
1615 2851 1670 2898 et
1713 2850 1980 2896 amentem

400 2944 682 3007 redderet;
724 2940 819 2995 sed
846 2941 991 2996 venit
1036 2941 1229 2995 eodem
1277 2939 1492 2992 indutus
1540 2935 1850 2990 indumento
1877 2945 1986 3002 quo

400 3049 595 3106 sponsa
626 3052 639 3088 :
670 3034 943 3103 particeps
969 3032 1113 3088 enim
1153 3039 1237 3084 est
1273 3042 1425 3099 teque
1462 3042 1525 3082 ac
1569 3026 1683 3096 ipsa
1725 3023 1904 3078 carnis
1927 3031 1985 3076 et

401 3128 707 3198 sanguinis;
752 3140 853 3180 nec
898 3125 1010 3194 ipse
1040 3138 1158 3178 eam
1206 3136 1418 3177 sursum
1444 3127 1617 3185 vocat,
1649 3116 1744 3173 sed
1773 3115 1839 3170 ad
1863 3130 1982 3170 eam

401 3220 628 3285 accedit,
660 3232 881 3273 servans
902 3214 990 3270 hic
1015 3229 1228 3284 quoque
1250 3212 1431 3284 sponsi
1462 3211 1652 3281 legem,
1677 3224 1793 3278 quae
1822 3222 1985 3277 spon—

400 3327 520 3368 sum
548 3310 615 3365 ad
641 3324 891 3380 sponsam
939 3306 1176 3361 adducit.
1216 3302 1368 3370 Quod
1408 3303 1568 3357 etiam
1599 3300 1734 3355 dixit
1775 3298 1982 3354 Moses:

404 3404 512 3458 Pro
553 3419 610 3457 eo
650 3401 897 3469 relinquet
937 3400 1087 3451 homo
1139 3407 1334 3466 patrem
1391 3403 1438 3447 et
1480 3402 1689 3446 matrem
1731 3406 1893 3454 suane,
1937 3398 1986 3444 et

403 3494 675 3549 udimrebit
701 3492 848 3546 umori
874 3505 980 3545 sua:
1008 3486 1161 3562 (Gen.
1194 3487 1250 3541 2.
1278 3486 1396 3555 24).
1424 3485 1495 3540 Et
1531 3484 1761 3539 Paulus:
1792 3481 1989 3538 Sacra.

406 3595 629 3639 ruentum
655 3582 750 3635 hoc
791 3594 1031 3649 magnum
1064 3588 1135 3633 est
1164 3594 1185 3631 :
1217 3593 1307 3647 ego
1335 3584 1502 3628 autem
1528 3573 1643 3628 dico
1690 3573 1744 3626 in
1786 3571 1985 3627 Christo

404 3676 528 3729 etin
560 3672 787 3727 Ecclesia
810 3671 1033 3742 (Ephes.
1075 3669 1129 3724 5.
1164 3668 1277 3739 52).
1307 3666 1441 3722 Cum
1487 3679 1617 3734 ergo
1656 3665 1888 3719 venisset
1931 3663 1984 3717 in

405 3766 522 3834 ejus
548 3763 929 3826 habitaculum,
957 3771 1016 3817 et
1042 3775 1161 3814 eam
1193 3758 1485 3813 invenisset
1508 3754 1800 3822 sordidam,
1830 3768 1990 3823 squa-

405 3863 590 3930 lidam,
621 3861 837 3924 undam,
888 3856 1145 3928 sanguine
1190 3854 1553 3924 inquinatam,
1604 3850 1766 3916 lavit,
1816 3849 1986 3916 unxit,

405 3957 556 4019 aluit,
578 3963 727 4008 veste
753 3951 947 4013 induit,
971 3949 1056 4003 cui
1082 3961 1261 4017 parem
1286 3946 1524 3999 invenire
1550 3959 1654 3997 non
1685 3943 1828 3997 licet.
1852 3941 1987 3995 Cum

410 4048 525 4116 ipse
552 4045 649 4114 ipsi
680 4043 870 4098 inisset
896 4039 1287 4100 indumentum,
1319 4050 1436 4089 eam
1475 4035 1734 4089 sublatam
1777 4045 1990 4087 sursum

408 4139 490 4192 sic
526 4136 693 4190 ducit.
726 4134 786 4186 Ei
818 4139 996 4201 parata
1022 4136 1108 4183 est
1149 4126 1439 4182 hereditas.
1465 4124 1602 4192 Quid
1630 4139 1760 4194 ergo
1784 4124 1851 4179 de
1876 4123 1989 4192 ipsa

414 4228 547 4282 dicit
572 4224 872 4297 propheta?
917 4223 1077 4277 Multa
1108 4237 1123 4275 :
1155 4228 1240 4275 est
1285 4219 1428 4274 enim
1474 4220 1592 4287 ejus
1634 4228 1906 4287 patronus,
1936 4224 1993 4272 et

412 4318 580 4374 multa
605 4330 787 4371 eorum
828 4328 947 4384 qua:
973 4313 1023 4367 ei
1062 4323 1186 4367 sunt
1213 4319 1469 4364 eventura
1520 4307 1763 4379 praedixit
1783 4317 1835 4363 et
1864 4322 1990 4376 pro-

408 4410 662 4466 clamavit
686 4425 701 4462 :
734 4404 1181 4478 quemadmodum
1208 4402 1276 4459 de
1305 4417 1524 4473 sponso,
1553 4401 1625 4456 de
1652 4401 1993 4471 sponsalibus

413 4515 469 4559 et
508 4501 828 4558 deductione
875 4497 941 4552 ad
985 4511 1261 4567 sponsum,
1303 4494 1372 4549 de
1415 4494 1571 4549 bonis
1612 4508 1730 4563 quae
1781 4500 1905 4546 sunt
1942 4492 1993 4546 ei

416 4602 694 4650 eventura.
737 4590 1024 4658 Propterea
1072 4587 1157 4641 hic
1186 4586 1345 4641 etiam
1394 4601 1489 4654 pro
1517 4584 1630 4653 ipsa
1661 4585 1909 4653 loquitur,
1940 4591 1996 4638 et

413 4684 698 4755 incipiens,
728 4681 865 4735 sicut
895 4679 981 4733 isti
1033 4679 1240 4749 patroni
1286 4686 1342 4731 et
1371 4687 1612 4731 oratores
1658 4677 1712 4730 in
1757 4675 1992 4746 judiciis,

416 4775 550 4831 dicit
565 4790 850 4846 quemnam
878 4787 971 4827 sua
992 4773 1233 4826 oratione
1252 4769 1525 4833 defendat,
1545 4784 1736 4839 nempe
1756 4784 1816 4824 se
1836 4769 1995 4824 verba

419 4867 595 4923 facere
641 4866 747 4919 Pro
773 4881 832 4919 ea
856 4879 971 4931 qua:
1015 4862 1342 4917 hereditatem
1384 4861 1589 4928 accipit.
1634 4859 1774 4928 Quid
1816 4869 1996 4915 autem

419 4969 568 5031 petat
622 4961 778 5013 heres
830 4957 938 5021 illa,
984 4955 1283 5010 audiamus.
1327 4954 1384 5008 2.
1427 4953 1588 5007 Verba
1634 4969 1745 5007 mea
1793 4952 1998 5028 auribus

423 5053 642 5124 percipe,
672 5050 906 5105 Domine.
936 5048 1201 5117 Sponsum
1233 5056 1387 5101 vocat
1429 5046 1745 5111 Dominum;
1789 5045 1893 5100 hoc
1917 5055 2000 5099 est

424 5145 566 5199 enim
604 5157 816 5212 sponsa:
845 5140 982 5210 frugi
1021 5139 1275 5194 ofﬁcium.
1305 5138 1360 5193 Si
1388 5152 1618 5207 namque
1646 5140 1746 5192 hoc
1770 5137 1905 5191 litin
1936 5138 2001 5191 iis

423 5235 512 5307 qui
539 5240 664 5288 sunt
689 5233 923 5300 ejusdem
945 5230 1286 5295 substantia,
1318 5239 1373 5284 et
1400 5245 1535 5284 uxor
1568 5229 1815 5283 maritum
1844 5235 2001 5283 vocat

425 5330 740 5383 dominum:
767 5326 934 5379 multo
979 5325 1149 5393 magis
1197 5324 1248 5377 in
1294 5322 1509 5379 Christo
1556 5330 1611 5378 et
1646 5323 1699 5377 in
1739 5323 1999 5390 Ecclesia,

429 5420 523 5475 ubi
551 5426 631 5474 est
670 5417 835 5473 etiam
875 5425 1061 5470 natura
1092 5416 1367 5470 Dominus.
1407 5414 1485 5470 ιω
1520 5428 1649 5485 ergo
1682 5429 1806 5470 eum
1846 5423 2003 5469 vocat

492 5574 512 5606 ⁸
546 5579 685 5636 Beg.,
708 5576 760 5622 ut
776 5568 937 5636 sponsi
957 5568 1195 5620 uirtutem.

493 5655 566 5716 (a)
598 5654 786 5724 scilicet
814 5653 896 5715 qui
935 5653 1117 5722 animas
1153 5651 1336 5724 Christo
1372 5650 1633 5713 desponsat
1656 5664 1670 5702 :
1693 5658 1747 5702 ut
1781 5651 1888 5713 ipse
1919 5652 2003 5712 ait,

434 5718 677 5777 Despondi
690 5718 819 5777 enim
840 5727 919 5764 vos
941 5718 1024 5777 uni
1053 5718 1173 5768 viro,
1207 5720 1302 5777 etc.

496 5772 563 5840 (6;
601 5776 917 5840 Ecclesiasten
938 5775 1017 5824 hic
1037 5784 1177 5840 vocat
1217 5774 1515 5840 salomgnem
1542 5786 1553 5820 :
1585 5772 1722 5824 locus
1741 5780 1908 5826 autem
1931 5780 2010 5825 est

436 5839 488 5890 in
507 5834 729 5890 (iuncis.
743 5844 874 5887 Hunc
896 5849 1012 5887 vero
1037 5836 1195 5888 loctun
1216 5849 1315 5886 non
1337 5834 1483 5886 eﬂert
1504 5838 1696 5899 Regius.

2092 546 2395 611 Dominum,
2421 560 2526 598 non
2549 553 2750 599 tantum
2780 554 2837 598 ut
2856 558 3135 613 sponsum,
3156 542 3249 598 sed
3274 542 3433 599 etiam
3459 551 3517 597 ut
3544 558 3670 599 vere

2088 636 2461 702 Dominum,et
2482 651 2604 690 eum
2636 638 2700 689 ad
2734 650 2921 706 preces
2950 634 3245 689 audiendas
3272 632 3509 688 attrahit.
3526 632 3671 701 Qun-

2088 728 2229 780 niam
2256 727 2397 781 enim
2427 736 2510 781 est
2535 727 2583 781 ei
2610 727 2879 796 proposita
2909 725 3198 787 hereditas,
3228 726 3343 780 hare
3365 736 3544 779 autem
3577 724 3671 779 he-

2086 816 2288 870 reditas
2313 815 2561 870 eﬂ‘ectnm
2604 818 2843 881 sortitur,
2866 818 2909 869 si
2950 830 3070 885 qua:
3099 815 3200 870 sibi
3241 825 3368 869 sunt
3396 828 3664 885 praecepta

2088 916 2232 961 recte
2264 905 2471 972 fecerit,
2503 915 2620 961 orat
2649 915 2705 960 et
2742 906 2989 960 obsecrat
3036 915 3093 959 ut
3117 905 3166 958 ei
3214 919 3368 973 opem
3410 904 3572 970 ferat,
3613 912 3671 958 ut

2087 1012 2207 1066 quze
2229 1006 2353 1051 sunt
2380 996 2653 1066 proposita
2680 995 2941 1063 perﬁciat,
2963 1004 3021 1049 et
3046 1010 3150 1048 non
3181 994 3391 1049 excidat
3415 995 3483 1049 ab
3509 993 3669 1049 here-

2086 1086 2273 1141 ditate.
2308 1086 2445 1140 Dicit
2470 1088 2646 1156 ilaqtte
2676 1103 2692 1140 :
2751 1085 2909 1139 Verba
2930 1101 3041 1139 mea
3068 1084 3276 1138 auribus
3300 1085 3522 1155 percipe,
3557 1083 3672 1137 Do-

2088 1180 2244 1244 mine,
2268 1188 2323 1233 et
2348 1178 2455 1233 hoc
2478 1179 2609 1232 dicit
2636 1193 2757 1232 cum
2788 1177 2998 1242 fiducia,
3019 1177 3269 1246 quoniam
3299 1191 3363 1230 ea
3390 1175 3519 1245 petit
3546 1192 3668 1245 qua:

2088 1272 2203 1340 ipse
2232 1272 2393 1326 etiam
2425 1270 2554 1325 dare
2584 1271 2770 1340 cupit:
2796 1269 3242 1339 quemadmodum
3271 1268 3318 1322 si
3341 1269 3460 1337 quis
3478 1281 3542 1322 ea
3572 1284 3669 1336 pec

2087 1372 2163 1417 tat
2185 1379 2304 1433 quae
2331 1378 2397 1418 eo
2424 1364 2514 1432 qui
2546 1364 2615 1418 sit
2643 1363 2864 1417 daturus
2908 1361 3121 1431 indigna
3164 1368 3313 1425 sunt,
3344 1375 3451 1414 non
3494 1367 3671 1430 potest

2085 1470 2202 1510 eam
2228 1464 2408 1524 petere
2435 1455 2686 1525 gratiam.
2716 1453 2942 1520 Quando
2964 1463 3084 1507 orat
3115 1452 3376 1507 adversus
3402 1452 3666 1518 inimicos,

2082 1546 2298 1617 quando
2335 1545 2593 1601 adversus
2621 1559 2717 1601 eos
2740 1545 2832 1615 qui
2877 1544 3118 1599 molestia
3158 1544 3329 1613 aliqua
3358 1543 3665 1607 ail'eceruut,

2083 1652 2148 1691 ea
2188 1652 2293 1690 non
2340 1646 2466 1690 sunt
2505 1637 2663 1692 verba
2707 1634 2961 1701 hominis,
3001 1633 3095 1690 sed
3141 1634 3360 1688 diaboli.
3388 1635 3446 1689 Si
3486 1630 3669 1702 jurare

2086 1729 2228 1783 enim
2255 1737 2340 1783 est
2367 1743 2397 1782 a
2426 1727 2641 1782 diabolo
2688 1726 2879 1797 (Quod
2922 1727 3067 1781 enim
3116 1736 3187 1781 est
3236 1726 3313 1779 his
3365 1725 3605 1796 amplius,
3635 1741 3670 1778 α

2084 1818 2219 1871 malo
2245 1815 2352 1887 est)
2377 1817 2597 1889 (Matth.
2627 1817 2684 1873 5.
2713 1816 2831 1887 37),
2859 1817 3063 1871 clarum
3092 1826 3175 1871 est
3200 1815 3341 1886 quod
3369 1817 3527 1870 etiam
3555 1830 3670 1884 pre-

2084 1908 2195 1963 cari
2221 1909 2475 1964 adversus
2505 1909 2771 1964 inimicos.
2799 1908 2855 1964 Si
2890 1924 3018 1979 ergo
3041 1907 3210 1969 dicas,
3247 1905 3408 1961 Verba
3433 1923 3550 1960 mea
3580 1923 3669 1960 au-

2083 2002 2220 2055 ribus
2246 2000 2565 2070 percipe,dic
2584 2015 2646 2055 ea
2674 1999 2835 2053 verba
2853 2014 2972 2069 quae
2996 2008 3121 2053 sunt
3144 1998 3378 2052 hominis
3405 1997 3669 2052 mansueti

2085 2107 2150 2147 ac
2178 2092 2420 2156 humani,
2452 2101 2505 2147 et
2532 2092 2623 2162 qui
2654 2091 2789 2146 nihil
2821 2091 2980 2145 habet
3003 2090 3346 2145 diabolicutn.

2155 2185 2210 2240 ὅ.
2252 2182 2432 2248 Qualis
2483 2184 2549 2237 sit
2592 2198 2709 2237 uera
2738 2182 2921 2249 oratio,
2955 2190 3003 2236 et
3057 2183 3272 2252 qualiter
3316 2181 3383 2235 ad
3419 2183 3669 2236 orandum

2083 2290 2176 2328 nos
2234 2273 2522 2342 comparari
2579 2282 2828 2343 oporteat.
2878 2300 2954 2313 -—
3021 2290 3042 2324 ι
3105 2271 3342 2342 Intellige
3398 2272 3668 2326 clamorem

2083 2383 2270 2422 meum.
2307 2386 2327 2419 ι
2358 2367 2658 2421 Clamorem
2687 2365 2774 2421 hic
2798 2365 2947 2428 dicit,
2976 2381 3082 2420 non
3106 2366 3251 2419 vocis
3273 2365 3616 2420 intentionmn
3646 2407 3664 2430 ,

2083 2457 2178 2514 sed
2222 2457 2417 2512 mentis
2453 2456 2807 2511 adactionem.
2868 2455 3000 2511 Nam
3052 2456 3186 2512 Mosi
3258 2456 3420 2510 etiam
3470 2457 3667 2511 tacenti

2084 2548 2218 2603 dixit
2245 2564 2260 2603 :
2290 2547 2430 2612 Quid
2454 2546 2644 2601 clamas
2673 2546 2743 2600 ad
2762 2562 2842 2600 me
2861 2545 3051 2617 (Exod.
3085 2547 3172 2601 14.
3208 2543 3339 2619 i5)?
3366 2545 3481 2601 Non
3508 2546 3665 2615 dixit,

2083 2638 2220 2708 Quid
2248 2652 2373 2692 oras
2392 2636 2459 2692 ad
2482 2639 2608 2692 me?
2627 2636 2720 2691 sed
2740 2678 2755 2700 ,
2787 2636 2923 2703 Quid
2948 2637 3138 2691 clamas
3177 2639 3244 2690 ad
3272 2653 3350 2692 me
3369 2638 3394 2692 Ρ
3415 2638 3665 2707 quoniam

2083 2730 2525 2787 cumvehementi
2560 2729 2751 2785 affectu
2799 2727 2867 2784 ad
2919 2744 3041 2784 eum
3088 2737 3404 2784 accesserat.
3444 2728 3514 2785 Ut
3536 2744 3667 2799 ergo

2084 2822 2248 2876 scires
2272 2821 2360 2876 hic
2379 2835 2592 2891 quoque
2622 2836 2727 2875 non
2751 2819 2855 2874 dici
2885 2819 3174 2874 clamorem
3203 2860 3220 2887 ,
3248 2819 3340 2874 sed
3372 2820 3563 2875 mentis
3588 2820 3667 2874 af-

2084 2913 2390 2979 fectionem,
2415 2921 2473 2969 et
2494 2914 2762 2968 intensum
2801 2912 3060 2977 studium,
3101 2926 3208 2967 non
3235 2910 3366 2966 dixit
3390 2929 3404 2966 :
3434 2912 3666 2968 Auribus

2084 3004 2300 3076 percipe
2340 3004 2628 3059 clamorem
2680 3018 2857 3059 meum
2890 3021 2904 3058 :
2935 3002 3029 3059 sed
3075 3002 3241 3073 quid?
3287 3001 3540 3073 Intellige,
3564 3002 3666 3059 hoc

2085 3107 2190 3164 est,
2221 3097 2394 3151 Disce.
2454 3095 2569 3150 Etsi
2612 3096 2753 3151 enim
2798 3093 3043 3150 humanis
3096 3095 3273 3150 verbis
3314 3109 3442 3149 usus
3475 3104 3576 3157 est,
3609 3094 3664 3151 in

2087 3190 2215 3261 ipsis
2242 3198 2417 3243 tamen
2446 3187 2623 3242 verbis
2644 3186 2888 3241 humanis
2914 3184 3057 3255 quod
3078 3194 3223 3241 recte
3246 3192 3666 3254 repraesentantur

2086 3280 2368 3349 signiﬁcat.
2398 3276 2612 3331 Intende
2635 3277 2744 3330 uoci
2763 3276 3146 3347 supplicationis
3156 3291 3297 3329 mete.
3329 3275 3463 3330 Dicit
3480 3290 3665 3330 rursus

2087 3383 2275 3423 vocem
2298 3368 2587 3423 internum.
2638 3367 2714 3421 Ita
2765 3367 2925 3422 etiam
2964 3366 3228 3421 clamabat
3268 3367 3440 3422 Anna.
3469 3366 3535 3422 Et
3558 3382 3666 3422 non

2086 3456 2222 3513 dixit
2261 3456 2576 3526 simpliciter
2614 3466 2670 3511 et
2711 3455 2975 3523 absolute,
3023 3454 3241 3510 Intende
3261 3455 3378 3509 voci
3412 3456 3667 3511 orationis

2088 3562 2243 3612 mete,
2275 3545 2390 3612 sed,
2427 3544 2827 3616 Supplicationis
2856 3542 3020 3617 mete(
3046 3544 3102 3599 1.
3129 3544 3258 3615 Reg.
3285 3546 3336 3600 1.
3369 3546 3437 3600 13
3463 3544 3503 3617 ).
3530 3546 3665 3600 Eum

2087 3640 2229 3697 enim
2255 3638 2345 3710 qni
2374 3648 2512 3706 orat,
2542 3645 2753 3709 Oportet
2780 3646 2835 3693 et
2866 3637 3101 3692 habitum
3130 3646 3185 3692 et
3210 3648 3442 3692 mentem
3465 3638 3668 3708 suppli-

2089 3732 2168 3786 cis
2191 3731 2429 3785 induere.
2463 3730 2562 3798 Qui
2589 3732 2732 3784 enitn
2753 3728 2975 3798 supplex
2997 3736 3096 3794 est,
3130 3743 3236 3782 non
3267 3727 3486 3783 adhibet
3508 3727 3667 3783 verba

2091 3825 2416 3880 accusatoris
2451 3822 2576 3892 :qui
2624 3830 2800 3877 autem
2844 3820 3063 3875 inimico
3105 3820 3245 3875 male
3287 3826 3670 3890 precatur,est

2092 3924 2373 3970 accusator
2425 3914 2622 3981 potius,
2677 3927 2835 3981 quam
2869 3913 3114 3980 supplex.
3165 3911 3354 3965 Vidisti
3401 3908 3668 3980 quomodo

2091 4006 2382 4060 orationem
2412 4003 2605 4067 attulit,
2628 4003 2839 4072 quando
2879 4018 2996 4058 eam
3022 4001 3147 4057 fecit
3170 4000 3378 4070 dignam
3409 4015 3528 4070 quae
3567 4014 3667 4055 au-

2092 4097 2337 4153 diretur?
2367 4098 2442 4153 Ita
2483 4097 2640 4152 etiam
2690 4111 2789 4151 nos
2828 4095 3041 4164 quando
3069 4109 3317 4161 oramus,
3345 4102 3401 4147 et
3424 4092 3669 4147 volumus

2093 4188 2355 4254 exaudiri,
2375 4204 2492 4243 eam
2519 4189 2746 4258 primum
2775 4189 2843 4241 ita
2866 4200 3234 4256 comparemus
3254 4227 3269 4249 ,
3293 4195 3352 4240 ιιι
3379 4185 3450 4239 sit
3476 4183 3671 4253 oratio,

2095 4293 2151 4337 et
2178 4296 2286 4337 non
2315 4280 2604 4346 accusatio,
2627 4291 2681 4335 et
2707 4280 2830 4335 latis
2852 4278 2920 4332 ab
2944 4293 3011 4334 eo
3036 4278 3239 4348 legibus
3263 4277 3669 4333 convenientem

2094 4388 2212 4427 eam
2244 4372 2659 4426 introducamus.
2683 4370 2794 4425 Rea:
2808 4386 2947 4424 meus
2974 4378 3018 4423 et
3039 4369 3175 4423 Deus
3195 4385 3354 4423 meus.
3385 4366 3534 4435 Quod
3557 4369 3668 4423 ire-

2095 4472 2322 4534 quenter
2347 4463 2474 4519 dicit
2500 4463 2777 4532 propheta,
2803 4464 2884 4516 vel
2914 4462 3089 4531 potius
3130 4460 3270 4531 quod
3302 4470 3418 4515 erat
3444 4462 3670 4514 Abralne

2096 4556 2347 4610 eximium
2371 4554 2701 4621 attributum,
2746 4563 2805 4607 ut
2837 4553 2965 4607 dicit
3004 4553 3198 4606 Paulus
3230 4570 3244 4605 :
3276 4552 3387 4617 Qua
3424 4553 3484 4604 de
3519 4567 3672 4605 causa

2099 4663 2199 4699 non
2220 4645 2461 4698 erubescit
2484 4644 2622 4698 Deus
2649 4646 2783 4697 Deus
2804 4660 2975 4697 eorum
3008 4643 3175 4695 vocari
3204 4640 3385 4713 (Hebr.
3424 4643 3509 4696 11.
3541 4642 3670 4709 ili);

2099 4737 2201 4791 hoc
2229 4740 2341 4805 ipsa
2367 4736 2465 4789 sibi
2490 4735 2801 4802 assumpsit,
2823 4733 3090 4788 desiderio
3143 4732 3364 4801 impulsa
3417 4732 3671 4801 prfeclarc

2098 4827 2394 4894 usurpavit.
2426 4825 2542 4880 Non
2572 4825 2712 4879 enim
2739 4823 2905 4888 dixit,
2936 4823 3071 4888 Rex,
3106 4821 3349 4875 absolute
3369 4862 3384 4885 ,
3416 4820 3532 4885 sed,
3564 4821 3673 4876 Rea:

2101 4934 2237 4971 meus
2264 4914 2468 4970 etDeus
2507 4931 2665 4978 mens,
2687 4929 2922 4968 amorem
2970 4927 3123 4966 suum
3177 4912 3433 4966 indicans.
3479 4911 3673 4966 Deinde

2099 5008 2255 5062 aﬂ'ert
2282 5022 2489 5075 causas,
2520 5014 2734 5073 propter
2759 5018 2889 5073 quas
2918 5003 3028 5054 vult
3053 5018 3169 5056 eam
3214 5001 3471 5055 exaudiri.
3512 5000 3671 5068 Qun:-

2101 5112 2225 5154 nam
2251 5106 2431 5155 autem
2452 5105 2574 5149 sunt
2592 5097 2714 5151 east
2741 5095 2796 5149 4.
2823 5094 3073 5161 Quoniam
3096 5093 3163 5147 ad
3182 5104 3228 5147 te
3247 5093 3415 5154 orabo,
3441 5093 3671 5149 Domine.

2103 5190 2252 5260 Quis,
2284 5190 2507 5259 inquies,
2540 5189 2702 5241 Deum
2733 5202 2836 5242 non
2864 5188 3016 5241 orat?
3038 5187 3180 5242 Multi
3206 5182 3673 5256 videnturqnidem

2106 5283 2272 5337 Deum
2302 5296 2456 5334 orare
2486 5297 2499 5333 :
2525 5278 2619 5333 sed
2652 5278 2701 5332 id
2724 5277 2940 5339 faciunt,
2971 5286 3026 5330 ut
3062 5292 3120 5331 se
3163 5286 3429 5332 ostentent
3451 5276 3678 5330 homini-

2106 5373 2226 5428 bus.
2275 5372 2341 5425 At
2390 5385 2494 5424 non
2544 5369 2658 5423 haec
2685 5389 2698 5423 :
2728 5367 2819 5423 sed
2864 5366 2929 5421 ad
2971 5368 3136 5423 Deum
3185 5368 3352 5436 ipsum
3390 5367 3671 5432 ferebatur,

2110 5463 2357 5518 humanis
2382 5460 2542 5515 rebus
2567 5460 2815 5514 omnibus
2842 5458 3098 5513 dimissis.
3130 5458 3282 5512 Mane
3316 5459 3549 5512 exaudies
3590 5473 3677 5509 uo-

2109 5570 2215 5608 cem
2259 5567 2443 5605 meam.
2474 5549 2636 5605 Vides
2675 5548 2963 5604 vehemens
3001 5548 3256 5614 studium,
3295 5556 3350 5601 et
3391 5549 3677 5602 contritum

2109 5640 2378 5698 animum?
2403 5642 2447 5694 A
2481 5640 2736 5709 principio
2764 5638 2892 5707 diei,
2923 5639 3111 5708 inquit,
3158 5638 3262 5692 hoc
3293 5652 3412 5708 ago.
3451 5637 3682 5691 Audiant

2112 5734 2203 5802 qui
2232 5741 2351 5801 post
2389 5732 2665 5785 innumera
2692 5745 2855 5800 opera
2886 5729 3096 5783 tandem
3141 5727 3361 5782 veniunt
3386 5726 3453 5781 ad
3479 5730 3677 5781 oratio-

2116 5841 2260 5881 ncm.
2284 5827 2352 5878 At
2373 5839 2475 5879 non
2504 5825 2612 5893 ipsa
2639 5840 2652 5877 :
2678 5822 2769 5879 sed
2790 5823 2856 5879 ab
2876 5821 3025 5878 initio
3050 5820 3153 5877 diei
3178 5819 3341 5875 dabat
3360 5819 3473 5878 Deo
3499 5819 3686 5892 primi-
