4040 6342
437 377 507 436 65
1093 376 1156 432 S.
1192 374 1478 431 JOANNIS
1515 368 2008 430 CHRYSOSTOM!
2047 367 2374 423 ARCIIIEP.
2415 366 2968 425 CONSTANTINOP.
3613 369 3684 421 66

435 492 608 564 αῦτηο
645 492 760 548 ἀλλ’
788 494 852 547 ὲκ
899 492 1197 564 προοιμίων
1229 492 1332 562 τῆς
1365 490 1577 563 ἡμέρας
1619 490 1717 552 τάς
1754 484 2010 557 ἀπαρχὰς

436 578 604 634 ιδίδου
640 576 719 648 τῷ
745 575 883 647 Θεῷ.
914 575 1015 629 Δεῖ
1039 576 1170 648 γὰρ,
1206 577 1359 647 φησὶ,
1401 572 1655 643 ,φθάνειν
1698 572 1808 624 τὸν
1838 570 2016 637 ἣλιον

436 660 529 715 ἐπ’
579 660 968 729 εὐχαριστίαν
999 674 1151 725 σου,
1183 658 1283 713 καὶ
1320 656 1434 727 πρὸ
1476 653 1782 722 ἀνατολῆς
1821 654 2016 722 φωτὸς

435 744 830 813 ἐντυγχάνειν
866 759 984 798 σοι.
1031 745 1104 797 Σὺ
1141 744 1197 797 δὲ
1228 744 1323 797 ἐπὶ
1372 743 1468 813 μὲν
1504 739 1766 810 βασιλέως
1810 738 1910 791 οὐκ
1947 737 2015 790 ἂν

436 826 690 896 ἀνάσχοιο
714 826 804 879 τὸν
829 827 1087 881 ἐλάττονα
1111 827 1215 897 πρὸ
1236 824 1330 879 σοῦ
1352 825 1689 897 προλαϐόντα
1708 820 2017 893 προσκυνῆ-

439 927 558 962 οαιο
590 911 705 963 νυνὶ
732 911 790 964 δὲ
844 910 994 981 ἡλίου
1037 909 1462 981 προσκυνοῦντος
1515 906 1792 969 καθεύδεις
1832 904 2014 971 αὐτὸς.

437 998 533 1048 καὶ
564 997 866 1066 ἀναχωρεῖς
888 999 951 1066 τῇ
977 996 1152 1048 κτίσει
1177 995 1275 1065 τῆς
1299 992 1586 1065 προεδρίας
1609 1004 1659 1055 ι,
1683 990 1776 1043 καὶ
1795 988 1854 1042 οὐ
1888 988 2017 1057 φθά-

437 1094 548 1140 νεις
569 1076 783 1131 ἃπασαν
802 1077 919 1148 [55]
935 1079 1033 1148 τὴν
1056 1077 1229 1130 κτίσιν
1254 1076 1352 1148 τὴν
1372 1075 1459 1129 διά
1478 1076 1535 1128 σὲ
1559 1072 1876 1144 γενομένην,
1894 1071 2017 1124 οὐδὲ

436 1162 699 1224 ἀποδίδως
739 1161 887 1231 αύτῷ
918 1161 987 1213 τὰ
1032 1162 1455 1233 εύχαριστήρια,
1496 1159 1635 1213 άλλη
1660 1156 2016 1227 ἀνιστάμενος

437 1245 531 1299 καὶ
567 1244 689 1313 ὄψιν
727 1244 1074 1315 περικλύςεις
1111 1246 1205 1297 καὶ
1234 1246 1440 1315 χεῖρας,
1476 1243 1574 1316 τὴν
1614 1242 1671 1295 δὲ
1715 1241 1891 1311 ψυχὴν
1921 1256 2018 1293 πε-

441 1330 626 1398 ριορᾷς
670 1328 1014 1397 ἀκάθαρτον;
1068 1328 1181 1381 Ούκ
1227 1324 1407 1390 οἶσθα,
1446 1328 1526 1381 ὅτι
1566 1326 1816 1397 καθάπερ
1865 1325 2017 1378 ὕδατι

438 1410 616 1480 σῶμα,
647 1409 790 1463 οὕτω
811 1410 878 1463 δι’
902 1410 1066 1480 εὐχῆς
1097 1412 1129 1479 ὴ
1162 1411 1308 1481 ψυχὴ
1333 1410 1685 1482 καθαίρεται;
1709 1408 1879 1478 Νίψον
1909 1409 2017 1460 τοί-

436 1510 532 1546 νυν
558 1493 663 1563 πρὸ
687 1493 779 1545 τοῦ
804 1491 1053 1562 σώματος
1079 1493 1176 1564 τὴν
1200 1494 1395 1563 ψυχήν.
1424 1494 1623 1546 Πολλαι
1660 1492 1827 1563 λῆμαι
1860 1507 2018 1562 προσ-

440 1577 681 1630 ίστανται
717 1578 853 1647 αὐτῇ
895 1576 1123 1638 κακίας·
1156 1576 1359 1640 ταύτας
1411 1574 1742 1646 ἀποθώμεθα
1779 1573 1868 1628 διά
1912 1574 2011 1643 τῆς

435 1660 692 1727 δεήσεως.
728 1659 824 1712 Ἂν
853 1659 963 1730 γὰρ
990 1659 1133 1712 οὔτω
1160 1659 1221 1712 τὸ
1254 1660 1428 1730 στόμα
1457 1659 1785 1729 τειχίσωμεν
1804 1696 1820 1721 ,
1851 1657 2017 1711 καλὸν

438 1742 688 1813 θεμέλιον
724 1744 822 1812 τῆς
872 1742 1246 1814 καθημερινῆς
1287 1743 1538 1815 πράξεως
1582 1739 2013 1811 καταϐαλοῦμεν.

442 1825 515 1879 Τὸ
544 1826 693 1893 πρωῒ
716 1826 1182 1894 παραστήσομαι
1207 1841 1327 1887 σοι,
1356 1826 1454 1879 καὶ
1480 1826 1799 1893 ἐπόψομαι.
1824 1827 2019 1893 Παρα-

435 1908 739 1977 στήσομαί
767 1923 885 1975 σοι,
922 1910 981 1963 ού
1010 1910 1180 1980 τόπῳ,
1218 1910 1401 1979 φησὶν,
1431 1909 1545 1962 ἀλλ’
1572 1909 1772 1980 ἔργοις.
1818 1909 1876 1961 '0
1907 1909 2017 1981 γὰρ

436 1994 675 2055 τοιοῦτος
711 1993 876 2060 ἐγγὺς
921 1993 1172 2061 γενέσθαι
1216 1992 1437 2045 δύναται
1475 1992 1568 2045 τοῦ
1606 1991 1762 2046 Θεοῦ.
1809 1992 1883 2045 Τὸ
1910 1992 2017 2064 γὰρ

437 2076 604 2143 ἐγγὺς
635 2075 729 2128 καὶ
748 2075 808 2127 τὸ
833 2076 1052 2146 μακρὰν
1083 2076 1331 2130 ἐντεῦθεν
1357 2075 1672 2146 συμϐαίνει·
1699 2078 1727 2128 ὁ
1755 2074 1859 2147 γὰρ
1886 2075 2017 2138 Θεὸς

437 2157 715 2229 πανταχοῦ
750 2161 885 2212 ἐστι.
920 2159 1388 2229 Παραστήσομαί
1413 2177 1533 2221 σοι,
1564 2158 1661 2213 καί
1692 2160 2014 2229 ἐπόψομαι,

435 2241 527 2295 ὅτι
552 2243 688 2312 οὐχὶ
718 2243 863 2308 Θεὸς
883 2242 1075 2296 θέλων
1104 2244 1362 2311 ἀνομίαν
1390 2242 1471 2295 σὺ
1496 2239 1567 2296 εἷ.
1591 2243 1818 2313 Ἕτερος
1848 2244 2020 2313 ἑρμηο

438 2327 632 2395 νευτής
664 2342 832 2395 φησιο
873 2326 978 2379 Καὶ
1008 2325 1326 2395 σκοπήσω,
1358 2325 1449 2379 ὅτι
1478 2327 1614 2395 οὐχί
1655 2327 1802 2393 Θεὸς
1827 2329 2020 2381 θέλων

437 2406 695 2477 ἀνομίαν
733 2407 814 2461 σὺ
844 2408 916 2462 εἷ.
958 2408 1110 2461 Οὐδὲ
1150 2408 1504 2478 παροικήσει
1550 2426 1651 2463 σοι
1695 2410 2020 2476 πονηρευό-

431 2506 636 2560 μενος.
697 2490 958 2544 Ἐνταῦθα
1001 2491 1070 2544 τὰ
1098 2490 1291 2545 εἴδωλα
1319 2492 1647 2545 αἰνίττεται·
1682 2493 1765 2546 ὃτι
1811 2492 2021 2554 τούτοις

437 2574 677 2645 ἔχαιρον,
711 2574 805 2627 καὶ
843 2575 1158 2647 παρανομίᾳ
1202 2577 1373 2649 πάσῃ,
1408 2575 1503 2630 καὶ
1542 2579 1654 2640 τοῖς
1681 2576 1863 2641 ἄλλοις
1908 2577 2021 2639 τοῖς

439 2658 498 2709 ὲν
523 2657 759 2728 πονηρίᾳ
793 2656 1132 2728 πράγμασιν.
1175 2658 1329 2713 Οὐδὲ
1368 2659 1726 2727 παροικήσει
1766 2678 1866 2717 σοι
1913 2675 2020 2713 πο-

438 2742 863 2809 νηρευόμενος.
895 2740 1008 2793 Ούκ
1037 2739 1186 2794 ἔσται
1211 2758 1316 2804 σοι,
1347 2743 1501 2811 φησὶ,
1538 2742 1709 2811 φίλος,
1735 2743 1836 2797 οὐκ
1868 2742 2019 2796 ἔσται

441 2840 525 2877 σοι
548 2822 790 2892 πλησίον.
814 2821 968 2876 Οὐδὲ
987 2823 1338 2893 διαμενοῦσι
1361 2825 1688 2895 παράνομοι
1703 2824 2021 2879 κατέναντι

438 2902 558 2958 τῶν
587 2903 911 2975 ὀφθαλμῶν
941 2921 1079 2959 σου.
1121 2906 1194 2960 Τὸ
1239 2909 1604 2979 μισοπόνηρον
1644 2908 1739 2962 τοῦ
1768 2908 1904 2960 Θεοῦ
1935 2909 2022 2960 ὲν-

437 2988 613 3042 ταῦθα
650 2988 917 3051 δείκνυσι,
946 2988 1213 3043 διδάσκων
1246 2994 1372 3055 τοὺς
1401 2993 1569 3061 ἐγγὺς
1606 2993 1771 3046 αὑτοῦ
1801 2992 2023 3062 γινομέ-

435 3089 561 3134 νους
600 3070 873 3135 τοιούτους
914 3073 1142 3136 ἑαυτοὺς
1182 3075 1649 3141 κατασκευάζειν,
1676 3075 1752 3139 ὡς
1776 3076 1875 3129 οὐκ
1901 3074 2021 3127 ὲνὸν

439 3155 612 3221 ἄλλως
639 3156 891 3225 γενέσθαι
925 3156 1109 3225 ὲγγύς.
1144 3159 1207 3210 Εἰ
1234 3159 1346 3228 γὰρ
1372 3158 1645 3230 ἀνθρώπῳ
1677 3158 1897 3231 χρηστῷ
1922 3158 2022 3211 οὐκ

439 3238 505 3292 ἂν
531 3257 617 3303 τις
642 3239 858 3294 δύναιτο
884 3241 1137 3308 γενέσθαι
1163 3241 1410 3313 πλησίον,
1436 3245 1549 3306 τοῖς
1569 3244 1794 3315 τρόποις
1817 3242 2025 3313 διεστη-

435 3322 554 3386 κὼς
586 3323 774 3385 αὐτοῦ,
810 3323 987 3395 πολλῷ
1024 3323 1222 3392 μᾶλλον
1253 3325 1448 3396 τούτῳ.
1473 3326 1596 3379 Ὀτι
1622 3326 1733 3398 γὰρ
1769 3325 2022 3380 δύνανται

438 3406 710 3475 ὲναρέτων
737 3407 946 3478 ἀνδρῶν
973 3408 1141 3475 ἐγγυς
1159 3408 1414 3476 γενέσθαι
1441 3410 1490 3461 οί
1521 3409 1769 3480 πονηροὶ,
1792 3409 2022 3463 ἄκουσον

436 3490 493 3544 τί
541 3508 672 3558 φασι
706 3492 833 3561 περὶ
865 3490 960 3543 τοῦ
1000 3491 1240 3545 δικαίου·
1282 3493 1481 3559 Βιιρύς
1520 3492 1692 3546 ἐστιν
1726 3493 1873 3562 ἡμῖν
1923 3492 2024 3545 καὶ

443 3575 835 3640 βλεπόμενος.
883 3574 1039 3627 Οῦτω
1084 3575 1180 3628 καὶ
1224 3575 1507 3645 Ἱωάνννης
1550 3576 1612 3628 τὸ
1652 3575 2022 3648 δεσμωτήριον

437 3658 606 3712 οίκὸἷιν
638 3659 732 3712 καὶ
759 3658 836 3730 μὴ
859 3659 1136 3730 ὁρώμενος
1166 3658 1355 3712 ἐλύπει
1393 3660 1492 3730 τὴν
1533 3660 1835 3731 Ἡρωδιάδα
1858 3678 1871 3691 ’
1903 3661 2023 3714 καί-

436 3764 521 3800 τοι
552 3746 803 3800 τοσοῦτον
852 3745 1016 3800 αὐτοῦ
1059 3746 1380 3819 ἀφειστήκει
1417 3749 1479 3801 τὸ
1510 3747 1750 3817 γύναιον*
1789 3751 1925 3819 μετὰ
1965 3749 2023 3802 δὲ

436 3837 538 3905 τὴν
565 3834 840 3906 τελευτὴν,
873 3836 967 3889 καὶ
990 3834 1083 3888 τοῦ
1107 3837 1371 3907 τυράννου
1401 3836 1521 3889 τότε
1560 3837 1767 3890 ἐκείνου
1804 3837 1866 3890 τὸ
1896 3854 2022 3889 συν-

437 3924 578 3988 ειδὸς
601 3923 869 3978 κατέσειε.
905 3924 1111 3994 Μηδεὶς
1144 3922 1325 3977 τοίνυν
1361 3924 1470 3977 τῶν
1501 3926 1558 3977 ὲν
1602 3925 1772 3996 ἀρετῇ
1804 3924 2022 3990 ζώντων

437 4011 679 4083 ἡγείσθω
714 4028 768 4064 τι
797 4012 1029 4081 πάσχειν
1058 4010 1252 4074 δεινὸν,
1279 4010 1381 4064 κᾶν
1423 4011 1841 4081 ὲπιϐουλεύηται
1873 4013 2022 4082 παρά

438 4098 548 4152 τῶν
579 4096 852 4169 πονηρῶν.
888 4099 952 4151 Ol
978 4097 1086 4170 γὰρ
1121 4097 1419 4169 πάσχοντες
1443 4100 1630 4164 κακῶς
1663 4101 1713 4153 οἰ
1744 4100 2023 4163 ποιοῦντές

438 4187 596 4239 εἰσιν.
633 4186 968 4255 Ἐμίσησας
997 4185 1231 4251 πάντας
1259 4185 1400 4251 τοὺς
1454 4185 1881 4257 ἐργαζομένους
1909 4187 2023 4256 τὴν

439 4273 717 4342 ἀνομίαν,
781 4273 1031 4339 ἀπολεῖς
1088 4272 1320 4339 πάντας
1367 4274 1511 4339 τοὺς
1559 4276 1903 4341 λαλοῦντας
1954 4275 2021 4329 τὸ

440 4360 687 4428 ¹ψεῦδος.
720 4360 934 4428 Ἄνδρα
957 4360 1220 4431 αἱμάτων
1255 4361 1354 4414 καὶ
1378 4363 1589 4416 δόλιον
1607 4363 2025 4427 ,ϐδελύσσεται

441 4447 675 4513 Κύριος.
718 4444 902 4499 Ταῦτα
935 4446 1181 4514 λέγεται,
1224 4448 1323 4517 οὐχ
1365 4447 1450 4500 ἵνα
1481 4447 1803 4519 ἀκούσωμεν
1839 4449 2019 4520 μόνον,

441 4530 555 4584 ἀλλ’
586 4530 671 4585 ἵνα
694 4532 787 4585 καὶ
808 4531 1191 4603 παιδευώμεθα
1213 4533 1240 4573 b
1261 4534 1434 4587 ταῦτα
1455 4535 1693 4606 συνεχῶς
1712 4535 2019 4601 ἀκούοντες,

440 4621 538 4673 καὶ
566 4619 643 4689 τῷ
664 4620 851 4693 τρόπῳ
873 4620 967 4674 τοῦ
1000 4623 1236 4691 νυμφίου
1268 4622 1604 4694 ἁρμόζεσθαι
1623 4668 1638 4691 ,
1680 4625 1773 4677 καὶ
1798 4626 2022 4695 πλησίον

440 4707 606 4761 αὐτοῦ
635 4707 901 4777 γίνεσθαι.
942 4708 1029 4771 Ὠς
1052 4709 1117 4762 ἀν
1149 4708 1223 4781 μὴ
1245 4710 1418 4763 ταῦτα
1446 4707 1502 4782 ᾗ,
1534 4711 1890 4783 ὲρημούμεθα
1924 4712 2021 4783 τῆς

438 4795 659 4852 ἄνωθεν
674 4796 866 4867 ῥοπῆς,
889 4788 949 4848 οὗ
973 4796 1125 4850 οὐδὲν
1149 4798 1215 4850 ἃν
1238 4798 1445 4866 γένοιτο
1467 4802 1667 4869 χεῖρον.

509 4884 572 4937 δ’.
600 4886 926 4953 Ἐμίσησας
971 4884 1205 4951 πάντας
1248 4887 1392 4953 τοὺς
1441 4887 1868 4957 ἐργαζομένους
1905 4890 2024 4959 τὴν

437 4971 713 5040 ἀνομίαν
741 4972 843 5027 κᾶν
869 4972 1053 5036 δοῦλος
1073 4967 1129 5046 ᾗ.
1161 4974 1314 5045 φησὶ,
1343 4974 1447 5027 κᾶν
1477 4973 1761 5047 ἐλεύθερος
1788 4978 1893 5030 κᾶν
1925 4978 2022 5047 βα-

441 5058 641 5122 σιλεὺς,
684 5059 788 5113 κᾶν
815 5061 1082 5115 ὁστισοῦν.
1114 5060 1192 5116 Ού
1230 5062 1339 5133 γὰρ
1382 5062 1490 5115 ἀπὸ
1527 5063 1637 5116 τῶν
1666 5064 2016 5135 ἀξιωμάτων,

436 5146 553 5201 ἀλλ’
593 5148 702 5201 ἀπὸ
738 5149 837 5218 τῆς
887 5150 1087 5222 ἀρετῆς
1113 5152 1240 5213 τοὺς
1276 5150 1464 5219 φίλους
1499 5151 1771 5223 ἐγκρίνειν
1818 5153 1847 5205 ὁ
1888 5153 2021 5218 Θεὸς

437 5236 650 5291 είωθεν.
706 5238 847 5291 Ἀλλ’
879 5239 1069 5309 ἐπειδὴ
1111 5239 1297 5293 πολλοὶ
1332 5239 1443 5293 τῶν
1494 5241 1821 5312 παχυτέρων
1868 5243 2020 5296 οὐδὲν

436 5324 697 5396 ἡγοῦνται
728 5326 790 5378 τὸ
833 5328 989 5396 μῖσος
1019 5322 1181 5391 εἶναι,
1210 5328 1439 5382 ἄκουσον
1483 5328 1601 5391 πῶς
1628 5331 1877 5400 ἐπήγαγε
1924 5333 2019 5384 καὶ

435 5410 713 5475 κολάσεως
758 5411 943 5481 φόϐον,
991 5410 1162 5466 εἰπών
1180 5430 1194 5444 ·
1255 5414 1529 5481 Ἀπολεῖς
1587 5414 1821 5483 πάντας
1876 5418 2020 5484 τοὺς

434 5497 778 5564 λαλοῦντας
799 5500 868 5551 τὸ
894 5498 1140 5567 ψεῦδος·
1167 5500 1257 5552 ἐπὶ
1279 5500 1342 5553 τὸ
1375 5502 1680 5575 παχύτερον
1706 5504 1814 5558 τῶν
1840 5506 2021 5576 ἁμαρ-

433 5583 744 5653 τανομένων
807 5585 898 5637 τὸν
947 5587 1102 5653 λόγον
1164 5588 1489 5658 μετατιθείς.
1555 5594 1630 5645 Οὐ
1694 5593 1802 5665 γὰρ
1856 5594 2017 5664 μέχρι

499 5744 533 5817 ξ,
699 5747 780 5817 καί
803 5749 1101 5817 παραχωρεῖς
1119 5755 1176 5813 τῇ
1197 5752 1421 5817 προεδρίᾳ
1438 5760 1522 5812 τῆς
1549 5754 1764 5813 κτίσεως.

495 5803 533 5843 δ’
548 5803 668 5869 Reg.
701 5809 780 5856 καὶ
798 5803 1032 5870 μάθωμεν.

2118 482 2212 536 τοῦ
2266 484 2455 555 μίσους
2501 488 2753 558 στήσεται
2793 484 2864 539 τὰ
2910 482 3009 555 τῆς
3037 480 3325 553 τιμωρίας,
3364 478 3541 534 καίτοι
3590 481 3686 535 καὶ

2114 573 2273 627 τοῦτο
2300 574 2504 644 ἇφατος
2534 575 2753 638 κόλασις
2771 591 2784 605 ο
2819 572 2955 627 ἀλλά
2984 573 3080 625 καὶ
3109 571 3318 634 πάντας
3343 566 3534 623 ἀπολεῖ
3559 569 3686 632 τοὺς

2116 660 2412 728 λαλοῦντας
2432 664 2493 717 τὸ
2508 663 2724 733 ψεῦδος.
2743 663 2934 717 Καίτοι
2957 662 3052 716 καλ⁵
3067 660 3129 714 τὺ
3148 660 3410 732 πρότερον
3429 656 3683 733 χαλεπὸν,

2117 676 2412 728 Λαλουντας
2432 676 2493 717 τὸ
2508 676 2724 733 φευδος.
2743 676 2934 717 καίτοι
2957 676 3052 716 καὶ
3067 676 3129 714 το
3148 676 3410 732 προτερον
3429 676 3683 800 Sursum,

2116 750 2210 805 καὶ
2235 751 2456 822 γεέννης
2471 754 2669 823 χεῖρον,
2691 750 2751 804 τὸ
2769 750 3062 821 μισηθῆναι
3080 748 3228 819 παρά
3241 746 3397 799 Θεοῦ’
3424 744 3445 817 [
3519 741 3687 823 ]

2117 808 2256 911 πρὸς
2279 808 2515 911 μὲν
2543 808 2781 895 συνιέναί
2801 808 3127 911 δυναμένους
3152 808 3326 890 έκεῖνο
3341 808 3687 905 ἔθηκε-’πὼς

2116 927 2172 981 δὲ
2208 930 2334 991 τοὺς
2356 928 2695 999 παχυτέρους
2725 928 2820 982 καὶ
2846 926 3002 981 τοῦτο
3026 923 3351 995 προσέθηκε.
3392 919 3485 991 Μὴ
3509 918 3688 973 τοίνυν

2118 1015 2456 1088 θορυϐηθῇς,
2496 1014 2769 1087 ἄνθρωπε,
2818 1013 2952 1086 μηδὲ
2987 1010 3285 1083 ταράττου,
3315 1006 3535 1061 ὲπειδάν
3573 1005 3688 1076 ἴδῃς

2115 1104 2267 1168 τινὰς
2289 1104 2673 1176 ψευδομένους,
2706 1104 3068 1177 ἁρπάζοντας,
3094 1096 3563 1159 πλεονεκτοῦντας,
3592 1093 3689 1148 καὶ

2121 1193 2286 1264 μηδὲν
2333 1192 2641 1263 πάσχοντας
2678 1192 2877 1246 δεινόν·
2911 1190 3063 1244 ἔσται
3096 1188 3205 1258 γὰρ
3250 1187 3465 1247 πάντως
3507 1181 3685 1235 τοῦτο.

2118 1281 2353 1352 Τοιαύτη
2394 1282 2502 1353 γὰρ
2536 1285 2569 1353 ὴ
2612 1281 2705 1336 τοῦ
2740 1278 2875 1334 Θεοῦ
2912 1278 3099 1349 φύσις·
3131 1273 3533 1346 ἀποστρέφεται
3591 1285 3690 1323 πο-

2118 1368 2332 1438 νηρίαν,
2357 1372 2506 1439 μισεῖ
2523 1386 2583 1421 τε
2611 1367 2779 1439 αὐτὴν
2806 1367 2922 1430 ἀεὶ,
2950 1368 3043 1420 καὶ⁵
3068 1363 3451 1435 ἀπεχθάνεται.
3469 1358 3604 1421 Τοὺς
3631 1355 3690 1408 δὲ

2117 1454 2407 1521 λαλοῦντας
2432 1457 2494 1510 τὸ
2529 1456 2722 1526 ψεῦδος
2763 1454 2997 1508 ἐνταῦθα
3022 1452 3169 1521 λέγει
3196 1451 3323 1512 τοὺς
3359 1449 3416 1500 ὲν
3456 1442 3691 1516 πονηρίᾳ

2118 1544 2387 1615 βιοῦντας,
2426 1548 2550 1610 τοὺς
2577 1545 2646 1599 τὰ
2673 1544 2843 1615 ψευδῆ
2882 1544 3184 1614 πράγματα
3217 1538 3532 1597 διώκοντας,
3562 1533 3689 1594 τοὺς

2117 1638 2247 1707 περὶ
2280 1634 2471 1707 ήδονάς
2491 1676 2507 1701 ,
2545 1636 2673 1699 τοὺς
2716 1635 2844 1705 περὶ
2880 1628 3319 1703 γαστριμαργίαν
3341 1665 3358 1691 ,
3390 1626 3518 1687 τοὺς
3561 1621 3692 1690 περὶ

2118 1722 2427 1789 πλεονεξίαν
2448 1725 2614 1794 ὲπτοη
2623 1723 2834 1794 μένους.
2861 1717 2984 1775 υἶδε
3002 1720 3111 1789 γὰρ
3133 1718 3311 1772 πάντα
3330 1712 3502 1766 ταῦτα
3519 1708 3690 1780 ψεύδη

2116 1813 2322 1867 καλεῖν.
2367 1814 2581 1883 Ἄνδρα
2621 1812 2881 1882 αἱμάτων
2911 1810 3009 1864 καί
3038 1809 3248 1863 δόλιον
3281 1802 3692 1870 ,βδελύσσεται

2117 1902 2350 1970 Κύριος.
2372 1901 2477 1954 Τὸν
2497 1900 2715 1971 φονικὸν
2726 1898 2960 1954 ἐνταῦθά
2971 1914 3122 1968 φησι,
3143 1894 3234 1948 τὸν
3255 1889 3689 1949 ἐπιϐουλεύοντα,

2117 1989 2208 2043 τὸν
2222 1988 2474 2054 ὓπουλον,
2490 1990 2582 2043 τὸν
2604 1989 2737 2043 ἄλλα
2760 1988 2857 2060 μὲν
2872 1989 2964 2039 ἐπὶ
2987 1985 3249 2056 στόματος
3261 1982 3513 2052 φέροντα,
3529 1976 3614 2029 Et:
3624 1990 3692 2046 ρα

2116 2077 2174 2131 δὲ
2198 2079 2289 2132 ἐπὶ
2307 2079 2406 2149 τῆς
2429 2078 2682 2142 διανοίας,
2705 2078 2796 2131 τὸν
2818 2075 3196 2149 περικείμενον
3218 2068 3558 2141 προσωπεῖον
3574 2066 3695 2116 ὲπι-

2119 2167 2345 2232 εικείας,
2365 2168 2436 2220 τὰ
2456 2166 2513 2220 δὲ
2538 2165 2716 2219 λύκων
2736 2161 3009 2218 ὲπιδεικνύ
3019 2177 3197 2233 μενον,
3218 2152 3278 2212 οῦ
3304 2158 3480 2228 χεῖρον
3505 2152 3605 2205 οὐκ
3627 2149 3693 2203 ἂν

2119 2256 2329 2324 γένοιτο
2344 2255 2516 2309 οὐδέν.
2549 2256 2606 2307 Ὀ
2621 2253 2719 2325 μὲν
2736 2253 2841 2325 γὰρ
2856 2250 3012 2321 δῆλος
3031 2246 3241 2319 ἐχθρὸς,
3256 2247 3350 2299 καὶ
3360 2239 3695 2311 εὐφύλακτος

2119 2345 2312 2414 γένοιτ’
2344 2344 2429 2398 ἄν·
2457 2345 2486 2396 ὁ
2508 2343 2563 2396 δὲ
2595 2341 2985 2412 συγκαλύπτων
3012 2339 3110 2404 τὴν
3141 2334 3403 2406 πονηρίαν
3428 2330 3522 2384 καὶ
3546 2325 3693 2398 χρώ-

2124 2449 2282 2502 μενος
2315 2435 2383 2503 τῇ
2433 2429 2634 2502 κακίᾳ,
2667 2427 3015 2500 δυσφώρατος
3056 2423 3153 2489 ὢν,
3191 2420 3361 2476 πολλὰ
3403 2416 3695 2491 ἐργάζεται

2117 2521 2188 2573 τὰ
2217 2519 2382 2575 δεινά.
2434 2521 2534 2574 Διά
2564 2517 2720 2573 τοῦτο
2745 2518 2838 2573 καὶ
2875 2519 2905 2570 ὁ
2944 2512 3195 2586 Χριστὸς,
3230 2509 3391 2581 ἡνίκα
3414 2505 3481 2560 ἂν
3515 2520 3695 2573 παρα-

2120 2607 2386 2675 γίνοιντο,
2431 2607 2623 2678 νήφειν
2668 2606 2971 2659 ἐκέλευσεν.
3026 2603 3344 2670 Ἕρχονται
3395 2594 3505 2664 γὰρ
3545 2588 3696 2657 πρὸς

2118 2694 2276 2766 ὑμᾶς
2295 2696 2364 2750 ἐν
2383 2695 2673 2765 ἐνδύμασι
2692 2691 3016 2762 προϐάτων,
3039 2689 3266 2742 ἔσωθεν
3286 2682 3353 2738 δέ
3376 2685 3496 2737 εἱσι
3517 2680 3695 2733 λύκοι

2121 2785 2404 2856 ἅρπαγες.
2453 2783 2595 2853 Ἐγὼ
2637 2781 2706 2836 δὲ
2737 2782 2807 2836 ἐν
2840 2779 2920 2846 τῷ
2949 2776 3163 2845 πλήθει
3194 2769 3300 2828 τοῦ
3338 2769 3549 2834 ἐλέους
3575 2780 3695 2856 σου

2120 2852 2542 2943 είσελεύσομαι
2569 2875 2657 2938 εὶς
2685 2871 2793 2925 τὸν
2820 2865 2988 2924 οἶκόν
3022 2883 3160 2921 σου.
3206 2859 3422 2927 Ἐπειδὴ
3446 2856 3555 2927 γὰρ
3585 2852 3697 2907 ἀπὸ

2120 2965 2376 3019 τοιούτων
2401 2967 2434 3035 ἡ
2479 2960 2772 3032 Ἐκκλησία
2799 2958 3125 3018 συνείλεκτο,
3166 2951 3452 3022 Ἑλλήνων,
3482 2946 3691 3035 μάγων.

2123 3031 2481 3124 ἀνδροφόνων,
2512 3031 2745 3121 γοήτων,
2770 3044 3038 3117 ψευστῶν,
3066 3040 3333 3102 ὑπούλων,
3366 3035 3488 3124 εῐπε
3510 3032 3588 3093 δὲ,
3613 3031 3695 3124 ὅτι

2126 3117 2310 3210 μισεῖς
2335 3140 2429 3193 καὶ
2461 3117 2796 3209 ἀποστρέφῃ,
2834 3131 3105 3197 δεικνῦσα,
3136 3131 3216 3182 ὅτι
3246 3127 3342 3196 οὐχ
3372 3121 3509 3193 αῦτη
3554 3117 3696 3210 κατὰ

2121 3207 2465 3299 δικαιοσύνην
2512 3226 2605 3279 καὶ
2641 3207 3080 3296 κατορθώματα,
3129 3215 3266 3272 ἀλλὰ
3314 3210 3455 3267 κατά
3507 3207 3694 3299 φιλαν-

2123 3314 2371 3387 θρωπίαν
2404 3297 2783 3383 ἀπαλλαγεῖσα
2814 3310 3035 3365 ἐκείνων
3068 3308 3148 3371 είς
3188 3304 3258 3358 τὰ
3300 3300 3553 3387 ὲνδότατα
3572 3297 3697 3387 Δεἱσ-

2122 3384 2306 3475 ήγετο,
2322 3404 2601 3474 ἐπήγαγεν
2619 3419 2632 3431 ο
2680 3398 2827 3470 Ἐγὼ
2851 3397 2919 3451 δὲ
2936 3397 3007 3450 ἐν
3024 3393 3102 3460 τῷ
3124 3391 3338 3457 πλήθει
3358 3388 3464 3443 τοῦ
3478 3384 3695 3475 ἐλέους

2122 3473 2241 3547 σου
2269 3473 2691 3559 εἰσελεύσομαι
2722 3490 2810 3554 εὶς
2835 3485 2942 3540 τὸν
2968 3480 3136 3539 οἶκόν
3153 3496 3288 3535 σου.
3327 3478 3445 3530 Ἵνα
3472 3473 3582 3543 γὰρ
3615 3474 3692 3543 μή

2121 3596 2205 3643 τις
2236 3578 2366 3650 λέγῃ
2388 3595 2403 3611 ⁸
2445 3578 2566 3642 Πῶς
2592 3572 2684 3629 οὖν
2711 3576 2774 3629 σὺ
2801 3575 2834 3645 ἡ
2858 3572 2928 3626 τὰ
2955 3571 3049 3626 καὶ
3074 3570 3142 3622 τά
3171 3562 3522 3639 ἐργασαμένη
3556 3560 3691 3650 ἐσώ-

2124 3668 2257 3740 θηςς
2321 3649 2443 3720 εἷπε
2495 3666 2585 3719 τὸν
2629 3665 2830 3734 τρόπον
2876 3662 2975 3731 τῆς
3018 3656 3310 3728 σωτηρίας,
3344 3653 3425 3707 ὅτι
3451 3650 3551 3740 Διά
3594 3649 3692 3717 τὴν

2123 3738 2321 3829 πολλὴν
2373 3754 2799 3826 φιλανθρωπίαν,
2847 3751 2936 3804 διὰ
2981 3749 3079 3820 τὴν
3129 3746 3334 3815 ἄφατον
3383 3738 3694 3829 ἀγαθότητα

2123 3828 2352 3916 ἐσώθην.
2395 3843 2533 3897 Ἀλλ’
2573 3842 2675 3895 εἰσί
2708 3857 2870 3903 τινες,
2915 3839 2965 3892 οἲ
3010 3836 3129 3891 οὐδὲ
3175 3834 3323 3887 ἔλεον
3357 3828 3696 3903 προσίενται,

2123 3935 2318 3988 ἀνίατα
2345 3931 2645 3994 νοσοῦντες,
2666 3925 2767 3983 οἷοι
2790 3924 2930 4000 ἦσαν
2950 3929 2998 3980 οἱ
3036 3925 3277 3979 Ἰουδαῖοι
3301 3942 3316 3954 ο
3348 3923 3382 3993 η
3406 3918 3515 3990 γὰρ
3534 3918 3696 3988 χάρις

2125 4025 2217 4078 καὶ
2244 4026 2273 4077 ὁ
2300 4023 2467 4086 ἕλεος,
2501 4022 2604 4076 κᾶν
2636 4022 2792 4091 χάρις
2890 4019 2985 4071 καὶ
3008 4016 3175 4079 ἕλεος,
3200 4013 3336 4068 ἀλλὰ
3358 4012 3483 4073 τοὺς
3512 4007 3695 4079 βουλο-

2127 4112 2320 4182 μένους
2354 4111 2448 4165 καὶ
2482 4113 2639 4181 χάριν
2670 4109 2891 4179 ἔχοντας
2922 4106 3118 4171 σώζει,
3152 4105 3213 4158 οὐ
3258 4105 3383 4165 τοὺς
3425 4098 3698 4170 ἀφηνιῶνο-

2123 4218 2223 4266 τας
2252 4201 2347 4255 καὶ
2381 4201 2457 4273 μὴ
2509 4199 2864 4271 βουλομένους
2892 4196 3143 4262 δέξασθαι
3189 4193 3289 4266 τὴν
3330 4192 3560 4265 δωρεὰν,
3591 4185 3695 4243 οἷοι

2121 4293 2412 4361 γεγόνασιν
2439 4294 2491 4344 οί
2538 4290 2799 4353 Ἰουδαῖοι,
2843 4288 2972 4359 περὶ
3003 4280 3077 4339 ὧν
3110 4284 3206 4339 καὶ
3247 4284 3460 4346 Παῦλος
3486 4281 3692 4349 ἔλεγεν,

2122 4381 2206 4434 ὅτι
2248 4380 2635 4449 Ἀγνοοῦντες
2661 4378 2777 4445 τὴν
2812 4378 2918 4432 τοῦ
2958 4375 3106 4431 Θεοῦ
3141 4374 3563 4439 δικαιοσύνην,
3595 4374 3694 4424 καὶ

2122 4467 2239 4535 τὴν
2265 4468 2423 4521 ἰδίαν
2461 4466 2854 4532 δικαιοσύνην
2883 4463 3193 4533 ζητοῦντες
3219 4461 3466 4530 στῆσαι,
3502 4461 3578 4529 τῇ
3606 4461 3696 4514 δι-

2122 4557 2418 4622 καιοσύνῃ
2453 4553 2559 4607 τοῦ
2594 4553 2741 4607 Θεοῦ
2767 4554 2879 4621 οὐχ
2903 4551 3312 4619 ὑπετάγησαν.
3346 4545 3478 4604 Εἶτα
3503 4549 3693 4621 ἐπειδὴ

2122 4639 2243 4696 εἷπε
2274 4643 2342 4696 τὰ
2370 4643 2461 4696 τοῦ
2492 4642 2647 4706 Θεοῦ,
2679 4642 2826 4709 λέγει
2854 4643 2947 4694 καὶ
2971 4641 3039 4694 τά
3070 4641 3201 4711 παρ’
3233 4641 3434 4709 ἑαυτῆς
3459 4658 3472 4671 ·
3502 4643 3696 4709 Προσ-

2123 4731 2370 4796 κυνήσω
2415 4731 2566 4799 πρὸς
2620 4730 2773 4783 ναόν
2825 4730 2995 4800 ἅγιόν
3045 4742 3161 4783 σου
3211 4728 3281 4780 ἐν
3345 4729 3508 4797 φόϐῳ
3551 4741 3691 4781 σου.

2126 4820 2295 4872 Ὅταν
2324 4821 2432 4890 γὰρ
2461 4819 2679 4889 χάριτος
2710 4816 3019 4882 ἀπολαύσω,
3050 4816 3235 4870 καὶτὰ
3276 4817 3404 4886 παρ’
3451 4817 3695 4886 ἐμαυτῆς

2123 4909 2686 4977 εἰσενέγκω,’ταύτην
2735 4907 2951 4960 εἰσοίσω
3000 4925 3080 4960 σοι
3123 4906 3223 4977 τὴν
3272 4907 3484 4970 θύσιαν,
3520 4906 3694 4978 φησί’

2121 4996 2535 5065 Προσκυνήσω
2566 4995 2716 5063 πρὸς
2743 4995 2894 5048 ναὸν
2928 4995 3098 5065 ἅγιόν
3124 5008 3240 5048 σου
3269 4995 3338 5048 ἐν
3365 4996 3528 5063 φόϐῳ
3551 5011 3694 5056 σου.

2123 5086 2199 5140 Οὐ
2241 5085 2493 5157 καθάπερ
2539 5084 2590 5136 οί
2640 5082 2826 5136 πολλοὶ
2872 5083 2981 5135 τῶν
3013 5083 3353 5154 εὐχομένων,
3400 5083 3691 5153 κνώμενοι,

2121 5173 2491 5245 χασμώμενοι,
2526 5171 2852 5240 ναρκῶντες,
2889 5171 3023 5224 ἀλλά
3062 5171 3198 5240 μετά
3231 5171 3397 5240 φόϐου
3442 5173 3537 5227 καὶ
3564 5173 3694 5243 τρό-

2125 5278 2250 5332 μου,
2282 5260 2465 5331 φησίν.
2513 5257 2570 5310 ’0
2599 5258 2707 5328 γὰρ
2742 5257 2914 5331 οὕτως
2941 5258 3249 5327 εὐχόμενος,
3281 5261 3463 5314 πᾶσαν
3495 5261 3697 5315 κακίαν

2121 5348 2435 5402 ἀποτίθεται
2454 5386 2470 5410 ,
2515 5344 2650 5414 πρὸς
2695 5346 2872 5397 πᾶσαν
2902 5345 3102 5416 ἀρετὴν
3132 5352 3574 5417 χειραγωγείται,
3603 5351 3696 5402 τὸν

2121 5436 2254 5489 Θεὸν
2283 5435 2439 5487 ἵλεων
2466 5432 2782 5501 καθίστησιν
2816 5432 3012 5503 ἐαυτῷ.
3055 5436 3252 5502 Κύριε,
3282 5435 3596 5504 όδήγιησόν
3618 5451 3699 5505 με

2118 5526 2190 5578 ἐν
2209 5522 2285 5592 τῇ
2300 5521 2655 5588 δικαιοσύνῃ
2678 5536 2794 5575 σου
2813 5520 2991 5574 ἕνεκα
3008 5519 3128 5575 τῶν
3149 5523 3378 5592 ἐχθρῶν
3391 5541 3532 5594 μου.
3561 5521 3697 5580 Εἷπε

2118 5616 2245 5680 τοῦς
2272 5615 2471 5687 ῦμνους
2503 5613 2595 5666 τοῦ
2628 5611 2784 5677 Θεοῦ,
2819 5614 2880 5666 τὸ
2913 5614 3309 5686 μισοπόνηρον,
3344 5604 3467 5689 [55]
3488 5616 3549 5670 τὸ
3575 5616 3700 5687 φιλ..

2120 5708 2217 5763 ἀνθ
2225 5724 2426 5778 ρωπον,
2443 5706 2504 5758 τὸ
2523 5705 2894 5775 κηδεμονικὸν,
2920 5702 3038 5758 εἶπε
3058 5706 3156 5777 τὴν
3173 5709 3370 5778 ἑαυτῆς
3398 5710 3695 5781 σωτηρίαν,

2062 5790 2063 5793 “
2122 5797 2241 5853 εἷπε
2269 5798 2360 5853 τὸν
2390 5798 2588 5885 τρόπον
2634 5797 2755 5853 καθ’
2786 5798 2846 5853 δν
2889 5796 3066 5871 ἐσώθη
3094 5840 3108 5867 ,
3157 5798 3275 5855 εἶπε
3307 5800 3427 5857 τίνα
3458 5803 3603 5875 μετά
3635 5803 3700 5857 τδ
