4040 6342
334 393 400 450 (‘5
1469 396 1826 454 EXPOSITIO
1866 398 1926 452 IN
1969 399 2288 456 PSALML‘M
2337 403 2392 463 Υ.
3526 418 3598 476 66

331 519 444 562 tias.
493 506 702 569 Oportet
746 507 910 569 enim,
956 509 1148 577 inquit,
1192 509 1261 560 ad
1315 512 1505 578 gratias
1544 511 1629 562 tibi
1682 524 1908 571 aaenaas

327 605 474 654 solem
505 600 800 663 vrwvenire,
828 610 873 652 et
896 610 1013 653 ante
1031 611 1198 652 artant
1216 601 1340 652 lucis
1363 609 1408 653 te
1433 601 1617 666 alloqui
1642 601 1794 674 (δίῳ.
1821 604 1904 656 l6.

327 691 437 756 ‘28).
465 690 542 742 'fu
569 699 748 744 autem
771 704 876 743 non
907 689 1122 759 patiaris
1155 699 1207 743 ut
1231 691 1294 755 is,
1330 694 1416 758 qui
1467 701 1515 744 te
1555 691 1777 744 inferior
1813 692 1904 757 sit,

326 781 698 850 la‘tpcratnrem
725 792 851 835 ante
891 790 942 835 te
971 781 1156 834 adoret
1187 802 1200 835 :
1235 797 1374 834 nunc
1423 790 1598 834 autem
1631 783 1744 835 sole
1780 782 1904 836 ado-

325 882 469 924 ranlc
500 872 611 938 ipse
636 871 860 936 dormis,
893 881 946 925 et
975 871 1121 924 cedis
1152 871 1325 940 primo
1353 871 1472 925 loco
1493 881 1775 936 creaturae,
1805 887 1904 926 nec

322 979 530 1016 omnem
582 974 884 1017 creaturam
933 964 1226 1032 prazvenis,
1263 978 1381 1030 qua:
1420 972 1637 1032 propter
1668 971 1718 1016 te
1766 962 1903 1016 facta

321 1063 418 1118 est,
447 1068 545 1108 nec
572 1055 619 1108 ei
651 1055 766 1124 agis
813 1056 1028 1124 gratias,
1084 1054 1176 1108 sed
1222 1069 1342 1106 cum
1389 1054 1582 1122 surgis,
1613 1069 1800 1107 manus
1848 1064 1903 1109 et

320 1145 504 1199 [aciem
552 1145 719 1211 lavas,
767 1147 997 1198 animam
1050 1154 1228 1198 autem
1271 1144 1595 1200 immundam
1643 1144 1902 1214 negligis?

318 1233 500 1288 Nescis
529 1236 669 1288 sicut
693 1250 890 1304 corpus
929 1250 1084 1304 aqua,
1122 1235 1193 1288 ita
1243 1236 1486 1288 oratione
1518 1233 1760 1287 mundari
1789 1236 1903 1288 ani-

318 1341 452 1379 iuam
477 1327 500 1377 ?
530 1326 672 1380 Lava
701 1341 831 1396 ergo
859 1335 982 1380 ante
1011 1341 1206 1396 corpus
1231 1326 1485 1379 animam.
1519 1325 1695 1379 Multae
1717 1326 1790 1379 illi
1819 1326 1900 1379 in-

315 1419 484 1474 sident
518 1421 768 1474 vitiorum
799 1420 1052 1486 maculae;
1084 1435 1175 1474 eas
1196 1421 1527 1489 expellamus
1572 1436 1665 1488 per
1703 1421 1900 1475 oratio-

315 1526 452 1565 nem.
485 1510 541 1565 Si
589 1512 734 1565 enim
781 1526 842 1565 os
886 1519 1125 1564 nostrum
1170 1511 1239 1563 ita
1283 1512 1650 1577 munierimus,
1691 1510 1896 1565 diurnae

310 1602 532 1656 actionis
576 1601 856 1670 pulchrum
879 1601 1168 1669 jecerimus
1210 1600 1631 1655 fundameutmn.
1664 1602 1715 1656 5.
1740 1600 1896 1654 Mane

307 1693 518 1746 adstabo
554 1694 664 1758 tibi,
698 1704 744 1746 et
767 1691 958 1746 videbo.
993 1691 1214 1746 Adstabo
1244 1691 1352 1758 tibi,
1385 1707 1489 1746 non
1518 1692 1636 1746 loco
1657 1733 1671 1754 ,
1697 1692 1885 1760 inquit,

304 1783 397 1837 sed
429 1784 600 1838 factis.
629 1784 727 1851 Qui
752 1785 892 1838 enim
914 1783 1032 1837 talis
1058 1791 1159 1849 est,
1189 1783 1233 1836 is
1261 1798 1423 1851 prope
1452 1783 1616 1836 Deum
1649 1799 1767 1836 esse
1791 1798 1892 1852 po-

303 1881 428 1926 test.
447 1874 517 1928 Ut
545 1875 689 1928 enim
718 1889 885 1943 prope
913 1875 1099 1936 simus,
1127 1873 1208 1928 vel
1239 1872 1439 1941 procul,
1473 1889 1538 1927 ex
1581 1888 1646 1928 eo
1674 1874 1849 1928 evenit
1873 1891 1886 1926 :

299 1961 443 2016 Deus
476 1965 620 2018 enim
663 1973 748 2019 est
797 1965 1012 2033 ubique.
1043 1963 1264 2016 Adstabo
1297 1963 1404 2027 tibi,
1438 1973 1483 2016 et
1513 1965 1684 2016 ridebo
1710 2006 1724 2030 ,
1773 1981 1889 2033 quo-

296 2054 438 2105 niam
475 2071 576 2107 non
622 2055 758 2108 Deus
807 2056 976 2108 volens
1006 2055 1320 2124 iniquitatem
1351 2065 1402 2106 tu
1428 2073 1498 2108 es.
1535 2055 1681 2107 Alius
1721 2057 1884 2110 inter-

294 2160 421 2215 pres
443 2146 573 2200 dicit
605 2146 706 2200 :Et
729 2147 1052 2200 considerabo
1076 2148 1210 2217 quod
1239 2165 1337 2200 non
1360 2146 1492 2200 Deus
1510 2150 1677 2201 volens
1703 2149 1886 2218 iniqui-

293 2249 449 2291 tatem
471 2248 525 2290 tu
552 2255 602 2292 es
625 2238 724 2309 (a).
757 2238 809 2292 6.
841 2237 1018 2308 Neque
1045 2237 1286 2290 habitabit
1320 2239 1471 2306 juxta
1521 2249 1566 2290 te
1609 2239 1880 2306 malignus.

291 2331 594 2384 Simulacra
626 2330 712 2384 hic
741 2331 930 2394 innuit,
965 2329 1106 2398 quod
1139 2331 1220 2382 his
1270 2330 1686 2394 delectarentur,
1728 2339 1783 2382 ut
1830 2339 1884 2384 et

288 2424 438 2476 omni
472 2424 770 2493 iniquitate,
804 2423 1068 2493 rebusque
1105 2423 1382 2491 improbis.
1428 2422 1606 2492 Neque
1640 2423 1882 2476 habitabit

281 2518 436 2583 juxta
456 2526 502 2568 te
523 2517 801 2585 malignus.
841 2514 958 2568 Non
997 2517 1098 2569 erit
1142 2515 1256 2578 tibi,
1308 2515 1492 2583 inqttit,
1514 2515 1738 2578 amicus,
1774 2531 1878 2568 non

287 2608 395 2660 erit
416 2608 504 2660 tibi
534 2607 764 2661 vicinus.
796 2605 973 2675 Neque
1001 2605 1358 2676 permanebunt
1388 2607 1564 2676 injasti
1580 2616 1694 2658 ante
1707 2608 1880 2658 oculos

287 2710 420 2751 tuos.
451 2697 700 2753 OStendit
727 2697 813 2751 hic
838 2697 1004 2751 Deum
1035 2697 1212 2752 odisse
1237 2698 1426 2760 malos,
1457 2698 1656 2751 docens
1684 2712 1775 2750 eos
1788 2697 1877 2766 qui

287 2789 366 2842 illi
400 2789 682 2860 propinqui
733 2804 853 2844 esse
898 2789 1099 2853 volent,
1138 2799 1194 2842 ιιι
1221 2790 1428 2859 seipsos
1456 2790 1589 2843 tales
1628 2789 1873 2855 reddant,

283 2881 427 2950 quod
458 2897 564 2934 non
596 2881 698 2935 alia
725 2882 930 2934 ratione
952 2896 1119 2951 prope
1144 2898 1264 2936 cum
1292 2897 1412 2936 esse
1445 2881 1619 2936 liceat.
1645 2880 1700 2935 Si
1732 2881 1873 2935 enim

285 2977 406 3028 viro
432 2974 578 3028 bono
630 2987 735 3027 non
789 2973 959 3043 possit
1007 2988 1128 3027 esse
1183 2973 1528 3042 propinquus,
1579 2974 1667 3042 qui
1713 2975 1780 3026 ab
1807 2989 1873 3028 eo

279 3065 556 3134 discrepet
596 3064 833 3119 moribus
862 3081 874 3116 :
909 3064 956 3118 ei
987 3066 1152 3119 nmlto
1182 3066 1371 3133 magis.
1423 3063 1574 3131 Quod
1597 3066 1736 3120 enim
1770 3066 1872 3118 im-

280 3159 436 3227 probi
492 3175 598 3211 non
634 3157 846 3227 possint
866 3173 984 3212 esse
1011 3157 1188 3226 probis
1238 3156 1534 3226 propinqui.
1575 3157 1696 3209 audi
1742 3158 1870 3225 quid

277 3252 468 3305 dicant
495 3250 563 3303 de
587 3250 770 3319 justo:
796 3250 974 3304 Gravis
1000 3261 1073 3304 est
1102 3249 1242 3302 nobis
1273 3250 1349 3303 vel
1382 3251 1427 3303 si
1470 3261 1660 3303 tantum
1703 3253 1872 3305 vidca-

277 3353 366 3395 tar
391 3343 411 3410 (
437 3340 568 3411 Sap.
599 3341 652 3394 Ξ.
687 3343 751 3396 15
773 3343 811 3410 ).
838 3342 910 3395 Ita
937 3340 1172 3396 Joannes
1194 3341 1279 3396 vel
1324 3356 1486 3410 agens
1534 3342 1586 3394 in
1630 3358 1866 3408 carcere,

273 3449 405 3487 cum
439 3449 507 3487 ne
535 3433 806 3487 videretur
847 3433 1060 3502 quidem
1092 3475 1106 3498 ,
1139 3433 1395 3487 molestus
1418 3443 1533 3486 erat
1557 3434 1864 3500 llerodiadi,

275 3527 408 3579 licet
439 3537 643 3579 tantum
671 3526 737 3580 ab
764 3540 829 3580 eo
855 3525 1044 3579 mulier
1073 3526 1288 3579 abeSset
1319 3541 1334 3578 :
1369 3534 1486 3593 post
1513 3537 1737 3579 mortem
1769 3543 1867 3579 au-

274 3631 412 3683 tent,
445 3620 607 3672 etiam
641 3618 780 3672 illius
800 3619 887 3687 qui
927 3627 1055 3671 tunc
1081 3626 1198 3670 erat
1245 3617 1457 3686 tyranni
1489 3616 1714 3670 vexabat
1739 3631 1868 3670 cou-

271 3710 584 3764 scientiam.
617 3708 787 3763 Nemo
836 3724 964 3776 ergo
990 3724 1176 3762 eormn
1208 3708 1297 3777 qui
1345 3707 1395 3760 in
1427 3707 1620 3761 virtute
1660 3710 1864 3773 vivunt,

271 3818 336 3856 se
363 3816 525 3870 grave
573 3801 771 3870 aliquid
817 3802 920 3870 pati
964 3801 1252 3864 existimet,
1302 3800 1510 3854 etiamsi
1559 3800 1783 3870 improbi
1816 3801 1864 3854 ei

270 3888 766 3958 insidientur.'Qui
819 3891 961 3946 enim
1005 3890 1144 3944 male
1192 3890 1430 3955 faciunt,
1477 3890 1513 3942 ii
1575 3893 1862 3959 patiuntur.

269 3985 327 4038 7.
369 3982 536 4036 Odisti
557 3999 724 4036 omnes
743 3983 826 4052 qui
851 3993 1120 4052 operantur
1137 3982 1464 4051 iniquitatem,
1495 3985 1670 4052 perdes
1695 3999 1865 4036 omnes

271 4076 369 4145 qui
384 4077 657 4142 loquuntur
682 4074 1015 4127 mendacium.
1051 4071 1224 4126 Virmn
1246 4074 1550 4143 sanguinum
1564 4084 1609 4126 et
1629 4075 1861 4128 dolosam

270 4167 652 4220 abominabitur
681 4164 951 4218 Dominus.
983 4165 1106 4218 Ilaec
1126 4165 1395 4229 dicuntur,
1430 4178 1533 4216 non
1583 4174 1639 4216 ιιι
1689 4165 1862 4218 soltttn

271 4257 579 4320 audiamus,
610 4256 702 4311 sed
724 4257 882 4310 etiam
902 4265 958 4309 ut
983 4256 1268 4310 doceamur
1290 4253 1401 4309 lucc
1422 4253 1632 4308 assidue
1645 4256 1866 4309 audien-

272 4361 384 4413 tes,
413 4359 467 4404 ει
487 4349 667 4417 Sponsi
695 4349 934 4402 moribus
977 4363 1292 4417 congruere,
1325 4357 1379 4401 et
1408 4348 1455 4401 ei
1487 4363 1608 4402 esse
1638 4350 1860 4418 propin-

271 4441 393 4513 qui.
425 4442 480 4496 Si
506 4441 645 4494 enim
673 4441 786 4494 haec
810 4456 914 4494 non
945 4440 1092 4503 fiant,
1119 4453 1356 4508 superno
1381 4439 1578 4492 auxilio
1605 4441 1853 4494 destitui-

272 4549 424 4596 tnur,
457 4549 561 4602 quo
588 4533 717 4586 nihil
745 4541 922 4602 potest
942 4546 1060 4586 csse
1088 4531 1340 4585 deterius.

354 4625 406 4678 4.
453 4624 614 4676 Odisti
637 4640 806 4677 omnes
825 4623 911 4692 qui
931 4632 1202 4690 operantur
1231 4624 1541 4695 iniquitatem
1565 4640 1584 4678 :
1612 4625 1724 4679 sive
1751 4639 1862 4678 ser-

271 4730 402 4780 vus,
427 4715 612 4784 inquit,
643 4712 826 4778 fuerit,
855 4714 970 4767 sive
999 4713 1152 4776 liber,
1178 4715 1290 4768 sive
1316 4730 1412 4768 rex
1431 4756 1445 4779 ,
1477 4718 1589 4768 sive
1609 4716 1859 4784 quicum-

271 4822 387 4877 que
417 4807 594 4860 fuerit.
623 4805 737 4859 Non
792 4805 934 4858 enim
974 4819 1040 4858 ex
1090 4805 1367 4873 dignitate,
1408 4805 1501 4858 sed
1547 4821 1611 4859 ex
1665 4807 1860 4858 virtute

269 4898 424 4954 solet
469 4897 606 4952 Deus
646 4896 849 4950 amicos
890 4895 1107 4964 eligere.
1163 4896 1268 4949 Sed
1320 4896 1570 4964 quoniam
1621 4897 1860 4950 nonnulli

270 4987 575 5043 crassiores
594 4986 772 5039 odimn
805 4985 932 5038 nihil
961 5000 1078 5040 esse
1107 4985 1432 5051 existimant,
1457 4985 1862 5056 andiquomodo

269 5082 442 5137 etiam
470 5082 712 5150 supplicii
741 5080 988 5134 timorem
1016 5079 1284 5133 induxerit
1315 5095 1328 5130 :
1363 5077 1557 5132 Pet-des
1577 5095 1747 5132 oumes
1771 5081 1859 5149 qui

270 5178 552 5243 loquuntur
566 5172 882 5227 mendacium
906 5187 925 5225 :
945 5170 1010 5225 ad
1053 5171 1104 5225 id
1141 5171 1282 5240 quod
1305 5181 1387 5226 est
1415 5171 1464 5224 in
1493 5172 1859 5240 peccatoribus

267 5266 510 5323 crassius
533 5266 830 5319 orationem
862 5262 1207 5334 transferens.
1241 5261 1357 5315 Non
1397 5261 1540 5316 enim
1585 5277 1756 5332 usque
1793 5263 1859 5316 ad

270 5359 457 5413 odium
479 5357 722 5412 subsistit
747 5356 1088 5424 supplicium,
1109 5355 1211 5408 etsi
1238 5354 1339 5408 hoc
1365 5370 1579 5424 quoque
1601 5357 1670 5408 sit
1698 5361 1854 5424 puni-

271 5450 356 5505 tio
395 5447 699 5514 ineﬂ'abilis,
727 5446 821 5500 sed
850 5445 1010 5501 etiam
1037 5444 1224 5514 perdet
1246 5459 1432 5498 omnes
1461 5445 1551 5513 qui
1579 5445 1862 5514 loquuntur

336 5615 410 5677 (a)
443 5615 677 5665 Hiclocus
698 5615 748 5664 in
771 5612 1000 5674 Hexaplis
1021 5613 1198 5661 nostris
1221 5624 1316 5660 non
1338 5612 1545 5677 integer
1569 5609 1740 5659 allatus
1763 5616 1856 5664 est.

267 5671 477 5753 sese.
497 5705 570 5752 sic
591 5703 777 5752 habent
801 5715 814 5749 :
841 5671 963 5750 ruit:
1004 5698 1128 5755 vim
1171 5698 1293 5775 Van
1338 5671 1409 5745 “tu
1433 5671 1505 5748 κθ
1545 5698 1598 5745 ν)
1637 5695 1855 5749 ngam:

268 5785 359 5848 ubi
382 5784 730 5848 Interpres.ut
751 5798 920 5843 ποιήσω
942 5794 999 5833 ὅτι
1021 5795 1208 5848 ante“,
1221 5791 1332 5848 tam
1356 5795 1504 5848 essent
1521 5795 1566 5833 σὺ
1590 5790 1648 5833 ιῑε
1670 5789 1725 5832 Et
1744 5794 1855 5833 con-

271 5844 496 5897 siderabo
519 5841 747 5909 "quoniam
770 5841 866 5897 noti
886 5853 1014 5897 Deus
1038 5841 1194 5894 obiens
1215 5843 1513 5906 iniquitatem
1536 5851 1586 5895 tu
1608 5858 1668 5895 es

2019 517 2373 568 metulacium.
2406 516 2732 587 Quamquam
2759 525 2904 590 prius
2946 539 3156 593 quoque
3201 542 3361 596 grave
3391 539 3493 594 est,
3538 541 3588 588 et

2013 604 2252 670 gehenna
2289 606 2544 673 deterius,
2581 612 2706 663 odio
2751 613 2930 666 haberi
2977 631 3006 669 a
3059 617 3197 676 Deo:
3253 620 3345 673 sed
3389 621 3453 674 ad
3497 639 3592 677 eos

2010 697 2226 764 quidem
2283 700 2370 766 qui
2420 713 2644 769 possunt
2697 705 3036 774 intelligere,
3094 710 3221 764 illud
3271 715 3443 780 posuit
3477 731 3489 766 :
3523 714 3590 769 ad

2009 789 2304 842 crassiores
2331 805 2458 845 vero
2487 791 2588 846 hoc
2615 809 2824 864 quoque
2849 797 3059 866 adjecit.
3087 799 3162 854 Ne
3207 818 3332 873 ergo
3380 814 3591 872 pertur-

2009 879 2172 944 beris,
2201 897 2232 934 ο
2265 883 2425 937 hoino
2447 927 2460 948 ,
2490 901 2663 955 neque
2692 889 2987 960 obstrepas,
3019 894 3228 962 quando
3256 897 3450 950 videris
3486 900 3588 952 ali-

2006 985 2138 1038 quos
2159 975 2498 1043 mentientes,
2528 979 2815 1046 rapientes,
2848 982 2896 1034 in
2919 981 3054 1036 bona
3085 985 3309 1040 aliorum
3333 988 3588 1042 invaden-

2008 1071 2107 1126 tes,
2141 1065 2230 1130 qui
2259 1074 2434 1120 tamen
2483 1069 2612 1123 nihil
2645 1072 2770 1124 ntali
2821 1074 3094 1142 patiuntur
3123 1097 3134 1130 :
3169 1078 3267 1131 hoc
3311 1080 3452 1133 enim
3482 1083 3586 1134 crit

2005 1153 2241 1207 omnino.
2275 1157 2415 1211 Talis
2441 1169 2519 1212 est
2567 1162 2760 1230 quippe
2803 1163 2892 1216 Dei
2923 1175 3107 1218 natura
3142 1183 3455 1223 :aversatur
3479 1171 3582 1224 im-

2008 1245 2342 1313 probitatem,
2372 1265 2488 1303 eam
2521 1266 2732 1320 semper
2761 1255 2871 1308 odit
2899 1265 2952 1309 et
2979 1257 3252 1313 abhorret.
3281 1261 3584 1332 Loquentes

2003 1345 2180 1390 autem
2206 1340 2537 1395 mendacium
2570 1343 2656 1397 hic
2673 1345 2800 1398 dicit
2828 1361 2921 1401 eos
2960 1347 3049 1416 qui
3082 1350 3218 1403 male
3257 1351 3456 1417 vivunt,
3486 1369 3580 1407 eos

2001 1430 2089 1498 qui
2117 1445 2202 1484 res
2234 1430 2449 1486 fallaces
2480 1445 2889 1504 persequuntur,
2921 1454 3014 1492 eos
3039 1442 3125 1508 qui
3158 1441 3384 1504 libidini,
3415 1444 3576 1511 gube,

2000 1529 2052 1572 et
2080 1523 2319 1575 avaritia!
2345 1534 2469 1578 sunt
2488 1525 2671 1578 dediti.
2703 1527 2828 1581 Ηιεε
2854 1530 2994 1582 enim
3023 1533 3199 1584 omnia
3228 1534 3364 1587 solet
3388 1537 3575 1602 appel-

1999 1609 2110 1663 lare
2151 1613 2450 1667 mendacia.
2492 1614 2670 1668 Virum
2699 1620 3005 1688 sanguinum
3039 1631 3082 1674 et
3119 1623 3351 1676 dolosam
3385 1625 3577 1678 abomi-

1997 1701 2200 1755 nabitur
2233 1703 2500 1759 Dominus.
2533 1708 2814 1762 Hominem
2853 1711 2940 1764 hic
2968 1711 3098 1766 dicit
3127 1714 3216 1781 qui
3255 1715 3401 1770 ca:dc
3428 1717 3574 1772 dele-

1995 1801 2187 1857 ctatur,
2221 1797 2307 1864 qui
2352 1797 2648 1865 insidiatur,
2673 1802 2759 1869 qui
2789 1811 2871 1856 est
2897 1801 3266 1860 fraudulentus
3309 1817 3363 1862 et
3404 1810 3575 1864 versi-

1994 1883 2168 1951 pellis,
2196 1888 2284 1955 qui
2326 1889 2471 1942 aliud
2503 1891 2661 1945 habet
2687 1894 2737 1946 in
2774 1909 2887 1959 ore,
2918 1896 3060 1949 aliud
3115 1898 3166 1950 in
3211 1909 3451 1967 pectore,
3481 1903 3572 1970 qui

1992 1978 2416 2034 ntansuctudinis
2446 1983 2659 2050 quidem
2687 2001 2747 2038 ac
2775 1989 3043 2041 comitatis
3069 2005 3347 2057 personam
3382 1993 3566 2057 induit,

1990 2069 2084 2122 sed
2131 2084 2192 2123 se
2242 2072 2392 2126 factis
2426 2073 2603 2142 lupum
2655 2078 2905 2143 ostendit,
2936 2096 3041 2149 quo
3085 2081 3212 2134 nihil
3244 2085 3410 2152 possit
3450 2101 3572 2140 esse

1989 2159 2241 2215 deterius.
2273 2167 2500 2234 Apertus
2526 2168 2667 2221 enim
2699 2169 2944 2224 inimicos
2972 2182 3146 2240 potest
3175 2175 3326 2228 facile
3349 2179 3522 2230 caveri
3550 2195 3565 2232 :

1987 2251 2074 2318 qui
2106 2263 2280 2306 autem
2313 2256 2564 2309 malitiam
2611 2259 2824 2328 quidem
2865 2263 3023 2326 celat,
3065 2273 3120 2316 et
3148 2266 3311 2318 utitur
3341 2268 3564 2332 malitia,

1985 2358 2105 2396 eum
2136 2361 2240 2399 non
2273 2350 2437 2415 possit
2457 2347 2611 2404 facile
2631 2351 2979 2419 deprehendi,
3001 2355 3223 2421 plurima
3257 2358 3390 2410 mala
3417 2357 3564 2416 facit.

1985 2435 2246 2501 Quocirca
2293 2440 2536 2496 Christus
2577 2445 2771 2508 etiam,
2823 2447 3037 2514 quando
3084 2449 3156 2501 illi
3195 2453 3518 2506 accesserint
3545 2494 3563 2517 ,

1984 2529 2192 2582 sobrios
2214 2541 2266 2583 et
2293 2541 2526 2587 attentos
2564 2550 2661 2588 nos
2700 2551 2819 2590 esse
2842 2537 3015 2605 jubet.
3054 2537 3270 2592 Veniunt
3311 2541 3452 2596 enim
3494 2543 3564 2594 ad

1983 2635 2087 2684 vos,
2116 2622 2298 2689 inquit.
2333 2623 2385 2675 in
2413 2626 2714 2679 vestimentis
2735 2628 2898 2680 ovium
2929 2643 2948 2682 :
2974 2630 3107 2682 intus
3127 2639 3291 2683 autent
3311 2643 3428 2685 sunt
3455 2636 3563 2703 lupi

1982 2726 2188 2778 rapaces
2217 2712 2425 2782 (.llattlt.
2459 2716 2509 2766 7.
2545 2715 2656 2786 15).
2677 2718 2730 2770 8.
2754 2716 2862 2787 Ego
2877 2731 3043 2770 autetn
3066 2720 3114 2772 in
3127 2721 3442 2776 multitudine
3465 2725 3562 2776 nti—

1979 2803 2264 2856 sericordia:
2287 2813 2386 2858 tuae
2409 2806 2621 2860 introibo
2642 2809 2692 2861 in
2723 2809 2925 2862 domum
2949 2820 3103 2863 tuam.
3133 2811 3392 2878 Quoniam
3419 2816 3562 2870 enim

1979 2909 2041 2947 ex
2065 2896 2324 2963 ejusmodi
2352 2900 2655 2954 hominibus
2678 2900 2900 2954 collecta
2926 2911 3040 2954 erat
3072 2903 3330 2968 Ecclesia,
3349 2907 3562 2974 gentili-

1978 2985 2096 3050 bus,
2129 2989 2314 3056 magis,
2340 2990 2644 3055 homicidis,
2675 2992 3168 3060 prmstigiatoribus,
3194 2997 3556 3062 mendacibus,

1977 3077 2356 3146 deceptoribns
2391 3097 2404 3134 :
2439 3080 2649 3134 dixerat
2695 3092 2894 3147 autem,
2943 3083 3110 3138 Odisti
3155 3093 3208 3138 et
3249 3089 3557 3144 aversaris:

1975 3173 2264 3225 ostendens
2297 3187 2356 3227 se
2386 3190 2491 3227 non
2523 3190 2586 3228 ex
2625 3176 2829 3244 justitia
2878 3187 2933 3231 et
2960 3188 3106 3232 recte
3137 3178 3311 3244 factis,
3345 3181 3439 3236 sed
3482 3197 3554 3237 ex

1976 3263 2116 3317 illius
2137 3265 2420 3320 clementia
2445 3268 2634 3322 abillis
2665 3269 2943 3324 liberatam
2983 3272 3032 3324 in
3065 3275 3355 3341 penetralia
3385 3276 3555 3330 intro-

1973 3354 2186 3409 ductam
2229 3372 2382 3422 csse,
2424 3360 2702 3428 Subjunxit
2736 3378 2748 3413 :
2784 3361 2894 3430 Ego
2939 3373 3103 3415 autent
3144 3365 3197 3417 in
3237 3365 3559 3420 multitudine

1972 3448 2329 3503 misericordia
2365 3461 2485 3515 tute,
2538 3454 2751 3505 introibo
2801 3455 2854 3506 in
2894 3456 3098 3508 donmm
3140 3467 3298 3512 tuam.
3337 3458 3413 3513 Ne
3439 3461 3556 3530 quis

1973 3539 2113 3592 enim
2131 3538 2269 3594 dicat
2300 3559 2312 3592 :
2345 3541 2622 3607 Quomodo
2647 3560 2774 3613 ergo
2803 3554 2875 3607 tu,
2905 3563 3023 3615 qua:
3048 3547 3158 3601 lure
3179 3559 3230 3602 et
3249 3549 3332 3602 illa
3361 3550 3554 3618 fecisti,

1972 3639 2179 3685 servata
2209 3634 2309 3686 es?
2350 3633 2481 3686 dixit
2515 3636 2728 3688 modmn
2767 3637 2949 3690 salutis
2979 3655 2991 3688 :
3027 3638 3247 3706 Proiiter
3274 3656 3551 3709 magnam,

1974 3721 2162 3790 inquit,
2211 3724 2583 3789 clementiam,
2640 3736 2857 3795 propter
2901 3728 3216 3783 ineffabilem
3269 3731 3554 3786 bonitatem

1969 3825 2177 3866 servata
2229 3829 2367 3867 Slllll.
2425 3815 2529 3869 Sed
2578 3827 2702 3870 sunt
2759 3820 3020 3883 nonnulli,
3078 3821 3166 3889 qui
3219 3823 3556 3876 necmiscri-

1970 3907 2203 3958 cerdiam
2235 3908 2446 3976 quidem
2473 3907 2775 3971 admittunt,
2814 3912 3181 3966 immedicnbili
3212 3914 3399 3969 morbo
3419 3917 3552 3968 affe-

1969 3999 2059 4060 cti,
2102 3998 2398 4066 cujusmodi
2449 4009 2575 4052 sunt
2602 4000 2772 4054 Judtei
2807 4019 2816 4052 :
2851 4001 3016 4070 gratia
3057 4003 3196 4056 enim
3245 4014 3298 4057 et
3340 4005 3550 4059 miseri-

1968 4092 2169 4152 cordia,
2202 4093 2299 4144 etsi
2325 4093 2389 4145 sit
2413 4094 2578 4161 gratia
2607 4104 2659 4146 et
2690 4093 3074 4156 misericordia,
3103 4095 3341 4150 volentes
3369 4105 3547 4152 tamen

1967 4195 2021 4237 et
2045 4183 2264 4252 gratiam
2288 4182 2544 4236 habentes
2570 4195 2764 4244 servat,
2799 4202 2901 4238 non
2934 4200 3027 4239 eos
3054 4186 3140 4253 qui
3171 4187 3420 4241 effrenata
3453 4204 3552 4242 an-

1968 4275 2116 4326 dacia
2150 4283 2466 4342 repugnant,
2515 4284 2568 4327 et
2595 4275 2791 4328 donum
2836 4276 3021 4329 nolunt
3047 4277 3334 4346 suscipere,
3365 4281 3552 4347 quales

1968 4365 2180 4419 fuerunt
2225 4366 2415 4429 Judzri,
2469 4367 2536 4419 de
2589 4369 2780 4435 quibus
2827 4369 2984 4421 etiatn
3027 4368 3155 4423 dicit
3185 4370 3377 4425 Paulus
3405 4373 3549 4440 quod

1965 4459 2254 4526 ignorantes
2295 4457 2392 4511 Dei
2423 4459 2712 4527 justitiam,
2746 4469 2791 4511 et
2821 4462 3083 4530 propriam
3118 4463 3370 4531 justitiam
3405 4482 3547 4534 qure-

1965 4560 2127 4602 rentes
2157 4561 2392 4615 statuere,
2438 4551 2656 4620 jnstitia:
2701 4549 2795 4602 Dei
2827 4568 2926 4604 non
2976 4562 3092 4605 sunt
3113 4553 3324 4622 subjecti
3350 4554 3367 4624 (
3393 4554 3544 4612 liam.

1968 4640 2058 4694 10.
2090 4642 2165 4706 5).
2197 4641 2397 4694 Deinde
2426 4641 2674 4709 quoniam
2704 4641 2771 4694 de
2806 4643 2911 4695 Deo
2939 4642 3090 4707 dixit,
3115 4644 3183 4697 de
3211 4646 3381 4715 seipse
3409 4663 3548 4716 quo-

1966 4746 2069 4800 que
2100 4731 2331 4800 loquitur
2365 4749 2378 4784 :
2411 4731 2646 4783 Adorabo
2684 4731 2750 4783 ad
2781 4731 3020 4800 templum
3063 4745 3290 4787 sanctum
3328 4745 3466 4788 tanta
3496 4738 3548 4792 in

1966 4823 2142 4874 timore
2199 4831 2302 4874 tuo.
2356 4821 2453 4875 Ubi
2512 4821 2656 4875 enim
2734 4825 2959 4890 gratiam
3012 4838 3272 4894 accepero
3304 4866 3320 4891 ,
3375 4809 3547 4895 tunc,

1967 4915 2179 4984 inquit,
2233 4931 2347 4968 mea
2407 4914 2666 4976 offeram,
2731 4916 2831 4967 hoc
2887 4915 2980 4968 tibi
3039 4919 3355 4972 sacrificium
3419 4921 3553 4974 offe-

1965 5024 2099 5062 ram.
2157 5008 2390 5061 Adorabo
2450 5011 2517 5060 ad
2569 5007 2811 5076 templum
2860 5019 3090 5062 sanctum
3154 5021 3294 5064 tuum
3355 5013 3408 5065 in
3465 5015 3548 5066 ti—

1966 5117 2105 5154 more
2153 5110 2258 5153 tuo.
2304 5100 2419 5154 Non
2470 5101 2625 5162 sicut,
2673 5101 2862 5169 inquit,
2901 5100 3052 5155 multi
3079 5102 3166 5170 qui
3213 5115 3386 5167 orant,
3427 5120 3547 5161 sese

1966 5193 2284 5260 scalpentes,
2313 5193 2536 5256 hiantes,
2559 5200 2940 5260 torpescentes,
2975 5192 3068 5246 sed
3095 5209 3214 5246 cum
3239 5194 3446 5256 timore,
3470 5197 3550 5247 in-

1965 5287 2097 5357 quit,
2127 5295 2180 5340 et
2206 5296 2455 5339 tremore.
2483 5285 2582 5350 Qui
2610 5285 2750 5336 enim
2785 5285 2862 5338 sic
2887 5293 3025 5347 orat,
3050 5300 3208 5340 omne
3239 5286 3420 5338 vitium
3447 5287 3547 5339 de-

1966 5380 2132 5447 ponit,
2165 5378 2231 5430 ad
2259 5393 2471 5431 omnem
2499 5378 2746 5431 virtutem
2772 5376 3070 5440 deducitur,
3105 5378 3270 5431 Deum
3296 5378 3395 5430 sibi
3424 5379 3545 5431 red-

1965 5471 2042 5524 dit
2065 5469 2370 5538 propitium.
2411 5468 2466 5522 9.
2517 5467 2753 5531 Domine,
2801 5471 2962 5523 deduc
3003 5486 3083 5522 me
3134 5471 3186 5522 in
3225 5470 3428 5538 justitia
3463 5482 3550 5522 tua

1966 5573 2169 5632 prapter
2193 5562 2418 5619 inimicos
2449 5577 2602 5614 meos.
2631 5562 2778 5615 Dixit
2805 5561 2986 5616 laudes
3015 5563 3128 5629 Dei,
3147 5562 3274 5616 dixit
3300 5563 3350 5616 in
3380 5565 3550 5619 malus

1965 5653 2170 5718 odium,
2224 5652 2636 5722 benignitatem,
2693 5653 3053 5718 clementiam,
3113 5652 3551 5719 sollicitudinem,

1967 5743 2099 5796 dixit
2124 5758 2273 5796 suam
2303 5744 2548 5803 salutem,
2593 5743 2719 5796 dixit
2751 5743 3020 5812 quomodo
3048 5752 3255 5797 servata
3295 5745 3384 5808 sit,
3417 5745 3556 5799 dixit

1971 5845 2253 5907 postquam
2275 5843 2481 5890 servata
2524 5832 2620 5888 fuit
2647 5848 2891 5903 quanam
2917 5834 3185 5902 attulerit;
3224 5835 3350 5892 vitia
3389 5851 3555 5894 aver-
