4074 6356
461 421 531 480 67
1206 411 1263 466 S.
1303 404 1581 465 JOANNIS
1614 401 2089 461 CHRYSOSTOMI
2129 401 2446 458 ARClilEP.
2486 401 3016 460 CONSTANTINOP.
3662 405 3731 459 68

459 543 572 586 sata
594 539 696 594 est,
743 526 808 583 ad
839 526 1086 581 virtutem
1124 520 1346 577 deduxit
1373 537 1387 572 :
1414 519 1480 573 iis
1504 518 1663 573 etiam
1689 517 1780 585 qui
1800 518 1936 568 male
1964 512 2047 566 vi-

469 631 613 686 mnt,
645 620 834 673 bonam
865 631 1014 686 spem
1036 612 1202 679 dedit,
1260 611 1305 666 si
1359 608 1628 663 voluerint
1672 604 1934 671 ccuverti,
1985 610 2044 656 ut

467 713 563 782 qui
588 713 793 781 possint
831 704 1251 762 miscricordiam
1290 698 1581 768 consequi;
1628 694 1891 751 convertit
1933 708 2049 747 ser-

463 816 676 857 monem
728 798 794 854 ad
827 796 1155 867 petitionem,
1182 808 1301 863 quae
1327 791 1579 860 deinceps
1607 788 1738 842 dicit
1769 805 1780 840 :
1807 784 2045 847 Domine,

467 893 632 946 deduc
660 908 740 945 me
767 892 819 944 in
839 888 1043 958 justitia
1072 898 1158 938 tua
1190 899 1207 937 :
1232 898 1325 953 per
1351 882 1468 936 inec
1516 879 1720 934 docens
1753 876 2048 929 auditorem

464 983 610 1054 prius
636 981 863 1054 hymnos
894 978 1004 1032 Deo
1032 976 1243 1037 offerre,
1269 983 1323 1027 et
1363 986 1459 1040 pro
1508 968 1779 1024 beneﬁciis
1819 979 1982 1034 accep
2007 966 2052 1019 Es

463 1075 659 1147 gratias
684 1087 879 1140 agere;
909 1079 963 1125 et
991 1078 1116 1123 tunc
1140 1082 1258 1135 qua:
1287 1066 1398 1118 vult
1428 1072 1626 1131 petere,
1653 1069 1707 1115 et
1733 1074 1831 1131 pro
1851 1059 1916 1112 iis
1934 1073 2052 1127 qua:

465 1164 734 1233 acceperit
760 1175 943 1216 rursus
967 1173 1125 1229 agere
1141 1156 1358 1226 gratias.
1387 1152 1493 1208 Sed
1514 1153 1788 1206 videamus
1807 1161 2050 1218 quamam

467 1273 528 1312 ea
556 1264 679 1312 sunt
708 1270 827 1324 quae
864 1252 1016 1323 petit.
1052 1250 1189 1305 Num
1241 1245 1440 1316 aliquid
1462 1259 1648 1300 eorum
1675 1258 1795 1313 qua:
1823 1239 1890 1295 ad
1916 1239 2054 1293 hanc
2121 1239 2124 1242 ’

468 1350 629 1403 vitam
656 1343 957 1416 pertinent?
1000 1338 1256 1410 numquid
1310 1334 1605 1404 temporale
1642 1347 1706 1387 ac
1753 1337 2053 1384 momenta-

469 1437 672 1494 ueum?
702 1433 955 1503 numquid
1001 1446 1188 1487 eorum
1221 1444 1339 1499 qua:
1379 1421 1782 1497 praeterfluunt?
1809 1419 1947 1475 Num
1985 1416 2056 1471 de

470 1531 666 1586 divitiis
696 1525 965 1598 loquitur?
1010 1539 1136 1578 num
1174 1521 1242 1577 de
1262 1518 1473 1588 gloria?
1504 1532 1629 1571 num
1676 1513 1745 1569 de
1782 1507 2059 1582 potentia?

472 1639 599 1677 num
626 1621 693 1675 de
719 1616 1036 1675 ulciscendis
1061 1612 1327 1670 inimicis?
1356 1609 1496 1665 Nihil
1527 1608 1738 1663 horum.
1763 1603 1866 1659 Sed
1893 1599 2059 1672 quid?

477 1713 708 1775 Domine,
733 1709 893 1764 deduc
916 1724 994 1761 me
1017 1707 1070 1759 in
1080 1704 1284 1775 justitia
1310 1713 1396 1755 tua
1421 1708 1625 1771 propter
1650 1696 1881 1751 inimicos
1900 1708 2060 1746 meos.

480 1805 637 1859 Vides
657 1801 926 1873 quomodo
950 1797 1079 1853 nihil
1108 1797 1238 1867 petit
1255 1796 1454 1848 linxum
1476 1800 1530 1846 et
1545 1789 1823 1854 caducum,
1854 1795 1908 1841 et
1930 1798 2064 1855 quo-

475 1895 636 1952 modo
664 1907 955 1964 supernum
978 1899 1132 1960 rogat
1154 1884 1446 1942 auxilium?
1471 1883 1572 1951 Qui
1603 1881 1744 1937 enim
1778 1894 1838 1933 ea
1861 1877 1947 1935 via
1971 1876 2056 1930 in-

476 1987 807 2058 grediuntur,
860 1997 926 2037 eo
968 1982 1198 2036 maxime
1248 1976 1446 2032 auxilio
1490 1972 1747 2041 indigent.
1798 1968 2064 2024 Justitiam

477 2055 656 2132 autem
687 2074 773 2130 hic
799 2073 929 2128 dicit
952 2071 1259 2126 universam
1286 2066 1535 2121 virtutem
1563 2062 1663 2133 (a).
1702 2061 1769 2115 Et
1811 2068 1959 2114 recte
1984 2055 2066 2111 di-

479 2169 574 2235 cit,
602 2166 664 2220 ln
691 2174 778 2219 tua
792 2164 1014 2234 justitia.
1047 2161 1144 2216 Est
1178 2159 1318 2214 enim
1355 2156 1515 2212 etiam
1543 2152 1815 2208 hominum
1838 2148 2063 2219 justitia,

480 2276 601 2332 qum
628 2274 698 2314 ex
725 2256 961 2312 externis
1010 2253 1215 2323 legibus
1265 2246 1641 2320 proficiscitur,
1691 2242 1786 2297 sed
1831 2241 1970 2306 vilis,
2013 2247 2071 2294 et

481 2366 603 2421 quae
648 2347 781 2402 nihil
834 2346 997 2400 habet
1024 2342 1315 2410 perfectum
1341 2346 1395 2394 et
1422 2336 1742 2396 absolutum,
1769 2341 1823 2386 et
1858 2335 2072 2385 constat

482 2418 548 2495 ex
581 2437 824 2493 humanis
848 2431 1278 2505 cogitationibus.
1319 2429 1430 2498 Ego
1457 2435 1631 2481 autem
1663 2432 1803 2478 tuam
1834 2430 1956 2486 peto
1980 2418 2069 2488 jn-

483 2530 701 2595 stitiam,
729 2543 849 2598 quae
871 2542 898 2579 a
923 2535 973 2580 te
998 2524 1173 2577 delata
1196 2530 1298 2583 est,
1330 2534 1450 2589 qua:
1493 2514 1638 2570 ducit
1685 2514 1738 2568 in
1769 2512 1989 2575 etaiam;
2016 2515 2073 2563 et

484 2625 759 2686 auxilium,
791 2630 850 2674 ut
879 2618 1018 2673 hanc
1039 2614 1297 2684 justitiam
1326 2610 1455 2666 mihi
1483 2606 1764 2664 conciliem
1795 2604 1837 2657 ί.

558 2716 610 2771 5.
644 2713 807 2767 Recte
824 2720 998 2764 autem
1021 2707 1153 2762 dixit
1174 2703 1323 2771 illud,
1346 2702 1519 2756 Deduc
1540 2715 1639 2754 me.
1660 2698 1906 2752 Prwsens
1929 2692 2069 2748 enim

486 2806 593 2861 vita
624 2804 707 2859 via
745 2810 829 2858 est
864 2816 982 2871 qua:
1017 2809 1131 2853 uta
1162 2810 1323 2851 manu
1357 2805 1584 2863 superna
1621 2788 1912 2844 deducatur
1938 2798 2074 2852 opus

487 2898 667 2951 habet.
686 2895 742 2950 Si
763 2893 904 2949 enim
924 2890 1106 2946 urbem
1128 2883 1414 2957 ingressuri
1435 2897 1567 2952 opus
1592 2879 1848 2934 habemus
1870 2874 2075 2945 aliquo,

484 2988 577 3058 qui
607 2985 747 3040 viam
782 2982 936 3037 nobis
980 2977 1206 3043 indicet,
1233 2974 1402 3030 multo
1431 2971 1599 3042 magis
1623 2970 1675 3024 in
1701 2967 1891 3024 etclam
1917 2980 2076 3034 pero-

490 3057 746 3150 grinaturi
787 3087 923 3145 opus
961 3070 1218 3125 habemus
1254 3079 1486 3136 superno
1525 3059 1744 3125 auxilio,
1772 3067 1829 3114 ut
1859 3057 2074 3122 indicet,

485 3148 771 3225 confirmet
814 3172 870 3219 et
906 3161 1133 3216 deducat
1164 3178 1178 3213 :
1211 3157 1390 3211 multa:
1412 3154 1554 3209 enim
1575 3159 1701 3205 sunt
1725 3148 1929 3204 semita:
1955 3158 2079 3216 quae

492 3264 780 3316 obvertunt.
809 3256 1097 3323 Propterea
1121 3250 1392 3305 dexteram
1421 3245 1516 3300 Dei
1540 3255 1834 3298 teneamus.
1863 3237 2079 3308 Propter

489 3354 722 3408 inimicos
747 3364 902 3403 meos.
934 3344 1100 3409 Multi,
1131 3340 1316 3412 inquit,
1341 3336 1714 3405 conspirarnnt
1740 3330 1960 3389 inimici.
1981 3342 2079 3381 vo-

492 3447 664 3499 lentes
682 3451 897 3509 gressus
918 3450 1065 3491 meos
1084 3432 1369 3495 divertere,
1388 3436 1443 3481 et
1458 3427 1511 3481 in
1533 3438 1767 3481 errorem
1788 3421 2075 3484 abducere,

496 3540 550 3592 in
581 3536 843 3603 aliamque
870 3529 1012 3582 viam
1038 3526 1252 3581 ducere.
1297 3519 1431 3590 Quia
1460 3534 1586 3587 ergo
1624 3516 1759 3570 tales
1795 3522 1918 3568 sunt
1949 3512 2081 3565 insi-

497 3628 620 3691 dia},
646 3600 779 3678 tales
810 3619 1132 3677 invasiones.
1156 3615 1269 3684 ipse
1292 3627 1379 3667 me
1398 3607 1591 3663 deduc.
1623 3605 1739 3660 Tuo
1764 3604 1910 3659 enim
1941 3600 2083 3655 auxi-

497 3719 571 3772 lio
591 3730 744 3785 egeo.
776 3710 907 3766 Nam
935 3707 1064 3763 utin
1094 3706 1175 3758 via
1203 3700 1415 3773 quidem
1441 3696 1783 3758 deducantur,
1810 3692 1928 3763 ejus
1954 3698 2037 3745 est
2066 3707 2081 3744 :

499 3819 558 3864 ιιι
585 3815 764 3863 autem
794 3801 940 3873 digni
968 3800 1134 3856 simus
1153 3805 1212 3851 ut
1236 3795 1323 3849 illa
1354 3806 1516 3846 manu
1549 3798 1858 3852 teneamur,
1886 3791 2084 3839 nostra:

501 3901 572 3955 sit
594 3896 904 3967 diligentias.
937 3890 997 3947 Si
1022 3887 1185 3943 fueris
1208 3884 1349 3940 enim
1375 3879 1700 3944 immundus,
1730 3892 1835 3930 non
1864 3883 1917 3929 te
1943 3880 2088 3928 tenet

500 3992 589 4046 illa
615 4000 838 4044 manus:
862 3983 906 4038 si
934 3980 1095 4036 lueris
1118 3990 1308 4032 avarus
1327 4014 1342 4039 ,
1368 3973 1413 4029 si
1443 3972 1673 4040 aliquam
1702 3968 1858 4022 aliam
1886 3964 2089 4019 habens

503 4080 788 4136 maculam.
817 4073 996 4145 Dirige
1018 4072 1075 4125 in
1095 4075 1464 4138 conspectuin
1482 4064 1614 4118 uiam
1635 4076 1794 4115 meam
1817 4075 1835 4113 :
1859 4058 1960 4112 hoc
1982 4064 2087 4120 est,

506 4173 614 4227 Fac
640 4169 768 4225 mihi
796 4182 918 4222 eam
948 4165 1167 4225 claram,
1196 4166 1455 4229 apertam,
1482 4164 1663 4209 notam
1688 4171 1702 4207 :
1731 4151 1814 4207 fac
1841 4159 1896 4205 ut
1921 4164 1984 4205 ea
2014 4150 2086 4203 sit

505 4262 643 4334 apud
666 4276 751 4316 me
771 4266 916 4312 certa
945 4265 1001 4310 et
1029 4261 1197 4308 recta.
1243 4249 1395 4303 Alius
1424 4258 1599 4300 autem
1630 4245 1892 4310 interpres
1912 4239 2044 4295 dixit
2072 4254 2087 4292 :
2172 4258 2175 4261 ·

509 4355 788 4426 ϐοιιῳιαιια
814 4359 929 4403 ante
953 4364 1029 4401 nte
1053 4346 1186 4399 aiam
1220 4354 1388 4405 tuam;
1418 4339 1520 4393 hoc
1540 4346 1642 4402 est,
1667 4333 1853 4389 Redde
1884 4333 2090 4401 planam

507 4465 572 4504 ac
604 4447 836 4503 facilem.
862 4441 949 4497 10.
981 4438 1237 4506 Quoniam
1263 4450 1365 4489 non
1389 4440 1459 4486 est
1494 4433 1549 4484 in
1583 4443 1756 4482 eorum
1784 4425 1984 4488 ueritas,
2008 4438 2096 4476 cor

509 4556 681 4596 eorum
702 4552 886 4592 vanum
910 4542 1001 4588 est.
1032 4530 1157 4585 Iiihi
1181 4527 1386 4582 videtur
1404 4525 1519 4579 haec
1538 4523 1717 4579 dicere
1741 4529 1794 4574 et
1821 4520 1890 4573 de
1919 4519 1981 4571 iis
2002 4515 2098 4586 qui

511 4634 567 4689 in
593 4645 776 4688 errore
799 4634 1112 4687 versantur,
1142 4630 1198 4677 et
1236 4636 1298 4675 os
1336 4629 1390 4673 et
1433 4625 1665 4671 mentem
1707 4623 2000 4675 accusans,
2039 4614 2098 4664 ut

514 4728 660 4783 omni
688 4726 829 4780 bono
849 4720 1189 4779 destitutam;
1220 4722 1277 4769 et
1298 4711 1366 4767 de
1386 4711 1450 4765 iis
1474 4710 1561 4779 qui
1583 4708 1766 4761 vivunt
1788 4705 1844 4759 in
1869 4702 2094 4757 scelere.

515 4821 601 4875 ll.
636 4815 939 4887 Sepulcrum
964 4818 1142 4881 patens
1173 4814 1243 4859 est
1277 4811 1447 4875 guttur
1474 4815 1664 4855 eorum.
1695 4795 1792 4851 Vel
1819 4792 2097 4849 hominum

515 4908 666 4965 caede
703 4886 980 4968 delectari,
1021 4899 1105 4954 vel
1148 4905 1354 4951 mortua
1382 4900 1436 4948 et
1459 4891 1599 4947 male
1623 4888 1818 4944 olentia
1851 4886 2097 4956 dogmata

515 5002 756 5073 proferre
780 4993 1040 5051 hicidicit.
1067 4988 1184 5044 Non
1210 4983 1535 5041 aberraverit
1571 4981 1858 5049 quispiam,
1884 4978 1928 5031 si
1958 4976 2100 5031 dicat

516 5072 677 5150 etiam
702 5103 911 5150 eorum,
932 5083 1023 5154 qui
1050 5081 1305 5135 obscena
1336 5074 1498 5129 verba
1528 5072 1815 5141 loquuntur
1834 5108 1850 5131 ,
1878 5082 1971 5121 ora
2002 5080 2099 5135 pa-

519 5196 637 5239 tens
658 5178 959 5249 sepulcrum
989 5169 1304 5241 appellasse.
1339 5164 1434 5219 Ille
1460 5162 1604 5217 enim
1626 5159 1789 5215 fmtor
1811 5166 1893 5213 est
1922 5156 2098 5212 sensi—

522 5275 612 5331 bili
649 5245 816 5328 muito
848 5266 1085 5338 gravior,
1113 5260 1205 5330 qui
1234 5255 1450 5328 quidem
1491 5268 1556 5307 ex
1594 5251 1787 5307 animae
1820 5245 2102 5319 putredine

521 5367 730 5420 oritur:
758 5369 883 5417 sunt
909 5359 1068 5414 etiam
1094 5364 1375 5407 avarorum
1412 5362 1506 5401 ora
1540 5344 1686 5409 talia,
1719 5341 1933 5412 quando
1968 5339 2102 5395 nihil

522 5455 665 5512 aliud
713 5452 988 5523 proferunt
1011 5458 1170 5517 quam
1197 5440 1368 5497 caedes
1396 5446 1450 5492 et
1474 5438 1706 5505 rapinas.
1745 5434 1825 5491 Ne
1867 5434 1937 5488 sit
1973 5445 2102 5500 ergo

522 5563 587 5603 os
630 5557 778 5600 tuum
824 5540 1161 5611 sepulcrum,
1209 5531 1302 5587 sed
1337 5530 1634 5584 thesaurus.
1665 5526 1920 5583 Thesauri
1958 5524 2102 5579 enim

586 5641 606 5673 ι
642 5646 778 5697 tteg.,
802 5638 854 5684 ιιι
876 5633 1000 5697 hanc
1013 5625 1254 5697 justitiam
1761 5615 2068 5697 Κφδὶάξιιιη.

587 5681 921 5761 (albatam
942 5681 1191 5761 ωεξνοςδιρ
1208 5681 1969 5761 ιυιίυρνεμξη.υέτιαιξητιξβί⁸τ⁸⁵
1987 5688 2106 5738 ““‘*

525 5739 920 5826 ﬁliaiam;
930 5739 1111 5826 profani
1143 5739 1225 5797 diu
1247 5754 1365 5826 ante
1397 5744 1635 5793 Christum
1648 5739 2106 5826 junstitiunlt‘o‘mnem

700 5822 708 5826 ’
952 5818 961 5826 ·
1024 5815 1035 5826 ι
1106 5819 1134 5826 ν·
1188 5821 1271 5826 mu
1302 5820 1311 5826 ι
1337 5820 1361 5826 ι-
1385 5816 1441 5826 -ιι
1477 5814 1670 5826 “nam”...
1726 5812 1849 5826 ωηο,
1904 5812 1930 5826 η
1953 5808 2102 5826 ,οηηη

527 5799 1158 5879 ἓέἔοῖἱὲἰίὶῐὲιξι”ιὶίδξιιαηι,
1181 5821 1276 5879 qua
1298 5806 1363 5856 de
1385 5816 1443 5857 re
1477 5799 1671 5856 versum
1692 5799 2105 5864 Fmpedocl'tsjam

527 5870 676 5951 .51.}.
694 5896 744 5945 ρ.
768 5879 848 5941 ω,
867 5883 967 5928 ιιοι.
988 5875 1086 5938 (α),
1104 5870 1370 5922 attulimus.
1742 5888 1767 5899 κ

2157 513 2378 566 multttm
2432 527 2463 567 a
2512 512 2770 583 sepulcris
2828 511 3116 578 dilferunt,
3163 512 3305 583 quod
3364 512 3450 566 illa
3522 512 3734 582 quidem

2151 612 2494 674 corrumpant
2557 604 2696 674 quod
2755 607 3106 674 acceperint,
3179 604 3268 660 isti
3328 619 3457 658 vero
3520 618 3738 659 conser-

2152 704 2295 749 vent.
2331 695 2474 748 liabe
2503 710 2629 765 ergo
2651 704 2704 749 tu
2732 709 2942 766 quoque
2979 694 3190 749 divitias
3226 693 3387 748 studii
3422 694 3735 763 sapientiai,

2154 806 2272 857 qua:
2315 796 2569 859 perpetuo
2607 797 2948 859 permanent,
2979 787 3072 841 sed
3102 801 3208 842 non
3234 785 3478 841 faetorem
3505 784 3735 854 aliquem

2156 890 2209 933 et
2233 879 2587 951 putredinem.
2628 880 2695 933 Et
2737 895 2842 932 non
2887 878 3026 932 dixit
3065 877 3379 947 simpliciter
3416 886 3469 931 et
3497 876 3738 931 absolute

2156 972 2477 1042 sepulcrum,
2504 969 2598 1025 sed
2630 980 2847 1041 patens,
2886 977 2943 1024 ut
2979 969 3138 1024 etiam
3178 968 3443 1038 signiﬁcet
3480 967 3735 1036 majorem

2156 1078 2277 1119 esse
2302 1063 2766 1118 abominationem.
2796 1061 2928 1115 Cum
2949 1059 3089 1114 enim
3126 1067 3398 1128 oporteret
3430 1073 3523 1112 eos
3561 1057 3740 1126 hujus-

2159 1155 2301 1210 modi
2329 1155 2491 1211 verba
2515 1155 2710 1215 celare,
2740 1154 2815 1206 illi
2843 1153 3003 1208 etiam
3025 1150 3299 1221 proferunt
3319 1158 3377 1204 ut
3396 1164 3549 1204 suum
3574 1154 3741 1217 magis

2158 1246 2400 1301 morbum
2428 1244 2728 1299 ostendant.
2766 1243 2833 1298 Et
2862 1243 2915 1297 in
2941 1241 3166 1296 mortuis
3190 1240 3402 1312 quidem
3430 1237 3743 1308 corporibus

2159 1334 2482 1391 contrarium
2505 1334 2776 1400 facientes,
2793 1343 2948 1388 terra:
2968 1332 3223 1387 tradimus
3244 1348 3256 1385 :
3279 1329 3333 1385 hi
3369 1339 3544 1384 autem
3575 1328 3628 1382 in
3663 1329 3745 1380 bis

2160 1427 2337 1481 verbis
2363 1426 2555 1480 faciunt
2579 1423 2927 1485 contrarium,
2949 1436 2998 1478 et
3023 1428 3165 1493 quod
3190 1423 3239 1474 in
3265 1421 3368 1475 imo
3390 1419 3549 1473 corde
3569 1419 3745 1472 celare

2161 1525 2432 1586 cporteret
2459 1524 2514 1570 et
2541 1513 2822 1575 snli'ucare.
2855 1512 3224 1584 proferentes,
3265 1519 3319 1565 et
3356 1510 3553 1564 multos
3579 1510 3748 1562 olfen-

2162 1607 2371 1672 dentes,
2392 1614 2444 1660 et
2467 1606 2715 1659 omnibus
2747 1602 2966 1658 videnda
2994 1610 3369 1673 preponentes.
3404 1599 3507 1655 Sed
3534 1613 3627 1653 eos
3655 1598 3746 1668 qui

2166 1700 2297 1754 tales
2320 1703 2461 1763 sunt,
2489 1712 2690 1768 qurcso,
2713 1696 3009 1766 abigamus.
3042 1692 3100 1748 Si
3125 1694 3265 1747 enim
3294 1700 3497 1745 mortua
3521 1702 3745 1759 corpora

2163 1801 2312 1844 extra
2339 1787 2522 1842 urbem
2543 1786 2828 1857 sepelimus
2851 1783 2949 1855 (a).
2975 1783 3143 1837 multo
3169 1781 3337 1851 magis
3363 1794 3457 1835 eos
3481 1779 3568 1849 qui
3586 1777 3747 1832 verba

2167 1889 2392 1944 mortua,
2420 1889 2474 1933 et
2499 1879 2588 1948 qui
2615 1878 2737 1931 talia
2768 1875 3064 1946 proferunt,
3095 1882 3150 1929 et
3170 1889 3236 1928 ne
3258 1882 3435 1943 tegere
3456 1877 3549 1924 aut
3567 1868 3748 1922 obumc

2167 1970 2323 2025 brare
2342 1970 2555 2040 quidem
2581 1969 2782 2032 volunt,
2808 1967 2965 2036 longe
2993 1963 3278 2018 amandare
3299 1971 3507 2031 oportet
3530 1978 3544 2015 :
3570 1959 3752 2029 hujus-

2167 2061 2311 2116 modi
2355 2061 2496 2115 enim
2541 2074 2633 2115 ora
2685 2068 2807 2121 sunt
2847 2057 3149 2112 communis
3195 2054 3422 2109 civitatis
3466 2052 3746 2123 pernicies.

2170 2154 2381 2225 Linguis
2404 2154 2508 2208 suis
2528 2153 2698 2207 dolose
2717 2152 2945 2224 agebant.
2980 2148 3170 2204 Vidisti
3195 2147 3335 2202 aliud
3361 2161 3530 2218 genus
3552 2146 3752 2213 impre-

2169 2245 2370 2301 bitatis.
2398 2245 2459 2300 Hi
2482 2244 2693 2315 quidem
2723 2243 2902 2298 dolum
2928 2242 2980 2296 in
3007 2248 3189 2296 mente
3213 2253 3308 2293 sua
3326 2237 3521 2303 celant,
3547 2233 3755 2290 blandis

2172 2337 2347 2392 verbis
2367 2345 2614 2391 utentes:
2639 2335 2725 2388 alii
2749 2345 2924 2388 autem
2956 2331 3091 2387 adeo
3116 2338 3243 2385 sunt
3268 2329 3396 2384 vafri
3421 2338 3474 2384 ct
3497 2327 3676 2392 astuti,
3696 2335 3752 2381 ut

2175 2430 2228 2482 in
2255 2428 2383 2498 ipsis
2404 2427 2581 2482 verbis
2624 2425 3015 2496 improbitatem
3045 2425 3294 2494 obtegant
3313 2464 3328 2489 ,
3361 2421 3676 2491 fraudesque
3701 2430 3754 2475 et

2174 2518 2392 2575 insidias
2417 2525 2744 2573 construant.
2763 2515 2954 2570 Judica
2970 2514 3108 2580 illos,
3131 2514 3263 2569 Deus
3280 2557 3295 2579 ,
3324 2512 3553 2567 excidant
3571 2529 3601 2564 a
3619 2513 3756 2580 cogi-

2177 2610 2446 2666 tationibus
2483 2611 2607 2664 suis.
2641 2608 2773 2664 Vide
2799 2608 2887 2664 hic
2913 2608 3072 2663 etiam
3098 2622 3257 2675 quam
3288 2605 3356 2661 sit
3396 2605 3541 2675 mitis
3565 2605 3755 2658 oratiu.

2174 2702 2292 2758 Non
2320 2702 2463 2757 enim
2493 2700 2626 2755 dixit
2651 2716 2664 2752 :
2698 2698 2850 2761 Puni,
2879 2697 2995 2763 sed,
3020 2694 3210 2749 Judica
3234 2710 3339 2761 eos,
3359 2703 3415 2749 et
3449 2693 3532 2747 fac
3557 2700 3615 2747 ut
3644 2706 3759 2746 ces-

2176 2802 2300 2851 sent
2326 2807 2358 2848 a
2386 2792 2545 2857 vitio;
2587 2789 2668 2846 fac
2709 2799 2768 2844 ut
2809 2789 2917 2843 sint
2954 2788 3101 2843 irrita
3132 2802 3313 2842 eorum
3336 2784 3587 2850 consilia,
3613 2780 3757 2852 quod

2179 2887 2338 2942 etiam
2366 2900 2460 2956 pro
2489 2883 2618 2954 ipsis
2643 2892 2724 2938 est
2751 2897 2933 2941 orare.
2969 2891 3027 2934 ut
3070 2894 3175 2934 non
3217 2878 3349 2933 ultra
3393 2876 3762 2947 progrediatur

2180 2992 2366 3033 eorum
2387 2974 2717 3045 improbitas.
2745 2971 3041 3028 Secundum
3063 2969 3430 3024 multitudinem
3451 2968 3764 3037 impietatum

2181 3083 2358 3124 eorum
2387 3066 2582 3138 expelle
2622 3080 2705 3119 eos
2727 3105 2743 3131 ,
2783 3063 3020 3132 quoniam
3063 3062 3380 3117 irritaverant
3419 3070 3485 3126 te,
3527 3058 3761 3113 Domine.

2182 3159 2296 3214 iloc
2323 3166 2424 3226 est,
2452 3157 2565 3212 Non
2595 3164 2718 3210 sunt
2744 3155 2874 3209 mihi
2892 3169 3034 3208 curae
3055 3168 3118 3208 ea
3141 3168 3260 3222 qua:
3288 3151 3415 3206 mibi
3439 3149 3575 3205 facta
3601 3158 3761 3203 sunt:

2183 3251 2279 3306 sed
2309 3251 2464 3307 doleo
2497 3256 2717 3319 propter
2741 3262 2802 3301 ea
2827 3262 2945 3317 qua:
2974 3245 3066 3301 tibi
3095 3244 3350 3299 fecerunt.
3380 3243 3491 3297 iioc
3519 3251 3598 3295 est
3621 3242 3764 3295 enim

2184 3344 2235 3398 in
2280 3342 2462 3413 primis
2507 3340 2579 3413 pii
2624 3348 2678 3395 et
2716 3338 2969 3409 sapientis
3009 3336 3204 3401 animi,
3233 3350 3356 3390 suas
3383 3333 3593 3405 quidem
3620 3332 3768 3386 nolle

2184 3433 2401 3499 ulcisci,
2429 3432 2524 3487 sed
2556 3431 2646 3486 Dei
2676 3430 2894 3499 injurias
2921 3428 3268 3482 vehementer
3304 3425 3568 3495 persequi.
3613 3423 3763 3477 Multi

2185 3527 2384 3583 faciunt
2408 3525 2491 3580 bis
2511 3525 2795 3587 contraria,
2825 3537 2941 3593 qua:
2972 3521 3022 3575 in
3054 3521 3219 3574 Deum
3248 3518 3462 3588 quidem
3485 3514 3619 3570 facta
3642 3524 3765 3569 sunt

2186 3625 2607 3682 contemnentes,
2630 3631 2750 3687 qum
2777 3614 2830 3668 in
2852 3629 2910 3668 se
2937 3623 3110 3667 autem
3138 3618 3348 3681 peccata
3370 3608 3626 3662 acerrime
3652 3607 3767 3660 vin-

2189 3713 2446 3767 dicantes.
2475 3710 2545 3765 At
2569 3724 2673 3764 non
2701 3707 2778 3762 sic
2805 3707 2991 3772 sancti,
3018 3703 3111 3761 sed
3133 3718 3317 3759 eorum
3342 3701 3551 3772 quidem
3574 3717 3692 3769 qn:e
3714 3699 3766 3753 in

2190 3805 2353 3859 Deum
2382 3801 2594 3864 fiebant,
2618 3808 2770 3855 erant
2795 3797 3041 3854 acerrimi
3063 3794 3328 3861 vindices;
3354 3808 3474 3863 qua:
3503 3792 3555 3846 in
3585 3805 3644 3847 se
3668 3805 3766 3844 au-

2192 3904 2297 3950 tem
2314 3937 2328 3957 ,
2361 3895 2711 3964 negiigcbant.

2263 3986 2464 4040 Lwtitia
2510 4000 2574 4038 ea:
2619 3982 2727 4037 Deo
2766 3982 2935 4052 ﬁrma.
2964 4009 3037 4021 ——
3064 3978 3151 4035 l2.
3182 3995 3203 4031 ι
3237 3973 3304 4030 Et
3338 3974 3568 4030 [tutentur
3601 3987 3773 4027 annm

2191 4079 2277 4148 qui
2300 4085 2503 4148 sperant
2527 4077 2580 4129 in
2609 4084 2675 4128 te.
2705 4092 2725 4126 ι
2762 4073 2890 4129 Vide
2916 4075 3117 4127 lucrum
3143 4070 3418 4125 orationis.
3463 4068 3528 4123 Et
3553 4068 3626 4121 illi
3654 4080 3770 4120 rne-

2194 4170 2354 4224 iiores
2383 4166 2625 4227 evadent.
2651 4174 2705 4220 et
2726 4163 2985 4219 desistent
3004 4179 3033 4217 a
3058 4162 3229 4227 vitiis;
3262 4170 3315 4215 et
3344 4159 3430 4213 alii
3466 4172 3653 4228 magna
3673 4173 3772 4209 vo-

2198 4263 2394 4331 luptate
2422 4258 2735 4320 aflicientur,
2764 4254 3002 4310 videntes
3022 4255 3228 4308 illorum
3251 4228 3614 4312 mutationem,
3637 4256 3689 4301 ct
3705 4247 3772 4301 ad

2197 4355 2248 4409 id
2273 4351 2412 4423 quod
2439 4361 2521 4405 est
2547 4348 2739 4404 melius
2767 4346 3167 4401 conversionem
3193 4384 3207 4408 ,
3238 4351 3293 4397 et
3317 4341 3448 4397 alios
3477 4354 3538 4394 ea
3568 4338 3775 4393 ratione

2198 4445 2313 4501 fieri
2339 4443 2608 4498 meliores.
2641 4439 2667 4492 Ι
2676 4457 2707 4492 ιι
2728 4448 2972 4493 wternum
2998 4432 3345 4499 exsultabant,
3380 4430 3425 4483 ei
3453 4428 3695 4482 habitabit
3720 4429 3776 4480 in

2198 4538 2288 4592 eis.
2321 4536 2433 4590 Hoc
2468 4541 2549 4587 est
2587 4531 2727 4586 enim
2768 4529 2995 4582 maxime
3019 4524 3266 4596 gaudium
3296 4531 3638 4593 perpetuum;
3673 4520 3775 4573 alia

2120 4680 2127 4689 ,
2199 4626 2339 4683 enim
2383 4623 2572 4696 gaudia
2610 4620 2777 4675 nihilo
2816 4624 2941 4673 sunt
2985 4615 3256 4670 stabiliora
3303 4628 3458 4681 quam
3497 4610 3776 4664 ﬂuviorum

2199 4719 2419 4779 ﬂuenta,
2447 4731 2565 4787 qua:
2592 4713 2749 4770 simul
2770 4726 2833 4767 ac
2858 4709 3102 4765 videntur
3127 4705 3522 4776 praeterﬂuunt;
3550 4719 3669 4770 qua:
3688 4709 3773 4756 est

2201 4823 2377 4869 autem
2406 4825 2471 4866 ex
2500 4810 2607 4864 Deo
2632 4805 2834 4872 laetitia,
2864 4812 3076 4865 manet,
3107 4799 3375 4867 (imisque
3398 4797 3561 4849 haeret
3585 4791 3780 4847 radici-

2203 4906 2323 4969 bus,
2347 4912 2399 4957 et
2422 4910 2505 4956 est
2522 4898 2792 4955 sufficiens
2812 4937 2826 4959 ,
2857 4902 3113 4964 perpetua
3143 4905 3206 4945 ac
3230 4887 3454 4950 stabilis,
3479 4899 3595 4954 qua:
3620 4881 3782 4939 nullis

2205 4992 2488 5064 inopinatis
2517 5004 2579 5044 ac
2605 4983 2981 5055 inexspectatis
3003 4981 3212 5035 casibus
3238 4978 3653 5044 interrumpitur.
3680 4970 3782 5027 sed

2207 5063 2307 5155 per
2336 5099 2400 5139 ea
2436 5096 2553 5151 quae
2594 5078 2875 5148 prohibent
2911 5073 3081 5140 major
3114 5080 3170 5125 et
3202 5067 3479 5123 sublimior
3518 5063 3778 5119 redditur.

2205 5152 2336 5235 Nam
2377 5184 2430 5228 et
2462 5170 2682 5240 apostoli
2710 5166 2929 5237 ﬂagellis
2961 5160 3316 5223 credebantur,
3358 5163 3413 5211 et
3443 5152 3777 5225 gaudebant;

2207 5282 2259 5326 et
2279 5268 2476 5325 Paulus
2502 5260 2854 5333 afﬂigebatur,
2884 5267 2937 5313 ct
2962 5253 3261 5311 exsultabat
3288 5269 3302 5304 :
3332 5249 3615 5304 moriturus
3641 5253 3783 5308 erat,

2208 5376 2262 5420 et
2297 5360 2471 5432 gaudii
2510 5355 2793 5427 participes
2817 5349 3132 5421 appellabat,
3155 5345 3339 5400 dicens
3370 5361 3384 5396 :
3417 5339 3521 5396 Sed
3541 5338 3631 5392 etsi
3653 5336 3775 5390 deli-

2211 5456 2299 5510 bor
2325 5462 2530 5523 propter
2559 5445 2866 5514 sacri/icium
2884 5451 2932 5496 et
2957 5437 3285 5495 ministerium
3306 5433 3423 5503 ﬁdei
3442 5440 3635 5492 vestra,
3663 5441 3773 5497 gate

2210 5549 2305 5602 deo
2325 5518 2378 5600 et
2408 5518 2632 5598 colla’tor
2657 5554 2770 5592 cum
2789 5535 2924 5590 vobis
2950 5531 3197 5586 omnibus.
3228 5525 3253 5580 Ι
3263 5525 3413 5578 tidem
3442 5538 3526 5574 vos
3551 5518 3783 5590 gaudete,

2211 5650 2256 5695 et
2280 5652 2473 5692 mecum
2492 5628 2815 5688 collmtamini
2841 5623 3097 5695 (Philipp.
3127 5619 3181 5673 9..
3209 5618 3294 5672 l7.
3319 5617 3429 5684 ‘18).
3459 5613 3589 5665 Ctun
3614 5609 3676 5663 iis
3696 5609 3787 5676 qui

2276 5728 2350 5789 (α)
2384 5720 2764 5789 Μοεδθρθιῖεηάί
2782 5728 2979 5789 σοι-,νοτε
2995 5703 3790 5789 ᾁβξαρςξοιιξπξιξξὶξξὶξ.τὲξὲιξέξξξ

2212 5761 2350 5863 ξψδῖ
2361 5761 2764 5863 aﬁifailiiiiéiié;
3065 5772 3190 5836 apud
3223 5771 3551 5821 Athenienses
3571 5761 3791 5824 aliosque

2216 5858 2267 5904 in
2284 5863 2373 5903 usu
2397 5858 2520 5900 erat.
