4074 6356
268 365 345 427 67
1415 357 1781 421 EXPOSI'I‘IO
1818 355 1886 415 IN
1924 357 2248 416 PSALMUM
2278 354 2340 414 ν.
2775 349 2780 358 ’
3457 351 3526 410 GP

274 483 684 561 σωθῆναιάῦτη
721 489 1012 562 εισήγαγεν
1039 504 1055 523 ·
1103 486 1412 561 ἀπέστρεψε
1443 487 1662 550 κακίας,
1705 484 1848 555 ἐχει-

268 572 574 644 ρατώγησε
612 575 750 645 πρὸς
778 576 1014 649 ἀρετήν’
1047 573 1288 648 χρηστὰς
1329 573 1604 644 ὐπέφηνεν
1637 569 1854 632 ἐλπίδας

275 657 375 710 καὶ
400 658 512 720 τοῖς
556 657 616 710 ἐν
659 658 895 730 πονηρίᾳ
936 659 1127 725 ζῶσιν,
1170 659 1224 712 εί
1256 675 1321 728 γε
1353 655 1651 728 βουληθῶσι
1687 671 1853 725 μετα-

276 737 564 810 ϐληθῆναι,
615 740 692 806 ὡς
735 741 886 798 ἐλέου
926 743 1242 814 δυναμένοις
1278 744 1460 813 τυχείν
1489 756 1504 772 ο
1539 739 1731 811 τρέπει
1763 737 1854 792 τὸν

273 819 436 890 λόγον
459 824 774 896 είς-αἴτησιν
797 825 978 880 λοιπὸν
998 827 1292 894 λέγουσαν·
1325 827 1522 894 Κύριε,
1548 821 1856 893 όδήγησόν

268 923 355 975 με
381 906 450 960 ἐν
475 906 552 976 τῇ
585 907 938 979 δικαιοσύνῃ
973 927 1093 965 σου
1113 926 1127 943 ·
1168 909 1258 965 διὰ
1290 911 1490 963 τούτων
1524 905 1854 964 παιδεύουσα

273 991 373 1041 τὸν
423 991 698 1063 ἀκροατὴν
743 993 1006 1065 πρότερον
1051 995 1253 1065 ὕμνους
1303 995 1594 1066 ἀναφέρειν
1637 993 1717 1056 είς
1765 991 1855 1045 τὸν

275 1073 434 1134 Θεὸν,
467 1075 559 1126 καὶ
590 1076 930 1148 εὐχαριστεῖν
958 1080 1042 1147 ἐφ’
1071 1075 1153 1142 οἷς
1195 1074 1254 1132 εὖ
1297 1077 1529 1132 πέπονθε
1553 1092 1567 1106 ⁸
1613 1075 1709 1129 καὶ
1733 1075 1854 1128 τότε

277 1154 426 1227 ᾶπερ
453 1156 699 1226 βούλεται
729 1159 919 1224 αἰτεῖν,
951 1160 1042 1216 καὶ
1073 1161 1234 1214 πάλιν
1261 1160 1626 1232 εὐχαριστεῖν,
1662 1158 1750 1227 ἐφ’
1775 1151 1858 1219 οἷς

278 1237 353 1290 ἂν
392 1239 564 1294 λάϐοι.
608 1239 748 1294 Ἀλλ’
778 1243 975 1314 ἴδωμεν
1020 1244 1115 1297 καὶ
1143 1244 1264 1300 τίνα
1297 1243 1444 1297 ἐστὶν
1486 1242 1521 1297 ἀ
1550 1243 1712 1296 αίτεῖ.
1762 1239 1854 1311 Μὴ

277 1326 393 1395 γάρ
419 1341 472 1376 τι
501 1324 784 1394 βιωτικόν;
822 1329 968 1399 μήτι
999 1328 1294 1400 ἐπίκηρονξ
1327 1329 1399 1399 μή
1434 1344 1486 1380 τι
1510 1325 1619 1379 τῶν
1641 1326 1855 1398 παραρ-

281 1408 552 1475 ῥεόντωη
607 1409 699 1476 Μὴ
755 1411 884 1482 περὶ
933 1407 1164 1464 πλούτου
1212 1410 1554 1478 διαλέγεται;
1605 1409 1679 1480 μὴ
1725 1407 1856 1480 περὶ

275 1491 492 1559 δόξης;
563 1492 634 1563 μὴ
683 1495 809 1564 περὶ
851 1495 1216 1560 δυναστείας;
1293 1493 1366 1565 μὴ
1415 1494 1540 1565 περὶ
1589 1491 1855 1562 τιμωρίας

279 1573 522 1644 ἐχθρῶνς
553 1575 714 1630 Οὐδὲν
741 1576 965 1630 τούτων.
1007 1577 1168 1630 ’Λλλά
1193 1577 1280 1642 τί;
1321 1578 1517 1644 Κύριε,
1549 1574 1858 1644 όδήγησόν

275 1675 357 1728 με
383 1658 454 1710 ὲν
480 1657 554 1726 τῇ
581 1660 938 1729 δικαιοσύνῃ
967 1678 1085 1716 σου
1106 1661 1282 1716 ἕνεκα
1313 1661 1433 1714 τῶν
1465 1658 1694 1728 ἐχθρῶν
1712 1674 1852 1728 μου.

294 1741 459 1812 Ὁρᾷς
484 1743 600 1806 πῶς
627 1744 778 1797 οὐδὲν
805 1745 1069 1816 ἐπίκηρον
1101 1747 1261 1811 αίτεῖ,
1293 1745 1388 1800 καὶ
1420 1743 1537 1808 πῶς
1565 1744 1734 1796 δεῖται
1759 1741 1860 1813 τῆς

277 1827 489 1881 ἄνωθεν
537 1829 884 1900 συμμαχίας
932 1829 997 1885 Οί
1038 1829 1146 1902 γάρ
1188 1829 1392 1901 ταύτην
1437 1829 1714 1890 ὁδεύοντες
1758 1827 1858 1897 τὴν

276 1909 419 1972 ἐᾶν,
445 1911 658 1982 ἐκείνης
684 1913 916 1982 μάλιστα
940 1913 1144 1968 δέονται
1167 1913 1266 1984 τῆς
1293 1914 1480 1985 ῥοπῆς,
1507 1910 1857 1980 Δικαιοσύνην

277 1994 337 2045 δὲ
369 1994 600 2048 ἐνταῦθα
625 1996 726 2064 τὴν
756 1997 1047 2068 καθολικὴν
1088 2013 1252 2067 φησιν
1292 1997 1512 2066 ἀρετήν.
1548 1996 1655 2048 Καὶ
1682 1993 1858 2058 καλῶς

279 2073 458 2143 εἶπεν,
499 2079 603 2134 Ἐν
629 2077 703 2147 τῇ
730 2079 1084 2150 δικαιοσύνῃ
1128 2098 1266 2136 σου.
1310 2081 1464 2134 Ἐστι
1492 2079 1598 2149 γὰρ
1625 2079 1718 2133 καὶ
1764 2079 1860 2131 ἀν-

277 2161 522 2231 θρώπων
565 2162 902 2235 δικαιοσύνη,
943 2165 976 2236 ἡ
1015 2163 1123 2218 ἀπὸ
1150 2165 1258 2218 τῶν
1285 2163 1464 2234 νόμων
1503 2162 1611 2216 τῶν
1636 2161 1854 2228 ἔξωθεν,

279 2246 401 2299 ἀλλ’
435 2247 676 2318 εὐτελὴς,
707 2248 804 2302 καὶ
831 2249 931 2302 οὐκ
972 2247 1171 2319 ἔχουσα
1217 2247 1279 2301 τὸ
1318 2246 1525 2300 τέλειον
1554 2246 1648 2300 καὶ
1677 2246 1860 2315 ἀπηρ-

277 2331 558 2401 τισμένου,
587 2331 682 2384 καὶ
728 2330 785 2397 ἐξ
815 2331 1168 2404 ἀνθρωπίνων
1202 2329 1531 2401 συγκειμένη
1560 2328 1855 2399 λογισμῶν.

293 2413 441 2480 Ἐγὼ
479 2415 539 2468 δέ
580 2415 682 2484 τὴν
730 2415 831 2486 σὴν
875 2416 1010 2469 αίτῶ
1057 2409 1435 2486 δικαιοσύνην,
1479 2414 1582 2485 τὴν
1612 2412 1720 2466 ἀπὸ
1763 2411 1858 2466 σοῦ

281 2499 776 2569 κατενηνεγμένην,
807 2499 908 2570 τὴν
926 2501 1006 2562 είς
1034 2497 1124 2552 τὸν
1143 2498 1369 2569 οὐρανὸν
1391 2493 1856 2569 χειραγωγοῦσαν,

279 2583 382 2635 καὶ
431 2583 529 2652 τὴν
572 2582 923 2654 συμμαχίαν,
974 2583 1114 2637 ὥστε
1147 2583 1352 2654 ταύτην
1395 2580 1732 2636 ἐπισπᾶσθαι
1761 2579 1860 2652 τὴν

277 2665 636 2736 δικαιοσύνην
657 2678 706 2722 ι.

362 2847 425 2895 ε’.
452 2839 649 2904 Καλῶς
676 2840 731 2894 δέ
765 2835 884 2895 εἷπε
914 2842 1008 2896 κοιλ¹
1043 2841 1125 2904 τὸ,
1154 2840 1500 2912 Ὀδήγησον.
1533 2841 1682 2906 Ὀδὸς
1701 2841 1810 2914 γάρ
1835 2843 1862 2896 δ

287 2923 480 2995 παρὼν
529 2923 660 2996 βίος,
695 2924 944 2993 δεόμενος
973 2925 1074 2994 τῆς
1121 2923 1324 2978 ἀνωθεν
1369 2925 1752 2995 χειραγωγίας.
1798 2926 1862 2978 Ei

286 3009 400 3078 γὰρ
425 3011 502 3072 είς
529 3007 682 3060 πόλιν
714 3007 998 3079 μέλλοντες
1021 3009 1270 3074 εἰσιέναι,
1298 3009 1527 3080 δεόμεθα
1553 3009 1647 3062 τοῦ
1673 3008 1861 3080 γνωρί-

287 3091 473 3157 ζοντος
499 3095 632 3163 ἡμῖν
665 3093 763 3162 τὴν
789 3093 937 3146 ὁδόνο
970 3091 1147 3164 πολλῷ
1179 3092 1376 3163 μᾶλλον
1408 3094 1489 3156 είς
1514 3091 1604 3146 τὸν
1636 3092 1863 3166 οὐρανὸν

288 3177 591 3246 ἀποδημεῖν
619 3175 947 3246 μέλλοντες,
969 3176 1159 3248 χρείαν
1185 3175 1381 3246 ἔχομεν
1412 3175 1512 3245 τῆς
1537 3176 1740 3231 ἀνωθεν
1775 3178 1865 3249 ῥο-

290 3259 421 3326 πῆς,
459 3257 546 3312 ἴνα
591 3258 686 3312 καὶ
733 3257 883 3331 δείξῃ
915 3258 1010 3314 καὶ
1040 3259 1267 3331 στηρίξῃ
1306 3257 1400 3312 καὶ
1434 3259 1822 3330 χειραγωγήσῃ
1845 3273 1861 3289 ·

288 3343 486 3397 πολλαὶ
517 3341 628 3412 γάρ
655 3343 890 3412 ἀτραποὶ
926 3343 982 3398 αἱ
1015 3339 1396 3411 ἐκτρέπουσαι.
1427 3341 1524 3395 Διά
1546 3341 1704 3395 τοῦτο
1730 3341 1868 3412 ἐχώ-

292 3426 435 3497 μεθα
463 3426 564 3495 τῆς
588 3425 769 3491 δεξιᾶς
797 3425 892 3479 τοῦ
921 3423 1078 3480 Θεοῦ.
1097 3423 1324 3478 Ἕνεκα
1345 3420 1464 3476 τῶν
1481 3423 1710 3495 ἐχθρῶν
1725 3442 1863 3497 μου.

293 3510 485 3564 Πολλοὶ
511 3509 886 3580 ἐπανέστησαν
903 3510 953 3576 ι’,
982 3510 1134 3580 φησὶ,
1157 3508 1406 3580 πολέμιοι
1434 3509 1742 3582 βουλόμενοί
1761 3527 1861 3580 μου

293 3593 656 3664 παρεκκλῐναι
685 3592 755 3646 τά
792 3593 1122 3663 διαδήματα,
1156 3592 1250 3647 καὶ
1285 3592 1574 3665 πλανῆσαι,
1607 3596 1698 3648 καὶ
1727 3595 1866 3666 πρὸς

293 3678 491 3749 ἑτέραν
515 3678 636 3731 ὁδὸν
655 3680 901 3746 ἀγαγεῖν.
936 3679 1086 3731 Ἐπεὶ
1109 3673 1200 3732 οὗν
1219 3678 1462 3733 τοιαῦται
1483 3682 1538 3733 αί
1563 3680 1865 3742 ἐπιϐουλαὶ,

287 3759 538 3816 τοιαῦται
565 3761 622 3814 αί
645 3760 839 3830 ἔφοδοι,
870 3761 1131 3831 όδήγησόν
1157 3779 1224 3831 με
1247 3762 1427 3826 αύτός.
1450 3763 1564 3832 Τῆς
1589 3764 1696 3834 γὰρ
1717 3763 1868 3835 παρὰ

293 3843 388 3897 σοῦ
411 3842 600 3915 χρείαν
623 3843 730 3913 ἔχω
761 3845 1094 3914 συμμαχίας.
1138 3843 1297 3898 Ἀλλά
1316 3845 1377 3899 τὸ
1399 3845 1498 3916 μὲν
1517 3845 1865 3916 ὁδηγηθῆναι,

292 3927 459 3980 αὐτοῦ
483 3925 690 3995 γίνεται
709 3943 723 3957 ο
756 3926 818 3980 τὸ
847 3927 903 3980 δὲ
929 3926 1076 3991 ἄξιον
1106 3923 1244 3981 εἶναι
1274 3926 1368 3981 τοῦ
1399 3928 1734 3999 κρατηθῆναι
1766 3928 1870 3982 ὑπὸ

289 4011 392 4081 τῆς
418 4010 599 4080 χειρὸς
630 4009 866 4080 ἐκείνης,
898 4009 998 4080 τῆς
1031 4010 1304 4081 ἡμετέρας
1345 4011 1582 4080 γενέσθω
1613 4011 1868 4082 σπουδῆς.

296 4091 398 4144 ‘Av
425 4092 534 4162 γὰρ
562 4088 629 4164 ᾖς
654 4092 980 4165 ἀκάθαρτος,
1009 4094 1071 4147 ού
1095 4093 1314 4165 κατέχει
1341 4111 1399 4147 σε
1431 4095 1462 4165 ἡ
1498 4094 1618 4165 χεὶρ
1649 4094 1830 4164 ἐκείνη
1852 4109 1866 4123 ·

293 4173 362 4228 ἂν
385 4170 452 4248 ᾖς
479 4175 825 4245 πλεονέκτης,
868 4176 934 4228 ἂν
964 4175 1157 4246 ἑτέραν
1183 4176 1304 4229 τινὰ
1337 4175 1526 4247 κηλῖδα
1554 4176 1711 4246 ἔχων.
1757 4179 1872 4230 Κα-

292 4259 589 4311 τεύθυνον
627 4257 883 4312 ἐνώπιόν
918 4273 1033 4312 σου
1066 4258 1180 4327 τὴν
1226 4258 1370 4312 ὀδόν
1402 4276 1518 4326 μου
1540 4275 1554 4288 ·
1603 4259 1870 4321 τουτέστι,

292 4339 464 4409 δήλην
506 4357 595 4409 μοι
628 4341 870 4410 ποίησον,
906 4341 1083 4411 σαφῆ,
1132 4341 1416 4411 γνωρίμην
1445 4357 1462 4374 ο
1505 4340 1870 4412 ὀρθοτόμησον

295 4422 470 4493 αυτὴν
514 4423 646 4494 παρ’
694 4423 838 4494 ἐμοί.
891 4421 1119 4495 Ἕτερος
1179 4424 1237 4477 δὲ
1286 4422 1628 4495 ἑρμηνευτὴς
1672 4424 1824 4476 εἶπεν
1850 4436 1867 4453 ⁸

309 4506 640 4576 Ὀμάλισον
670 4506 1012 4577 ἔμπροσθέν
1035 4525 1159 4576 μου
1201 4505 1318 4574 τὴν
1360 4505 1504 4560 ὀδόν
1539 4521 1658 4560 σου
1682 4521 1697 4537 ⁸
1747 4524 1871 4560 του-

297 4591 469 4653 τέστι,
510 4590 700 4660 ῥᾳδίαν
729 4589 972 4661 ποίησον.
1011 4589 1252 4646 εὔκολον.
1292 4591 1413 4643 Ὅτι
1445 4591 1558 4644 οὐκ
1594 4588 1770 4644 ἐστιν
1803 4589 1874 4643 ἐν

297 4673 382 4740 τῷ
405 4675 654 4744 στόματι
681 4673 879 4728 αὐτῶν
909 4673 1184 4743 ἀλήθεια,
1218 4675 1256 4743 ἠ
1286 4673 1498 4742 καρδία
1530 4671 1731 4729 αὐτῶν
1756 4690 1873 4742 μα-

301 4759 458 4812 ταία.
501 4757 654 4828 Ἐμοὶ
678 4757 826 4811 δοκεῖ
859 4757 953 4811 καὶ
979 4756 1108 4828 περὶ
1147 4756 1255 4810 τῶν
1285 4758 1342 4810 ὲν
1375 4757 1550 4829 πλάνῃ
1580 4755 1874 4826 διαγόντων

301 4841 474 4895 ταῦτα
508 4841 712 4910 λέγειν,
745 4841 808 4894 τό
826 4859 884 4894 τε
913 4841 1088 4912 στόμα
1105 4839 1484 4904 διαὸἀλλουσα,
1511 4839 1625 4913 [56]
1647 4842 1738 4894 καὶ
1772 4843 1873 4911 τὴν

301 4925 540 4978 διάνοιαν
570 4923 646 4988 ώς
680 4925 894 4996 ἐρήμην
925 4924 1128 4988 παντὸς
1173 4924 1378 4991 ἀγαθοῦ
1403 4941 1416 4956 ο
1471 4927 1565 4979 καὶ
1608 4924 1736 4995 περὶ
1763 4923 1872 4976 τῶν

301 5011 360 5062 ἐν
388 5008 622 5081 πονηρίᾳ
659 5005 894 5073 ζώντων.
947 5007 1137 5080 Τάφος
1173 5009 1545 5078 ἀνεῳγμένος
1580 5011 1614 5063 ὀ
1641 5007 1873 5081 λάρυγξ

301 5090 522 5144 αὐτῶν.
557 5092 717 5144 Ἤτοι
745 5092 806 5144 τὸ
831 5092 1046 5160 φονικὸν
1076 5091 1306 5146 ἐνταῦθα
1333 5093 1503 5160 λέγει,
1547 5092 1581 5163 ἢ
1619 5091 1679 5144 τὸ
1705 5091 1873 5162 νεκρά

301 5174 685 5244 προσφέρεινο
746 5173 1028 5245 δόγματα,
1076 5176 1172 5227 καὶ
1218 5173 1451 5245 δυσώδη.
1519 5175 1631 5228 Οὐκ
1680 5175 1746 5229 ἀν
1791 5193 1875 5238 τις

302 5257 541 5326 ἁμάρτοι
564 5299 578 5321 ,
629 5258 725 5310 καὶ
759 5257 870 5310 τῶν
898 5258 1098 5328 αἰσχρά
1131 5257 1516 5328 φθεγγομένων
1563 5259 1780 5329 ῥήματα
1805 5257 1876 5311 τά

303 5341 545 5410 στόματα
566 5339 710 5394 οὕτω
735 5340 990 5404 καλέσας,
1017 5341 1185 5410 τάφον
1209 5341 1570 5412 ἀνεῳγμένον.
1603 5340 1743 5394 Πολὺ
1767 5342 1875 5413 γὰρ

363 5543 393 5570 ⁸
435 5543 558 5596 Reg.
595 5542 778 5609 31611:»
831 5540 1182 5592 ἐπισπάσασθαι
1233 5544 1318 5602 τὴν
1370 5543 1594 5606 φυλακήν.
1645 5544 1739 5593 Καὶ
1789 5561 1877 5593 κα-

303 5606 417 5666 λῶς.
441 5606 621 5666 caetera
656 5611 711 5653 ιιι
733 5608 782 5653 ιιι
799 5617 934 5653 num.
970 5617 1076 5666 seq.

368 5663 396 5703 δ
417 5665 497 5714 Sic
527 5669 648 5728 Reg.
675 5668 856 5717 mulius
884 5679 1028 5728 quam
1047 5663 1372 5728 'wve’atnam,
1405 5672 1458 5715 ut
1481 5666 1532 5715 in
1564 5668 1699 5729 prius
1724 5667 1880 5718 Ειίὶιίε

302 5729 582 5788 ισὶεώδιυιν.

368 5795 391 5822 τ
422 5792 542 5852 Reg.
567 5789 830 5852 προφέρειν.
847 5788 940 5837 Alii
968 5790 1262 5851 προσφέρειν.

627 5902 900 5967 Ριτιιοι..
938 5900 1057 5961 Gn.
1103 5900 1227 5961 LV.

1957 481 2058 554 τῆς
2110 475 2375 553 αἰσθητῆς
2424 479 2686 546 δυσωδίας
2743 479 2927 552 ἐκείνη
2983 460 3368 550 χαλεπωτέρα,
3418 475 3528 530 ἀπὸ

1955 565 2245 637 σηπεδόνος
2269 564 2562 637 τικτομένη
2585 564 2794 636 ψυχῆςο
2838 561 3067 619 καὶτῶν
3095 559 3430 616 πλεονεκτῶν
3457 558 3527 612 τά

1953 657 2195 728 στόματα
2217 656 2464 720 τοιαῦτα,
2486 657 2612 718 ὅταν
2643 655 2806 728 μηδὲν
2827 655 2978 724 ὑγιὲς
3000 653 3366 724 προφέρωσιν,
3390 650 3526 705 ἀλλά

1952 743 2146 812 φόνους
2173 742 2266 796 καὶ
2292 741 2567 814 ἁρπαγάς.
2616 740 2708 812 Μὴ
2736 739 2916 794 τοίνυν
2945 739 3086 791 έστω
3111 736 3285 806 τάφος
3309 734 3370 789 τὸ
3411 733 3530 788 στόο

1955 844 2033 898 μα
2066 842 2180 891 σου,
2205 825 2340 880 ἀλλά
2368 825 2658 898 θησαυρός.
2693 825 2835 879 Πολὺ
2862 823 2970 895 γὰρ
2993 823 3044 876 οἱ
3069 819 3330 894 θησαυροὶ
3360 819 3534 890 διενη-

1951 911 2142 981 νόχασι
2173 910 2280 965 τῶν
2321 909 2530 978 τάφων,
2564 911 2648 963 ὅτι
2690 909 2886 963 ἐκεῖνοι
2927 906 3026 978 μὲν
3057 905 3368 976 φθείρουσιν
3391 903 3530 973 ὅπερ

1953 995 2020 1049 ἀν
2044 994 2303 1057 λάθωσιν,
2333 987 2476 1047 οὗτοι
2501 992 2559 1046 δέ
2583 990 2951 1064 διατηροῦσιν.
2989 989 3118 1058 Ἔχε
3145 989 3322 1042 τοίνυν
3349 987 3444 1041 καὶ
3463 986 3529 1039 σὺ

1958 1077 2183 1131 πλοῦτον
2211 1076 2526 1146 φιλοσοφίας
2567 1076 2655 1129 ἀεὶ
2685 1075 2946 1146 μένοντα,
2988 1071 3126 1125 ἀλλά
3161 1069 3238 1142 μὴ
3265 1067 3529 1123 δυσωδίαν

1954 1159 2072 1214 τινὰ
2095 1159 2189 1214 καὶ
2224 1159 2509 1230 σηπεδόνα.
2542 1159 2652 1213 Καὶ
2673 1159 2770 1228 οὐχ
2795 1155 2981 1221 ἁπλῶς
3008 1151 3151 1221 εἷπε,
3179 1154 3365 1221 τάφον,
3390 1151 3526 1216 ἀλλ’,

1952 1244 2316 1316 ἀνεῳγμένον,
2351 1243 2493 1299 ὥστε
2526 1244 2618 1298 καὶ
2666 1242 2888 1296 πλείονα
2928 1239 3166 1310 δηλῶσαι
3203 1237 3302 1307 τὴν
3341 1236 3529 1307 βδελυ-

1953 1329 2126 1399 γμίαν
2153 1327 2417 1398 γίνεσθαι.
2458 1325 2588 1380 Δέον
2627 1325 2736 1396 γὰρ
2779 1325 3044 1396 κρύπτειν
3075 1321 3146 1375 τά
3173 1319 3401 1374 τοιαῦτα
3427 1320 3528 1390 ῥή-

1956 1429 2125 1484 ματα,
2153 1414 2200 1465 οί
2227 1411 2284 1464 δέ
2313 1411 2406 1466 καὶ
2434 1410 2780 1481 ἐκφέρουσιν,
2813 1407 2955 1462 ὥστε
2993 1405 3194 1477 μᾶλλον
3227 1401 3406 1458 αὐτῶν
3433 1402 3532 1472 τὴν

1953 1496 2106 1550 νόσον
2131 1495 2518 1550 ἐνδείκνυσθαι.
2573 1494 2682 1548 Καὶ
2719 1493 2811 1546 ἐπὶ
2845 1493 2944 1564 μὲν
2972 1490 3079 1545 τῶν
3108 1488 3315 1561 νεκρῶν
3344 1486 3534 1556 σωμτίι⁶

1952 1595 2062 1634 των
2083 1573 2143 1634 τὸ
2172 1580 2410 1634 ἐναντίον
2442 1579 2743 1644 ποιοῦντες,
2763 1579 2830 1648 τῇ
2854 1579 2924 1648 γῇ
2953 1573 3345 1646 παραδίδομεν·
3386 1565 3533 1625 οὗτοι

1952 1661 2013 1716 δὲ
2042 1663 2135 1715 ἐπὶ
2164 1662 2273 1716 τῶν
2308 1663 2568 1733 ῥημάτων
2597 1660 2801 1716 τούτων
2823 1660 2883 1713 τὸ
2912 1658 3152 1713 ἐναντίον
3187 1655 3530 1728 ἐργάζονται,

1955 1745 2052 1799 καὶ
2080 1745 2110 1799 ὃ
2132 1745 2249 1798 δέον
2274 1743 2682 1817 κατακρύπτειν
2716 1743 2866 1798 κάτω
2897 1742 2955 1795 ἐν
2983 1741 3063 1812 τῷ
3095 1739 3248 1811 βάθει
3271 1739 3370 1809 τῆς
3393 1755 3522 1808 καρο

1953 1830 2072 1892 δίας
2100 1829 2194 1883 καὶ
2220 1829 2565 1899 ἀποπνίγειν,
2594 1828 2942 1900 ἐκφέροντες,
2975 1825 3072 1879 καὶ
3098 1823 3326 1887 πολλοὺς
3357 1839 3534 1892 παρα-

1956 1911 2303 1979 ϐλάπτοντες,
2337 1914 2431 1966 καλ⁵
2463 1913 2808 1986 προτιθέντες
2833 1911 2998 1963 πᾶσιν
3022 1910 3174 1980 όρᾷν.
3213 1906 3352 1960 Ἀλλ’
3371 1904 3535 1959 ἐλαύ-

1956 2013 2138 2067 νωμεν
2172 1997 2298 2060 τοὺς
2322 1996 2616 2062 τοιούτους,
2647 1993 2970 2065 παρακαλῶ.
3022 1993 3086 2047 El
3127 1990 3237 2062 γὰρ
3264 1989 3335 2043 τά
3365 1987 3536 2060 νεκρά

1958 2078 2184 2150 σώματα
2205 2078 2310 2144 ἔξω
2341 2079 2439 2150 τῆς
2471 2079 2681 2142 πόλεως
2715 2077 3159 2146 καταθάπτομεν,
3191 2071 3373 2144 πολλῷ
3403 2072 3536 2143 μᾶλ-

1950 2163 2048 2217 λον
2081 2163 2207 2227 τοὺς
2240 2162 2308 2216 τά
2337 2162 2505 2235 νεκρά
2535 2164 2776 2236 ῥήματα,
2806 2160 2902 2216 καὶ
2929 2161 3056 2224 τοὺς
3095 2159 3164 2212 τὰ
3193 2156 3419 2212 τοιαῦτα
3442 2157 3535 2210 ἐκ·

1957 2246 2258 2319 φέροντας,
2313 2247 2408 2300 καὶ
2456 2247 2577 2300 οὐδὲ
2624 2245 2917 2299 συσκιάσαι
2964 2241 3316 2314 βουλομένους
3347 2240 3535 2311 πόρῥω

1957 2347 2066 2384 που
2091 2329 2421 2393 κατοικίζειν
2446 2330 2551 2401 χρή
2570 2345 2586 2360 ο
2623 2328 2810 2402 ἐπειδὴ
2844 2328 2996 2400 κοινὴ
3023 2325 3123 2396 τῆς
3153 2325 3361 2387 πόλεως
3387 2322 3534 2392 λύμη

1955 2415 2026 2469 τά
2061 2413 2287 2469 τοιαῦτα
2332 2413 2578 2485 στόματά
2605 2415 2771 2467 ἐστιν.
2831 2413 2965 2480 Ταῖς
3005 2412 3311 2482 γλώσσαις
3337 2407 3537 2464 αὐτῶν

1955 2499 2339 2554 ἐδολιοῦσαν.
2371 2494 2525 2562 Εῐδες
2549 2498 2733 2569 ἕτερον
2757 2496 2956 2560 κακίας
2979 2491 3137 2558 εἶδος.
3173 2494 3236 2547 Οί
3262 2493 3361 2564 μὲν
3387 2493 3444 2545 ἐν
3467 2491 3535 2561 τῇ

1956 2582 2168 2654 διανοίᾳ
2200 2580 2647 2653 κατακρύπτουσι
2697 2581 2792 2634 τὸν
2820 2581 2990 2642 δόλον,
3043 2581 3263 2651 ῥήματα
3289 2575 3537 2648 προσηνῆ

1957 2667 2358 2738 προσφέροντες
2377 2681 2392 2697 ο
2419 2665 2470 2718 οί
2493 2664 2549 2718 δέ
2573 2662 2809 2736 τοσαύτῃ
2839 2663 3134 2735 κέχρηνται
3160 2665 3226 2732 τῇ
3251 2661 3536 2729 δεινότητι,

1956 2748 2031 2812 ώς
2053 2751 2109 2802 ἐν
2129 2751 2309 2814 αὐτοῖς
2327 2751 2438 2812 τοῖς
2459 2748 2665 2820 ῥήμασι
2689 2747 3002 2812 συσκιάςειν
3017 2745 3113 2816 τὴν
3134 2743 3418 2814 πονηρίαν,
3443 2740 3540 2794 καὶ

1959 2831 2188 2902 ῥάπτειν
2253 2831 2435 2894 δόλους
2480 2831 2575 2884 καὶ
2615 2829 2925 2894 ἐπιϐουλάς.
2969 2827 3186 2896 Κρῖνον
3231 2824 3476 2890 αὐτοὺς,
3505 2826 3540 2877 ὀ

1961 2916 2105 2981 Θεός
2119 2931 2133 2945 ·
2167 2912 2654 2968 ἁποπεσάτωσαν
2673 2913 2790 2966 ἀπὸ
2808 2910 2929 2964 τῶν
2945 2907 3298 2964 διαόωλιῶν
3317 2906 3536 2962 αὐτῶν.

1961 2995 2103 3068 Ὀρα
2118 2995 2400 3050 κάνταῦθα
2413 2995 2510 3066 τὴν
2530 2995 2844 3066 ἡμερότητα
2859 2995 2960 3064 τῆς
2978 2993 3159 3063 εὐχῆς.
3177 2993 3249 3047 Οὐ
3265 2991 3373 3063 γάρ
3394 2986 3537 3052 εἶπε,

1961 3079 2220 3144 Κόλοσον,
2235 3078 2392 3143 ἀλλὰ,
2415 3077 2636 3146 Κρῖνον
2664 3077 2906 3143 αὐτοὺς,
2925 3078 3018 3131 καὶ
3035 3075 3240 3130 παῦσον
3254 3075 3355 3146 τῆς
3374 3091 3541 3144 πονη-

1964 3163 2086 3234 ρίας
2111 3181 2124 3193 ·
2149 3163 2390 3235 ἀνήνυτα
2411 3162 2592 3215 αὐτῶν
2633 3161 2858 3231 ποίησον
2876 3161 2945 3214 τὰ
2968 3162 3362 3232 μηχανήματα·
3403 3161 3540 3232 ὅπερ

1960 3249 2056 3302 καὶ
2078 3249 2216 3319 ὑπὲρ
2237 3247 2415 3300 αὐτῶν
2437 3245 2690 3317 εὔχεσθαί
2713 3249 2847 3310 ἐστι,
2869 3245 2964 3298 τοῦ
2989 3245 3183 3316 μηκέτι
3201 3243 3447 3316 προϊέναι
3472 3244 3541 3298 τά

1961 3331 2063 3400 τῆς
2089 3331 2284 3394 κακίας
2317 3333 2522 3395 αὐτοῖς.
2553 3330 2714 3385 Κατὰ
2741 3330 2809 3384 τὸ
2843 3327 3075 3396 πλῆθος
3113 3328 3230 3382 τῶν
3253 3327 3542 3384 ἀσεϐειῶν

1957 3415 2162 3469 αὐτῶν
2203 3413 2439 3478 ἔξωσον
2478 3414 2702 3480 αὐτοὺς
2723 3455 2739 3480 ,
2795 3414 2886 3467 ὅτι
2941 3412 3398 3482 παρεπίκραναν
3434 3427 3539 3476 σε,

1963 3499 2160 3568 Κύριε.
2203 3498 2512 3564 Τουτέστιν,
2535 3496 2700 3554 Οὐδέν
2729 3514 2817 3569 μοι
2849 3495 3001 3568 μέλει
3025 3496 3132 3549 τῶν
3157 3497 3237 3559 είς
3265 3495 3366 3566 ἐμὲ
3390 3509 3543 3562 γενο-

1965 3582 2162 3653 μένων,
2188 3581 2301 3635 ἀλλ’
2328 3581 2470 3654 ὑπὲρ
2500 3581 2608 3634 τῶν
2636 3579 2744 3634 σῶν
2768 3578 2936 3648 ἀλγῶ.
2969 3580 3140 3634 Τοῦτο
3166 3578 3275 3651 γὰρ
3310 3578 3542 3650 μάλιστα

1965 3664 2255 3734 φιλοσόφου
2298 3664 2474 3734 ψυχῆς
2497 3703 2513 3730 ,
2549 3665 2690 3734 ὑπὲρ
2726 3664 2823 3734 μὲν
2853 3662 2964 3716 τῶν
2986 3663 3199 3716 οίκείων
3227 3661 3302 3732 μὴ
3340 3660 3544 3732 ἀμύνε-

1967 3747 2128 3810 σθαι,
2185 3747 2325 3818 ὑπὲρ
2385 3747 2443 3800 δὲ
2496 3747 2605 3800 τῶν
2663 3748 2743 3809 εἰς
2796 3746 2930 3800 Θεὸν
2973 3745 3275 3814 γινομένων
3341 3745 3544 3814 σφόδρα

1965 3831 2261 3896 ἐπεξιέναι.
2297 3829 2514 3884 Τούτων
2547 3830 2805 3884 τάναντία
2856 3828 3038 3882 πολλοὶ
3075 3826 3305 3889 ποιοῦσι,
3344 3828 3414 3882 τά
3445 3826 3544 3896 μὲν

1966 3914 2058 3967 τοῦ
2091 3913 2224 3966 Θεοῦ
2257 3914 2639 3984 παρορῶντες,
2687 3913 2754 3966 τά
2800 3912 2855 3966 δὲ
2903 3911 3110 3966 ἑαυτῶν
3163 3910 3300 3980 μετά
3344 3909 3545 3980 πολλῆς

1969 3997 2307 4062 ἐκδικοῦντες
2339 3998 2437 4068 τῆς
2471 3996 2845 4069 σφοδρότητος,
2891 3995 3004 4048 ἀλλ’
3034 3993 3132 4064 οὐχ
3179 3996 3225 4046 οί
3274 3994 3418 4064 ἆγιοι
3455 3993 3546 4048 οὔ·

1967 4096 2095 4143 τως,
2129 4079 2265 4133 ἀλλά
2295 4080 2515 4149 σφοδροὶ
2556 4081 2790 4150 τιμωροὶ
2829 4079 2938 4132 τῶν
2977 4078 3058 4140 εἰς
3089 4075 3220 4132 Θεὸν
3248 4075 3546 4147 γινομένων

1965 4160 2126 4236 ἦσαν,
2147 4163 2216 4216 τὰ
2240 4163 2296 4218 δὲ
2319 4163 2528 4217 ἑαυτῶν
2554 4162 2874 4234 παρεώρων.

2039 4279 2148 4334 Καὶ
2171 4280 2679 4349 εὐφρανθήτωσαν
2735 4283 2957 4347 πάντες
2981 4283 3036 4336 οί
3061 4277 3402 4344 ἐλπίζοντες
3447 4278 3547 4332 ἐπὶ

1967 4362 2063 4419 σέ.
2090 4364 2230 4433 Ὅρα
2273 4363 2372 4430 τῆς
2425 4363 2591 4433 εὐχῆς
2639 4365 2700 4417 τὸ
2746 4363 2953 4433 κέρδος.
3003 4363 3259 4418 Κάκεῖνοι
3306 4361 3547 4434 βελτίους

1969 4445 2182 4499 ἔσονται
2203 4487 2217 4510 ,
2269 4445 2366 4498 καὶ
2417 4448 2702 4517 στήσονται
2747 4448 2846 4518 τῆς
2888 4445 3184 4516 πονηρίαςο
3233 4445 3328 4500 καὶ
3373 4445 3550 4517 ἕτεροι

1969 4529 2171 4601 πολλῆς
2197 4529 2590 4583 ἀπολαύσονται
2611 4531 2708 4601 τῆς
2727 4531 2941 4602 ἡδονῆς,
2953 4531 3052 4600 τήν
3071 4547 3132 4583 τε
3149 4529 3370 4584 ἐκείνων
3391 4543 3551 4598 μεταρ

1970 4614 2131 4684 ϐολὴν
2155 4613 2412 4683 δρῶντες.
2438 4612 2555 4687 [37]
2587 4614 2681 4668 καὶ
2705 4614 2802 4684 τὴν
2823 4616 2903 4678 εἰς
2927 4614 2987 4667 τὸ
3009 4613 3214 4686 βέλτιον
3235 4611 3548 4685 μετάθεσιν,

1971 4698 2064 4751 καὶ
2092 4696 2310 4764 ἐτέρους
2343 4697 2802 4769 σπουδαιοτέρους
2833 4696 3008 4769 ταύτῃ
3047 4695 3384 4766 γινομένους.
3446 4695 3550 4760 Εις

1968 4782 2155 4837 αἰῶνα
2177 4779 2668 4851 ἁγαλλιάσονται,
2694 4780 2795 4835 καί
2819 4779 3314 4848 κατασκηνώσεις
3342 4779 3411 4831 ἐν
3443 4778 3552 4830 αὐ.

1972 4866 2117 4930 τοῖς.
2162 4855 2312 4934 Δῦτη
2341 4862 2451 4935 γὰρ
2485 4865 2718 4934 μάλιστα
2740 4866 2776 4935 ἡ
2800 4863 2945 4935 χαρὰ
2974 4862 3256 4933 διηνεκὴς·
3294 4861 3371 4923 ὡς
3402 4860 3463 4913 αῖ
3487 4875 3552 4928 γε

1971 4949 2127 5004 ἄλλαι
2147 4948 2254 5002 τῶν
2284 4949 2567 5018 ποταμίων
2591 4951 2878 5021 ῥευμάτων
2905 4946 3056 5001 οὐδὲν
3080 4947 3302 5016 ἄμεινον
3326 4944 3551 5000 διάκειν-

1972 5050 2080 5098 ται,
2110 5030 2246 5102 όμοῦ
2296 5049 2356 5085 τε
2407 5032 2724 5102 φαινόμεναι
2770 5032 2865 5086 καὶ
2917 5029 3364 5103 παραρῥέουσαιο
3412 5029 3446 5097 ἡ
3493 5027 3553 5082 δὲ

1974 5115 2116 5168 κατὰ
2150 5113 2280 5169 Θεὸν
2307 5114 2610 5186 εὐφροσύνη
2647 5113 2798 5185 μένει
2838 5113 2934 5168 καί
2970 5113 3209 5182 πέπηγε,
3237 5111 3466 5182 διαρκής
3491 5109 3552 5162 τέ

1974 5202 2090 5253 ἐστι
2135 5200 2228 5253 καὶ
2273 5199 2534 5270 μόνιμος,
2565 5199 2791 5269 οὐδεμιᾷ
2830 5198 2939 5251 τῶν
2968 5197 3245 5267 ἀδοκήτων
3288 5194 3546 5265 περιστά-

1977 5301 2115 5337 σεων
2144 5282 2567 5352 διακοπτομένη,
2597 5282 2711 5336 ἀλλ’
2743 5279 3048 5353 ὑψηλοτέρα
3076 5277 3336 5351 γινομένη
3361 5277 3428 5329 δι’
3456 5277 3555 5329 αύ-·

1974 5367 2083 5420 τῶν
2109 5365 2217 5419 τῶν
2245 5365 2582 5419 κωλυόντων.
2625 5365 2778 5421 Ἐπεὶ
2803 5365 2898 5420 καὶ
2923 5366 2972 5418 οἱ
3002 5363 3291 5418 ἀπόστολοι
3324 5362 3552 5430 ὲμαστιυ

1974 5447 2168 5518 γοῦντο
2190 5487 2206 5511 ,
2252 5448 2348 5501 καὶ
2391 5447 2645 5520 ἔχαιρον·
2697 5448 2791 5502 καὶ
2824 5451 2853 5503 ὁ
2885 5447 3097 5510 Παῦλος
3139 5443 3411 5506 ἐθλίΰετο,
3459 5441 3554 5496 καὶ

1977 5533 2206 5604 ἐσκίρτα
2224 5548 2239 5565 ο
2273 5531 2529 5602 τελευτᾷν
2559 5531 2773 5601 ἔμελλε,
2803 5534 2897 5587 καὶ
2922 5531 3210 5592 κοινωνοὺς
3241 5526 3424 5581 ἐκάλει
3452 5525 3553 5592 τῆς

1976 5615 2195 5687 ἡδονῆςν
2243 5613 2453 5683 λέγων·
2515 5616 2679 5670 Ἀλλ’
2717 5619 2772 5670 εί
2809 5615 2913 5670 καὶ
2958 5613 3291 5681 σπένδομαι
3337 5608 3434 5664 ἐπὶ
3477 5607 3554 5686 τῇ

1978 5699 2161 5766 θυσίᾳ
2197 5696 2296 5751 καὶ
2331 5700 2673 5768 λειτουργία
2711 5698 2823 5767 τῆς
2850 5699 3101 5762 πίστεως
3136 5692 3322 5765 ὑμῶν,
3371 5691 3556 5762 χαίρω

1979 5783 2079 5838 καί
2117 5782 2424 5853 συγχαίρω
2454 5781 2643 5839 πᾶσιν
2677 5784 2837 5853 ὑμῖν.
2882 5785 2948 5838 τὸ
2979 5781 3046 5836 δὲ
3072 5779 3216 5836 αὐτὸ
3244 5776 3343 5831 καί
3386 5772 3554 5844 ὑμεῖς

3265 5900 3303 5960 Β
