4074 6356
300 376 395 432 '69
1525 373 1883 430 EXPOSITIO
1920 373 1984 429 ΙΝ
2024 374 2343 433 PSALMUM
2387 377 2472 433 V.‘
3516 389 3586 443 70

325 492 399 545 ita
442 489 692 546 lzetautur
731 489 873 546 Deus
920 489 1140 544 habitat.
1174 489 1527 560 Quamobrem
1554 491 1665 559 ipsa
1692 500 1905 558 quoque

321 581 454 636 dicit
484 599 497 635 :
524 580 593 635 In
614 591 857 635 teternum
886 581 1224 646 exsultabant,
1247 590 1293 635 et
1319 582 1564 634 habitabis
1595 582 1647 635 in
1674 582 1765 635 eis.
1795 581 1906 635 Hoc

322 675 496 745 ipsum
536 674 777 729 Christus
819 675 974 730 etiam
1014 674 1318 745 signiﬁcans
1355 674 1583 739 dicebat,
1617 673 1904 728 ostendens

320 782 441 821 eam
468 768 788 835 voluptatem
821 768 1033 821 minime
1063 781 1219 835 posse
1248 780 1493 821 cessare:
1518 766 1713 821 Rursus
1731 766 1903 819 videbo

318 872 431 923 ms,
460 867 506 910 et
530 860 773 928 gaudium
801 866 1015 911 vestrum
1036 874 1181 911 nemo
1206 858 1335 911 tollit
1360 856 1539 928 (Joan.
1566 856 1649 911 16.
1678 856 1792 927 22).
1838 857 1903 910 Et

320 963 509 1002 rursus
555 947 793 1002 Paulus:
831 949 1042 1018 Semper
1083 948 1329 1018 gaudete,
1383 948 1582 1001 assidue
1629 957 1768 1000 orate
1811 948 1895 1016 (1.

323 1038 503 1094 Thess.
534 1041 586 1094 5.
619 1039 705 1093 16.
740 1039 863 1109 17).
913 1038 981 1092 Et
1015 1038 1365 1111 gloriabuntur
1396 1040 1449 1092 in
1488 1048 1534 1092 te
1565 1039 1651 1106 qui
1684 1039 1902 1109 diligunt

318 1148 503 1185 nomen
528 1140 685 1184 tuum.
720 1130 814 1185 His
838 1132 977 1185 enim
1004 1131 1131 1185 solis
1156 1130 1281 1185 licet
1304 1131 1533 1185 maxime
1557 1130 1790 1199 gloriari,
1820 1130 1900 1183 his

318 1222 551 1291 gaudere
579 1264 593 1283 ,
626 1221 711 1275 his
743 1222 905 1275 lauari
943 1239 954 1274 :
983 1232 1036 1276 at
1076 1223 1162 1292 qui
1203 1222 1269 1277 de
1309 1222 1373 1276 iis
1424 1237 1541 1291 qua:
1570 1221 1634 1273 ad
1666 1222 1799 1273 hanc
1822 1221 1899 1273 vi-

304 1321 427 1366 tam
455 1313 718 1382 pertinent
749 1312 1021 1383 gloriatur,
1054 1329 1117 1368 ac
1141 1313 1241 1367 sibi
1270 1312 1462 1381 placet,
1491 1313 1534 1366 is
1563 1312 1695 1366 nihil
1718 1310 1898 1366 differt

316 1402 390 1455 ab
414 1403 476 1455 iis
499 1403 586 1471 qui
619 1403 671 1456 in
696 1418 884 1457 somno
910 1404 1178 1472 voluptate
1206 1403 1469 1458 fruuntur.

391 1493 445 1546 6.
476 1492 610 1558 Quid
643 1493 784 1546 enim
814 1493 941 1546 mihi
963 1536 977 1559 ,
1004 1494 1108 1557 dic,
1142 1508 1342 1564 quaeso,
1371 1508 1435 1547 ex
1467 1492 1625 1547 rebus
1651 1492 1897 1547 humanis

317 1592 402 1636 est
424 1582 718 1651 ejusmodi,
745 1592 802 1637 ut
824 1584 891 1638 de
920 1600 985 1639 eo
1009 1585 1127 1654 quis
1153 1584 1321 1653 possit
1346 1599 1472 1638 vere
1495 1599 1556 1638 ac
1585 1583 1754 1638 solide
1783 1586 1896 1653 glo-

317 1673 477 1727 riari?
508 1673 660 1729 Vires
685 1674 958 1743 corporis?
1002 1674 1107 1730 Sed
1148 1684 1203 1729 ut
1234 1689 1325 1730 eas
1354 1674 1551 1728 validas
1583 1674 1894 1743 habeamus,

319 1778 425 1818 non
451 1773 532 1818 est
553 1764 718 1818 nostri
740 1764 965 1833 arbitrii,
987 1774 1042 1820 et
1062 1764 1181 1819 ideo
1200 1780 1305 1819 non
1328 1776 1413 1820 est
1428 1765 1567 1835 quod
1589 1765 1893 1834 gloriemur,

314 1861 372 1907 et
398 1854 591 1923 alioqui
622 1853 942 1908 ﬂaccescunt
978 1864 1033 1908 et
1067 1854 1313 1909 excidunt
1352 1855 1629 1919 celeriter,
1661 1862 1715 1908 et
1754 1869 1897 1922 Stepe

314 1945 475 1999 etiam
515 1945 712 2000 laedunt
746 1960 867 2001 eum
905 1948 993 2016 qui
1031 1956 1114 2000 est
1142 1947 1205 2000 iis
1234 1945 1505 2016 praeditus,
1531 1946 1575 2001 si
1602 1945 1669 2001 iis
1694 1960 1798 2002 non
1836 1954 1895 2002 ut

315 2045 528 2104 oportet
558 2045 753 2092 utatur.
796 2036 907 2092 lloc
947 2037 1104 2092 etiam
1142 2036 1247 2092 dici
1288 2046 1463 2107 potest
1501 2036 1568 2091 de
1602 2037 1896 2106 pulchritu-

314 2128 461 2189 dine,
491 2128 556 2183 de
582 2129 798 2195 divitiis,
827 2129 895 2184 de
922 2129 1177 2199 potentia,
1205 2127 1273 2182 de
1299 2128 1584 2197 voluptate,
1615 2139 1669 2183 et
1696 2128 1763 2183 de
1788 2142 1898 2183 om—

312 2220 473 2274 nibus
514 2236 631 2289 quas
673 2220 740 2275 ad
767 2220 904 2275 hanc
937 2221 1095 2275 vitam
1133 2220 1419 2291 pertinent.
1458 2219 1515 2275 ln
1572 2221 1679 2275 Deo
1717 2230 1894 2275 autem

312 2319 371 2365 et
399 2311 451 2365 in
476 2312 590 2379 ejus
612 2326 796 2366 amore
815 2312 1051 2381 gloriari,
1088 2319 1169 2367 est
1212 2320 1431 2367 ornatus
1457 2311 1691 2367 omnium
1722 2314 1894 2367 maxi-

312 2418 456 2466 mus,
479 2411 533 2459 et
553 2404 802 2473 splendor
818 2404 905 2474 qui
926 2402 1326 2459 innumerabilia
1342 2412 1557 2473 superat
1573 2402 1891 2469 diademata,

310 2494 522 2548 etiamsi
557 2496 623 2549 sit
651 2497 888 2565 captivus
915 2496 960 2550 is
985 2496 1073 2565 qui
1097 2495 1373 2566 gloriatur.
1416 2494 1513 2550 llic
1540 2505 1757 2550 ornatus
1787 2511 1891 2549 non

314 2585 523 2653 morbo,
556 2602 660 2641 non
687 2587 859 2654 senio,
890 2602 997 2642 non
1025 2602 1201 2641 rerum
1229 2586 1612 2653 vicissitudine,
1639 2602 1742 2640 non
1770 2593 1897 2640 tem-

312 2690 504 2745 porum
530 2679 805 2744 varietate,
832 2694 938 2733 non
965 2678 1076 2748 ipsa
1105 2677 1336 2747 denique
1359 2688 1529 2732 morte
1556 2676 1895 2747 interrumpi-

315 2778 400 2823 tur
424 2786 438 2823 :
466 2768 560 2823 sed
584 2778 709 2824 tunc
729 2772 889 2824 etiam
911 2770 1075 2840 magis
1095 2768 1419 2839 resplendet.
1448 2770 1534 2824 15.
1568 2766 1819 2833 Quoniam
1837 2775 1893 2824 tu

312 2862 571 2917 benedice:
589 2864 749 2934 justo.
791 2863 1050 2930 Quoniam
1086 2862 1234 2917 multi
1271 2878 1339 2917 ex
1376 2862 1441 2917 iis
1479 2862 1567 2933 qui
1606 2862 1679 2916 ita
1717 2859 1891 2916 allecti

314 2965 459 3021 sunt,
485 2954 692 3025 probris
717 2969 778 3009 ac
798 2954 1093 3009 maledictis
1123 2953 1189 3009 ab
1216 2952 1516 3008 hominibus
1541 2961 1886 3023 appetuntur,

312 3059 381 3098 ac
404 3045 714 3113 irridentur,
738 3054 796 3101 et
820 3044 1050 3100 maxime
1073 3043 1164 3114 qui
1190 3045 1435 3100 virtutem
1463 3052 1887 3115 persequuntur:

313 3155 384 3195 ne
424 3142 541 3211 quis
577 3155 643 3196 ex
677 3140 1027 3197 crassioribus
1067 3148 1344 3211 propterea
1382 3141 1616 3195 animum
1655 3141 1888 3209 abjiciat,

311 3232 431 3287 vide
450 3231 717 3301 quomodo
737 3231 851 3301 ejus
872 3242 1104 3286 mentem
1128 3230 1275 3286 fulcit
1292 3240 1348 3288 et
1366 3240 1645 3299 sustentat,
1666 3231 1849 3286 dicens
1872 3248 1887 3285 :

315 3323 571 3389 Quoniam
590 3333 647 3376 tu
671 3325 926 3378 benedices
937 3325 1097 3395 justo.
1127 3324 1262 3392 Quid
1292 3325 1432 3380 enim
1457 3324 1634 3379 damni
1663 3324 1886 3393 accipit,

309 3415 357 3470 si
382 3415 625 3470 homines
653 3425 1012 3481 contemnant,
1040 3425 1095 3471 et
1120 3416 1401 3472 universus
1426 3415 1572 3471 orbis
1601 3425 1884 3483 terrarum,

310 3507 522 3575 quando
548 3506 806 3562 Dominus
834 3509 1140 3577 angelorum
1164 3525 1286 3563 eum
1317 3508 1493 3564 laudat
1517 3517 1573 3563 et
1599 3509 1889 3581 praedicat?

310 3599 770 3668 Quemadmodum
814 3601 860 3656 si
903 3600 1017 3672 ipse
1058 3617 1164 3657 non
1209 3601 1522 3670 benedicat,
1552 3603 1653 3657 etsi
1698 3617 1887 3657 omnes

309 3689 546 3756 laudent,
568 3690 658 3761 qui
677 3699 873 3746 terram
897 3703 952 3747 et
975 3708 1122 3748 mare
1144 3692 1399 3759 habitant,
1423 3693 1472 3748 ei
1496 3693 1623 3747 nihil
1648 3693 1882 3763 prodest.

310 3780 420 3836 Hoc
436 3795 567 3850 ergo
586 3781 731 3835 omni
759 3783 963 3838 ratione
981 3796 1248 3846 curemus,
1277 3790 1337 3837 ut
1361 3783 1473 3852 ipse
1493 3799 1591 3838 nos
1612 3783 1883 3853 prmdicet,

307 3872 422 3941 ipse
445 3886 548 3926 nos
568 3879 810 3927 coronet.
838 3872 991 3939 Quod
1018 3874 1062 3928 si
1095 3872 1204 3938 fiat,
1228 3888 1410 3929 sumus
1437 3873 1683 3929 omnibus
1706 3874 1889 3929 excel-

308 3962 518 4030 siores,
567 3963 776 4018 etiamsi
827 3964 881 4018 in
932 3972 1275 4034 paupertate,
1323 3965 1529 4019 etiamsi
1575 3965 1629 4019 in
1675 3966 1882 4030 morbo,

307 4054 514 4110 etiamsi
556 4054 611 4109 in
646 4056 900 4111 extremis
936 4056 1087 4111 malis
1124 4056 1309 4112 simus.
1348 4055 1480 4111 Nam
1509 4057 1666 4111 etiam
1695 4057 1886 4111 beatus

308 4144 409 4201 Job
430 4147 483 4201 in
511 4147 843 4217 sterquilinio
863 4147 1082 4213 sedens,
1109 4148 1386 4202 vulnerum
1423 4148 1571 4202 sanie
1606 4148 1883 4202 exulcera-

310 4247 413 4304 tus,
436 4238 908 4294 innumerabilibus
928 4250 1135 4294 scatens
1155 4239 1411 4294 vermium
1441 4239 1696 4305 fontibus,
1719 4247 1773 4293 et
1792 4238 1882 4295 illa

308 4327 670 4399 indignissima
698 4330 922 4399 patiens,
945 4340 1005 4385 ut
1028 4331 1167 4401 quia
1193 4331 1361 4386 servis
1383 4340 1783 4399 conSpueretur,
1806 4330 1883 4385 ei-

305 4434 409 4489 que
428 4419 499 4475 ab
526 4421 711 4477 amicis
736 4430 790 4475 et
816 4421 1061 4486 inimicis,
1092 4432 1147 4476 et
1170 4421 1238 4476 ab
1261 4436 1427 4477 uxore
1455 4421 1661 4476 insidia:
1691 4421 1880 4476 tende-

305 4521 511 4579 rentur,
533 4523 587 4567 et
601 4512 667 4567 ad
689 4512 942 4582 inopiam,
965 4512 1178 4579 famem,
1201 4521 1255 4567 et
1278 4512 1716 4568 immedicabilem
1736 4512 1887 4584 aegri-

306 4602 541 4658 tudinem
571 4603 712 4657 illam
741 4611 885 4658 esset
909 4603 1153 4659 redaetus
1177 4644 1193 4669 ,
1229 4612 1343 4659 erat
1371 4605 1608 4658 omnium
1631 4603 1879 4659 beatissi-

303 4708 442 4748 mus.
467 4693 783 4762 Quomodo?
806 4693 1065 4761 Quoniam
1088 4693 1282 4748 Deusei
1302 4693 1878 4750 benedicebatdicens:

301 4785 474 4840 Homo
500 4800 531 4838 a
557 4784 970 4855 reprehensione
997 4786 1219 4849 alienus,
1238 4785 1427 4855 justus,
1446 4800 1623 4849 verus,
1652 4786 1788 4855 pius,
1813 4787 1880 4839 ab

302 4876 446 4931 omni
472 4890 534 4930 re
561 4877 699 4929 mala
714 4876 1006 4931 abstinens.
1038 4876 1271 4943 Domine,
1299 4886 1354 4930 ut
1379 4886 1520 4929 scuto
1540 4876 1681 4930 bona:
1702 4876 1880 4929 volun-

302 4966 419 5020 tatis
445 4976 546 5020 tua
571 4968 823 5021 coronati
873 4984 967 5021 nos
1008 4965 1147 5039 (Job
1172 4969 1223 5021 1.
1257 4968 1347 5037 1).
1392 4966 1597 5021 Rursus
1639 4966 1795 5021 desiit
1822 4967 1875 5020 in

299 5061 590 5127 gratiarum
612 5060 905 5123 actionem,
937 5059 1223 5129 gratiarum
1255 5059 1478 5114 actionis
1507 5058 1732 5129 hymnos
1767 5057 1881 5111 Deo

297 5150 549 5205 oll‘erens.
595 5150 751 5219 Quod
789 5159 874 5205 est
907 5159 1083 5205 autem
1116 5158 1321 5205 scutum
1360 5150 1514 5204 boum
1554 5148 1876 5203 voluntatis?

298 5241 518 5298 Scotum
558 5244 837 5312 optimum,
878 5243 1420 5299 scutum'secundum
1469 5242 1562 5297 Dei
1600 5253 1831 5297 mentem
1854 5281 1877 5309 ,

296 5348 446 5388 arma
484 5334 842 5404 pulcherrima
885 5335 987 5405 (a).
1027 5334 1177 5401 Quod
1222 5344 1398 5389 autem
1440 5335 1586 5401 dicit,
1615 5334 1719 5388 tale
1745 5343 1827 5389 est
1854 5351 1872 5387 :

294 5425 405 5480 Nos
428 5429 630 5495 optimo
656 5426 852 5481 auxilio
880 5426 1133 5481 muniisti.
1174 5426 1326 5481 Alius
1357 5435 1534 5480 autem
1577 5425 1873 5494 interpres,

293 5519 386 5589 qui
410 5519 560 5584 dicit,
588 5518 861 5574 Coronabis
889 5520 1076 5588 ipsum,
1109 5518 1175 5574 de
1198 5518 1343 5589 justo
1369 5518 1521 5583 dixit,
1548 5526 1604 5571 ut
1632 5517 1870 5581 doceret,

294 5610 587 5666 Coronabis
610 5612 783 5681 ipsum
804 5612 1029 5680 justum,
1059 5612 1161 5666 hoc
1183 5618 1266 5666 est
1287 5649 1303 5674 .
1338 5611 1474 5665 bona
1514 5619 1599 5663 tua
1626 5610 1873 5663 voluntas

293 5711 380 5757 est
422 5702 496 5756 illi
538 5716 635 5771 pro
670 5702 853 5766 armis,
879 5701 1044 5773 iisque
1082 5701 1537 5773 prazstantissimis
1568 5717 1581 5755 :
1609 5700 1695 5755 vel
1721 5698 1870 5766 illud,

357 5822 431 5886 (τι)
462 5829 572 5875 περ
588 5823 763 5876 eodem
778 5836 948 5905 sensu,
967 5825 1055 5876 sed
1078 5825 1185 5875 aliis
1208 5826 1371 5877 verbis
1392 5824 1536 5877 eﬂ'ert
1559 5825 1751 5888 Regius.

2013 486 2223 557 Optimo
2248 490 2446 546 auxilio
2468 489 2667 561 justum
2698 492 2891 561 munis,
2918 502 2973 551 et
2998 508 3169 567 neque
3196 494 3310 564 ejus
3345 497 3551 569 pulchri

2011 582 2137 637 tudo
2156 582 2357 653 privata
2378 594 2459 639 est
2482 586 2785 653 securitate,
2815 602 2985 658 neque
3008 588 3124 658 ejus
3143 591 3396 646 securitas
3416 593 3582 663 gloria

2008 674 2333 731 destituitur.
2363 675 2500 745 Quid
2524 677 2665 732 enim
2699 678 2913 746 fortius,
2941 680 3064 751 quid
3090 698 3272 738 rursus
3298 685 3580 740 formosius

2008 782 2074 821 eo
2100 768 2233 833 viro,
2261 769 2350 839 qui
2391 784 2421 822 a
2456 784 2680 838 superna
2705 770 2889 826 dextra
2918 774 3186 829 munitur?
3230 774 3358 830 Haec
3382 791 3582 832 corona

2006 859 2164 912 etiam
2194 875 2258 913 ex
2285 860 2644 915 misericordia
2666 863 2980 927 contexitur,
3004 866 3445 934 quemadmodum
3467 868 3581 939 ipse

2006 948 2169 1002 David
2200 948 2324 1004 dicit
2347 949 2469 1003 alibi
2498 969 2511 1005 :
2538 951 2633 1019 Qui
2662 961 2709 1005 te
2734 962 2939 1007 coronat
2961 954 3015 1007 in
3042 956 3381 1011 misericordia
3405 968 3453 1012 et
3478 960 3579 1012 mi-

2004 1040 2335 1094 serationibus
2363 1040 2381 1110 (
2400 1039 2545 1095 Psal.
2579 1042 2697 1097 l02.
2731 1042 2822 1112 4).
2868 1043 2994 1100 llaec
3035 1046 3193 1100 etiam
3234 1062 3299 1102 ex
3332 1047 3534 1118 justitia
3559 1090 3577 1116 ,

2003 1130 2447 1197 quemadmodum
2478 1132 2605 1186 dicit
2634 1132 2825 1188 Paulus
2855 1151 2870 1189 :
2898 1133 2978 1188 De
3000 1144 3177 1190 caetero
3200 1137 3324 1191 mihi
3342 1148 3413 1193 est
3432 1155 3582 1209 repo-

2002 1221 2100 1274 sita
2120 1223 2336 1291 justitia:
2363 1239 2548 1277 corona
2573 1224 2646 1295 (2.
2683 1223 2817 1279 Tim.
2850 1226 2902 1280 4.
2931 1225 3006 1297 8).
3050 1227 3144 1282 Est
3184 1228 3342 1285 etiam
3383 1246 3579 1287 corona

2003 1313 2218 1382 gratia},
2264 1315 2400 1369 sicut
2440 1315 2566 1370 dicit
2609 1316 2745 1372 alius
2777 1315 3014 1372 :Corona
3056 1328 3221 1373 autem
3258 1321 3577 1391 gratiarum‘

2003 1404 2233 1474 defendet
2253 1414 2298 1459 te
2326 1405 2504 1476 (Prov.
2526 1407 2579 1460 4.
2606 1408 2683 1477 9).
2730 1406 2846 1463 Jam
2887 1424 3013 1464 vero
3053 1419 3137 1465 est
3178 1412 3336 1466 etiam
3382 1426 3582 1469 corona

2001 1496 2201 1565 glorite,
2233 1498 2370 1552 sicut
2394 1498 2517 1553 dicit
2543 1498 2704 1554 Isaias
2733 1516 2747 1555 :
2777 1499 2891 1555 Erit
2916 1517 3104 1556 corona
3131 1505 3238 1573 spei
3260 1544 3276 1570 ,
3309 1521 3370 1559 ea:
3414 1505 3578 1576 gloria

2002 1598 2231 1642 contexta
2257 1586 2389 1660 (1εαί
2403 1637 2417 1653 ,
2434 1589 2522 1646 28.
2552 1590 2631 1660 5).
2656 1589 2863 1647 Corona
2889 1594 3028 1647 enim
3052 1592 3214 1650 habet
3243 1595 3356 1650 haec
3374 1597 3575 1665 omnia,

2002 1675 2410 1747 benignitatem,
2435 1679 2720 1748 justitiam.
2749 1681 3003 1751 gratiam,
3033 1683 3275 1759 gloriam,
3307 1684 3577 1741 decorem.

2002 1769 2099 1825 Est
2124 1771 2264 1825 enim
2298 1771 2390 1826 Dei
2418 1771 2637 1837 donum,
2669 1773 2810 1844 quod
2836 1775 3034 1829 variam
3063 1775 3304 1846 producit
3327 1779 3575 1846 gratiam.

2005 1862 2101 1917 Est
2127 1863 2285 1918 etiam
2312 1864 2719 1936 incorruptiouis
2738 1881 2955 1933 corona,
2978 1870 3420 1939 quemadmodum
3450 1871 3578 1929 dicit

2002 1956 2196 2014 Paulus
2226 1975 2240 2013 :
2265 1955 2354 2012 Illi
2368 1959 2567 2029 quidem
2588 1968 2639 2013 ut
2659 1961 3027 2031 corruptibilem
3048 1979 3285 2018 coronam
3304 1964 3582 2036 accipiant,

2000 2068 2092 2106 nos
2116 2060 2283 2105 autem
2311 2051 2657 2122 incorruptam
2685 2054 2759 2125 (1.
2793 2052 2913 2109 Cor.
2941 2054 2995 2109 9.
3019 2055 3133 2126 25).
3178 2056 3290 2112 Hoc
3328 2066 3410 2113 est
3450 2074 3545 2129 erg

1999 2141 2141 2211 quod
2166 2141 2250 2195 hic
2270 2140 2418 2208 dicit,
2450 2143 2747 2199 Securitate
2770 2153 2824 2199 et
2848 2144 3010 2215 gloria
3031 2160 3129 2201 nos
3149 2149 3436 2204 coronasti.
3467 2148 3545 2204 Ta

1998 2231 2067 2287 lia
2090 2241 2212 2286 sunt
2244 2232 2385 2287 enim
2416 2232 2510 2287 Dei
2537 2233 2674 2288 dona
2704 2235 2896 2304 valida,
2923 2245 2976 2292 et
2996 2236 3187 2293 decore
3209 2237 3362 2307 plena
3394 2255 3410 2294 :
3442 2239 3549 2295 tale

1996 2332 2122 2379 sunt
2146 2340 2378 2381 coronas.
2424 2327 2493 2378 At
2520 2326 2571 2379 in
2600 2326 2905 2382 hominibus
2949 2343 3053 2382 non
3095 2326 3166 2383 ita
3209 2337 3291 2383 est
3318 2347 3330 2382 :
3362 2328 3455 2385 sed
3485 2331 3575 2402 qui

1997 2426 2075 2471 est
2102 2416 2314 2485 quidem
2334 2417 2382 2469 in
2405 2416 2591 2487 gloria,
2615 2432 2721 2471 non
2744 2428 2825 2472 est
2853 2418 3071 2473 omnino
3101 2432 3347 2485 securus;
3380 2420 3467 2490 qui
3489 2429 3575 2475 est

2001 2516 2176 2561 autem
2222 2508 2273 2561 in
2313 2510 2615 2575 securitate,
2648 2524 2756 2564 non
2792 2519 2873 2565 est
2910 2510 3127 2565 omnino
3165 2511 3217 2566 in
3259 2511 3445 2582 gloria,
3478 2528 3576 2568 nec

2000 2598 2117 2655 haec
2144 2601 2297 2655 facile
2325 2601 2479 2655 simul
2507 2603 2781 2657 evenerint
2810 2619 2823 2656 :
2854 2602 2994 2672 quod
3023 2601 3066 2657 si
3094 2603 3250 2657 etiam
3280 2604 3573 2671 evenerint,

1996 2689 2240 2746 celeriter
2268 2689 2593 2746 auferuntur.
2622 2690 2780 2746 Verbi
2801 2693 2966 2762 gratia
2992 2709 3004 2745 :
3030 2692 3130 2759 Qui
3151 2702 3273 2747 sunt
3298 2702 3569 2763 potentes,

1995 2790 2050 2839 et
2080 2798 2317 2839 summos
2346 2792 2537 2854 gerunt
2557 2784 2913 2854 magistratus,
2939 2794 3059 2839 sunt
3080 2784 3290 2855 quidem
3314 2785 3571 2855 splendidi

1997 2884 2053 2932 et
2082 2876 2331 2939 illustres,
2362 2876 2455 2932 sed
2487 2891 2589 2930 non
2616 2876 2807 2942 securi,
2840 2875 2946 2929 imo
2979 2875 3065 2931 vel
3101 2890 3165 2930 eo
3204 2876 3433 2931 maxime
3472 2892 3571 2931 no-

1998 2968 2143 3022 mine
2172 2965 2225 3022 in
2252 2967 2452 3021 lubrico
2478 2976 2531 3021 et
2561 2968 2858 3035 periculoso
2887 2967 3003 3021 loco
3029 2977 3326 3033 versantur,
3358 2977 3572 3038 prapter

1994 3060 2176 3131 glorias
2204 3060 2639 3129 magnitudinem.
2664 3058 2762 3125 Qui
2792 3068 2966 3114 autem
2990 3070 3115 3114 sunt
3134 3060 3323 3130 abjecti
3345 3069 3398 3114 et
3420 3061 3571 3129 viles,

1995 3160 2120 3206 sunt
2146 3150 2359 3221 quidem
2386 3150 2557 3206 securi
2580 3190 2593 3212 .
2628 3165 2694 3205 eo
2721 3149 2860 3220 quod
2896 3165 3000 3204 non
3031 3161 3449 3219 cognoscantur,
3478 3152 3570 3209 sed

1993 3259 2058 3300 eo
2082 3246 2199 3314 ipso
2228 3251 2353 3297 sunt
2375 3244 2457 3298 vel
2488 3243 2717 3298 maxime
2745 3242 2953 3312 inglorii
2973 3283 2987 3303 .
3016 3242 3156 3312 quod
3184 3242 3235 3297 in
3263 3244 3568 3298 securitate.

1994 3335 2049 3391 ln
2098 3337 2206 3391 Deo
2248 3346 2426 3390 autem
2475 3350 2579 3389 non
2632 3335 2702 3389 ita
2741 3342 2823 3389 est
2850 3352 2863 3387 :
2893 3333 2986 3388 sed
3034 3344 3254 3405 utraque
3298 3335 3571 3404 insigniter

1990 3435 2329 3491 concurrunt,
2353 3435 2406 3482 et
2424 3426 2586 3497 gloria
2610 3434 2663 3481 et
2676 3426 2952 3480 securitas.
2975 3424 3380 3481 Considerantes
3396 3427 3570 3497 itaque

1991 3518 2249 3574 bonorum
2281 3516 2694 3588 magnitudinem
2716 3556 2731 3583 ,
2767 3526 2819 3571 et
2843 3525 2965 3571 ante
2985 3516 3160 3591 omnia
3192 3531 3347 3586 quam
3377 3516 3444 3571 sit
3472 3517 3569 3572 bo-

1993 3628 2118 3667 num
2142 3612 2252 3665 Deo
2278 3625 2396 3665 esse
2419 3617 2648 3679 gratum,
2671 3607 2810 3678 quod
2838 3615 2919 3662 est
2946 3616 3000 3662 et
3026 3622 3194 3669 arma,
3222 3616 3275 3662 et
3295 3608 3482 3678 gloria,
3513 3616 3569 3663 et

1988 3704 2275 3768 securitas,
2313 3711 2368 3757 et
2396 3702 2531 3756 bona
2559 3698 2961 3754 innumerabilia
2982 3739 2997 3763 ,
3025 3697 3089 3752 ad
3117 3707 3382 3753 certamen
3415 3698 3568 3752 nobis

1988 3798 2316 3869 propositum
2354 3809 2629 3849 curramus
2669 3808 2790 3847 cum
2834 3790 3131 3854 tolerantia,
3180 3805 3278 3845 nec
3315 3805 3566 3860 umquam

1987 3890 2163 3943 animo
2177 3886 2501 3948 deficiamus,
2516 3900 2613 3938 nec
2629 3898 2874 3952 umquam
2889 3881 3160 3935 videamur
3178 3881 3428 3934 inermes.
3454 3879 3565 3935 Hoc

1987 3982 2129 4037 enim
2158 3979 2281 4035 belli
2311 3992 2475 4047 genus
2516 3992 2621 4030 non
2661 3976 2858 4045 patitur
2876 4014 2891 4039 ,
2918 3982 2978 4028 ut
3006 3972 3161 4027 miles
3184 3972 3424 4026 videatur
3447 3971 3566 4026 sine

1984 4073 2149 4127 armis
2174 4089 2188 4124 :
2218 4070 2311 4126 sed
2336 4080 2456 4123 tunc
2476 4067 2686 4122 demum
2714 4064 2995 4119 dimittitur
3017 4071 3321 4133 apparatus,
3353 4063 3565 4132 quando

1983 4163 2144 4220 fuerit
2171 4163 2431 4217 theatrum
2455 4160 2770 4216 dissolutum
2798 4173 2813 4212 :
2838 4157 3056 4213 solvitur
3073 4164 3248 4210 autem
3271 4155 3559 4219 theatrum,

1986 4255 2199 4327 quando
2223 4256 2398 4310 anima
2423 4254 2643 4309 solvitur
2670 4268 2699 4304 a
2727 4264 2968 4319 corpore.
2996 4248 3171 4316 Quare
3196 4246 3443 4318 quamdiu
3473 4247 3563 4303 hic

1985 4362 2203 4413 sumus,
2236 4359 2469 4415 pugnare
2494 4356 2713 4398 necesse
2745 4348 2828 4394 est
2865 4348 2918 4393 et
2952 4337 3093 4393 domi
3131 4336 3396 4401 sedentes,
3424 4347 3479 4392 et
3507 4337 3559 4392 in

1986 4440 2157 4494 forum
2197 4444 2385 4492 euntes
2430 4442 2486 4489 et
2527 4432 2871 4503 prandentes,
2913 4438 2968 4485 et
3007 4436 3252 4499 :rgrotos,
3280 4436 3337 4483 et
3375 4442 3559 4484 sanos.

1982 4528 2152 4584 Morbi
2194 4525 2336 4581 enim
2382 4533 2649 4594 tempore,
2692 4518 2846 4592 hujus
2880 4517 3108 4573 maxime
3136 4533 3324 4588 pugna:
3351 4524 3561 4589 tempus

1984 4629 2085 4686 est,
2113 4616 2324 4689 quando
2377 4615 2590 4670 dolores
2637 4611 2865 4680 undique
2916 4608 3234 4664 conturbant
3283 4607 3557 4672 animam,

1979 4710 2192 4783 quando
2217 4706 2440 4762 tristitia:
2470 4703 2729 4767 obsident,
2750 4699 2960 4772 quando
2979 4699 3130 4754 adest
3155 4699 3394 4754 diabolus
3416 4699 3550 4753 inci-

1980 4814 2137 4866 tans,
2183 4810 2243 4854 ut
2293 4796 2543 4852 acerbum
2588 4793 2795 4864 aliquod
2838 4792 3055 4846 verbum
3102 4789 3359 4845 dicamus.
3402 4788 3556 4844 Tunc

1978 4894 2208 4949 maxime
2246 4906 2343 4947 nos
2375 4888 2568 4944 muniri
2606 4895 2834 4956 oportet,
2867 4885 2967 4956 tegi
3008 4883 3187 4948 lorica,
3219 4882 3430 4955 clypeo,
3456 4897 3554 4952 ga-

1977 4987 2084 5054 lea,
2116 4995 2170 5042 et
2196 4983 2359 5040 armis
2386 4981 2593 5037 caeteris
2611 5023 2624 5047 ,
2656 4988 2708 5035 et
2736 4986 2989 5050 perpetuo
3014 4977 3123 5030 Deo
3148 4977 3345 5046 gratias
3373 4990 3551 5045 agere.

1977 5078 2105 5135 ﬂare
2146 5084 2270 5132 sunt
2311 5072 2619 5145 gravissima
2663 5084 2782 5139 qua:
2833 5069 2884 5123 in
2929 5065 3196 5121 diabolum
3241 5072 3554 5135 torquentur

1978 5170 2106 5235 tela,
2132 5167 2219 5222 hic
2243 5174 2326 5222 est
2346 5165 2480 5219 ictus
2509 5162 2563 5216 in
2589 5160 2882 5215 daemonem
2904 5157 3254 5218 certissimus,
3275 5163 3399 5209 tunc
3424 5166 3551 5210 sunt

2028 5266 2047 5298 ¹
2085 5262 2385 5312 Edit.Rom.
2414 5260 2559 5308 Prov.
2599 5255 2645 5305 4.
2679 5256 2712 5304 9
2750 5268 2762 5303 :
2801 5245 3419 5321 _Corona_magniﬁcentitz
3458 5249 3549 5321 de:

1968 5324 2136 5393 tendet
2158 5330 2203 5374 ιε
2228 5322 2470 5393 (sum
2493 5321 2546 5369 δὲ
2566 5314 3098 5393 residuorum
3121 5312 3393 5393 ξοῖὶςέἓὲδίθ
3414 5314 3544 5393 39332

1969 5372 2311 5451 Kquitamfde
2336 5372 2517 5451 corona
2539 5372 2840 5451 glo'riatiom's
2866 5372 3167 5451 (ᾲρχῂσξῲς)
3180 5372 3387 5451 ξξίξυεηξ
3400 5372 3545 5451 333d

1972 5433 2339 5511 gfminachum,
2363 5446 2425 5493 de
2464 5433 2659 5511 corona.
2683 5433 3103 5511 ριοζὶαξξίρὄῃςκ
3148 5433 3276 5506 {wild
3318 5433 3549 5511 Ἰξιοῳῇ

2244 5495 2529 5570 de'corona
2576 5495 2954 5570 pulchritudinis
3001 5495 3385 5570 ςωραιὸςὲςητοςλξι
3416 5496 3549 5570 apud

1972 5558 2243 5627 neminem,
2278 5569 2341 5617 de
2382 5558 2885 5627 (εονοιια’θη-(ιιὶιιι-ιιιιιἱ
2914 5558 3017 5627 Sed
3060 5561 3292 5627 existimo
3336 5558 3548 5627 Chrjso-

1974 5617 2274 5685 Enniana:
2299 5617 2490 5678 duobus
2515 5617 2637 5677 locis
2682 5636 2834 5674 unum
2852 5623 3053 5689 fecisse
3065 5632 3080 5689 ξ
3123 5633 3235 5667 nam
3257 5617 3548 5686 Proverbia-

1974 5684 2084 5746 rum
2114 5697 2158 5753 l,
2192 5693 2241 5750 9,
2275 5694 2480 5753 legitur.
2517 5700 2746 5739 coronam
2783 5684 2913 5753 enim
2946 5684 3464 5753 gratiarumlacctpies
3500 5690 3555 5728 us

1977 5744 2162 5821 capite:
2190 5744 2291 5821 tuo.
2326 5744 2509 5821 Priora.
2548 5758 2714 5821 autem
2775 5746 2925 5821 verba
2948 5744 3109 5808 'hujus
3163 5744 3397 5793 versiculi
3437 5753 3549 5791 cum

1981 5805 2340 5884 posterioribus
2360 5812 2540 5875 prioris
2566 5805 2884 5875 copulaverit.
