4074 6356
504 350 554 405 11

486 479 698 518 coronae
726 463 1183 534 Splendidissim.
1214 462 1346 519 Nam
1372 465 1531 518 etiam
1553 463 1768 517 beatum
1793 459 1892 516 Job
1913 456 2067 532 (nihil

486 555 628 608 enim
659 564 802 610 vetat
835 571 940 626 quo
976 555 1154 610 minus
1189 554 1255 609 ad
1297 570 1416 610 eum
1457 567 1642 609 rursus
1677 551 2068 621 confugiamus)

486 643 590 699 hoc
628 646 857 700 maxime
880 646 1084 702 clarum
1115 645 1380 710 reddidit,
1418 644 1520 700 hoc
1548 643 1793 698 maximis
1823 641 2063 696 laudibus

485 737 696 804 affecit,
744 737 845 793 hoc
898 739 1209 803 coronavit,
1257 736 1396 806 quod
1446 747 1684 805 tempore
1731 731 2062 796 teutationis,

485 829 654 884 morbi
687 839 738 883 et
766 829 1111 899 paupertatis,
1141 827 1453 882 immutabili
1473 824 1734 897 ejusmodi
1762 824 1940 878 animo
1970 837 2066 892 ap«

485 925 740 993 paruerit,
768 934 822 979 et
863 932 1042 978 mente
1087 921 1392 986 immobilis,
1423 920 1616 990 quibus
1653 919 1850 989 gratias
1890 923 2070 986 ageret

488 1016 596 1070 Deo
639 1016 798 1070 verba
839 1015 1113 1081 obtulerit,
1140 1021 1194 1070 et
1237 1011 1511 1083 spirituale
1553 1010 1681 1066 illud
1725 1009 2064 1064 sacrificium.

488 1107 652 1161 Erant
676 1107 818 1162 enim
844 1104 1160 1161 sacrificium
1184 1105 1345 1160 verba
1375 1104 1507 1174 ejus,
1537 1117 1656 1172 qua:
1681 1101 1813 1156 dixit
1845 1117 1858 1153 :
1890 1098 2068 1152 Domi-

483 1217 577 1254 nus
603 1199 762 1266 dedit,
792 1197 1043 1252 Dominus
1075 1196 1278 1252 abstulit
1305 1212 1324 1250 :
1350 1196 1480 1250 sicut
1509 1193 1728 1248 Domino
1765 1191 1974 1262 placuit,
1999 1190 2068 1242 ita

484 1295 677 1362 factum
713 1299 788 1345 est
824 1305 842 1344 :
876 1291 939 1345 sit
973 1305 1153 1344 nomen
1189 1287 1397 1342 Domini
1438 1286 1749 1340 benedictum
1788 1283 1840 1336 in
1878 1280 2066 1336 stecula

489 1379 610 1454 (Job
653 1382 705 1436 l.
735 1381 849 1451 2i).
881 1379 1031 1446 Quod
1063 1379 1276 1449 quidem
1300 1393 1398 1433 nos
1420 1392 1630 1448 quoque
1656 1389 1868 1445 semper
1892 1371 2057 1426 facia-

483 1488 622 1534 mus,
666 1471 717 1525 in
763 1471 1167 1537 teutatiouibus,
1211 1470 1263 1524 in
1309 1466 1721 1534 calamitatibus,
1761 1467 1818 1520 in
1861 1463 2068 1519 insidiis

485 1564 648 1617 lleum
674 1563 841 1632 gloria
868 1571 922 1617 et
951 1562 1155 1617 honore
1180 1561 1476 1616 allicientes
1496 1601 1512 1625 ,
1540 1566 1594 1614 et
1620 1567 1874 1628 perpetuo
1897 1555 2063 1610 bene-

484 1639 761 1727 diceutes:
790 1653 1038 1725 quoniam
1083 1653 1131 1710 ei
1174 1653 1342 1725 gloria
1387 1653 1440 1707 in
1485 1649 1681 1706 saecula
1726 1647 2064 1704 mulorum.

487 1745 680 1800 Amen.

802 1875 1160 1933 EXPOSITIO
1197 1875 1267 1932 ΙΝ
1306 1873 1628 1931 PSALMUM
1669 1871 1759 1930 Vl.

589 1990 840 2058 Domine,
873 2009 934 2045 ne
966 1997 1016 2044 in
1049 1994 1218 2063 furore
1258 2001 1342 2044 tuo
1367 2008 1553 2062 arguas
1578 2007 1657 2043 me
1679 2030 1694 2056 ,
1731 2006 1886 2061 neque
1909 1990 1962 2044 in

973 2085 1050 2137 ira
1078 2096 1168 2137 tua
1197 2083 1440 2152 corripias
1470 2099 1565 2135 me.

551 2193 603 2248 ι.
642 2189 866 2259 Quando
887 2192 1118 2247 furorem
1141 2199 1195 2246 et
1221 2192 1354 2246 iram
1374 2190 1443 2246 de
1473 2192 1580 2246 Deo
1608 2189 1898 2257 audiveris,
1925 2189 2064 2246 nihil

481 2284 767 2341 humanum
797 2285 1084 2355 suspiceris
1113 2303 1128 2340 :
1158 2293 1281 2340 sunt
1317 2285 1458 2340 enim
1489 2284 1652 2340 verba
1682 2285 1874 2355 quibus
1901 2299 1962 2340 se
2001 2283 2069 2340 ad

477 2385 691 2446 captum
716 2385 958 2432 nostrum
981 2376 1234 2432 demittit.
1263 2376 1405 2432 Deus
1430 2378 1574 2432 enim
1613 2376 1681 2432 ab
1709 2376 1792 2432 his
1820 2377 2069 2434 omnibus

480 2470 615 2525 liber
641 2481 744 2528 est.
775 2471 852 2526 lta
888 2478 1068 2526 autem
1095 2469 1330 2541 loquitur
1358 2478 1416 2526 ut
1454 2470 1507 2525 in
1546 2470 1874 2526 crassiorum
1914 2470 2072 2526 cadat

481 2563 905 2638 intelligentiam.
927 2562 1060 2618 Nam
1079 2577 1180 2618 nos
1198 2577 1409 2633 quoque
1426 2561 1639 2634 quando
1658 2562 1930 2632 loquimur
1947 2576 2069 2616 cum

481 2654 719 2709 barbaris
745 2696 760 2721 ,
783 2655 996 2710 illorum
1022 2655 1198 2726 lingua
1225 2655 1466 2710 utimur:
1494 2663 1547 2712 et
1571 2655 1618 2710 si
1646 2669 1766 2711 cum
1791 2669 1959 2725 puero
1987 2654 2070 2710 lo-

483 2747 695 2808 quimur
719 2787 734 2812 ,
761 2762 863 2800 una
891 2761 1014 2801 cum
1041 2761 1109 2802 eo
1135 2746 1456 2802 balbutimus
1477 2787 1492 2813 ,
1525 2755 1580 2802 et
1604 2753 1663 2802 ut
1695 2747 2071 2819 sapientissimi

487 2835 676 2896 simus,
708 2835 773 2889 ad
814 2834 1162 2890 humilitatem
1190 2836 1331 2892 illius
1354 2850 1453 2891 nos
1480 2835 1825 2892 demittimus.
1851 2837 1920 2892 Et
1947 2837 2072 2908 quid

487 2925 680 2979 mirum
711 2931 760 2981 sl
798 2925 902 2981 hoc
939 2926 993 2981 in
1021 2925 1201 2982 verbis
1230 2926 1472 2992 facimus,
1503 2926 1716 2998 quando
1752 2927 1804 2982 id
1829 2928 1987 2984 etiam
2019 2930 2070 2986 in

475 3020 642 3074 rebus
677 3017 972 3088 fita-nobis,
991 3027 1054 3076 ut
1089 3020 1178 3092 qui
1203 3027 1260 3076 et
1284 3035 1471 3076 manus
1487 3020 1845 3086 mordeamus,
1867 3031 1919 3076 et
1941 3021 2072 3077 iram

482 3113 793 3169 simulemus
816 3156 832 3180 ,
855 3121 923 3169 ut
951 3113 1204 3170 infantem
1245 3114 1610 3185 corrigamus?
1632 3113 1707 3171 Ita
1735 3115 1894 3171 etiam
1931 3114 2072 3171 Deus

476 3203 768 3258 crassiores
791 3203 1004 3260 afficere
1030 3205 1238 3271 volens,
1263 3205 1459 3260 talibus
1484 3204 1660 3260 verbis
1685 3220 1812 3259 usus
1832 3215 1932 3260 est.
1955 3204 2072 3262 Non

478 3295 619 3348 enim
652 3310 750 3364 pro
767 3310 872 3350 sua
896 3296 1152 3366 dignitate
1177 3296 1322 3367 loqui
1343 3297 1581 3362 studuit,
1611 3296 1705 3352 sed
1734 3313 1827 3366 pro
1855 3297 2072 3352 audito-

479 3404 596 3444 rum
623 3389 868 3444 utilitate.
897 3387 1028 3443 Nam
1053 3404 1113 3444 se
1142 3403 1249 3443 non
1279 3404 1401 3445 esse
1441 3389 1534 3443 irae
1559 3388 1848 3443 obnoxium
1879 3389 2071 3445 alicubi

477 3478 762 3534 ostendens
781 3517 800 3545 ,
836 3478 1047 3534 dicebat
1074 3495 1090 3533 :
1125 3477 1389 3547 Numquid
1417 3495 1497 3533 me
1519 3479 1588 3531 ad
1611 3478 1740 3531 iram
1761 3488 2070 3549 provocant,

479 3588 646 3626 nonne
665 3573 855 3640 seipsos
882 3571 902 3640 (
923 3569 961 3625 J
964 3587 1036 3625 er.
1061 3571 1111 3625 7.
1136 3570 1202 3626 19
1226 3569 1244 3641 )
1268 3571 1292 3624 ?
1317 3569 1398 3625 Tu
1423 3579 1600 3624 autem
1623 3569 1890 3638 quomodo
1909 3571 2074 3626 velles

487 3665 661 3733 ipsum
703 3664 969 3719 disserere
1012 3679 1131 3718 cum
1160 3662 1398 3729 Judmis,
1431 3676 1551 3717 cum
1582 3677 1753 3732 neque
1775 3663 2033 3718 irascatur
2053 3703 2072 3730 ,

478 3770 581 3812 nec
605 3755 728 3811 odio
753 3753 944 3810 habeat
970 3755 1176 3810 malos?
1202 3755 1326 3810 odio
1353 3755 1496 3810 enim
1527 3761 1608 3808 est
1651 3754 1812 3808 animi
1855 3763 2070 3824 pertur-

481 3846 620 3900 batio
643 3863 658 3912 ;
684 3861 784 3900 nec
810 3845 1037 3900 humana
1062 3844 1351 3916 respiciat?
1377 3845 1558 3900 videre
1587 3844 1735 3900 enim
1759 3860 1821 3900 ex
1849 3859 2074 3914 corpore

478 3948 743 4009 sumptum
769 3947 888 4004 est;
945 3953 1118 4010 neque
1163 3938 1388 3994 audiat?
1432 3953 1554 3993 nam
1600 3938 1700 3993 hoc
1745 3953 1958 4010 quoque
2006 3955 2074 3998 ex

477 4029 778 4085 carue.Sed
799 4045 864 4084 ex
887 4029 988 4084 hoc
1008 4029 1206 4084 malum
1225 4029 1364 4084 aliud
1386 4028 1579 4098 dogma
1605 4027 1877 4084 inductum
1900 4039 2080 4106 esset,

479 4135 670 4191 nempe
692 4137 796 4174 non
819 4121 928 4190 regi
947 4121 1125 4174 omnia
1147 4133 1178 4174 a
1203 4119 1291 4174 Dei
1316 4119 1647 4189 providentia
1677 4136 1690 4171 :
1720 4127 1775 4175 et
1801 4119 1925 4174 dum
1950 4122 2074 4177 talia

484 4213 551 4267 de
581 4197 695 4267 Deo.
710 4212 894 4267 audire
920 4219 1251 4278 recusarent,
1275 4211 1424 4268 multi
1446 4226 1510 4266 ex
1536 4211 1622 4288 iis,
1649 4211 1739 4282 qui
1762 4219 2072 4280 tuncerant,

479 4302 696 4357 onmino
722 4303 886 4358 Deum
925 4318 1048 4358 esse
1078 4304 1415 4372 ignorassent
1441 4319 1453 4355 :
1481 4317 1546 4356 eo
1573 4310 1751 4356 autem
1783 4302 2025 4371 ignorate
2045 4343 2062 4369 ,

483 4396 661 4450 mimia
707 4395 1035 4464 periissem:
1080 4397 1172 4451 illo
1199 4404 1386 4452 contra
1437 4395 1743 4450 introducto
1785 4394 2071 4467 dogmate,

484 4487 728 4552 celeriter
755 4486 869 4541 fieri
913 4495 1120 4558 poterat
1148 4487 1433 4543 correctio.
1460 4485 1555 4542 Cui
1586 4489 1729 4542 enim
1760 4502 2073 4557 persuasum

484 4585 566 4652 est
591 4574 756 4631 Deum
786 4591 939 4644 esse,
964 4578 1064 4633 etsi
1093 4592 1198 4632 non
1235 4577 1430 4634 haheat
1450 4593 1568 4632 eam
1593 4593 1750 4648 quam
1777 4594 1874 4648 par
1901 4589 1982 4634 est
2007 4579 2083 4646 de.

485 4667 594 4724 Deo
619 4670 934 4724 sententiam
952 4710 969 4736 ,
999 4669 1094 4724 sed
1131 4669 1256 4740 quid
1285 4669 1351 4724 de
1375 4682 1441 4724 eo
1463 4669 1698 4724 crassius
1735 4669 2071 4738 suspicetur;

484 4770 723 4830 tempore
751 4761 965 4831 quidem
996 4769 1144 4816 certo
1169 4760 1218 4816 ei
1245 4760 1652 4829 persuadebitur
1672 4801 1688 4826 ,
1721 4761 1852 4815 nihil
1884 4762 1990 4816 tale
2019 4761 2071 4816 in

483 4855 648 4910 Deum
671 4855 882 4911 cadere.
909 4854 1009 4922 Qui
1035 4863 1207 4909 autem
1230 4853 1391 4909 habet
1411 4869 1718 4924 persuasum
1730 4854 1854 4923 ejus
1866 4853 2074 4909 nullam

483 4961 605 5002 esse
631 4946 1035 5017 providentiam,
1078 4961 1177 5001 nec
1202 4945 1363 5000 ullam
1395 4961 1516 5002 eum
1545 4961 1726 5001 rerum
1766 4961 1946 5002 curam
1975 4961 2071 5018 ge-

483 5052 625 5105 rere,
655 5051 828 5107 neque
855 5038 899 5091 si
929 5037 1227 5102 exsistant,
1256 5050 1444 5091 curare
1465 5079 1481 5102 ,
1510 5036 1635 5106 quid
1662 5052 1782 5092 eum
1805 5037 2001 5107 iuverit
2027 5037 2076 5095 Si

486 5135 741 5183 tractetur
785 5126 853 5182 de
893 5126 987 5181 Dei
1033 5126 1462 5195 impatibilitate?
1506 5126 1598 5182 Illa
1637 5127 1750 5195 ipsa
1777 5126 1844 5181 de
1868 5142 2026 5182 causa
2051 5171 2066 5195 ,

479 5234 598 5275 cum
619 5218 769 5290 prius
786 5233 905 5274 cum
926 5217 1029 5273 illis
1049 5217 1405 5286 disseruisset,
1435 5227 1712 5289 postquam
1741 5220 1821 5275 eis
1846 5235 2067 5290 persua-

479 5311 568 5375 sit,
593 5319 652 5365 ut
679 5325 800 5365 eum
825 5323 947 5365 esse
970 5309 1332 5379 opinarentur,
1359 5309 1611 5378 paulatim
1638 5325 1730 5364 eos
1757 5324 1944 5364 rursus
1971 5323 2066 5363 ex-

481 5408 690 5472 purgat,
719 5399 784 5456 ad
817 5399 917 5456 hoc
943 5399 1134 5470 dogma
1167 5399 1400 5455 evehens
1421 5441 1438 5466 ,
1469 5398 1536 5454 de
1560 5414 1626 5455 eo
1653 5399 1874 5470 loquens
1901 5398 2068 5453 subli-

485 5495 658 5558 mius,
688 5500 744 5548 et
765 5505 886 5547 eum
928 5506 1049 5546 esse
1091 5491 1160 5547 ab
1201 5490 1482 5544 affectione
1524 5502 1790 5546 remotum
1829 5491 2070 5545 oratione

482 5591 830 5652 pertractans.
867 5582 1002 5637 Dicit
1027 5581 1168 5637 enim
1195 5581 1328 5635 alius
1360 5580 1616 5651 propheta
1644 5598 1658 5636 :
1701 5579 1824 5635 Non
1851 5581 2064 5644 esuriet,

481 5689 635 5744 neque
666 5671 912 5727 laborabit
937 5672 957 5736 (
973 5671 1100 5727 Isai.
1129 5670 1218 5725 40.
1245 5669 1355 5743 28)
1384 5687 1405 5724 τ
1430 5679 1486 5725 et
1509 5670 1600 5740 qui
1640 5685 1764 5726 eum
1787 5670 1942 5724 irasci
1981 5669 2068 5723 di-

484 5766 653 5831 xerat,
681 5762 822 5819 idem
847 5767 1037 5820 rursus-
1056 5763 1342 5840 ostendens
1365 5763 1528 5819 Deum
1555 5777 1672 5820 esse
1695 5761 2062 5833 impatibilem,

1293 348 1350 404 Β.
1383 347 1662 418 JOANNIS
1698 341 2173 404 CHRYSOSTOMI
2207 342 2522 401 ARCHIEP.
2563 345 3095 404 CONSTANTINOP.

2112 5293 2156 5333 '1

3682 354 3759 407 ἺΞ

2173 457 2444 530 subjungit
2472 478 2487 514 :
2517 460 2780 531 Numquid
2799 479 2878 518 me
2895 465 2993 535 ipsi
3010 466 3078 519 ad
3101 466 3231 520 iram
3257 477 3530 537 provocant
3551 511 3566 536 ,
3593 484 3760 524 nonus

2171 550 2361 620 seipsos
2386 549 2536 620 (Jer.
2569 553 2619 606 7.
2649 554 2716 608 l9
2736 552 2757 623 )
2781 555 2805 608 ‘I
2836 555 2902 610 Et
2926 557 3015 626 qui
3038 555 3249 613 dixerat
3265 573 3388 614 eum
3407 573 3527 615 esse
3550 561 3602 614 iu
3625 569 3760 615 tem-

2172 641 2294 711 plu,
2325 656 2510 698 rursus
2537 642 2664 698 dicit
2698 663 2708 697 :
2739 643 2860 699 Non
2889 657 2962 700 est
2998 648 3148 702 homo
3167 649 3218 702 in
3245 658 3292 704 te
3310 660 3547 720 sanctus,
3580 663 3625 704 et
3651 669 3754 707 non

2171 732 2427 802 ingrediar
2465 734 2520 788 in
2557 735 2806 789 civitatem
2844 736 2865 807 (
2889 736 3017 792 Osee
3065 739 3154 792 Η.
3185 738 3292 811 9):
3324 739 3426 795 hoc
3453 751 3536 796 est
3557 784 3576 808 ,
3607 741 3752 796 Loco

2172 837 2279 876 non
2306 823 2604 880 contineor.
2633 824 2784 892 Quod
2805 825 2850 880 si
2873 842 2978 881 non
3001 843 3190 884 omnes
3219 830 3359 885 ultus
3398 839 3483 886 est
3501 873 3518 896 ,
3545 841 3599 886 at
3627 847 3754 901 pru—

2170 912 2397 969 dentiori
2416 922 2562 969 certe
2585 915 2800 986 reliquit
2818 918 3158 988 cogitandum
3179 935 3246 975 ex
3265 920 3444 986 dictis,
3463 923 3611 992 quod
3632 922 3753 992 quis

2173 1005 2464 1076 tyrannicis
2507 1007 2644 1063 liber
2670 1017 2755 1062 est
2777 1008 3178 1079 atl'ectionibus,
3205 1021 3260 1067 et
3283 1014 3398 1067 sine
3429 1014 3621 1083 quibus
3651 1031 3752 1069 non

2169 1095 2292 1150 licet
2317 1095 2515 1163 vivere,
2535 1096 2603 1152 ab
2621 1097 2743 1154 aliis
2761 1101 2926 1154 multo
2941 1102 3109 1172 magis
3126 1102 3262 1157 liber
3279 1113 3381 1158 est.
3405 1103 3539 1159 Dicit
3558 1105 3750 1173 itaque:

2173 1185 2314 1241 Num
2341 1189 2439 1242 eris
2466 1199 2521 1244 ut
2558 1190 2708 1246 homo
2733 1193 2986 1248 dormiens
3017 1193 3166 1266 (Jer.
3197 1195 3291 1250 14.
3317 1194 3350 1250 9
3373 1197 3434 1266 )f
3460 1196 3527 1252 Et
3556 1198 3753 1268 ubique

2172 1285 2360 1334 tractat
2384 1295 2448 1335 ac
2469 1282 2704 1352 loquitur
2724 1283 2792 1340 de
2813 1284 3218 1354 impatibilitate.
3246 1286 3418 1354 Quare
3441 1288 3528 1342 hic
3546 1304 3756 1360 quoque

2170 1370 2384 1439 quando
2416 1371 2648 1428 furorem
2675 1375 2907 1430 audieris
2929 1416 2946 1443 ,
2977 1392 3043 1432 ue
3066 1385 3222 1447 putes
3245 1393 3364 1434 esse
3399 1378 3752 1435 affectionem.

2169 1462 2224 1518 Si
2253 1463 2398 1521 enim
2426 1463 2670 1524 homines
2695 1468 2785 1538 qui
2807 1469 3156 1540 philosophia:
3179 1471 3414 1541 student,
3442 1473 3616 1544 quoad
3638 1473 3753 1542 ejus

2171 1551 2284 1608 fleri
2314 1562 2528 1625 potest,
2557 1555 2627 1612 ab
2671 1557 2751 1613 ira
2798 1557 2959 1613 alieni
2999 1570 3348 1629 permanent;
3389 1561 3559 1616 multo
3586 1563 3755 1632 magis

2172 1643 2260 1699 illa
2286 1646 2579 1702 substantia
2597 1687 2616 1716 ,
2643 1663 2762 1719 quae
2787 1658 2871 1704 est
2895 1649 2964 1705 ab
2993 1651 3208 1706 interitu
3231 1661 3288 1707 et
3311 1653 3649 1723 corruptione
3689 1655 3754 1708 li-

2171 1735 2298 1791 hera
2323 1775 2338 1801 ,
2367 1745 2423 1792 et
2443 1753 2562 1809 qua
2587 1754 2686 1794 nec
2710 1739 2814 1796 dici
2841 1781 2858 1807 ,
2887 1756 2985 1797 nec
3014 1742 3394 1812 comprehendi
3419 1753 3612 1814 potest.
3640 1743 3752 1802 Non

2173 1827 2320 1884 vides
2346 1830 2506 1886 etiam
2534 1830 2796 1897 medicos,
2825 1833 2952 1888 dum
2981 1844 3184 1900 secant,
3212 1836 3295 1891 vel
3322 1848 3500 1905 urunt,
3530 1852 3636 1893 non
3679 1839 3754 1892 ira

2170 1920 2428 1976 adductos
2454 1921 2506 1976 id
2531 1921 2726 1988 facere,
2749 1924 2844 1979 sed
2870 1925 3014 1995 quod
3035 1927 3172 1982 male
3193 1926 3442 1984 allectum
3466 1938 3549 1984 est
3569 1930 3742 1984 corri-

2168 2024 2296 2078 gere
2320 2011 2498 2066 animo
2523 2011 2622 2067 sibi
2650 2023 3006 2083 propoueutes
3025 2055 3042 2082 ,
3073 2031 3180 2071 non
3203 2019 3494 2074 irascentes
3518 2021 3750 2089 aegrotis.

2171 2099 2266 2154 sed
2297 2115 2390 2154 eos
2433 2103 2781 2166 miserantes,
2810 2112 2865 2159 et
2890 2121 2918 2158 a
2949 2106 3152 2161 morbis
3180 2107 3505 2165 liberantes?
3529 2110 3754 2176 Quando

2179 2204 2309 2259 ergo
2333 2189 2460 2246 dicit
2489 2209 2502 2244 ε
2534 2191 2618 2247 Ne
2642 2194 2692 2246 in
2711 2195 2884 2265 furore
2909 2204 2994 2250 tuo
3019 2213 3204 2267 arguas
3225 2216 3304 2253 me
3330 2215 3348 2252 :
3376 2201 3477 2254 hoc
3502 2201 3652 2268 dicit,
3681 2203 3756 2258 Ne

2178 2295 2362 2350 prunas
2391 2298 2575 2338 sumas
2600 2284 2668 2340 de
2693 2287 2828 2342 meis
2857 2288 3110 2356 peccatis,
3141 2305 3241 2344 uec
3267 2305 3383 2345 mea
3407 2291 3596 2347 delicta
3627 2295 3755 2349 uici.

2173 2375 2358 2430 scaris.
2387 2377 2440 2432 '5.
2465 2375 2703 2432 Miserere
2723 2379 2837 2445 mei,
2863 2377 3099 2448 Domine,
3121 2384 3358 2452 quoniam
3375 2385 3604 2454 inﬁrmus
3621 2403 3752 2442 sum.

2176 2467 2284 2522 llac
2304 2481 2435 2523 voce
2460 2482 2650 2525 omnes
2668 2484 2906 2539 egemus,
2934 2472 3144 2528 etiamsi
3177 2474 3580 2530 innumerabilia
3609 2487 3754 2532 recte

2172 2566 2230 2612 et
2251 2571 2316 2611 ex
2341 2557 2532 2614 virtute
2574 2557 2857 2614 fecerimus
2876 2602 2892 2628 ,
2920 2570 2976 2617 et
3003 2563 3084 2618 vel
3122 2563 3187 2619 ad
3215 2579 3473 2620 summam
3506 2583 3757 2635 pervene-

2177 2650 2341 2702 rimus
2379 2649 2662 2718 justitiam.
2691 2651 2950 2718 Quocirca
2993 2655 3109 2724 ipse
3149 2656 3309 2710 etiam
3352 2668 3529 2726 postea
3571 2673 3758 2716 rursus

2174 2739 2342 2795 dicit:
2372 2739 2876 2811 Nonjustiﬁcabitur
2896 2745 2948 2798 in
2971 2757 3240 2816 conspectu
3281 2758 3366 2800 tuo
3405 2751 3564 2802 omnis
3590 2752 3758 2804 vivens

2173 2833 2362 2907 (Psal.
2398 2836 2605 2907 142.2)
2631 2854 2646 2893 :
2684 2847 2738 2890 ct
2775 2837 2938 2892 illud:
2970 2837 3032 2892 Si
3071 2839 3359 2906 iniquitates
3388 2841 3719 2895 observaveris
3742 2883 3756 2903 ,

2176 2927 2288 2996 quis
2307 2927 2565 2981 sustinebit
2587 2928 2606 2997 (
2630 2926 2778 2981 Psal.
2809 2927 2928 2982 199.
2959 2927 3032 3000 5)
3058 2928 3082 2981 ‘l
3107 2939 3161 2982 et
3186 2929 3382 2984 Paulus
3411 2949 3426 2984 :
3458 2929 3510 2984 Ν
3516 2931 3610 2983 iltil
3636 2933 3759 2984 milii

2175 3019 2400 3070 conscius
2429 3034 2570 3080 sum,
2611 3018 2700 3072 sed
2726 3035 2828 3072 non
2861 3019 2913 3072 in
2943 3019 3037 3072 hoc
3051 3020 3364 3090 justi/iratus
3387 3038 3497 3074 sum
3518 3022 3603 3092 (1..
3637 3021 3757 3077 Cor.

2177 3107 2229 3159 4.
2260 3108 2320 3177 4)
2342 3125 2354 3161 :
2383 3116 2436 3161 et
2462 3108 2629 3162 alius:
2661 3109 2786 3174 Quis
2805 3109 3102 3180 gloriabitur
3124 3129 3308 3182 purum
3332 3113 3510 3167 habere
3533 3130 3620 3167 cor
3639 3116 3665 3168 ?
3687 3118 3759 3168 vel

2175 3214 2286 3267 quts
2317 3209 2502 3253 asseret
2527 3215 2581 3254 se
2605 3216 2710 3254 esse
2740 3202 2984 3254 mundum
3010 3219 3043 3256 a
3077 3203 3227 3257 sorde
3256 3205 3272 3234 ⁸
3296 3203 3482 3274 (Prov.
3513 3205 3602 3259 20.
3645 3204 3678 3260 9
3699 3207 3760 3275 )l

2176 3292 2373 3346 Omnes
2411 3306 2538 3362 ergo
2581 3307 2798 3362 egemus
2836 3293 3245 3350 misericordia:
3276 3297 3367 3351 sed
3425 3311 3529 3352 non
3572 3312 3760 3353 oumes

2175 3381 2318 3452 digni
2345 3398 2531 3439 sumus
2556 3383 2974 3439 misericordiam
3011 3387 3245 3456 assequi.
3274 3385 3406 3440 Nam
3433 3388 3532 3440 etsi
3563 3389 3629 3442 sit
3661 3390 3762 3442 mi-

2177 3473 2481 3543 serlcordia,
2497 3474 2712 3542 dignum
2735 3482 2908 3530 tamen
2929 3477 3166 3545 requirit,
3184 3477 3624 3546 quemadmodum
3648 3479 3760 3548 ipse

2178 3565 2386 3620 dicebat
2404 3565 2572 3638 Moysi
2602 3584 2614 3619 :
2638 3566 2910 3620 Miserebor
2929 3567 3076 3637 cujus
3102 3567 3366 3622 miserebor
3380 3584 3404 3622 .°
3424 3577 3468 3622 et
3489 3569 3760 3622 miserebor

2175 3675 2320 3728 quem
2355 3659 2626 3712 miserebor
2649 3658 2670 3731 (
2690 3658 2856 3714 Exod.
2881 3660 2968 3715 53.
2999 3660 3063 3716 l9
3085 3659 3124 3726 ).
3148 3661 3247 3729 Qui
3267 3676 3394 3732 ergo
3416 3663 3537 3718 fecit
3559 3664 3758 3733 aliquid

2176 3750 2389 3820 dignum
2417 3750 2801 3819 miserie0rdia,
2827 3751 2968 3806 dicet.
2999 3769 3014 3806 :
3037 3750 3278 3806 Miserere
3299 3755 3396 3806 mei
3417 3771 3434 3815 ;
3462 3755 3552 3824 qui
3578 3764 3756 3812 autem

2175 3843 2243 3896 ab
2269 3841 2409 3896 illius
2449 3843 2605 3896 venia
2655 3858 2715 3897 se
2753 3845 3014 3908 semovit,
3047 3844 3242 3900 frustra
3279 3846 3422 3900 dicet
3453 3863 3468 3900 :
3501 3847 3757 3904 Miserere.

2177 3934 2234 3989 Si
2258 3936 2398 3990 enim
2425 3943 2568 3990 esset
2593 3945 2911 4004 perventura
2930 3934 2998 3990 ad
3022 3949 3212 3992 omnes
3238 3937 3596 3996 misericordia
3621 3980 3636 4003 ,
3661 3953 3759 3993 ne-

2177 4043 2266 4083 mo
2287 4029 2542 4099 supplicio
2558 4029 2874 4085 afficeretur.
2893 4028 3222 4098 Quamquam
3244 4031 3404 4086 habet
3419 4032 3526 4100 ipsa
3551 4047 3760 4102 quoque

2177 4123 2390 4192 aliquod
2413 4120 2703 4191 judicium,
2743 4131 2800 4178 et
2822 4137 2945 4177 eum
2976 4122 3065 4192 qui
3093 4122 3285 4192 dignus
3315 4133 3368 4177 et
3409 4133 3561 4192 aptus
3593 4133 3679 4178 est
3703 4133 3761 4179 ut

2177 4227 2239 4267 ea
2269 4212 2491 4280 fruatur,
2523 4213 2766 4282 requirit.

2245 4306 2301 4360 2.
2343 4306 2447 4363 Cur
2478 4307 2565 4377 qui
2608 4307 2782 4360 eadem
2827 4316 3033 4376 peccata
3071 4306 3372 4372 admittunt,
3417 4321 3518 4360 non
3561 4306 3759 4360 easdem

2178 4418 2350 4473 poenas
2371 4401 2538 4456 luunt.
2559 4431 2630 4442 -—
2649 4400 2799 4455 Multi
2830 4416 2956 4470 ergo
2977 4415 3120 4469 szepe
3139 4400 3322 4453 eadem
3351 4401 3562 4468 peccata
3589 4399 3763 4454 admi-

2177 4502 2393 4558 serunt,
2424 4500 2480 4548 et
2519 4508 2624 4546 non
2653 4492 2867 4547 easdem
2910 4502 3086 4546 tamen
3131 4506 3314 4560 pomus
3357 4492 3652 4554 dederunt,
3702 4502 3760 4546 ut

2177 4585 2266 4654 qui
2293 4585 2424 4639 alias
2449 4583 2712 4640 baberent
2736 4600 2924 4640 causas
2952 4599 3070 4650 qua:
3098 4597 3160 4638 ea
3184 4593 3564 4652 praecesserant
3591 4594 3607 4636 :
3632 4590 3689 4637 et
3711 4583 3760 4638 si

2177 4679 2339 4733 vultis
2365 4719 2382 4746 ,
2411 4677 2464 4732 in
2495 4676 2596 4732 hac
2626 4691 2767 4730 nunc
2808 4675 3154 4729 immoremur
3177 4673 3439 4727 oratione.
3468 4673 3762 4728 Pecearuut

2177 4771 2345 4826 Judaei
2373 4783 2560 4826 omnes
2582 4810 2599 4836 ,
2642 4779 2696 4826 et
2717 4768 2930 4823 fuerunt
2955 4764 3244 4820 idololatm
3266 4804 3283 4828 ,
3329 4764 3424 4818 sed
3451 4779 3552 4818 non
3574 4778 3762 4820 omnes

2177 4861 2392 4918 easdem
2421 4876 2606 4934 ptenas
2637 4861 2868 4927 dedere;
2911 4857 3006 4914 sed
3035 4856 3124 4911 alii
3152 4855 3365 4926 quidem
3409 4856 3716 4910 ceciderunt
3741 4895 3758 4916 ,

2177 4958 2264 5011 alii
2292 4972 2420 5012 vero
2439 4955 2649 5014 veniam
2674 4963 2800 5010 sunt
2824 4951 3116 5023 assequuti.
3145 4951 3201 5003 In
3232 4950 3464 5020 peccatis
3487 4950 3628 5003 enim
3653 4961 3766 5001 non

2178 5051 2432 5125 quaeritur
2473 5049 2644 5104 solum
2694 5056 2883 5102 natura
2913 5045 3029 5114 ejus
3067 5041 3213 5115 quod
3260 5042 3458 5096 factum
3504 5049 3586 5095 est
3618 5058 3633 5094 :
3661 5040 3758 5094 sed

2175 5145 2333 5201 etiam
2356 5143 2585 5207 animus,
2616 5149 2672 5195 et
2692 5149 2916 5209 tempus,
2945 5145 3002 5192 et
3016 5150 3175 5191 causa
3198 5173 3216 5201 ,
3235 5143 3294 5190 et
3319 5143 3440 5204 post
3460 5141 3757 5202 peccatum,

2176 5243 2218 5295 si
2252 5241 2304 5295 hi
2332 5239 2544 5310 quidem
2572 5239 3002 5306 perseverarunt,
3030 5230 3148 5286 illos
3169 5243 3299 5284 vero
3320 5227 3600 5298 pmnituit,
3628 5231 3686 5278 et
3712 5224 3760 5277 si

2175 5351 2321 5401 casu,
2345 5335 2390 5389 si
2427 5348 2493 5389 ex
2517 5329 2738 5396 fraude,
2769 5337 2823 5384 et
2851 5327 2894 5383 si
2917 5325 3100 5382 dedita
3129 5338 3314 5395 opera.
3343 5323 3413 5377 Et
3436 5320 3599 5375 multa
3631 5327 3761 5372 sunt

2175 5442 2291 5496 qua:
2317 5432 2653 5496 quaeruntur,
2682 5421 2940 5492 temporis
2962 5417 3284 5482 differentia,
3314 5424 3371 5470 et
3394 5422 3564 5467 status
3588 5411 3760 5478 reipu-

2176 5520 2349 5574 blicae.
2397 5515 2470 5574 Ut
2511 5516 2743 5585 exempli
2785 5515 2956 5586 gratia
2987 5515 3321 5582 :peecarunt
3345 5506 3434 5578 qui
3461 5512 3616 5562 erant
3657 5502 3776 5556 sub

2177 5608 2377 5677 Veteri,
2401 5616 2620 5679 peccant
2642 5608 2800 5663 etiam
2817 5607 2905 5676 qui
2935 5611 3061 5661 sunt
3082 5602 3182 5657 sub
3197 5599 3348 5656 Novo
3367 5598 3706 5653 Testamento
3737 5608 3756 5652 :

2241 5707 2258 5740 ι
2285 5707 2341 5755 In
2371 5701 2592 5752 editione
2620 5701 2834 5749 Romans
2873 5698 3075 5758 legitur,
3107 5708 3138 5743 a
3167 5693 3392 5756 peccatis
3422 5693 3556 5756 (ἀπὸ
3594 5693 3775 5752 ἁμαρ-ι

2174 5769 2332 5832 nini),
2360 5766 2630 5817 secundum
2657 5759 2947 5818 Hebraicam
2975 5761 3251 5808 veritatem.
