4074 6356
303 495 372 560 ἰι
1061 494 1064 496 ⁷
1416 503 1782 562 EXPOSITIO
1811 503 1876 560 IN

1977 504 2246 564 SALMUM
2281 505 2380 561 νι..
2623 485 2625 487 ’
2859 479 2876 496 ‘
3479 486 3554 564 ἣῖι

307 623 439 690 προὶ
468 620 518 674 οί
551 619 822 689 στέφανοι.
859 621 1012 676 Ἐπεὶ
1044 623 1138 678 καὶ
1169 623 1262 678 τὸν
1293 624 1556 696 μακάριον
1589 623 1708 678 Ἰὼϐ
1750 622 1876 692 (οὐ-

303 703 398 756 δὲν
422 703 530 774 γὰρ
561 703 759 758 κωλύει
799 705 960 759 πάλιν
991 707 1070 771 εἰς
1108 707 1270 761 αὑτὸν
1304 712 1677 780 καταφυγεῖν)
1720 705 1879 760 τοῦτο

309 786 542 856 μάλιστα
581 787 832 860 λαμπρὸν
867 788 1134 860 ἀπέφηνε,
1163 789 1321 844 τοῦτο
1364 791 1687 862 ἀνεκήρυξε,
1724 789 1880 844 τοῦτο

304 870 649 939 ἐστεφάνωσε
675 911 690 934 ,
728 872 792 924 τδ
820 873 878 925 ἐν
902 874 1081 944 καιρῷ
1117 875 1423 946 πειρασμοῦ
1470 875 1562 930 καὶ
1598 875 1751 928 νόσου
1785 873 1878 927 καὶ

303 953 494 1016 πενίας
522 953 922 1026 ἀπερίτρεπτον
947 960 1180 1029 φανῆναι
1213 957 1312 1031 τὴν
1349 958 1595 1030 γνώμην.
1629 960 1879 1012 ἄσειστον

302 1038 406 1108 τὴν
443 1038 712 1103 διάνοιαν,
765 1040 828 1093 τὸ
859 1041 1254 1114 εὐχαριστήρια
1296 1042 1376 1111 τῷ
1417 1042 1536 1113 Θεῷ
1568 1044 1878 1109 ἀνενεγκεῖν

306 1125 545 1192 ῥ’ήματα,
578 1123 671 1178 καὶ
691 1123 790 1196 τὴν
815 1125 1190 1196 πνευματικὴν
1216 1127 1432 1198 ἐκείνην
1461 1127 1672 1182 θυσίαν.
1705 1127 1878 1181 Θυσία

303 1207 414 1276 γὰρ
445 1201 512 1277 ἦν
538 1205 606 1260 τά
638 1209 858 1278 ῥήματα
886 1208 1073 1268 αὑτοῦ.
1113 1209 1256 1279 ἅπερ
1281 1210 1464 1279 ἔλεγεν
1492 1229 1506 1242 ·
1567 1214 1629 1266 Ὅ
1663 1214 1876 1280 Κύριος

304 1291 548 1354 ἔδωκεν,
575 1294 608 1346 ὁ
633 1293 846 1359 Κύριος
867 1294 1164 1362 ἀφείλετο·
1200 1295 1280 1361 ὡς
1316 1294 1396 1360 τῷ
1425 1297 1617 1364 Κυρίῳ
1641 1296 1870 1361 ἔδοξεν,

304 1376 458 1428 οὕτω
493 1375 591 1428 καί
624 1375 890 1442 ἐγένετο·
936 1377 1028 1445 εἴη
1065 1377 1130 1431 τὸ
1164 1378 1350 1448 ὄνομα
1375 1381 1594 1448 Κυρίου
1619 1383 1872 1450 εὐλογη-

299 1459 488 1527 ιιένον
512 1461 600 1524 εἰς
629 1459 772 1527 τοὺς
804 1459 1045 1528 αἰῶνας.
1090 1463 1154 1516 '0
1182 1462 1243 1533 δὴ
1273 1463 1366 1515 καὶ
1393 1465 1552 1534 ἡμεῖς
1585 1464 1670 1517 ἀεὶ
1703 1465 1871 1517 ποιῶ·

303 1558 426 1605 μεν,
457 1543 516 1594 ἐν
559 1545 908 1612 πειρασμοῖς,
940 1544 998 1596 ἐν
1033 1546 1439 1614 περιστάσεσιν,
1480 1547 1537 1599 ἐν
1566 1547 1875 1612 ἐπιϐουλαῖς

299 1624 615 1690 δοξάζοντες
644 1626 738 1678 τδν
767 1626 918 1690 Θεὸν,
946 1629 1041 1680 καὶ
1070 1627 1418 1694 εὐλογοῦντες
1449 1627 1711 1700 διηνεκῶς
1738 1647 1750 1659 ·
1791 1634 1872 1686 ὅτι

299 1709 450 1780 αύτῷ
469 1711 503 1780 ἡ
525 1709 653 1777 δόξα
680 1711 762 1772 εἰς
791 1710 918 1773 τοὺς
943 1708 1144 1773 αἰῶνας
1171 1709 1280 1764 τῶν
1313 1709 1546 1765 αἰώνων.
1608 1714 1804 1785 Ἀμήν.

709 1881 819 1935 En:
854 1883 994 1936 TON
1035 1885 1107 1951 ς·
1141 1883 1465 1939 ΨΑΑΜΟΝ.

335 1995 530 2064 ιιύριες
561 1995 647 2067 μὴ
684 1994 765 2071 τῷ
801 1997 965 2071 ᾷυμῷ
1000 2011 1116 2052 σου
1143 1996 1410 2071 ἐλέγξῃς
1439 2013 1537 2065 με,
1571 1999 1727 2068 μηδὲ
1764 2000 1845 2071 τιῑ

689 2065 835 2136 ὀργῇ
871 2065 989 2121 σου
1025 2065 1360 2136 παιδεύσῃς
1388 2085 1483 2136 με.

366 2193 435 2242 α’.
463 2187 630 2242 Ὅταν
644 2188 883 2263 ἀκούσῃς
902 2189 1072 2262 θυμὸν
1088 2191 1181 2245 καῖ¹
1200 2191 1368 2264 ὀργὴν
1398 2195 1489 2248 ἐπὶ
1525 2195 1681 2262 Θεοῦ,
1711 2200 1882 2270 μηδὲν

290 2281 632 2352 ὁνθρῶπινον
673 2281 1020 2354 ὑποπτεύσῃς
1049 2301 1064 2316 ·
1106 2285 1563 2353 συγκαταϐἀσεως
1611 2291 1720 2360 γάρ
1756 2293 1873 2345 ἐστι

291 2377 362 2426 τά
404 2375 642 2443 ῥήματα.
667 2374 777 2427 Καὶ
812 2373 920 2446 γάρ
958 2374 1017 2428 τδ
1047 2375 1202 2429 Θεῖον
1239 2376 1491 2433 ἁπάντων
1527 2379 1732 2436 τούτων
1769 2385 1874 2436 ἀπ-

292 2465 579 2535 ήλλακται.
636 2466 952 2536 Διαλέγεται
988 2467 1044 2521 δέ
1082 2467 1256 2531 οῦτως
1279 2509 1294 2531 ,
1335 2469 1476 2525 ὥστε
1528 2473 1874 2542 καθάψασθαι

292 2557 392 2624 τῆς
429 2556 540 2608 τῶν
570 2557 890 2628 παχυτέρων
926 2557 1180 2622 διανοίας.
1229 2560 1382 2614 Ἐπεὶ
1419 2563 1513 2615 καὶ
1549 2566 1711 2635 ἡμεῖς
1747 2565 1881 2619 ὅταν·

294 2645 589 2717 βαρϐάροις
625 2645 1018 2716 διαλεγώμεθα,
1043 2651 1106 2718 τῇ
1136 2648 1360 2704 ἐκείνων
1399 2650 1659 2723 χρώμεθα
1699 2654 1872 2721 γλώτ-

290 2755 393 2810 τῃ·
428 2739 532 2792 κᾶν
569 2739 704 2806 πρὸς
743 2738 950 2793 παιδίον
989 2740 1375 2812 φθεγγώμεθα,
1419 2743 1874 2816 συμψελλίζομεν,

290 2833 398 2886 κᾶν
441 2832 694 2903 μυριάκις
748 2830 898 2900 ὦμεν
954 2834 1142 2902 σοφοὶ,
1183 2835 1319 2905 πρὸς
1357 2835 1454 2906 τὴν
1490 2838 1697 2891 ἐκείνου
1740 2856 1873 2908 συγ-

291 2923 692 2992 καταδαίνομεν
728 2923 1111 3001 ταπεινότητα.
1134 2925 1246 2978 Καὶ
1280 2925 1333 2978 τί
1365 2926 1672 2997 θαυμαστὸν
1705 2931 1754 2982 εἰ
1784 2932 1874 3001 ῥή.

294 3033 430 3085 μασι
482 3015 644 3068 τοῦτο
693 3015 990 3085 ποιοῦμεν,
1045 3015 1180 3068 ὅπου
1220 3033 1282 3084 γε
1323 3017 1416 3070 καὶ
1455 3021 1512 3072 ἐν
1552 3021 1873 3091 πράγμασι,

291 3107 389 3159 καὶ
437 3109 625 3177 χεῖρας
679 3105 962 3170 δάκνοντες
987 3145 1004 3170 ,
1047 3106 1142 3158 καὶ
1193 3105 1362 3177 θυμὸν
1419 3109 1872 3182 ὑποκρινόμενοι,

287 3197 433 3250 ὥστε
486 3195 776 3267 διορθῶσαι
829 3195 890 3249 τὸ
939 3196 1150 3250 παιδίον
1171 3214 1191 3263 ;.
1229 3197 1384 3251 Οῦτω
1422 3199 1486 3271 δὴ
1523 3202 1618 3254 καὶ
1669 3203 1698 3255 6
1744 3202 1876 3268 Θεὸς

292 3287 638 3359 καθάψασθαι
689 3287 798 3343 τῶν
847 3287 1170 3358 παχυτέρων
1212 3288 1531 3359 βουλόμενος
1557 3331 1572 3356 ,
1612 3293 1875 3358 τοιούτοις

289 3380 556 3450 κέχρηται
594 3379 850 3450 ῥήμασιν.
882 3377 995 3450 μυ]
1024 3378 1098 3431 06
1137 3378 1246 3450 γὰρ
1286 3379 1423 3450 πρὸς
1460 3382 1558 3453 τὴν
1589 3381 1744 3448 άξίαν
1775 3385 1877 3455 τὴν

291 3470 486 3524 ἐαυτοῦ
516 3469 848 3540 φθέγγεσθαι
875 3468 1200 3534 ἐσπούδαζεν
1215 3481 1264 3534 ιι,
1294 3470 1428 3524 ἀλλά
1457 3472 1594 3544 πρὸς
1617 3474 1714 3544 τὴν
1739 3475 1879 3545 ώφέυ

289 3559 443 3610 λειαν
478 3557 585 3611 τῶν
623 3559 946 3611 ἀκουόντων.
984 3557 1138 3612 Ἐπεὶ
1176 3561 1271 3613 καὶ
1307 3560 1368 3613 τὸ
1404 3561 1673 3634 ἀόργητον
1711 3565 1874 3619 αὑτοῦ

289 3647 525 3718 ἀλλαχοῦ
566 3647 730 3702 πάλιν
764 3648 993 3714 δεικνὺς,
1037 3648 1190 3719 ἔλεγε
1216 3667 1230 3680 ·
1261 3653 1357 3720 Μὴ
1395 3653 1501 3722 ἐμὲ
1532 3656 1701 3709 αὐτοὶ
1729 3671 1877 3726 παρ-

290 3738 590 3808 ορ-τίζουσι
613 3783 628 3806 ,
677 3739 813 3808 οὐχί
851 3740 918 3794 δὲ
955 3742 1252 3808 ἑαυτούς;
1291 3744 1362 3796 Σὺ
1403 3744 1458 3798 δὲ
1497 3745 1613 3809 πῶς
1655 3746 1889 3800 ἐϐούλου.

290 3832 455 3886 αὐτὸν
490 3830 833 3899 διαλέγεσθαι
886 3834 1000 3896 τοῖς
1048 3833 1322 3898 Ἰουδαίοις
1347 3877 1362 3899 ,
1403 3835 1484 3889 ὅτι
1524 3838 1622 3890 οὐκ
1659 3837 1873 3909 ὀργίζε-

289 3943 420 3989 ται,
461 3924 580 3978 οὐδὲ
619 3926 768 3995 μισεῖ
799 3923 923 3987 τοὺς
961 3923 1267 3996 πονηρούς;
1306 3925 1400 3980 καὶ
1448 3927 1556 3998 γάρ
1610 3928 1670 3981 τὺ
1722 3932 1874 4000 μῖσος

293 4017 467 4080 πάθος
501 4015 648 4069 ἐστίν
672 4029 685 4043 ‘
726 4015 844 4068 ούδέ
881 4018 1051 4088 ἐφορᾷ
1083 4017 1150 4070 τὰ
1184 4017 1540 4088 ἀνθρώπιναςΔ
1562 4021 1654 4073 καὶ
1679 4020 1786 4093 γὰρ
1815 4021 1881 4076 τδ

291 4110 430 4178 ἑρᾷν
465 4107 575 4160 ἀπὺ
610 4106 718 4158 τῶν
761 4107 1026 4176 σωμάτων
1063 4107 1346 4176 εἴληπται·
1375 4110 1497 4163 οὐδὲ
1535 4111 1748 4180 ἀκούεις
1781 4113 1876 4166 καὶ

295 4199 406 4269 γάρ
445 4199 539 4252 καὶ
574 4197 733 4251 τοῦτο
771 4199 878 4251 ἀπὺ
904 4199 1004 4268 τῆς
1035 4201 1254 4270 σαρκός.
1272 4199 1410 4253 Ἀλλ’
1433 4202 1540 4255 ἀπὸ
1565 4202 1754 4256 τούτου
1784 4223 1874 4258 πορ

295 4290 462 4362 νηρὺν
498 4289 566 4344 ἂν
601 4289 778 4358 δόγμα
816 4288 1026 4360 ἐπήχθη
1062 4290 1266 4361 ἕτερον,
1288 4290 1348 4344 τὸ
1387 4292 1697 4362 ἀπρονόητα
1733 4287 1874 4348 εἶναι

295 4383 368 4436 τά
404 4382 612 4435 πάντα·
653 4382 748 4434 καὶ
785 4381 1076 4450 φεύγοντες
1114 4382 1181 4436 τά
1216 4382 1439 4436 τοιαῦτα
1489 4383 1708 4438 ἀκούειν
1745 4386 1883 4459 περὶ»

296 4469 434 4525 Θεοῦ
459 4511 476 4535 ,
517 4470 612 4524 καὶ
643 4470 702 4523 τὸ
739 4471 874 4534 ὅλως
911 4467 1048 4525 εῖναι
1085 4471 1216 4524 Θεὸν
1254 4473 1439 4527 πολλοὶ
1489 4474 1568 4528 ἂν
1609 4475 1717 4529 τῶν
1752 4477 1880 4530 τότε.

295 4565 614 4633 ἠγνόησαν*
639 4562 825 4616 τούτου
879 4563 939 4616 δὲ
986 4565 1337 4636 ἀγωηθέντος
1361 4608 1375 4630 ,
1416 4567 1592 4620 πάντα
1630 4568 1698 4622 ἂν
1734 4569 1874 4623 ἀποο

295 4655 458 4709 λώλει
477 4671 493 4686 ·
533 4653 741 4707 ἐκείνου
780 4653 838 4706 δέ
863 4653 956 4707 τοῦ
989 4655 1254 4726 δόγματος
1280 4656 1640 4727 εἰσαχθέντος,
1666 4660 1878 4731 ταχέως.

297 4747 394 4801 καὶ
419 4749 460 4817 ’ἡ
502 4745 783 4816 διόρθωσις
820 4746 1120 4812 ἐπεγίνετο.
1146 4745 1204 4800 '0
1235 4747 1333 4818 μέν
1373 4748 1483 4818 γὰρ
1521 4749 1762 4814 πεισθεὶς
1794 4751 1874 4805 ὅτι

300 4838 412 4890 ἐστι
451 4837 617 4900 Θεὸς,
659 4835 762 4889 κᾶν
809 4835 883 4906 μὴ
913 4836 1010 4906 τὴν
1047 4836 1200 4902 ἀξίαν
1238 4836 1333 4911 ἔχῃ
1376 4840 1504 4910 περὶ
1541 4841 1703 4894 αὑτοῦ
1743 4842 1875 4896 67:6-

299 4946 468 4991 νοιαν,
501 4927 640 4981 ἀλλά
677 4927 979 4998 παχύτερόν
1015 4945 1068 4981 τι
1108 4927 1408 5001 ὑποπτεύῃ,
1444 4930 1522 5000 τῷ
1559 4932 1736 5003 χρόνῳ
1763 4951 1877 4986 πει-

305 5020 602 5090 σθήσεται,
640 5019 722 5072 ὅτι
767 5017 916 5070 οὐδὲν
952 5018 1190 5072 τοιοῦτον
1230 5020 1364 5092 περὶ·
1394 5021 1556 5074 Θεὸν·
1597 5023 1625 5074 6
1657 5023 1714 5076 δὲ
1755 5042 1876 5076 πει-

304 5108 450 5172 σθεὶς
484 5109 576 5162 ὅτι
607 5108 669 5160 οὐ
709 5110 958 5178 προνοεῖ,
997 5108 1117 5161 ούδέ
1159 5108 1307 5179 μέλει
1345 5110 1494 5181 αύτῷ
1533 5111 1640 5164 τῶν
1674 5112 1877 5179 ὄντων,

299 5200 410 5254 οὐδ’
447 5201 530 5253 ὅτι
575 5198 730 5261 ἐστὶν,
769 5198 822 5250 τί
872 5197 1120 5266 κερδανεῖ
1170 5199 1276 5252 ἀπὸ
1323 5201 1418 5254 τοῦ
1470 5203 1567 5273 τῆς
1611 5203 1878 5270 ἀπαθείας

301 5291 505 5360 λόγους
546 5291 642 5344 Διά
679 5290 743 5361 δὴ
781 5289 941 5343 τοῦτο
980 5292 1155 5343 ἐκεῖνο
1193 5293 1374 5354 αὐτοῖς
1408 5294 1708 5364 διαλεχθεὶς
1746 5295 1880 5366 πρό-

302 5400 461 5455 τερον
485 5425 500 5448 ,
539 5381 728 5451 ἐπειδὴ
769 5381 1057 5435 ἐναπέθετο
1093 5383 1274 5445 αὐτοῖς
1308 5381 1406 5455 τὴν
1443 5385 1573 5454 περὶ
1609 5385 1702 5436 τοῦ
1742 5382 1879 5438 εἶναι

303 5475 468 5527 αὑτὸν
504 5472 663 5539 δόξαν
683 5512 697 5536 ,
725 5473 1062 5545 διακαθαίρει
1089 5473 1250 5527 πάλιν
1274 5474 1413 5528 κατά
1441 5475 1636 5546 μικρὸν
1663 5477 1879 5540 αὐτοὺς,

305 5567 523 5633 ἀνάγων
558 5566 651 5618 ἐπὶ
683 5563 844 5618 τοῦτο
875 5566 937 5618 τὸ
973 5565 1167 5636 δόγμα,
1192 5566 1261 5619 τά
1298 5566 1604 5638 ὑψηλότερα
1630 5568 1757 5639 περὶ
1785 5567 1882 5620 a6-

304 5657 400 5712 τοῦ
439 5657 820 5728 φθεγγόμενος,
861 5658 955 5710 καὶ
989 5658 1082 5710 τὸν
1117 5657 1251 5730 περὶ¹
1278 5659 1378 5729 τῆς
1414 5658 1677 5722 ἀπαθείας
1715 5655 1893 5711 αὐτοῦ.

306 5750 472 5804 κινῶν
507 5749 684 5819 λόγον.
724 5749 834 5802 Καὶ
870 5749 978 5823 γάρ
1018 5767 1194 5832 φησιν
1217 5749 1402 5824 ἕτερος
1442 5750 1762 5824 προφήτης·
1800 5749 1883 5804 Οὐ

307 5927 316 5934 ’
368 5949 397 5982 ⁸
425 5950 548 6014 Erg.
573 5957 626 6001 οι
644 5937 1135 6003 5ωἱ1.ἐσπούδακεν.’

1981 621 2250 678 πεινάσει
2276 663 2292 688 ,
2330 621 2473 678 οὐδὲ
2522 615 2818 682 κοπιάσει.
2856 624 2968 679 Καὶ
3016 623 3046 679 6
3093 623 3264 681 εἰπὼν
3301 619 3393 683 οῦν
3415 669 3430 693 ,
3469 629 3555 683 ὅτι

1979 715 2254 787 ὀργίζεται
2281 757 2296 780 ,
2335 717 2364 770 6
2414 716 2574 781 αὐτὸς
2623 715 2784 771 πάλιν
2829 716 3037 781 δεικνὺς
3060 758 3078 786 ,
3116 718 3197 772 δτι
3234 719 3442 784 ἀπαθὲς
3489 720 3552 774 τὺ

1980 809 2152 872 Θεῖον,
2179 809 2402 878 ἐπάγει·
2439 808 2536 877 Μὴ
2569 809 2673 878 ἐμὲ
2711 808 2877 865 αὐτοὶ
2910 809 3383 880 παροργίζὸυσιν,
3414 811 3550 881 οὺχί

1979 899 2047 954 δὲ
2079 900 2367 970 ἑαυτούς-,τ
2405 902 2515 955 Καὶ
2549 903 2577 955 6
2614 899 2800 966 εἰπὼν,
2842 900 2923 954 ὅτι
2955 903 3013 954 ἐν
3053 901 3131 974 τῷ
3169 902 3280 974 ναῷ
3318 903 3483 967 ἐστιν,
3523 904 3552 956 6

1979 991 2142 1057 αὐτὸς
2172 993 2329 1048 πάλιν
2355 993 2538 1064 φησὶν,
2563 993 2646 1046 ὅτι
2669 994 2789 1047 Οὐκ
2815 991 3122 1060 ἄνθρωπος
3140 993 3210 1047 ἐν
3242 992 3339 1050 σοὶ
3361 993 3548 1064 ἅγιος.

1977 1083 2076 1138 καί
2131 1086 2242 1140 οὐκ
2291 1087 2712 1154 εἰσελεύσομαι
2760 1087 2846 1152 εἰς
2882 1085 3092 1139 πόλιν·
3132 1085 3410 1142 τουτέστιν
3435 1086 3546 1148 ,υύ

1976 1174 2301 1246 περιέχομαι
2337 1175 2504 1247 τόπῳ.
2532 1176 2592 1229 Εἰ
2625 1176 2682 1228 δέ
2717 1177 2792 1248 μὴ
2821 1177 2984 1230 πᾶσιν
3013 1173 3295 1243 ἐπεξῆλθε,
3322 1175 3398 1246 τῷ
3429 1193 3551 1228 συν-

1977 1267 2225 1339 ετωτέρῳ
2276 1268 2442 1321 έδωκε
2488 1268 2682 1338 νοῆσαι
2729 1267 2837 1323 ἀπὸ
2879 1267 2988 1320 τῶν
3023 1265 3366 1337 εἰρημένων,
3404 1267 3487 1320 ὅτι
3518 1268 3553 1341 ,ὁ

1975 1357 2092 1413 τῶν
2131 1359 2466 1430 τυραννικῶν
2504 1358 2691 1413 παθῶν
2729 1358 3143 1430 ἀπηλλαγμένος
3182 1359 3275 1411 καὶ
3309 1351 3390 1412 ὧν
3422 1358 3551 1412 ἀνευ

1977 1448 2076 1521 ζῇν
2113 1451 2214 1503 οὐκ
2253 1450 2388 1516 ἔστι,
2431 1451 2608 1522 πολλῷ
2650 1451 2848 1522 μᾶλλον
2884 1451 2993 1504 τῶν
3031 1451 3204 1505 ἄλλων
3242 1449 3549 1521 ἠλευθέρωο

1973 1561 2088 1596 ται.
2126 1543 2217 1597 Διδ
2254 1543 2344 1597 καί
2385 1557 2546 1616 φησι·
2587 1544 2683 1612 Μὴ
2717 1543 2830 1613 ἔσῃ
2860 1544 2940 1609 ὠς
2971 1543 3280 1610 ἅνθρωπος
3305 1543 3549 1606 ὑπνῶν-ς

1975 1635 2087 1688 Καὶ
2138 1634 2415 1705 πανταχοῦ
2465 1634 2559 1689 τὸν
2611 1637 2740 1706 περὶ
2789 1635 3053 1700 ἀπαθείας
3089 1637 3338 1691 ἀνακινεῖ
3372 1635 3546 1704 λόγον.

1977 1727 2140 1780 Ὥστε
2190 1726 2504 1791 κάνταῦθα,
2544 1728 2673 1781 ὃταν
2721 1727 2960 1798 ἀκούσῃς
3013 1727 3216 1798 θυμὸν,
3260 1725 3336 1799 μὴ
3381 1726 3553 1792 πάθος

1975 1817 2182 1889 νόμιζε.
2224 1819 2288 1873 Εἰ
2340 1819 2449 1892 γάρ
2491 1819 2767 1892 ἅνθρωποι
2815 1820 3126 1890 φιλοσοφεῖν
3178 1818 3549 1890 μελετῶντες,

1977 1911 2116 1965 κατά
2145 1912 2206 1965 τὸ
2242 1911 2520 1984 ἐγχωροῦν
2553 1912 2810 1984 ἀόργητοι
2847 1912 3180 1982 διαμένουσι,
3210 1911 3390 1980 πολλῷ
3417 1911 3552 1982 μᾶλ-

1975 2005 2066 2059 λον
2111 2007 2146 2077 ἡ
2195 2005 2498 2074 ἀνώλεθρος
2547 2006 2705 2059 οὐσία
2756 2005 2936 2076 ἐκείνη
2989 2005 3084 2060 καὶ
3133 2005 3412 2076 ἄφθαρτος
3457 2005 3552 2058 καὶ

1975 2096 2211 2168 ἀρῤητος
2247 2097 2340 2152 καὶ
2361 2097 2762 2168 ἀκατάληπτος.
2794 2097 2933 2167 "uox
2959 2097 3112 2169 δρᾷς,
3139 2097 3220 2150 ὅτι
3251 2096 3342 2150 καὶ
3379 2096 3553 2168 ἰατροὶ

1974 2188 2263 2259 τέμνοντες
2287 2228 2303 2253 ,
2341 2188 2380 2259 ἦ
2413 2189 2661 2253 καίοντες
2685 2232 2700 2253 ,
2737 2189 2802 2242 οὗ
2849 2187 3006 2259 θυμῷ
3055 2186 3214 2242 τοῦτο
3262 2187 3550 2250 ποιοῦσιν,

1974 2279 2111 2332 ἀλλά
2150 2278 2336 2350 σκοπῷ
2370 2280 2469 2350 τῆς
2504 2279 2838 2350 διορθώσεως
2859 2321 2875 2344 ,
2912 2280 3012 2334 οὐκ
3059 2279 3400 2352 ὀργιζόμενοι
3439 2282 3556 2340 τοῖς

1976 2369 2292 2440 κάμνουσιν,
2332 2369 2446 2423 ἀλλ’
2485 2369 2759 2434 ἐλεοῦντες
2797 2370 3015 2434 αὐτοὺς,
3040 2372 3135 2424 καὶ
3165 2370 3284 2425 τῶν
3310 2371 3550 2441 νοσημά-

1974 2478 2082 2514 των
2119 2461 2774 2528 ἀπαλλάττοντες;“οταν
2809 2456 2901 2516 οῦν
2938 2462 3097 2534 εἴπῃ·
3134 2462 3234 2531 Μὴ
3272 2461 3353 2529 τῷ
3389 2463 3550 2533 θυμῷ

1974 2568 2091 2608 σου
2138 2554 2395 2623 ἐλέγξῃς
2441 2571 2548 2624 με,
2591 2553 2750 2609 τοῦτο
2795 2555 3094 2626 λέγειιΜὴ
3130 2555 3442 2627 ἀπαιτήσῃς
3481 2573 3549 2625 με

1975 2644 2129 2712 δίκην
2166 2645 2272 2697 τῶν
2312 2645 2717 2716 ἡμαρτημένων
2743 2686 2759 2711 ,
2803 2646 2937 2717 μηδέ
2974 2645 3270 2716 ἐπεξέλθῃς
3303 2648 3416 2710 τοῖς
3453 2662 3552 2699 πε-

1975 2736 2478 2808 πλημμελημένοις.
2496 2737 2785 2806 Ἐλέησόν
2811 2756 2911 2808 με,
2937 2739 3134 2808 Κύριε,
3166 2739 3257 2794 ὅτι
3287 2739 3550 2806 ἀσθενής

1975 2831 2110 2898 εἰμι.
2152 2828 2366 2900 Ταύτης
2401 2829 2602 2893 πάντες
2637 2830 2869 2902 δεόμεθα
2903 2831 3004 2902 τῆς
3043 2833 3262 2903 φωνῆς,
3301 2833 3405 2888 κᾶν
3445 2852 3552 2904 μυ-

1979 2919 2158 2990 ριάκις
2195 2914 2343 2990 ὧμεν
2387 2921 2557 2992 μυρία
2594 2922 3034 2992 κατωρθωκότες,
3059 2924 3161 2978 κᾶν
3197 2925 3336 2996 πρὸς
3370 2925 3554 2996 ἄκραν

1977 3007 2092 3080 [Η]
2116 3010 2338 3080 ἥκοντες
2357 3010 2720 3083 δικαιοσύνην.
2743 3013 2835 3067 Διδ
2855 3014 2948 3067 καὶ
2963 3015 3124 3079 αὐτὸς
3149 3016 3353 3087 προῖὼν
3389 3018 3557 3070 πάλιν

1979 3101 2140 3170 φησίν
2160 3117 2172 3130 ·
2202 3104 2285 3154 Οὐ
2317 3101 2768 3170 δικαιωθήσεται
2802 3105 3059 3160 ἐνώπιόν
3095 3121 3213 3162 σου
3249 3105 3368 3173 πᾶς
3403 3097 3561 3169 ζῶν·

1977 3187 2172 3254 καὶτὸ,
2205 3190 2342 3247 Ἐὰν
2365 3193 2616 3262 ἀνομίας
2641 3197 3060 3268 παρατηρήσῃ,
3087 3201 3180 3268 τις
3200 3204 3543 3272 ὑποστήσε-

1975 3295 2068 3332 ται
2085 3294 2106 3343 ;
2134 3279 2226 3332 καὶ
2255 3280 2284 3332 6
2322 3281 2552 3345 Παῦλος·
2581 3285 2774 3342 Οὐδὲν
2811 3286 3046 3357 ἐμαυτῷ
3091 3291 3363 3358 σύνοιδα,
3406 3292 3553 3348 ἀλλ”

1949 3367 2088 3424 ὀὐκ
2123 3370 2194 3423 ὲν
2228 3370 2418 3436 τούτῳ
2451 3371 2858 3444 δεδίκαίωμαι·
2890 3376 2984 3430 καὶ
3014 3377 3232 3450 ἕτερος·
3279 3379 3374 3444 Τίς
3407 3395 3552 3432 καυ-

1977 3459 2227 3529 χήσεται
2263 3461 2460 3531 ἁγνὴν
2494 3463 2659 3532 ἔχειν
2692 3464 2808 3533 τὴν
2843 3467 3135 3536 καρδίαν;
3179 3467 3220 3537 ἢ
3270 3467 3364 3534 τίς
3400 3471 3551 3538 πειρε

1969 3549 2328 3618 ῥησιάσεται
2380 3553 2640 3621 καθαρὸς
2690 3551 2844 3610 εἶναι
2891 3557 3008 3612 ἀπὸ
3052 3559 3297 3626 ῥύπου;
3346 3559 3553 3627 Πάντες

1976 3641 2157 3694 τοίνυν
2193 3642 2376 3707 ἐλέους
2411 3644 2641 3714 δεόμεθα
2664 3683 2680 3710 ,
2716 3646 2830 3701 ἀλλ’
2867 3649 2929 3702 οὐ
2969 3650 3171 3714 πάντες
3205 3649 3345 3718 ἄξιοί
3384 3653 3553 3722 ἐσμεν

1975 3733 2071 3786 τοῦ
2120 3733 2404 3790 ἐλεεῖσθαι.
2445 3737 2555 3790 Καὶ
2606 3737 2721 3810 γὰρ
2753 3741 2801 3793 εἰ
2838 3741 2932 3794 καὶ
2980 3741 3126 3806 ἔλεός
3173 3745 3360 3811 ἐστιν,
3399 3745 3562 3815 ὅμως.-

1975 3824 2068 3878 τὸν
2105 3825 2252 3892 ἀξιον
2290 3826 2570 3898 ἐπιζητεῖ·
2613 3829 2868 3903 καθάπερ
2913 3833 3075 3898 αὐτὸς
3126 3835 3264 3906 πρὸς
3311 3837 3553 3908 Μωῦσῆν

1978 3917 2116 3989 ἔφη·
2172 3921 2434 3991 Ἐλεήσω
2490 3923 2564 3977 ὃν
2612 3925 2689 3978 ἂν
2737 3924 2919 3990 ἐλεῶ,
2959 3927 3058 3980 καί
3094 3928 3444 3996 οἰκτειρήσω
3477 3930 3553 3984 ὃν

1977 4005 2055 4061 ἂν
2103 4010 2389 4078 οἰκτείρω.
2427 4011 2487 4065 Ὀ
2527 4013 2626 4082 μὲν
2672 4011 2769 4069 οὖν
2822 4015 2971 4080 ἄξιόν
3021 4033 3074 4070 τι
3124 4017 3216 4072 τοῦ
3266 4018 3568 4090 ἐλεηθῆναι-

1979 4099 2231 4170 ποιήσας,
2265 4103 2408 4173 ἐρεῖ·
2453 4103 2742 4173 Ἐλέησόν
2770 4125 2880 4177 με·
2920 4109 2949 4162 ὁ
2984 4107 3042 4162 δὲ
3080 4109 3326 4164 ἐκϐαλὼν
3361 4111 3553 4166 ἐαυτὸν

1976 4189 2071 4244 τοῦ
2106 4191 2307 4265 ταύτης
2342 4197 2525 4265 τυχεῖν
2561 4197 2661 4270 τῆς
2700 4199 3049 4273 συγγνώμης,
3091 4203 3267 4274 μάτην
3302 4205 3419 4275 ἐρεῖ
3453 4205 3548 4257 τό·

1987 4281 2391 4351 Ἐλέησον..Εί
2424 4285 2532 4358 γὰρ
2569 4289 3176 4362 ἐφ”ἆπαντας-έμελλεν
3213 4294 3241 4346 6
3277 4294 3424 4358 ἔλεος
3456 4294 3550 4366 έρ-

1976 4374 2168 4445 χεσθαι
2190 4418 2205 4442 ,
2243 4376 2417 4442 οὐδεὶς
2468 4378 2534 4433 ἂν
2582 4380 2869 4454 ἐκολάσθη.
2910 4382 3070 4440 Ἀλλά
3122 4385 3216 4439 καὶ
3250 4380 3403 4450 οὗτος
3438 4387 3568 4458 ἐχειτ

1976 4465 2100 4519 τινὰ
2138 4466 2349 4539 κρίσιν,
2385 4471 2488 4523 καὶ·
2514 4469 2605 4525 τὸν
2640 4471 2788 4537 ἄξιον
2823 4475 3326 4547 ἐπιζητεῖ.καὶ·τδν
3362 4479 3564 4550 ἐπιτήμ

1977 4557 2139 4624 δειον,
2179 4558 2317 4613 ὥστε
2357 4561 2520 4614 αὐτοῦ
2557 4563 2881 4636 ἀπολαῦσαιε

2051 4672 2132 4742 β’..
2157 4671 2349 4726 Πολλοί⁵
2377 4673 2508 4742 γοῦν
2533 4673 2789 4740 πολλάκις
2811 4679 2925 4742 τοῖς
2944 4679 3125 4743 αὐτοῖς
3159 4681 3552 4754 ἁμαρτήμασιν

1979 4763 2270 4818 ὑπεύθυνοι
2309 4765 2604 4834 γεγόνασι,
2642 4767 2739 4821 καὶ
2782 4769 2843 4823 οὐ
2881 4769 2987 4843 ’τῆν
3036 4772 3212 4844 αὐτὴν
3255 4773 3441 4828 ἔδοσαν
3475 4774 3566 4828 δι..

1978 4872 2082 4927 κην
2107 4894 2122 4920 ,
2163 4855 2353 4926 ἐτέρας
2403 4856 2617 4927 ἔχοντες
2665 4858 2858 4924 αἰτίας·
2891 4863 3294 4934 προῖσταμένας
3332 4866 3548 4920 αὐτῶν·

1980 4945 2096 5007 καὶ,
2137 4945 2186 4997 εί
2225 4944 2500 5016 βούλεσθε,
2541 4947 2713 5020 τούτῳ
2753 4949 2846 5004 νῦν
2883 4952 3313 5025 ἐνδιατρίψωμεν
3347 4955 3428 5027 τῷ
3465 4957 3556 5011 λό-

1981 5034 2375 5106 γῳ.”Ἠμαρτον
2405 5036 2644 5092 Ἰουδαῖοι
2681 5039 3022 5106 πάντες,.καὶ
3059 5043 3549 5118 είδωλολάτρησαν·

1977 5123 2094 5176 ἀλλ’
2115 5125 2176 5178 οὐ
2202 5124 2405 5190 πάντες
2440 5126 2538 5198 τὴν
2575 5127 2742 5200 αὐτὴν
2780 5128 2968 5183 ἔδοσαν
3003 5131 3190 5204 δίκην·
3224 5131 3340 5188 ἀλλ’
3362 5136 3414 5188 οἱ
3447 5123 3554 5207 ,μὲν

1979 5215 2174 5270 ἔπεσον
2196 5257 2212 5280 ,
2251 5219 2312 5271 οἰ·
2337 5218 2396 5272 δὲ
2435 5219 2766 5292 συγγνώμης
2803 5222 3140 5300 ἀπέλαυσαν.
3174 5225 3262 5282 Ἐν
3298 5225 3407 5299 γὰρ
3442 5229 3555 5294 τοῖς

1982 5309 2369 5382 ἁμαρτήμασιν
2405 5311 2503 5382 οὐχ
2533 5313 2566 5383 ἡ
2602 5312 2762 5381 φύσις
2791 5313 3034 5385 ζητεῖται
3068 5317 3226 5388 μόνον
3263 5319 3356 5372 τοῦ
3393 5335 3554 5391 γεγε-

1979 5398 2213 5468 νημένου
2237 5437 2256 5462 ,
2293 5397 2429 5453 ἀλλά
2463 5400 2558 5453 καὶ
2594 5403 2626 5472 ἡ
2666 5401 2855 5475 γνώμη
2876 5446 2893 5469 ,
2927 5405 3025 5458 καὶ
3060 5408 3089 5460 6
3125 5406 3346 5478 καιρὸς,
3388 5407 3481 5461 καὶ
3519 5411 3554 5480 ἠ

1979 5487 2128 5541 αἰτία
2152 5523 2170 5549 ,
2209 5489 2302 5542 καὶ
2355 5488 2427 5543 τά
2484 5490 2636 5560 μετὰ.
2667 5492 2766 5565 τὴν
2812 5495 3117 5567 ἁμαρτίαν·
3155 5499 3206 5550 εί
3240 5499 3290 5551 οἰ
3332 5499 3430 5569 μὲν
3467 5501 3556 5558 6v-

1981 5576 2225 5647 έμειναν,
2263 5579 2312 5630 of.
2350 5577 2411 5631 δὲ
2447 5580 2799 5652 μετενόησαν,
2840 5584 2933 5635 καὶ
2971 5585 3019 5636 εἰ
3057 5585 3121 5636 ἐκ
3158 5585 3554 5656 περιστάσεως,

1982 5669 2075 5721 καὶ
2113 5669 2162 5721 εἰ
2199 5667 2342 5722 κατὰ
2373 5670 2607 5742 ἀπάτη-ν,
2649 5671 2746 5726 καὶ
2785 5673 2924 5728 κατά
2963 5673 3212 5745 μελέτην.
3236 5675 3346 5730 Καὶ
3383 5677 3554 5732 πολλά

1983 5761 2100 5812 ἐστι
2137 5757 2205 5814 τά
2243 5759 2583 5833 ζητούμενα,
2621 5763 2717 5830 καὶ
2752 5763 2946 5837 καιροῦ
2982 5765 3234 5839 διαφορὰ,
3274 5768 3369 5824 καὶ
3403 5767 3555 5824 πολι·

1981 5849 2133 5913 τείας
2169 5853 2520 5918 κατάστασις.
2562 5848 2688 5911 Οἷὸν
2722 5873 2777 5910 τι
2804 5856 2982 5926 λέγω·
3021 5859 3270 5930 ἥμαρτον
3300 5862 3352 5915 σί
3389 5862 3449 5914 ἐν
3486 5865 3555 5941 τῇ

1987 5941 2234 6013 namq,
2273 5944 2642 6017 ἁμαρτάνουσι
2683 5949 2774 6003 καὶ
2808 5951 2856 6004 οί
2897 5951 2954 6008 ἐν
2989 5954 3056 6024 τῇ
3097 5954 3304 6026 Καινῇ·
3357 5940 3423 6008 οῦ
3456 5940 3566 6027 τὴν.
