4074 6356
518 455 591 514 π
1183 449 1244 510 S.
1285 449 1570 510 JQANNIS
1604 449 2099 509 CHRYSOSTOMI
2133 452 2460 513 ARCHIEP.
2498 457 3048 522 CONSTANTINOP.

516 570 684 644 αὐτὴν
718 568 776 624 δέ
813 565 1047 624 διδόασιν
1081 564 1382 640 ἀμφότεροι
1416 566 1610 639 δίκην,
1643 565 1758 622 ἀλλ’
1792 560 1936 624 οὗτοι
1990 585 2090 638 χα-

515 655 850 728 λεπωτέραν.
873 652 984 708 Καὶ
1007 650 1166 706 τοῦτο
1190 651 1366 724 δηλῶν
1390 651 1420 705 ό
1445 650 1654 715 Παῦλος
1682 650 1866 720 ἔλεγεν
1885 668 1900 684 ο
1941 652 2092 708 Ἀθε-

512 743 708 810 τήσας
738 758 828 807 τις
855 739 1043 808 νόμον
1067 734 1383 802 Μωυσέως,
1431 735 1611 806 χωρίς
1646 733 1962 804 οἰκτιρμῶν
1992 735 2091 789 ἐπὶ

514 828 699 883 δυσὶν
734 825 775 896 ἢ
811 824 971 894 τρισί
1003 821 1306 892 μάρτυσιν
1339 819 1728 886 ἀποθνήσκει.
1759 822 1956 883 Πόσῳ,
1996 817 2094 871 δο-

512 913 668 968 κεῖτε
685 954 700 977 ,
730 911 1000 982 χείρονος
1020 906 1416 974 ἀξιωθήσεται
1447 904 1723 974 τιμωρίας
1751 906 1785 958 ὀ
1810 902 1918 957 τόν
1957 901 2094 956 Υίόν

512 997 620 1052 τοῦ
661 995 810 1050 Θεοῦ
848 990 1301 1058 καταπατήσας,
1328 988 1427 1042 καί
1466 987 1533 1042 τὸ
1570 983 1713 1058 αἷμα
1749 985 1858 1056 τῆς
1895 983 2094 1050 διαθή-

513 1099 629 1148 κης
673 1077 880 1134 κοινόν
913 1075 1332 1146 ήγησάμενος;
1373 1072 1541 1126 Ὅταν
1579 1071 1634 1124 δὲ
1671 1071 1797 1142 εἴπῃ
1821 1111 1835 1134 ,
1877 1071 2088 1133 Πόσῳ,

513 1163 773 1225 δοκεῖτε,
815 1159 1087 1228 χείρονος
1123 1154 1520 1222 ἀξιωθήσεται
1555 1155 1865 1224 τιμωρίας,
1908 1154 2092 1205 ἐπιτε-

511 1245 753 1318 ταμένην
786 1242 1024 1298 δείκνυσι
1059 1239 1157 1311 τὴν
1189 1237 1721 1308 κόλασιν.”Ημαρτον
1758 1238 1806 1289 οἱ
1848 1233 1954 1306 πρὸ
1993 1232 2088 1286 τοῦ

511 1331 702 1401 νόμου,
742 1326 838 1382 καὶ
872 1326 921 1379 οἰ
955 1326 1014 1378 ἐν
1050 1323 1129 1395 τῷ
1165 1323 1334 1393 νόμῳ.
1363 1320 1530 1376 Πάλιν
1569 1321 1619 1374 οἰ
1659 1319 1912 1391 πρότεροι
1949 1319 2089 1389 ἡμε-

513 1415 760 1489 ρωτέραν
794 1411 997 1466 διδόασι
1033 1410 1188 1481 δίκην
1215 1421 1266 1461 ι.
1308 1408 1419 1462 Kal
1459 1407 1618 1461 τοῦτο
1655 1405 1829 1476 δηλῶν
1863 1404 2048 1489 ἔλεγεν
2072 1419 2086 1434 ·

515 1487 678 1552 Ὅσοι
701 1497 810 1567 γὰρ
832 1494 1067 1564 ἀνόμως
1092 1493 1376 1562 ἥμαρτον,
1399 1491 1635 1560 ἀνόμως
1661 1489 1758 1543 καί
1785 1487 2090 1542 ἀπολοῦν-

508 1596 624 1635 ται.
659 1579 1043 1648 Τδ,Ἀνόμως,
1072 1577 1193 1647 οὐχὶ
1227 1574 1627 1645 χαλεπώτερον,
1663 1572 1777 1626 ἀλλ’
1809 1569 2090 1642 ἡμερώτε-

511 1680 624 1738 ρον.
658 1661 764 1718 Καὶ
802 1660 936 1715 ὅσοι
972 1659 1043 1713 ἐν
1077 1660 1239 1728 νόμῳ
1278 1657 1566 1727 ἥμαρτον,
1604 1656 1702 1710 διὰ
1735 1655 1924 1724 νόμου
1962 1671 2088 1721 κρι-

509 1746 818 1818 θήσονται.
843 1745 911 1798 Τί
944 1743 1007 1814 δή
1041 1758 1201 1807 ποτε;
1230 1742 1352 1796 ’Ότι
1378 1743 1427 1795 οἰ
1455 1742 1552 1812 μὲν
1579 1740 1677 1812 τὴν
1713 1741 1780 1810 φύ
1793 1759 1870 1794 σιν
1902 1739 2086 1810 έχουσι

508 1832 838 1900 κατήγορονο
874 1828 926 1880 οἰ
962 1827 1018 1880 δὲ
1058 1824 1197 1898 μετὰ
1229 1825 1330 1895 τῆς
1368 1826 1582 1894 φύσεως
1620 1823 1714 1877 καὶ
1748 1823 1840 1876 τὸν
1877 1822 2040 1894 νόμον
2067 1837 2083 1851 ·

508 1914 603 1967 καὶ
637 1914 747 1983 ὅσῳ
785 1909 1026 1972 πλείονος
1063 1906 1379 1962 ἀπέλαυσαν
1425 1907 1527 1976 τῆς
1574 1905 1955 1971 διδασκαλίας,
1994 1923 2084 1958 τοο

505 1999 683 2069 σοότῳ
720 1995 941 2070 μείζονα
971 1995 1364 2064 ὕποστήσονται
1388 1992 1627 2046 κόλασιν.
1656 1992 1823 2046 Πάλιν
1854 1993 1949 2045 καὶ
1977 1992 2085 2046 ἀπὸ

503 2081 615 2136 τῶν
649 2079 973 2150 ἀξιωμάτων
1008 2077 1070 2131 τὸ
1106 2076 1238 2130 αὐτὸ
1277 2075 1424 2129 ἐστιν
1464 2075 1589 2128 ἰδεῖν
1629 2075 1944 2146 συμϐαῖνον,
1988 2075 2083 2128 καὶ

503 2163 661 2236 δῆλον
696 2162 804 2218 ἀπὸ
839 2161 939 2233 τῆς
974 2160 1184 2223 θυσίας.
1209 2158 1379 2229 ’Υπὲρ
1420 2157 1618 2222 παντὸς
1654 2157 1782 2227 γοῦν
1820 2157 1912 2210 τοῦ
1950 2155 2080 2210 λαοῦ

503 2245 738 2316 τοσαύτη
774 2244 1142 2318 προσεφέρετο
1180 2241 1341 2296 θυσία
1378 2243 1750 2314 ἁμαρτόντος,
1790 2241 1889 2311 ὅση
1941 2241 2080 2312 ὑπὲρ

502 2331 618 2402 τοῦ.
654 2330 846 2402 ἰερέψ
868 2327 1093 2402 λμόνουο
1135 2325 1421 2402 δηλοῦντος
1467 2324 1570 2402 τοῦ
1619 2324 1814 2402 λόγου,
1852 2325 1936 2402 δτι
1970 2325 2080 2402 ὅσιρ

509 2348 599 2385 του
655 2346 843 2402 ιερεως
937 2346 1093 2380 ονοιν
1135 2346 1421 2396 οηΛουντος
1474 2346 1570 2378 του
1622 2346 1814 2392 Αογου,
1852 2346 1932 2378 οτι
1970 2346 2080 2393 οσῳ

509 2400 692 2472 μεῖζον
727 2399 790 2455 τὸ
825 2346 1076 2466 ἀξίίημα,
1115 2395 1354 2466 τοσούτῳ
1395 2395 1748 2466 χαλεπωτέρα
1786 2394 1878 2448 καί
1913 2396 1946 2466 ἡ
1988 2395 2084 2447 κό-

504 2483 659 2546 λασις
695 2485 754 2536 ἐν
789 2476 872 2546 οἷς
909 2479 1304 2550 ἁμαρτάνουσι.
1344 2478 1441 2531 Διά
1477 2477 1540 2546 δὴ
1577 2477 1735 2530 τοῦτο
1764 2475 1940 2548 [4211]
1981 2477 2079 2546 μὲν

503 2567 702 2630 ἁπλῶς
743 2562 1088 2635 πορνεύσασα
1132 2563 1419 2633 ἀνῃρεῖτο·
1461 2562 1494 2631 ἠ
1531 2561 1588 2613 δὲ
1623 2559 1719 2614 τοῦ
1762 2561 1950 2631 ἱερέως
1987 2559 2082 2612 θυ-

503 2652 683 2722 γάτηρ
720 2645 1224 2703 κατεκαίετο.Ἔστι
1255 2645 1350 2698 καὶ
1377 2645 1640 2716 ἑτέρωθεν
1677 2645 2081 2722 ἰδεῖνῌσυγγνώο

507 2720 763 2805 μηνί-καὶ
810 2729 1060 2783 ἐπίτασιν
1095 2727 1365 2800 τιμωρίας
1411 2727 1730 2796 γινομένηνο
1771 2720 1914 2791 οἷον,
1951 2729 2080 2780 ὅταν

501 2833 589 2879 τις
626 2812 909 2886 ἀμαρτὼν,
948 2810 1182 2866 ἐνταῦθα
1219 2810 1294 2882 δῷ
1329 2810 1517 2881 δίκην,
1556 2810 1740 2880 ἕτερος
1777 2809 1833 2863 δέ
1869 2808 2081 2880 τρυφῆς

501 2897 807 2971 ἀπολαύσῃ.
836 2896 896 2951 Ὀ
932 2897 1031 2968 μὲν
1068 2895 1176 2968 γὰρ
1215 2893 1437 2966 μείζονα
1473 2895 1622 2954 ἐκεῖ,
1662 2895 1690 2946 ό
1727 2893 1784 2946 δὲ
1823 2893 2080 2947 ἐλάττονα

503 2983 874 3055 ὖποστήσεται
911 2977 1203 3050 τιμωρίαν,
1235 2977 1328 3030 ἐὰν
1369 2977 1443 3048 μὴ
1479 2975 1711 3029 ἐνταῦθα
1746 2976 1920 3030 πάντα
1952 2979 2081 3030 ἀπο-

497 3065 754 3139 λύσηται.
795 3063 903 3119 Καὶ
949 3061 1109 3116 τοῦτο
1158 3059 1336 3132 δηλῶν
1378 3062 1407 3113 ό
1447 3060 1678 3131 Χριστὸς
1728 3060 1937 3128 εἰσάγει
1986 3061 2079 3114 τὸν

514 3149 768 3222 Ἀϐραὰμ
797 3148 1028 3216 λέγοντα
1053 3145 1130 3217 τῷ
1154 3144 1420 3215 πλουσίῳ·
1457 3143 1773 3222 Ἀπέλαϐες
1795 3143 1864 3197 τὰ
1889 3144 2081 3214 ἀγαθά

501 3221 642 3299 σου,
667 3228 845 3298 οὗτος
883 3227 951 3284 δὲ
987 3230 1060 3283 τὰ
1097 3225 1286 3281 κακά’
1327 3225 1426 3279 καὶ
1460 3225 1578 3280 νῦν
1613 3221 1793 3292 οὗτος
1820 3242 2082 3295 παρακαρ

499 3317 711 3387 λεῗται,
747 3315 830 3370 σὺ
866 3315 934 3369 δὲ
972 3311 1283 3368 ὀδυνᾶσαι.
1301 3308 1442 3362 Ἀλλ’
1463 3303 1615 3373 οὗτος
1654 3309 1752 3380 μὲν
1787 3310 2111 3383 ὁλόκληρον-

501 3399 734 3455 ἀπέθετο
768 3398 868 3469 τὴν
904 3395 1195 3468 τιμωρίαν,
1231 3393 1300 3447 δι’
1337 3391 1375 3447 ἀ
1425 3392 1594 3446 ἔπαθε
1647 3394 1861 3456 κακῶς*
1901 3395 2078 3466 ἕτεροι

500 3483 562 3538 δέ
597 3483 697 3555 οὔχ
731 3480 1048 3552 ὁλόκληρον,
1089 3477 1204 3532 ἀλλ’
1227 3478 1292 3530 ἐκ
1331 3475 1530 3546 μέρους
1555 3492 1571 3507 ο
1608 3474 1689 3528 διὸ
1725 3477 1820 3529 καὶ
1856 3477 2078 3549 ἡμερώ-

499 3584 660 3639 τερον
696 3565 1030 3630 κολάζονται.
1081 3563 1206 3615 Ἰδοι
1229 3561 1274 3614 δ’
1311 3559 1378 3615 ἀν
1412 3575 1495 3622 τις
1533 3559 1628 3612 καί
1667 3559 1773 3613 ἀπὸ
1812 3561 2082 3626 συνέσεως

502 3649 902 3722 ἐπιτεταμένης
937 3647 1032 3701 καὶ
1071 3645 1179 3700 ἀπὸ
1209 3642 1468 3712 ἀφελείας
1496 3642 1758 3714 διαφορὰν
1786 3645 2078 3715 γινομένην

501 3733 798 3797 κολάσεως,
826 3734 954 3786 ὅταν
981 3729 1146 3801 λέγῃ’
1175 3727 1228 3780 Ὀ
1257 3726 1479 3792 δοῦλος
1505 3728 1538 3779 ὀ
1561 3725 1732 3792 εἰδὼς
1760 3729 1822 3779 τὸ
1850 3727 2079 3796 θέλημα

502 3816 614 3872 τοῦ
647 3817 858 3884 κυρίου
891 3813 1112 3879 αὑτοῦ,
1152 3810 1250 3864 καὶ
1294 3809 1381 3880 μὴ
1421 3809 1714 3879 ποιήσας,
1755 3808 2079 3878 δαρήσεται

501 3897 766 3966 πολλός·
809 3900 842 3952 ὀ
877 3897 946 3951 δὲ
984 3895 1074 3966 μὴ
1123 3893 1330 3960 εἰδὼς,
1363 3892 1521 3962 μηδὲ
1570 3892 1862 3960 ποιήσας,
1897 3894 2073 3964 δαρήο

500 3999 671 4040 σεται
716 3983 944 4051 ὀλίγας.
984 3979 1094 4035 Καὶ
1147 3977 1320 4031 πολλὰ
1369 3977 1530 4048 ἔτερα
1583 3976 1731 4046 εὖροι
1775 3994 1858 4040 τις
1908 3977 1974 4030 ἂν
2009 3977 2080 4033 τά

502 4067 758 4124 ποιοῦντα
793 4065 1057 4138 διαφοράν
1094 4063 1366 4126 κολάσεως
1389 4104 1403 4127 ,
1443 4063 1537 4115 καὶ
1587 4061 1850 4133 διαφοράν
1895 4062 2077 4126 ἐλέους

501 4153 596 4208 καὶ
644 4149 1074 4221 φιλανθρωπίας.
1117 4147 1316 4200 Σκόπει
1354 4145 1410 4198 δὲ
1449 4147 1542 4199 καὶ
1579 4147 1671 4199 ἐπὶ
1717 4147 1810 4198 τοῦ
1863 4163 2076 4217 πρωτο-

503 4235 1054 4304 πλάστου.”Ημαρτεν
1090 4233 1124 4302 ὴ
1163 4229 1297 4295 Εὖα,
1317 4229 1532 4301 ἥμαρτε
1569 4229 1663 4282 καὶ
1699 4232 1729 4284 ό
1762 4229 1951 4300 ’Λδάμ,
1982 4232 2077 4286 καὶ

499 4317 561 4370 τὺ
596 4317 899 4389 ἁμάρτημα
933 4316 1014 4369 ἓν.
1048 4313 1370 4384 Ἀμφότεροι
1417 4313 1526 4384 γάρ
1576 4312 1777 4382 ἔφαγον
1826 4314 1934 4367 ἀπὸ
1977 4315 2073 4370 τοῦ

503 4400 695 4467 ξύλου,
734 4401 833 4454 οὐκ
871 4399 1171 4470 ἀμφότεροι
1206 4397 1264 4450 δέ
1301 4397 1400 4467 τὴν
1438 4397 1607 4466 αὐτὴν
1657 4396 1845 4450 ἔδοσαν
1895 4397 2070 4470 δίκην.

505 4481 777 4553 Ἔσφαξεν
811 4485 840 4537 ὁ
875 4483 1036 4546 Κάῖν,
1069 4482 1164 4535 καὶ
1201 4481 1429 4549 ἔσφαξεν
1463 4482 1493 4534 ό
1534 4481 1750 4551 Λάμεχ·
1789 4483 1884 4535 καὶ
1915 4484 1944 4536 ό
1975 4483 2075 4553 μὲν

499 4568 709 4636 ἠλεεῖτο
733 4606 749 4630 ,
787 4567 817 4620 ό
851 4565 907 4618 δέ
945 4564 1250 4629 ἐκολάζετο.
1291 4562 1546 4628 Συνέλεξέ
1580 4581 1664 4626 τις
1712 4566 1770 4616 ἐν
1819 4565 2074 4636 σαϐϐάτῳ

503 4648 658 4714 ξύλα,
694 4649 790 4702 καὶ
823 4647 1082 4716 οὐδεμιᾶς
1118 4646 1275 4716 ἔτυχε
1315 4646 1641 4716 συγγνώμης
1662 4662 1676 4676 ’
1715 4647 1746 4699 ό
1781 4647 1946 4701 Δαυῒδ
1980 4650 2076 4718 ἐφ-

501 4732 693 4787 όνιυσι
714 4732 809 4786 καὶ
829 4730 1139 4802 ἐμοίχευσε,
1163 4736 1259 4783 καὶ
1288 4729 1562 4782 ἀπέλαυσε
1589 4728 2002 4800 φιλανθρωπίας
2021 4731 2073 4786 ιι.

514 4813 965 4886 Ἐνδιατρίϐωμεν
1026 4811 1203 4866 τοίνυν
1252 4810 1329 4880 τῷ
1379 4809 1684 4882 ζητήματι·
1739 4811 1916 4882 πολλῷ
1966 4813 2075 4885 γάρ

505 4895 708 4969 βέλτιον
743 4896 915 4950 ταῦτα
945 4893 1252 4965 ἀναζητεῖν,
1289 4893 1322 4964 ἢ
1359 4893 1646 4964 φλυαρίαις
1677 4895 1769 4946 καί
1800 4895 2074 4966 συλλόγοις

499 4984 615 5046 τοῖς
650 4984 709 5035 ἐν
745 4981 970 5052 ἀγοραῖς
1006 4976 1411 5051 προσηλῶσθαι.
1445 4978 1518 5030 οὐ
1546 4975 1653 5048 γάρ
1680 4977 1741 5031 τὸ
1773 4979 1951 5049 εὑρεῖν
1981 4981 2074 5050 μό-

499 5081 593 5121 νον
640 5063 712 5118 τά
756 5060 1018 5126 τοιαῦτα,
1060 5060 1194 5115 ἀλλὰ
1233 5062 1324 5114 καὶ
1355 5059 1417 5112 τὸ
1453 5059 1635 5129 ζητεῖν
1695 5060 1836 5131 μέγα
1886 5063 2074 5133 κέρδος

501 5148 656 5213 ἐστὶ,
696 5146 801 5202 κᾶν
855 5144 931 5218 μὴ
979 5144 1249 5215 εὕρωμεν.
1289 5143 1835 5214 Ἀναγκασθησόμεθα
1872 5146 1978 5218 γάρ
2016 5149 2073 5200 ἐν

497 5231 710 5295 τούτοις
747 5227 1172 5300 ἀπασχολεῖσθαι
1197 5266 1212 5291 ,
1255 5237 1279 5266 ο
1313 5226 1408 5280 καὶ
1444 5225 1536 5279 τὸν
1573 5228 1764 5298 καιρὸν
1803 5229 1978 5283 πάντα
2015 5231 2074 5283 ἐν

497 5315 682 5379 αὐτοῖς
717 5314 981 5384 δαπανᾷν.
1023 5312 1181 5374 Τίνος
1217 5305 1312 5364 οὖν
1347 5309 1534 5363 ἕνεκεν
1569 5310 1672 5380 (δεῖ
1705 5311 1814 5383 γὰρ
1853 5314 1944 5366 ἐπὶ
1981 5315 2072 5368 τὸν

497 5398 759 5471 πρότερον
781 5397 1113 5468 ἀναδραμεῖν
1137 5395 1337 5463 λόγον),
1364 5397 1870 5466 μοσχοποιησάντων
1900 5399 2072 5452 άπάν..

493 5497 606 5536 των
641 5480 752 5535 τῶν
782 5480 1048 5534 Ἰουδαίων
1071 5517 1088 5544 ,
1127 5479 1178 5532 οἰ
1219 5478 1319 5550 μὲν
1371 5476 1710 5547 ἐκολάζοντο,
1760 5483 1811 5537 οἱ
1859 5483 1916 5536 δὲ
1971 5485 2071 5537 οὐκ

561 5639 588 5668 ⁸
610 5637 746 5688 Coll).
769 5637 955 5686 διδόασι
972 5636 1188 5686 κόλασιν.

560 5699 590 5741 δ
612 5700 784 5762 Μοεθι.
811 5700 892 5762 καί
906 5699 1150 5762 ἀπέλαυσε
1175 5699 1426 5762 σωτηρίας.

559 5762 586 5792 ⁸
613 5762 662 5810 In
685 5760 810 5824 Reg.
852 5760 1114 5824 nliqnando
1149 5760 1442 5809 verba'cum
1475 5761 1760 5822 synonymis
1784 5766 2067 5824 mutantur,

494 5822 756 5936 mando
768 5821 937 5874 leues
954 5829 1189 5874 manente
1211 5834 1360 5874 sensu
1379 5821 1670 5884 invenitur;
1704 5823 1792 5874 sed
1813 5821 2070 5895 άιιροσδιοὲ

625 5901 668 5936 ι’...

625 5901 668 5941 ιι.

2189 567 2543 640 ἐκολάζοντο;
2581 576 2703 629 Ὀτι
2757 579 2805 630 οἰ
2859 578 2960 648 μὲν
3002 575 3352 648 μετενόησαν,
3395 581 3489 634 καὶ
3527 582 3623 652 τὴν
3661 583 3765 652 φύ-

2192 671 2276 706 σιν
2313 655 2481 726 αύτὴν
2515 659 2807 731 ἠγνόησαν,
2832 660 2919 714 διά
2944 662 3042 733 τὴν
3073 661 3355 716 εὐλάϐειαν
3387 668 3511 728 τοὺς
3531 666 3767 733 οἰκείους

2187 739 2664 808 κατασφάξαντεςο
2701 745 2753 796 οἰ
2788 744 2846 796 δὲ
2883 745 3322 815 ἐνέμενον.Ὢστε
3358 747 3419 799 τὸ
3455 747 3551 818 μὲν
3581 749 3763 821 ἀμάρ-

2187 841 2338 894 τημα
2379 825 2523 878 ἴσον·
2557 826 2626 880 τὰ
2660 827 2716 880 δὲ
2755 828 2897 898 μετά
2931 829 3106 882 ταῦτα
3140 830 3240 883 οὐκ
3277 831 3386 884 ίσα.
3417 833 3573 896 Τίνος
3597 833 3653 886 δὲ
3677 833 3764 886 ’ἐν-

2187 921 2310 958 εκεν
2349 909 2443 960 καὶ
2481 909 2572 962 ἐπὶ
2620 909 2714 964 τοῦ
2766 910 2937 982 Ἀδὰμ
2973 914 3064 966 καὶ
3101 914 3198 983 τῆς
3237 912 3378 978 Εὔας
3417 915 3516 986 ούχ
3551 917 3583 986 ἠ
3621 916 3764 988 αὑτὴ

2188 992 2448 1059 τιμωρία,
2475 995 2523 1045 εἰ
2561 995 2654 1047 καὶ
2691 995 2830 1066 αύτὴ
2867 997 2901 1066 ἡ
2941 997 3216 1067 ἁμαρτίας
3251 998 3373 1049 Ὅτι
3411 999 3509 1052 ούκ
3545 994 3614 1069 ἦν
3648 1000 3762 1053 ἴσον

2189 1071 2250 1124 τὸ
2287 1073 2391 1126 ὑπὸ
2428 1077 2684 1142 γυναικὸς
2720 1077 3086 1150 ἀπατηθῆναι,
3127 1081 3222 1132 καὶ
3260 1080 3366 1132 ὑπὸ
3402 1081 3598 1150 δφεως.
3638 1083 3760 1134 Διό-

2191 1172 2296 1226 περ
2349 1158 2524 1211 ὲκεῖνο
2573 1160 2787 1231 ἀπάτην
2823 1162 2852 1214 ό
2890 1161 3098 1228 Παῦλος
3135 1163 3358 1217 ἐκάλεσε
3380 1205 3395 1226 ,
3436 1164 3608 1234 λέγων
3633 1183 3647 1198 ο
3696 1165 3764 1219 ὀ

2203 1239 2383 1308 Ἀδὰμ
2419 1244 2528 1295 οὐκ
2565 1243 2873 1313 ἠπατήθη,
2913 1247 2952 1314 ή
2992 1245 3060 1298 δὲ
3096 1245 3250 1316 γυνὴ
3288 1247 3656 1316 ἀπατηθεῖσα
3690 1248 3765 1301 ἐν

2187 1323 2518 1392 παραϐάσει
2555 1325 2779 1396 γέγονε.
2815 1328 2972 1392 Τίνος
3007 1329 3065 1382 δὲ
3102 1329 3286 1384 ἐνεκεν
3325 1331 3422 1384 καὶ
3457 1332 3486 1384 ό
3519 1330 3588 1384 τά
3625 1330 3763 1397 ξύλα

2191 1407 2445 1474 συλλέξας
2479 1411 2582 1463 οὐκ
2615 1409 2772 1482 ἔτυχε
2810 1411 3250 1484 φιλανθρωπίαςς
3277 1415 3398 1469 Ὅτι
3430 1414 3628 1484 πολλῆς
3655 1431 3762 1466 πα-

2192 1494 2454 1565 ρανομίας
2497 1489 2605 1565 ἦν,
2645 1495 2706 1548 τὸ
2741 1496 2806 1550 ἐκ
2842 1497 3140 1568 προοιμίων
3189 1499 3393 1557 εὐθέως
3445 1498 3762 1569 παραϐῆναι

2187 1578 2248 1633 τὺ
2287 1579 2613 1650 πρόσταγμα
2638 1618 2654 1643 ,
2694 1581 2788 1633 καὶ
2825 1580 2929 1635 ἔδει
2967 1583 3062 1636 καὶ
3097 1586 3207 1647 τοῖς
3245 1583 3423 1648 ἀλλοις
3473 1583 3634 1652 φόϐον
3671 1584 3761 1636 ἐν-

2185 1661 2408 1732 τεθῆναι
2451 1661 2635 1716 πολύν.
2675 1663 2845 1716 Τοῦτο
2895 1665 2990 1718 καὶ
3039 1666 3130 1720 ἐπὶ
3175 1667 3275 1737 τῆς
3313 1665 3626 1736 Σαπφείρας
3664 1666 3761 1720 καὶ

2197 1745 2442 1799 Ἀνανίου
2485 1747 2824 1814 γέγονε.Καί
2861 1748 3022 1817 ἡμεῖς
3058 1749 3234 1802 τοίνυν
3271 1749 3399 1802 ὅταν
3436 1748 3760 1820 ἁμαρτάνω-

2187 1848 2306 1902 μεν,
2326 1831 2440 1903 [451
2462 1831 2750 1900 σκοπῶμεν
2768 1833 2815 1884 εἰ
2845 1832 2984 1896 ἄξιοι
3001 1833 3186 1899 ἐλέους
3205 1834 3390 1904 ἐσμὲν,
3431 1838 3478 1889 εἰ
3498 1837 3758 1906 ἐποιήσα-

2187 1915 2289 1985 μέν
2325 1932 2377 1968 τι
2413 1914 2554 1968 ὥστε
2591 1913 2914 1988 ἐλεηθῆναι,
2955 1918 3003 1970 εἰ
3062 1922 3498 1988 μετενοήσαμεν,
3537 1920 3587 1971 εἰ
3638 1919 3761 1989 βελ-

2183 1997 2328 2062 τίους
2380 1999 2709 2068 ἐγενόμεθα,
2751 2002 2799 2053 εἰ
2851 2000 3188 2072 ἀπέστημεν.
3232 2003 3341 2055 Καὶ
3394 2001 3504 2073 γάρ
3552 2001 3614 2054 τὸ
3665 2001 3759 2055 τὸν

2186 2082 2590 2152 μετανοήσαντα
2612 2083 2868 2154 σωθῆναι,
2891 2083 2950 2149 ἐξ
2973 2084 3153 2148 ἐλέους
3183 2086 3295 2138 ἐστὶ
3320 2084 3576 2154 σωθῆναι.
3600 2085 3760 2137 Οὕτω

2182 2165 2313 2234 γοῦν
2361 2167 2455 2219 καὶ
2499 2158 2653 2230 οὗτος
2704 2168 2846 2234 ἀξιοί
2890 2169 3140 2222 ἐντεῦθεν
3188 2169 3462 2240 σωθῆναι,
3502 2167 3609 2221 ἀπὸ
3645 2168 3760 2221 τῶν

2181 2248 2450 2319 δακρύων,
2491 2250 2598 2302 ἀπὸ
2635 2249 2744 2302 τῶν
2783 2250 3014 2322 θρήνων.
3039 2253 3252 2306 Λούσω
3288 2253 3415 2322 γὰρ,
3449 2253 3602 2322 φησὶ,
3623 2253 3758 2305 καθ’

2181 2333 2450 2400 ἑκάστην
2483 2334 2669 2386 νύκτα
2698 2331 2813 2400 τὴν
2836 2335 3055 2402 κλίνην
3080 2351 3230 2405 μου·
3262 2335 3331 2388 ἐν
3358 2334 3618 2403 δάκρυσί
3634 2353 3757 2403 μου

2181 2414 2293 2484 τὴν
2346 2416 2665 2485 στρωμνήν
2705 2434 2825 2486 μου
2871 2416 3091 2485 βρέξω.
3132 2418 3458 2479 Τουτέστιν,
3501 2418 3609 2472 ἀπὸ
3657 2419 3757 2488 τῆς

2181 2500 2543 2566 κατανύξεως.
2564 2499 2895 2569 Ἐταράχθη
2935 2501 3005 2554 τὰ
3031 2499 3182 2555 ὀστᾶ
3208 2519 3349 2570 μου,
3377 2501 3477 2556 καί
3510 2504 3549 2570 ή
3581 2502 3752 2570 ψυχή

2174 2601 2294 2653 μου
2350 2583 2642 2652 ἐταράχθη
2700 2583 2956 2652 σφόδρα.
2995 2581 3110 2638 Ούκ
3157 2585 3356 2648 εὐθέως
3391 2585 3529 2640 αύτά
3564 2585 3755 2652 λέγει,

2180 2665 2294 2719 ἀλλ’
2333 2667 2424 2718 ἐπὶ
2460 2671 2518 2719 τὸ
2556 2668 2828 2720 εύόλισοον
2865 2668 2966 2736 τῆς
3005 2667 3219 2737 φύσεως
3257 2667 3625 2736 καταφεύγει,
3665 2667 3755 2718 λέα-

2179 2766 2325 2818 γων·
2379 2750 2664 2816 Ἐλέησόν
2695 2767 2792 2819 με,
2827 2752 3025 2819 Κύριε,
3063 2751 3151 2804 ὅτι
3188 2751 3453 2818 ἀσθενής
3487 2754 3622 2820 ειμι.
3648 2751 3754 2803 Οὖ-

2179 2849 2288 2896 τως
2319 2829 2462 2897 εἷπε,
2487 2834 2699 2897 δεικνὺς
2735 2834 2814 2886 ὅτι
2838 2835 2937 2886 οὐκ
2969 2834 3129 2905 ἀρκεῖ
3162 2834 3319 2903 μόνον
3349 2833 3506 2887 τοῦτο
3525 2850 3538 2863 ·
3566 2835 3615 2886 εἰ
3644 2834 3758 2904 γάρ

2179 2916 2369 2986 ἢρκει,
2409 2915 2609 2979 πάντες
2645 2915 2710 2969 ἂν
2746 2911 2992 2970 ἐντεῦθεν
3029 2917 3346 2987 ἐσώθημενο
3396 2917 3596 2980 πάντες
3643 2917 3759 2988 γάρ

2179 2999 2348 3068 ἐσμεν
2385 2997 2685 3069 ἄνθρωποι.

2249 3107 2320 3170 γ’.
2353 3103 2506 3173 Ἐμοὶ
2528 3102 2605 3166 δέ,
2629 3105 2676 3156 εἰ
2708 3103 2791 3156 δεῖ
2815 3103 3199 3176 ἀκριϐέστερόν
3220 3121 3272 3158 τι
3301 3105 3426 3175 περὶ
3454 3103 3642 3158 τούτου
3670 3105 3758 3158 εἰ·

2179 3188 2324 3249 πεῖν,
2352 3185 2491 3255 τάχα
2522 3186 2642 3238 ούδέ
2676 3186 2832 3239 τοῦτο
2858 3186 3037 3256 λέγειν
3063 3188 3229 3242 δοκεῖ.
3271 3187 3433 3240 Ἀλλά
3459 3187 3556 3258 τὴν
3587 3188 3758 3240 ἀσθέ-

2179 3287 2329 3326 νειαν
2372 3271 2470 3342 τὴν
2508 3271 2572 3323 ἐκ
2601 3270 2711 3324 τῶν
2763 3270 3082 3340 πειρασμῶν
3115 3271 3472 3342 ἐγγινομένην
3517 3272 3758 3325 αἰνίττε-

2178 3373 2289 3420 ται,
2335 3356 2396 3410 ού
2449 3357 2642 3428 μικρὸν
2691 3355 2787 3410 καὶ
2832 3356 2992 3409 τοῦτο
3035 3355 3312 3426 δικαίωμα
3357 3358 3438 3420 εἰς
3477 3355 3540 3409 τὺ
3568 3359 3756 3426 τυχεῖν

2177 3440 2362 3504 ἐλέους
2388 3443 2482 3495 καὶ
2511 3439 2918 3511 φιλανθρωπίας
2945 3439 3397 3511 προϐαλλόμενος.
3424 3439 3595 3493 Τοῦτο
3621 3439 3758 3508 γοῦν

2179 3525 2274 3578 καὶ
2303 3524 2507 3595 προῖὼν
2533 3522 2771 3594 ᾐνίξατο,
2803 3523 3006 3590 λέγων’
3046 3521 3455 3589 Ἐπαλαιώθην
3486 3522 3558 3575 ἐν
3599 3521 3753 3577 πᾶσι

2178 3606 2303 3672 τοῖς
2337 3605 2572 3676 ἐχθροῖς
2619 3623 2758 3676 μου.
2801 3600 2922 3658 Οἵδε
2949 3603 3057 3674 γὰρ
3095 3605 3190 3657 καὶ
3233 3604 3412 3674 Θλίψις
3446 3605 3562 3675 μετ’
3587 3605 3751 3675 εὐχα-

2181 3690 2392 3764 ριστίας
2434 3689 2706 3761 φερομένη
2731 3727 2749 3752 ,
2796 3687 2998 3756 πολλῆς
3045 3687 3451 3760 φιλανθρωπίας
3496 3689 3753 3743 ὑπόθεσιν

2179 3775 2458 3848 παρέχειν,
2489 3775 2582 3826 καὶ
2611 3773 2737 3826 ἵλεω
2779 3772 2871 3826 τὸν
2911 3771 3044 3824 Θεὸν
3086 3773 3276 3826 ποιεῖν.
3311 3771 3526 3844 Ταύτην
3571 3773 3752 3827 τοίνυν

2181 3877 2270 3932 μοι
2317 3861 2464 3914 δοκεῖ
2508 3859 2605 3912 καί¹
2653 3857 2886 3912 ἐνταῦθα
2927 3856 3280 3924 αἰνίττεσθαι,
3324 3857 3527 3927 λέγων’
3557 3860 3755 3912 Ἵασαί

2171 3963 2268 4016 με,
2295 3945 2490 4013 Κύριε,
2512 3943 2602 3996 ὄτι
2625 3942 2918 4010 ἐταράχθη
2944 3942 3016 3994 τὰ
3040 3939 3192 3996 ὀστᾶ
3218 3959 3356 4010 μου,
3383 3940 3479 3994 καὶ
3510 3942 3548 4010 ἡ
3577 3942 3746 4010 ψυχή

2170 4047 2292 4100 μου
2323 4027 2616 4097 ἐταράχθη
2650 4025 2904 4095 σφόδρα.
2951 4025 3065 4078 Οὐκ
3101 4019 3448 4088 εἰπεν,Ἀνες
3465 4043 3576 4095 μοι,
3604 4025 3748 4090 οὐδὲ,

2166 4112 2355 4175 Ἔνδος
2370 4110 2608 4181 μοι,ἁλλ’
2633 4112 2844 4164 Ἴασαι.
2885 4109 2966 4162 Τά
2995 4108 3104 4181 γὰρ
3140 4110 3382 4182 πρότερα
3409 4111 3550 4176 ἀξιοῖ
3575 4111 3748 4182 τραύ-

2179 4213 2326 4268 ματα
2357 4185 2738 4265 ἀφανισθῆναι.
2777 4194 2940 4246 Ὀστᾶ
2966 4193 3022 4246 δέ
3053 4193 3280 4246 ἐνταῦθα
3307 4195 3404 4266 τὴν
3432 4195 3583 4264 ἰσχὺν
3611 4195 3753 4248 ἀπα-

2177 4295 2276 4331 σαν
2307 4277 2480 4346 λέγει’
2507 4276 2747 4350 ταραχὴν
2777 4275 2854 4338 δὲ,
2883 4275 2982 4347 τὴν
3006 4276 3240 4347 πληγὴν,
3261 4277 3358 4348 τὴν
3379 4277 3618 4340 κόλασιν,
3644 4279 3749 4349 τὴν

2172 4362 2462 4434 τιμωρίαν.
2486 4361 2676 4415 Ἰασαί
2702 4377 2797 4430 με,
2832 4362 3027 4428 Κύριε,
3058 4361 3147 4414 ὅτι
3172 4360 3468 4431 ἐταράχθη
3493 4362 3568 4416 τὰ
3595 4364 3748 4418 ὀστᾶ

2168 4465 2308 4516 μου,
2349 4445 2446 4499 καί
2480 4446 2519 4512 ἠ
2554 4444 2720 4514 ψυχή
2755 4462 2872 4513 μου
2913 4443 3205 4513 ἐταράχθη
3252 4444 3504 4514 σφόδρα.
3535 4446 3751 4518 Ὥσπερ

2171 4531 2266 4590 οὖν
2299 4532 2392 4584 ἐπὶ
2421 4529 2528 4583 τῶν
2561 4529 2761 4600 ἰατρῶν
2786 4528 2912 4599 τρία
2939 4527 3112 4582 ταῦτά
3141 4530 3280 4592 ἐστι,
3311 4529 3508 4600 μᾶλλον
3534 4530 3591 4584 δέ
3624 4532 3748 4584 τέσ-

2174 4636 2336 4690 σαρα,
2361 4615 2396 4688 ἢ
2435 4615 2531 4668 καὶ
2568 4615 2748 4677 πέντε,
2774 4615 2804 4666 ό
2837 4613 3042 4685 ἰατρὸς,
3071 4615 3107 4683 ἠ
3137 4614 3322 4684 τέχνη,
3353 4616 3383 4668 δ
3411 4614 3656 4686 κάμνων,
3682 4618 3747 4669 τὸ

2173 4702 2408 4771 νόσημα,
2449 4699 2556 4752 τῶν
2601 4699 2907 4770 φαρμάκων
2947 4701 2980 4768 ἡ
3013 4699 3263 4769 δύναμις,
3306 4698 3402 4753 καὶ
3441 4702 3747 4772 παράταξξς

2170 4801 2260 4847 τις
2290 4782 2500 4852 γίνεται
2527 4780 2623 4834 καὶ
2658 4779 2836 4851 μάχη’
2870 4780 2936 4834 ἂν
2969 4781 3070 4852 μὲν
3099 4783 3208 4851 γάρ
3242 4781 3379 4852 μετὰ
3404 4782 3499 4835 τοῦ
3534 4785 3746 4854 ἰατροῦ,

2173 4870 2269 4926 καὶ
2313 4871 2412 4938 τῆς
2442 4868 2656 4940 τέχνης,
2697 4869 2791 4921 καὶ
2826 4867 2935 4922 τῶν
2973 4869 3300 4939 φαρμάκων,
3338 4869 3433 4922 καὶ
3473 4871 3505 4940 ἡ
3547 4872 3743 4941 προαίο

2176 4970 2326 5026 ρεσις
2428 4951 2522 5005 τοῦ
2561 4951 2882 5022 κάμνοντος,
2929 4953 3238 5022 ἐκράτησαν
3267 4952 3361 5004 τοῦ
3397 4953 3701 5023 νοσήματος
3723 4969 3740 4983 ο

2172 5037 2238 5092 ἂν
2262 5035 2318 5089 δὲ
2342 5037 2452 5105 ἀφῇ
2493 5033 2556 5087 τὸ
2593 5035 2710 5104 μετ’
2731 5035 2953 5088 ἐκείνων
2985 5034 3402 5104 παρατάξασθαι
3440 5036 3467 5087 ὁ
3496 5035 3742 5106 κάμνων,

2175 5122 2312 5194 πρὸς
2336 5121 2433 5190 τὴν
2457 5118 2766 5189 ἀρρωστίαν
2793 5119 2984 5171 ἑαυτὸν
3014 5117 3226 5186 ἐξάγει·
3255 5119 3286 5188 ἢ
3316 5119 3420 5172 κᾶν
3453 5119 3568 5190 μετ’
3602 5119 3748 5173 ἐκεί-

2171 5221 2270 5272 νης
2307 5203 2685 5274 παρατάξηται
2730 5201 2864 5272 πρὸς
2893 5201 2981 5256 τὸν
3015 5202 3196 5273 ἰατρόν
3238 5203 3330 5255 καὶ
3362 5200 3434 5254 τά
3478 5202 3746 5272 φάρμακα

2173 5287 2267 5340 καὶ
2312 5286 2446 5356 πρὸς
2491 5285 2587 5355 τὴν
2632 5283 2846 5354 τέχνην,
2891 5285 3198 5354 ἀπήνεγκεν
3243 5283 3460 5336 ἐαυτόν’
3503 5283 3646 5338 οὕτω
3677 5287 3744 5357 δὴ

2173 5370 2267 5423 καὶ
2300 5369 2383 5437 ἐφ’
2415 5367 2572 5436 ἡμῶν
2599 5384 2662 5419 συ
2671 5365 2919 5437 μϐαίνει’
2954 5366 3154 5436 μᾶλλον
3179 5367 3236 5420 δέ
3263 5366 3361 5437 οὐχ
3388 5365 3581 5430 οὕτως,
3609 5368 3745 5420 ἀλλά

2172 5451 2351 5521 πολλῷ
2399 5449 2846 5522 παραδοξότερον.
2889 5447 3010 5503 Ἐπὶ
3067 5450 3166 5520 μὲν
3211 5451 3320 5521 γὰρ
3383 5450 3492 5504 τῶν
3543 5452 3744 5522 ἰατρῶν

2172 5537 2428 5601 πολλάκις
2471 5536 2567 5588 καὶ
2618 5534 2756 5605 μετά
2803 5533 2896 5587 τοῦ
2941 5535 3274 5605 νοσήματος,
3320 5534 3414 5588 καὶ
3461 5534 3603 5604 μετά
3641 5535 3743 5604 τῆς

2169 5622 2386 5692 τέχνης,
2417 5619 2509 5673 καὶ
2543 5618 2683 5688 μετὰ
2713 5618 2824 5671 τῶν
2860 5620 3168 5689 φαρμάκων
3194 5621 3223 5672 ό
3251 5619 3474 5689 κάμνων
3503 5619 3739 5682 ἵσταται,

2170 5706 2264 5758 καὶ
2291 5704 2441 5756 οὐδὲν
2482 5700 2680 5772 ὢνησε,
2714 5702 2812 5774 τῆς
2846 5701 3060 5770 φύσεως
3089 5701 3487 5774 ἀσθενησάσης,
3518 5701 3612 5756 καὶ
3641 5702 3743 5771 τῆς

2168 5789 2364 5860 τέχνης
2411 5786 2797 5858 ἀπορησάσης,
2845 5787 2942 5839 καὶ
2983 5787 3083 5857 τῆς
3117 5785 3398 5857 δυνάμεως
3442 5785 3741 5855 δραπετευ-

2172 5873 2344 5946 σάσης
2383 5871 2448 5928 εκ
2485 5888 2630 5936 τινος
2670 5870 2963 5942 ἐπηρείας·
3011 5870 3103 5926 ἐπὶ
3138 5869 3196 5924 δὲ
3227 5868 3320 5924 τοῦ
3354 5867 3489 5924 Θεοῦ
3520 5868 3620 5922 οὐκ
3661 5867 3746 5921 ἔνι
