4074 6356
523 427 591 488 7'5
1305 433 1362 489 s.
1417 430 1692 491 JOANNIS
1726 429 2196 490 crtavsosrout
2234 433 2548 492 anctnsr.
2587 440 3116 500 consumma.
3681 459 3762 518 τε

517 557 689 604 autem
713 543 814 602 hoc
838 559 944 602 non
961 553 1082 616 est,
1111 543 1208 602 sed
1233 544 1278 600 si
1300 559 1425 600 cum
1456 543 1664 600 medico
1683 545 1913 606 steteris,
1958 559 2078 598 om-

515 639 643 693 nino
665 636 839 690 sanari
861 636 1009 690 ulcus
1025 641 1254 706 oportet.
1283 633 1400 690 Non
1427 643 1508 690 est
1531 634 1674 691 enim
1701 650 1788 688 ars
1811 634 2041 688 humana
2059 674 2076 701 ,

517 737 575 780 nt
599 726 789 784 eﬂ‘ectu
811 736 1023 784 careat:
1048 726 1140 782 sed
1161 727 1335 782 divina
1355 726 1594 793 facultas,
1607 742 1723 797 quae
1747 735 1802 782 et
1815 733 2077 792 naturam,

516 829 570 874 et
594 818 830 884 morbos,
860 827 914 873 et
939 819 1356 887 improbitatem,
1377 827 1432 873 ct
1458 833 1618 874 omne
1640 819 1868 888 denique
1892 818 2076 873 vitium

512 919 746 979 superat.
777 911 844 965 Et
871 910 992 965 ideo
1017 910 1103 965 hic
1125 926 1334 982 quoque
1366 926 1484 966 cum
1511 911 1575 966 ad
1606 911 1772 965 Deum
1815 919 2086 981 tamquam

511 1003 576 1057 ad
594 1002 856 1057 medicum
883 1003 1215 1077 accessisset,
1243 1002 1451 1058 dicebat
1478 1020 1492 1057 :
1525 1002 1669 1058 Sana
1696 1020 1794 1071 me,
1827 1004 2039 1078 Domine
2059 1043 2087 1070 ν

509 1094 749 1163 quoniam
783 1093 1078 1148 conturbata
1095 1103 1210 1148 sunt
1233 1110 1347 1148 ossa
1366 1110 1494 1149 mea.
1520 1093 1766 1150 Nonnulli
1793 1102 1968 1150 autem
1993 1094 2077 1149 di-

510 1195 638 1241 cunt
660 1201 780 1240 eum
805 1185 891 1240 hic
916 1185 1092 1242 dicere
1121 1186 1576 1243 conturbationem
1603 1187 1770 1254 illam,
1787 1202 1907 1257 quae
1935 1187 1993 1242 ﬁt
2012 1203 2090 1259 ex»

511 1284 749 1345 peccato.
779 1277 1232 1344 Quemadmodum
1261 1278 1402 1332 enim
1457 1278 1670 1349 quando
1715 1278 1871 1350 venti,
1910 1278 2077 1334 vehe-

511 1374 717 1421 mentes
744 1367 876 1421 mari
904 1368 1254 1433 incubuerint,
1282 1369 1458 1423 omnia
1499 1369 1730 1436 turbant,
1760 1377 1815 1424 et
1854 1384 1972 1440 quae
1999 1377 2084 1424 est.

511 1457 566 1510 in
592 1456 852 1528 profundo
879 1473 1037 1514 arena
1061 1475 1268 1514 sursum
1295 1460 1477 1525 fertur,
1527 1468 1580 1515 et
1604 1462 1694 1530 qui
1723 1470 1991 1532 navngant,
2025 1463 2088 1516 in.

509 1564 707 1619 magno
729 1561 1008 1606 versantur
1036 1552 1268 1621 periculo
1292 1568 1307 1607 :
1336 1553 1406 1607 ita
1435 1553 1594 1608 etiam
1623 1555 1675 1608 in
1714 1553 1868 1610 nobis
1898 1555 2080 1610 turba-

513 1649 598 1695 tur
625 1643 824 1708 anima,
850 1649 1091 1697 movetur
1117 1658 1345 1712 corpus:
1373 1644 1548 1698 omnia
1577 1645 1914 1715 complentur
1941 1655 2078 1701 tem-

513 1740 754 1800 pestate:
784 1741 839 1788 et
866 1733 1020 1803 plena
1049 1744 1133 1789 est
1159 1735 1311 1790 nobis
1338 1735 1589 1808 deinceps
1610 1739 1799 1810 cymba
1826 1739 2080 1795 tumultus

506 1837 570 1876 ac
600 1823 1029 1893 perturbationis,
1052 1824 1233 1880 densa:
1259 1834 1385 1881 sunt
1427 1829 1658 1882 tenebrae
1687 1867 1702 1894 ,
1754 1837 1810 1883 et
1859 1838 2084 1898 pereunt

512 1915 687 1971 omnia
703 1916 930 1987 propriis
957 1917 1088 1973 locis
1113 1917 1332 1986 relictis,
1353 1928 1538 1988 estque
1561 1921 1789 1976 maxima
1811 1909 2075 1979 confusio.

509 2005 622 2060 lloc
640 2007 869 2062 maxime
889 2015 943 2062 et
983 2008 1035 2062 in
1071 2008 1368 2066 libidinosis
1397 2011 1928 2081 soletcupiditatibus
1953 2028 2079 2068 eve-

507 2098 644 2162 nire,
671 2099 772 2154 hoc
790 2101 950 2155 etiam
982 2101 1036 2156 in
1059 2101 1160 2170 ira,
1184 2103 1305 2158 etin
1323 2104 1731 2160 calamitatibus.
1781 2105 1907 2160 Haec
1936 2107 2080 2162 enim

511 2190 688 2246 omnia
717 2192 1038 2248 conturbant
1061 2201 1116 2248 et
1140 2208 1260 2250 ossa
1285 2196 1605 2261 etanimam,
1636 2205 1691 2251 et
1734 2198 1946 2266 pupilla:
1993 2200 2079 2252 in-

509 2290 807 2347 vertuntur,
833 2291 888 2338 et
916 2298 1013 2339 nec
1037 2284 1178 2338 oculi
1203 2285 1416 2355 quidem
1455 2286 1556 2341 rite
1602 2286 1875 2342 intuentur
1919 2301 1934 2339 :
1985 2288 2079 2343 sed

507 2372 953 2440 quemadmodum
1006 2375 1311 2445 perturbato
1358 2377 1570 2448 auriga,
1626 2379 1746 2449 equi
1792 2379 2081 2435 insolenter

508 2463 784 2530 feruntur:
813 2467 886 2521 ita
913 2466 1071 2522 etiam
1114 2467 1423 2526 conturbata
1471 2470 1676 2525 ratione
1719 2472 1898 2526 omnia
1947 2487 2080 2527 con-

507 2555 831 2626 funduntur,
877 2557 1054 2613 omnia
1098 2559 1472 2628 invertuntur,
1525 2570 1581 2617 et
1623 2564 1888 2632 prepriam
1937 2565 2079 2619 viam

507 2646 774 2701 amittunt.
810 2647 1087 2716 Quomodo
1127 2659 1302 2706 autem
1337 2650 1450 2707 haec
1499 2651 1591 2706 ﬁat
1629 2655 1972 2722 perturbatio,
2001 2655 2082 2710 di-

509 2751 633 2793 cere
678 2740 836 2794 etiam
885 2755 1102 2796 necesse
1146 2748 1248 2797 est.
1285 2742 1400 2798 Non
1443 2745 1585 2799 enim
1631 2755 1689 2800 ut
1735 2747 1787 2801 in
1831 2749 1963 2802 mari
2013 2764 2080 2804 ex

507 2837 788 2883 ventorum
818 2830 1042 2899 impetu,
1085 2829 1156 2886 ita
1183 2832 1341 2888 etiam
1373 2834 1425 2888 in
1456 2836 1632 2890 anima
1683 2851 1748 2892 ex
1802 2838 2076 2907 inopinato

512 2933 660 2987 casu,
689 2919 786 2976 sed
813 2935 878 2975 ex
904 2929 1086 2976 nostra
1111 2922 1350 2978 socordia
1379 2925 1572 2980 evenit.
1601 2925 1730 2980 Nam
1761 2939 1818 2982 ut
1845 2929 1923 2983 vel
1954 2930 2074 2996 ﬁat,

507 3011 592 3066 vel
618 3026 722 3065 non
746 3011 857 3079 ﬁat,
889 3013 986 3082 ipsi
1010 3013 1064 3067 in
1096 3028 1253 3070 causa
1282 3030 1484 3070 sumus.
1514 3017 1618 3083 Ut,
1667 3020 1813 3074 verbi
1865 3021 2029 3090 gratia
2061 3063 2089 3088 ,,

507 3111 691 3159 exorta
714 3105 1020 3174 cupiditate,
1056 3106 1156 3160 nisi
1184 3117 1238 3160 tu
1255 3107 1518 3162 flammam
1539 3110 1874 3179 excitaveris,
1894 3110 2080 3167 fornax

508 3210 614 3249 non
643 3193 968 3261 accenditur,
990 3195 1090 3250 nisi
1115 3197 1353 3252 materiae
1379 3197 1589 3254 dederis
1611 3201 1938 3256 alimentum.
1962 3202 2082 3260 Non

507 3284 814 3340 accenditur
834 3294 1008 3339 autem
1041 3284 1248 3353 fornax,
1281 3288 1381 3342 nisi
1434 3287 1500 3343 de
1546 3291 1801 3360 speciosis
1851 3293 2083 3349 vultibus

510 3376 721 3430 curiose
763 3374 1130 3446 investigaris,
1181 3377 1282 3432 nisi
1332 3377 1398 3433 de
1446 3379 1618 3434 aliena
1658 3381 2076 3450 pulchritudine‘

513 3468 674 3522 fueris
703 3468 1245 3536 niutiumsollicitus,
1299 3470 1399 3526 nisi
1462 3471 1514 3526 in
1542 3474 1745 3529 theatra
1794 3475 2080 3544 iniquitatis

511 3558 835 3615 ascenderis.
862 3559 973 3615 Nisi
998 3560 1140 3616 enim
1175 3576 1384 3616 carnem
1412 3561 1615 3618 deliciis
1655 3564 2039 3634 pinguefecet-is
2059 3609 2076 3633 ,

514 3653 614 3708 nisi
636 3653 758 3708 vino
780 3654 1036 3708 rationem
1062 3654 1304 3710 obrueris
1326 3697 1341 3719 ,
1390 3653 1601 3710 ﬂamma
1645 3672 1750 3724 non
1780 3659 2037 3713 excitatur
2061 3699 2078 3723 ,

515 3745 700 3802 fornax
728 3759 838 3799 non
862 3744 1186 3809 accenditur,
1235 3760 1343 3799 non
1381 3746 1557 3801 evadit
1599 3746 1769 3801 bellua
1815 3747 2078 3817 ferocior,

517 3853 622 3890 non
645 3845 910 3906 tamquam
939 3851 970 3890 a
994 3836 1167 3891 ventis
1187 3837 1502 3892 immanibus
1529 3839 1855 3895 exscinditur
1879 3843 2079 3912 cogita-

519 3925 677 3980 tionis
704 3925 923 3996 puritas.
952 3925 1078 3980 llaie
1101 3941 1246 3996 ergo,
1278 3926 1468 4002 inquit,
1509 3927 1576 3982 ad
1606 3929 1902 3984 evitandam
1953 3947 2082 4004 pec-

516 4017 619 4072 cati
644 4016 914 4072 ﬂammam
937 4015 1240 4072 sufﬁciunt?
1267 4015 1381 4072 Non
1401 4017 1669 4075 sufﬁciunt
1697 4020 1810 4075 huic
1827 4021 1960 4088 sola,
1986 4021 2081 4080 sed

518 4117 728 4181 oportet
753 4111 910 4165 etiam
932 4109 1036 4164 alia
1065 4109 1342 4177 accedere,
1362 4111 1631 4167 orationes
1655 4112 1911 4179 assiduas,
1954 4127 2081 4168 san-

521 4208 731 4252 ctorum
743 4197 1206 4264 consuetudinem,
1216 4194 1287 4268 Ῑθ]
1295 4197 1480 4272 uitium
1498 4200 1858 4268 moderatum,
1884 4202 2080 4257 victum

524 4297 760 4356 tenuem,
792 4303 1088 4348 necessaria
1113 4289 1386 4355 exercitia,
1410 4299 1534 4344 ante
1555 4289 1653 4344 alia
1684 4301 1860 4346 autem
1905 4293 2081 4347 omnia

522 4380 616 4435 Dei
644 4379 906 4444 timorem,
925 4379 1159 4436 futurum
1183 4379 1464 4450 judicium,
1523 4383 1778 4452 supplicia
1821 4384 2080 4439 intolera-

515 4470 666 4538 bilia,
697 4469 953 4525 bonorum
979 4471 1378 4542 promissiones.
1406 4471 1508 4526 Per
1539 4475 1651 4528 haec
1691 4474 1868 4528 omnia
1919 4473 2085 4530 refre-

521 4579 651 4618 nare
677 4573 828 4633 potes
846 4563 1185 4633 cupiditatem
1210 4564 1355 4618 rabie
1407 4565 1740 4635 exagitatam,
1796 4574 1853 4620 et
1895 4566 2084 4622 sedare

523 4669 670 4708 mare
692 4661 1013 4709 commotum
1037 4652 1299 4708 ﬂuctibus.
1333 4653 1439 4709 Sed
1451 4654 1769 4723 tu,Domine,
1791 4674 2040 4729 urg/aequo
2061 4659 2088 4713 ?

520 4745 574 4800 ὅ.
594 4743 905 4809 Convertere,
934 4743 1168 4806 Domine,
1188 4746 1324 4817 eripe
1345 4747 1565 4800 animam
1588 4765 1770 4816 meam,
1792 4751 1987 4804 salvum
2007 4769 2086 4809 me

521 4837 606 4904 [ac
635 4845 836 4905 propter
865 4835 1256 4890 miscricordiam
1291 4845 1452 4889 tuam.
1483 4837 1637 4892 Ponit
1671 4841 1883 4896 assidue
1907 4841 2034 4897 illud

528 4925 756 4991 Domine,
779 4926 937 4983 veluti
961 4925 1240 4996 quamdam
1267 4927 1524 4983 rationem
1545 4930 1811 4987 adducens
1831 4934 2014 5003 gratia:
2034 4943 2088 4990 et

521 5017 924 5078 condonationis
961 5033 979 5070 :
1009 5025 1092 5073 est
1114 5019 1254 5073 enim
1281 5017 1396 5072 haec
1418 5027 1595 5073 nostra
1640 5036 1762 5090 spes
1811 5025 2037 5078 maxima
2068 5065 2085 5090 ,

523 5109 644 5177 ejus
666 5106 944 5164 ineffabilis
970 5107 1246 5164 clementia
1275 5123 1338 5162 ac
1358 5108 1671 5177 benignitas,
1696 5120 1750 5166 et
1777 5113 1913 5182 quod
1960 5130 2086 5170 sua.

529 5209 622 5270 pte
635 5207 819 5254 natura
839 5199 909 5253 sit
934 5213 1227 5268 propensus
1253 5198 1321 5254 ad
1355 5199 1780 5256 condonandum.
1834 5203 1964 5259 Illud
1993 5219 2088 5259 au—

531 5301 659 5356 tem,
690 5288 973 5361 Usquequo,
1004 5303 1112 5345 non
1132 5299 1212 5344 est
1239 5290 1472 5361 graviter
1497 5305 1561 5346 ac
1585 5292 1806 5347 moleste
1831 5293 2046 5350 ferentis
2063 5336 2080 5359 ,

531 5382 627 5438 sed
648 5382 876 5438 dolentis
919 5397 984 5438 ac
1021 5382 1295 5438 merentis
1317 5421 1334 5450 ,
1383 5390 1437 5437 et
1482 5396 1586 5438 non
1628 5385 1842 5442 ferentis
1893 5387 2088 5442 molem

529 5473 901 5530 tentationum.

593 5659 609 5690 ι
645 5664 790 5718 νιος..
817 5658 934 5701 Nam
954 5656 1006 5720 ut
1027 5649 1099 5720 uel
1121 5648 1212 5720 ﬁat
1242 5649 1315 5700 vel
1347 5663 1440 5700 non
1478 5647 1581 5714 ﬁat,
1623 5653 2093 5720 exortacupiditatr,

520 5731 663 5802 penes
683 5709 864 5802 noscit
893 5711 976 5780 :Isi
989 5709 1156 5781 autem
1440 5709 1532 5781 non
1553 5712 1853 5802 ﬁgenderisé
1872 5709 1985 5802 ἠαξ
2024 5709 2095 5764 ηιξ

522 5779 588 5802 ιΑΙ
614 5779 702 5802 ⁸...-
753 5786 946 5802 nun-annuo
981 5785 1139 5802 lim...
1179 5785 1272 5802 nam
1307 5787 1355 5802 nm
1406 5784 1523 5802 ..1111³
1651 5786 1748 5802 Δ...
1788 5788 1816 5802 ιιι
1858 5788 1962 5802 nunc.
1984 5789 2062 5802 una.
2085 5791 2096 5802 η

719 5772 1275 5901 leaenam
1307 5773 1523 5826 παππία
1552 5772 1748 5826 me

2257 548 2310 601 4.
2350 548 2664 616 Convertere,
2697 551 2931 623 Domine,
2977 560 3114 628 eripe
3137 562 3357 616 animam
3398 583 3576 622 meam.
3637 573 3756 628 Duo

2185 638 2272 694 hic
2297 641 2464 710 ponit,
2491 653 2544 698 ct
2571 641 2742 713 ipsum
2770 651 3031 716 converti,
3058 661 3111 706 et
3134 654 3341 725 eripere
3360 661 3604 717 animam.
3639 666 3756 724 Hoc

2185 730 2324 784 enim
2352 749 2379 782 a
2401 732 2556 802 justis
2579 737 2809 792 maximo
2833 740 3006 795 studio
3027 747 3396 816 contenditur,.
3428 763 3485 806 ttt
3512 756 3622 824 ipse
3663 775 3754 814 re-

2184 824 2515 892 concilietur,
2542 827 2610 882 sit
2632 828 2891 902 benignus
2917 848 2979 890 ac
3006 838 3283 907 propitius,
3312 850 3366 896 et
3405 859 3509 898 non
3537 862 3752 905 averse-

2183 920 2288 968 tur.
2314 914 2426 970 lloc
2444 917 2583 973 enim
2615 922 2771 978 etiam
2799 925 2942 980 aliud
2962 929 3320 999 consequitur,
3345 949 3535 1005 nempe
3557 947 3612 992 ut
3631 955 3751 994 ser-

2183 1015 2338 1060 vetur
2363 1010 2574 1076 anima;
2607 1027 2712 1068 non
2734 1017 3177 1084 quemadmodum
3206 1024 3356 1079 multi
3401 1026 3662 1099 homines,
3693 1042 3752 1088 et

2184 1096 2415 1151 maxime
2439 1101 2746 1168 crassiores,
2777 1120 2937 1160 unum
2959 1109 3132 1164 solum
3159 1115 3451 1183 requirunt,
3509 1129 3565 1174 ut
3610 1096 3753 1192 prae.-

2185 1188 2320 1241 senti
2345 1188 2586 1246 fruantur
2606 1195 2976 1266 prosperitate.
3000 1199 3068 1254 At
3096 1217 3203 1257 non
3232 1204 3304 1259 illi
3326 1205 3440 1274 sic;
3470 1211 3564 1265 sed
3587 1188 3642 1267 u—t
3661 1230 3753 1268 5a-

2183 1277 2348 1334 lutem
2379 1284 2570 1337 anima:
2591 1298 3002 1357 consequantur,
3049 1307 3152 1363 qua
3197 1296 3329 1352 nihil
3374 1307 3458 1353 est
3487 1302 3563 1356 eis
3611 1306 3754 1359 anti-

2183 1371 2357 1440 quius.
2382 1373 2436 1429 6.
2471 1375 2719 1441 Quoniam
2745 1395 2846 1434 non
2869 1390 2940 1436 est
2967 1383 3018 1437 in
3047 1395 3203 1440 morte
3221 1389 3308 1457 qui
3333 1407 3519 1446 memor
3533 1394 3598 1448 sit
3629 1399 3696 1449 tui
3721 1437 3741 1459 .

2183 1462 2238 1516 in
2259 1463 2456 1536 inferno
2478 1476 2645 1522 autem
2669 1471 2782 1538 quis
2804 1473 3119 1541 confitebitur
3137 1477 3266 1532 tibi?
3294 1479 3425 1537 Vide
3440 1495 3566 1556 quot
3593 1487 3756 1543 affert.

2184 1567 2371 1610 causas
2397 1557 2603 1612 salutis.
2633 1559 2881 1625 Quoniam
2901 1564 3131 1633 inﬁrmus
3174 1585 3305 1637 sum,
3358 1572 3544 1643 inquit,
3601 1578 3749 1644 Quo-

2184 1647 2321 1701 niam
2341 1651 2635 1704 conturbata
2653 1663 2768 1706 sunt
2796 1671 2910 1710 ossa
2931 1673 3063 1723 mea,
3113 1664 3360 1729 quoniam
3399 1665 3514 1720 haec
3552 1679 3672 1736 peto
3713 1685 3748 1724 ει

2183 1742 2425 1809 Domino,
2457 1745 2706 1812 Quoniam
2735 1765 2833 1804 non
2862 1761 2934 1805 est
2957 1752 3010 1805 in
3039 1765 3197 1810 morte
3213 1757 3297 1827 qui
3327 1773 3513 1812 memor
3539 1762 3602 1815 sit
3625 1763 3699 1815 tui
3727 1779 3748 1816 :

2181 1850 2285 1888 non
2315 1835 2415 1891 hoc
2434 1837 2635 1905 dicens,
2664 1855 2750 1896 res
2789 1853 2997 1900 nostras
3015 1859 3135 1902 esse
3165 1852 3435 1915 pmsentis
3455 1854 3575 1907 vitae
3605 1855 3749 1909 limi-

2184 1925 2320 1979 tibus
2342 1928 2791 2001 circumscriptas,
2819 1932 2960 1988 absit
2989 1952 3002 1988 :
3034 1936 3180 1992 novit
3209 1940 3349 1995 enim
3400 1947 3746 2001 resurrectio-

2183 2029 2339 2080 nem;
2369 2020 2461 2072 sed
2489 2028 2769 2090 postquam
2800 2023 2923 2079 hinc
2950 2031 3353 2096 excesserimus,
3387 2049 3490 2088 non
3521 2034 3633 2089 dari
3656 2037 3739 2090 lo-

2183 2122 2303 2162 cum
2333 2111 2672 2178 poenitentiae.
2695 2114 2853 2173 Dives
2869 2118 3010 2172 enim
3036 2123 3386 2179 conﬁtebatur
3411 2166 3427 2192 ,
3473 2137 3527 2182 et
3572 2131 3746 2198 peni-

2184 2204 2344 2257 tentia
2371 2203 2676 2272 ducebatur,
2700 2211 2793 2264 sed
2820 2210 2951 2266 nihil
2978 2213 3026 2267 ei
3051 2215 3318 2283 proderat,
3340 2221 3586 2289 quoniam
3607 2232 3746 2277 tem-

2183 2309 2281 2363 pus
2308 2298 2636 2365 przeterierat
2657 2300 2820 2372 (Luc.
2847 2303 2959 2372 16).
2990 2304 3232 2375 Virgines
3255 2311 3414 2362 etiam
3445 2311 3621 2365 oleum
3650 2329 3746 2365 ac-

2181 2386 2358 2456 cipere
2379 2390 2674 2457 voluerunt,
2701 2393 2796 2447 sed
2824 2408 2982 2449 nemo
3004 2396 3082 2450 eis
3103 2396 3250 2451 dedit
3273 2397 3482 2465 (Matth.
3499 2401 3614 2472 25).
3635 2401 3750 2458 Hoc

2182 2492 2309 2548 ergo
2371 2489 2522 2550 rogat
2582 2481 2669 2536 hic
2728 2483 2886 2538 etiam
2919 2525 2935 2549 ,
3003 2495 3060 2540 ut
3124 2485 3211 2542 hic
3263 2501 3476 2557 peccata
3533 2491 3674 2545 eluat
3728 2510 3743 2544 :

2183 2580 2241 2625 ut
2303 2573 2470 2642 possit
2518 2574 2736 2630 terribili
2800 2577 3049 2632 tribunali
3099 2577 3324 2634 ﬁdenter
3373 2580 3600 2636 adstare.
3637 2583 3746 2637 De-

2183 2661 2305 2717 inde
2339 2662 2538 2719 docens
2583 2665 2876 2721 auditorem
2902 2708 2917 2731 ,
2954 2683 3074 2722 cum
3122 2669 3219 2724 Dei
3264 2671 3540 2725 clementia
3583 2688 3743 2742 opor-

2185 2764 2297 2818 tere
2323 2756 2479 2810 etiam
2503 2770 2683 2813 nostra
2711 2765 2964 2830 consequi
2995 2762 3148 2833 (nam
3176 2772 3232 2817 et
3260 2766 3305 2818 si
3334 2766 3744 2822 imbecillitatem

2187 2848 2598 2916 prznteudamus,
2627 2851 2672 2904 si
2701 2852 3070 2919 turbationem,
3119 2855 3163 2910 si
3191 2856 3283 2910 Dei
3316 2857 3600 2913 bonitatem
3623 2901 3640 2924 ,
3698 2862 3754 2914 si-

2182 2937 2284 2993 hoc
2308 2939 2465 2993 etiam
2492 2940 2685 3010 ipsum,
2711 2943 2852 3011 quod
2871 2943 3099 3011 dicebat,
3125 2959 3307 3001 nostra
3327 2956 3502 3002 autem
3530 2949 3608 3019 Itis
3636 2967 3745 3004 nots

2181 3031 2456 3099 accedant,
2488 3034 2638 3088 nobis
2667 3034 2796 3088 nihil
2828 3036 3080 3105 prodesse
3106 3042 3126 3107 )
3152 3079 3167 3100 ,
3200 3039 3318 3093 vide
3345 3041 3592 3109 quidnam
3615 3043 3746 3095 sub-

2176 3122 2368 3194 iungit.
2395 3125 2444 3178 7.
2477 3124 2723 3180 Laboravi
2745 3127 2796 3180 in
2825 3129 3012 3198 gemitu
3047 3145 3184 3193 meo,
3208 3130 3380 3184 lavabo
3411 3149 3499 3200 per
3522 3134 3754 3204 singulas

2182 3227 2348 3280 noctes
2395 3217 2574 3270 lectum
2621 3234 2818 3284 meum;
2844 3219 3078 3290 lacrymis
3105 3222 3224 3274 meis
3250 3232 3459 3275 stratum
3485 3239 3644 3276 meum
3671 3226 3747 3276 ri-

2180 3308 2326 3378 gabo.

2256 3398 2502 3453 Hortatur
2522 3401 2589 3453 ad
2614 3401 2970 3469 paznitentiam.
2998 3433 3070 3444 --
3094 3405 3322 3458 Audiam
3346 3405 3435 3475 qui
3476 3416 3598 3461 sunt
3647 3407 3752 3462 hu.

2182 3492 2335 3545 miles
2351 3502 2404 3545 et
2431 3491 2645 3560 abjccti,
2674 3493 2883 3561 qualem
2915 3509 3006 3547 rex
3027 3504 3082 3548 et
3111 3511 3339 3565 purpura
3393 3497 3602 3551 indutus
3653 3514 3747 3552 os-

2184 3582 2423 3636 tenderet
2438 3582 2803 3653 penitentiam
2827 3599 2842 3636 :
2870 3583 3164 3652 audiamus,
3183 3601 3610 3660 compungamur.
3631 3589 3750 3643 Non

2183 3673 2354 3728 solum
2386 3673 2677 3736 laborabat,
2701 3673 2794 3728 sed
2825 3674 3359 3745 laborabatgemens;
3409 3695 3515 3733 non
3545 3689 3746 3735 tantum

2185 3764 2480 3836 lacrymaba
2491 3774 2592 3830 tur,
2621 3765 2715 3820 sed
2733 3765 2892 3820 etiam
2911 3766 3160 3838 lacrymis
3183 3768 3376 3823 lectum
3397 3770 3619 3836 lavabat,
3641 3787 3745 3825 non

2186 3871 2290 3911 uno
2319 3864 2408 3910 aut
2431 3855 2638 3912 duobus
2666 3865 2758 3912 aut
2787 3857 2955 3912 tribus
2979 3857 3183 3925 diebus,
3215 3859 3308 3914 sed
3336 3861 3496 3914 etiam
3527 3861 3749 3931 singulis

2185 3948 2467 4013 noctibus;
2496 3956 2550 4002 et
2571 3963 2675 4003 non
2699 3949 2868 4003 solum
2895 3949 3023 4004 dicit
3043 3952 3366 4019 praeteritum
3397 3993 3414 4018 ,
3453 3951 3546 4008 sed
3584 3954 3743 4007 etiam

2183 4036 2436 4102 futurum.
2464 4037 2541 4093 Ne
2570 4040 2764 4108 putetis
2792 4039 2934 4095 enim
2953 4055 3095 4106 eum,
3127 4056 3248 4096 cum
3273 4042 3387 4097 haec
3405 4043 3569 4098 semel
3593 4043 3751 4098 fecis-

2184 4139 2286 4194 set,
2313 4129 2564 4200 deinceps
2588 4145 2648 4186 se
2676 4131 2839 4200 quieti
2868 4131 3165 4200 tradidisse,
3188 4140 3241 4190 et
3268 4132 3568 4188 laxamento
3595 4150 3750 4190 usunt

2184 4235 2307 4276 esse
2329 4238 2343 4274 :
2371 4220 2464 4276 sed
2487 4220 2587 4276 hoc
2611 4221 2823 4276 assidue
2842 4222 2963 4277 fecit
2987 4237 3082 4292 per
3104 4231 3264 4278 totam
3294 4225 3476 4293 vitam,
3509 4240 3618 4280 non
3638 4226 3748 4280 sic-

2188 4321 2246 4368 ut
2281 4311 2518 4381 nos,qui
2543 4326 2650 4366 uno
2676 4311 2764 4367 die
2785 4320 2843 4366 ut
2863 4312 3147 4382 plurimum
3178 4314 3231 4368 id
3251 4325 3490 4384 agentes,
3543 4316 3650 4370 imo
3681 4333 3750 4372 ne

2187 4416 2292 4456 uno
2317 4401 2553 4470 quidem,
2583 4416 2682 4456 nos
2703 4401 2846 4471 ipsos
2875 4401 3003 4457 risui
3027 4404 3070 4467 ⁸,
3096 4402 3368 4473 voluptati,
3401 4415 3454 4459 et
3491 4406 3600 4460 otio
3643 4416 3751 4460 tra~

2184 4492 2378 4548 dimus.
2406 4495 2476 4546 At
2501 4507 2609 4548 non
2635 4493 2760 4552 ille:
2787 4492 2883 4548 sed
2912 4494 2964 4548 in
2993 4493 3242 4567 lacrymis
3266 4505 3527 4566 perpetuo
3539 4498 3750 4567 agebat.

2186 4584 2332 4639 Hanc
2356 4599 2454 4639 nos
2479 4585 2639 4640 etiam
2657 4584 2925 4640 imitemur
2947 4585 3354 4642 confessionem.
3400 4588 3458 4644 Si
3481 4589 3621 4647 enim
3648 4603 3750 4666 nos

2187 4675 2444 4730 luerimus
2473 4675 2561 4731 hic
2584 4675 2730 4741 ﬁere,
2754 4676 2862 4732 illic
2884 4677 3102 4732 omnino
3126 4692 3346 4734 necesse
3390 4679 3492 4734 erit
3527 4679 3657 4735 ﬁere
3697 4690 3756 4738 et

2189 4768 2425 4837 ejulare:
2457 4767 2567 4822 illic
2594 4767 2809 4837 quidem
2837 4768 3129 4834 inutiliter;
3159 4770 3245 4824 hic
3266 4779 3443 4828 autem
3467 4786 3586 4827 cum
3607 4788 3756 4827 emo-

2187 4859 2424 4914 lumento
2451 4877 2465 4914 :
2493 4857 2602 4915 illic
2638 4873 2760 4914 eum
2786 4859 3071 4930 ignominia
3096 4873 3160 4914 ac
3204 4859 3497 4927 dedecore;
3527 4861 3614 4916 hic
3654 4862 3755 4917 dc—

2189 4966 2314 5007 core
2337 4951 2621 5006 admodum
2647 4960 2701 5008 et
2727 4953 2968 5007 honeste.
2995 4951 3130 5018 Quid
3157 4953 3300 5008 enim
3326 4967 3545 5009 necesse
3563 4953 3757 5009 sithoc

2187 5041 2327 5107 ﬁeri,
2349 5041 2471 5098 audi
2493 5041 2618 5112 quid
2639 5041 2780 5098 dicat
2796 5041 3035 5098 Christus
3063 5061 3077 5097 :
3104 5042 3129 5096 ι
3137 5043 3220 5097 llic
3232 5044 3324 5100 erit
3337 5045 3485 5115 ﬂetus
3510 5052 3554 5097 et
3571 5045 3759 5098 stridor

2189 5133 2413 5195 dentium
2431 5131 2452 5204 (
2471 5132 2660 5186 Matth.
2687 5132 2744 5188 8.
2771 5130 2883 5204 12).
2910 5133 2982 5188 At
3003 5149 3110 5188 non
3134 5133 3208 5188 ita
3247 5135 3337 5205 qui
3359 5134 3445 5190 hic
3468 5132 3636 5191 ﬂent:
3662 5134 3759 5189 sed

2191 5239 2434 5296 magnam
2460 5233 2853 5294 consequentur
2878 5225 3314 5282 consolationem.
3344 5224 3487 5280 Beati
3501 5226 3644 5282 enim
3675 5227 3762 5295 qui

2191 5317 2378 5388 lugent,
2405 5317 2644 5388 quoniam
2671 5315 3064 5372 consolationem
3078 5319 3319 5388 accipient
3341 5316 3359 5388 (
3373 5315 3557 5371 Matth.
3580 5319 3634 5374 5.
3664 5318 3699 5372 5
3719 5321 3760 5386 ).

2206 5406 2292 5462 Va:
2334 5407 2468 5462 vobis
2516 5406 2747 5462 divitibus
2775 5409 2819 5474 ³,
2867 5409 3103 5475 quoniam
3127 5409 3349 5478 accipitis
3373 5409 3763 5463 consolationem

2194 5511 2412 5554 vestram
2453 5498 2626 5568 (Luc.
2660 5500 2714 5554 6.
2757 5497 2894 5569 24).
2937 5498 3167 5556 Audiant
3219 5499 3310 5571 qui
3346 5499 3511 5556 lectos
3566 5499 3765 5556 habent

2262 5718 2279 5746 ι
2314 5720 2452 5784 “es”
2953 5724 3048 5764 uno
3067 5713 3151 5766 dae
3191 5720 3392 5766 autuna
3427 5719 3560 5764 nocte
3584 5712 3634 5763 id
3666 5713 3760 5776 agi-

2199 5788 2324 5842 mus.
2344 5783 2391 5825 et
2423 5787 2507 5824 nos
2529 5783 2818 5842 ipsosmuz,
2957 5835 2966 5842 _
3023 5833 3034 5842 _

2264 5837 2286 5869 ²
2318 5844 2451 5897 "03.,
2477 5835 2710 5899 natabis,
2735 5836 2816 5899 qui
2841 5835 3073 5901 gaudetis.
