4074 6356
323 454 392 524 π»
1059 503 1066 508 .
1447 454 1814 533 EXPOSITIO
1855 455 1916 509 IN

2018 454 2286 510 .‘rALMUM
2321 454 2408 510 Vl.
2864 468 2872 484 '
3520 461 3596 517 76

320 573 499 640 τοῦτο,
532 573 648 629 ἀλλ’
686 575 784 630 ἐὰν
823 576 956 648 στῆς
989 577 1127 650 μεεά
1143 577 1248 634 -τοῦ
1301 579 1510 651 ἰατροῦ,
1553 583 1774 643 πάντως
1822 580 1903 632 δεῖ

326 660 730 734 θεραπευθῆναι
774 663 836 717 τὺ
883 665 1056 731 ἕλκος.
1103 667 1178 721 Οὐ
1229 668 1338 740 γάρ
1389 671 1535 722 εστιν
1587 669 1901 742 ἀνθρωπίνη

323 750 509 824 τέχνη,
541 754 628 806 ῖνα
661 755 934 828 ἀπορήσῃ,
979 757 1114 814 ἀλλά
1145 759 1265 812 θεία
1313 759 1562 830 δύναμις,
1598 762 1631 831 ἡ
1665 762 1758 814 καὶ
1805 762 1907 831 φύ-

329 859 466 896 σεων
496 846 590 900 καὶ
626 847 964 917 νοσημάτων,
999 851 1094 903 καὶ
1127 850 1412 922 πονηρίας,
1445 852 1538 904 καὶ
1572 851 1751 921 πάσης
1783 850 1907 923 [44]

329 933 723 1004 περιγινομένη
755 934 969 1000 κακίας.
1002 935 1098 989 Διά
1128 936 1192 1009 δὴ
1222 937 1383 991 τοῦτο
1415 939 1507 992 καὶ
1538 931 1690 1001 οὗτος
1716 937 1907 1008 ὥσπερ

332 1021 498 1092 ίατρῷ
526 1022 605 1093 τῷ
625 1022 742 1094 Θεῷ
776 1024 1086 1096 προσελθὼν
1113 1027 1206 1080 καὶ
1239 1021 1661 1098 ἀποδυρόμενος,
1687 1027 1902 1098 ἔλεγεν

332 1110 526 1162 "lac-at
547 1127 644 1178 με,
674 1111 871 1179 Κύριε,
898 1111 987 1167 ὅτι
1022 1113 1317 1184 ἐταράχθη
1354 1117 1424 1168 τὰ
1461 1117 1612 1171 ὀστᾶ
1640 1135 1778 1186 μου.
1812 1118 1906 1170 Τι-

328 1196 418 1260 νὲς
443 1195 500 1251 δέ
528 1216 690 1267 φασιν
719 1200 948 1254 ἐνταῦθα
975 1203 1220 1274 ταραχὴν
1253 1204 1468 1275 ἐκείνην
1495 1204 1694 1274 λέγειν,
1717 1205 1815 1277 τὴν
1843 1207 1908 1260 ὲκ

328 1289 428 1352 τῆς
454 1289 730 1360 ἁμαρτίας
774 1291 1084 1363 γινομένην.
1129 1293 1396 1366 Καθάπερ
1430 1295 1540 1366 γὰρ
1578 1297 1706 1350 ὅταν
1741 1295 1908 1351 πνεύ-

332 1393 476 1447 ματα
517 1379 749 1447 ῥαγδαῖα
775 1382 855 1442 είς
880 1379 1114 1450 πέλαγος
1155 1382 1392 1455 ἐμπέσῃ,
1421 1384 1599 1437 πάντα
1623 1384 1904 1456 ταράττει,

331 1464 425 1516 καὶ
455 1464 489 1534 ἡ
524 1463 684 1535 βυθία
716 1466 827 1521 ἄνω
854 1469 1074 1539 φέρεται
1097 1469 1342 1542 ψάμμος,
1379 1472 1473 1524 καὶ
1497 1473 1547 1525 οἱ
1573 1472 1826 1537 πλέοντες
1849 1474 1916 1540 ἐν,

330 1553 560 1626 κινδύνῳ
596 1556 863 1625 γίνονται·
887 1559 1031 1613 οὕτω
1057 1559 1121 1632 δὴ
1165 1563 1259 1616 καὶ
1283 1563 1368 1632 ἐφ’
1395 1562 1554 1634 ἡμῶν
1584 1564 1907 1634 ταράττεται

327 1643 362 1714 ἡ
387 1641 557 1715 ψυχὴ,
579 1648 809 1700 κινεῖται
833 1646 894 1701 τὺ
924 1648 1104 1718 σῶμα,
1131 1649 1313 1703 πάντα
1343 1649 1645 1722 πληροῦται
1679 1651 1772 1706 τοῦ
1803 1643 1920 1723 χει-’

332 1731 529 1801 μῶνος,
557 1734 651 1787 καὶ
682 1735 876 1804 μεστὸν
904 1738 1036 1807 ἡμῖν
1062 1737 1124 1789 τὸ
1167 1737 1375 1806 σκάφος
1411 1737 1596 1792 λοιπὸν
1639 1741 1908 1812 ταραχῆς,

327 1821 425 1873 καὶ
462 1819 654 1885 σκότος
683 1820 818 1876 πολὺ
853 1823 960 1898 καῖ’
986 1824 1164 1878 πάντα
1210 1825 1415 1896 οἴχεται
1463 1827 1912 1898 ἀπολιμπάνοντα

327 1907 420 1960 τὸν
448 1909 647 1962 οἰκεῖον
675 1896 872 1972 τόπονξ
896 1911 989 1964 καὶ
1020 1911 1188 1984 πολλὴ
1220 1914 1252 1985 ἡ
1288 1915 1566 1984 σύγχυσις.
1599 1896 1768 1970 τοῦτο
1802 1918 1905 1988 μά-

327 1993 485 2048 λιστα
515 1995 611 2049 καὶ
638 1997 697 2048 ὲν
721 1998 1038 2068 ἐπιθυμίαις
1061 1999 1350 2069 ἀσελγείας
1377 2004 1696 2072 συμϐαίνειν
1719 2005 1877 2058 εἴωθε
1893 2023 1906 2036 ·

326 2079 485 2132 τοῦτο
507 2080 602 2136 καὶ
623 2081 681 2134 ἐν
695 2079 850 2152 θυμῷ
870 2084 963 2136 καί
983 2085 1041 2136 ὲν
1063 2088 1387 2158 συμφοραῖς.
1410 2087 1592 2141 Πάντα
1610 2091 1719 2162 γὰρ
1742 2090 1913 2143 ταῦτα

325 2163 585 2233 ταράττει
618 2165 712 2218 καὶ
740 2166 918 2238 ψυχὴν
954 2169 1046 2221 καὶ
1073 2169 1225 2234 ὀστᾶ,
1257 2171 1348 2224 καὶ
1393 2173 1449 2225 αἱ
1480 2174 1636 2244 κόραι
1662 2175 1916 2244 διαστρέ-

329 2269 541 2320 φονται.
583 2253 678 2308 καὶ
709 2253 833 2308 οὐδὲ
855 2255 904 2308 οί
927 2254 1196 2326 ὀφθαλμοὶ
1225 2259 1367 2313 κατὰ
1397 2260 1553 2326 τάξιν
1592 2262 1908 2331 βλέπουσινο

329 2340 445 2395 ἀλλ’
470 2340 664 2413 ὥσπερ
697 2344 912 2414 ἡνιόχου
947 2345 1360 2418 θορυϐηθέντος,
1391 2350 1642 2415 ἀτάκτως
1674 2355 1721 2404 οί
1754 2353 1911 2407 ἵπποι

331 2428 617 2499 φέρονται·
647 2431 792 2486 οὕτω
820 2432 916 2486 τοῦ
948 2434 1208 2504 λογισμοῦ
1237 2435 1708 2509 διαταραχθέντος,
1739 2442 1913 2496 πάντα

332 2521 646 2589 συγχεῖται,
694 2520 874 2574 πάντα
905 2522 1291 2594 διαστρέφεται
1337 2527 1430 2580 καὶ
1467 2528 1568 2598 τὴν
1618 2529 1751 2582 ίδίαν
1794 2531 1914 2585 ὁδὸν

330 2607 612 2663 ἀπόλλυσι.
641 2609 767 2674 Πῶς
793 2611 850 2664 δὲ
871 2611 1010 2682 αὕτη
1035 2613 1244 2678 γίνεται
1270 2617 1302 2686 ἡ
1331 2619 1544 2689 ταραχὴ
1571 2661 1584 2682 ,
1619 2620 1915 2688 ἀναγκαῖον

330 2697 427 2750 καὶ
451 2697 609 2751 τοῦτο
635 2700 831 2754 εἰπεῖν.
855 2701 929 2754 Οὐ
950 2701 1058 2771 γὰρ
1078 2701 1268 2775 ὥσπερ
1296 2706 1354 2758 ὲν
1378 2706 1613 2778 θαλάττῃ
1637 2710 1786 2779 παρά
1814 2712 1913 2781 τὴν

331 2781 438 2849 τῶν
470 2783 799 2852 πνευμάτων
831 2784 1086 2858 ἐμϐολὴν,
1118 2787 1262 2842 οὕτω
1286 2791 1379 2843 καὶ
1400 2794 1459 2843 ὲν
1485 2796 1550 2862 τῇ
1583 2793 1726 2863 ψυχῇ
1761 2797 1915 2866 παρά

329 2881 452 2918 τινα.
480 2867 741 2937 ἀδόκητον
763 2869 1084 2939 περίστασιν
1107 2913 1122 2932 ,
1165 2873 1299 2926 ἁλλά
1332 2874 1484 2945 παρά
1511 2877 1610 2946 τὴν
1638 2880 1915 2948 ἡμετέραν

333 2953 603 3026 ῥαθυμίαν
627 2957 934 3027 συμϐαίνει.
953 2960 1064 3014 Καὶ
1087 2961 1196 3032 γὰρ
1217 2961 1310 3015 τοῦ
1332 2964 1583 3030 γενέσθαι
1603 2967 1696 3019 καὶ
1715 2967 1808 3020 τοῦ
1839 2969 1913 3038 μὴ

332 3045 586 3112 γενέσθαι
631 3049 792 3117 ἡμεῖς
834 3050 1014 3106 αίτιοι.
1051 3046 1176 3106 Οἷόν
1207 3071 1259 3106 τι
1291 3053 1460 3123 λέγω·
1489 3059 1585 3126 τῆς
1621 3059 1915 3127 ἐπιθυμίας

337 3134 692 3204 ἑγειρομένης
710 3177 725 3200 ,
748 3135 814 3188 ἂν
842 3136 915 3208 μὴ
942 3139 1006 3190 σὺ
1031 3137 1130 3209 τὴν
1155 3139 1328 3209 φλόγα
1349 3142 1590 3213 ἀνάψῃς,
1617 3146 1675 3198 οὐ
1699 3147 1916 3201 καίεται

331 3222 372 3292 ἡ
416 3223 677 3292 κάμινος,
722 3223 788 3277 ἂν
830 3226 905 3296 μὴ
950 3228 1155 3299 τροφὴν
1201 3230 1488 3302 παράσχῃς
1526 3236 1591 3303 τῇ
1645 3234 1764 3304 ῧλῃ.
1803 3237 1917 3289 Οὐκ

334 3310 632 3362 ἀνάπτεται
659 3311 715 3364 δὲ
746 3312 1061 3383 ἡκάμινος,
1097 3315 1163 3369 ἂν
1190 3317 1263 3386 μὴ
1299 3317 1395 3380 τὰς
1425 3319 1730 3390 εὐμόρφους
1767 3323 1918 3393 δψεις

335 3398 680 3472 περιεργάσῃ
701 3441 714 3464 ,
741 3399 807 3453 ἂν
841 3401 913 3470 μὴ
949 3401 1016 3454 τὰ
1043 3400 1177 3455 ἄλλα
1205 3403 1376 3474 κάλλη
1410 3417 1436 3446 α
1464 3407 1919 3481 πολυπραγμονή-

338 3501 467 3559 σῃς,
507 3486 574 3540 ἂν
619 3486 692 3558 μὴ
736 3487 816 3550 είς
863 3488 1066 3559 θέατρα
1103 3493 1447 3563 παρανομίας
1473 3494 1787 3569 ἀναϐαίνῃς.
1822 3499 1918 3552 Ἂν

336 3575 449 3645 γὰρ
479 3574 553 3645 μὴ
585 3573 784 3643 πιάνῃς
807 3577 984 3646 τρυφῇ
1019 3576 1048 3615 ι)
1077 3578 1176 3648 τὴν
1206 3579 1382 3650 σάρκα
1403 3621 1416 3643 ,
1446 3579 1512 3635 ἄν
1553 3585 1627 3654 μὴ
1651 3602 1917 3639 καταπον-

336 3663 495 3735 τίσης
535 3662 662 3734 οἴνῳ
693 3663 783 3716 τὸν
813 3661 1070 3731 λογισμὸν
1098 3703 1113 3726 ,
1155 3666 1256 3717 οὐκ
1300 3668 1513 3736 αἴρεται
1546 3671 1578 3740 ἡ
1625 3671 1785 3741 φλὸξ,
1819 3674 1922 3728 οὐκ

337 3751 638 3804 ἀνάπτεται
666 3751 698 3822 ἡ
723 3751 948 3821 κάμινος
968 3790 982 3814 ,
1007 3753 1066 3804 οὐ
1097 3751 1304 3820 γίνεται
1334 3755 1708 3829 χαλεπώτερον
1737 3760 1796 3813 τὸ
1825 3760 1920 3832 θη-

340 3838 475 3909 ρίον,
503 3838 564 3891 οὐ
590 3837 935 3908 διατέμνεται
960 3838 1208 3910 καθάπερ
1233 3841 1336 3894 ὑπὸ
1359 3845 1683 3914 πνευμάτων
1713 3847 1920 3917 ἀγρίων

337 3928 439 3993 τῆς
489 3927 727 3989 διανοίας
762 3926 822 3979 τὸ
874 3927 1131 3999 καθαρόν.
1173 3929 1360 3999 Ἀρκεῖ
1395 3926 1488 3984 οὖν
1521 3933 1725 3995 ταῦτα,
1763 3937 1918 4008 φησὶ,

341 4015 480 4086 πρὸς
509 4015 570 4067 τὸ
595 4015 874 4083 διαφυγεῖν
902 4015 999 4086 τὴν
1031 4015 1203 4085 φλόγα
1230 4017 1330 4087 τῆς
1359 4019 1631 4090 ἁμαρτίας
1651 4040 1664 4088 ;
1686 4021 1801 4076 Οὐκ
1824 4025 1923 4096 ἀρ-

338 4105 429 4155 κεῖ
457 4100 628 4156 ταῦτα
656 4103 750 4154 καὶ
787 4100 1094 4172 μόνα,ἀλλά
1125 4104 1217 4157 καὶ
1247 4103 1406 4175 ἕτερα
1426 4105 1507 4158 δεῖ
1536 4110 1918 4182 προστεθῆναι,

342 4191 509 4259 εὐχὰς
537 4189 804 4258 διηνεκεῖς
828 4229 842 4251 ,
873 4190 1040 4258 ἁγίων
1083 4192 1367 4246 συνουσίαν
1386 4235 1399 4258 ,
1433 4197 1682 4266 νηστείαν
1713 4201 1924 4272 σύμμε-

341 4288 470 4347 τρον
493 4318 505 4339 ,
534 4277 747 4331 δίαιταν
776 4277 928 4347 λιτὴν
947 4317 962 4341 ,
1010 4278 1262 4349 ἀσχολίας
1312 4281 1641 4350 ἀναγκαίας,
1681 4288 1788 4357 πρὸ
1813 4289 1924 4343 τῶν

343 4365 520 4420 ἄλλων
552 4366 809 4418 ἀπάντων
843 4363 936 4418 τοῦ
965 4365 1099 4419 Θεοῦ
1133 4366 1222 4420 τὸν
1257 4367 1419 4436 φόϐον
1445 4409 1460 4434 ,
1498 4372 1596 4440 τὴν
1626 4374 1923 4444 μέλλουσαν

344 4453 549 4524 κρίσιν,
576 4453 675 4516 τάς
703 4453 1006 4527 ἀφορήτους
1034 4453 1311 4520 κολάσεις,
1332 4455 1431 4520 τὰς
1458 4460 1788 4528 ἐπαγγελίας
1814 4464 1922 4518 τῶν

345 4541 588 4609 ἀγαθῶν.
611 4541 711 4594 Διά
742 4540 945 4594 τούτων
974 4541 1226 4595 ἁπάντων
1256 4542 1479 4598 δύνασαι
1509 4547 1802 4616 χαλινῶσαι
1823 4551 1924 4623 τὴν

345 4628 625 4682 λυττῶσαν
655 4627 949 4698 ἐπιθυμίαν
973 4668 988 4690 ,
1020 4629 1115 4682 καὶ
1143 4631 1337 4701 στῆσαι
1379 4631 1479 4704 τὴν
1519 4636 1923 4709 κυμαινομένην

347 4717 637 4771 θάλατταν.
667 4717 776 4771 Καὶ
798 4717 900 4782 σὺ,
926 4718 1121 4786 Κύριε,
1147 4717 1258 4785 ἕως
1284 4720 1428 4774 πότε
1443 4738 1463 4785 ;
1499 4721 1920 4793 Ἐπίστρεψον,

348 4802 550 4872 Κύριε,
559 4803 747 4872 ῥῦσαι
766 4803 880 4871 τὴν
899 4803 1112 4873 ψυχήν
1126 4821 1264 4875 μου,
1282 4804 1489 4861 σῶσόν
1503 4826 1582 4878 με
1599 4808 1803 4864 ἕνεκεν
1817 4813 1923 4866 τοῦ

346 4893 562 4958 ἐλέους
597 4908 735 4946 σου.
767 4892 1011 4962 Συνεχῶς
1038 4893 1120 4959 τὸ,
1153 4895 1351 4960 Κύριε.
1376 4894 1588 4964 τίθησιν
1611 4938 1625 4961 ,
1656 4896 1844 4971 ὥσπερ
1872 4918 1923 4953 τι

348 4980 625 5052 δικαίωμα
654 4981 1087 5052 προϐαλλόμενος
1109 4984 1506 5054 συγχωρήσεως
1538 4986 1631 5038 καὶ
1656 4987 1875 5058 χάριτος
1907 5004 1923 5020 ’

349 5073 443 5124 καὶ
474 5071 584 5140 γάρ
612 5072 646 5140 ἡ
677 5071 904 5142 μεγίστη
951 5070 1108 5142 ἡμῶν
1135 5070 1288 5132 ἐλπὶς
1320 5071 1491 5143 αὕτη,
1527 5076 1559 5145 ἡ
1589 5074 1792 5142 ἄφατος
1828 5078 1924 5130 αὐ-

348 5160 442 5213 τοῦ
473 5159 874 5230 φιλανθρωπία,
905 5161 998 5213 καὶ
1022 5160 1081 5213 τὸ
1101 5160 1338 5214 τοιοῦτον
1362 5155 1500 5215 εἶναι
1523 5163 1683 5217 αὐτὸν
1709 5166 1928 5237 πρόχει-

355 5264 446 5317 ρον
480 5249 559 5311 είς
593 5247 957 5317 συγχώρησιν.
993 5247 1066 5300 Τὸ
1093 5247 1173 5313 δὲ,
1209 5247 1363 5315 Ἕως
1384 5251 1564 5316 πότε,
1614 5251 1712 5305 οὐκ
1733 5255 1929 5307 ἀποδυ-

353 5334 679 5398 σπετοῦντος
702 5373 718 5395 ,
767 5333 884 5388 οὐδὲ
933 5335 1400 5406 δυσχεραίνοντος,
1453 5337 1566 5392 ἀλλ’
1590 5339 1924 5412 ὀδυνωμένου

353 5423 448 5475 καὶ
493 5420 814 5489 ἀλγοῦντος,
847 5422 939 5476 καὶ
964 5423 1024 5475 οὐ
1061 5422 1316 5495 φέροντος
1353 5425 1444 5480 τὸν
1471 5426 1578 5480 ἀπὺ
1598 5426 1706 5482 τῶν
1733 5446 1928 5501 πειρα-

359 5508 510 5580 σμῶν
533 5509 718 5577 δγκον.

417 5665 444 5694 ⁸
469 5663 594 5732 Reg.
641 5663 779 5732 ἡμεῖς
798 5663 950 5732 κύριοι
975 5671 1060 5724 111':
1083 5665 1352 5732 Αέπιθυμίας
1388 5669 1724 5732 ἀναπτομένης·
1747 5672 1852 5721 ἀλλ’
1872 5673 1928 5721 ἂν

357 5726 420 5787 μὴ
439 5725 502 5802 ei:
523 5728 612 5785 τήν
633 5727 784 5802 φλόγα
803 5725 1002 5802 «ww.
1161 5725 1400 5802 ᾳιρεςταει
1423 5725 1715 5802 eam-3+
1744 5736 1822 5802 μὴ.
1843 5738 1933 5802 τὴν

357 5789 540 5897 τροὲἠν.
549 5789 800 5871 παράσχῃς
829 5792 888 5847 τῇ
908 5789 1014 5848 ὕλῃ·
1037 5789 1093 5860 εεν
1128 5791 1191 5864 μῂ
1230 5792 1291 5838 τὰ
1326 5789 1549 5866 ἀλλότρια
1581 5789 1754 5854 κάλληξ
1789 5789 1928 5848 Colb.

357 5857 446 5950 οι..
467 5847 937 5968 3:501:23?an
958 5853 1092 5912 ἠμεις
1115 5867 1287 5915 κύριοι,
1304 5862 1358 5906 οι
1377 5871 1468 5904 ουκ
1483 5858 1684 5918 αἴρεται.

505 5924 605 5960 om.
628 5924 793 5974 τροφη.

2075 579 2122 636 δ’.
2142 577 2256 652 μδ]
2273 580 2690 650 Ἐπίστρεψον,
2708 581 2756 634 K
2760 582 2902 650 ὐριε,
2906 581 3092 651 ῥῦσαι
3109 580 3222 648 τὴν
3233 581 3592 649 ψυχήνμουε

2004 667 2106 720 Δύο
2134 667 2366 722 ἐνταῦθα
2395 667 2575 740 τίθησι
2599 707 2616 732 ,
2649 670 2708 722 τό
2730 686 2789 722 τε
2819 669 3140 740 ἐπιστρέψαι
3177 669 3338 722 αὐτὸν
3361 711 3373 733 ,
3405 669 3501 721 καὶ
3529 669 3593 721 τὸ

2007 755 2274 826 ῥύσασθαι
2305 756 2406 828 τὴν
2434 754 2612 827 ψυχήν
2643 773 2766 826 μου.
2793 755 2962 809 Τοῦτο
2991 757 3099 827 γὰρ
3126 758 3355 827 μάλιστα
3375 760 3484 820 τοῖς
3511 758 3593 809 δι·-

2005 847 2181 910 καίοις
2221 847 2684 917 περισπούδαστον
2709 887 2722 911 ,
2757 847 2817 900 τὸ
2845 848 3231 918 -κατηλλάχθαι
3265 849 3426 901 αὐτὸν
3452 890 3466 914 ,
3494 848 3594 900 καὶ.

2006 935 2163 990 ἵλεων
2190 933 2447 992 εἶναικαὶ
2478 938 2714 1010 εὐμενῆ,
2739 939 2832 992 καὶ
2863 937 2938 1009 μὴ
2968 938 3423 1009 ἀποστρέφεσθαι.
3456 932 3595 990 Τούξ

2004 1048 2083 1102 τῳ
2113 1033 2222 1103 γάρ
2264 1034 2361 1086 καὶ
2393 1032 2579 1104 ἕτερον
2611 1033 2805 1086 ’ἐπεται
2827 1072 2842 1096 ,
2874 1032 2936 1085 τὸ
2967 1032 3203 1101 σωθῆναι
3235 1032 3336 1104 τὴν
3365 1031 3542 1101 ψυχήν
3573 1048 3590 1061 ο

2007 1125 2105 1194 οὐχ
2133 1124 2208 1188 ὡς
2236 1124 2418 1178 πολλοὶ
2443 1125 2552 1177 τῶν
2576 1124 2878 1196 ἀνθρώπων
2901 1165 2916 1188 ,
2946 1123 3039 1177 καὶ
3067 1125 3296 1195 μάλιστα
3329 1124 3436 1177 τῶν
3481 1141 3590 1176 πα-

2008 1215 2272 1287 χυτέρων,
2309 1215 2367 1268 ἓν
2404 1215 2562 1286 μόνον
2599 1215 2948 1284 ἐπιζητοῦσιν
2967 1257 2982 1282 ,
3011 1217 3159 1279 ὅπως
3184 1217 3281 1287 τῆς
3313 1214 3592 1286 παρούσης

2009 1306 2331 1360 ἀπολαύοιεν
2367 1307 2684 1379 εὐημερίας.
2733 1308 2871 1362 Ἀλλ’
2896 1308 2996 1361 οὐκ
3029 1311 3226 1361 ἐκεῖνοι
3248 1307 3420 1371 οὕτως
3438 1324 3452 1337 ⁸
3476 1308 3596 1361 ἀλλ’

2009 1401 2156 1464 ὃπως
2185 1401 2283 1470 τῆς
2307 1401 2579 1472 σωτηρίας
2610 1401 2711 1471 τῆς
2743 1401 2884 1455 κατά
2909 1400 3086 1472 ψυχὴν
3115 1400 3497 1468 ἀπολαύσαιεν,
3524 1397 3596 1471 ἧς

2009 1493 2161 1547 οὐδὲν
2194 1493 2588 1564 προτιμότερον
2613 1495 2795 1556 αὐτοῖς
2821 1489 2908 1564 ἦν.
2938 1495 3066 1547 Ὅτι
3091 1495 3202 1547 οὐκ
3229 1494 3400 1547 ἔστιν
3421 1494 3492 1546 ἐν
3514 1493 3594 1558 τῷ

2011 1581 2243 1647 θανάτῳ
2263 1584 2296 1636 ὁ
2311 1584 2710 1652 μνημονεύων
2734 1599 2850 1637 σου
2872 1599 2885 1612 ·
2912 1584 2982 1636 ἐν
3008 1583 3076 1636 δὲ
3106 1583 3186 1649 τῷ
3204 1583 3316 1651 ᾅδῃ
3346 1585 3438 1648 τίς
3461 1582 3596 1645 ἐξο-

2005 1676 2415 1747 μολογήσεταί
2433 1691 2534 1730 σοι
2558 1692 2573 1741 ;
2599 1676 2742 1746 Ὅρα
2777 1676 2949 1739 πόσας
2981 1676 3193 1747 τίθησιν
3219 1676 3394 1738 αἰτίας
3429 1693 3598 1744 σωτη-

2017 1770 2156 1839 ρίας.
2194 1769 2318 1822 Ὅτι
2347 1768 2613 1834 ἀσθενής
2647 1771 2763 1836 ειμι
2787 1811 2802 1831 ,
2839 1769 3024 1838 φησὶν,
3053 1769 3173 1821 Ὂτι
3201 1767 3498 1838 ἐταράχθη
3525 1769 3596 1821 τὰ

2013 1860 2166 1916 ὀστᾶ
2205 1879 2359 1930 μου,
2390 1861 2471 1914 ὅτι
2509 1859 2660 1931 παρὰ
2695 1859 2794 1912 ,τοῦ
2828 1860 3036 1931 Κυρίου
3068 1859 3239 1913 ταῦτα
3267 1859 3435 1922 αἰτῶ,
3474 1860 3593 1914 Ὅτι

2014 1954 2127 2004 οὐκ
2166 1952 2339 2005 ἐστιν
2384 1950 2455 2004 ἐν
2479 1949 2560 2015 τῷ
2590 1949 2822 2017 θανάτῳ
2866 1953 2897 2003 ὁ
2933 1951 3326 2019 μνημονεύων
3357 1966 3502 2004 σου·
3535 1951 3596 2003 οὐ

2011 2045 2170 2100 τοῦτο
2198 2045 2371 2112 λέγων
2397 2085 2412 2108 ,
2450 2045 2533 2098 ὅτι
2566 2043 2729 2114 μέχρι
2785 2041 2879 2096 τοῦ
2914 2042 3178 2112 παρόντος
3207 2043 3275 2096 τὰ
3314 2043 3557 2114 ἡμέτερα
3582 2061 3595 2073 '

2013 2138 2216 2208 ἀπαγε·
2253 2133 2358 2191 οἶδε
2387 2138 2496 2207 γὰρ
2517 2137 2606 2190 τὸν
2632 2139 2878 2210 περὶτῆς
2902 2137 3246 2201 ἀναστάσεως
3263 2138 3422 2206 λόγον
3440 2153 3454 2164 ·
3482 2137 3601 2191 ἀλλ’

2013 2233 2096 2286 ὅτι
2127 2231 2266 2303 μετά
2293 2231 2394 2301 τὴν
2428 2230 2678 2284 ἐντεῦθεν
2722 2231 3030 2301 ἀποδημίαν
3056 2233 3089 2301 ἡ
3127 2231 3382 2300 μετάνοια
3409 2231 3602 2300 καιρὸν

2013 2327 2114 2378 οὐκ
2143 2325 2207 2378 ἂν
2235 2323 2370 2394 ἔχοι.
2410 2323 2561 2376 Ἐπεὶ⁹
2589 2324 2685 2376 καὶ
2723 2324 2753 2375 ό
2791 2322 3047 2386 πλούσιος
3077 2321 3466 2393 ἐξωμολογεῖτο
3505 2324 3600 2375 καὶ

2017 2416 2258 2488 μετενόει
2277 2457 2291 2479 ,
2321 2414 2434 2469 ἀλλ’
2459 2416 2611 2469 οὐδὲν
2639 2415 2898 2482 ὠφελεῖτο
2930 2415 3017 2468 διὰ
3042 2415 3141 2485 τὴν
3179 2415 3452 2486 ἀκαιρίαν.
3489 2415 3599 2468 Καὶ

2015 2512 2068 2562 αί
2095 2508 2356 2580 παρθένοι
2373 2509 2431 2561 δὲ
2455 2507 2834 2579 ἠϐουλήθησαν
2862 2507 3047 2560 λαϐεῖν
3071 2507 3268 2571 ἔλαιον,
3288 2506 3401 2560 ἀλλ’
3425 2506 3601 2570 οὐδεῖς

2017 2605 2208 2665 αὑταῖς
2232 2602 2420 2655 ἔδωκε.
2445 2601 2618 2654 Τοῦτο
2635 2603 2812 2654 τοίνυν
2846 2600 2988 2666 ἀξιοῖ
3017 2603 3112 2656 καὶ
3143 2594 3300 2666 οὗτος
3319 2641 3333 2664 ,
3365 2602 3603 2655 ἐνταῦθα

2017 2692 2381 2761 ἀπονίψασθαι
2411 2692 2476 2744 τά
2510 2692 2885 2763 ἁμαρτήματα
2905 2731 2920 2756 ,
2952 2689 3094 2744 ὥστε
3121 2691 3216 2745 ἐπὶ
3238 2693 3333 2744 τοῦ
3367 2691 3600 2763 φοϐεροῦ

2021 2785 2259 2857 βήματος
2304 2785 2616 2856 παρρησίας
2656 2785 2980 2838 ἀπολαῦσαι.
3027 2783 3163 2838 Εἶτα
3215 2785 3484 2839 παιδεύων
3511 2785 3600 2837 τὸν

2017 2877 2292 2949 ἀκροατὴν
2317 2919 2332 2942 ,
2368 2878 2450 2930 ὅτι
2488 2877 2624 2948 μετά
2654 2877 2751 2948 τῆς
2786 2876 2879 2929 τοῦ
2911 2875 3043 2929 Θεοῦ
3091 2876 3500 2949 φιλανθρωπίας
3522 2877 3602 2928 δεῖ

2016 2972 2111 3024 καὶ
2160 2969 2224 3022 τὰ
2260 2969 2504 3040 ἡμέτερα
2559 2967 2792 3021 ἕπεσθαι
2829 2968 2848 3038 (
2875 2968 2939 3020 ἄν
2969 2985 3026 3020 τε
3058 2967 3167 3037 γὰρ
3195 2970 3291 3039 τὴν
3318 2968 3600 3020 ἀσθένειαν

2019 3061 2449 3135 προϐαλλώμεθα
2467 3101 2482 3128 ,
2508 3060 2574 3115 ἀν
2610 3078 2669 3114 τε
2703 3061 2800 3132 τὴν
2826 3061 3073 3130 ταραχὴν
3091 3101 3105 3124 ,
3129 3060 3194 3114 ἀν
3225 3079 3286 3114 τε
3328 3061 3418 3115 τοῦ
3464 3062 3598 3115 Θεοῦ

2018 3157 2117 3225 τὴν
2149 3154 2460 3225 ἁγαθότητα
2481 3193 2496 3217 ,
2527 3152 2594 3206 ἀν
2622 3169 2680 3204 τε
2711 3153 2842 3205 αὐτὸ
2870 3152 2934 3220 δὴ
2966 3151 3123 3205 τοῦτο
3142 3191 3156 3214 ,
3191 3151 3218 3205 ὃ
3249 3151 3428 3220 ἔλεγε.
3452 3152 3521 3205 τὰ
3543 3153 3614 3206 δὲ.

2019 3246 2148 3317 παρ’
2176 3244 2332 3316 ἡμῶν
2366 3245 2441 3316 μὴ
2475 3243 2838 3314 προσκὲηται,
2862 3243 3015 3296 οὐδὲν
3049 3245 3178 3314 ἡμῖν
3210 3243 3469 3314 ὄφελος),
3499 3245 3602 3314 ὅρα

2017 3338 2069 3390 τί
2119 3338 2397 3408 ἐπήγαγεν
2428 3353 2443 3366 ο
2491 3337 2822 3392 Ἐκοπίασα
2867 3336 2938 3389 ἐν
2987 3334 3068 3400 τῷ
3105 3333 3418 3405 στεναγμῷ
3458 3353 3594 3404 μου,

2015 3429 2222 3484 ,λούσω
2258 3428 2386 3482 καθ’
2413 3426 2683 3495 ἑκάστην
2721 3428 2912 3480 νύκτα
2955 3426 3072 3494 τὴν
3107 3426 3327 3494 κλίνην
3352 3442 3471 3494 μου
3491 3443 3505 3456 ο
3532 3426 3602 3478 ἐν

2018 3519 2278 3588 δάκρυσί
2300 3537 2420 3588 μου
2446 3518 2561 3586 τὴν
2587 3516 2910 3586 στρωμνήν
2936 3535 3056 3588 μου
3078 3517 3298 3585 βρέξω.

2102 3612 2476 3666 Ἀκουέτωσαν
2504 3614 2552 3664 οί
2591 3613 2648 3666 ὲν
2685 3610 2930 3680 εὐτελείᾳ
2960 3609 3182 3675 ζῶντες,
3223 3609 3340 3662 οἷαν
3372 3611 3400 3662 ὁ
3445 3609 3613 3679 βασι-“

2019 3707 2146 3771 λεὺς
2175 3706 2269 3760 καὶ
2304 3703 2613 3776 πορφυρίδα
2649 3703 3032 3774 περικείμενος
3069 3701 3352 3772 μετάνοιαν
3395 3701 3604 3754 ἐπεδεί-

2020 3817 2217 3856 κνυτο·
2253 3798 2578 3868 ἀκούσωμεν
2601 3836 2614 3857 ,
2647 3795 3060 3865 κατανυγῶμεν.
3099 3794 3211 3863 Οὐχ
3258 3793 3442 3857 ἁπλῶς
3474 3785 3614 3846 ἔκαέ

2025 3910 2124 3964 μεν
2147 3933 2162 3957 ,
2193 3891 2330 3947 ἀλλά
2374 3888 2760 3951 καιὲκοπίασε
2792 3885 3098 3950 στενάζων·
3127 3887 3224 3956 οὐχ
3256 3886 3442 3950 ἁπλῶς
3484 3886 3606 3938 ἐδά-

2021 4000 2240 4053 κρυσεν,
2266 3981 2400 4036 ἀλλά
2420 3982 2514 4034 καὶ
2535 3979 2720 4032 ἔλουσε
2749 3977 2846 4050 τὴν
2881 3977 3086 4047 κλίνην,
3117 3977 3177 4029 οὐ
3213 3976 3339 4046 μίαν
3368 3977 3460 4028 καὶ
3486 3975 3604 4027 δευ-

2020 4076 2187 4147 τέραν
2237 4075 2331 4128 καὶ
2376 4073 2563 4144 τρίτην
2616 4070 2864 4141 ἡμέραν,
2900 4069 3034 4123 ἀλλὰ
3062 4067 3157 4121 καὶ
3200 4065 3320 4120 καθ’
3369 4065 3604 4132 ἑκάστην

2022 4168 2193 4225 νύκτα
2214 4184 2226 4195 ⁸
2257 4167 2352 4220 καὶ
2381 4165 2440 4218 οὐ
2461 4163 2523 4217 τὸ
2557 4161 2826 4234 παρελθὸν
2853 4161 3011 4232 μόνον
3043 4159 3212 4227 λέγει.
3241 4155 3378 4212 ἀλλά
3420 4157 3514 4209 καὶ
3543 4156 3609 4209 τὸ

2028 4255 2238 4329 μέλλον.
2257 4253 2348 4326 Μὴ
2370 4252 2477 4323 γὰρ
2497 4250 2562 4322 δὴ
2580 4249 2860 4321 νομίσητε,
2879 4249 2961 4300 ὅτι
2981 4247 3152 4300 ταῦτα
3172 4246 3406 4316 ποιήσας
3431 4245 3603 4311 ἅπαξ,

2025 4343 2160 4415 πρὸς
2205 4342 2383 4396 ἄνεσιν
2433 4338 2622 4393 ἑαυτὸν
2665 4336 2848 4390 λοιπὸν
2895 4335 3135 4405 ἀφῆκεν,
3170 4332 3305 4386 ἀλλά
3345 4331 3604 4403 διηνεκῶς

2024 4431 2181 4485 τοῦτο
2214 4431 2467 4501 πράττων
2522 4424 2746 4479 διετέλει
2804 4423 2894 4476 διὰ
2946 4425 3124 4490 πάσης
3171 4423 3269 4492 τῆς
3324 4421 3488 4493 ζωῆς.
3525 4423 3606 4476 Οὐ

2025 4523 2275 4594 κάθαπερ
2329 4522 2530 4591 ἡμεῖς,
2583 4520 2631 4570 οἱ
2690 4517 2816 4589 μίαν
2868 4513 3222 4586 ἐργαζόμενοι
3259 4513 3415 4567 τοῦτο
3470 4513 3604 4566 πολ-

2025 4611 2180 4674 λάκις
2214 4609 2444 4680 ἡμέραν,
2481 4606 2515 4678 ἢ
2542 4605 2662 4659 οὐδὲ
2695 4604 2845 4676 μίαν,
2874 4605 2953 4666 εἰς
2981 4601 3194 4670 γέλωτα
3221 4611 3242 4639 ο
3275 4602 3367 4655 καὶ
3392 4600 3607 4672 τρυφὴν

2026 4699 2122 4753 καὶ
2151 4699 2332 4752 ἄνεσιν
2361 4695 2586 4756 ἑαυτοὺς
2604 4691 2900 4761 ἐκδίδομεν.
2928 4689 3067 4742 Ἀλλ’
3093 4690 3193 4742 οὐκ
3215 4689 3418 4753 ἐκεῖνος
3438 4707 3450 4720 ·
3485 4687 3603 4742 ἀλλ’

2027 4789 2085 4840 ὲν
2119 4787 2346 4858 δάκρυσι
2381 4781 2651 4854 διηνεκέσι
2687 4780 2931 4834 διετέλει.
2964 4777 3180 4850 Ταύτην
3214 4777 3278 4849 δὴ
3312 4779 3406 4831 καὶ
3443 4778 3604 4848 ἡμεῖς

2030 4872 2325 4949 μιμώμεθα
2347 4870 2446 4943 τὴν
2472 4869 2873 4939 ἐξομολόγησιν.
2900 4867 2961 4918 Εἰ
2983 4866 3090 4936 γὰρ
3115 4866 3188 4937 μὴ
3213 4865 3604 4937 βουληθείημεν

2029 4964 2257 5018 κλαῦσαι
2279 4961 2530 5023 ἐνταῦθα,
2570 4958 2785 5028 ἀνάγκη
2811 4957 3026 5019 πάντως
3052 4958 3168 5008 ἐκεῖ
3191 4955 3475 5026 ὀδύρεσθαι
3509 4957 3605 5008 καὶ

2029 5053 2263 5107 κλαίειν’
2301 5051 2416 5102 ἐκεῖ
2451 5057 2546 5118 μεν
2572 5047 2822 5117 ἀνόνητα,
2852 5043 3082 5097 ἐνταῦθα
3116 5043 3171 5097 δὲ
3195 5043 3332 5114 μετά
3356 5043 3601 5115 κέρδουςο

2027 5143 2120 5194 καὶ
2166 5141 2282 5192 ἐκεῖ
2310 5139 2408 5208 μὲν
2441 5139 2559 5208 μετ’
2591 5135 2851 5206 αἰσχύνης
2875 5178 2890 5200 ,
2925 5131 3159 5187 ἐνταῦθα
3203 5133 3260 5185 δὲ
3296 5133 3413 5204 μετ’
3445 5133 3601 5185 εὐκο-

2029 5229 2194 5300 σμίας
2250 5227 2470 5295 πολλῆς.
2517 5225 2640 5278 ’Ὁτι
2693 5223 2802 5294 γὰρ
2856 5221 3068 5290 ἀνάγκη
3118 5219 3274 5273 τοῦτο
3310 5221 3604 5289 γενέσθαι,

2027 5321 2257 5374 ἀκουσον
2286 5317 2340 5371 τί
2363 5333 2527 5388 φησιν
2549 5318 2576 5369 ὁ
2593 5314 2825 5387 Χριστός
2841 5330 2854 5343 ·
2877 5311 3031 5364 Ἐκεῖ
3047 5312 3216 5364 ἔσται
3242 5314 3275 5364 ό
3297 5311 3606 5377 κλαυθμὸς

2028 5409 2126 5463 καὶ
2161 5410 2193 5460 ὀ
2226 5405 2498 5474 βρυγμὸς
2537 5402 2656 5457 τῶν
2685 5403 2964 5456 ὀδόντων.
3002 5399 3138 5451 Ἀλλ’
3166 5398 3262 5468 οὐχ
3294 5398 3344 5450 οἱ
3371 5396 3604 5449 ἐνταῦθα

2029 5496 2305 5557 κλαίοντες
2333 5493 2531 5556 οὕτως·
2565 5492 2700 5544 ἀλλά
2723 5490 2924 5560 πολλῆς
2949 5486 3344 5541 ἀπολαύσονται
3370 5489 3471 5558 τῆς
3495 5501 3603 5538 παι-

2034 5583 2364 5658 ρακλὴσεως.
2384 5579 2675 5648 Μακάριοι
2702 5578 2810 5647 γὰρ
2832 5581 2884 5632 οί
2907 5575 3267 5640 πενθοῦντες
3283 5614 3298 5638 ,
3317 5573 3405 5626 ὅτι
3433 5573 3602 5627 αὐτοὶ

2029 5669 2620 5742 παρακληθήσονται.
2667 5665 2811 5719 Οὐαὶ
2846 5664 2988 5733 ὑμῖν
3026 5662 3150 5729 τοῖς
3194 5661 3515 5728 πλουσίοις
3548 5658 3600 5725 ἀ,

2095 5789 2116 5817 ⁸
2139 5786 2264 5847 Reg.
2284 5783 2420 5846 ἡμεῖς
2453 5783 2566 5832 οὐδὲ
2588 5782 2697 5844 μίαν
2715 5778 2858 5829 τοῦτο
2881 5780 3164 5842 ἐργαζόμεθα
3184 5779 3362 5843 ἡμέραν
3386 5778 3414 5833 ἢ
3437 5776 3601 5836 νύκτα,

2030 5849 2132 5900 ἀλλ’
2152 5849 2217 5904 εἰς
2233 5848 2433 5907 γέλωτα.

2099 5910 2126 5950 τί
2151 5905 2274 5972 Reg.
2301 5908 2407 5957 οὐαὶ
2425 5907 2534 5968 ὐμίίν
2560 5909 2602 5956 οί
2628 5905 2884 5982 χαίροντες.
