4074 6356
437 413 508 471 77
901 393 908 401 ”
1151 413 1210 470 s.
1250 413 1534 470 JOANNIS
1568 413 2063 472 cuavsosrom
2101 417 2418 480 ARCHIEP.
2459 426 3001 490 coxsnmmov.
3620 442 3690 499 78

433 533 525 586 δι’.
563 530 820 597 ἀπέχετε
856 525 968 598 τήν
997 527 1113 601 [46]
1142 528 1532 598 παράκλησιν
1567 531 1754 602 ὑμῶν.
1797 530 2015 584 Ἀκουέ-

432 631 613 668 τωσαν
636 617 685 666 οἱ
714 615 810 678 τὰς
840 613 1087 685 ἀργυρᾶς
1116 613 1302 676 κλίνας
1331 613 1580 684 ἔχοντες,
1623 616 1711 670 οἵα
1739 615 1833 669 τοῦ
1861 616 2016 685 βασι-

432 698 570 762 λέως
597 693 666 768 ἦν
687 699 721 769 ή
759 696 944 768 κλίνη·
973 698 1038 750 οὐ
1073 696 1480 768 λιθοκόλλητος,
1524 698 1586 752 ού
1617 700 2014 769 χρυσόπαστος,

434 780 570 834 ἀλλά
608 779 837 851 δάκρυσι
877 778 1193 851 λελουμένη.
1224 779 1412 852 Τούτῳ
1445 782 1503 834 αί
1538 781 1732 844 νύκτες
1763 782 1862 835 οὐκ
1889 783 2016 835 ἀνα-

435 861 722 928 παύσεως,
763 861 902 916 ἀλλά
943 862 1158 934 θρήνων
1189 862 1290 916 καὶ
1314 862 1565 934 ὀδυρμῶν
1609 863 1804 928 νύκτες
1853 860 2014 935 ἦσαν.

447 945 666 1016 Ἐπειδὴ
694 947 751 998 ἐν
781 946 966 1018 ἡμέρᾳ
993 945 1183 999 πολλαὶ
1209 945 1518 1016 περιέσπων
1543 958 1569 987 ι
1607 946 1766 1001 αὑτὸν
1801 945 2017 1018 φροντί-

433 1027 559 1091 δες,
588 1027 648 1081 ὃν
686 1027 923 1092 ἅπαντες
962 1027 1200 1093 ἀνέσεως
1231 1029 1510 1084 ποιοῦνται
1555 1031 1778 1102 καιρὸν,
1827 1029 2016 1083 τοῦτον

435 1113 640 1175 ἐκεῖνος
666 1112 1100 1184 ἐξομολογήσεως
1127 1114 1360 1167 ἐποιεῖτο
1380 1151 1398 1178 ,
1439 1112 1765 1186 θερμότερον
1803 1113 2015 1185 θρηνῶν

435 1199 578 1250 τετε.
611 1195 790 1249 Καλὸν
834 1195 932 1266 μὲν
963 1195 1075 1266 γάρ
1113 1197 1201 1250 ἀεὶ
1227 1197 1288 1250 τὸ
1317 1197 1524 1251 κλαίειν
1546 1237 1562 1261 ,
1598 1198 1830 1269 μάλιστα
1869 1197 1926 1251 δὲ
1955 1199 2018 1252 ἐν

435 1278 613 1350 καιρῷ
643 1279 738 1347 τῆς
765 1279 956 1343 νυκτὸς
976 1318 991 1343 ,
1017 1280 1107 1333 ὅτε
1135 1281 1308 1345 οὐδεῖς
1349 1279 1631 1352 ἐκκρούων
1667 1281 1766 1352 τῆς
1811 1280 2018 1351 θαυμα-

435 1362 567 1430 στῆς
609 1361 814 1433 ταύτης
847 1363 1044 1433 ἡδονῆς
1068 1404 1084 1430 ,
1127 1363 1242 1416 ἀλλ’
1272 1364 1479 1418 ἔνεστιν
1516 1365 1902 1437 ἐμφορηθῆναι·
1935 1364 2016 1436 τῷ

435 1444 743 1516 βουλομένῳ
767 1446 904 1516 μετὰ
931 1447 1112 1517 πάσης
1143 1446 1344 1510 ἁδείας.
1381 1448 1588 1501 Ἴσασιν
1607 1451 1656 1502 οἱ
1689 1451 1884 1518 πεῖραν
1916 1445 2014 1501 λα-

434 1527 618 1591 ϐόντες
649 1527 682 1581 δ
705 1528 867 1596 λέγω,
918 1529 1050 1600 ὅσην
1083 1529 1422 1601 εὐφροσύνην
1460 1529 1676 1601 ἔχουσιν
1713 1523 1874 1584 αὗται
1905 1529 2023 1584 τῶν.

429 1609 682 1684 δακρύων
731 1613 790 1665 αἱ
836 1613 1030 1682 πηγαί.
1064 1612 1254 1666 Ταῦτα
1295 1614 1365 1668 τά
1398 1613 1614 1686 δάκρυα
1659 1613 1720 1667 τὸ
1752 1613 2022 1668 ἄσϐεστον,

431 1694 546 1766 πῦρ
593 1695 782 1752 σϐέσαι
814 1697 1100 1764 δύνανται,
1128 1697 1220 1751 τδν
1261 1698 1505 1768 ποταμὸν
1537 1700 1745 1752 ἐκεῖνον
1773 1699 1864 1752 τὸν
1906 1697 2015 1770 πρὸ

430 1779 524 1833 τοῦ
548 1779 791 1852 βήματος
826 1782 1133 1852 ἑλκόμενον.
1161 1780 1260 1836 Διά
1290 1781 1447 1834 τοῦτο
1471 1783 1566 1834 καὶ
1587 1783 1615 1834 6
1649 1782 1858 1845 Παῦλος
1891 1782 2014 1837 ἐδά-

432 1879 564 1932 κρυε
587 1864 824 1936 τριετίαν
848 1865 1018 1918 νύκτα
1041 1865 1133 1919 καὶ
1153 1865 1389 1936 ἡμέραν,
1406 1865 1476 1918 τά
1497 1865 1752 1938 ἀλλότρια
1779 1864 2016 1936 διορθού-

435 1962 594 2015 μενος
626 1949 770 2020 πάθη
791 1967 804 1980 ·
837 1951 998 2019 ήμεῖς
1042 1947 1100 2000 δὲ
1132 1948 1251 2001 οὐδὲ
1302 1948 1371 2002 τὰ
1399 1949 1610 2013 οἰκεῖαι,
1656 1949 1791 2003 ἀλλὰ
1816 1949 2013 2018 γέλωτι

433 2031 526 2084 καὶ
557 2035 732 2102 τρυφῇ
766 2032 990 2095 ἑαυτοὺς
1037 2031 1333 2098 ἐκδιδόντες
1352 2073 1368 2097 ,
1403 2033 1500 2103 τὴν
1531 2032 1702 2087 νύκτα
1730 2033 1883 2104 κάρῳ
1919 2032 2015 2103 βα·

431 2111 516 2166 θεῖ
545 2114 1026 2185 καταχωννύμεθα.
1061 2115 1172 2167 Καὶ
1203 2117 1252 2168 οί
1287 2116 1387 2185 μὲν
1417 2115 1574 2186 ύπνῳξ
1604 2117 1820 2186 θανάτῳ
1845 2133 2014 2187 προσ-

428 2199 628 2252 εοικότι
661 2200 1080 2270 προσήλωνται·
1137 2201 1188 2252 οί
1213 2200 1272 2254 δέ
1305 2201 1614 2271 ἀγρυπνίαν
1652 2200 1880 2254 θανάτου
1914 2217 2014 2270 χαρ-

428 2279 745 2352 λεπωτέραν
773 2283 1110 2352 ἀγρυτωοῦσι
1136 2325 1152 2350 ,
1178 2285 1372 2348 τόκους
1419 2285 1514 2338 καὶ
1539 2284 1874 2354 δανείσματα
1916 2283 2012 2337 καὶ

428 2365 527 2428 τὰς
553 2365 753 2436 ἐτέρων
791 2367 1234 2441 ἀναλογιζόμενοι
1278 2371 1399 2423 κατ’
1437 2370 1644 2422 ἐκεῖνον
1681 2369 1772 2423 τὸν
1820 2369 2010 2440 καιρὸν

430 2449 742 2514 ἐπιϐουλάς.
777 2449 916 2502 Ἀλλ’
949 2452 1048 2521 οὺχ
1089 2452 1140 2505 οί
1172 2453 1466 2524 νήφοντες,
1499 2452 1634 2506 ἀλλά
1672 2454 1771 2515 τὰς
1804 2453 2012 2506 ἑαυτῶν

432 2537 735 2604 γεωργοῦσι
773 2533 952 2606 ψυχὰς
973 2577 987 2599 ,
1021 2534 1209 2607 ὥσπερ
1239 2535 1378 2607 ύετῷ
1406 2538 1520 2600 τοῖς
1551 2537 1778 2607 δάκρυσι
1805 2554 2011 2608 κεχρη-

435 2618 585 2688 μένοι
605 2617 814 2683 τούτοις
829 2659 843 2680 ,
862 2621 956 2673 καὶ
981 2619 1050 2672 τὰ
1072 2620 1364 2691 σπέρματα
1385 2621 1486 2690 τῆς
1509 2620 1711 2691 ἀρετῆς
1734 2619 2009 2686 αὔξοντες.

433 2702 592 2776 Πάσῃ
618 2702 784 2773 κακίᾳ
826 2703 918 2756 καὶ
946 2702 1201 2772 ἀσελγείᾳ
1227 2702 1428 2765 ἀϐατός
1455 2705 1601 2755 ἐστιν
1626 2702 1755 2773 εὐνὴ
1790 2702 2010 2756 τοιαῦτα

429 2785 640 2856 δάκρυα
661 2785 944 2856 δεχομένη.
993 2787 1051 2840 '0
1083 2785 1151 2840 τά
1175 2787 1398 2841 τοιαῦτα
1417 2786 1627 2858 δάκρυα
1655 2787 1932 2852 σταλάζων
1960 2788 2009 2854 δ,

429 2870 582 2923 οὐδὲν
611 2872 822 2940 ήγεῖται
842 2870 910 2923 τά
939 2871 1031 2924 ἐπὶ
1056 2869 1153 2942 τῆς
1180 2870 1305 2940 γῆς,
1331 2869 1468 2924 ἀλλά
1489 2871 1669 2944 πάσης
1697 2871 2010 2943 πολιορκίας

430 2953 759 3008 ἀπαλλάττει
790 2953 888 3024 τὴν
909 2953 1108 3024 ψυχὴν.
1144 2953 1238 3007 τοῦ
1265 2953 1416 3024 ήλίου
1439 2954 1827 3027 λαμπροτέραν
1859 2954 2010 3008 καθί-

432 3056 589 3108 στησι
624 3037 722 3108 τὴν
753 3037 1007 3091 διάνοιαν.
1046 3039 1156 3091 Καὶ
1193 3037 1266 3109 μή
1297 3055 1366 3108 με
1391 3039 1651 3109 νομίσητε
1682 3039 1818 3110 πρὸς
1848 3056 2011 3110 μονα-

429 3125 559 3195 χοῦς
578 3121 752 3178 ταῦτα
777 3123 958 3192 λέγειν
997 3122 1158 3193 μόνον
1177 3137 1191 3152 ·
1224 3122 1322 3174 καὶ
1347 3121 1452 3193 γάρ
1491 3121 1628 3192 πρδς
1661 3121 1948 3191 βιωτικοὺς
1980 3125 2010 3192 ἡ

432 3206 754 3278 παραίνεσις
776 3246 791 3264 .
837 3206 931 3260 καὶ
967 3204 1107 3276 πρὸς
1137 3203 1358 3267 τούτους
1400 3204 1596 3274 μᾶλλον
1615 3247 1629 3271 ,
1660 3205 1693 3274 ἢ
1725 3204 1967 3268 ἐκείνους
1993 3220 2014 3234 ⁸

431 3284 576 3344 οῦτοι
596 3289 704 3360 γάρ
728 3288 959 3360 μάλιστα
980 3289 1036 3341 οίι
1049 3287 1294 3358 δεόμενοι
1317 3288 1424 3340 τῶν
1445 3289 1541 3359 τῆς
1567 3289 1854 3360 μετανοίας
1880 3306 2013 3360 φαρ-

435 3378 645 3449 μάκων.
682 3376 739 3430 '0
764 3375 986 3430 τοιαῦτα
1011 3374 1248 3447 θρηνῶν,
1281 3376 1638 3444 ἀναστήσεται
1667 3375 1881 3445 λιμένος
1906 3394 2009 3446 γα-

430 3464 594 3534 ληνοῦ
627 3463 727 3534 τήν
759 3461 936 3534 ψυχὴν
964 3464 1185 3532 ἄμεινον
1211 3462 1350 3533 ἔχων
1372 3501 1386 3524 ,
1417 3463 1596 3515 πάντα
1636 3462 1914 3517 ἐκϐάλλων
1939 3464 2010 3516 τὰ

431 3547 582 3616 πάθη
599 3563 615 3578 ·
647 3545 848 3616 πολλῆς
881 3544 1306 3615 πεπληρωμένος
1333 3544 1435 3615 τῆς
1462 3544 1798 3616 εύφροσύνης
1824 3547 1902 3608 εἰς
1930 3541 2008 3598 οἷ·

433 3648 529 3684 κον
557 3628 692 3683 Θεοῦ
745 3628 884 3699 μετά
922 3629 1233 3699 παρρησίας
1265 3629 1636 3698 ἀπαντήσεται
1675 3630 1703 3682 6
1733 3628 1970 3692 τοιοῦτος
1995 3646 2007 3659 ·

431 3713 512 3784 τῷ
554 3711 781 3782 πλησίον
831 3711 949 3781 μεθ’
978 3711 1172 3781 ἡδονῆς
1217 3710 1550 3775 διαλέξεται·
1595 3712 1655 3764 ού
1707 3711 1876 3783 θυμὸς
1903 3712 2011 3782 γάρ

435 3798 746 3868 ἐνδομυχεῖ,
787 3797 888 3850 οὐκ
926 3794 1191 3864 ἐπιθυμία
1223 3794 1446 3864 φλέγει,
1479 3795 1580 3847 οὐκ
1611 3794 1751 3864 ἔρως
1796 3796 2011 3865 χρημά-

433 3898 564 3945 των,
597 3881 658 3934 ού
686 3877 906 3948 φθόνος,
939 3879 1039 3930 οὐκ
1068 3877 1194 3932 ἀλλο
1218 3877 1327 3930 τῶν
1345 3877 1599 3930 τοιούτων
1631 3877 1802 3930 οὐδέν.
1831 3877 2012 3931 Πάντα

435 3964 546 4037 γὰρ
574 3964 766 4026 ταῦτα,
795 3961 1044 4034 καθάπερ
1077 3961 1243 4032 θηρία
1272 3960 1654 4032 ἐμφωλεύοντα
1676 4001 1691 4026 ,
1720 3960 2012 4016 καταδῦναι

436 4049 528 4104 διὰ
556 4050 654 4118 τῆς
679 4047 871 4110 νυκτὸς
901 4049 930 4100 6
964 4045 1266 4116 στεναγμὸς
1311 4047 1518 4106 ἐκεῖνος
1568 4046 1662 4098 καὶ
1706 4045 1774 4098 τὰ
1805 4045 2013 4117 δάκρυα

439 4132 868 4204 παρεσκεύασεν.
917 4127 1245 4199 Ἐταράχθη
1278 4128 1395 4182 ἀπὸ
1426 4128 1624 4196 θυμοῦ·
1646 4131 1678 4182 ὁ
1707 4129 2014 4198 ὀφθαλμός

431 4234 572 4285 μου.
600 4212 751 4278 Εἶδες
777 4212 956 4284 ψυχὴν
988 4213 1487 4283 συντετριμμένην;
1521 4212 1701 4264 Εἰπὼν
1725 4212 1823 4281 τὴν
1849 4213 2014 4282 μετά-

439 4315 618 4365 νοιαν,
650 4297 796 4367 λέγει
826 4297 990 4349 πάλιν
1022 4295 1092 4349 τὰ
1121 4295 1268 4365 πάθη
1289 4335 1303 4358 ,
1335 4296 1426 4348 τὸν
1477 4294 1704 4366 θόρυϐον
1743 4295 1835 4347 τὸν
1862 4296 1919 4348 ἐν
1947 4299 2012 4367 τῇ

438 4382 645 4454 διανοίᾳ
665 4422 678 4444 ,
703 4381 791 4434 τὸν
826 4379 988 4450 φόϐον
1013 4380 1104 4433 τὸν
1129 4379 1236 4432 ἀπὸ
1260 4379 1363 4449 τῆς
1403 4379 1572 4450 ὀργῆς
1610 4378 1703 4432 τοῦ
1751 4378 1887 4432 Θεοῦ
1917 4380 2014 4449 ἐγ-

442 4460 748 4536 γινόμενον.

511 4583 575 4632 ε’.
611 4575 918 4648 Ὀφθαλμὸν
945 4576 1056 4649 γὰρ
1081 4575 1313 4631 ἐνταῦθα
1334 4575 1425 4629 τὸν
1453 4574 1556 4645 τῆς
1573 4573 1750 4646 ψυχῆς
1779 4591 1931 4646 φησι,
1958 4577 2020 4628 τὸ

444 4671 749 4744 διορατικδν
778 4672 953 4724 ἐκεῖνο
982 4672 1076 4725 καὶ
1099 4671 1336 4740 λογικὸν,
1362 4670 1498 4741 ὅπερ
1529 4670 1563 4741 ή
1596 4668 1774 4722 ἐννοια
1801 4667 1911 4722 τῶν
1939 4671 2018 4722 οί-

448 4763 614 4819 κείων
649 4763 1060 4834 ἁμαρτημάτων
1089 4763 1377 4835 ταράττειν
1417 4760 1626 4814 εἴωθεν.
1667 4760 1884 4831 Ἐπειδὴ
1913 4760 2021 4831 γὰρ

448 4855 538 4910 διά
584 4852 783 4918 παντὸς
831 4853 937 4925 πρὸ
966 4853 1076 4908 τῶν
1112 4852 1404 4924 ὀφθαλμῶν
1440 4847 1554 4922 εἶχε
1599 4849 1668 4903 τά
1699 4849 2026 4922 πλημμελή-

452 4964 618 5018 ματα,
655 4946 749 5000 καὶ
776 4945 870 5000 τοῦ
898 4945 1030 4999 Θεοῦ
1054 4945 1153 5018 τὴν
1186 4945 1354 5018 ὀργήν
1386 4945 1749 5016 ἀνελογίζετο,
1782 4949 1839 5000 ἐν
1876 4947 2026 5019 φόϐῳ

447 5040 558 5106 ὢν,
586 5039 688 5093 οὐκ
715 5038 1030 5110 ἀναλγήτως
1081 5037 1224 5102 ζῶν,
1259 5037 1510 5110 καθάπερ
1551 5039 1600 5092 οἱ
1635 5039 1852 5106 πολλοὶ,
1891 5040 2027 5093 ἀλλά

449 5131 698 5202 ἀγωνιῶν
728 5131 821 5185 καὶ
867 5129 1104 5203 τρέμων.
1146 5129 1208 5183 'H
1251 5129 1474 5201 τοιαύτη
1521 5131 1736 5204 ταραχὴ
1785 5132 2024 5203 γαλήνης

451 5224 568 5298 [67]
598 5225 778 5297 μήτηρ
805 5221 979 5276 ἐστίν·
1012 5223 1040 5274 ὁ
1067 5221 1305 5285 τοιοῦτος
1345 5221 1506 5291 φόϐος
1533 5223 1717 5286 ἀδείας
1747 5223 2020 5287 ὑπόθεσις.

461 5319 520 5371 ⁸0
565 5315 708 5371 οὕτω
749 5313 1152 5386 τεταραγμένος
1191 5313 1368 5367 πάντα
1405 5314 1651 5384 χειμῶνα
1679 5313 1963 5368 ἐκϐάλλει·
1997 5315 2025 5367 6

449 5409 704 5479 τοιαύτην
731 5407 832 5460 οὐκ
857 5407 993 5478 ἔχων
1015 5405 1112 5474 τὴν
1137 5403 1313 5476 ψυχὴν
1335 5405 1563 5487 χαλεπὸν
1593 5403 1881 5459 κλυδώνιον
1903 5406 2025 5458 ὑπο-

455 5499 734 5568 στήσεται.
759 5495 872 5550 Καὶ
906 5494 1094 5566 ὥσπερ
1127 5493 1308 5547 πλοῖον
1357 5493 1749 5565 ἀνερμάτιστον
1798 5497 1866 5566 τῇ
1917 5493 2024 5546 τῶν

453 5590 662 5662 ἀγρίων
692 5588 1016 5659 πνευμάτων
1046 5586 1262 5641 ἐκδοθὲν
1295 5585 1476 5658 ῥύμῃ,
1497 5586 1707 5658 ταχέως
1751 5597 2044 5640 καταπον-”

453 5681 659 5745 τίζεται
680 5697 694 5710 ·
729 5679 874 5734 οὕτω
914 5679 1010 5735 καὶ
1037 5679 1184 5753 ψυχή
1228 5678 1548 5752 ἀναλγήτως
1591 5678 1740 5744 ζῶσα
1761 5719 1778 5748 ,
1814 5678 2027 5753 μυρίοις

517 5817 548 5842 "
561 5819 684 5879 Reg.
715 5819 937 5868 διέσπων.

519 5881 549 5923 II
574 5883 695 5944 Heg.
719 5884 744 5930 ό
767 5883 826 5928 τὰ
846 5880 1039 5931 τοιαῦτα
1060 5880 1306 5938 στενάεων.
1341 5909 1343 5912 ‹

2121 537 2413 608 πρόκειται·
2436 543 2652 598 πάθεσι.
2685 546 2775 600 Διὸ
2805 548 2908 601 καὶ
2933 550 2970 604 6'
3009 549 3276 623 μακάριος
3301 552 3509 619 Παῦλος
3531 554 3694 612 τοῦτο

2115 629 2176 682 τὸ
2215 629 2388 696 πάθος
2428 634 2833 708 ἐνδεικνύμενος
2852 680 2869 706 ,
2903 639 3087 709 ἔλεγεν
3107 659 3123 674 ·
3155 644 3385 711 Οἷτινες
3417 647 3688 717 dm;er-

2115 721 2286 788 κότες
2313 723 2566 792 ἑαυτοὺς
2597 729 2946 797 παρέδωκαν
2972 732 3050 801 τῇ
3083 733 3367 806 ἀσελγείᾳ
3394 740 3481 804 είς
3519 738 3692 810 697a-

2038 843 2064 875 ,
2112 813 2258 866 σίαν
2285 815 2656 886 ἀκαθαρσίας
2683 821 2894 890 πάσης,
2916 824 2988 878 ἐν
3013 828 3355 897 πλεονεξίᾳ.
3391 831 3508 884 Καὶ
3527 832 3697 886 καθά-

2115 905 2618 994 περ-κυϐερνήτης,
2643 912 2747 976 ἕως
2771 913 2985 979 ἀνταῖς
3013 919 3256 989 φροντίσι
3273 922 3394 986 ταῖς
3421 922 3564 994 ὑπὲρ
3583 923 3694 978 τῶν

2115 990 2385 1084 πλεόντων
2411 1000 2764 1069 ταράττηται,
2798 1004 3001 1069 πάντας
3029 1007 3086 1058 ἐν
3115 1008 3327 1082 γαλήνῃ
3348 990 3690 1084 καθίστησιν,

2115 1080 2180 1136 ἂν
2211 1083 2268 1136 δὲ
2311 1085 2516 1158 ταύτης
2548 1090 2876 1161 ἀπαλλαγεὶς
2905 1095 3175 1170 καθεύδῃ,
3205 1080 3450 1174 ταραχὴν
3497 1080 3692 1170 ἐπάγει

2119 1174 2390 1262 μεγάλην·
2420 1179 2562 1234 οὔτω
2587 1181 2650 1254 δὴ
2685 1185 2778 1238 καὶ
2808 1187 2838 1239 6
2879 1186 3202 1259 ἄνθρωπος·
3234 1192 3264 1244 6
3293 1191 3393 1261 μέν
3439 1192 3692 1262 ἀγωνιῶν

2116 1261 2212 1315 καὶ
2235 1265 2452 1336 τρέμων
2474 1269 2569 1322 καὶ
2586 1273 2983 1344 ταραττόμενος
3008 1315 3025 1340 ,
3059 1279 3117 1330 ἐν
3146 1279 3345 1351 ἠσυχίᾳ
3368 1280 3467 1352 τὴν
3496 1282 3700 1337 ἑαυτοῦ.

2116 1356 2406 1429 καθίστησι
2429 1360 2669 1418 διάνοιαν
2693 1381 2707 1395 ·
2743 1367 2773 1420 6
2798 1366 2856 1420 δὲ
2884 1366 3038 1440 ὕπνῳ
3063 1368 3165 1438 τῆς
3191 1370 3460 1442 ῥᾳθυμίας
3497 1372 3701 1428 ἑαυτὸν,

2117 1452 2427 1522 παραδοὺς,
2461 1455 2791 1528 ὑποϐρύχιον
2817 1459 2878 1512 τὸ
2915 1463 3120 1530 σκάφος
3167 1461 3479 1533 ἐργάζεται.
3518 1464 3701 1518 Ἑπα-ιι

2112 1543 2377 1614 λαιώθην
2399 1546 2469 1600 ὲν
2493 1547 2643 1602 πᾶσι
2666 1550 2790 1616 τοῖς
2809 1550 3053 1620 ἐχθροῖς,
3067 1569 3210 1620 μου.
3246 1553 3312 1606 Τί
3333 1555 3499 1620 ἐστιν,
3529 1555 3702 1608 Ἐπαε

2113 1639 2414 1706 λαιώθην;
2455 1640 2778 1713 Ἦσθένησα,
2808 1644 2973 1714 φησιν
2995 1683 3011 1708 ,
3043 1645 3150 1698 ὑπὸ
3177 1644 3286 1701 τῶν
3317 1645 3527 1717 ἐχθρῶν
3560 1663 3689 1717 μου.

2115 1728 2225 1782 Καὶ
2245 1728 2353 1800 γὰρ
2373 1730 2664 1799 ἐναγώνιος
2695 1735 2728 1805 ή
2736 1734 2855 1803 μῶν
2877 1737 2906 1789 6
2941 1736 3056 1806 βίος
3075 1776 3108 1802 ,.
3125 1737 3221 1791 καὶ
3246 1737 3456 1809 μυρίων
3481 1737 3705 1811 ἐχθρῶν.

2113 1818 2148 1889 ή
2176 1819 2443 1892 ζωὴλήμῖν
2474 1824 2877 1895 ἐμπέπλησται,
2906 1827 3099 1891 οἵτινες
3121 1827 3215 1881 καὶ
3245 1828 3581 1900 ἰσχυρότεροι
3607 1829 3694 1898 γί-

2113 1927 2318 1976 νονται,
2343 1913 2563 1968 ἐπειδάν
2589 1915 2946 1988 ἁμαρτήμασι
2977 1919 3382 1990 περιπέσωμεν.
3403 1920 3497 1974 Διὸ
3516 1920 3706 1977 πάνταλ

2115 2005 2219 2076 χρὴ
2250 2005 2424 2059 ποιεῖν
2447 2005 2631 2070 ,ὥστε
2667 2007 2949 2077 διαφυγεῖν
2998 2009 3179 2063 αὐτῶν
3224 2010 3323 2075 τὰς
3364 2009 3567 2077 λαϐὰς,
3597 2013 3711 2066 καὶ.

2117 2097 2387 2166 μηδέποτε
2426 2098 2563 2169 πρὸς
2615 2099 2813 2163 αὐτοὺς
2843 2099 3302 2156 καταλλάττεσθαι
3331 2118 3350 2133 ·
3397 2103 3537 2176 αὕτη
3579 2104 3700 2176 γὰρ

2113 2188 2244 2258 ἡμῖν
2300 2188 2566 2259 μεγίστης
2615 2188 2916 2260 ἀσφαλείας
2967 2190 3245 2255 ὑπόθεσις.
3300 2191 3518 2247 Τούτων
3581 2192 3709 2246 τῶνι

2114 2279 2333 2350 ἐχθρῶν
2352 2279 2449 2351 τὴν
2479 2280 2735 2351 φάλαγγα
2763 2281 2937 2353 δηλῶν
2965 2284 2994 2338 6
3031 2282 3246 2348 Παῦλος
3267 2325 3284 2349 ,
3315 2284 3535 2352 ἔλεγεν·
3569 2285 3711 2338 Οὐκι

2112 2371 2284 2424 ἔστιν
2306 2372 2453 2442 ἡμῖν
2479 2375 2519 2442 ἡ
2552 2374 2718 2442 πάλη
2767 2375 2918 2443 πρὸς
2944 2370 3088 2446 αἷμα
3131 2377 3232 2431 καί
3271 2373 3501 2446 σάρκα,
3531 2376 3711 2432 ἀλλὰ

2113 2461 2264 2532 πρὸς
2301 2463 2409 2529 τὰς
2435 2465 2659 2534 ἀρχὰς,
2688 2466 2840 2535 πρὸς
2869 2466 2976 2534 τὰς
3013 2467 3302 2533 ἐξουσίας
3320 2510 3336 2529 .
3371 2467 3520 2536 πρὸς
3550 2468 3697 2534 τοὺς

2114 2555 2598 2626 κοσμοκράτορας
2625 2558 2732 2612 τοῦ
2758 2561 3021 2627 σκότους
3056 2561 3165 2617 τοῦ
3195 2560 3411 2628 αἰῶνος
3455 2561 3692 2615 τούτου.

2127 2645 2280 2700 Ἐπεὶ⁸
2311 2644 2405 2701 οὖν
2432 2649 2657 2720 τοιαύτη
2695 2653 2730 2722 ή
2757 2653 2867 2705 τῶν
2898 2653 3185 2725 πολεμίων·
3210 2652 3453 2724 φάλαγξ,
3483 2654 3572 2708 ἀεὶ
3597 2655 3706 2708 καὶ·

2111 2737 2374 2808 διηνεκῶς
2411 2740 2728 2805 ὁπλίζεσθαι
2756 2743 2892 2814 χρὴ,
2923 2745 3021 2798 καὶ
3049 2745 3273 2814 φεύγειν
3299 2746 3408 2800 τῶν
3447 2747 3697 2819 ἁμαρτητ-

2117 2826 2303 2898 μάτων
2325 2829 2421 2894 τὰς
2451 2831 2692 2901 ἐφόδους.
2715 2834 2880 2887 Οὐδὲν
2897 2835 3007 2905 γὰρ
3030 2835 3172 2890 οὕτω
3196 2835 3458 2893 παλάιοῦν
3482 2837 3696 2904 εἴωθεν,

2114 2919 2190 2983 ὥς
2214 2921 2489 2992 ἁμαρτίας
2519 2923 2698 2994 φύσις.
2725 2926 2924 2999 Διόπερ
2953 2927 3056 2980 καὶ·
3077 2930 3106 2982 6
3135 2927 3344 2993 Παῦλος
3361 2927 3467 3000 τήν
3507 2927 3696 2982 ἐντεῦ·

2115 3013 2205 3066 θεν
2268 3014 2571 3070 παλαίωσιν
2628 3019 2918 3091 γινομένην
2977 3019 3368 3092 ἀποτρίϐεσθαι
3428 3018 3711 3083 κελεύων,-

2114 3103 2265 3174 ἔλεγε
2283 3123 2296 3136 ·
2317 3105 2370 3160 Μ
2379 3107 2416 3176 ἡ
2446 3111 2965 3178 συσχηματιζεσθε
2992 3111 3072 3177 τῷ
3101 3111 3270 3167 αίῶνι
3302 3113 3508 3177 τούτῳ,
3531 3110 3698 3166 ἀλλὰ

2108 3199 2601 3267 μεταμορφοῦσθε
2640 3199 2715 3270 τῇ
2746 3202 3142 3266 ἀνακαινώσει
3173 3204 3279 3259 τοῦ
3314 3203 3464 3270 νοὸς,
3503 3202 3694 3273 ὑμῶν.

2117 3288 2284 3341 Ὅταν
2311 3285 2404 3343 οῦν
2426 3291 2530 3342 ὑπὸ
2548 3291 2649 3360 τῆς
2668 3294 2945 3364 ἁμαρτίας
2973 3293 3288 3367 παλαιωθῇς
3305 3333 3322 3359 ,
3349 3294 3569 3365 ὑπὸτῆς
3593 3311 3694 3364 με·

2111 3379 2329 3442 τανοίας
2353 3381 2696 3436 ἀνακαίνισον
2747 3385 2963 3438 σαυτόν.
3019 3385 3344 3454 Ἀπόστητε
3373 3385 3473 3442 ἀπ’
3520 3384 3692 3454 ἐμοῦ,

2113 3471 2336 3538 πάντες
2354 3475 2406 3526 οί
2425 3472 2799 3542 ἐργαζόμενοι.
2817 3474 2932 3544 τὴν
2954 3475 3230 3545 ἀνομίαν,
3254 3475 3344 3530 ὅτι
3367 3474 3710 3543 είσήκουσε.

2113 3560 2328 3628 Κύριος
2376 3559 2492 3627 τῆς,
2523 3559 2737 3629 φωνῆς,
2765 3562 2873 3616 τοῦ
2906 3563 3217 3632 κλαυθμοῦ
3262 3580 3404 3633 μου.
3436 3564 3695 3617 Ἤκουσε

2113 3648 2328 3716 Κύριος
2353 3646 2462 3715 τῆς
2484 3646 2746 3716 δεήσεως
2768 3666 2888 3717 μου
2906 3689 2920 3713 ,
2949 3651 3164 3718 Κύριος
3200 3649 3315 3717 τὴν
3345 3647 3696 3718 προσευχήν

2108 3753 2228 3805 μου
2257 3734 2684 3801 προσεδέξατο.
2713 3737 2788 3788 υύ
2818 3738 2988 3806 μικρά
3019 3738 3114 3791 καὶ
3143 3735 3283 3807 αὕτη
3310 3737 3426 3800 ὁδὸς
3457 3737 3536 3800 εἰς
3567 3737 3696 3807 ἀρε-

2112 3824 2211 3892 τὴν
2242 3823 2448 3891 ἄγουσα
2472 3864 2487 3888 ,
2513 3822 2572 3876 τὸ
2611 3822 2830 3895 φεύγειν
2857 3827 2983 3888 τοὺς
3028 3823 3318 3897 πονηρούς.
3351 3824 3527 3895 Ὅπερ
3555 3823 3700 3891 μετά

2112 3911 2381 3983 τοσαύτης
2437 3912 2740 3984 ὑπερϐολῆς
2796 3912 2890 3966 καὶ
2945 3915 2973 3966 ὁ
3007 3913 3239 3983 Χριστὸς
3287 3913 3505 3966 ἀπαιτεῖ
3564 3913 3694 3984 παρ’

2114 3998 2288 4070 ήμῶν,
2318 3999 2400 4063 ὡς
2416 4001 2540 4064 τοὺς
2566 4001 2622 4052 ἐν
2645 3999 2798 4065 τάξει
2833 3999 3009 4071 μελῶν
3043 4001 3175 4072 ἡμῖν
3201 4001 3644 4068 ἀναγκαιοτάτων
3665 4010 3693 4039 θ

2115 4087 2272 4152 ὄντας
2302 4087 2487 4158 φίλους
2517 4087 2758 4141 κελεύειν
2786 4089 3072 4142 ἐκκόπτειν
3097 4128 3112 4152 ,
3138 4091 3272 4141 ὅταν
3291 4089 3437 4158 ἡμᾶς
3462 4089 3695 4141 σκανδα-

2116 4174 2325 4239 λίζωσι,
2344 4177 2437 4229 καὶ
2461 4175 2664 4247 βλάϐην
2686 4176 2810 4229 τινὰ
2831 4177 2960 4247 ἡμῖν
2986 4175 3166 4229 αὐτῶν
3187 4177 3239 4246 ἡ,
3254 4177 3508 4229 συνουσία
3531 4177 3708 4248 φέρῃ..

2129 4263 2270 4318 Ἐὰν
2298 4263 2407 4335 γὰρ
2431 4304 2446 4329 ,
2470 4264 2654 4335 φησὶν,
2681 4267 2714 4317 ό
2736 4264 3042 4333 ὀφθαλμός
3069 4280 3184 4318 σου
3206 4263 3571 4332 σκανδαλίζῃ
3600 4279 3697 4328 σε,

2117 4352 2288 4416 ἔξελε
2309 4352 2496 4406 αὐτόν
2515 4367 2528 4380 ·
2562 4351 2660 4404 καί
2689 4351 2799 4404 ἐὰν
2831 4353 2870 4420 ἡ
2897 4353 3026 4421 χείρ
3054 4368 3172 4406 σου
3199 4351 3567 4421 σκανδαλίζῃ
3596 4367 3708 4416 σε,,

2118 4442 2384 4508 ἔκκοψον
2411 4438 2626 4507 αὐτὴν,
2652 4439 2752 4493 καὶ
2775 4439 2934 4504 ,βάλε
2952 4439 3071 4494 ἀπὸ
3093 4440 3208 4495 σοῦ
3227 4441 3331 4494 "06
3363 4440 3491 4512 περὶ
3517 4440 3708 4512 μελῶν.

2120 4527 2314 4597 λέγων,
2336 4526 2515 4596 ἄπαγε
2534 4541 2549 4555 ·
2578 4526 2714 4580 ἀλλὰ
2748 4529 2875 4597 περὶ
2904 4528 3072 4596 φίλων
3097 4528 3356 4598 γνησίων,
3388 4522 3463 4581 ὧν
3491 4527 3573 4582 δεῖ
3597 4529 3698 4592 τὰς

2123 4616 2301 4684 φιλίας
2333 4614 2648 4686 ἀτιμάζειν,
2693 4616 2818 4670 ὅταν
2875 4617 3012 4686 μήτε
3064 4617 3247 4680 αὐτοῖς
3280 4617 3470 4687 κέρδος
3496 4656 3523 4681 ,.
3559 4619 3700 4688 μήτε

2123 4705 2254 4774 ἡμῖν
2277 4703 2500 4772 γίνεται,
2532 4703 2667 4756 ἀλλά
2703 4703 2894 4774 βλάϐη.
2920 4703 3135 4775 Ταύτην
3156 4705 3219 4778 δὴ
3248 4706 3344 4778 τὴν
3373 4703 3570 4777 ἀρετὴν
3599 4722 3700 4758 κα-

2122 4790 2397 4863 τορθώσας
2424 4793 2519 4845 καὶ
2536 4786 2690 4855 οὗτος
2712 4791 2771 4844 ού
2805 4792 2961 4862 μόνον
2985 4792 3085 4844 οὐκ
3108 4792 3294 4846 ἐδίωκε
3320 4793 3417 4856 τάς
3443 4791 3699 4855 τοιαύτας

2127 4881 2408 4945 συνουσίας
2429 4921 2444 4946 ,
2477 4879 2613 4936 ἀλλά
2634 4882 2727 4935 καί
2755 4880 3150 4952 παρεκελεύετο
3177 4881 3384 4946 τούτοις
3412 4881 3707 4953 ἀποπηδᾷν.

2125 4971 2335 5027 ἑαυτοῦ.

2181 5051 2422 5120 ς’.οἶ·τος
2438 5058 2534 5128 τῆς
2555 5058 2842 5128 μετανοίας
2862 5060 2889 5111 6
2904 5057 3134 5129 καρπὸς,
3150 5057 3307 5112 τοῦτο
3325 5059 3432 5112 τῶν
3447 5058 3704 5131 δακρύων,

2127 5140 2240 5215 [ιδ]
2269 5145 2328 5197 τὸ
2374 5145 2580 5217 κέρδος.
2627 5146 2692 5198 Ἦ
2730 5146 2840 5216 γάρ
2892 5145 3039 5200 οὔτω.
3081 5149 3422 5218 συντριϐεῖσα
3467 5147 3693 5212 διάνοια,

2123 5231 2350 5302 οὐδεμιᾷ
2371 5231 2555 5286 λοιπὸν
2591 5233 2936 5304 προσπαθείᾳ
2960 5232 3270 5304 κατέχεται.
3301 5234 3470 5288 Τοῦτο
3501 5234 3565 5306 δὴ
3600 5237 3700 5289 καῖ

2127 5321 2284 5391 ἡμεῖς
2316 5319 2556 5388 ποιῶμεν
2581 5336 2594 5351 ·
2623 5321 2725 5374 κᾶν
2760 5320 2891 5374 αὐτὸ
2921 5321 3155 5393 διάδημα
3256 5339 3339 5384 τις
3375 5322 3695 5394 περικείμε-

2126 5425 2242 5472 νος,
2276 5407 2486 5480 βλάπτῃ
2519 5407 2573 5459 δὲ
2606 5409 2770 5478 ἡμᾶς,
2810 5409 3162 5479 ἀτιμάζωμεν
3184 5407 3347 5462 αὑτοῦ
3367 5409 3464 5478 τήν
3495 5409 3700 5478 φιλίαν..

2127 5495 2291 5548 Οὐδὲν
2325 5495 2434 5564 γάρ
2479 5495 2854 5566 εὐτελέστερον
2889 5495 3080 5566 ἀνδρὸς
3103 5535 3117 5559 ,
3153 5497 3248 5550 καὶ
3290 5495 3694 5566 βασιλεύοντος,

2126 5585 2254 5638 ὅταν
2297 5585 2468 5654 κακίᾳ
2514 5584 2683 5655 συζῇ·
2731 5584 2918 5656 ὥσπερ
2959 5583 3108 5638 οὐδὲν
3143 5583 3561 5656 βασιλικώτερον
3603 5587 3698 5638 καὶ

2129 5670 2440 5743 δεσμώτου,
2486 5671 2615 5724 ὅταν
2661 5672 2861 5744 ἀρετὴν
2978 5671 3334 5742 κεκτημένος.
3370 5674 3497 5726 Ὀτι
3532 5670 3706 5740 εἰσή-

2194 5815 2216 5842 ε
2247 5812 2330 5860 Sic
2349 5811 2472 5872 Reg.
2487 5815 2636 5873 atque
2660 5811 2726 5860 ila
2747 5809 3147 5874 legitinlerpres.
3162 5810 3257 5860 Alii
3281 5811 3702 5868 ἀνακκαιοτάτονςε

2139 5877 2274 5927 [ινδ
2291 5889 2318 5923 a
2346 5874 2529 5924 Sa‘iilio
2551 5873 2846 5925 memoratos
2865 5873 3256 5944 ἀναγκαιοτάτην.
