4074 6356
302 546 307 551 .
329 503 397 559 ΤΙ
1048 524 1049 527 η
1478 493 1569 549 EX
1578 491 1840 553 POSl'l‘lO
1878 490 1909 547 li

2015 492 2298 550 SALMUM
2344 496 2427 553 Vl.
3504 514 3508 521 '
3532 498 3604 554 73

332 625 633 687 argenteos,
662 614 834 686 qualis
856 620 975 670 erat
1005 613 1174 668 lectus
1200 613 1340 682 tegis
1368 627 1383 676 ;
1440 625 1548 666 non
1586 626 1651 665 ex
1680 607 1907 681 gemmis

334 713 615 775 conﬂatus,
645 725 754 764 non
782 722 916 763 auro
939 714 1252 771 contextus,
1274 705 1369 761 sed
1399 704 1610 759 ablutus
1640 702 1908 774 Iacrymis.

335 807 400 860 Et
422 816 607 860 noctes
633 802 761 858 huic
790 809 943 857 erant
968 815 1074 855 non
1098 799 1313 869 quietis,
1354 798 1449 853 sed
1480 807 1665 852 noctes
1693 795 1912 851 ﬂetuum

332 909 389 954 et
406 896 864 952 lamentationum.
885 893 1144 960 Quoniam
1172 890 1402 946 interdiu
1422 905 1544 945 eum
1572 889 1751 943 multa:
1771 902 1914 942 cura:

331 987 795 1049 circumsistebant
822 1002 837 1038 :
865 984 1006 1055 quod
1034 985 1123 1038 alii
1144 983 1342 1053 quietis
1371 997 1434 1036 ac
1461 980 1753 1035 laxamenti
1781 988 1916 1032 tem-

333 1096 433 1151 pus
458 1089 695 1145 sumunt,
727 1078 778 1131 id
803 1077 894 1133 ille
910 1075 1135 1131 ducebat
1163 1085 1371 1143 tempus
1390 1072 1759 1135 confessionis,
1790 1080 1914 1125 tunc

331 1172 507 1227 acrius
528 1171 849 1224 lamentans.
876 1168 1079 1223 Bonum
1104 1177 1187 1223 est
1214 1168 1353 1222 enim
1376 1181 1590 1234 semper
1616 1164 1767 1229 ﬂere,
1799 1179 1915 1218 ma-

332 1265 475 1319 xime
504 1272 681 1317 autem
714 1271 953 1332 tempore
983 1262 1179 1327 noctis,
1224 1259 1439 1330 quando
1470 1259 1646 1313 nullus
1693 1265 1778 1312 est
1822 1257 1913 1326 qui

333 1355 471 1409 hanc
490 1353 858 1409 admirabilem
879 1352 1201 1421 voluptatem
1230 1350 1480 1413 excutiat,
1514 1350 1608 1404 sed
1638 1349 1762 1403 licet
1813 1363 1912 1401 vo-

330 1448 459 1502 lenti
488 1460 554 1500 ca
579 1444 852 1499 liberrime
871 1443 1092 1514 expleri.
1121 1442 1309 1498 Sciunt
1340 1442 1428 1511 qui
1468 1440 1584 1511 ejus
1623 1439 1763 1510 quod
1792 1439 1913 1494 dico

331 1535 511 1591 fecere
534 1534 851 1603 periculum,
883 1542 1137 1602 quantam
1160 1531 1397 1586 lmtitiam
1425 1531 1657 1587 habeant
1697 1531 1750 1584 hi
1791 1531 1910 1584 fon-

332 1637 413 1679 tes
450 1626 827 1696 lacrymarum.
874 1624 968 1678 Ha:
1010 1624 1257 1694 lacryma‘.
1307 1632 1527 1692 possunt
1576 1622 1912 1692 exstinguere

332 1718 507 1788 ignem
550 1717 1071 1788 inexstinguibilem,
1098 1715 1319 1770 ﬂuvium
1364 1714 1513 1768 illum
1555 1714 1645 1783 qui
1687 1713 1913 1768 trahitur

331 1812 724 1869 antetribunal.
752 1812 1039 1881 Propterea
1068 1810 1263 1864 Paulus
1278 1808 1507 1863 triennio
1518 1806 1834 1861 ﬂcvituoctu
1858 1812 1912 1860 et

329 1904 417 1959 die
439 1904 573 1971 (Act.
598 1902 690 1959 20.
719 1903 834 1973 51),
880 1904 1080 1956 alienas
1109 1900 1424 1955 afﬂictioues
1460 1898 1765 1968 corrigens;
1814 1912 1911 1951 nos

327 2005 504 2049 autem
559 2010 629 2051 ne
681 2005 892 2050 nostras
938 1994 1176 2064 quidem,
1230 1993 1329 2047 sed
1379 1992 1625 2061 nosipsos
1672 1991 1799 2045 risui
1846 2004 1911 2044 ac

329 2088 586 2159 voluptati
611 2087 890 2153 dedentes,
927 2095 1039 2141 tota
1056 2094 1213 2140 nocte
1238 2082 1384 2155 gravi
1410 2098 1599 2138 somno
1616 2090 1669 2137 et
1693 2081 1910 2151 crapula

328 2178 624 2233 obruimur.
656 2178 723 2232 Et
747 2177 802 2231 hi
826 2176 1039 2247 quidem
1064 2190 1253 2230 somno
1278 2174 1434 2229 morti
1480 2174 1637 2227 simili
1691 2181 1813 2227 sunt
1834 2171 1914 2226 af-

332 2270 417 2331 fixi
445 2286 459 2322 :
489 2270 575 2323 alii
603 2284 733 2325 vero
752 2279 915 2339 agunt
943 2278 1113 2322 morte
1128 2268 1401 2338 graviores
1416 2266 1638 2336 vigilias,
1680 2264 1903 2328 fmnora,

330 2372 385 2419 ct
410 2378 620 2428 usuras,
644 2370 700 2418 et
725 2364 778 2417 in
804 2363 937 2417 alios
959 2361 1179 2416 insidias
1202 2374 1268 2415 eo
1298 2370 1535 2429 tempore
1578 2359 1756 2411 animo
1799 2357 1910 2426 agi-

331 2461 526 2508 tantes.
551 2455 619 2507 At
647 2468 751 2508 non
776 2454 808 2507 ii
839 2453 926 2523 qui
955 2451 1211 2507 suntsani
1230 2460 1283 2506 et
1310 2451 1495 2515 sobrii,
1523 2450 1616 2504 scd
1647 2464 1769 2504 suas
1814 2464 1907 2503 co-

330 2544 446 2597 lunt
468 2543 695 2608 animas,
725 2542 808 2597 his
834 2542 1084 2613 lacrymis
1113 2550 1381 2610 tamquam
1413 2540 1581 2594 imbre
1606 2548 1835 2602 utentes,
1856 2547 1912 2593 et

328 2636 532 2700 semina
562 2636 769 2690 virtutis
799 2643 1072 2705 augentes.
1098 2634 1238 2689 Nulli
1270 2633 1399 2687 vitio
1445 2641 1500 2687 et
1549 2632 1754 2686 libidini
1809 2632 1913 2685 erit

327 2727 501 2787 aditus
524 2728 590 2782 ad
624 2728 819 2783 lectum
847 2728 984 2796 ejus,
1013 2726 1102 2797 qui
1124 2726 1387 2796 lacrymas
1434 2724 1695 2795 ejusmodi
1738 2739 1908 2779 susci-

328 2820 424 2890 pit.
446 2819 543 2888 Qui
578 2819 711 2875 tales
736 2818 1203 2888 funditlacrymas,
1240 2818 1386 2872 niltili
1418 2817 1564 2872 ducit
1614 2833 1733 2888 qum
1786 2825 1913 2871 sunt

328 2912 383 2967 in
414 2920 572 2977 terra,
603 2910 699 2965 sed
729 2909 1168 2965 liberatanimum
1189 2910 1256 2965 ab
1279 2910 1422 2964 omni
1445 2910 1740 2977 obsidione,
1761 2926 1912 2965 men-

330 3013 436 3058 tem
461 3004 640 3058 reddit
662 3003 747 3057 vel
772 3002 887 3058 sole
908 3003 1211 3057 clariorem.
1238 3002 1347 3057 Nec
1369 3018 1455 3058 me
1479 3003 1910 3058 cxistimaveritis

325 3096 457 3151 solis
480 3096 597 3150 hate
646 3096 827 3151 dicere
873 3095 1187 3163 monachis;
1215 3097 1373 3150 etiam
1402 3096 1469 3151 ad
1497 3112 1593 3151 eos
1627 3099 1717 3167 qui
1747 3097 1910 3151 rebus

326 3189 394 3243 ad
420 3188 555 3243 hanc
574 3190 735 3242 vitam
757 3188 1142 3257 pertinentibus
1172 3190 1355 3243 attenti
1382 3199 1524 3253 sunt,
1545 3188 1775 3244 habetur
1795 3191 1909 3245 hmo

328 3277 653 3346 exhortatio,
676 3288 732 3334 ει
751 3279 815 3333 ad
836 3278 945 3334 hos.
963 3279 1170 3349 potius,
1223 3295 1381 3350 quam
1408 3280 1475 3334 ad
1503 3280 1619 3334 illos
1643 3297 1656 3333 :
1688 3279 1740 3333 hi
1766 3280 1907 3335 enim

318 3362 449 3426 sunt
474 3372 564 3442 qui
595 3373 824 3427 maxime
848 3371 1085 3444 indigent
1114 3373 1437 3442 pmnitentiaa
1462 3374 1783 3443 pharmacis.
1806 3373 1907 3441 Qui

325 3462 429 3519 hoc
449 3464 610 3518 modo
633 3464 974 3529 lamentatur,
1000 3472 1184 3535 surget
1212 3466 1391 3518 animo
1438 3465 1630 3519 melius
1672 3464 1862 3519 affecto
1888 3506 1906 3531 ,

326 3572 483 3626 quam
512 3555 582 3610 sit
603 3566 789 3626 portus
810 3556 1145 3626 tranquillus,
1171 3571 1360 3610 omnes
1373 3557 1533 3610 animi
1558 3557 1910 3625 perturbatio-

324 3665 423 3704 nes
449 3650 762 3719 expellens;
792 3650 937 3703 omni
979 3649 1209 3704 refertus
1242 3649 1425 3704 laetitia
1464 3650 1518 3704 in
1565 3649 1781 3703 domum
1815 3649 1908 3703 Dei

324 3742 495 3798 libere
514 3752 571 3797 ει
592 3758 781 3798 secure
808 3744 1168 3814 ingredietur;
1200 3757 1321 3798 cum
1350 3744 1649 3814 propinquo
1672 3743 1907 3813 jucunde

325 3838 692 3907 colloquetur;
716 3853 821 3891 non
844 3853 963 3891 eum
994 3846 1153 3893 vexat
1177 3838 1256 3891 ira
1285 3838 1336 3891 in
1363 3838 1587 3892 internis
1618 3836 1908 3907 penetrali-

323 3932 445 3993 bus,
474 3946 580 3985 non
598 3929 889 3985 inﬂammat
915 3929 1197 4000 cupiditas,
1221 3945 1327 3984 non
1349 3945 1500 3985 amor
1517 3930 1773 3999 pecunia},
1801 3945 1907 3983 non

322 4023 551 4087 inv‘idia,
580 4038 687 4076 non
715 4021 914 4092 aliquid
940 4022 1081 4076 aliud
1110 4021 1393 4091 ejusmodi.
1420 4021 1546 4075 lltec
1566 4024 1706 4076 enim
1729 4021 1906 4075 omnia

321 4125 382 4169 ut
406 4124 673 4184 tamquam
695 4113 884 4168 bellua:
935 4114 989 4169 in
1039 4114 1288 4167 cavernis
1317 4112 1580 4167 abstrusa:
1621 4112 1907 4167 delitesce-

323 4216 469 4273 rent,
493 4215 785 4261 nocturnus
803 4206 892 4260 ille
915 4206 1148 4276 gemitus
1172 4215 1226 4261 et
1244 4206 1498 4277 lacrymte
1521 4206 1834 4261 effecerunt.
1851 4207 1904 4261 8.

326 4298 582 4352 Turbatus
607 4307 680 4351 est
704 4315 736 4351 a
766 4300 938 4369 furore
970 4298 1145 4352 oculus
1168 4314 1328 4351 meus.
1383 4297 1572 4351 Vidisti
1622 4300 1907 4353 contritam

320 4390 596 4444 antimam?
618 4390 905 4459 Postquam
934 4388 1074 4443 dixit
1112 4388 1477 4459 pmoitentiam
1499 4431 1512 4453 ,
1556 4389 1685 4443 dicit
1722 4405 1908 4444 rursus

323 4482 754 4553 perturbationes
796 4483 979 4549 animi,
1030 4483 1489 4537 conturbationem
1535 4498 1654 4552 qua:
1713 4490 1797 4537 est
1852 4483 1908 4537 in

328 4584 531 4636 mente,
563 4573 812 4627 timorem
834 4574 923 4643 qui
954 4590 1020 4629 ex
1047 4574 1124 4629 ira
1150 4560 1249 4629 Dei
1264 4574 1524 4643 procedit.

394 4666 449 4720 5.
469 4663 660 4718 Oculus
673 4665 858 4719 aninue
878 4665 1011 4736 quis;
1028 4664 1202 4719 oculus
1214 4667 1479 4730 eruendus,
1505 4666 1773 4735 quomodo.
1786 4666 1913 4721 Pa:-

325 4759 547 4812 niteutia
569 4768 617 4812 et
642 4758 982 4829 lacrymarum
1011 4763 1226 4829 fructus.
1256 4788 1329 4804 -—-
1370 4757 1595 4813 Oculum
1637 4760 1778 4814 enim
1822 4760 1910 4814 hic

324 4851 456 4905 dicit
480 4850 693 4905 oculum
722 4850 937 4915 animae,
969 4850 1429 4920 perspicacitatem
1471 4850 1617 4904 illam
1658 4860 1713 4905 et
1748 4852 1913 4905 ratio-

324 4944 538 5000 cinandi
582 4942 922 5009 facultatem,
977 4958 1134 5011 quam
1178 4942 1316 4997 solet
1363 4944 1646 5013 pertubare
1692 4959 1908 4999 suorum

324 5044 667 5107 peccatorum
712 5034 982 5103 cogitatio.
1028 5033 1163 5101 Quia
1214 5033 1358 5088 enim
1413 5049 1507 5089 sua
1550 5035 1740 5090 delicta
1786 5045 1911 5091 ante

322 5127 510 5181 oculos
548 5135 807 5196 perpetuo
847 5124 1097 5191 habebat,
1135 5126 1227 5180 Dei
1276 5125 1437 5180 etiam
1479 5126 1616 5181 iram
1668 5128 1805 5196 apud
1851 5143 1911 5183 se

320 5218 611 5289 cogitabat,
668 5218 861 5273 timore
902 5216 1143 5283 affectus,
1196 5232 1302 5271 non
1345 5217 1519 5271 omnis
1567 5218 1766 5273 doloris
1814 5236 1909 5273 cx-

322 5326 481 5382 pers,
530 5312 672 5365 sicut
722 5310 871 5363 multi
906 5328 918 5362 :
952 5308 1045 5363 sed
1076 5309 1301 5364 horrens
1352 5318 1407 5364 et
1469 5311 1909 5364 contremiscens.

321 5404 466 5459 Talis
502 5403 840 5457 conturbatio
865 5409 948 5456 est
976 5413 1144 5456 mater
1176 5402 1568 5471 tranquillitatis
1601 5422 1615 5457 :
1648 5402 1769 5456 talis
1796 5417 1910 5456 me—

324 5508 412 5553 tus
445 5509 530 5553 est
576 5495 979 5550 fundamentum
1008 5494 1327 5547 securitatis.
1352 5494 1449 5561 Qui
1482 5495 1552 5548 ita
1581 5504 1662 5550 est
1690 5504 1911 5549 contur-

322 5591 512 5653 batus,
562 5603 776 5643 omnem
813 5594 1180 5656 tempestatem
1226 5585 1489 5656 expellit:
1536 5586 1623 5654 qui
1676 5586 1763 5641 tali
1805 5598 1911 5641 non

321 5690 407 5738 est
433 5680 612 5735 anima
651 5678 925 5749 praeditus,
952 5692 1139 5748 graves
1162 5675 1353 5731 ﬂuctus
1379 5676 1574 5731 subibit
1606 5695 1620 5732 :
1647 5687 1701 5731 et
1728 5693 1913 5747 quem-

322 5772 612 5829 admodum
652 5770 917 5840 navigium
969 5784 1076 5824 non
1128 5768 1509 5836 saburratum,
1557 5770 1907 5825 violentorum

324 5873 609 5923 ventorum
648 5862 872 5935 impetui
916 5860 1186 5932 relictum,
1223 5861 1469 5921 celeriter
1514 5860 1909 5936 submergitur:

2021 608 2091 662 ita
2135 610 2292 663 etiam
2335 610 2510 664 anima
2553 609 2754 665 doloris
2786 612 2992 680 penitus
3021 627 3212 681 expers
3241 613 3479 681 exposita
3519 622 3601 667 est

2021 699 2501 756 innumerabilibus
2550 704 3058 772 perturbationibus.
3129 705 3387 771 Quocirca
3440 705 3600 760 etiam

2020 788 2208 845 beatus
2246 791 2439 845 Paulus
2469 791 2678 847 dicebat
2706 792 2992 849 ostendens
3040 795 3177 849 hanc
3221 793 3600 850 affectionem:

2024 882 2126 949 Qui
2179 883 2317 937 omni
2363 884 2553 940 doloris
2608 903 2758 941 sensu
2808 887 2991 957 privati
3048 889 3239 957 seipsos
3284 888 3603 959 tradiderunt

2018 976 2378 1046 impudicitia',
2439 979 2491 1032 in
2538 983 2878 1047 operationem
2930 984 3095 1035 omnis
3140 982 3492 1045 immunditiis,
3551 983 3603 1034 in

2016 1069 2229 1122 avaritia
2246 1072 2263 1139 (
2274 1070 2459 1138 Eplies.
2477 1073 2530 1127 4.
2554 1072 2667 1141 l9).
2695 1074 2761 1128 Et
2787 1074 3230 1145 quemadmodum
3260 1076 3602 1142 gubernator,

2017 1163 2267 1231 quamdiu
2298 1179 2391 1231 pro
2416 1166 2783 1232 navigantibus
2811 1167 3168 1222 sollicitudine
3212 1176 3448 1232 vexatur,
3486 1184 3603 1221 om-

2018 1272 2115 1312 nes
2144 1259 2317 1313 reddit
2339 1260 2547 1329 quietos
2574 1276 2638 1315 ae
2666 1262 2997 1329 tranquillos,
3030 1261 3121 1316 sed
3153 1262 3196 1315 si
3227 1261 3293 1315 ab
3319 1277 3378 1315 ea
3406 1261 3601 1315 libera-

2019 1360 2103 1405 tus
2149 1351 2410 1418 dormiat,
2464 1368 2711 1423 magnam
2753 1354 2909 1409 aﬂ'ert
2961 1355 3413 1423 perturbationem
3469 1371 3481 1406 :
3531 1355 3601 1407 ita

2017 1443 2178 1498 etiam
2219 1444 2411 1508 homo;
2451 1446 2539 1515 qui
2585 1446 2765 1501 horret
2801 1447 3034 1517 quidem,
3082 1448 3263 1502 tremit
3300 1457 3354 1502 et
3388 1457 3605 1516 pertur-

2014 1532 2189 1592 batur.
2233 1536 2462 1605 quietam
2493 1537 2833 1592 redditsuam
2857 1539 3226 1608 cogitationem
3258 1556 3272 1591 :
3304 1539 3391 1609 qui
3423 1548 3599 1591 autem

2016 1628 2277 1682 socordim
2321 1646 2511 1684 somno
2553 1632 2787 1699 seipsum
2831 1631 3078 1697 tradidit,
3118 1631 3279 1685 efficit
3316 1641 3371 1685 ut
3411 1630 3600 1702 cymba

1975 1738 1978 1740 '
2016 1721 2291 1774 obruatur.
2344 1720 2626 1775 Inveteravi
2653 1723 2783 1776 inter
2808 1740 2978 1776 omnes
3006 1724 3234 1777 inimicos
3260 1739 3414 1777 meos.
3464 1723 3599 1789 Quid

2017 1822 2117 1876 est,
2165 1811 2443 1866 Iuveteravi
2465 1814 2489 1867 τ’
2520 1813 2829 1869 Debilitatus
2874 1830 3015 1880 sum,
3059 1814 3247 1884 inquit,
3277 1815 3344 1869 ab
3374 1814 3598 1871 inimicis

2017 1905 2171 1959 meis.
2208 1906 2322 1959 Vita
2350 1907 2489 1960 enim
2524 1916 2705 1961 nostra
2734 1916 2973 1961 vcrsntur
3001 1908 3051 1961 in
3082 1908 3395 1973 certamine,
3443 1916 3497 1962 et
3523 1908 3604 1960 in»

2016 1997 2437 2052 uumerabilibus
2468 1999 2693 2053 inimicis
2732 1999 2884 2068 plena
2920 2006 3020 2061 est,
3054 1999 3141 2068 qui
3170 2001 3328 2053 etiam
3353 1998 3599 2053 efficiuno

1988 2098 2107 2144 itur
2162 2091 2521 2159 potentiores,
2567 2086 2781 2161 quando
2837 2092 2889 2146 in
2956 2102 3168 2161 peccata
3237 2091 3598 2145 ineiderimus.

2016 2184 2373 2251 Quamobrem
2413 2186 2589 2239 omnia
2637 2192 2762 2239 sunt
2811 2184 3050 2240 facienda
3094 2194 3149 2239 ut
3187 2200 3371 2239 eorum
3410 2200 3598 2240 manus

2017 2274 2350 2345 etfugiamus,
2395 2283 2449 2328 et
2501 2291 2567 2330 ne
2608 2277 2685 2329 eis
2717 2292 2966 2346 umquam
3018 2276 3425 2331 rcconciliemur
3454 2293 3468 2330 :
3500 2276 3597 2332 hoc

2017 2378 2099 2421 est
2142 2368 2280 2422 enim
2334 2369 2489 2422 nobis
2532 2370 2834 2423 securitatis
2875 2369 3119 2423 maxima:
3165 2369 3591 2424 fundamentum.

2020 2460 2219 2513 Ilorum
2270 2460 2600 2515 inimicorum
2652 2462 2964 2531 phalangem
3019 2463 3215 2517 Paulus
3260 2464 3601 2534 significans,

2016 2551 2227 2606 dicebat
2260 2571 2272 2604 :
2308 2550 2433 2605 Non
2459 2563 2529 2605 est
2566 2552 2710 2606 nobis
2755 2553 3045 2606 colluctatio
3067 2571 3181 2607 cum
3217 2571 3367 2607 carne
3401 2563 3443 2608 ct
3483 2571 3600 2608 san-

2016 2646 2185 2714 guine,
2235 2645 2323 2699 sed
2366 2661 2480 2697 cum
2528 2645 2913 2716 principatibus,
2948 2662 3062 2699 cum
3107 2646 3448 2716 potestatibus,
3486 2663 3599 2699 cuir.

2016 2738 2196 2789 mundi
2233 2736 2507 2790 rectoribus
2551 2736 2866 2789 tenebrarum
2907 2737 3059 2807 hujus
3105 2738 3279 2790 sccculi
3327 2736 3512 2807 (Ibid.
3543 2738 3599 2794 6.

2016 2827 2086 2893 12
2113 2827 2152 2897 ).
2210 2826 2344 2882 Cum
2389 2842 2517 2897 ergo
2550 2826 2669 2881 talis
2697 2826 2767 2881 sit
2808 2826 3033 2895 phalanx
3064 2828 3418 2891 inimicorum,
3459 2844 3601 2883 sem-

2017 2936 2112 2989 per
2149 2928 2204 2973 et
2254 2928 2508 2990 perpetuo
2562 2919 2615 2974 in
2663 2920 2828 2973 armis
2874 2934 2993 2974 esse
3033 2929 3277 2989 oportet,
3322 2930 3377 2975 et
3422 2920 3601 2990 fugere

2018 3023 2352 3082 peccatorum
2397 3011 2645 3066 insultas.
2706 3010 2847 3064 Nihil
2895 3012 3035 3065 enim
3086 3011 3209 3065 facit
3256 3011 3389 3066 adeo
3441 3012 3599 3068 inve-

2019 3115 2212 3172 terare,
2258 3114 2316 3159 ut
2365 3114 2550 3159 natura
2579 3104 2800 3172 peccati.
2843 3102 3199 3170 Quamobrem
3244 3104 3435 3157 Paulus
3465 3119 3601 3174 quo-

2016 3214 2121 3268 que
2157 3200 2340 3253 volens
2386 3197 2825 3251 inveteratiouem
2874 3213 2991 3264 qua:
3033 3211 3100 3251 ex
3152 3212 3217 3251 co
3256 3196 3313 3250 fit
3354 3198 3601 3266 amoliri,

2017 3291 2228 3346 diccbat
2258 3307 2273 3345 :
2308 3289 2392 3344 Ne
2425 3290 2812 3360 conformemini
2864 3290 2982 3343 huic
3026 3291 3242 3356 sicculo,
3297 3292 3386 3345 sed
3431 3301 3570 3345 trans

2016 3382 2301 3453 formemini
2344 3382 2664 3435 renovatione
2699 3382 2881 3434 utentis
2927 3390 3102 3434 vestra:
3155 3380 3343 3453 (Rom.
3388 3383 3590 3452 12.2).

2015 3472 2237 3539 Quando
2265 3488 2390 3542 ergo
2414 3489 2443 3526 a
2473 3481 2689 3541 peccato
2717 3472 3113 3537 iuwteraveris,
3145 3488 3341 3527 renova
3370 3475 3597 3543 teipsum

2015 3582 2110 3636 per
2166 3566 2555 3635 pmnitcntiam.
2622 3564 2675 3618 9.
2724 3562 2979 3618 Discedite
3032 3581 3064 3617 a
3130 3581 3214 3618 me
3274 3581 3447 3619 omnes
3514 3566 3601 3635 qui

2014 3657 2292 3727 aperamini
2339 3657 2687 3727 iniquitatem,
2757 3657 2995 3726 quoniam
3043 3656 3298 3709 exaudivit
3351 3655 3596 3711 Dominus

2013 3764 2182 3802 vocem
2221 3749 2371 3818 ﬂetus
2413 3748 2530 3800 mei.
2565 3747 2651 3803 10.
2702 3746 2974 3800 Exaudit-it
3002 3744 3254 3801 Dominus
3282 3747 3599 3814 deprecatio-

2014 3857 2128 3893 nem
2174 3856 2355 3905 meam,
2382 3838 2629 3893 Dominus
2671 3840 2950 3892 orationem
2990 3856 3152 3892 meam
3192 3840 3435 3907 suscepit.
3481 3837 3600 3893 Non

2014 3942 2098 3988 est
2146 3933 2259 3987 luce
2306 3948 2519 4003 quoque
2568 3948 2726 4002 parva
2774 3932 2857 3986 via
2904 3932 2969 3985 ad
3018 3933 3264 3986 virtutem
3305 3932 3596 3995 deducens,

2013 4027 2185 4082 malos
2230 4025 2431 4095 fugere,
2475 4024 2615 4093 quod
2646 4024 2857 4093 quidem
2885 4022 3129 4078 Christus
3152 4039 3365 4094 quoque
3388 4041 3416 4075 a
3444 4024 3599 4079 nobis

2013 4132 2132 4172 cum
2163 4125 2306 4171 tanto
2335 4115 2511 4170 studio
2539 4114 2718 4180 exigit,
2752 4124 2811 4168 ut
2838 4114 2995 4169 etiam
3023 4114 3222 4168 amicos
3250 4114 3337 4181 qui
3368 4114 3599 4168 maxime

2013 4210 2435 4264 necessariorum
2476 4207 2629 4261 nobis
2665 4207 3022 4261 membrorum
3061 4206 3180 4259 loco
3216 4214 3372 4270 sunt,
3415 4204 3599 4275 jubeat

2014 4301 2345 4365 exscindere,
2391 4299 2602 4370 quando
2645 4312 2742 4352 nos
2789 4297 3181 4362 scandalizant,
3237 4284 3471 4351 etnobis
3496 4294 3598 4349 ali-

2014 4394 2138 4465 quid
2182 4394 2359 4448 damni
2409 4393 2561 4447 aﬂ‘ert
2589 4407 2771 4445 eorum
2817 4390 3161 4446 Consuetudo.
3193 4390 3254 4446 Si
3280 4391 3477 4456 oculus,
3514 4391 3598 4444 iu-

2013 4488 2145 4556 quit,
2186 4496 2233 4539 te
2275 4483 2610 4546 scandalizat,
2642 4499 2760 4536 erue
2784 4484 2948 4551 ipsum
2972 4499 2989 4546 ;
3013 4492 3059 4536 et
3098 4483 3141 4536 si
3172 4500 3351 4536 manus
3379 4494 3424 4535 te
3447 4499 3599 4535 scan-

2014 4577 2222 4639 dalizat,
2252 4574 2486 4629 exscinde
2504 4574 2688 4641 ipsam,
2712 4582 2758 4626 et
2786 4574 2908 4643 cjice
2935 4590 2967 4625 a
2995 4585 3041 4625 te
3069 4566 3281 4644 (finali.
3302 4573 3353 4627 5.
3370 4573 3456 4628 29.
3478 4573 3599 4641 50),

2013 4683 2117 4723 nan
2146 4668 2327 4722 dicens
2356 4666 2423 4721 de
2447 4664 2722 4732 membris,
2744 4665 2882 4719 absit
2911 4681 2924 4717 :
2956 4664 3048 4719 sed
3075 4665 3143 4719 de
3170 4663 3313 4718 veris
3336 4672 3391 4719 et
3410 4679 3597 4719 neces-

2012 4760 2169 4815 sariis
2215 4758 2420 4823 amicis,
2473 4772 2696 4826 quorum
2744 4766 2868 4812 sunt
2915 4756 3261 4826 aspernandze
3308 4756 3593 4819 amicitite,

2013 4848 2226 4921 quando
2274 4864 2371 4903 nec
2414 4848 2590 4915 nobis,
2642 4863 2740 4902 nec
2778 4848 2909 4917 ipsis
2946 4855 3068 4901 sunt
3108 4847 3292 4912 utiles,
3350 4847 3444 4902 sed
3496 4848 3596 4902 da-

2014 4956 2235 4998 tnnosa'.
2259 4938 2406 4993 Hanc
2422 4953 2677 4994 exercens
2696 4938 2941 4992 virtutem
2970 4937 3055 4992 hic
3080 4952 3289 5008 quoque
3306 4952 3409 4991 non
3423 4937 3599 4993 solum

2014 5048 2119 5087 non
2150 5031 2566 5102 persequebatur
2592 5030 2722 5083 tales
2762 5029 3148 5083 familiaritates
3175 5039 3229 5084 et
3260 5029 3597 5100 congressio-

2014 5141 2130 5190 nes,
2178 5125 2273 5181 sed
2299 5127 2457 5181 etiam
2490 5140 2581 5178 cas
2601 5122 2822 5193 jubebat
2846 5138 2875 5176 a
2905 5138 2963 5177 se
2990 5123 3218 5177 resilire.

2084 5218 2137 5273 6.
2181 5218 2276 5271 llic
2324 5225 2406 5273 est
2445 5217 2644 5269 fructus
2686 5214 3046 5283 pmnitcnlize,
3110 5212 3213 5268 hoc
3258 5222 3341 5268 est
3387 5212 3597 5266 lucrum

2012 5312 2386 5382 lacrymarnm.
2416 5308 2562 5363 Mens
2597 5308 2737 5362 enim
2788 5325 2905 5377 quae
2954 5308 3025 5362 ita
3067 5316 3147 5361 est
3173 5307 3417 5369 contrita,
3452 5306 3596 5361 nulla

2013 5402 2265 5469 deinceps
2312 5401 2531 5455 libidine
2592 5408 2821 5454 tenetur.
2870 5399 2981 5454 Hoc
3025 5399 3195 5467 ipsum
3242 5412 3341 5451 nos
3383 5412 3596 5468 quoque

2015 5494 2270 5549 faciamus
2302 5508 2315 5546 :
2347 5503 2400 5549 et
2429 5493 2471 5546 si
2499 5492 2569 5546 sit
2595 5492 2854 5561 quispiam
2889 5491 2972 5545 vel
3001 5491 3116 5559 ipso
3144 5488 3442 5543 diademate
3471 5488 3599 5542 red-

2014 5586 2217 5651 imitus,
2250 5600 2345 5640 nos
2365 5594 2539 5639 autem
2572 5584 2750 5649 lmdat,
2780 5597 3126 5653 aspernemur
3148 5580 3263 5649 ejus
3286 5579 3596 5635 amicitiam.

2014 5678 2154 5733 Nihil
2185 5686 2267 5733 est
2291 5678 2434 5733 enim
2462 5678 2576 5731 viro
2607 5677 2782 5740 vilius,
2829 5676 2927 5729 etsi
2973 5674 3042 5728 sit
3083 5690 3198 5738 rex,
3257 5673 3470 5744 quando
3514 5683 3599 5728 est

2014 5772 2144 5826 vitio
2187 5770 2398 5826 deditus
2430 5789 2442 5825 :
2474 5767 2919 5841 quemadmodum
2963 5766 3093 5821 nihil
3136 5774 3220 5821 est
3264 5765 3348 5820 vel
3388 5764 3600 5836 captivo

2018 5862 2463 5936 magniﬁcentius,
2511 5860 2763 5934 quamdiu
2808 5861 3058 5916 virtutem
3104 5856 3416 5930 possederit.
3457 5856 3598 5924 Quae
