4074 6356
465 490 536 545 79
1205 481 1264 536 S.
1293 477 1574 537 JOAN‘NIS
1607 427 2084 533 CliRYSOSTOMl
2119 469 2438 527 ARCIIIEP.
2474 468 3012 530 CONSTANTINOP.
3664 473 3744 535 30

465 609 603 659 niam
643 601 895 656 ecaudioit
932 597 1182 653 Dominus
1210 612 1380 651 uocem
1405 594 1556 664 ﬂetus
1577 591 1694 646 mei.
1735 589 1854 644 Non
1889 587 2042 653 dixit,

465 693 748 750 l-lxaudivit
797 705 986 744 vocem
1041 701 1247 753 meam,
1294 682 1632 754 simpliciter,
1683 680 1808 745 sed,
1869 677 2050 731 Vocem

466 790 615 858 ﬂetus
669 784 786 840 mei.
863 782 1024 836 Vides
1079 776 1348 850 quomodo
1390 790 1490 830 sua
1538 773 1685 843 large
1731 779 1787 826 et
1835 770 2052 839 copiose

468 877 719 946 proferat,
769 887 951 928 vocem
1001 881 1059 927 et
1106 873 1313 934 tletum,
1355 881 1541 922 vocem
1580 864 1666 919 hic
1693 863 1896 926 dicens,
1945 875 2048 914 non

469 967 819 1022 intentionem
869 963 1152 1029 clamoris,
1207 960 1304 1016 sed
1355 957 1692 1014 aﬂ'ectioncm
1751 953 1948 1020 animi,
1998 960 2054 1007 et

467 1062 670 1123 fletum,
719 1072 823 1111 non
858 1071 980 1111 eum
1023 1053 1196 1109 solum
1243 1051 1333 1120 qui
1365 1049 1582 1120 proﬂuit
1613 1063 1679 1102 ex
1722 1047 1911 1112 oculis,
1957 1043 2050 1100 sed

464 1150 627 1204 etiam
676 1165 796 1204 eum
843 1148 931 1218 qui
963 1161 1030 1201 ex
1075 1145 1287 1200 anima?
1334 1143 1432 1211 Qui
1474 1143 1618 1198 enim
1650 1139 1849 1196 inducit
1878 1139 2050 1209 paeni-

468 1243 707 1303 tentiam,
747 1248 800 1293 et
847 1255 876 1293 a
922 1240 1039 1293 Deo
1058 1237 1359 1298 exauditur,
1400 1235 1502 1290 hoe
1538 1234 1697 1289 etiam
1740 1233 1933 1288 bonum
1959 1247 2056 1301 po-

469 1341 572 1388 test
608 1331 864 1401 pra-clare
895 1329 1172 1396 consequi,
1220 1338 1276 1383 ut
1313 1326 1751 1382 consuetudinem
1778 1322 2051 1392 improbo-

468 1439 588 1478 rum
618 1431 879 1476 amoveat.
907 1422 995 1476 ll.
1052 1419 1365 1473 Erubescant
1407 1427 1454 1471 et
1492 1417 1849 1470 conturbentur
1882 1430 2052 1468 omnes

466 1513 657 1567 inimici
708 1512 839 1574 mei;
884 1521 1238 1565 convertantur
1289 1519 1566 1562 retrorsum
1595 1507 1636 1573 ⁸,
1670 1517 1716 1560 et
1763 1505 2053 1560 erubescant

467 1605 614 1660 valde
637 1603 890 1658 uelociter.
914 1603 1038 1658 Haec
1062 1602 1232 1656 oratio
1258 1602 1542 1656 maximam
1569 1598 1728 1652 habet
1745 1597 2046 1660 utilitatem,

469 1698 750 1768 pudorem,
776 1696 1009 1766 inquam,
1035 1704 1091 1750 et
1117 1693 1580 1750 retrocessionem.
1606 1691 1709 1759 Qui
1737 1693 1878 1746 enim
1907 1689 2050 1747 male

469 1798 724 1853 currunt,
775 1790 820 1844 si
859 1789 1178 1843 erubescant
1217 1796 1272 1843 et
1317 1785 1688 1851 retrocedant,
1745 1799 1776 1838 a
1820 1783 2052 1854 nequitia

471 1882 751 1936 desistent.
800 1878 1255 1946 Quemadmodum
1298 1879 1441 1933 enim
1489 1877 1536 1932 si
1561 1876 1852 1932 viderimus
1881 1874 2053 1930 homi-

473 1987 596 2027 nem
641 1972 692 2024 in
733 1970 1036 2042 praecipitio
1057 1977 1113 2024 et
1149 1969 1430 2040 praeruptis
1473 1968 1604 2023 locis
1647 1965 2051 2037 ingredientem,

470 2079 536 2117 ne
565 2062 786 2116 ulterius
826 2060 1082 2131 procedat
1120 2059 1496 2123 retinebimus,
1545 2057 1784 2114 dicentes
1815 2075 1832 2113 :
1859 2057 2050 2122 Homo,

467 2171 577 2224 quo
620 2154 811 2210 ferris?
840 2163 1086 2208 occurret
1118 2153 1209 2208 tibi
1241 2151 1589 2221 praecipitium
1615 2150 1757 2220 quod
1783 2158 1906 2203 ante
1933 2159 2050 2204 est:

469 2251 540 2304 ita
571 2248 729 2302 etiam
757 2246 848 2301 hic
876 2246 987 2301 vult
1012 2246 1184 2300 malos
1208 2243 1563 2301 retrocedere.
1588 2241 1663 2297 lta
1691 2242 1850 2297 etiam
1878 2245 2056 2296 iuren-

471 2350 577 2395 tem
626 2354 819 2409 equum
871 2339 972 2393 nisi
1010 2339 1127 2408 quis
1154 2337 1262 2392 cito
1300 2337 1636 2406 reprcsserit,
1689 2336 1798 2392 cito
1835 2334 2052 2406 peribit.

470 2432 544 2486 ita
571 2433 728 2486 etiam
759 2431 970 2495 medici,
1009 2431 1274 2500 serpentis
1316 2429 1542 2499 alicujus
1585 2444 1847 2484 venenum
1891 2428 2053 2483 adre-

470 2539 605 2592 pous
645 2531 700 2578 et
747 2523 798 2576 in
836 2531 1004 2576 totum
1048 2536 1242 2592 corpus
1281 2535 1536 2576 emanans
1587 2520 1815 2574 maxima
1858 2519 2054 2574 celeri-

473 2623 598 2673 tite.
648 2628 714 2669 ne
758 2613 976 2668 ulterius
1025 2611 1414 2682 progrediantur,
1463 2612 1679 2676 sistunt,
1719 2611 1833 2678 ejus
1870 2611 2055 2667 vitium

475 2703 788 2758 incidentes.
865 2703 976 2758 lloc
1015 2713 1191 2758 autem
1244 2718 1342 2758 nos
1387 2717 1600 2772 quoque
1654 2701 1943 2770 faciamus,
2000 2712 2058 2758 et

473 2793 614 2862 quod
657 2793 706 2847 in
753 2794 906 2848 nobis
941 2803 1024 2848 est
1059 2793 1243 2848 vitium
1289 2795 1517 2850 maxima
1560 2794 1836 2849 celeritate
1881 2796 2056 2864 repri-

473 2899 698 2947 mamus,
738 2899 806 2940 ne
863 2885 1081 2940 ulterius
1137 2884 1485 2955 progrediens
1533 2886 1777 2940 morbum
1842 2895 2053 2955 augeat.

479 2974 727 3043 leglecta
789 2975 931 3029 enim
987 2986 1322 3044 peccatorum
1371 2976 1594 3032 vulnera
1646 2991 1790 3046 smpe
1850 2979 2057 3045 majora

473 3063 751 3128 evadunt,
821 3072 1017 3120 etnec
1072 3081 1241 3136 usque
1294 3066 1360 3122 ad
1415 3069 1633 3122 vulnera
1688 3067 1860 3122 solum
1917 3069 2057 3123 sistit

474 3157 688 3210 morbus
717 3165 772 3211 et
807 3154 1109 3224 inﬁrmitas,
1150 3157 1242 3213 sed
1286 3171 1429 3228 saepe
1457 3159 1615 3213 etiam
1653 3169 1879 3215 mortem
1921 3159 2059 3228 parit

473 3248 860 3314 immortalem,
933 3250 1385 3318 quemadmodum
1447 3252 1611 3306 etiam
1669 3252 1714 3307 si
1777 3254 1846 3308 ab
1906 3253 2056 3310 initio

475 3353 634 3408 parva
674 3339 1064 3404 sustulerimus,
1111 3356 1212 3395 nec
1250 3355 1439 3410 magna
1465 3352 1877 3412 consequentur.
1908 3343 2057 3399 Con-

473 3433 646 3486 sidera
689 3441 887 3486 autem.
928 3432 1029 3500 Qui
1076 3433 1360 3488 meditatus
1397 3443 1480 3489 est
1518 3449 1626 3490 non
1683 3435 1858 3492 facere
1913 3436 2056 3506 inju»

473 3527 633 3594 riam,
678 3540 776 3579 nec
823 3526 956 3580 sciet
985 3539 1258 3595 pugnare;
1302 3527 1392 3596 qui
1437 3541 1674 3597 pugnare
1723 3529 1945 3593 nesciet,
1997 3545 2057 3584 se

474 3617 633 3668 etiam
684 3627 829 3671 recte
873 3627 1024 3687 geret
1068 3618 1120 3671 in
1165 3617 1434 3684 amicitia;
1468 3619 1556 3688 qui
1605 3633 1666 3674 se
1720 3620 1772 3674 in
1825 3621 2055 3676 amicitia

475 3715 620 3760 recte
656 3713 823 3776 geret,
871 3723 974 3762 non
1012 3707 1226 3762 habebit
1263 3709 1570 3775 inimicum;
1609 3710 1698 3780 qui
1735 3721 1914 3766 autem
1951 3728 2060 3767 non

479 3799 638 3853 habet
682 3799 973 3865 inimicum,
1018 3800 1115 3855 sed
1153 3801 1313 3856 habet
1353 3803 1647 3867 caritatem,
1695 3802 1911 3858 habebit
1940 3820 2055 3859 om-

480 3908 602 3946 nem
631 3893 895 3947 virtutem.
929 3893 1006 3948 Ne
1034 3895 1209 3963 priora
1253 3910 1381 3964 ergo
1425 3896 1772 3966 negligamus,
1820 3913 1887 3952 nc
1916 3899 2056 3954 mala

478 3986 528 4038 in
581 3985 752 4056 majus
797 3997 1059 4041 crescant.
1087 3986 1271 4052 Judas,
1301 3987 1344 4041 si
1377 3988 1610 4056 pecuniae
1639 4003 1874 4043 amorem
1901 4004 2056 4044 coer-

478 4077 695 4141 ruisset,
743 4091 849 4131 non
899 4076 1133 4132 venisset
1160 4076 1228 4131 ad
1257 4079 1705 4148 sacrilegium:si
1747 4079 1875 4134 illud
1903 4095 2056 4135 com-

477 4170 780 4239 pressisset,
832 4184 938 4224 non
983 4169 1050 4224 ad
1091 4170 1470 4241 colophonem,
1515 4179 1574 4226 ut
1599 4171 1766 4240 aiunt,
1797 4172 2056 4228 malorum

480 4261 828 4329 prosiluisset.
873 4262 938 4316 Et
967 4261 1086 4317 ideo
1112 4261 1358 4318 Christus
1385 4278 1594 4334 quoque
1621 4279 1728 4320 non
1749 4266 1920 4320 solum
1943 4265 2056 4321 for-

483 4353 801 4406 nirationem
849 4362 904 4408 et
952 4353 1309 4420 adulterium,
1376 4354 1470 4408 sed
1525 4353 1849 4424 impudicum
1895 4356 2058 4412 etiam

479 4443 723 4496 obtutum
767 4443 1004 4512 reprimit
1051 4442 1281 4512 (Matth.
1304 4444 1358 4500 5.
1383 4443 1456 4500 28
1477 4443 1518 4513 ),
1564 4445 1797 4501 radicem
1842 4447 1912 4502 ab
1951 4448 2058 4503 imo

478 4535 754 4600 evellens,
807 4543 864 4587 ut
905 4534 1109 4588 facilius
1166 4536 1333 4606 possit
1379 4537 1619 4607 superari
1671 4539 1880 4593 vitium.
1946 4538 2059 4594 Hoc

479 4626 642 4678 etiam
683 4622 908 4677 faciebat
945 4623 1162 4690 Judreis,
1194 4627 1425 4681 crassius
1449 4627 1663 4698 quidem
1706 4639 1761 4685 et
1791 4639 2057 4698 tamquam

485 4732 579 4786 per
605 4717 919 4786 mnigmata;
947 4716 1260 4786 loquebatur
1304 4721 1446 4774 enim
1485 4737 1606 4775 cum
1647 4723 2056 4788 carnalioribus,

479 4807 573 4861 sed
602 4815 780 4861 tamen
819 4806 1056 4862 faciebat.
1087 4809 1410 4875 Quomodo?
1459 4811 1574 4866 Non
1607 4815 1949 4881 permittebat
2001 4826 2060 4870 ut

481 4899 533 4954 in
563 4899 745 4953 bestiis
772 4898 880 4953 ulla
909 4910 1054 4954 esset
1076 4900 1379 4970 conjunctio
1421 4917 1487 4958 ex
1526 4904 1752 4960 diversis
1775 4908 2062 4976 generibus

483 4987 658 5057 (Deut.
685 4989 774 5044 22.
807 4989 920 5058 10),
971 5006 1078 5044 non
1105 4991 1312 5046 sinebat
1337 5007 1577 5049 comesse
1599 4998 1906 5066 sanguinem
1937 4999 2063 5054 bru-

484 5090 656 5135 tnrum
688 5080 868 5151 (Leuit.
889 5083 976 5137 i7.
997 5082 1108 5153 10),
1135 5097 1239 5136 non
1267 5086 1603 5151 permittebat
1632 5097 1813 5142 teni-re
1844 5090 2061 5160 pignora

483 5182 605 5242 post
645 5188 925 5242 vesperum
957 5173 1129 5243 (Dent.
1155 5175 1244 5230 24.
1279 5176 1388 5245 15),
1430 5193 1620 5248 magna
1658 5194 1754 5249 per
1788 5181 1901 5236 lucc
1926 5183 2060 5236 mala

485 5264 802 5334 reprimens,
845 5280 941 5335 per
967 5267 1194 5334 primum
1223 5265 1435 5336 quidem
1461 5269 1658 5323 coitum
1683 5271 2059 5339 masculorum,

482 5370 578 5423 per
602 5354 890 5410 secundum
920 5365 1096 5410 autem
1121 5356 1314 5421 cmdes,
1357 5373 1453 5427 per
1480 5362 1694 5415 tertium
1721 5377 1850 5416 vero
1876 5365 2066 5419 crude-

484 5445 684 5499 litatem
711 5456 766 5500 et
785 5446 1245 5503 iuhumanitatem.
1276 5447 1380 5504 Sed
1413 5466 1554 5506 nunc
1577 5453 1755 5506 omnia
1787 5455 1976 5521 [){hSilll
2009 5466 2064 5510 et

486 5533 820 5603 impudenter
864 5537 1149 5593 admodum
1197 5539 1346 5603 fiunt,
1384 5549 1440 5595 et
1482 5541 1603 5596 ideo
1645 5543 1823 5599 omnia
1869 5560 2064 5616 susque

485 5627 658 5699 deque
700 5639 928 5700 aguntur
971 5639 1025 5685 et
1066 5630 1324 5686 feruntur.
1399 5632 1623 5702 Quando
1671 5650 1799 5706 ergo
1849 5652 2064 5708 parvam

553 5825 567 5854 ι
603 5826 676 5872 sic.
699 5835 812 5900 πως.
845 5835 892 5900 tn
918 5827 1025 5900 aliis
1045 5843 1158 5884 vox.
1180 5836 1462 5883 retrorsum.
1485 5830 1658 5896 deest;
1683 5832 1772 5884 sed
1796 5835 1866 5886 sic
1887 5834 2064 5900 legen~

489 5883 600 5934 dum
621 5900 731 5938 esse
751 5864 1090 5940 declarantqea
1115 5864 1534 5954 uiue

2154 586 2316 638 animi
2349 587 2801 656 perturbationem
2837 589 3157 660 susceperis,
3199 606 3266 647 ne
3291 607 3408 648 eam
3437 595 3740 665 neglexeris

2151 678 2293 748 quod
2333 693 2490 748 parva
2521 679 2610 746 sit,
2649 680 2744 736 sed
2784 681 3060 738 considera
3092 683 3145 738 id
3173 684 3316 754 quod
3339 701 3405 741 ex
3447 703 3510 742 ea
3552 687 3732 755 alitur,

2152 785 2383 826 mamma
2408 771 2544 826 mala
2576 787 2782 843 parere.
2833 774 3043 831 Etenim
3070 787 3349 848 postquam
3373 779 3426 834 in
3450 779 3610 835 domo
3637 782 3740 836 ali-

2155 872 2407 929 quantum
2471 871 2677 934 stuppa:
2742 879 3026 922 accensum
3084 867 3400 938 viderimus,
3445 875 3734 929 conturba-

2158 969 2296 1016 mur,
2337 963 2392 1008 et
2425 955 2702 1010 tumultum
2731 972 3005 1013 movemus
3035 975 3056 1012 :
3080 973 3184 1014 non
3226 961 3370 1016 enim
3412 965 3736 1020 attendimus

2155 1042 2363 1098 initium
2392 1062 2405 1097 :
2433 1045 2525 1100 sed
2551 1061 2616 1102 ex
2656 1047 2806 1102 initio
2832 1048 2990 1104 llnem
3017 1051 3439 1122 considerantes,
3459 1071 3736 1114 movemur

2153 1145 2208 1191 et
2230 1137 2596 1195 concurrimus
2620 1149 2676 1195 ut
2704 1149 2869 1196 totum
2889 1143 3154 1199 caminum
3175 1149 3591 1218 esstinguamus.
3625 1151 3736 1208 lloc

2155 1229 2277 1301 igne
2299 1231 2670 1289 vehementius
2697 1235 2930 1290 animam
2957 1237 3133 1292 exedit
3154 1241 3356 1294 vitium.
3375 1241 3596 1311 Oportet
3637 1245 3735 1298 ita-

2155 1338 2260 1392 que
2288 1325 2599 1392 praavenire.
2626 1325 2757 1379 Nam
2785 1327 2828 1381 si
2857 1327 3111 1384 fuerimus
3138 1331 3482 1402 negligentes,
3530 1333 3583 1388 id
3612 1349 3736 1390 cor-

2153 1424 2304 1468 rectu
2332 1416 2520 1471 evadet
2547 1415 2831 1472 difficilius.
2864 1418 2977 1473 Hoc
3006 1420 3196 1476 viderit
3232 1424 3492 1494 quispiam
3523 1428 3744 1482 evenire

2155 1506 2315 1558 etiam
2347 1505 2398 1559 in
2427 1507 2660 1576 navigio,
2703 1516 2758 1562 et
2781 1509 3085 1564 conturbari
3114 1520 3333 1578 nautas,
3377 1529 3481 1568 non
3525 1518 3737 1586 quando

2154 1611 2303 1650 mare
2322 1596 2431 1666 jam
2460 1611 2715 1666 superare
2736 1641 2751 1665 ,
2779 1599 2874 1654 sed
2909 1600 3121 1671 quando
3146 1601 3197 1655 id
3225 1601 3482 1659 facturum
3509 1621 3625 1661 esse
3659 1609 3736 1661 κὶ-

2154 1688 2350 1745 derint.
2398 1689 2477 1746 Ne
2523 1692 2690 1746 simus
2728 1707 2856 1763 ergo
2899 1693 2951 1747 in
2981 1696 3158 1763 parvis
3189 1698 3419 1765 peccatis
3447 1700 3732 1764 socordes,

2156 1784 2250 1838 sed
2285 1798 2347 1839 ea
2385 1784 2742 1854 reprimamus
2762 1801 2883 1841 eum
2913 1802 3102 1857 magna
3131 1789 3487 1856 vehementia,
3522 1801 3578 1846 ut
3611 1793 3740 1848 Iibe-

2156 1891 2338 1930 remur
2382 1891 2414 1930 a
2456 1876 2768 1946 majoribus,
2818 1887 2873 1932 et
2917 1877 3056 1933 bona
3100 1878 3274 1934 futura
3319 1895 3735 1952 consequamur,

2155 1969 2321 2037 gratia
2351 1975 2406 2022 et
2429 1966 2750 2038 benignitate
2781 1967 2989 2022 Domini
3015 1970 3180 2024 nostri
3219 1969 3343 2025 Jesu
3368 1970 3590 2039 Christi,
3615 1988 3750 2028 cum.

2155 2075 2262 2127 quo
2292 2060 2433 2114 Patri
2463 2075 2564 2113 una
2597 2075 2716 2115 cum
2747 2067 2936 2115 sancto
2959 2060 3160 2130 Spiritu
3185 2062 3372 2130 gloria,
3421 2065 3612 2128 honor,
3643 2066 3742 2118 int-

2155 2151 2386 2222 perium,
2427 2153 2567 2206 nunc
2609 2159 2665 2207 et
2704 2166 2935 2222 semper,
2980 2161 3037 2207 et
3071 2155 3132 2206 in
3171 2155 3371 2211 smcula
3398 2155 3738 2212 saeculorum.

2155 2245 2348 2298 Amen.

2483 2355 2842 2412 EXPOSITIO
2864 2355 2929 2411 ΙΝ
2952 2356 3274 2414 PSALM'U.“
3301 2359 3418 2414 VII.

2158 2472 2212 2528 ί.
2246 2469 2481 2526 Psalmis
2519 2469 2730 2534 Doridi,
2774 2487 2922 2540 quem
2961 2473 3175 2525 cantavit
3209 2472 3426 2528 Domino
3457 2493 3548 2544 pro
3583 2480 3748 2531 verbis

2691 2562 2848 2617 Clausi
2874 2563 2970 2632 [iiii
2995 2562 3204 2616 J-emiui.

2156 2698 2210 2752 2.
2240 2696 2456 2752 Domine
2488 2696 2622 2752 Deus
2652 2714 2815 2762 meus,
2842 2698 2895 2752 in
2918 2707 2966 2752 te
2992 2699 3191 2770 speravi
3213 2701 3436 2756 :salsum
3467 2720 3544 2756 me
3571 2707 3654 2775 [ne
3677 2705 3750 2756 as.

2362 2789 2592 2843 omnibus
2618 2790 3021 2860 persequentibus
3047 2807 3146 2857 me,
3173 2802 3221 2845 et
3253 2792 3409 2846 libera
3433 2810 3528 2846 me.

2235 2883 2284 2936 Ι.
2309 2881 2592 2951 Oporteret
2627 2881 2840 2951 quidem
2884 2880 3280 2951 Scripturarum
3318 2893 3372 2938 et
3402 2883 3739 2939 historiarum

2158 2973 2294 3027 adeo
2319 2984 2618 3027 accuratam
2655 2973 2853 3029 habere
2889 2974 3281 3044 cognitionem,
3325 2985 3384 3030 ut
3421 2976 3644 3047 longiori
3673 2978 3752 3033 ad:

2159 3079 2341 3120 earum
2370 3065 2666 3119 doctrinam
2695 3064 2937 3120 oratione
2976 3079 3082 3120 non
3122 3081 3435 3136 egeremus;
3478 3068 3569 3122 sed
3606 3086 3742 3139 quo-

2160 3157 2304 3210 niam
2333 3155 2421 3210 alii
2450 3154 2665 3226 quidem
2701 3155 2754 3210 in
2794 3154 2961 3211 rebus
2984 3155 3326 3212 stecularibus
3352 3162 3622 3228 occupati,
3650 3160 3741 3214 alii

2159 3263 2289 3303 vero
2315 3249 2524 3316 seipsos
2547 3246 2805 3302 socordiae
2829 3246 3086 3304 dedentes
3108 3288 3125 3313 ,
3163 3262 3226 3304 ea
3257 3265 3363 3304 non
3393 3250 3740 3317 audiverunt,

2159 3354 2382 3395 necesse
2409 3348 2491 3395 est
2520 3339 2682 3410 paqu
2708 3339 2932 3410 longiori
2961 3339 3034 3395 uti
3061 3341 3329 3407 oratione,
3348 3341 3540 3396 Psalmi
3579 3358 3742 3413 argu-

2160 3441 2398 3490 mentum
2429 3432 2795 3502 explanantes.
2826 3430 2932 3486 Sed
2957 3431 3214 3486 attendite
3239 3432 3536 3503 diligenter.
3563 3434 3742 3502 Quod-

2162 3539 2284 3577 nam
2327 3523 2485 3594 igitur
2513 3531 2595 3578 est
2636 3522 3044 3593 argumentum?
3087 3521 3326 3577 Psalmus
3367 3522 3552 3577 Davidi
3597 3540 3751 3593 quem

2160 3615 2336 3670 cecinit
2362 3615 2603 3670 Domino.
2631 3615 2816 3671 Alius:
2839 3615 3081 3670 Psaimus-
3103 3633 3200 3687 pro
3220 3617 3506 3686 ignorantia
3532 3615 3740 3672 Doridi.

2159 3709 2312 3763 Alius
2332 3725 2344 3762 :
2366 3706 2630 3776 Ignorutio
2655 3704 2846 3762 Doridi
2873 3723 2893 3762 :
2917 3716 2972 3762 et
2997 3722 3092 3776 pro
3123 3706 3308 3773 Chusi,
3340 3708 3607 3779 Ethiopis
3634 3707 3748 3782 (α),

2161 3799 2350 3870 inquit.
2391 3799 2496 3854 Sed
2536 3799 2615 3854 sic
2648 3802 2806 3854 etiam
2849 3799 3074 3855 obscura
3101 3809 3249 3865 sunt,
3277 3815 3395 3869 qua:
3420 3799 3560 3855 dicta
3587 3811 3741 3864 sunt,

2160 3893 2301 3964 quod
2325 3907 2417 3947 vos
2438 3891 2712 3947 historiam
2730 3891 3002 3962 ignoretis.
3021 3890 3126 3945 Sed
3141 3891 3390 3960 quoniam
3413 3906 3520 3945 non
3535 3900 3752 3962 oportet

2161 3986 2334 4041 solum
2368 3984 2764 4054 reprehendere
2783 4024 2806 4049 ,.
2827 3983 2920 4038 sed
2945 3981 3139 4038 docere
3157 4023 3181 4049 ,.
3203 3997 3379 4052 operae
3405 3983 3635 4051 pretium
3660 3991 3746 4038 est

2161 4077 2519 4129 narrationem
2555 4075 2789 4146 aggredi.
2819 4075 2950 4140 Quis
2995 4088 3125 4146 ergo
3163 4072 3234 4128 sit
3270 4072 3357 4128 hic
3399 4073 3562 4128 Chusi
3605 4074 3743 4129 filius

2160 4166 2374 4229 Jemini,
2401 4175 2455 4221 et
2479 4182 2720 4237 quaenam
2742 4167 2849 4221 sint
2874 4166 3054 4231 verba,
3087 4179 3186 4236 pro
3209 4165 3402 4236 quibus
3424 4166 3532 4220 Deo
3551 4166 3748 4222 cecinit

2161 4259 2264 4319 hoc
2288 4261 2548 4317 canticum
2580 4260 2741 4315 David
2761 4301 2782 4326 ,
2811 4260 2937 4316 hinc
2960 4260 3211 4331 deinceps
3237 4258 3518 4315 dicendum
3543 4269 3644 4326 est,
3674 4263 3758 4317 ab-

2163 4353 2314 4408 initio
2341 4353 2497 4408 ducta
2528 4353 2788 4408 oratione.
3382 4390 3384 4392 τ

2245 4445 2331 4501 Vis
2370 4445 2655 4500 ambitionis
2679 4445 2910 4515 exentpla
2934 4443 3202 4501 Absaianis
3224 4445 3539 4516 probata-—
3573 4443 3743 4499 Absa~

2163 4535 2254 4590 lon
2297 4535 2389 4589 fuit
2426 4535 2561 4591 filius
2592 4535 2787 4600 David,
2821 4534 3032 4605 juvenis
3071 4535 3406 4590 incontinens
3431 4544 3485 4591 et
3507 4534 3754 4606 perditus

2165 4630 2238 4700 (9..
2255 4628 2384 4698 Reg.
2412 4629 2524 4700 15).
2555 4627 2603 4682 is
2628 4629 2908 4698 aliquando
2929 4629 3215 4683 insurrexit
3233 4629 3501 4684 adversus»
3516 4637 3754 4698 patrem,

2164 4737 2334 4792 eoque
2361 4736 2557 4790 regno,
2589 4730 2644 4776 et
2668 4719 2854 4787 domo,
2881 4730 2937 4775 et
2968 4721 3135 4790 patria
3164 4721 3356 4792 eiecto,
3383 4735 3482 4791 pro
3509 4720 3601 4774 illo
3629 4719 3744 4789 ipse

2165 4816 2379 4871 tenebat
2397 4813 2574 4870 omnia
2597 4855 2614 4881 ,
2655 4823 2710 4870 et
2739 4829 2911 4884 neque
2938 4824 3198 4880 naturam,
3228 4829 3328 4870 nec
3343 4814 3741 4878 educationem,

2164 4922 2265 4963 nec
2317 4915 2561 4971 aetatem,
2616 4920 2714 4961 nec
2773 4921 2894 4976 qua:
2949 4918 3331 4976 praecesserant
3390 4906 3751 4976 reSpiciebat,.

2163 5007 2254 5052 aut
2304 4997 2679 5064 reverebatur;
2733 4999 2824 5053 sed
2867 5009 2981 5053 erat
3022 5000 3188 5065 adeo,
3235 5009 3293 5052 ut
3330 4999 3493 5054 semel
3538 4999 3740 5062 dicam,

2165 5091 2416 5158 crudelis,
2439 5091 2691 5156 immitis,
2722 5099 2775 5146 et
2803 5091 2976 5146 bellua
3002 5092 3178 5160 potius
3198 5107 3354 5161 quam
3383 5091 3558 5155 homo,
3585 5098 3642 5144 nt
3661 5091 3754 5144 his

2167 5182 2415 5237 oumibus
2445 5183 2708 5251 perruptis
2741 5181 3022 5248 obicibus,
3059 5182 3186 5251 ipsis
3231 5191 3432 5236 naturae
3469 5181 3751 5236 insultarct

2171 5274 2376 5344 legibus
2396 5316 2409 5338 ,
2441 5282 2496 5329 et
2528 5273 2694 5327 turbis
2719 5274 2896 5327 omnia
2924 5288 2988 5328 ac
3020 5273 3245 5327 tumultu
3271 5271 3596 5340 compleret:
3623 5281 3748 5325 tunc

2169 5367 2312 5420 enim
2342 5365 2520 5420 omnia
2554 5364 2930 5419 evertebantur
2957 5363 3169 5420 decreta
3207 5372 3438 5429 naturae,
3471 5361 3757 5417 hominum

2169 5457 2496 5522 reverentia,
2537 5457 2589 5511 in
2618 5456 2782 5511 Deum
2814 5455 2981 5525 pietas
3007 5471 3072 5511 ac
3105 5457 3325 5526 religio,
3370 5455 3665 5511 humanitas
3691 5462 3755 5509 et-

2171 5547 2530 5602 misericordia
2551 5589 2566 5614 ,
2597 5547 2972 5602 alimentorum
3002 5547 3388 5613 remuneratio,
3429 5557 3483 5601 et
3509 5547 3561 5599 in
3591 5559 3750 5601 sone-

2173 5649 2371 5693 ctutem
2401 5639 2718 5694 reverentia.
2744 5637 2878 5694 Nam
2906 5639 3010 5694 etsi
3033 5638 3247 5695 nolebat
3271 5653 3392 5694 eum
3430 5638 3668 5694 reveneri-
3688 5647 3754 5692 ut

2237 5765 2307 5827 (ιι)
2351 5765 2478 5836 illud
2499 5803 2512 5826 ,
2546 5761 2792 5877 iqnoratio
2840 5762 3016 5815 Davisii
3041 5765 3284 5840 (ἀγνόημα
3312 5768 3380 5828 τῷ
3415 5767 3589 5890 Δαυίδῖ
3610 5804 3622 5826 ,
3668 5774 3750 5816 est

2237 5829 2485 5890 'mmacbi;
2551 5829 2679 5881 tlud
2739 5835 2945 5890 autem,
2999 5829 3243 5890 btluopts
3286 5830 3547 5890 (Αἰθίοπος
3606 5865 3622 5890 ,
3666 5836 3750 5880 est

3606 5865 3622 5893 1

2174 5827 2485 5955 Ξέιηιιῖιοςὶιὴ
2551 5827 2679 5881 illud
2739 5835 2908 5894 autem
2929 5863 2945 5889 ,
2999 5828 3243 5890 ﬁtitiopis
3286 5827 3622 5893 (Αἰθίοπος),
3666 5836 3755 5880 est

2257 5906 2282 5938 u
2323 5905 2383 5940 ω.

2257 5905 2383 5940 unae.
