  <div class='ocr_page' id='page_1' title='image "/cluster/home/n/w/nwhite01/storage/ocr_20150623/55/nnc1.0046980016/070.png"; bbox 0 0 4074 6356; ppageno 0'>
   <div class='ocr_carea' id='block_1_1' title="bbox 275 379 3542 444">
    <p class='ocr_par' dir='ltr' id='par_1_1' title="bbox 275 379 3542 444">
     <span class='ocr_line' id='line_1_1' title="bbox 275 379 3542 444; baseline 0 -4"><span class='ocrx_word' id='word_1_1' title='bbox 275 383 355 443; x_wconf 68' lang='lat'>79</span> <span class='ocrx_word' id='word_1_2' title='bbox 1455 381 1826 439; x_wconf 74' lang='lat' dir='ltr'>EXPOSITIO</span> <span class='ocrx_word' id='word_1_3' title='bbox 1866 379 1936 436; x_wconf 76' lang='lat' dir='ltr'>IN</span> <span class='ocrx_word' id='word_1_4' title='bbox 1977 381 2308 441; x_wconf 70' lang='lat' dir='ltr'>PSAIMUM</span> <span class='ocrx_word' id='word_1_5' title='bbox 2345 385 2460 444; x_wconf 80' lang='lat' dir='ltr'>VII.</span> <span class='ocrx_word' id='word_1_6' title='bbox 3471 386 3542 443; x_wconf 72' lang='lat'><strong>80</strong></span> 
     </span>
    </p>
   </div>
   <div class='ocr_carea' id='block_1_2' title="bbox 276 496 1862 568">
    <p class='ocr_par' dir='ltr' id='par_1_2' title="bbox 276 496 1862 568">
     <span class='ocr_line' id='line_1_2' title="bbox 276 496 1862 568; baseline -0.001 -16"><span class='ocrx_word' id='word_1_7' title='bbox 276 513 468 554; x_wconf 65' lang='grc' dir='ltr'>πονο-ε</span> <span class='ocrx_word' id='word_1_8' title='bbox 489 499 703 565; x_wconf 74' lang='grc' dir='ltr'>Κύριος</span> <span class='ocrx_word' id='word_1_9' title='bbox 730 497 842 565; x_wconf 79' lang='grc' dir='ltr'>τῆς</span> <span class='ocrx_word' id='word_1_10' title='bbox 861 499 1068 568; x_wconf 69' lang='grc' dir='ltr'>φωνῆς</span> <span class='ocrx_word' id='word_1_11' title='bbox 1101 497 1210 551; x_wconf 80' lang='grc' dir='ltr'>τοῦ</span> <span class='ocrx_word' id='word_1_12' title='bbox 1235 497 1542 568; x_wconf 70' lang='grc' dir='ltr'>κλαυθμοῦ</span> <span class='ocrx_word' id='word_1_13' title='bbox 1575 514 1716 565; x_wconf 82' lang='grc' dir='ltr'>μου.</span> <span class='ocrx_word' id='word_1_14' title='bbox 1747 496 1862 550; x_wconf 88' lang='grc' dir='ltr'>Ούκ</span> 
     </span>
    </p>
   </div>
   <div class='ocr_carea' id='block_1_3' title="bbox 280 579 1864 653">
    <p class='ocr_par' dir='ltr' id='par_1_3' title="bbox 280 579 1864 653">
     <span class='ocr_line' id='line_1_3' title="bbox 280 579 1864 653; baseline -0.001 -19"><span class='ocrx_word' id='word_1_15' title='bbox 280 579 601 644; x_wconf 79' lang='grc' dir='ltr'>εἷπεν,”υτι</span> <span class='ocrx_word' id='word_1_16' title='bbox 623 583 912 652; x_wconf 84' lang='grc' dir='ltr'>εἰσήκουσε</span> <span class='ocrx_word' id='word_1_17' title='bbox 949 582 1046 652; x_wconf 86' lang='grc' dir='ltr'>τῆς</span> <span class='ocrx_word' id='word_1_18' title='bbox 1075 580 1262 652; x_wconf 81' lang='grc' dir='ltr'>φωνῆς</span> <span class='ocrx_word' id='word_1_19' title='bbox 1294 598 1426 653; x_wconf 89' lang='grc' dir='ltr'>μου,</span> <span class='ocrx_word' id='word_1_20' title='bbox 1457 580 1644 643; x_wconf 91' lang='grc' dir='ltr'>άπλῶς</span> <span class='ocrx_word' id='word_1_21' title='bbox 1667 619 1682 643; x_wconf 89' lang='grc'>,</span> <span class='ocrx_word' id='word_1_22' title='bbox 1707 579 1864 643; x_wconf 87' lang='grc' dir='ltr'>ἀλλά,</span> 
     </span>
    </p>
   </div>
   <div class='ocr_carea' id='block_1_4' title="bbox 289 661 1867 736">
    <p class='ocr_par' dir='ltr' id='par_1_4' title="bbox 289 661 1867 736">
     <span class='ocr_line' id='line_1_4' title="bbox 289 661 1867 736; baseline -0.001 -18"><span class='ocrx_word' id='word_1_23' title='bbox 289 664 403 730; x_wconf 82' lang='grc' dir='ltr'>Τῆς</span> <span class='ocrx_word' id='word_1_24' title='bbox 436 663 640 732; x_wconf 63' lang='grc' dir='ltr'>φωνῆς</span> <span class='ocrx_word' id='word_1_25' title='bbox 668 665 775 718; x_wconf 85' lang='grc' dir='ltr'>τοῦ</span> <span class='ocrx_word' id='word_1_26' title='bbox 804 664 1110 733; x_wconf 72' lang='grc' dir='ltr'>κλαυθμοῦ</span> <span class='ocrx_word' id='word_1_27' title='bbox 1143 682 1284 732; x_wconf 86' lang='grc' dir='ltr'>μου.</span> <span class='ocrx_word' id='word_1_28' title='bbox 1332 664 1494 736; x_wconf 82' lang='grc' dir='ltr'>Ὁρᾷς</span> <span class='ocrx_word' id='word_1_29' title='bbox 1528 663 1645 725; x_wconf 88' lang='grc' dir='ltr'>πῶς</span> <span class='ocrx_word' id='word_1_30' title='bbox 1675 662 1769 715; x_wconf 74' lang='grc' dir='ltr'>καὶ</span> <span class='ocrx_word' id='word_1_31' title='bbox 1799 661 1867 716; x_wconf 82' lang='grc' dir='ltr'>τὰ</span> 
     </span>
    </p>
   </div>
   <div class='ocr_carea' id='block_1_5' title="bbox 283 746 1867 819">
    <p class='ocr_par' dir='ltr' id='par_1_5' title="bbox 283 746 1867 819">
     <span class='ocr_line' id='line_1_5' title="bbox 283 746 1867 819; baseline 0 -18"><span class='ocrx_word' id='word_1_32' title='bbox 283 751 415 818; x_wconf 79' lang='grc' dir='ltr'>παρ’</span> <span class='ocrx_word' id='word_1_33' title='bbox 449 746 642 800; x_wconf 79' lang='grc' dir='ltr'>ἑαυτοῦ</span> <span class='ocrx_word' id='word_1_34' title='bbox 669 747 807 816; x_wconf 84' lang='grc' dir='ltr'>μετά</span> <span class='ocrx_word' id='word_1_35' title='bbox 835 747 1036 819; x_wconf 79' lang='grc' dir='ltr'>πολλῆς</span> <span class='ocrx_word' id='word_1_36' title='bbox 1070 748 1280 816; x_wconf 87' lang='grc' dir='ltr'>εἰσάγει</span> <span class='ocrx_word' id='word_1_37' title='bbox 1299 747 1398 818; x_wconf 72' lang='grc' dir='ltr'>τῆς</span> <span class='ocrx_word' id='word_1_38' title='bbox 1429 747 1742 816; x_wconf 69' lang='grc' dir='ltr'>δαψιλείας,</span> <span class='ocrx_word' id='word_1_39' title='bbox 1773 748 1867 801; x_wconf 72' lang='grc' dir='ltr'>καὶ</span> 
     </span>
    </p>
   </div>
   <div class='ocr_carea' id='block_1_6' title="bbox 283 829 1867 902">
    <p class='ocr_par' dir='ltr' id='par_1_6' title="bbox 283 829 1867 902">
     <span class='ocr_line' id='line_1_6' title="bbox 283 829 1867 902; baseline 0.001 -19"><span class='ocrx_word' id='word_1_40' title='bbox 283 832 470 900; x_wconf 78' lang='grc' dir='ltr'>φωνὴν</span> <span class='ocrx_word' id='word_1_41' title='bbox 491 870 507 893; x_wconf 92' lang='grc'>,</span> <span class='ocrx_word' id='word_1_42' title='bbox 543 831 638 884; x_wconf 78' lang='grc' dir='ltr'>καὶ</span> <span class='ocrx_word' id='word_1_43' title='bbox 663 831 939 902; x_wconf 80' lang='grc' dir='ltr'>κλαυθμὸν</span> <span class='ocrx_word' id='word_1_44' title='bbox 963 871 978 892; x_wconf 91' lang='grc'>,</span> <span class='ocrx_word' id='word_1_45' title='bbox 1010 832 1193 902; x_wconf 82' lang='grc' dir='ltr'>φωνὴν</span> <span class='ocrx_word' id='word_1_46' title='bbox 1222 829 1457 884; x_wconf 68' lang='grc' dir='ltr'>ἐνταῦθα</span> <span class='ocrx_word' id='word_1_47' title='bbox 1500 830 1562 882; x_wconf 85' lang='grc' dir='ltr'>ού</span> <span class='ocrx_word' id='word_1_48' title='bbox 1592 830 1683 882; x_wconf 83' lang='grc' dir='ltr'>τὸν</span> <span class='ocrx_word' id='word_1_49' title='bbox 1716 829 1867 884; x_wconf 96' lang='grc' dir='ltr'>τόνον</span> 
     </span>
    </p>
   </div>
   <div class='ocr_carea' id='block_1_7' title="bbox 282 912 1865 986">
    <p class='ocr_par' dir='ltr' id='par_1_7' title="bbox 282 912 1865 986">
     <span class='ocr_line' id='line_1_7' title="bbox 282 912 1865 986; baseline -0.001 -18"><span class='ocrx_word' id='word_1_50' title='bbox 282 917 458 984; x_wconf 83' lang='grc' dir='ltr'>λέγων</span> <span class='ocrx_word' id='word_1_51' title='bbox 483 916 579 986; x_wconf 85' lang='grc' dir='ltr'>τῆς</span> <span class='ocrx_word' id='word_1_52' title='bbox 610 917 856 986; x_wconf 82' lang='grc' dir='ltr'>κραυγῆς</span> <span class='ocrx_word' id='word_1_53' title='bbox 874 956 887 978; x_wconf 88' lang='grc'>,</span> <span class='ocrx_word' id='word_1_54' title='bbox 913 916 1049 969; x_wconf 88' lang='grc' dir='ltr'>ἀλλά</span> <span class='ocrx_word' id='word_1_55' title='bbox 1079 915 1178 986; x_wconf 77' lang='grc' dir='ltr'>τήν</span> <span class='ocrx_word' id='word_1_56' title='bbox 1207 915 1446 968; x_wconf 90' lang='grc' dir='ltr'>διάθεσιν</span> <span class='ocrx_word' id='word_1_57' title='bbox 1470 913 1572 984; x_wconf 79' lang='grc' dir='ltr'>τῆς</span> <span class='ocrx_word' id='word_1_58' title='bbox 1608 912 1865 979; x_wconf 78' lang='grc' dir='ltr'>διανοίας,</span> 
     </span>
    </p>
   </div>
   <div class='ocr_carea' id='block_1_8' title="bbox 283 997 1870 1068">
    <p class='ocr_par' dir='ltr' id='par_1_8' title="bbox 283 997 1870 1068">
     <span class='ocr_line' id='line_1_8' title="bbox 283 997 1870 1068; baseline 0 -16"><span class='ocrx_word' id='word_1_59' title='bbox 283 999 379 1052; x_wconf 72' lang='grc' dir='ltr'>καὶ</span> <span class='ocrx_word' id='word_1_60' title='bbox 408 997 683 1068; x_wconf 80' lang='grc' dir='ltr'>κλαυθμὸν</span> <span class='ocrx_word' id='word_1_61' title='bbox 705 999 769 1051; x_wconf 84' lang='grc' dir='ltr'>ού</span> <span class='ocrx_word' id='word_1_62' title='bbox 796 998 887 1050; x_wconf 82' lang='grc' dir='ltr'>τὸν</span> <span class='ocrx_word' id='word_1_63' title='bbox 915 998 1023 1051; x_wconf 87' lang='grc' dir='ltr'>ἀπὸ</span> <span class='ocrx_word' id='word_1_64' title='bbox 1047 998 1156 1050; x_wconf 86' lang='grc' dir='ltr'>τῶν</span> <span class='ocrx_word' id='word_1_65' title='bbox 1185 997 1480 1067; x_wconf 82' lang='grc' dir='ltr'>ὀφθαλμῶν</span> <span class='ocrx_word' id='word_1_66' title='bbox 1509 998 1667 1067; x_wconf 86' lang='grc' dir='ltr'>μόνον</span> <span class='ocrx_word' id='word_1_67' title='bbox 1687 1038 1702 1061; x_wconf 94' lang='grc'>,</span> <span class='ocrx_word' id='word_1_68' title='bbox 1733 997 1870 1052; x_wconf 89' lang='grc' dir='ltr'>ἀλλά</span> 
     </span>
    </p>
   </div>
   <div class='ocr_carea' id='block_1_9' title="bbox 277 1079 1866 1153">
    <p class='ocr_par' dir='ltr' id='par_1_9' title="bbox 277 1079 1866 1153">
     <span class='ocr_line' id='line_1_9' title="bbox 277 1079 1866 1153; baseline -0.002 -19"><span class='ocrx_word' id='word_1_69' title='bbox 277 1081 378 1134; x_wconf 76' lang='grc' dir='ltr'>καὶ</span> <span class='ocrx_word' id='word_1_70' title='bbox 406 1081 494 1134; x_wconf 82' lang='grc' dir='ltr'>τὸν</span> <span class='ocrx_word' id='word_1_71' title='bbox 521 1080 629 1134; x_wconf 85' lang='grc' dir='ltr'>ἀπὸ</span> <span class='ocrx_word' id='word_1_72' title='bbox 663 1081 766 1151; x_wconf 82' lang='grc' dir='ltr'>τῆς</span> <span class='ocrx_word' id='word_1_73' title='bbox 794 1079 1002 1150; x_wconf 75' lang='grc' dir='ltr'>ψυχῆς;</span> <span class='ocrx_word' id='word_1_74' title='bbox 1042 1081 1104 1135; x_wconf 90' lang='lat'><strong>&#39;0</strong></span> <span class='ocrx_word' id='word_1_75' title='bbox 1141 1079 1252 1153; x_wconf 85' lang='grc' dir='ltr'>γὰρ</span> <span class='ocrx_word' id='word_1_76' title='bbox 1285 1079 1576 1150; x_wconf 87' lang='grc' dir='ltr'>μετάνοιαν</span> <span class='ocrx_word' id='word_1_77' title='bbox 1610 1080 1866 1149; x_wconf 79' lang='grc' dir='ltr'>εἰσάγων,</span> 
     </span>
    </p>
   </div>
   <div class='ocr_carea' id='block_1_10' title="bbox 282 1163 1872 1235">
    <p class='ocr_par' dir='ltr' id='par_1_10' title="bbox 282 1163 1872 1235">
     <span class='ocr_line' id='line_1_10' title="bbox 282 1163 1872 1235; baseline -0.001 -17"><span class='ocrx_word' id='word_1_78' title='bbox 282 1166 380 1218; x_wconf 75' lang='grc' dir='ltr'>καὶ</span> <span class='ocrx_word' id='word_1_79' title='bbox 416 1167 562 1235; x_wconf 78' lang='grc' dir='ltr'>παρὰ</span> <span class='ocrx_word' id='word_1_80' title='bbox 590 1165 684 1218; x_wconf 88' lang='grc' dir='ltr'>τοῦ</span> <span class='ocrx_word' id='word_1_81' title='bbox 713 1164 846 1217; x_wconf 81' lang='grc' dir='ltr'>Θεοῦ</span> <span class='ocrx_word' id='word_1_82' title='bbox 895 1165 1223 1234; x_wconf 85' lang='grc' dir='ltr'>ἀκουόμενος</span> <span class='ocrx_word' id='word_1_83' title='bbox 1242 1205 1256 1229; x_wconf 89' lang='grc'>,</span> <span class='ocrx_word' id='word_1_84' title='bbox 1285 1163 1524 1228; x_wconf 79' lang='grc' dir='ltr'>εὐκόλως</span> <span class='ocrx_word' id='word_1_85' title='bbox 1573 1165 1669 1218; x_wconf 72' lang='grc' dir='ltr'>καὶ</span> <span class='ocrx_word' id='word_1_86' title='bbox 1712 1163 1872 1216; x_wconf 86' lang='grc' dir='ltr'>τοῦτο</span> 
     </span>
    </p>
   </div>
   <div class='ocr_carea' id='block_1_11' title="bbox 282 1245 1871 1318">
    <p class='ocr_par' dir='ltr' id='par_1_11' title="bbox 282 1245 1871 1318">
     <span class='ocr_line' id='line_1_11' title="bbox 282 1245 1871 1318; baseline -0.001 -16"><span class='ocrx_word' id='word_1_87' title='bbox 282 1248 505 1302; x_wconf 84' lang='grc' dir='ltr'>δύναται</span> <span class='ocrx_word' id='word_1_88' title='bbox 531 1247 874 1318; x_wconf 89' lang='grc' dir='ltr'>κατορθῶσαι</span> <span class='ocrx_word' id='word_1_89' title='bbox 902 1245 964 1300; x_wconf 71' lang='grc' dir='ltr'>τὸ</span> <span class='ocrx_word' id='word_1_90' title='bbox 989 1247 1192 1315; x_wconf 79' lang='grc' dir='ltr'>ἀγαθὸν</span> <span class='ocrx_word' id='word_1_91' title='bbox 1215 1287 1232 1311; x_wconf 95' lang='grc'>,</span> <span class='ocrx_word' id='word_1_92' title='bbox 1261 1247 1321 1300; x_wconf 78' lang='grc' dir='ltr'>τὸ</span> <span class='ocrx_word' id='word_1_93' title='bbox 1348 1246 1730 1318; x_wconf 82' lang='grc' dir='ltr'>διακρούεσθαι</span> <span class='ocrx_word' id='word_1_94' title='bbox 1761 1247 1871 1300; x_wconf 88' lang='grc' dir='ltr'>τῶν</span> 
     </span>
    </p>
   </div>
   <div class='ocr_carea' id='block_1_12' title="bbox 285 1329 1872 1402">
    <p class='ocr_par' dir='ltr' id='par_1_12' title="bbox 285 1329 1872 1402">
     <span class='ocr_line' id='line_1_12' title="bbox 285 1329 1872 1402; baseline -0.001 -17"><span class='ocrx_word' id='word_1_95' title='bbox 285 1331 540 1402; x_wconf 76' lang='grc' dir='ltr'>πονηρῶν</span> <span class='ocrx_word' id='word_1_96' title='bbox 557 1333 656 1395; x_wconf 74' lang='grc' dir='ltr'>τὰς</span> <span class='ocrx_word' id='word_1_97' title='bbox 684 1331 986 1394; x_wconf 89' lang='grc' dir='ltr'>συνουσίας.</span> <span class='ocrx_word' id='word_1_98' title='bbox 1007 1329 1525 1399; x_wconf 76' lang='grc' dir='ltr'>Αίσχυνθήτωσαν</span> <span class='ocrx_word' id='word_1_99' title='bbox 1548 1330 1647 1384; x_wconf 81' lang='grc' dir='ltr'>καὶ</span> <span class='ocrx_word' id='word_1_100' title='bbox 1674 1332 1872 1398; x_wconf 79' lang='grc' dir='ltr'>ἐντρα-</span> 
     </span>
    </p>
   </div>
   <div class='ocr_carea' id='block_1_13' title="bbox 279 1411 1870 1483">
    <p class='ocr_par' dir='ltr' id='par_1_13' title="bbox 279 1411 1870 1483">
     <span class='ocr_line' id='line_1_13' title="bbox 279 1411 1870 1483; baseline 0 -17"><span class='ocrx_word' id='word_1_101' title='bbox 279 1415 576 1480; x_wconf 68' lang='grc' dir='ltr'>ετήτωσαν</span> <span class='ocrx_word' id='word_1_102' title='bbox 594 1412 817 1479; x_wconf 72' lang='grc' dir='ltr'>πάντες</span> <span class='ocrx_word' id='word_1_103' title='bbox 838 1417 890 1468; x_wconf 83' lang='grc' dir='ltr'>οὶ</span> <span class='ocrx_word' id='word_1_104' title='bbox 911 1413 1112 1483; x_wconf 82' lang='grc' dir='ltr'>ἐχθροί</span> <span class='ocrx_word' id='word_1_105' title='bbox 1123 1430 1264 1482; x_wconf 84' lang='grc' dir='ltr'>μου.</span> <span class='ocrx_word' id='word_1_106' title='bbox 1291 1411 1870 1483; x_wconf 70' lang='grc' dir='ltr'>Ἀποστραερήτωσαν</span> 
     </span>
    </p>
   </div>
   <div class='ocr_carea' id='block_1_14' title="bbox 283 1497 1871 1567">
    <p class='ocr_par' dir='ltr' id='par_1_14' title="bbox 283 1497 1871 1567">
     <span class='ocr_line' id='line_1_14' title="bbox 283 1497 1871 1567; baseline 0.001 -15"><span class='ocrx_word' id='word_1_107' title='bbox 283 1503 372 1564; x_wconf 79' lang='grc' dir='ltr'>εἰς</span> <span class='ocrx_word' id='word_1_108' title='bbox 392 1499 462 1552; x_wconf 84' lang='grc' dir='ltr'>τὰ</span> <span class='ocrx_word' id='word_1_109' title='bbox 477 1500 669 1552; x_wconf 79' lang='grc' dir='ltr'>ὀπίσω</span> <span class='ocrx_word' id='word_1_110' title='bbox 685 1510 730 1563; x_wconf 79' lang='grc' dir='ltr'>ι,</span> <span class='ocrx_word' id='word_1_111' title='bbox 755 1498 850 1551; x_wconf 85' lang='grc' dir='ltr'>καί</span> <span class='ocrx_word' id='word_1_112' title='bbox 869 1497 1488 1567; x_wconf 80' lang='grc' dir='ltr'>καταισχυνθήτωσαν</span> <span class='ocrx_word' id='word_1_113' title='bbox 1511 1499 1751 1567; x_wconf 74' lang='grc' dir='ltr'>σφόδρα</span> <span class='ocrx_word' id='word_1_114' title='bbox 1771 1498 1871 1554; x_wconf 75' lang='grc' dir='ltr'>διὰ</span> 
     </span>
    </p>
   </div>
   <div class='ocr_carea' id='block_1_15' title="bbox 283 1579 1871 1652">
    <p class='ocr_par' dir='ltr' id='par_1_15' title="bbox 283 1579 1871 1652">
     <span class='ocr_line' id='line_1_15' title="bbox 283 1579 1871 1652; baseline 0 -17"><span class='ocrx_word' id='word_1_115' title='bbox 283 1583 528 1650; x_wconf 81' lang='grc' dir='ltr'>τάχους.</span> <span class='ocrx_word' id='word_1_116' title='bbox 559 1579 709 1651; x_wconf 76' lang='grc' dir='ltr'>Αὕτη</span> <span class='ocrx_word' id='word_1_117' title='bbox 741 1582 776 1651; x_wconf 91' lang='grc' dir='ltr'>ή</span> <span class='ocrx_word' id='word_1_118' title='bbox 811 1580 944 1652; x_wconf 80' lang='grc' dir='ltr'>εὐχὴ</span> <span class='ocrx_word' id='word_1_119' title='bbox 970 1581 1235 1651; x_wconf 81' lang='grc' dir='ltr'>μεγίστην</span> <span class='ocrx_word' id='word_1_120' title='bbox 1269 1581 1381 1651; x_wconf 74' lang='grc' dir='ltr'>ἔχει</span> <span class='ocrx_word' id='word_1_121' title='bbox 1405 1581 1697 1650; x_wconf 84' lang='grc' dir='ltr'>ὠφέλειαν,</span> <span class='ocrx_word' id='word_1_122' title='bbox 1728 1582 1788 1635; x_wconf 89' lang='grc' dir='ltr'>τό</span> <span class='ocrx_word' id='word_1_123' title='bbox 1811 1599 1871 1636; x_wconf 89' lang='grc' dir='ltr'>τε</span> 
     </span>
    </p>
   </div>
   <div class='ocr_carea' id='block_1_16' title="bbox 281 1663 1870 1736">
    <p class='ocr_par' dir='ltr' id='par_1_16' title="bbox 281 1663 1870 1736">
     <span class='ocr_line' id='line_1_16' title="bbox 281 1663 1870 1736; baseline 0.001 -18"><span class='ocrx_word' id='word_1_124' title='bbox 281 1664 638 1736; x_wconf 79' lang='grc' dir='ltr'>αἰσχυνθῆναι</span> <span class='ocrx_word' id='word_1_125' title='bbox 668 1664 810 1732; x_wconf 87' lang='grc' dir='ltr'>λέγω</span> <span class='ocrx_word' id='word_1_126' title='bbox 830 1704 846 1728; x_wconf 86' lang='grc'>,</span> <span class='ocrx_word' id='word_1_127' title='bbox 879 1665 973 1718; x_wconf 77' lang='grc' dir='ltr'>καὶ</span> <span class='ocrx_word' id='word_1_128' title='bbox 1007 1663 1068 1717; x_wconf 82' lang='grc' dir='ltr'>τὸ</span> <span class='ocrx_word' id='word_1_129' title='bbox 1097 1666 1178 1728; x_wconf 89' lang='grc' dir='ltr'>είς</span> <span class='ocrx_word' id='word_1_130' title='bbox 1222 1665 1464 1718; x_wconf 78' lang='grc' dir='ltr'>τούπίσω</span> <span class='ocrx_word' id='word_1_131' title='bbox 1496 1665 1770 1722; x_wconf 83' lang='grc' dir='ltr'>ἀπελθεῖν.</span> <span class='ocrx_word' id='word_1_132' title='bbox 1807 1667 1870 1720; x_wconf 89' lang='grc' dir='ltr'>Οἰ</span> 
     </span>
    </p>
   </div>
   <div class='ocr_carea' id='block_1_17' title="bbox 281 1747 1872 1822">
    <p class='ocr_par' dir='ltr' id='par_1_17' title="bbox 281 1747 1872 1822">
     <span class='ocr_line' id='line_1_17' title="bbox 281 1747 1872 1822; baseline 0 -20"><span class='ocrx_word' id='word_1_133' title='bbox 281 1751 394 1822; x_wconf 71' lang='grc' dir='ltr'>γάρ</span> <span class='ocrx_word' id='word_1_134' title='bbox 427 1749 612 1813; x_wconf 87' lang='grc' dir='ltr'>κακῶς</span> <span class='ocrx_word' id='word_1_135' title='bbox 632 1749 919 1820; x_wconf 82' lang='grc' dir='ltr'>τρέχοντες</span> <span class='ocrx_word' id='word_1_136' title='bbox 943 1789 957 1812; x_wconf 94' lang='grc'>,</span> <span class='ocrx_word' id='word_1_137' title='bbox 995 1749 1043 1801; x_wconf 91' lang='grc' dir='ltr'>εἱ</span> <span class='ocrx_word' id='word_1_138' title='bbox 1069 1747 1514 1818; x_wconf 87' lang='grc' dir='ltr'>καταισχυνθεῖεν</span> <span class='ocrx_word' id='word_1_139' title='bbox 1532 1788 1547 1812; x_wconf 95' lang='grc'>,</span> <span class='ocrx_word' id='word_1_140' title='bbox 1575 1750 1667 1802; x_wconf 71' lang='grc' dir='ltr'>καὶ</span> <span class='ocrx_word' id='word_1_141' title='bbox 1695 1750 1777 1813; x_wconf 90' lang='grc' dir='ltr'>εἰς</span> <span class='ocrx_word' id='word_1_142' title='bbox 1802 1749 1872 1802; x_wconf 82' lang='grc' dir='ltr'>τά</span> 
     </span>
    </p>
   </div>
   <div class='ocr_carea' id='block_1_18' title="bbox 283 1830 1869 1904">
    <p class='ocr_par' dir='ltr' id='par_1_18' title="bbox 283 1830 1869 1904">
     <span class='ocr_line' id='line_1_18' title="bbox 283 1830 1869 1904; baseline 0 -20"><span class='ocrx_word' id='word_1_143' title='bbox 283 1835 460 1887; x_wconf 76' lang='grc' dir='ltr'>ὀπίσω</span> <span class='ocrx_word' id='word_1_144' title='bbox 508 1832 794 1886; x_wconf 79' lang='grc' dir='ltr'>ἀπέλθοιεν</span> <span class='ocrx_word' id='word_1_145' title='bbox 818 1873 834 1894; x_wconf 88' lang='grc'>,</span> <span class='ocrx_word' id='word_1_146' title='bbox 880 1832 1168 1902; x_wconf 82' lang='grc' dir='ltr'>στήσονται</span> <span class='ocrx_word' id='word_1_147' title='bbox 1198 1831 1300 1902; x_wconf 82' lang='grc' dir='ltr'>τῆς</span> <span class='ocrx_word' id='word_1_148' title='bbox 1335 1830 1621 1902; x_wconf 81' lang='grc' dir='ltr'>πονηρίας.</span> <span class='ocrx_word' id='word_1_149' title='bbox 1659 1832 1869 1904; x_wconf 84' lang='grc' dir='ltr'>’Ὠσπερ</span> 
     </span>
    </p>
   </div>
   <div class='ocr_carea' id='block_1_19' title="bbox 282 1913 1868 1987">
    <p class='ocr_par' dir='ltr' id='par_1_19' title="bbox 282 1913 1868 1987">
     <span class='ocr_line' id='line_1_19' title="bbox 282 1913 1868 1987; baseline 0 -19"><span class='ocrx_word' id='word_1_150' title='bbox 282 1919 394 1987; x_wconf 66' lang='grc' dir='ltr'>γαρ</span> <span class='ocrx_word' id='word_1_151' title='bbox 438 1918 487 1970; x_wconf 88' lang='grc' dir='ltr'>εἰ</span> <span class='ocrx_word' id='word_1_152' title='bbox 528 1915 807 1986; x_wconf 67' lang='grc' dir='ltr'>ἄνθρωποι</span> <span class='ocrx_word' id='word_1_153' title='bbox 846 1913 1045 1984; x_wconf 74' lang='grc' dir='ltr'>ἴδωμεν</span> <span class='ocrx_word' id='word_1_154' title='bbox 1082 1913 1225 1968; x_wconf 89' lang='grc' dir='ltr'>κατά</span> <span class='ocrx_word' id='word_1_155' title='bbox 1252 1914 1500 1985; x_wconf 75' lang='grc' dir='ltr'>κρημνοῦ</span> <span class='ocrx_word' id='word_1_156' title='bbox 1545 1914 1868 1986; x_wconf 86' lang='grc' dir='ltr'>φερόμενον,</span> 
     </span>
    </p>
   </div>
   <div class='ocr_carea' id='block_1_20' title="bbox 281 1998 1874 2070">
    <p class='ocr_par' dir='ltr' id='par_1_20' title="bbox 281 1998 1874 2070">
     <span class='ocr_line' id='line_1_20' title="bbox 281 1998 1874 2070; baseline 0 -17"><span class='ocrx_word' id='word_1_157' title='bbox 281 1999 701 2070; x_wconf 78' lang='grc' dir='ltr'>ἀναχαιτίζομεν</span> <span class='ocrx_word' id='word_1_158' title='bbox 740 1999 903 2052; x_wconf 81' lang='grc' dir='ltr'>αὐτὸν</span> <span class='ocrx_word' id='word_1_159' title='bbox 938 1998 1037 2069; x_wconf 80' lang='grc' dir='ltr'>τῆς</span> <span class='ocrx_word' id='word_1_160' title='bbox 1083 1998 1418 2070; x_wconf 82' lang='grc' dir='ltr'>προσωτέρω</span> <span class='ocrx_word' id='word_1_161' title='bbox 1448 2000 1650 2068; x_wconf 82' lang='grc' dir='ltr'>φορᾶς,</span> <span class='ocrx_word' id='word_1_162' title='bbox 1688 1998 1874 2068; x_wconf 80' lang='grc' dir='ltr'>λέγον-</span> 
     </span>
    </p>
   </div>
   <div class='ocr_carea' id='block_1_21' title="bbox 282 2082 1872 2155">
    <p class='ocr_par' dir='ltr' id='par_1_21' title="bbox 282 2082 1872 2155">
     <span class='ocr_line' id='line_1_21' title="bbox 282 2082 1872 2155; baseline 0 -17"><span class='ocrx_word' id='word_1_163' title='bbox 282 2103 374 2149; x_wconf 84' lang='grc' dir='ltr'>τες</span> <span class='ocrx_word' id='word_1_164' title='bbox 401 2082 849 2151; x_wconf 81' lang='grc' dir='ltr'>·”Ανθρωπε,ποῦ</span> <span class='ocrx_word' id='word_1_165' title='bbox 884 2083 1056 2154; x_wconf 78' lang='grc' dir='ltr'>φέρῃς</span> <span class='ocrx_word' id='word_1_166' title='bbox 1091 2083 1335 2154; x_wconf 83' lang='grc' dir='ltr'>κρημνὸς</span> <span class='ocrx_word' id='word_1_167' title='bbox 1357 2083 1664 2155; x_wconf 83' lang='grc' dir='ltr'>ἔμπροσθεν</span> <span class='ocrx_word' id='word_1_168' title='bbox 1693 2085 1872 2138; x_wconf 87' lang='grc' dir='ltr'>ἀπαν-</span> 
     </span>
    </p>
   </div>
   <div class='ocr_carea' id='block_1_22' title="bbox 282 2161 1870 2241">
    <p class='ocr_par' dir='ltr' id='par_1_22' title="bbox 282 2161 1870 2241">
     <span class='ocr_line' id='line_1_22' title="bbox 282 2161 1870 2241; baseline 0.001 -20"><span class='ocrx_word' id='word_1_169' title='bbox 282 2171 510 2241; x_wconf 79' lang='grc' dir='ltr'>τήσεται</span> <span class='ocrx_word' id='word_1_170' title='bbox 535 2185 548 2197; x_wconf 89' lang='grc'><strong>·</strong></span> <span class='ocrx_word' id='word_1_171' title='bbox 573 2165 715 2220; x_wconf 75' lang='grc' dir='ltr'>οὕτω</span> <span class='ocrx_word' id='word_1_172' title='bbox 746 2165 811 2237; x_wconf 79' lang='grc' dir='ltr'>δή</span> <span class='ocrx_word' id='word_1_173' title='bbox 845 2168 937 2220; x_wconf 71' lang='grc' dir='ltr'>καὶ</span> <span class='ocrx_word' id='word_1_174' title='bbox 967 2161 1120 2229; x_wconf 75' lang='grc' dir='ltr'>οὗτος</span> <span class='ocrx_word' id='word_1_175' title='bbox 1158 2168 1299 2234; x_wconf 80' lang='grc' dir='ltr'>ἀξιοῖ</span> <span class='ocrx_word' id='word_1_176' title='bbox 1325 2169 1451 2232; x_wconf 85' lang='grc' dir='ltr'>τοὺς</span> <span class='ocrx_word' id='word_1_177' title='bbox 1478 2169 1681 2232; x_wconf 78' lang='grc' dir='ltr'>κακοὺς</span> <span class='ocrx_word' id='word_1_178' title='bbox 1707 2167 1870 2222; x_wconf 89' lang='grc' dir='ltr'>πάλιν</span> 
     </span>
    </p>
   </div>
   <div class='ocr_carea' id='block_1_23' title="bbox 279 2249 1872 2322">
    <p class='ocr_par' dir='ltr' id='par_1_23' title="bbox 279 2249 1872 2322">
     <span class='ocr_line' id='line_1_23' title="bbox 279 2249 1872 2322; baseline 0.001 -19"><span class='ocrx_word' id='word_1_179' title='bbox 279 2255 364 2316; x_wconf 76' lang='grc' dir='ltr'>εἰς</span> <span class='ocrx_word' id='word_1_180' title='bbox 393 2250 638 2304; x_wconf 74' lang='grc' dir='ltr'>τούπίσω</span> <span class='ocrx_word' id='word_1_181' title='bbox 667 2250 1016 2319; x_wconf 81' lang='grc' dir='ltr'>ἀναδραμεῖν.</span> <span class='ocrx_word' id='word_1_182' title='bbox 1041 2249 1197 2303; x_wconf 77' lang='grc' dir='ltr'>Οὕτω</span> <span class='ocrx_word' id='word_1_183' title='bbox 1220 2250 1314 2303; x_wconf 75' lang='grc' dir='ltr'>καὶ</span> <span class='ocrx_word' id='word_1_184' title='bbox 1343 2251 1512 2304; x_wconf 73' lang='grc' dir='ltr'>ἵππον</span> <span class='ocrx_word' id='word_1_185' title='bbox 1545 2252 1872 2322; x_wconf 89' lang='grc' dir='ltr'>μαινόμενον</span> 
     </span>
    </p>
   </div>
   <div class='ocr_carea' id='block_1_24' title="bbox 282 2332 1869 2404">
    <p class='ocr_par' dir='ltr' id='par_1_24' title="bbox 282 2332 1869 2404">
     <span class='ocr_line' id='line_1_24' title="bbox 282 2332 1869 2404; baseline 0.002 -18"><span class='ocrx_word' id='word_1_186' title='bbox 282 2335 348 2387; x_wconf 78' lang='grc' dir='ltr'>ἂν</span> <span class='ocrx_word' id='word_1_187' title='bbox 384 2334 459 2404; x_wconf 80' lang='grc' dir='ltr'>μὴ</span> <span class='ocrx_word' id='word_1_188' title='bbox 490 2333 700 2403; x_wconf 87' lang='grc' dir='ltr'>ταχέως</span> <span class='ocrx_word' id='word_1_189' title='bbox 732 2350 817 2396; x_wconf 86' lang='grc' dir='ltr'>τις</span> <span class='ocrx_word' id='word_1_190' title='bbox 846 2332 1289 2404; x_wconf 89' lang='grc' dir='ltr'>ἀνακρούσηται,</span> <span class='ocrx_word' id='word_1_191' title='bbox 1319 2333 1531 2403; x_wconf 88' lang='grc' dir='ltr'>ταχέως</span> <span class='ocrx_word' id='word_1_192' title='bbox 1565 2333 1869 2390; x_wconf 89' lang='grc' dir='ltr'>ἀπολεῖται.</span> 
     </span>
    </p>
   </div>
   <div class='ocr_carea' id='block_1_25' title="bbox 281 2415 1872 2489">
    <p class='ocr_par' dir='ltr' id='par_1_25' title="bbox 281 2415 1872 2489">
     <span class='ocr_line' id='line_1_25' title="bbox 281 2415 1872 2489; baseline 0.001 -20"><span class='ocrx_word' id='word_1_193' title='bbox 281 2417 441 2469; x_wconf 81' lang='grc' dir='ltr'>υῦτω</span> <span class='ocrx_word' id='word_1_194' title='bbox 470 2419 561 2469; x_wconf 73' lang='grc' dir='ltr'>καὶ</span> <span class='ocrx_word' id='word_1_195' title='bbox 593 2415 770 2486; x_wconf 74' lang='grc' dir='ltr'>ἰατροὶ</span> <span class='ocrx_word' id='word_1_196' title='bbox 802 2415 877 2468; x_wconf 77' lang='grc' dir='ltr'>ἰὸν</span> <span class='ocrx_word' id='word_1_197' title='bbox 906 2415 1136 2486; x_wconf 79' lang='grc' dir='ltr'>ἑρπετοῦ</span> <span class='ocrx_word' id='word_1_198' title='bbox 1169 2433 1314 2479; x_wconf 87' lang='grc' dir='ltr'>τινος</span> <span class='ocrx_word' id='word_1_199' title='bbox 1335 2415 1594 2481; x_wconf 80' lang='grc' dir='ltr'>πολλάκις</span> <span class='ocrx_word' id='word_1_200' title='bbox 1617 2419 1872 2489; x_wconf 79' lang='grc' dir='ltr'>ἐπινεμό-</span> 
     </span>
    </p>
   </div>
   <div class='ocr_carea' id='block_1_26' title="bbox 287 2499 1871 2572">
    <p class='ocr_par' dir='ltr' id='par_1_26' title="bbox 287 2499 1871 2572">
     <span class='ocr_line' id='line_1_26' title="bbox 287 2499 1871 2572; baseline 0.001 -18"><span class='ocrx_word' id='word_1_201' title='bbox 287 2518 446 2570; x_wconf 84' lang='grc' dir='ltr'>μενον</span> <span class='ocrx_word' id='word_1_202' title='bbox 477 2501 622 2555; x_wconf 81' lang='grc' dir='ltr'>ἀπαν</span> <span class='ocrx_word' id='word_1_203' title='bbox 670 2500 733 2552; x_wconf 76' lang='grc' dir='ltr'>τὸ</span> <span class='ocrx_word' id='word_1_204' title='bbox 768 2499 928 2570; x_wconf 83' lang='grc' dir='ltr'>σῶμα</span> <span class='ocrx_word' id='word_1_205' title='bbox 958 2501 1098 2570; x_wconf 89' lang='grc' dir='ltr'>μετά</span> <span class='ocrx_word' id='word_1_206' title='bbox 1151 2499 1349 2553; x_wconf 89' lang='grc' dir='ltr'>πολλοῦ</span> <span class='ocrx_word' id='word_1_207' title='bbox 1382 2499 1476 2553; x_wconf 87' lang='grc' dir='ltr'>τοῦ</span> <span class='ocrx_word' id='word_1_208' title='bbox 1525 2501 1723 2572; x_wconf 77' lang='grc' dir='ltr'>τάχους</span> <span class='ocrx_word' id='word_1_209' title='bbox 1769 2502 1871 2572; x_wconf 84' lang='grc' dir='ltr'>τῆς</span> 
     </span>
    </p>
   </div>
   <div class='ocr_carea' id='block_1_27' title="bbox 286 2583 1869 2656">
    <p class='ocr_par' dir='ltr' id='par_1_27' title="bbox 286 2583 1869 2656">
     <span class='ocr_line' id='line_1_27' title="bbox 286 2583 1869 2656; baseline 0.001 -20"><span class='ocrx_word' id='word_1_210' title='bbox 286 2586 620 2656; x_wconf 76' lang='grc' dir='ltr'>προσωτέρω</span> <span class='ocrx_word' id='word_1_211' title='bbox 652 2585 826 2654; x_wconf 78' lang='grc' dir='ltr'>φορᾶς</span> <span class='ocrx_word' id='word_1_212' title='bbox 873 2583 1090 2638; x_wconf 79' lang='grc' dir='ltr'>ἱστῶσιν</span> <span class='ocrx_word' id='word_1_213' title='bbox 1112 2623 1130 2649; x_wconf 91' lang='grc'>,</span> <span class='ocrx_word' id='word_1_214' title='bbox 1166 2584 1528 2653; x_wconf 84' lang='grc' dir='ltr'>έγκόπτοντες</span> <span class='ocrx_word' id='word_1_215' title='bbox 1558 2583 1726 2639; x_wconf 80' lang='grc' dir='ltr'>αὑτοῦ</span> <span class='ocrx_word' id='word_1_216' title='bbox 1771 2585 1869 2656; x_wconf 77' lang='grc' dir='ltr'>τὴν</span> 
     </span>
    </p>
   </div>
   <div class='ocr_carea' id='block_1_28' title="bbox 281 2660 1871 2738">
    <p class='ocr_par' dir='ltr' id='par_1_28' title="bbox 281 2660 1871 2738">
     <span class='ocr_line' id='line_1_28' title="bbox 281 2660 1871 2738; baseline -0.001 -17"><span class='ocrx_word' id='word_1_217' title='bbox 281 2669 500 2722; x_wconf 77' lang='grc' dir='ltr'>κακίαν.</span> <span class='ocrx_word' id='word_1_218' title='bbox 525 2660 696 2719; x_wconf 84' lang='grc' dir='ltr'>Τοῦτο</span> <span class='ocrx_word' id='word_1_219' title='bbox 724 2667 788 2737; x_wconf 81' lang='grc' dir='ltr'>δὴ</span> <span class='ocrx_word' id='word_1_220' title='bbox 817 2669 912 2719; x_wconf 71' lang='grc' dir='ltr'>καὶ</span> <span class='ocrx_word' id='word_1_221' title='bbox 938 2669 1094 2738; x_wconf 82' lang='grc' dir='ltr'>ήμεῖς</span> <span class='ocrx_word' id='word_1_222' title='bbox 1123 2666 1388 2737; x_wconf 84' lang='grc' dir='ltr'>ποιῶμεν,</span> <span class='ocrx_word' id='word_1_223' title='bbox 1412 2669 1504 2720; x_wconf 75' lang='grc' dir='ltr'>καὶ</span> <span class='ocrx_word' id='word_1_224' title='bbox 1525 2668 1623 2738; x_wconf 85' lang='grc' dir='ltr'>τὴν</span> <span class='ocrx_word' id='word_1_225' title='bbox 1651 2669 1710 2720; x_wconf 80' lang='grc' dir='ltr'>ἐν</span> <span class='ocrx_word' id='word_1_226' title='bbox 1739 2669 1871 2738; x_wconf 90' lang='grc' dir='ltr'>ήμῖν</span> 
     </span>
    </p>
   </div>
   <div class='ocr_carea' id='block_1_29' title="bbox 283 2750 1868 2821">
    <p class='ocr_par' dir='ltr' id='par_1_29' title="bbox 283 2750 1868 2821">
     <span class='ocr_line' id='line_1_29' title="bbox 283 2750 1868 2821; baseline 0 -17"><span class='ocrx_word' id='word_1_227' title='bbox 283 2752 481 2805; x_wconf 82' lang='grc' dir='ltr'>κακίαν</span> <span class='ocrx_word' id='word_1_228' title='bbox 515 2751 932 2821; x_wconf 83' lang='grc' dir='ltr'>ἁναστέλλωμεν</span> <span class='ocrx_word' id='word_1_229' title='bbox 969 2750 1106 2820; x_wconf 88' lang='grc' dir='ltr'>μετά</span> <span class='ocrx_word' id='word_1_230' title='bbox 1136 2750 1332 2803; x_wconf 84' lang='grc' dir='ltr'>πολλοῦ</span> <span class='ocrx_word' id='word_1_231' title='bbox 1380 2751 1474 2804; x_wconf 89' lang='grc' dir='ltr'>τοῦ</span> <span class='ocrx_word' id='word_1_232' title='bbox 1513 2752 1743 2821; x_wconf 80' lang='grc' dir='ltr'>τάχους,</span> <span class='ocrx_word' id='word_1_233' title='bbox 1783 2753 1868 2804; x_wconf 84' lang='grc' dir='ltr'>ἵνα</span> 
     </span>
    </p>
   </div>
   <div class='ocr_carea' id='block_1_30' title="bbox 287 2832 1866 2905">
    <p class='ocr_par' dir='ltr' id='par_1_30' title="bbox 287 2832 1866 2905">
     <span class='ocr_line' id='line_1_30' title="bbox 287 2832 1866 2905; baseline 0 -17"><span class='ocrx_word' id='word_1_234' title='bbox 287 2836 361 2905; x_wconf 79' lang='grc' dir='ltr'>μή</span> <span class='ocrx_word' id='word_1_235' title='bbox 393 2833 660 2905; x_wconf 78' lang='grc' dir='ltr'>προϊοῦσα</span> <span class='ocrx_word' id='word_1_236' title='bbox 695 2832 834 2903; x_wconf 71' lang='grc' dir='ltr'>αὔξῃ</span> <span class='ocrx_word' id='word_1_237' title='bbox 867 2833 965 2901; x_wconf 81' lang='grc' dir='ltr'>τὴν</span> <span class='ocrx_word' id='word_1_238' title='bbox 988 2833 1162 2888; x_wconf 77' lang='grc' dir='ltr'>νόσον.</span> <span class='ocrx_word' id='word_1_239' title='bbox 1209 2834 1316 2886; x_wconf 79' lang='grc' dir='ltr'>Καὶ</span> <span class='ocrx_word' id='word_1_240' title='bbox 1349 2835 1458 2905; x_wconf 87' lang='grc' dir='ltr'>γάρ</span> <span class='ocrx_word' id='word_1_241' title='bbox 1501 2834 1866 2905; x_wconf 86' lang='grc' dir='ltr'>ἀμελούμενα,</span> 
     </span>
    </p>
   </div>
   <div class='ocr_carea' id='block_1_31' title="bbox 282 2919 1871 2990">
    <p class='ocr_par' dir='ltr' id='par_1_31' title="bbox 282 2919 1871 2990">
     <span class='ocr_line' id='line_1_31' title="bbox 282 2919 1871 2990; baseline 0 -18"><span class='ocrx_word' id='word_1_242' title='bbox 282 2921 512 2988; x_wconf 76' lang='grc' dir='ltr'>μείζονα</span> <span class='ocrx_word' id='word_1_243' title='bbox 541 2919 748 2987; x_wconf 85' lang='grc' dir='ltr'>γίνεται</span> <span class='ocrx_word' id='word_1_244' title='bbox 774 2919 882 2970; x_wconf 89' lang='grc' dir='ltr'>τῶν</span> <span class='ocrx_word' id='word_1_245' title='bbox 905 2919 1321 2990; x_wconf 78' lang='grc' dir='ltr'>ἁμαρτημάτων</span> <span class='ocrx_word' id='word_1_246' title='bbox 1345 2920 1413 2974; x_wconf 81' lang='grc' dir='ltr'>τά</span> <span class='ocrx_word' id='word_1_247' title='bbox 1439 2919 1748 2990; x_wconf 86' lang='grc' dir='ltr'>τραύματα,</span> <span class='ocrx_word' id='word_1_248' title='bbox 1778 2923 1871 2973; x_wconf 78' lang='grc' dir='ltr'>καὶ</span> 
     </span>
    </p>
   </div>
   <div class='ocr_carea' id='block_1_32' title="bbox 281 3002 1871 3075">
    <p class='ocr_par' dir='ltr' id='par_1_32' title="bbox 281 3002 1871 3075">
     <span class='ocr_line' id='line_1_32' title="bbox 281 3002 1871 3075; baseline 0.002 -21"><span class='ocrx_word' id='word_1_249' title='bbox 281 3005 342 3055; x_wconf 75' lang='grc' dir='ltr'>οὐ</span> <span class='ocrx_word' id='word_1_250' title='bbox 378 3004 543 3074; x_wconf 85' lang='grc' dir='ltr'>μέχρι</span> <span class='ocrx_word' id='word_1_251' title='bbox 587 3002 916 3074; x_wconf 86' lang='grc' dir='ltr'>τραυμάτων</span> <span class='ocrx_word' id='word_1_252' title='bbox 954 3002 1270 3055; x_wconf 84' lang='grc' dir='ltr'>ἵσταταιτά</span> <span class='ocrx_word' id='word_1_253' title='bbox 1319 3004 1418 3071; x_wconf 85' lang='grc' dir='ltr'>τῆς</span> <span class='ocrx_word' id='word_1_254' title='bbox 1454 3004 1610 3056; x_wconf 87' lang='grc' dir='ltr'>νόσου</span> <span class='ocrx_word' id='word_1_255' title='bbox 1651 3005 1871 3075; x_wconf 77' lang='grc' dir='ltr'>καὶτῆς</span> 
     </span>
    </p>
   </div>
   <div class='ocr_carea' id='block_1_33' title="bbox 281 3085 1867 3158">
    <p class='ocr_par' dir='ltr' id='par_1_33' title="bbox 281 3085 1867 3158">
     <span class='ocr_line' id='line_1_33' title="bbox 281 3085 1867 3158; baseline 0.001 -20"><span class='ocrx_word' id='word_1_256' title='bbox 281 3089 595 3158; x_wconf 72' lang='grc' dir='ltr'>ἀρρωστίας</span> <span class='ocrx_word' id='word_1_257' title='bbox 620 3126 633 3147; x_wconf 83' lang='grc'>,</span> <span class='ocrx_word' id='word_1_258' title='bbox 665 3086 801 3140; x_wconf 85' lang='grc' dir='ltr'>ἀλλά</span> <span class='ocrx_word' id='word_1_259' title='bbox 851 3087 944 3139; x_wconf 73' lang='grc' dir='ltr'>καὶ</span> <span class='ocrx_word' id='word_1_260' title='bbox 978 3085 1207 3138; x_wconf 88' lang='grc' dir='ltr'>θάνατον</span> <span class='ocrx_word' id='word_1_261' title='bbox 1256 3086 1429 3140; x_wconf 88' lang='grc' dir='ltr'>τίκτει</span> <span class='ocrx_word' id='word_1_262' title='bbox 1460 3087 1550 3141; x_wconf 76' lang='grc' dir='ltr'>τὸν</span> <span class='ocrx_word' id='word_1_263' title='bbox 1582 3088 1867 3152; x_wconf 87' lang='grc' dir='ltr'>ἀθάνατον,</span> 
     </span>
    </p>
   </div>
   <div class='ocr_carea' id='block_1_34' title="bbox 279 3168 1872 3243">
    <p class='ocr_par' dir='ltr' id='par_1_34' title="bbox 279 3168 1872 3243">
     <span class='ocr_line' id='line_1_34' title="bbox 279 3168 1872 3243; baseline 0.001 -19"><span class='ocrx_word' id='word_1_264' title='bbox 279 3170 471 3243; x_wconf 84' lang='grc' dir='ltr'>ῶσπερ</span> <span class='ocrx_word' id='word_1_265' title='bbox 508 3169 575 3223; x_wconf 83' lang='grc' dir='ltr'>ἂν</span> <span class='ocrx_word' id='word_1_266' title='bbox 605 3170 664 3235; x_wconf 74' lang='grc' dir='ltr'>ἐξ</span> <span class='ocrx_word' id='word_1_267' title='bbox 709 3169 887 3240; x_wconf 75' lang='grc' dir='ltr'>ἀρχῆς</span> <span class='ocrx_word' id='word_1_268' title='bbox 937 3169 1034 3222; x_wconf 77' lang='grc' dir='ltr'>καὶ</span> <span class='ocrx_word' id='word_1_269' title='bbox 1078 3168 1146 3222; x_wconf 84' lang='grc' dir='ltr'>τά</span> <span class='ocrx_word' id='word_1_270' title='bbox 1206 3169 1380 3242; x_wconf 87' lang='grc' dir='ltr'>μικρά</span> <span class='ocrx_word' id='word_1_271' title='bbox 1410 3171 1717 3243; x_wconf 86' lang='grc' dir='ltr'>ἀνέλωμεν,</span> <span class='ocrx_word' id='word_1_272' title='bbox 1749 3173 1872 3226; x_wconf 71' lang='grc' dir='ltr'>οὐδὲ</span> 
     </span>
    </p>
   </div>
   <div class='ocr_carea' id='block_1_35' title="bbox 280 3253 1874 3327">
    <p class='ocr_par' dir='ltr' id='par_1_35' title="bbox 280 3253 1874 3327">
     <span class='ocr_line' id='line_1_35' title="bbox 280 3253 1874 3327; baseline 0.001 -20"><span class='ocrx_word' id='word_1_273' title='bbox 280 3254 351 3307; x_wconf 73' lang='grc' dir='ltr'>τά</span> <span class='ocrx_word' id='word_1_274' title='bbox 367 3253 584 3324; x_wconf 80' lang='grc' dir='ltr'>μεγάλα</span> <span class='ocrx_word' id='word_1_275' title='bbox 616 3253 826 3323; x_wconf 67' lang='grc' dir='ltr'>ἕψεται.</span> <span class='ocrx_word' id='word_1_276' title='bbox 854 3253 1058 3306; x_wconf 86' lang='grc' dir='ltr'>Σκόπει</span> <span class='ocrx_word' id='word_1_277' title='bbox 1084 3253 1164 3306; x_wconf 87' lang='grc' dir='ltr'>δέ.</span> <span class='ocrx_word' id='word_1_278' title='bbox 1193 3254 1250 3306; x_wconf 88' lang='lat'>&#39;0</span> <span class='ocrx_word' id='word_1_279' title='bbox 1282 3254 1584 3324; x_wconf 83' lang='grc' dir='ltr'>μελετήσας</span> <span class='ocrx_word' id='word_1_280' title='bbox 1614 3256 1688 3327; x_wconf 81' lang='grc' dir='ltr'>μὴ</span> <span class='ocrx_word' id='word_1_281' title='bbox 1721 3257 1874 3327; x_wconf 83' lang='grc' dir='ltr'>ὑϐρί-</span> 
     </span>
    </p>
   </div>
   <div class='ocr_carea' id='block_1_36' title="bbox 284 3336 1870 3409">
    <p class='ocr_par' dir='ltr' id='par_1_36' title="bbox 284 3336 1870 3409">
     <span class='ocr_line' id='line_1_36' title="bbox 284 3336 1870 3409; baseline 0.001 -19"><span class='ocrx_word' id='word_1_282' title='bbox 284 3337 417 3400; x_wconf 82' lang='grc' dir='ltr'>ζειν,</span> <span class='ocrx_word' id='word_1_283' title='bbox 464 3337 587 3390; x_wconf 76' lang='grc' dir='ltr'>οὐδὲ</span> <span class='ocrx_word' id='word_1_284' title='bbox 643 3337 909 3408; x_wconf 88' lang='grc' dir='ltr'>μάχεσθαι</span> <span class='ocrx_word' id='word_1_285' title='bbox 956 3337 1190 3390; x_wconf 81' lang='grc' dir='ltr'>εἵσεται·</span> <span class='ocrx_word' id='word_1_286' title='bbox 1225 3336 1254 3388; x_wconf 93' lang='lat'>6</span> <span class='ocrx_word' id='word_1_287' title='bbox 1285 3338 1361 3408; x_wconf 81' lang='grc' dir='ltr'>μή</span> <span class='ocrx_word' id='word_1_288' title='bbox 1389 3337 1544 3401; x_wconf 86' lang='grc' dir='ltr'>εἰδὼς</span> <span class='ocrx_word' id='word_1_289' title='bbox 1582 3340 1870 3409; x_wconf 87' lang='grc' dir='ltr'>μάχεσθαι,</span> 
     </span>
    </p>
   </div>
   <div class='ocr_carea' id='block_1_37' title="bbox 282 3422 1872 3494">
    <p class='ocr_par' dir='ltr' id='par_1_37' title="bbox 282 3422 1872 3494">
     <span class='ocr_line' id='line_1_37' title="bbox 282 3422 1872 3494; baseline 0 -18"><span class='ocrx_word' id='word_1_290' title='bbox 282 3425 376 3476; x_wconf 71' lang='grc' dir='ltr'>καὶ</span> <span class='ocrx_word' id='word_1_291' title='bbox 402 3424 467 3476; x_wconf 85' lang='grc' dir='ltr'>τὸ</span> <span class='ocrx_word' id='word_1_292' title='bbox 506 3422 680 3492; x_wconf 81' lang='grc' dir='ltr'>φιλεῖν</span> <span class='ocrx_word' id='word_1_293' title='bbox 715 3422 1050 3492; x_wconf 77' lang='grc' dir='ltr'>κατορθώσει</span> <span class='ocrx_word' id='word_1_294' title='bbox 1076 3437 1091 3452; x_wconf 84' lang='lat'><strong><em>°</em></strong></span> <span class='ocrx_word' id='word_1_295' title='bbox 1123 3422 1153 3474; x_wconf 97' lang='lat'>6</span> <span class='ocrx_word' id='word_1_296' title='bbox 1187 3422 1540 3494; x_wconf 84' lang='grc' dir='ltr'>κατορθώσας</span> <span class='ocrx_word' id='word_1_297' title='bbox 1581 3424 1640 3478; x_wconf 85' lang='grc' dir='ltr'>τὸ</span> <span class='ocrx_word' id='word_1_298' title='bbox 1677 3424 1872 3493; x_wconf 82' lang='grc' dir='ltr'>φιλεῖν.</span> 
     </span>
    </p>
   </div>
   <div class='ocr_carea' id='block_1_38' title="bbox 284 3506 1870 3581">
    <p class='ocr_par' dir='ltr' id='par_1_38' title="bbox 284 3506 1870 3581">
     <span class='ocr_line' id='line_1_38' title="bbox 284 3506 1870 3581; baseline 0.001 -21"><span class='ocrx_word' id='word_1_299' title='bbox 284 3507 478 3579; x_wconf 70' lang='grc' dir='ltr'>ἐχθρὸν</span> <span class='ocrx_word' id='word_1_300' title='bbox 498 3509 598 3577; x_wconf 75' lang='grc' dir='ltr'>οὐχ</span> <span class='ocrx_word' id='word_1_301' title='bbox 617 3506 729 3573; x_wconf 79' lang='grc' dir='ltr'>’ἐξει</span> <span class='ocrx_word' id='word_1_302' title='bbox 746 3523 759 3537; x_wconf 86' lang='lat'><strong><em>°</em></strong></span> <span class='ocrx_word' id='word_1_303' title='bbox 788 3509 816 3560; x_wconf 92' lang='lat'>6</span> <span class='ocrx_word' id='word_1_304' title='bbox 842 3507 899 3560; x_wconf 81' lang='grc' dir='ltr'>δὲ</span> <span class='ocrx_word' id='word_1_305' title='bbox 927 3507 1120 3578; x_wconf 79' lang='grc' dir='ltr'>ἐχθρὸν</span> <span class='ocrx_word' id='word_1_306' title='bbox 1147 3508 1247 3561; x_wconf 81' lang='grc' dir='ltr'>οὐκ</span> <span class='ocrx_word' id='word_1_307' title='bbox 1275 3507 1434 3578; x_wconf 80' lang='grc' dir='ltr'>ἔχων,</span> <span class='ocrx_word' id='word_1_308' title='bbox 1464 3508 1598 3561; x_wconf 80' lang='grc' dir='ltr'>ἀλλὰ</span> <span class='ocrx_word' id='word_1_309' title='bbox 1621 3509 1716 3581; x_wconf 84' lang='grc' dir='ltr'>τὴν</span> <span class='ocrx_word' id='word_1_310' title='bbox 1739 3509 1870 3577; x_wconf 81' lang='grc' dir='ltr'>ἀγάο</span> 
     </span>
    </p>
   </div>
   <div class='ocr_carea' id='block_1_39' title="bbox 285 3590 1870 3664">
    <p class='ocr_par' dir='ltr' id='par_1_39' title="bbox 285 3590 1870 3664">
     <span class='ocr_line' id='line_1_39' title="bbox 285 3590 1870 3664; baseline 0.001 -20"><span class='ocrx_word' id='word_1_311' title='bbox 285 3609 393 3660; x_wconf 88' lang='grc' dir='ltr'>πην</span> <span class='ocrx_word' id='word_1_312' title='bbox 422 3591 862 3661; x_wconf 77' lang='grc' dir='ltr'>ἐπιδεικνύμενος</span> <span class='ocrx_word' id='word_1_313' title='bbox 881 3632 896 3656; x_wconf 91' lang='grc'>,</span> <span class='ocrx_word' id='word_1_314' title='bbox 923 3591 1138 3645; x_wconf 81' lang='grc' dir='ltr'>ἆπασαν</span> <span class='ocrx_word' id='word_1_315' title='bbox 1169 3590 1506 3662; x_wconf 81' lang='grc' dir='ltr'>κατορθώσει</span> <span class='ocrx_word' id='word_1_316' title='bbox 1533 3591 1629 3662; x_wconf 86' lang='grc' dir='ltr'>τὴν</span> <span class='ocrx_word' id='word_1_317' title='bbox 1650 3594 1870 3664; x_wconf 72' lang='grc' dir='ltr'>ἀρετήν.</span> 
     </span>
    </p>
   </div>
   <div class='ocr_carea' id='block_1_40' title="bbox 286 3673 1878 3747">
    <p class='ocr_par' dir='ltr' id='par_1_40' title="bbox 286 3673 1878 3747">
     <span class='ocr_line' id='line_1_40' title="bbox 286 3673 1878 3747; baseline 0.001 -19"><span class='ocrx_word' id='word_1_318' title='bbox 286 3677 377 3746; x_wconf 78' lang='grc' dir='ltr'>Μὴ</span> <span class='ocrx_word' id='word_1_319' title='bbox 406 3675 470 3746; x_wconf 83' lang='grc' dir='ltr'>δὴ</span> <span class='ocrx_word' id='word_1_320' title='bbox 495 3675 605 3727; x_wconf 87' lang='grc' dir='ltr'>τῶν</span> <span class='ocrx_word' id='word_1_321' title='bbox 635 3675 916 3745; x_wconf 78' lang='grc' dir='ltr'>προτέρων</span> <span class='ocrx_word' id='word_1_322' title='bbox 947 3673 1260 3744; x_wconf 89' lang='grc' dir='ltr'>άμελῶμεν,</span> <span class='ocrx_word' id='word_1_323' title='bbox 1286 3676 1372 3728; x_wconf 79' lang='grc' dir='ltr'>ῖνα</span> <span class='ocrx_word' id='word_1_324' title='bbox 1404 3675 1479 3746; x_wconf 70' lang='grc' dir='ltr'>μὴ</span> <span class='ocrx_word' id='word_1_325' title='bbox 1504 3676 1639 3747; x_wconf 89' lang='grc' dir='ltr'>πρὸς</span> <span class='ocrx_word' id='word_1_326' title='bbox 1666 3676 1727 3729; x_wconf 76' lang='grc' dir='ltr'>τὸ</span> <span class='ocrx_word' id='word_1_327' title='bbox 1760 3679 1878 3746; x_wconf 83' lang='grc' dir='ltr'>μεῖ-</span> 
     </span>
    </p>
   </div>
   <div class='ocr_carea' id='block_1_41' title="bbox 287 3756 1876 3830">
    <p class='ocr_par' dir='ltr' id='par_1_41' title="bbox 287 3756 1876 3830">
     <span class='ocr_line' id='line_1_41' title="bbox 287 3756 1876 3830; baseline 0.001 -20"><span class='ocrx_word' id='word_1_328' title='bbox 287 3759 379 3820; x_wconf 75' lang='grc' dir='ltr'>ζον</span> <span class='ocrx_word' id='word_1_329' title='bbox 413 3760 642 3829; x_wconf 85' lang='grc' dir='ltr'>αῖρηται</span> <span class='ocrx_word' id='word_1_330' title='bbox 673 3759 744 3811; x_wconf 86' lang='grc' dir='ltr'>τά</span> <span class='ocrx_word' id='word_1_331' title='bbox 792 3758 956 3812; x_wconf 86' lang='grc' dir='ltr'>κακά.</span> <span class='ocrx_word' id='word_1_332' title='bbox 1000 3758 1061 3811; x_wconf 88' lang='lat' dir='ltr'><strong>&#39;O</strong></span> <span class='ocrx_word' id='word_1_333' title='bbox 1113 3756 1343 3822; x_wconf 84' lang='grc' dir='ltr'>Ἰούδας,</span> <span class='ocrx_word' id='word_1_334' title='bbox 1386 3761 1432 3810; x_wconf 87' lang='grc' dir='ltr'>εἰ</span> <span class='ocrx_word' id='word_1_335' title='bbox 1473 3759 1534 3810; x_wconf 84' lang='grc' dir='ltr'>τὸ</span> <span class='ocrx_word' id='word_1_336' title='bbox 1577 3760 1876 3830; x_wconf 88' lang='grc' dir='ltr'>χρημάτων</span> 
     </span>
    </p>
   </div>
   <div class='ocr_carea' id='block_1_42' title="bbox 289 3836 1878 3914">
    <p class='ocr_par' dir='ltr' id='par_1_42' title="bbox 289 3836 1878 3914">
     <span class='ocr_line' id='line_1_42' title="bbox 289 3836 1878 3914; baseline 0.001 -20"><span class='ocrx_word' id='word_1_337' title='bbox 289 3843 422 3913; x_wconf 77' lang='grc' dir='ltr'>ὲρᾷν</span> <span class='ocrx_word' id='word_1_338' title='bbox 460 3843 722 3895; x_wconf 76' lang='grc' dir='ltr'>ἐκόλασεν</span> <span class='ocrx_word' id='word_1_339' title='bbox 743 3881 758 3905; x_wconf 90' lang='grc'>,</span> <span class='ocrx_word' id='word_1_340' title='bbox 801 3843 901 3893; x_wconf 86' lang='grc' dir='ltr'>ούκ</span> <span class='ocrx_word' id='word_1_341' title='bbox 934 3841 999 3894; x_wconf 82' lang='grc' dir='ltr'>ἂν</span> <span class='ocrx_word' id='word_1_342' title='bbox 1034 3841 1113 3902; x_wconf 88' lang='grc' dir='ltr'>εἰς</span> <span class='ocrx_word' id='word_1_343' title='bbox 1147 3841 1451 3909; x_wconf 86' lang='grc' dir='ltr'>ἱεροσυλίαν</span> <span class='ocrx_word' id='word_1_344' title='bbox 1478 3836 1639 3912; x_wconf 75' lang='grc' dir='ltr'>ἦλθεο</span> <span class='ocrx_word' id='word_1_345' title='bbox 1671 3842 1878 3914; x_wconf 81' lang='grc' dir='ltr'>ταύτην</span> 
     </span>
    </p>
   </div>
   <div class='ocr_carea' id='block_1_43' title="bbox 289 3924 1877 3995">
    <p class='ocr_par' dir='ltr' id='par_1_43' title="bbox 289 3924 1877 3995">
     <span class='ocr_line' id='line_1_43' title="bbox 289 3924 1877 3995; baseline 0.003 -19"><span class='ocrx_word' id='word_1_346' title='bbox 289 3929 338 3978; x_wconf 81' lang='grc' dir='ltr'>εί</span> <span class='ocrx_word' id='word_1_347' title='bbox 375 3925 642 3995; x_wconf 78' lang='grc' dir='ltr'>κατέσχεν</span> <span class='ocrx_word' id='word_1_348' title='bbox 667 3965 683 3990; x_wconf 92' lang='grc'>,</span> <span class='ocrx_word' id='word_1_349' title='bbox 729 3924 830 3976; x_wconf 84' lang='grc' dir='ltr'>οὐκ</span> <span class='ocrx_word' id='word_1_350' title='bbox 857 3924 924 3977; x_wconf 84' lang='grc' dir='ltr'>ἂν</span> <span class='ocrx_word' id='word_1_351' title='bbox 973 3926 1055 3986; x_wconf 86' lang='grc' dir='ltr'>εἰς</span> <span class='ocrx_word' id='word_1_352' title='bbox 1095 3925 1188 3977; x_wconf 87' lang='grc' dir='ltr'>τὸν</span> <span class='ocrx_word' id='word_1_353' title='bbox 1226 3925 1505 3993; x_wconf 75' lang='grc' dir='ltr'>κολοφῶνα</span> <span class='ocrx_word' id='word_1_354' title='bbox 1551 3925 1660 3979; x_wconf 89' lang='grc' dir='ltr'>τῶν</span> <span class='ocrx_word' id='word_1_355' title='bbox 1691 3928 1877 3981; x_wconf 86' lang='grc' dir='ltr'>κακῶν</span> 
     </span>
    </p>
   </div>
   <div class='ocr_carea' id='block_1_44' title="bbox 289 4007 1879 4082">
    <p class='ocr_par' dir='ltr' id='par_1_44' title="bbox 289 4007 1879 4082">
     <span class='ocr_line' id='line_1_44' title="bbox 289 4007 1879 4082; baseline 0.002 -20"><span class='ocrx_word' id='word_1_356' title='bbox 289 4008 613 4082; x_wconf 69' lang='grc' dir='ltr'>ἐξεπήδησε.</span> <span class='ocrx_word' id='word_1_357' title='bbox 641 4007 743 4060; x_wconf 84' lang='grc' dir='ltr'>Διά</span> <span class='ocrx_word' id='word_1_358' title='bbox 772 4007 930 4060; x_wconf 85' lang='grc' dir='ltr'>τοῦτο</span> <span class='ocrx_word' id='word_1_359' title='bbox 961 4008 1055 4061; x_wconf 75' lang='grc' dir='ltr'>καὶ</span> <span class='ocrx_word' id='word_1_360' title='bbox 1082 4010 1111 4061; x_wconf 88' lang='grc' dir='ltr'>ὁ</span> <span class='ocrx_word' id='word_1_361' title='bbox 1139 4009 1372 4080; x_wconf 82' lang='grc' dir='ltr'>Χριστὸς</span> <span class='ocrx_word' id='word_1_362' title='bbox 1411 4011 1469 4063; x_wconf 86' lang='grc' dir='ltr'>οὐ</span> <span class='ocrx_word' id='word_1_363' title='bbox 1498 4010 1597 4082; x_wconf 83' lang='grc' dir='ltr'>τὴν</span> <span class='ocrx_word' id='word_1_364' title='bbox 1621 4013 1879 4082; x_wconf 89' lang='grc' dir='ltr'>πορνείαν</span> 
     </span>
    </p>
   </div>
   <div class='ocr_carea' id='block_1_45' title="bbox 292 4085 1879 4166">
    <p class='ocr_par' dir='ltr' id='par_1_45' title="bbox 292 4085 1879 4166">
     <span class='ocr_line' id='line_1_45' title="bbox 292 4085 1879 4166; baseline 0.003 -21"><span class='ocrx_word' id='word_1_365' title='bbox 292 4093 454 4161; x_wconf 83' lang='grc' dir='ltr'>μόνον</span> <span class='ocrx_word' id='word_1_366' title='bbox 478 4132 493 4155; x_wconf 89' lang='grc'>,</span> <span class='ocrx_word' id='word_1_367' title='bbox 519 4092 641 4145; x_wconf 77' lang='grc' dir='ltr'>οὐδὲ</span> <span class='ocrx_word' id='word_1_368' title='bbox 684 4090 783 4162; x_wconf 79' lang='grc' dir='ltr'>τὴν</span> <span class='ocrx_word' id='word_1_369' title='bbox 817 4092 1062 4161; x_wconf 83' lang='grc' dir='ltr'>μοιχείαν</span> <span class='ocrx_word' id='word_1_370' title='bbox 1086 4131 1102 4156; x_wconf 87' lang='grc'>,</span> <span class='ocrx_word' id='word_1_371' title='bbox 1135 4091 1271 4145; x_wconf 88' lang='grc' dir='ltr'>ἀλλά</span> <span class='ocrx_word' id='word_1_372' title='bbox 1319 4095 1413 4147; x_wconf 75' lang='grc' dir='ltr'>καὶ</span> <span class='ocrx_word' id='word_1_373' title='bbox 1439 4095 1540 4166; x_wconf 78' lang='grc' dir='ltr'>τὴν</span> <span class='ocrx_word' id='word_1_374' title='bbox 1581 4085 1879 4150; x_wconf 67' lang='grc' dir='ltr'>ἀκόλαστον</span> 
     </span>
    </p>
   </div>
   <div class='ocr_carea' id='block_1_46' title="bbox 288 4175 1879 4246">
    <p class='ocr_par' dir='ltr' id='par_1_46' title="bbox 288 4175 1879 4246">
     <span class='ocr_line' id='line_1_46' title="bbox 288 4175 1879 4246; baseline 0.004 -19"><span class='ocrx_word' id='word_1_375' title='bbox 288 4177 412 4244; x_wconf 60' lang='grc' dir='ltr'>τνζκιν</span> <span class='ocrx_word' id='word_1_376' title='bbox 442 4175 794 4242; x_wconf 88' lang='grc' dir='ltr'>ἀναστέλλει,</span> <span class='ocrx_word' id='word_1_377' title='bbox 824 4175 920 4246; x_wconf 81' lang='grc' dir='ltr'>τὴν</span> <span class='ocrx_word' id='word_1_378' title='bbox 950 4176 1107 4245; x_wconf 76' lang='grc' dir='ltr'>ῥίζαν</span> <span class='ocrx_word' id='word_1_379' title='bbox 1132 4177 1375 4231; x_wconf 81' lang='grc' dir='ltr'>κάτωθεν</span> <span class='ocrx_word' id='word_1_380' title='bbox 1407 4179 1665 4234; x_wconf 87' lang='grc' dir='ltr'>ἀνασπῶν</span> <span class='ocrx_word' id='word_1_381' title='bbox 1687 4217 1705 4244; x_wconf 87' lang='grc'>,</span> <span class='ocrx_word' id='word_1_382' title='bbox 1737 4179 1879 4233; x_wconf 83' lang='grc' dir='ltr'>ὥστε</span> 
     </span>
    </p>
   </div>
   <div class='ocr_carea' id='block_1_47' title="bbox 290 4257 1876 4336">
    <p class='ocr_par' dir='ltr' id='par_1_47' title="bbox 290 4257 1876 4336">
     <span class='ocr_line' id='line_1_47' title="bbox 290 4257 1876 4336; baseline 0.004 -22"><span class='ocrx_word' id='word_1_383' title='bbox 290 4260 386 4314; x_wconf 73' lang='grc' dir='ltr'>καὶ</span> <span class='ocrx_word' id='word_1_384' title='bbox 436 4260 803 4332; x_wconf 79' lang='grc' dir='ltr'>εὐκολώτερον</span> <span class='ocrx_word' id='word_1_385' title='bbox 852 4257 990 4315; x_wconf 84' lang='grc' dir='ltr'>εἶναι</span> <span class='ocrx_word' id='word_1_386' title='bbox 1036 4262 1416 4333; x_wconf 82' lang='grc' dir='ltr'>περιγενέσθαι</span> <span class='ocrx_word' id='word_1_387' title='bbox 1445 4265 1544 4336; x_wconf 85' lang='grc' dir='ltr'>τῆς</span> <span class='ocrx_word' id='word_1_388' title='bbox 1591 4265 1876 4336; x_wconf 90' lang='grc' dir='ltr'>πονηρίας.</span> 
     </span>
    </p>
   </div>
   <div class='ocr_carea' id='block_1_48' title="bbox 291 4343 1879 4419">
    <p class='ocr_par' dir='ltr' id='par_1_48' title="bbox 291 4343 1879 4419">
     <span class='ocr_line' id='line_1_48' title="bbox 291 4343 1879 4419; baseline 0.003 -22"><span class='ocrx_word' id='word_1_389' title='bbox 291 4343 464 4397; x_wconf 88' lang='grc' dir='ltr'>Τοῦτο</span> <span class='ocrx_word' id='word_1_390' title='bbox 497 4345 593 4398; x_wconf 74' lang='grc' dir='ltr'>καὶ</span> <span class='ocrx_word' id='word_1_391' title='bbox 620 4346 714 4398; x_wconf 72' lang='grc' dir='ltr'>ἐπὶ</span> <span class='ocrx_word' id='word_1_392' title='bbox 751 4343 862 4398; x_wconf 87' lang='grc' dir='ltr'>τῶν</span> <span class='ocrx_word' id='word_1_393' title='bbox 906 4345 1175 4398; x_wconf 85' lang='grc' dir='ltr'>Ἰουδαίων</span> <span class='ocrx_word' id='word_1_394' title='bbox 1204 4347 1408 4413; x_wconf 88' lang='grc' dir='ltr'>ὲποίει,</span> <span class='ocrx_word' id='word_1_395' title='bbox 1447 4348 1750 4419; x_wconf 89' lang='grc' dir='ltr'>παχύτερον</span> <span class='ocrx_word' id='word_1_396' title='bbox 1780 4348 1879 4418; x_wconf 81' lang='grc' dir='ltr'>μὲν</span> 
     </span>
    </p>
   </div>
   <div class='ocr_carea' id='block_1_49' title="bbox 289 4428 1880 4501">
    <p class='ocr_par' dir='ltr' id='par_1_49' title="bbox 289 4428 1880 4501">
     <span class='ocr_line' id='line_1_49' title="bbox 289 4428 1880 4501; baseline 0.003 -21"><span class='ocrx_word' id='word_1_397' title='bbox 289 4431 386 4480; x_wconf 74' lang='grc' dir='ltr'>καὶ</span> <span class='ocrx_word' id='word_1_398' title='bbox 412 4429 488 4491; x_wconf 88' lang='grc' dir='ltr'>ώς</span> <span class='ocrx_word' id='word_1_399' title='bbox 510 4428 574 4480; x_wconf 86' lang='grc' dir='ltr'>δι’</span> <span class='ocrx_word' id='word_1_400' title='bbox 599 4428 938 4498; x_wconf 88' lang='grc' dir='ltr'>αἰνιγμάτων</span> <span class='ocrx_word' id='word_1_401' title='bbox 964 4471 978 4491; x_wconf 89' lang='grc'>,</span> <span class='ocrx_word' id='word_1_402' title='bbox 1011 4430 1199 4500; x_wconf 76' lang='grc' dir='ltr'>ἐπειδὴ</span> <span class='ocrx_word' id='word_1_403' title='bbox 1237 4431 1371 4499; x_wconf 80' lang='grc' dir='ltr'>πρὸς</span> <span class='ocrx_word' id='word_1_404' title='bbox 1407 4431 1880 4501; x_wconf 83' lang='grc' dir='ltr'>σαρκωδεστέρους</span> 
     </span>
    </p>
   </div>
   <div class='ocr_carea' id='block_1_50' title="bbox 291 4508 1877 4587">
    <p class='ocr_par' dir='ltr' id='par_1_50' title="bbox 291 4508 1877 4587">
     <span class='ocr_line' id='line_1_50' title="bbox 291 4508 1877 4587; baseline 0.003 -22"><span class='ocrx_word' id='word_1_405' title='bbox 291 4515 320 4565; x_wconf 90' lang='lat'>6</span> <span class='ocrx_word' id='word_1_406' title='bbox 336 4513 493 4580; x_wconf 85' lang='grc' dir='ltr'>λόγος</span> <span class='ocrx_word' id='word_1_407' title='bbox 507 4508 596 4583; x_wconf 79' lang='grc' dir='ltr'>ἦν,</span> <span class='ocrx_word' id='word_1_408' title='bbox 620 4513 793 4566; x_wconf 79' lang='grc' dir='ltr'>ἐποίει</span> <span class='ocrx_word' id='word_1_409' title='bbox 812 4512 939 4582; x_wconf 88' lang='grc' dir='ltr'>γοῦν</span> <span class='ocrx_word' id='word_1_410' title='bbox 963 4513 1253 4586; x_wconf 74' lang='grc' dir='ltr'>δμως.[49]</span> <span class='ocrx_word' id='word_1_411' title='bbox 1273 4513 1416 4577; x_wconf 88' lang='grc' dir='ltr'>Πῶς,</span> <span class='ocrx_word' id='word_1_412' title='bbox 1439 4516 1531 4568; x_wconf 70' lang='grc' dir='ltr'>κα.)⁸</span> <span class='ocrx_word' id='word_1_413' title='bbox 1547 4515 1652 4568; x_wconf 91' lang='grc' dir='ltr'>τίνι</span> <span class='ocrx_word' id='word_1_414' title='bbox 1670 4517 1877 4587; x_wconf 87' lang='grc' dir='ltr'>τρόπῳ;</span> 
     </span>
    </p>
   </div>
   <div class='ocr_carea' id='block_1_51' title="bbox 293 4596 1881 4668">
    <p class='ocr_par' dir='ltr' id='par_1_51' title="bbox 293 4596 1881 4668">
     <span class='ocr_line' id='line_1_51' title="bbox 293 4596 1881 4668; baseline 0.003 -21"><span class='ocrx_word' id='word_1_415' title='bbox 293 4596 409 4649; x_wconf 77' lang='grc' dir='ltr'>υύκ</span> <span class='ocrx_word' id='word_1_416' title='bbox 440 4596 590 4664; x_wconf 68' lang='grc' dir='ltr'>ἠφίει</span> <span class='ocrx_word' id='word_1_417' title='bbox 616 4597 673 4648; x_wconf 76' lang='grc' dir='ltr'>ἐν</span> <span class='ocrx_word' id='word_1_418' title='bbox 704 4599 926 4666; x_wconf 79' lang='grc' dir='ltr'>κτήνεσι</span> <span class='ocrx_word' id='word_1_419' title='bbox 963 4596 1201 4666; x_wconf 84' lang='grc' dir='ltr'>γίνεσθαί</span> <span class='ocrx_word' id='word_1_420' title='bbox 1234 4597 1261 4636; x_wconf 72' lang='lat' dir='ltr'><strong>b</strong></span> <span class='ocrx_word' id='word_1_421' title='bbox 1287 4615 1408 4650; x_wconf 90' lang='grc' dir='ltr'>τινα</span> <span class='ocrx_word' id='word_1_422' title='bbox 1439 4597 1583 4668; x_wconf 80' lang='grc' dir='ltr'>μίξιν</span> <span class='ocrx_word' id='word_1_423' title='bbox 1612 4601 1677 4654; x_wconf 84' lang='grc' dir='ltr'>ἐκ</span> <span class='ocrx_word' id='word_1_424' title='bbox 1705 4600 1881 4668; x_wconf 82' lang='grc' dir='ltr'>διαφό-</span> 
     </span>
    </p>
   </div>
   <div class='ocr_carea' id='block_1_52' title="bbox 295 4675 1878 4752">
    <p class='ocr_par' dir='ltr' id='par_1_52' title="bbox 295 4675 1878 4752">
     <span class='ocr_line' id='line_1_52' title="bbox 295 4675 1878 4752; baseline 0.008 -27"><span class='ocrx_word' id='word_1_425' title='bbox 295 4696 405 4750; x_wconf 86' lang='grc' dir='ltr'>ρων</span> <span class='ocrx_word' id='word_1_426' title='bbox 423 4678 647 4745; x_wconf 83' lang='grc' dir='ltr'>γενεῶν,</span> <span class='ocrx_word' id='word_1_427' title='bbox 669 4680 772 4732; x_wconf 86' lang='grc' dir='ltr'>ούκ</span> <span class='ocrx_word' id='word_1_428' title='bbox 795 4680 942 4748; x_wconf 78' lang='grc' dir='ltr'>ἠφίει</span> <span class='ocrx_word' id='word_1_429' title='bbox 974 4675 1113 4750; x_wconf 78' lang='grc' dir='ltr'>αἷμα</span> <span class='ocrx_word' id='word_1_430' title='bbox 1141 4680 1342 4734; x_wconf 83' lang='grc' dir='ltr'>έσθίειν</span> <span class='ocrx_word' id='word_1_431' title='bbox 1364 4680 1592 4748; x_wconf 84' lang='grc' dir='ltr'>ἀλόγων,</span> <span class='ocrx_word' id='word_1_432' title='bbox 1609 4683 1709 4736; x_wconf 85' lang='grc' dir='ltr'>οὐκ</span> <span class='ocrx_word' id='word_1_433' title='bbox 1728 4683 1878 4752; x_wconf 73' lang='grc' dir='ltr'>ἠφίει</span> 
     </span>
    </p>
   </div>
   <div class='ocr_carea' id='block_1_53' title="bbox 293 4761 1880 4836">
    <p class='ocr_par' dir='ltr' id='par_1_53' title="bbox 293 4761 1880 4836">
     <span class='ocr_line' id='line_1_53' title="bbox 293 4761 1880 4836; baseline 0.003 -22"><span class='ocrx_word' id='word_1_434' title='bbox 293 4761 527 4832; x_wconf 80' lang='grc' dir='ltr'>ἐνέχυρα</span> <span class='ocrx_word' id='word_1_435' title='bbox 558 4763 810 4832; x_wconf 82' lang='grc' dir='ltr'>κατέχειν</span> <span class='ocrx_word' id='word_1_436' title='bbox 842 4763 978 4834; x_wconf 87' lang='grc' dir='ltr'>μετά</span> <span class='ocrx_word' id='word_1_437' title='bbox 1004 4764 1104 4835; x_wconf 84' lang='grc' dir='ltr'>τὴν</span> <span class='ocrx_word' id='word_1_438' title='bbox 1137 4765 1396 4836; x_wconf 74' lang='grc' dir='ltr'>ἑσπέραν,</span> <span class='ocrx_word' id='word_1_439' title='bbox 1434 4765 1646 4834; x_wconf 87' lang='grc' dir='ltr'>μεγάλα</span> <span class='ocrx_word' id='word_1_440' title='bbox 1671 4767 1734 4818; x_wconf 83' lang='grc' dir='ltr'>ὲκ</span> <span class='ocrx_word' id='word_1_441' title='bbox 1757 4766 1880 4819; x_wconf 63' lang='grc' dir='ltr'>τού.</span> 
     </span>
    </p>
   </div>
   <div class='ocr_carea' id='block_1_54' title="bbox 293 4845 1879 4922">
    <p class='ocr_par' dir='ltr' id='par_1_54' title="bbox 293 4845 1879 4922">
     <span class='ocr_line' id='line_1_54' title="bbox 293 4845 1879 4922; baseline 0.004 -25"><span class='ocrx_word' id='word_1_442' title='bbox 293 4863 405 4898; x_wconf 82' lang='grc' dir='ltr'>των</span> <span class='ocrx_word' id='word_1_443' title='bbox 449 4845 793 4900; x_wconf 84' lang='grc' dir='ltr'>ἀναστέλλων</span> <span class='ocrx_word' id='word_1_444' title='bbox 838 4849 1016 4903; x_wconf 81' lang='grc' dir='ltr'>κακά’</span> <span class='ocrx_word' id='word_1_445' title='bbox 1055 4847 1144 4902; x_wconf 83' lang='grc' dir='ltr'>διὰ</span> <span class='ocrx_word' id='word_1_446' title='bbox 1200 4849 1296 4920; x_wconf 87' lang='grc' dir='ltr'>μὲν</span> <span class='ocrx_word' id='word_1_447' title='bbox 1338 4848 1433 4902; x_wconf 86' lang='grc' dir='ltr'>τοῦ</span> <span class='ocrx_word' id='word_1_448' title='bbox 1465 4850 1732 4920; x_wconf 85' lang='grc' dir='ltr'>προτέρου</span> <span class='ocrx_word' id='word_1_449' title='bbox 1779 4853 1879 4922; x_wconf 82' lang='grc' dir='ltr'>τὴν</span> 
     </span>
    </p>
   </div>
   <div class='ocr_carea' id='block_1_55' title="bbox 293 4929 1876 5004">
    <p class='ocr_par' dir='ltr' id='par_1_55' title="bbox 293 4929 1876 5004">
     <span class='ocr_line' id='line_1_55' title="bbox 293 4929 1876 5004; baseline 0.003 -22"><span class='ocrx_word' id='word_1_450' title='bbox 293 4929 682 5000; x_wconf 74' lang='grc' dir='ltr'>ἀρῥενομιξίαν</span> <span class='ocrx_word' id='word_1_451' title='bbox 711 4970 725 4993; x_wconf 92' lang='grc'>,</span> <span class='ocrx_word' id='word_1_452' title='bbox 765 4929 854 4983; x_wconf 83' lang='grc' dir='ltr'>διά</span> <span class='ocrx_word' id='word_1_453' title='bbox 880 4930 936 4984; x_wconf 80' lang='grc' dir='ltr'>δὲ</span> <span class='ocrx_word' id='word_1_454' title='bbox 963 4931 1056 4984; x_wconf 89' lang='grc' dir='ltr'>τοῦ</span> <span class='ocrx_word' id='word_1_455' title='bbox 1083 4932 1336 5004; x_wconf 84' lang='grc' dir='ltr'>δευτέρου</span> <span class='ocrx_word' id='word_1_456' title='bbox 1367 4934 1494 4996; x_wconf 79' lang='grc' dir='ltr'>τοὺς</span> <span class='ocrx_word' id='word_1_457' title='bbox 1535 4933 1758 5001; x_wconf 83' lang='grc' dir='ltr'>φόνους,</span> <span class='ocrx_word' id='word_1_458' title='bbox 1791 4934 1876 4986; x_wconf 73' lang='grc' dir='ltr'>διὰ</span> 
     </span>
    </p>
   </div>
   <div class='ocr_carea' id='block_1_56' title="bbox 292 5011 1877 5088">
    <p class='ocr_par' dir='ltr' id='par_1_56' title="bbox 292 5011 1877 5088">
     <span class='ocr_line' id='line_1_56' title="bbox 292 5011 1877 5088; baseline 0.003 -22"><span class='ocrx_word' id='word_1_459' title='bbox 292 5014 350 5066; x_wconf 81' lang='grc' dir='ltr'>δὲ</span> <span class='ocrx_word' id='word_1_460' title='bbox 393 5011 489 5066; x_wconf 89' lang='grc' dir='ltr'>τοῦ</span> <span class='ocrx_word' id='word_1_461' title='bbox 525 5013 710 5084; x_wconf 86' lang='grc' dir='ltr'>τρίτου</span> <span class='ocrx_word' id='word_1_462' title='bbox 759 5013 858 5085; x_wconf 80' lang='grc' dir='ltr'>τὴν</span> <span class='ocrx_word' id='word_1_463' title='bbox 891 5014 1148 5086; x_wconf 80' lang='grc' dir='ltr'>ὠμότητα</span> <span class='ocrx_word' id='word_1_464' title='bbox 1183 5019 1281 5069; x_wconf 74' lang='grc' dir='ltr'>καὶ</span> <span class='ocrx_word' id='word_1_465' title='bbox 1311 5017 1412 5080; x_wconf 80' lang='grc' dir='ltr'>τὴν</span> <span class='ocrx_word' id='word_1_466' title='bbox 1455 5017 1877 5088; x_wconf 79' lang='grc' dir='ltr'>ἀπανθρωπίαν.</span> 
     </span>
    </p>
   </div>
   <div class='ocr_carea' id='block_1_57' title="bbox 306 5095 1877 5172">
    <p class='ocr_par' dir='ltr' id='par_1_57' title="bbox 306 5095 1877 5172">
     <span class='ocr_line' id='line_1_57' title="bbox 306 5095 1877 5172; baseline 0.004 -25"><span class='ocrx_word' id='word_1_467' title='bbox 306 5095 471 5148; x_wconf 82' lang='grc' dir='ltr'>Ἀλλά</span> <span class='ocrx_word' id='word_1_468' title='bbox 499 5095 595 5149; x_wconf 91' lang='grc' dir='ltr'>νῦν</span> <span class='ocrx_word' id='word_1_469' title='bbox 620 5097 796 5150; x_wconf 85' lang='grc' dir='ltr'>πάντα</span> <span class='ocrx_word' id='word_1_470' title='bbox 820 5097 1013 5168; x_wconf 83' lang='grc' dir='ltr'>ἀνέδην</span> <span class='ocrx_word' id='word_1_471' title='bbox 1041 5098 1137 5151; x_wconf 72' lang='grc' dir='ltr'>καὶ</span> <span class='ocrx_word' id='word_1_472' title='bbox 1174 5098 1314 5170; x_wconf 88' lang='grc' dir='ltr'>μετά</span> <span class='ocrx_word' id='word_1_473' title='bbox 1349 5099 1549 5170; x_wconf 83' lang='grc' dir='ltr'>πολλῆς</span> <span class='ocrx_word' id='word_1_474' title='bbox 1577 5101 1877 5172; x_wconf 84' lang='grc' dir='ltr'>πράττεται</span> 
     </span>
    </p>
   </div>
   <div class='ocr_carea' id='block_1_58' title="bbox 292 5179 1878 5250">
    <p class='ocr_par' dir='ltr' id='par_1_58' title="bbox 292 5179 1878 5250">
     <span class='ocr_line' id='line_1_58' title="bbox 292 5179 1878 5250; baseline 0.003 -18"><span class='ocrx_word' id='word_1_475' title='bbox 292 5180 398 5249; x_wconf 79' lang='grc' dir='ltr'>τῆς</span> <span class='ocrx_word' id='word_1_476' title='bbox 424 5181 810 5250; x_wconf 83' lang='grc' dir='ltr'>ἀναισχυντίας</span> <span class='ocrx_word' id='word_1_477' title='bbox 837 5196 851 5209; x_wconf 80' lang='grc'><strong>⁸</strong></span> <span class='ocrx_word' id='word_1_478' title='bbox 901 5180 990 5234; x_wconf 83' lang='grc' dir='ltr'>διά</span> <span class='ocrx_word' id='word_1_479' title='bbox 1035 5179 1193 5234; x_wconf 85' lang='grc' dir='ltr'>τοῦτο</span> <span class='ocrx_word' id='word_1_480' title='bbox 1227 5184 1404 5236; x_wconf 85' lang='grc' dir='ltr'>πάντα</span> <span class='ocrx_word' id='word_1_481' title='bbox 1441 5182 1552 5236; x_wconf 80' lang='grc' dir='ltr'>ἀνω</span> <span class='ocrx_word' id='word_1_482' title='bbox 1587 5185 1679 5237; x_wconf 79' lang='grc' dir='ltr'>καὶ</span> <span class='ocrx_word' id='word_1_483' title='bbox 1727 5185 1878 5238; x_wconf 89' lang='grc' dir='ltr'>κάτω</span> 
     </span>
    </p>
   </div>
   <div class='ocr_carea' id='block_1_59' title="bbox 295 5263 1878 5338">
    <p class='ocr_par' dir='ltr' id='par_1_59' title="bbox 295 5263 1878 5338">
     <span class='ocr_line' id='line_1_59' title="bbox 295 5263 1878 5338; baseline 0.003 -23"><span class='ocrx_word' id='word_1_484' title='bbox 295 5263 545 5330; x_wconf 84' lang='grc' dir='ltr'>γέγονεν.</span> <span class='ocrx_word' id='word_1_485' title='bbox 577 5264 746 5316; x_wconf 88' lang='grc' dir='ltr'>Ὅταν</span> <span class='ocrx_word' id='word_1_486' title='bbox 795 5263 977 5317; x_wconf 84' lang='grc' dir='ltr'>τοίνυν</span> <span class='ocrx_word' id='word_1_487' title='bbox 1013 5264 1206 5337; x_wconf 80' lang='grc' dir='ltr'>μικρὸν</span> <span class='ocrx_word' id='word_1_488' title='bbox 1239 5265 1506 5336; x_wconf 75' lang='grc' dir='ltr'>καταδέξῃ</span> <span class='ocrx_word' id='word_1_489' title='bbox 1543 5266 1746 5330; x_wconf 89' lang='grc' dir='ltr'>πάθος,</span> <span class='ocrx_word' id='word_1_490' title='bbox 1802 5267 1878 5338; x_wconf 85' lang='grc' dir='ltr'>μὴ</span> 
     </span>
    </p>
   </div>
   <div class='ocr_carea' id='block_1_60' title="bbox 292 5345 1878 5420">
    <p class='ocr_par' dir='ltr' id='par_1_60' title="bbox 292 5345 1878 5420">
     <span class='ocr_line' id='line_1_60' title="bbox 292 5345 1878 5420; baseline 0.004 -21"><span class='ocrx_word' id='word_1_491' title='bbox 292 5345 454 5399; x_wconf 87' lang='grc' dir='ltr'>τοῦτο</span> <span class='ocrx_word' id='word_1_492' title='bbox 481 5346 600 5420; x_wconf 79' lang='grc' dir='ltr'>ἴδῃς</span> <span class='ocrx_word' id='word_1_493' title='bbox 627 5347 708 5400; x_wconf 83' lang='grc' dir='ltr'>ὅτι</span> <span class='ocrx_word' id='word_1_494' title='bbox 731 5348 945 5420; x_wconf 75' lang='grc' dir='ltr'>μικρὸν,</span> <span class='ocrx_word' id='word_1_495' title='bbox 981 5349 1096 5402; x_wconf 86' lang='grc' dir='ltr'>ἀλλ’</span> <span class='ocrx_word' id='word_1_496' title='bbox 1131 5349 1402 5420; x_wconf 74' lang='grc' dir='ltr'>ἐννόησον,</span> <span class='ocrx_word' id='word_1_497' title='bbox 1433 5351 1515 5404; x_wconf 83' lang='grc' dir='ltr'>ὅτι</span> <span class='ocrx_word' id='word_1_498' title='bbox 1539 5353 1601 5404; x_wconf 85' lang='grc' dir='ltr'>τὸ</span> <span class='ocrx_word' id='word_1_499' title='bbox 1624 5351 1681 5418; x_wconf 75' lang='grc' dir='ltr'>ἐξ</span> <span class='ocrx_word' id='word_1_500' title='bbox 1710 5353 1878 5406; x_wconf 76' lang='grc' dir='ltr'>αὑτοῦ</span> 
     </span>
    </p>
   </div>
   <div class='ocr_carea' id='block_1_61' title="bbox 294 5430 1877 5508">
    <p class='ocr_par' dir='ltr' id='par_1_61' title="bbox 294 5430 1877 5508">
     <span class='ocr_line' id='line_1_61' title="bbox 294 5430 1877 5508; baseline 0.006 -25"><span class='ocrx_word' id='word_1_501' title='bbox 294 5430 631 5502; x_wconf 75' lang='grc' dir='ltr'>τρεφόμενον</span> <span class='ocrx_word' id='word_1_502' title='bbox 655 5430 726 5485; x_wconf 86' lang='grc' dir='ltr'>τά</span> <span class='ocrx_word' id='word_1_503' title='bbox 750 5432 980 5503; x_wconf 80' lang='grc' dir='ltr'>μέγιστα</span> <span class='ocrx_word' id='word_1_504' title='bbox 998 5433 1172 5496; x_wconf 86' lang='grc' dir='ltr'>τίκτει</span> <span class='ocrx_word' id='word_1_505' title='bbox 1198 5433 1364 5488; x_wconf 87' lang='grc' dir='ltr'>δεινά.</span> <span class='ocrx_word' id='word_1_506' title='bbox 1387 5433 1493 5488; x_wconf 82' lang='grc' dir='ltr'>Καὶ</span> <span class='ocrx_word' id='word_1_507' title='bbox 1520 5437 1630 5508; x_wconf 88' lang='grc' dir='ltr'>γάρ</span> <span class='ocrx_word' id='word_1_508' title='bbox 1658 5438 1877 5492; x_wconf 69' lang='grc' dir='ltr'>ἐπειδὰν</span> 
     </span>
    </p>
   </div>
   <div class='ocr_carea' id='block_1_62' title="bbox 298 5514 1881 5593">
    <p class='ocr_par' dir='ltr' id='par_1_62' title="bbox 298 5514 1881 5593">
     <span class='ocr_line' id='line_1_62' title="bbox 298 5514 1881 5593; baseline 0.004 -26"><span class='ocrx_word' id='word_1_509' title='bbox 298 5514 501 5585; x_wconf 78' lang='grc' dir='ltr'>ίδωμεν</span> <span class='ocrx_word' id='word_1_510' title='bbox 529 5518 586 5568; x_wconf 75' lang='grc' dir='ltr'>έν</span> <span class='ocrx_word' id='word_1_511' title='bbox 613 5515 761 5586; x_wconf 73' lang='grc' dir='ltr'>οἰκία</span> <span class='ocrx_word' id='word_1_512' title='bbox 794 5517 1060 5570; x_wconf 90' lang='grc' dir='ltr'>στυππίον</span> <span class='ocrx_word' id='word_1_513' title='bbox 1093 5518 1330 5588; x_wconf 80' lang='grc' dir='ltr'>ἀναφθὲν</span> <span class='ocrx_word' id='word_1_514' title='bbox 1363 5519 1556 5591; x_wconf 79' lang='grc' dir='ltr'>μικρὸν</span> <span class='ocrx_word' id='word_1_515' title='bbox 1579 5560 1592 5584; x_wconf 93' lang='grc'>,</span> <span class='ocrx_word' id='word_1_516' title='bbox 1621 5519 1881 5593; x_wconf 71' lang='grc' dir='ltr'>θορυϐούο</span> 
     </span>
    </p>
   </div>
   <div class='ocr_carea' id='block_1_63' title="bbox 298 5598 1875 5679">
    <p class='ocr_par' dir='ltr' id='par_1_63' title="bbox 298 5598 1875 5679">
     <span class='ocr_line' id='line_1_63' title="bbox 298 5598 1875 5679; baseline 0.005 -27"><span class='ocrx_word' id='word_1_517' title='bbox 298 5598 444 5670; x_wconf 81' lang='grc' dir='ltr'>μεθα</span> <span class='ocrx_word' id='word_1_518' title='bbox 472 5600 568 5652; x_wconf 81' lang='grc' dir='ltr'>καὶ</span> <span class='ocrx_word' id='word_1_519' title='bbox 597 5599 979 5671; x_wconf 85' lang='grc' dir='ltr'>ταραττόμεθα</span> <span class='ocrx_word' id='word_1_520' title='bbox 1002 5617 1018 5632; x_wconf 80' lang='grc' dir='ltr'><strong>ο</strong></span> <span class='ocrx_word' id='word_1_521' title='bbox 1056 5603 1118 5656; x_wconf 83' lang='grc' dir='ltr'>οὐ</span> <span class='ocrx_word' id='word_1_522' title='bbox 1149 5601 1260 5674; x_wconf 82' lang='grc' dir='ltr'>γὰρ</span> <span class='ocrx_word' id='word_1_523' title='bbox 1288 5601 1366 5674; x_wconf 83' lang='grc' dir='ltr'>τῷ</span> <span class='ocrx_word' id='word_1_524' title='bbox 1395 5604 1666 5677; x_wconf 85' lang='grc' dir='ltr'>προοιμίῳ</span> <span class='ocrx_word' id='word_1_525' title='bbox 1701 5622 1875 5679; x_wconf 87' lang='grc' dir='ltr'>προσ-</span> 
     </span>
    </p>
   </div>
   <div class='ocr_carea' id='block_1_64' title="bbox 357 5772 1383 5834">
    <p class='ocr_par' dir='ltr' id='par_1_64' title="bbox 357 5772 1383 5834">
     <span class='ocr_line' id='line_1_64' title="bbox 357 5772 1383 5834; baseline 0.005 -16"><span class='ocrx_word' id='word_1_526' title='bbox 357 5773 389 5804; x_wconf 75' lang='grc'><strong>⁸</strong></span> <span class='ocrx_word' id='word_1_527' title='bbox 411 5772 490 5820; x_wconf 77' lang='lat' dir='ltr'>Sic</span> <span class='ocrx_word' id='word_1_528' title='bbox 517 5773 638 5834; x_wconf 72' lang='lat' dir='ltr'>Heg.</span> <span class='ocrx_word' id='word_1_529' title='bbox 665 5772 717 5821; x_wconf 85' lang='lat' dir='ltr'>In</span> <span class='ocrx_word' id='word_1_530' title='bbox 739 5772 851 5821; x_wconf 73' lang='lat' dir='ltr'>aliis</span> <span class='ocrx_word' id='word_1_531' title='bbox 877 5773 941 5829; x_wconf 87' lang='grc' dir='ltr'>εἱς</span> <span class='ocrx_word' id='word_1_532' title='bbox 957 5773 1018 5821; x_wconf 81' lang='grc' dir='ltr'>τὰ</span> <span class='ocrx_word' id='word_1_533' title='bbox 1041 5773 1198 5822; x_wconf 78' lang='grc' dir='ltr'>ὀπίσω</span> <span class='ocrx_word' id='word_1_534' title='bbox 1222 5773 1383 5823; x_wconf 76' lang='lat' dir='ltr'>deest.</span> 
     </span>
    </p>
   </div>
   <div class='ocr_carea' id='block_1_65' title="bbox 359 5835 1727 5902">
    <p class='ocr_par' dir='ltr' id='par_1_65' title="bbox 359 5835 1727 5902">
     <span class='ocr_line' id='line_1_65' title="bbox 359 5835 1727 5902; baseline 0.002 -18"><span class='ocrx_word' id='word_1_535' title='bbox 359 5836 392 5877; x_wconf 67' lang='grc' dir='ltr'>ιθ</span> <span class='ocrx_word' id='word_1_536' title='bbox 414 5835 533 5897; x_wconf 75' lang='lat' dir='ltr'>Reg.</span> <span class='ocrx_word' id='word_1_537' title='bbox 567 5836 615 5884; x_wconf 82' lang='grc' dir='ltr'>ἐν</span> <span class='ocrx_word' id='word_1_538' title='bbox 639 5836 879 5898; x_wconf 78' lang='grc' dir='ltr'>σπέρμασι</span> <span class='ocrx_word' id='word_1_539' title='bbox 901 5836 1130 5896; x_wconf 81' lang='grc' dir='ltr'>γίνεσθαι,</span> <span class='ocrx_word' id='word_1_540' title='bbox 1158 5838 1333 5886; x_wconf 84' lang='lat' dir='ltr'>eodem</span> <span class='ocrx_word' id='word_1_541' title='bbox 1359 5847 1536 5902; x_wconf 83' lang='lat' dir='ltr'>nempe</span> <span class='ocrx_word' id='word_1_542' title='bbox 1562 5851 1727 5888; x_wconf 75' lang='lat' dir='ltr'>sensu.</span> 
     </span>
    </p>
   </div>
   <div class='ocr_carea' id='block_1_66' title="bbox 1972 498 3552 574">
    <p class='ocr_par' dir='ltr' id='par_1_66' title="bbox 1972 498 3552 574">
     <span class='ocr_line' id='line_1_66' title="bbox 1972 498 3552 574; baseline 0.003 -22"><span class='ocrx_word' id='word_1_543' title='bbox 1972 498 2192 570; x_wconf 86' lang='grc' dir='ltr'>έχομεν,</span> <span class='ocrx_word' id='word_1_544' title='bbox 2222 501 2336 554; x_wconf 86' lang='grc' dir='ltr'>ἀλλ’</span> <span class='ocrx_word' id='word_1_545' title='bbox 2362 502 2471 554; x_wconf 74' lang='grc' dir='ltr'>ἀπὸ</span> <span class='ocrx_word' id='word_1_546' title='bbox 2495 499 2590 554; x_wconf 87' lang='grc' dir='ltr'>τοῦ</span> <span class='ocrx_word' id='word_1_547' title='bbox 2624 501 2913 574; x_wconf 82' lang='grc' dir='ltr'>προοιμίου</span> <span class='ocrx_word' id='word_1_548' title='bbox 2938 501 3000 556; x_wconf 81' lang='grc' dir='ltr'>τὸ</span> <span class='ocrx_word' id='word_1_549' title='bbox 3023 501 3175 566; x_wconf 85' lang='grc' dir='ltr'>τέλος</span> <span class='ocrx_word' id='word_1_550' title='bbox 3212 501 3552 573; x_wconf 75' lang='grc' dir='ltr'>λογιζόμενοι</span> 
     </span>
    </p>
   </div>
   <div class='ocr_carea' id='block_1_67' title="bbox 1966 591 3554 666">
    <p class='ocr_par' dir='ltr' id='par_1_67' title="bbox 1966 591 3554 666">
     <span class='ocr_line' id='line_1_67' title="bbox 1966 591 3554 666; baseline 0.001 -20"><span class='ocrx_word' id='word_1_551' title='bbox 1966 591 2347 664; x_wconf 82' lang='grc' dir='ltr'>θορυϐούμεθα</span> <span class='ocrx_word' id='word_1_552' title='bbox 2378 594 2473 648; x_wconf 79' lang='grc' dir='ltr'>καὶ</span> <span class='ocrx_word' id='word_1_553' title='bbox 2503 594 2914 666; x_wconf 85' lang='grc' dir='ltr'>περιτρέχομεν,</span> <span class='ocrx_word' id='word_1_554' title='bbox 2935 594 3077 648; x_wconf 79' lang='grc' dir='ltr'>ὥστε</span> <span class='ocrx_word' id='word_1_555' title='bbox 3106 597 3397 666; x_wconf 85' lang='grc' dir='ltr'>ὁλόκληρον</span> <span class='ocrx_word' id='word_1_556' title='bbox 3425 596 3554 648; x_wconf 77' lang='grc' dir='ltr'>σϐέ-</span> 
     </span>
    </p>
   </div>
   <div class='ocr_carea' id='block_1_68' title="bbox 1967 682 3554 755">
    <p class='ocr_par' dir='ltr' id='par_1_68' title="bbox 1967 682 3554 755">
     <span class='ocr_line' id='line_1_68' title="bbox 1967 682 3554 755; baseline 0 -19"><span class='ocrx_word' id='word_1_557' title='bbox 1967 699 2059 736; x_wconf 84' lang='grc' dir='ltr'>σαι</span> <span class='ocrx_word' id='word_1_558' title='bbox 2078 684 2178 754; x_wconf 82' lang='grc' dir='ltr'>τὴν</span> <span class='ocrx_word' id='word_1_559' title='bbox 2202 682 2454 754; x_wconf 83' lang='grc' dir='ltr'>κάμινον.</span> <span class='ocrx_word' id='word_1_560' title='bbox 2495 683 2698 736; x_wconf 88' lang='grc' dir='ltr'>Τούτου</span> <span class='ocrx_word' id='word_1_561' title='bbox 2726 683 2818 737; x_wconf 91' lang='grc' dir='ltr'>τοῦ</span> <span class='ocrx_word' id='word_1_562' title='bbox 2847 684 3018 754; x_wconf 83' lang='grc' dir='ltr'>πυρδς</span> <span class='ocrx_word' id='word_1_563' title='bbox 3047 683 3404 755; x_wconf 78' lang='grc' dir='ltr'>σφοδρότερον</span> <span class='ocrx_word' id='word_1_564' title='bbox 3431 686 3554 737; x_wconf 70' lang='grc' dir='ltr'>ἑπι-</span> 
     </span>
    </p>
   </div>
   <div class='ocr_carea' id='block_1_69' title="bbox 1967 772 3552 844">
    <p class='ocr_par' dir='ltr' id='par_1_69' title="bbox 1967 772 3552 844">
     <span class='ocr_line' id='line_1_69' title="bbox 1967 772 3552 844; baseline -0.001 -18"><span class='ocrx_word' id='word_1_565' title='bbox 1967 772 2190 840; x_wconf 84' lang='grc' dir='ltr'>νὲμεται</span> <span class='ocrx_word' id='word_1_566' title='bbox 2215 772 2392 844; x_wconf 74' lang='grc' dir='ltr'>ψυχὴν</span> <span class='ocrx_word' id='word_1_567' title='bbox 2414 774 2448 843; x_wconf 82' lang='grc' dir='ltr'>ή</span> <span class='ocrx_word' id='word_1_568' title='bbox 2477 773 2662 828; x_wconf 85' lang='grc' dir='ltr'>κακία.</span> <span class='ocrx_word' id='word_1_569' title='bbox 2697 772 2788 825; x_wconf 78' lang='grc' dir='ltr'>Διὸ</span> <span class='ocrx_word' id='word_1_570' title='bbox 2810 773 2892 826; x_wconf 87' lang='grc' dir='ltr'>δεῖ</span> <span class='ocrx_word' id='word_1_571' title='bbox 2920 773 3381 844; x_wconf 86' lang='grc' dir='ltr'>προκαταλαϐεῖν.</span> <span class='ocrx_word' id='word_1_572' title='bbox 3423 773 3552 826; x_wconf 79' lang='grc' dir='ltr'>Ἐὰν</span> 
     </span>
    </p>
   </div>
   <div class='ocr_carea' id='block_1_70' title="bbox 1967 862 3548 934">
    <p class='ocr_par' dir='ltr' id='par_1_70' title="bbox 1967 862 3548 934">
     <span class='ocr_line' id='line_1_70' title="bbox 1967 862 3548 934; baseline -0.001 -17"><span class='ocrx_word' id='word_1_573' title='bbox 1967 865 2076 932; x_wconf 84' lang='grc' dir='ltr'>γὰρ</span> <span class='ocrx_word' id='word_1_574' title='bbox 2103 864 2532 934; x_wconf 82' lang='grc' dir='ltr'>ρᾳθυμήσωμεν,</span> <span class='ocrx_word' id='word_1_575' title='bbox 2552 862 2932 934; x_wconf 81' lang='grc' dir='ltr'>δυσκολωτέρα</span> <span class='ocrx_word' id='word_1_576' title='bbox 2954 864 3159 933; x_wconf 89' lang='grc' dir='ltr'>γίνεται</span> <span class='ocrx_word' id='word_1_577' title='bbox 3181 867 3212 933; x_wconf 92' lang='grc' dir='ltr'>ή</span> <span class='ocrx_word' id='word_1_578' title='bbox 3241 863 3548 934; x_wconf 89' lang='grc' dir='ltr'>διόρθωσις.</span> 
     </span>
    </p>
   </div>
   <div class='ocr_carea' id='block_1_71' title="bbox 1968 954 3552 1026">
    <p class='ocr_par' dir='ltr' id='par_1_71' title="bbox 1968 954 3552 1026">
     <span class='ocr_line' id='line_1_71' title="bbox 1968 954 3552 1026; baseline -0.003 -15"><span class='ocrx_word' id='word_1_579' title='bbox 1968 957 2139 1011; x_wconf 86' lang='grc' dir='ltr'>Τοῦτο</span> <span class='ocrx_word' id='word_1_580' title='bbox 2157 957 2252 1011; x_wconf 73' lang='grc' dir='ltr'>καὶ</span> <span class='ocrx_word' id='word_1_581' title='bbox 2285 957 2377 1010; x_wconf 72' lang='grc' dir='ltr'>ἐπὶ</span> <span class='ocrx_word' id='word_1_582' title='bbox 2409 955 2592 1009; x_wconf 89' lang='grc' dir='ltr'>πλοίου</span> <span class='ocrx_word' id='word_1_583' title='bbox 2629 955 2921 1026; x_wconf 90' lang='grc' dir='ltr'>συμϐαῖνον</span> <span class='ocrx_word' id='word_1_584' title='bbox 2949 954 3047 1008; x_wconf 72' lang='grc' dir='ltr'>ἴδοι</span> <span class='ocrx_word' id='word_1_585' title='bbox 3078 972 3161 1017; x_wconf 91' lang='grc' dir='ltr'>τις</span> <span class='ocrx_word' id='word_1_586' title='bbox 3196 955 3283 1018; x_wconf 85' lang='grc' dir='ltr'>ἂν,</span> <span class='ocrx_word' id='word_1_587' title='bbox 3304 955 3552 1016; x_wconf 72' lang='grc' dir='ltr'>καὶτοὺς</span> 
     </span>
    </p>
   </div>
   <div class='ocr_carea' id='block_1_72' title="bbox 1967 1045 3554 1120">
    <p class='ocr_par' dir='ltr' id='par_1_72' title="bbox 1967 1045 3554 1120">
     <span class='ocr_line' id='line_1_72' title="bbox 1967 1045 3554 1120; baseline -0.003 -18"><span class='ocrx_word' id='word_1_588' title='bbox 1967 1048 2169 1112; x_wconf 86' lang='grc' dir='ltr'>ναύτας</span> <span class='ocrx_word' id='word_1_589' title='bbox 2201 1047 2632 1120; x_wconf 89' lang='grc' dir='ltr'>θορυϐουμένους</span> <span class='ocrx_word' id='word_1_590' title='bbox 2649 1087 2665 1112; x_wconf 96' lang='grc'>,</span> <span class='ocrx_word' id='word_1_591' title='bbox 2698 1047 2798 1117; x_wconf 85' lang='grc' dir='ltr'>οὐχ</span> <span class='ocrx_word' id='word_1_592' title='bbox 2825 1047 2952 1100; x_wconf 87' lang='grc' dir='ltr'>ὅταν</span> <span class='ocrx_word' id='word_1_593' title='bbox 2978 1046 3130 1098; x_wconf 78' lang='grc' dir='ltr'>ἴδωσι</span> <span class='ocrx_word' id='word_1_594' title='bbox 3159 1046 3257 1116; x_wconf 80' lang='grc' dir='ltr'>τὴν</span> <span class='ocrx_word' id='word_1_595' title='bbox 3283 1045 3554 1100; x_wconf 79' lang='grc' dir='ltr'>θάλατταν</span> 
     </span>
    </p>
   </div>
   <div class='ocr_carea' id='block_1_73' title="bbox 1971 1137 3549 1212">
    <p class='ocr_par' dir='ltr' id='par_1_73' title="bbox 1971 1137 3549 1212">
     <span class='ocr_line' id='line_1_73' title="bbox 1971 1137 3549 1212; baseline -0.001 -20"><span class='ocrx_word' id='word_1_596' title='bbox 1971 1139 2362 1212; x_wconf 83' lang='grc' dir='ltr'>ὑπερέχουσαν,</span> <span class='ocrx_word' id='word_1_597' title='bbox 2387 1140 2524 1194; x_wconf 89' lang='grc' dir='ltr'>ἀλλά</span> <span class='ocrx_word' id='word_1_598' title='bbox 2547 1141 2640 1193; x_wconf 77' lang='grc' dir='ltr'>καὶ</span> <span class='ocrx_word' id='word_1_599' title='bbox 2671 1141 2798 1193; x_wconf 81' lang='grc' dir='ltr'>ὅταν</span> <span class='ocrx_word' id='word_1_600' title='bbox 2833 1138 3134 1210; x_wconf 88' lang='grc' dir='ltr'>μέλλουσαν</span> <span class='ocrx_word' id='word_1_601' title='bbox 3159 1137 3320 1192; x_wconf 89' lang='grc' dir='ltr'>τοῦτο</span> <span class='ocrx_word' id='word_1_602' title='bbox 3357 1141 3549 1190; x_wconf 85' lang='grc' dir='ltr'>ποιεῖν.</span> 
     </span>
    </p>
   </div>
   <div class='ocr_carea' id='block_1_74' title="bbox 1969 1224 3550 1302">
    <p class='ocr_par' dir='ltr' id='par_1_74' title="bbox 1969 1224 3550 1302">
     <span class='ocr_line' id='line_1_74' title="bbox 1969 1224 3550 1302; baseline -0.003 -18"><span class='ocrx_word' id='word_1_603' title='bbox 1969 1230 2062 1301; x_wconf 85' lang='grc' dir='ltr'>Μὴ</span> <span class='ocrx_word' id='word_1_604' title='bbox 2085 1231 2265 1285; x_wconf 84' lang='grc' dir='ltr'>τοίνυν</span> <span class='ocrx_word' id='word_1_605' title='bbox 2289 1224 2438 1302; x_wconf 82' lang='grc' dir='ltr'>ὦμεν</span> <span class='ocrx_word' id='word_1_606' title='bbox 2463 1230 2693 1301; x_wconf 79' lang='grc' dir='ltr'>ρᾁυμοι</span> <span class='ocrx_word' id='word_1_607' title='bbox 2729 1231 2844 1293; x_wconf 87' lang='grc' dir='ltr'>τοῖς</span> <span class='ocrx_word' id='word_1_608' title='bbox 2888 1232 3104 1302; x_wconf 86' lang='grc' dir='ltr'>μικροῖς</span> <span class='ocrx_word' id='word_1_609' title='bbox 3135 1229 3550 1300; x_wconf 83' lang='grc' dir='ltr'>ἁμαρτήμασιν,</span> 
     </span>
    </p>
   </div>
   <div class='ocr_carea' id='block_1_75' title="bbox 1970 1319 3553 1394">
    <p class='ocr_par' dir='ltr' id='par_1_75' title="bbox 1970 1319 3553 1394">
     <span class='ocr_line' id='line_1_75' title="bbox 1970 1319 3553 1394; baseline -0.005 -18"><span class='ocrx_word' id='word_1_610' title='bbox 1970 1321 2108 1376; x_wconf 88' lang='grc' dir='ltr'>άλλά</span> <span class='ocrx_word' id='word_1_611' title='bbox 2157 1322 2295 1394; x_wconf 85' lang='grc' dir='ltr'>μετὰ</span> <span class='ocrx_word' id='word_1_612' title='bbox 2339 1321 2540 1394; x_wconf 72' lang='grc' dir='ltr'>πολλῆς</span> <span class='ocrx_word' id='word_1_613' title='bbox 2570 1321 2707 1375; x_wconf 85' lang='grc' dir='ltr'>αύτά</span> <span class='ocrx_word' id='word_1_614' title='bbox 2735 1319 3153 1390; x_wconf 81' lang='grc' dir='ltr'>ἀναστέλλωμεν</span> <span class='ocrx_word' id='word_1_615' title='bbox 3182 1320 3281 1390; x_wconf 84' lang='grc' dir='ltr'>τῆς</span> <span class='ocrx_word' id='word_1_616' title='bbox 3326 1319 3553 1390; x_wconf 75' lang='grc' dir='ltr'>σφοδρόρ</span> 
     </span>
    </p>
   </div>
   <div class='ocr_carea' id='block_1_76' title="bbox 1969 1410 3554 1487">
    <p class='ocr_par' dir='ltr' id='par_1_76' title="bbox 1969 1410 3554 1487">
     <span class='ocr_line' id='line_1_76' title="bbox 1969 1410 3554 1487; baseline -0.004 -18"><span class='ocrx_word' id='word_1_617' title='bbox 1969 1433 2162 1487; x_wconf 85' lang='grc' dir='ltr'>τητος,</span> <span class='ocrx_word' id='word_1_618' title='bbox 2209 1418 2297 1470; x_wconf 78' lang='grc' dir='ltr'>ἵνα</span> <span class='ocrx_word' id='word_1_619' title='bbox 2351 1417 2460 1469; x_wconf 89' lang='grc' dir='ltr'>τῶν</span> <span class='ocrx_word' id='word_1_620' title='bbox 2507 1415 2770 1487; x_wconf 79' lang='grc' dir='ltr'>μειζόνων</span> <span class='ocrx_word' id='word_1_621' title='bbox 2815 1413 3252 1484; x_wconf 81' lang='grc' dir='ltr'>ἀπαλλαγῶμεν,</span> <span class='ocrx_word' id='word_1_622' title='bbox 3302 1413 3398 1466; x_wconf 73' lang='grc' dir='ltr'>καὶ</span> <span class='ocrx_word' id='word_1_623' title='bbox 3443 1410 3554 1465; x_wconf 86' lang='grc' dir='ltr'>τῶν</span> 
     </span>
    </p>
   </div>
   <div class='ocr_carea' id='block_1_77' title="bbox 1975 1504 3558 1580">
    <p class='ocr_par' dir='ltr' id='par_1_77' title="bbox 1975 1504 3558 1580">
     <span class='ocr_line' id='line_1_77' title="bbox 1975 1504 3558 1580; baseline -0.002 -19"><span class='ocrx_word' id='word_1_624' title='bbox 1975 1508 2276 1578; x_wconf 87' lang='grc' dir='ltr'>μελλόντων</span> <span class='ocrx_word' id='word_1_625' title='bbox 2303 1507 2650 1578; x_wconf 80' lang='grc' dir='ltr'>έπιτύχωμεν</span> <span class='ocrx_word' id='word_1_626' title='bbox 2669 1548 2685 1573; x_wconf 94' lang='grc'>,</span> <span class='ocrx_word' id='word_1_627' title='bbox 2713 1507 2897 1580; x_wconf 89' lang='grc' dir='ltr'>χάριτι</span> <span class='ocrx_word' id='word_1_628' title='bbox 2921 1507 3019 1562; x_wconf 77' lang='grc' dir='ltr'>καὶ</span> <span class='ocrx_word' id='word_1_629' title='bbox 3049 1504 3433 1578; x_wconf 76' lang='grc' dir='ltr'>φιλανθρωπίᾳ</span> <span class='ocrx_word' id='word_1_630' title='bbox 3461 1505 3558 1558; x_wconf 78' lang='grc' dir='ltr'>τοῦ</span> 
     </span>
    </p>
   </div>
   <div class='ocr_carea' id='block_1_78' title="bbox 1973 1591 3556 1672">
    <p class='ocr_par' dir='ltr' id='par_1_78' title="bbox 1973 1591 3556 1672">
     <span class='ocr_line' id='line_1_78' title="bbox 1973 1591 3556 1672; baseline -0.004 -17"><span class='ocrx_word' id='word_1_631' title='bbox 1973 1601 2178 1672; x_wconf 84' lang='grc' dir='ltr'>Κυρίου</span> <span class='ocrx_word' id='word_1_632' title='bbox 2201 1600 2357 1672; x_wconf 87' lang='grc' dir='ltr'>ήμῶν</span> <span class='ocrx_word' id='word_1_633' title='bbox 2395 1599 2570 1671; x_wconf 83' lang='grc' dir='ltr'>Ἰησοῦ</span> <span class='ocrx_word' id='word_1_634' title='bbox 2601 1598 2866 1672; x_wconf 85' lang='grc' dir='ltr'>Χριστοῦ.</span> <span class='ocrx_word' id='word_1_635' title='bbox 2887 1599 3008 1670; x_wconf 83' lang='grc' dir='ltr'>μεθ’</span> <span class='ocrx_word' id='word_1_636' title='bbox 3038 1591 3100 1652; x_wconf 75' lang='grc' dir='ltr'>οὗ</span> <span class='ocrx_word' id='word_1_637' title='bbox 3123 1597 3203 1669; x_wconf 78' lang='grc' dir='ltr'>τῷ</span> <span class='ocrx_word' id='word_1_638' title='bbox 3232 1597 3407 1667; x_wconf 83' lang='grc' dir='ltr'>Πατρὶ</span> <span class='ocrx_word' id='word_1_639' title='bbox 3438 1596 3556 1665; x_wconf 78' lang='grc' dir='ltr'>ἅμα</span> 
     </span>
    </p>
   </div>
   <div class='ocr_carea' id='block_1_79' title="bbox 1973 1688 3552 1766">
    <p class='ocr_par' dir='ltr' id='par_1_79' title="bbox 1973 1688 3552 1766">
     <span class='ocr_line' id='line_1_79' title="bbox 1973 1688 3552 1766; baseline -0.004 -18"><span class='ocrx_word' id='word_1_640' title='bbox 1973 1695 2050 1766; x_wconf 80' lang='grc' dir='ltr'>τῷ</span> <span class='ocrx_word' id='word_1_641' title='bbox 2077 1695 2217 1765; x_wconf 85' lang='grc' dir='ltr'>ἁγίῳ</span> <span class='ocrx_word' id='word_1_642' title='bbox 2248 1693 2525 1764; x_wconf 89' lang='grc' dir='ltr'>Πνεύματι</span> <span class='ocrx_word' id='word_1_643' title='bbox 2550 1691 2701 1758; x_wconf 80' lang='grc' dir='ltr'>δόξα,</span> <span class='ocrx_word' id='word_1_644' title='bbox 2727 1692 2958 1764; x_wconf 87' lang='grc' dir='ltr'>κράτος,</span> <span class='ocrx_word' id='word_1_645' title='bbox 2979 1692 3116 1762; x_wconf 81' lang='grc' dir='ltr'>τιμὴ</span> <span class='ocrx_word' id='word_1_646' title='bbox 3138 1733 3152 1755; x_wconf 89' lang='grc'>,</span> <span class='ocrx_word' id='word_1_647' title='bbox 3182 1691 3278 1743; x_wconf 88' lang='grc' dir='ltr'>νῦν</span> <span class='ocrx_word' id='word_1_648' title='bbox 3314 1690 3406 1743; x_wconf 76' lang='grc' dir='ltr'>καὶ</span> <span class='ocrx_word' id='word_1_649' title='bbox 3444 1688 3552 1752; x_wconf 76' lang='grc' dir='ltr'>ἀεὶ,</span> 
     </span>
    </p>
   </div>
   <div class='ocr_carea' id='block_1_80' title="bbox 1973 1781 3199 1853">
    <p class='ocr_par' dir='ltr' id='par_1_80' title="bbox 1973 1781 3199 1853">
     <span class='ocr_line' id='line_1_80' title="bbox 1973 1781 3199 1853; baseline -0.004 -14"><span class='ocrx_word' id='word_1_650' title='bbox 1973 1787 2067 1839; x_wconf 71' lang='grc' dir='ltr'>καὶ</span> <span class='ocrx_word' id='word_1_651' title='bbox 2095 1786 2176 1850; x_wconf 87' lang='grc' dir='ltr'>εἰς</span> <span class='ocrx_word' id='word_1_652' title='bbox 2199 1786 2325 1849; x_wconf 81' lang='grc' dir='ltr'>τοὺς</span> <span class='ocrx_word' id='word_1_653' title='bbox 2356 1783 2559 1848; x_wconf 87' lang='grc' dir='ltr'>αἰῶνας</span> <span class='ocrx_word' id='word_1_654' title='bbox 2593 1781 2704 1838; x_wconf 83' lang='grc' dir='ltr'>τῶν</span> <span class='ocrx_word' id='word_1_655' title='bbox 2729 1781 2964 1837; x_wconf 87' lang='grc' dir='ltr'>αἰώνων.</span> <span class='ocrx_word' id='word_1_656' title='bbox 3005 1782 3199 1853; x_wconf 72' lang='grc' dir='ltr'>Ἀμήν.</span> 
     </span>
    </p>
   </div>
   <div class='ocr_carea' id='block_1_81' title="bbox 2397 2017 3127 2074">
    <p class='ocr_par' dir='ltr' id='par_1_81' title="bbox 2397 2017 3127 2074">
     <span class='ocr_line' id='line_1_81' title="bbox 2397 2017 3127 2074; baseline 0.003 -2"><span class='ocrx_word' id='word_1_657' title='bbox 2397 2017 2508 2072; x_wconf 83' lang='grc' dir='ltr'>ΕΙΣ</span> <span class='ocrx_word' id='word_1_658' title='bbox 2531 2019 2670 2073; x_wconf 87' lang='grc' dir='ltr'>ΤΟΝ</span> <span class='ocrx_word' id='word_1_659' title='bbox 2698 2019 2752 2072; x_wconf 90' lang='lat' dir='ltr'>Z&#39;</span> <span class='ocrx_word' id='word_1_660' title='bbox 2800 2017 3127 2074; x_wconf 75' lang='grc' dir='ltr'>ΨΑΛΜΟΝ.</span> 
     </span>
    </p>
   </div>
   <div class='ocr_carea' id='block_1_82' title="bbox 1977 2171 3554 2248">
    <p class='ocr_par' dir='ltr' id='par_1_82' title="bbox 1977 2171 3554 2248">
     <span class='ocr_line' id='line_1_82' title="bbox 1977 2171 3554 2248; baseline -0.004 -15"><span class='ocrx_word' id='word_1_661' title='bbox 1977 2177 2225 2248; x_wconf 63' lang='grc' dir='ltr'>Ψωμὸς</span> <span class='ocrx_word' id='word_1_662' title='bbox 2254 2175 2336 2243; x_wconf 81' lang='grc' dir='ltr'>τῷ</span> <span class='ocrx_word' id='word_1_663' title='bbox 2364 2176 2564 2239; x_wconf 86' lang='grc' dir='ltr'>Δαυῒδ,</span> <span class='ocrx_word' id='word_1_664' title='bbox 2617 2171 2834 2248; x_wconf 14' lang='grc' dir='ltr'>ὃνγῇσε</span> <span class='ocrx_word' id='word_1_665' title='bbox 2865 2173 2947 2248; x_wconf 71' lang='grc' dir='ltr'>τῷ</span> <span class='ocrx_word' id='word_1_666' title='bbox 2995 2175 3190 2248; x_wconf 67' lang='grc' dir='ltr'>Κυρίίρ</span> <span class='ocrx_word' id='word_1_667' title='bbox 3239 2172 3395 2242; x_wconf 81' lang='grc' dir='ltr'>ὖπὲρ</span> <span class='ocrx_word' id='word_1_668' title='bbox 3433 2171 3554 2227; x_wconf 77' lang='grc' dir='ltr'>τῶν</span> 
     </span>
    </p>
   </div>
   <div class='ocr_carea' id='block_1_83' title="bbox 2313 2244 3210 2318">
    <p class='ocr_par' dir='ltr' id='par_1_83' title="bbox 2313 2244 3210 2318">
     <span class='ocr_line' id='line_1_83' title="bbox 2313 2244 3210 2318; baseline -0.002 -16"><span class='ocrx_word' id='word_1_669' title='bbox 2313 2251 2513 2318; x_wconf 71' lang='grc' dir='ltr'>λόγων</span> <span class='ocrx_word' id='word_1_670' title='bbox 2538 2244 2891 2301; x_wconf 60' lang='grc' dir='ltr'>Χουσῖυίοῦ</span> <span class='ocrx_word' id='word_1_671' title='bbox 2939 2244 3210 2314; x_wconf 68' lang='grc' dir='ltr'>ἰεμεν-εῐ.</span> 
     </span>
    </p>
   </div>
   <div class='ocr_carea' id='block_1_84' title="bbox 1969 2400 3563 2474">
    <p class='ocr_par' dir='ltr' id='par_1_84' title="bbox 1969 2400 3563 2474">
     <span class='ocr_line' id='line_1_84' title="bbox 1969 2400 3563 2474; baseline -0.005 -12"><span class='ocrx_word' id='word_1_672' title='bbox 1969 2405 2145 2474; x_wconf 77' lang='grc' dir='ltr'>Κύριε</span> <span class='ocrx_word' id='word_1_673' title='bbox 2170 2406 2203 2458; x_wconf 86' lang='grc' dir='ltr'>ό</span> <span class='ocrx_word' id='word_1_674' title='bbox 2236 2403 2379 2470; x_wconf 81' lang='grc' dir='ltr'>Θεός</span> <span class='ocrx_word' id='word_1_675' title='bbox 2417 2421 2559 2474; x_wconf 83' lang='grc' dir='ltr'>μου,</span> <span class='ocrx_word' id='word_1_676' title='bbox 2588 2402 2686 2456; x_wconf 74' lang='grc' dir='ltr'>ἐπὶ</span> <span class='ocrx_word' id='word_1_677' title='bbox 2715 2401 2813 2456; x_wconf 86' lang='grc' dir='ltr'>σοὶ</span> <span class='ocrx_word' id='word_1_678' title='bbox 2846 2402 3081 2471; x_wconf 78' lang='grc' dir='ltr'>ἤλπισα</span> <span class='ocrx_word' id='word_1_679' title='bbox 3105 2418 3118 2432; x_wconf 78' lang='grc' dir='ltr'><strong>ο</strong></span> <span class='ocrx_word' id='word_1_680' title='bbox 3147 2400 3357 2455; x_wconf 85' lang='grc' dir='ltr'>σῶσόν</span> <span class='ocrx_word' id='word_1_681' title='bbox 3375 2419 3454 2470; x_wconf 80' lang='grc' dir='ltr'>με</span> <span class='ocrx_word' id='word_1_682' title='bbox 3492 2400 3563 2456; x_wconf 75' lang='grc' dir='ltr'>ἐκ</span> 
     </span>
    </p>
   </div>
   <div class='ocr_carea' id='block_1_85' title="bbox 2087 2484 3453 2557">
    <p class='ocr_par' dir='ltr' id='par_1_85' title="bbox 2087 2484 3453 2557">
     <span class='ocr_line' id='line_1_85' title="bbox 2087 2484 3453 2557; baseline -0.001 -16"><span class='ocrx_word' id='word_1_683' title='bbox 2087 2487 2328 2544; x_wconf 82' lang='grc' dir='ltr'>πάντων</span> <span class='ocrx_word' id='word_1_684' title='bbox 2354 2485 2474 2542; x_wconf 79' lang='grc' dir='ltr'>τῶν</span> <span class='ocrx_word' id='word_1_685' title='bbox 2520 2487 2859 2542; x_wconf 83' lang='grc' dir='ltr'>διωκόντων</span> <span class='ocrx_word' id='word_1_686' title='bbox 2879 2503 2978 2557; x_wconf 81' lang='grc' dir='ltr'>με,</span> <span class='ocrx_word' id='word_1_687' title='bbox 3011 2486 3110 2540; x_wconf 75' lang='grc' dir='ltr'>καὶ</span> <span class='ocrx_word' id='word_1_688' title='bbox 3135 2484 3326 2554; x_wconf 76' lang='grc' dir='ltr'>ῥῦσαί</span> <span class='ocrx_word' id='word_1_689' title='bbox 3352 2503 3453 2555; x_wconf 80' lang='grc' dir='ltr'>με.</span> 
     </span>
    </p>
   </div>
   <div class='ocr_carea' id='block_1_86' title="bbox 2039 2639 3566 2713">
    <p class='ocr_par' dir='ltr' id='par_1_86' title="bbox 2039 2639 3566 2713">
     <span class='ocr_line' id='line_1_86' title="bbox 2039 2639 3566 2713; baseline -0.001 -17"><span class='ocrx_word' id='word_1_690' title='bbox 2039 2647 2108 2696; x_wconf 83' lang='grc' dir='ltr'>α’.</span> <span class='ocrx_word' id='word_1_691' title='bbox 2135 2642 2282 2695; x_wconf 85' lang='grc' dir='ltr'>Ἔδει</span> <span class='ocrx_word' id='word_1_692' title='bbox 2320 2641 2420 2713; x_wconf 82' lang='grc' dir='ltr'>μὲν</span> <span class='ocrx_word' id='word_1_693' title='bbox 2463 2640 2636 2706; x_wconf 70' lang='grc' dir='ltr'>οὕτως</span> <span class='ocrx_word' id='word_1_694' title='bbox 2664 2639 2907 2712; x_wconf 90' lang='grc' dir='ltr'>ἀκριϐῶς</span> <span class='ocrx_word' id='word_1_695' title='bbox 2942 2639 3052 2693; x_wconf 91' lang='grc' dir='ltr'>τῶν</span> <span class='ocrx_word' id='word_1_696' title='bbox 3077 2639 3311 2711; x_wconf 89' lang='grc' dir='ltr'>Γραφῶν</span> <span class='ocrx_word' id='word_1_697' title='bbox 3340 2642 3432 2695; x_wconf 75' lang='grc' dir='ltr'>καὶ</span> <span class='ocrx_word' id='word_1_698' title='bbox 3455 2641 3566 2695; x_wconf 81' lang='grc' dir='ltr'>τῶν</span> 
     </span>
    </p>
   </div>
   <div class='ocr_carea' id='block_1_87' title="bbox 1971 2729 3563 2802">
    <p class='ocr_par' dir='ltr' id='par_1_87' title="bbox 1971 2729 3563 2802">
     <span class='ocr_line' id='line_1_87' title="bbox 1971 2729 3563 2802; baseline 0.001 -20"><span class='ocrx_word' id='word_1_699' title='bbox 1971 2730 2222 2802; x_wconf 76' lang='grc' dir='ltr'>ἱστοριῶν</span> <span class='ocrx_word' id='word_1_700' title='bbox 2268 2731 2465 2784; x_wconf 86' lang='grc' dir='ltr'>εἰδέναι</span> <span class='ocrx_word' id='word_1_701' title='bbox 2509 2729 2609 2801; x_wconf 83' lang='grc' dir='ltr'>τήν</span> <span class='ocrx_word' id='word_1_702' title='bbox 2641 2729 2866 2798; x_wconf 83' lang='grc' dir='ltr'>γνῶσιν,</span> <span class='ocrx_word' id='word_1_703' title='bbox 2920 2729 2996 2792; x_wconf 90' lang='grc' dir='ltr'>ώς</span> <span class='ocrx_word' id='word_1_704' title='bbox 3029 2729 3104 2801; x_wconf 82' lang='grc' dir='ltr'>μὴ</span> <span class='ocrx_word' id='word_1_705' title='bbox 3152 2729 3363 2783; x_wconf 87' lang='grc' dir='ltr'>δεῖσθαι</span> <span class='ocrx_word' id='word_1_706' title='bbox 3414 2732 3563 2802; x_wconf 80' lang='grc' dir='ltr'>ἡμᾶς</span> 
     </span>
    </p>
   </div>
   <div class='ocr_carea' id='block_1_88' title="bbox 1973 2817 3560 2892">
    <p class='ocr_par' dir='ltr' id='par_1_88' title="bbox 1973 2817 3560 2892">
     <span class='ocr_line' id='line_1_88' title="bbox 1973 2817 3560 2892; baseline 0 -19"><span class='ocrx_word' id='word_1_707' title='bbox 1973 2821 2314 2892; x_wconf 84' lang='grc' dir='ltr'>μακροτέρου</span> <span class='ocrx_word' id='word_1_708' title='bbox 2369 2820 2530 2889; x_wconf 89' lang='grc' dir='ltr'>λόγου</span> <span class='ocrx_word' id='word_1_709' title='bbox 2566 2820 2703 2891; x_wconf 81' lang='grc' dir='ltr'>πρὸς</span> <span class='ocrx_word' id='word_1_710' title='bbox 2751 2819 2851 2891; x_wconf 82' lang='grc' dir='ltr'>τὴν</span> <span class='ocrx_word' id='word_1_711' title='bbox 2905 2817 3112 2872; x_wconf 89' lang='grc' dir='ltr'>τούτων</span> <span class='ocrx_word' id='word_1_712' title='bbox 3151 2819 3506 2874; x_wconf 86' lang='grc' dir='ltr'>διδασκαλίαν</span> <span class='ocrx_word' id='word_1_713' title='bbox 3545 2835 3560 2851; x_wconf 78' lang='grc' dir='ltr'><strong>ο</strong></span> 
     </span>
    </p>
   </div>
   <div class='ocr_carea' id='block_1_89' title="bbox 1971 2911 3573 2983">
    <p class='ocr_par' dir='ltr' id='par_1_89' title="bbox 1971 2911 3573 2983">
     <span class='ocr_line' id='line_1_89' title="bbox 1971 2911 3573 2983; baseline 0.001 -20"><span class='ocrx_word' id='word_1_714' title='bbox 1971 2911 2234 2983; x_wconf 78' lang='grc' dir='ltr'>ἐπειδὴδὲ</span> <span class='ocrx_word' id='word_1_715' title='bbox 2257 2913 2305 2964; x_wconf 85' lang='grc' dir='ltr'>οί</span> <span class='ocrx_word' id='word_1_716' title='bbox 2343 2911 2444 2982; x_wconf 85' lang='grc' dir='ltr'>μὲν</span> <span class='ocrx_word' id='word_1_717' title='bbox 2471 2912 2614 2983; x_wconf 83' lang='grc' dir='ltr'>ὑπὲρ</span> <span class='ocrx_word' id='word_1_718' title='bbox 2639 2911 2912 2982; x_wconf 87' lang='grc' dir='ltr'>βιωτικῶν</span> <span class='ocrx_word' id='word_1_719' title='bbox 2941 2912 3288 2982; x_wconf 87' lang='grc' dir='ltr'>πραγμάτων</span> <span class='ocrx_word' id='word_1_720' title='bbox 3308 2913 3573 2982; x_wconf 80' lang='grc' dir='ltr'>ἀσχολού·</span> 
     </span>
    </p>
   </div>
   <div class='ocr_carea' id='block_1_90' title="bbox 1975 3001 3564 3073">
    <p class='ocr_par' dir='ltr' id='par_1_90' title="bbox 1975 3001 3564 3073">
     <span class='ocr_line' id='line_1_90' title="bbox 1975 3001 3564 3073; baseline 0.002 -21"><span class='ocrx_word' id='word_1_721' title='bbox 1975 3017 2148 3070; x_wconf 89' lang='grc' dir='ltr'>μενοι,</span> <span class='ocrx_word' id='word_1_722' title='bbox 2194 3002 2244 3054; x_wconf 90' lang='grc' dir='ltr'>οἰ</span> <span class='ocrx_word' id='word_1_723' title='bbox 2285 3001 2343 3055; x_wconf 81' lang='grc' dir='ltr'>δὲ</span> <span class='ocrx_word' id='word_1_724' title='bbox 2393 3001 2638 3073; x_wconf 76' lang='grc' dir='ltr'>ῥᾳθυμίᾳ</span> <span class='ocrx_word' id='word_1_725' title='bbox 2689 3002 2922 3064; x_wconf 78' lang='grc' dir='ltr'>ἑαυτοὺς</span> <span class='ocrx_word' id='word_1_726' title='bbox 2966 3001 3287 3068; x_wconf 80' lang='grc' dir='ltr'>ἐκδιδόντες,</span> <span class='ocrx_word' id='word_1_727' title='bbox 3335 3003 3564 3073; x_wconf 82' lang='grc' dir='ltr'>ἀνήκοοι</span> 
     </span>
    </p>
   </div>
   <div class='ocr_carea' id='block_1_91' title="bbox 1971 3091 3578 3164">
    <p class='ocr_par' dir='ltr' id='par_1_91' title="bbox 1971 3091 3578 3164">
     <span class='ocr_line' id='line_1_91' title="bbox 1971 3091 3578 3164; baseline 0.001 -20"><span class='ocrx_word' id='word_1_728' title='bbox 1971 3092 2179 3146; x_wconf 85' lang='grc' dir='ltr'>τούτων</span> <span class='ocrx_word' id='word_1_729' title='bbox 2211 3093 2369 3158; x_wconf 76' lang='grc' dir='ltr'>εἰσὶν,</span> <span class='ocrx_word' id='word_1_730' title='bbox 2401 3093 2616 3163; x_wconf 87' lang='grc' dir='ltr'>ἀνάγκη</span> <span class='ocrx_word' id='word_1_731' title='bbox 2637 3092 2776 3164; x_wconf 84' lang='grc' dir='ltr'>πρὸς</span> <span class='ocrx_word' id='word_1_732' title='bbox 2800 3091 2862 3144; x_wconf 86' lang='grc' dir='ltr'>τὸ</span> <span class='ocrx_word' id='word_1_733' title='bbox 2887 3091 3060 3163; x_wconf 86' lang='grc' dir='ltr'>μῆκος</span> <span class='ocrx_word' id='word_1_734' title='bbox 3079 3092 3171 3146; x_wconf 80' lang='grc' dir='ltr'>τὸν</span> <span class='ocrx_word' id='word_1_735' title='bbox 3192 3092 3348 3161; x_wconf 90' lang='grc' dir='ltr'>λόγον</span> <span class='ocrx_word' id='word_1_736' title='bbox 3376 3094 3578 3161; x_wconf 78' lang='grc' dir='ltr'>ἐξαγα-</span> 
     </span>
    </p>
   </div>
   <div class='ocr_carea' id='block_1_92' title="bbox 1972 3183 3567 3256">
    <p class='ocr_par' dir='ltr' id='par_1_92' title="bbox 1972 3183 3567 3256">
     <span class='ocr_line' id='line_1_92' title="bbox 1972 3183 3567 3256; baseline 0.001 -20"><span class='ocrx_word' id='word_1_737' title='bbox 1972 3187 2124 3252; x_wconf 88' lang='grc' dir='ltr'>γεῖν,</span> <span class='ocrx_word' id='word_1_738' title='bbox 2169 3183 2269 3254; x_wconf 77' lang='grc' dir='ltr'>τήν</span> <span class='ocrx_word' id='word_1_739' title='bbox 2329 3183 2588 3238; x_wconf 81' lang='grc' dir='ltr'>ὑπόθεσιν</span> <span class='ocrx_word' id='word_1_740' title='bbox 2635 3183 2729 3236; x_wconf 83' lang='grc' dir='ltr'>τοῦ</span> <span class='ocrx_word' id='word_1_741' title='bbox 2782 3183 3001 3256; x_wconf 81' lang='grc' dir='ltr'>ψαλμοῦ</span> <span class='ocrx_word' id='word_1_742' title='bbox 3051 3184 3333 3254; x_wconf 88' lang='grc' dir='ltr'>λέγοντας.</span> <span class='ocrx_word' id='word_1_743' title='bbox 3402 3185 3567 3237; x_wconf 79' lang='grc' dir='ltr'>’Λλλά</span> 
     </span>
    </p>
   </div>
   <div class='ocr_carea' id='block_1_93' title="bbox 1974 3271 3564 3348">
    <p class='ocr_par' dir='ltr' id='par_1_93' title="bbox 1974 3271 3564 3348">
     <span class='ocr_line' id='line_1_93' title="bbox 1974 3271 3564 3348; baseline 0.001 -20"><span class='ocrx_word' id='word_1_744' title='bbox 1974 3276 2268 3347; x_wconf 87' lang='grc' dir='ltr'>προσέχετε</span> <span class='ocrx_word' id='word_1_745' title='bbox 2297 3277 2436 3345; x_wconf 84' lang='grc' dir='ltr'>μετά</span> <span class='ocrx_word' id='word_1_746' title='bbox 2455 3276 2763 3348; x_wconf 89' lang='grc' dir='ltr'>ἀκριϐείας.</span> <span class='ocrx_word' id='word_1_747' title='bbox 2797 3276 2895 3340; x_wconf 88' lang='grc' dir='ltr'>Τίς</span> <span class='ocrx_word' id='word_1_748' title='bbox 2922 3271 3014 3330; x_wconf 82' lang='grc' dir='ltr'>οῦν</span> <span class='ocrx_word' id='word_1_749' title='bbox 3040 3278 3187 3329; x_wconf 76' lang='grc' dir='ltr'>ἐστιν</span> <span class='ocrx_word' id='word_1_750' title='bbox 3215 3279 3247 3346; x_wconf 87' lang='grc' dir='ltr'>ή</span> <span class='ocrx_word' id='word_1_751' title='bbox 3271 3277 3526 3340; x_wconf 77' lang='grc' dir='ltr'>ὑπόθεσις</span> <span class='ocrx_word' id='word_1_752' title='bbox 3549 3294 3564 3338; x_wconf 86' lang='lat'><strong>;</strong></span> 
     </span>
    </p>
   </div>
   <div class='ocr_carea' id='block_1_94' title="bbox 1981 3363 3563 3440">
    <p class='ocr_par' dir='ltr' id='par_1_94' title="bbox 1981 3363 3563 3440">
     <span class='ocr_line' id='line_1_94' title="bbox 1981 3363 3563 3440; baseline 0.025 -29"><span class='ocrx_word' id='word_1_753' title='bbox 1981 3367 2230 3437; x_wconf 75' lang='grc' dir='ltr'>Ψαλμὸς</span> <span class='ocrx_word' id='word_1_754' title='bbox 2267 3367 2348 3433; x_wconf 86' lang='grc' dir='ltr'>τῷ</span> <span class='ocrx_word' id='word_1_755' title='bbox 2381 3367 2585 3434; x_wconf 84' lang='grc' dir='ltr'>Δαυῒδ,</span> <span class='ocrx_word' id='word_1_756' title='bbox 2644 3368 2718 3421; x_wconf 75' lang='grc' dir='ltr'>ὃν</span> <span class='ocrx_word' id='word_1_757' title='bbox 2767 3363 2888 3440; x_wconf 80' lang='grc' dir='ltr'>ᾖσε</span> <span class='ocrx_word' id='word_1_758' title='bbox 2939 3367 3022 3434; x_wconf 81' lang='grc' dir='ltr'>τῷ</span> <span class='ocrx_word' id='word_1_759' title='bbox 3066 3369 3282 3437; x_wconf 77' lang='grc' dir='ltr'>Κυρίῳ·</span> <span class='ocrx_word' id='word_1_760' title='bbox 3328 3368 3563 3432; x_wconf 72' lang='grc' dir='ltr'>Ἀλλος”</span> 
     </span>
    </p>
   </div>
   <div class='ocr_carea' id='block_1_95' title="bbox 1981 3459 3568 3534">
    <p class='ocr_par' dir='ltr' id='par_1_95' title="bbox 1981 3459 3568 3534">
     <span class='ocr_line' id='line_1_95' title="bbox 1981 3459 3568 3534; baseline 0.002 -20"><span class='ocrx_word' id='word_1_761' title='bbox 1981 3459 2230 3529; x_wconf 71' lang='grc' dir='ltr'>Ψαλμός</span> <span class='ocrx_word' id='word_1_762' title='bbox 2248 3459 2399 3529; x_wconf 83' lang='grc' dir='ltr'>ὑπὲρ</span> <span class='ocrx_word' id='word_1_763' title='bbox 2417 3461 2664 3529; x_wconf 72' lang='grc' dir='ltr'>ἀγνοίας</span> <span class='ocrx_word' id='word_1_764' title='bbox 2687 3461 2768 3527; x_wconf 85' lang='grc' dir='ltr'>τῷ</span> <span class='ocrx_word' id='word_1_765' title='bbox 2787 3461 2988 3514; x_wconf 85' lang='grc' dir='ltr'>Δαυΐδ.</span> <span class='ocrx_word' id='word_1_766' title='bbox 3014 3461 3206 3524; x_wconf 75' lang='grc' dir='ltr'>Ἄλλος</span> <span class='ocrx_word' id='word_1_767' title='bbox 3227 3478 3240 3491; x_wconf 89' lang='grc'><strong>·</strong></span> <span class='ocrx_word' id='word_1_768' title='bbox 3278 3463 3568 3534; x_wconf 79' lang='grc' dir='ltr'>Ἁγνόημα</span> 
     </span>
    </p>
   </div>
   <div class='ocr_carea' id='block_1_96' title="bbox 1975 3552 3565 3626">
    <p class='ocr_par' dir='ltr' id='par_1_96' title="bbox 1975 3552 3565 3626">
     <span class='ocr_line' id='line_1_96' title="bbox 1975 3552 3565 3626; baseline 0.002 -19"><span class='ocrx_word' id='word_1_769' title='bbox 1975 3553 2055 3619; x_wconf 83' lang='grc' dir='ltr'>τῷ</span> <span class='ocrx_word' id='word_1_770' title='bbox 2081 3553 2284 3607; x_wconf 85' lang='grc' dir='ltr'>Δαυτδ·</span> <span class='ocrx_word' id='word_1_771' title='bbox 2306 3553 2398 3607; x_wconf 80' lang='grc' dir='ltr'>καὶ</span> <span class='ocrx_word' id='word_1_772' title='bbox 2430 3553 2552 3607; x_wconf 79' lang='grc' dir='ltr'>ἀντὶ</span> <span class='ocrx_word' id='word_1_773' title='bbox 2581 3552 2674 3606; x_wconf 86' lang='grc' dir='ltr'>τοῦ</span> <span class='ocrx_word' id='word_1_774' title='bbox 2704 3572 2723 3605; x_wconf 79' lang='grc' dir='ltr'>ι</span> <span class='ocrx_word' id='word_1_775' title='bbox 2752 3554 2942 3619; x_wconf 77' lang='grc' dir='ltr'>Χουσὶ,</span> <span class='ocrx_word' id='word_1_776' title='bbox 2972 3572 2991 3605; x_wconf 77' lang='grc' dir='ltr'>ι</span> <span class='ocrx_word' id='word_1_777' title='bbox 3025 3555 3309 3619; x_wconf 78' lang='grc' dir='ltr'>Αἱθίοπός</span> <span class='ocrx_word' id='word_1_778' title='bbox 3330 3572 3494 3626; x_wconf 89' lang='grc' dir='ltr'>φησιν</span> <span class='ocrx_word' id='word_1_779' title='bbox 3516 3567 3565 3610; x_wconf 81' lang='grc' dir='ltr'>ο.</span> 
     </span>
    </p>
   </div>
   <div class='ocr_carea' id='block_1_97' title="bbox 1989 3645 3568 3722">
    <p class='ocr_par' dir='ltr' id='par_1_97' title="bbox 1989 3645 3568 3722">
     <span class='ocr_line' id='line_1_97' title="bbox 1989 3645 3568 3722; baseline 0.002 -24"><span class='ocrx_word' id='word_1_780' title='bbox 1989 3646 2150 3700; x_wconf 85' lang='grc' dir='ltr'>Ἀλλά</span> <span class='ocrx_word' id='word_1_781' title='bbox 2173 3647 2266 3700; x_wconf 79' lang='grc' dir='ltr'>καὶ</span> <span class='ocrx_word' id='word_1_782' title='bbox 2292 3645 2464 3709; x_wconf 78' lang='grc' dir='ltr'>οὕτως</span> <span class='ocrx_word' id='word_1_783' title='bbox 2486 3647 2671 3718; x_wconf 81' lang='grc' dir='ltr'>ἀσαφῆ</span> <span class='ocrx_word' id='word_1_784' title='bbox 2702 3647 2771 3699; x_wconf 87' lang='grc' dir='ltr'>τά</span> <span class='ocrx_word' id='word_1_785' title='bbox 2789 3647 3076 3719; x_wconf 71' lang='grc' dir='ltr'>εἰρημένα,</span> <span class='ocrx_word' id='word_1_786' title='bbox 3104 3647 3182 3718; x_wconf 85' lang='grc' dir='ltr'>τῷ</span> <span class='ocrx_word' id='word_1_787' title='bbox 3201 3648 3300 3720; x_wconf 85' lang='grc' dir='ltr'>τὴν</span> <span class='ocrx_word' id='word_1_788' title='bbox 3325 3650 3568 3722; x_wconf 78' lang='grc' dir='ltr'>ἱστορίαν</span> 
     </span>
    </p>
   </div>
   <div class='ocr_carea' id='block_1_98' title="bbox 1981 3739 3566 3812">
    <p class='ocr_par' dir='ltr' id='par_1_98' title="bbox 1981 3739 3566 3812">
     <span class='ocr_line' id='line_1_98' title="bbox 1981 3739 3566 3812; baseline 0.001 -19"><span class='ocrx_word' id='word_1_789' title='bbox 1981 3740 2124 3809; x_wconf 80' lang='grc' dir='ltr'>ὑμᾶς</span> <span class='ocrx_word' id='word_1_790' title='bbox 2159 3740 2396 3808; x_wconf 86' lang='grc' dir='ltr'>ἀγνοεῖν.</span> <span class='ocrx_word' id='word_1_791' title='bbox 2449 3739 2667 3805; x_wconf 80' lang='grc' dir='ltr'>Ἐπειδὴ</span> <span class='ocrx_word' id='word_1_792' title='bbox 2721 3739 2778 3792; x_wconf 79' lang='grc' dir='ltr'>δὲ</span> <span class='ocrx_word' id='word_1_793' title='bbox 2811 3740 2912 3794; x_wconf 84' lang='grc' dir='ltr'>οὐκ</span> <span class='ocrx_word' id='word_1_794' title='bbox 2963 3739 3217 3808; x_wconf 73' lang='grc' dir='ltr'>ἐγκαλεῖν</span> <span class='ocrx_word' id='word_1_795' title='bbox 3265 3739 3349 3793; x_wconf 84' lang='grc' dir='ltr'>δεῖ</span> <span class='ocrx_word' id='word_1_796' title='bbox 3383 3741 3566 3812; x_wconf 88' lang='grc' dir='ltr'>μόνον,</span> 
     </span>
    </p>
   </div>
   <div class='ocr_carea' id='block_1_99' title="bbox 1979 3829 3565 3902">
    <p class='ocr_par' dir='ltr' id='par_1_99' title="bbox 1979 3829 3565 3902">
     <span class='ocr_line' id='line_1_99' title="bbox 1979 3829 3565 3902; baseline 0.001 -18"><span class='ocrx_word' id='word_1_797' title='bbox 1979 3831 2118 3884; x_wconf 85' lang='grc' dir='ltr'>άλλά</span> <span class='ocrx_word' id='word_1_798' title='bbox 2167 3833 2261 3886; x_wconf 80' lang='grc' dir='ltr'>καὶ</span> <span class='ocrx_word' id='word_1_799' title='bbox 2309 3830 2584 3885; x_wconf 80' lang='grc' dir='ltr'>διδάσκειν</span> <span class='ocrx_word' id='word_1_800' title='bbox 2632 3829 2775 3902; x_wconf 85' lang='lat'>[50],</span> <span class='ocrx_word' id='word_1_801' title='bbox 2827 3833 3128 3900; x_wconf 86' lang='grc' dir='ltr'>ἀναγκαῖον</span> <span class='ocrx_word' id='word_1_802' title='bbox 3173 3830 3417 3900; x_wconf 75' lang='grc' dir='ltr'>ἅψασθαι</span> <span class='ocrx_word' id='word_1_803' title='bbox 3470 3833 3565 3886; x_wconf 87' lang='grc' dir='ltr'>τοῦ</span> 
     </span>
    </p>
   </div>
   <div class='ocr_carea' id='block_1_100' title="bbox 1979 3919 3564 3997">
    <p class='ocr_par' dir='ltr' id='par_1_100' title="bbox 1979 3919 3564 3997">
     <span class='ocr_line' id='line_1_100' title="bbox 1979 3919 3564 3997; baseline 0 -19"><span class='ocrx_word' id='word_1_804' title='bbox 1979 3927 2333 3997; x_wconf 84' lang='grc' dir='ltr'>διηγήματος.</span> <span class='ocrx_word' id='word_1_805' title='bbox 2374 3925 2471 3990; x_wconf 92' lang='grc' dir='ltr'>Τίς</span> <span class='ocrx_word' id='word_1_806' title='bbox 2501 3921 2593 3980; x_wconf 82' lang='grc' dir='ltr'>οῦν</span> <span class='ocrx_word' id='word_1_807' title='bbox 2631 3929 2660 3980; x_wconf 87' lang='lat'>6</span> <span class='ocrx_word' id='word_1_808' title='bbox 2687 3925 2860 3979; x_wconf 71' lang='grc' dir='ltr'>Χουσὶ</span> <span class='ocrx_word' id='word_1_809' title='bbox 2905 3919 3060 3989; x_wconf 73' lang='grc' dir='ltr'>οὗτος</span> <span class='ocrx_word' id='word_1_810' title='bbox 3090 3927 3118 3978; x_wconf 87' lang='lat'>6</span> <span class='ocrx_word' id='word_1_811' title='bbox 3145 3925 3260 3989; x_wconf 76' lang='grc' dir='ltr'>υἱὸς</span> <span class='ocrx_word' id='word_1_812' title='bbox 3305 3926 3564 3996; x_wconf 86' lang='grc' dir='ltr'>Ἰεμενεί,</span> 
     </span>
    </p>
   </div>
   <div class='ocr_carea' id='block_1_101' title="bbox 1980 4011 3568 4092">
    <p class='ocr_par' dir='ltr' id='par_1_101' title="bbox 1980 4011 3568 4092">
     <span class='ocr_line' id='line_1_101' title="bbox 1980 4011 3568 4092; baseline 0 -20"><span class='ocrx_word' id='word_1_813' title='bbox 1980 4019 2076 4072; x_wconf 80' lang='grc' dir='ltr'>καὶ</span> <span class='ocrx_word' id='word_1_814' title='bbox 2111 4019 2256 4083; x_wconf 84' lang='grc' dir='ltr'>τίνες</span> <span class='ocrx_word' id='word_1_815' title='bbox 2292 4023 2338 4074; x_wconf 80' lang='grc' dir='ltr'>οἰ</span> <span class='ocrx_word' id='word_1_816' title='bbox 2371 4019 2519 4088; x_wconf 89' lang='grc' dir='ltr'>λόγοι</span> <span class='ocrx_word' id='word_1_817' title='bbox 2565 4019 2753 4085; x_wconf 75' lang='grc' dir='ltr'>αὑτοῦ,</span> <span class='ocrx_word' id='word_1_818' title='bbox 2790 4019 2929 4092; x_wconf 81' lang='grc' dir='ltr'>ὑπὲρ</span> <span class='ocrx_word' id='word_1_819' title='bbox 2957 4011 3033 4072; x_wconf 85' lang='grc' dir='ltr'>ὦν</span> <span class='ocrx_word' id='word_1_820' title='bbox 3071 4013 3170 4092; x_wconf 79' lang='grc' dir='ltr'>ᾖσε</span> <span class='ocrx_word' id='word_1_821' title='bbox 3219 4017 3296 4088; x_wconf 83' lang='grc' dir='ltr'>τῷ</span> <span class='ocrx_word' id='word_1_822' title='bbox 3323 4017 3440 4088; x_wconf 87' lang='grc' dir='ltr'>Θεῷ</span> <span class='ocrx_word' id='word_1_823' title='bbox 3467 4018 3568 4090; x_wconf 81' lang='grc' dir='ltr'>τὴν</span> 
     </span>
    </p>
   </div>
   <div class='ocr_carea' id='block_1_102' title="bbox 1980 4109 3568 4182">
    <p class='ocr_par' dir='ltr' id='par_1_102' title="bbox 1980 4109 3568 4182">
     <span class='ocr_line' id='line_1_102' title="bbox 1980 4109 3568 4182; baseline 0.001 -21"><span class='ocrx_word' id='word_1_824' title='bbox 1980 4109 2122 4182; x_wconf 80' lang='grc' dir='ltr'>ᾠδὴν</span> <span class='ocrx_word' id='word_1_825' title='bbox 2142 4110 2346 4180; x_wconf 90' lang='grc' dir='ltr'>ταύτην</span> <span class='ocrx_word' id='word_1_826' title='bbox 2369 4113 2398 4164; x_wconf 88' lang='grc' dir='ltr'>ό</span> <span class='ocrx_word' id='word_1_827' title='bbox 2423 4110 2607 4175; x_wconf 78' lang='grc' dir='ltr'>Δαυτδ,</span> <span class='ocrx_word' id='word_1_828' title='bbox 2633 4109 2882 4164; x_wconf 79' lang='grc' dir='ltr'>ἐντεῦθεν</span> <span class='ocrx_word' id='word_1_829' title='bbox 2905 4110 3006 4181; x_wconf 82' lang='grc' dir='ltr'>ήδη</span> <span class='ocrx_word' id='word_1_830' title='bbox 3028 4109 3268 4173; x_wconf 85' lang='grc' dir='ltr'>λεκτέον,</span> <span class='ocrx_word' id='word_1_831' title='bbox 3296 4111 3375 4174; x_wconf 81' lang='grc' dir='ltr'>εἰς</span> <span class='ocrx_word' id='word_1_832' title='bbox 3392 4111 3568 4182; x_wconf 86' lang='grc' dir='ltr'>ἀρχὴν</span> 
     </span>
    </p>
   </div>
   <div class='ocr_carea' id='block_1_103' title="bbox 1980 4202 2580 4271">
    <p class='ocr_par' dir='ltr' id='par_1_103' title="bbox 1980 4202 2580 4271">
     <span class='ocr_line' id='line_1_103' title="bbox 1980 4202 2580 4271; baseline 0 -15"><span class='ocrx_word' id='word_1_833' title='bbox 1980 4203 2255 4270; x_wconf 85' lang='grc' dir='ltr'>ἀνάγοντα</span> <span class='ocrx_word' id='word_1_834' title='bbox 2283 4203 2374 4256; x_wconf 79' lang='grc' dir='ltr'>τὸν</span> <span class='ocrx_word' id='word_1_835' title='bbox 2401 4202 2580 4271; x_wconf 87' lang='grc' dir='ltr'>λόγον.</span> 
     </span>
    </p>
   </div>
   <div class='ocr_carea' id='block_1_104' title="bbox 2065 4292 3569 4366">
    <p class='ocr_par' dir='ltr' id='par_1_104' title="bbox 2065 4292 3569 4366">
     <span class='ocr_line' id='line_1_104' title="bbox 2065 4292 3569 4366; baseline -0.001 -18"><span class='ocrx_word' id='word_1_836' title='bbox 2065 4294 2420 4366; x_wconf 83' lang='grc' dir='ltr'>Ἀϐεσσαλὼμ</span> <span class='ocrx_word' id='word_1_837' title='bbox 2451 4295 2566 4357; x_wconf 87' lang='grc' dir='ltr'>υἱὸς</span> <span class='ocrx_word' id='word_1_838' title='bbox 2595 4293 2811 4362; x_wconf 79' lang='grc' dir='ltr'>ἐγένετο</span> <span class='ocrx_word' id='word_1_839' title='bbox 2826 4292 2902 4366; x_wconf 83' lang='grc' dir='ltr'>τῷ</span> <span class='ocrx_word' id='word_1_840' title='bbox 2931 4292 3116 4357; x_wconf 78' lang='grc' dir='ltr'>Δαυῖδ,</span> <span class='ocrx_word' id='word_1_841' title='bbox 3138 4293 3256 4357; x_wconf 82' lang='grc' dir='ltr'>νέος</span> <span class='ocrx_word' id='word_1_842' title='bbox 3272 4293 3569 4357; x_wconf 82' lang='grc' dir='ltr'>ἀκόλαστος</span> 
     </span>
    </p>
   </div>
   <div class='ocr_carea' id='block_1_105' title="bbox 1983 4377 3564 4456">
    <p class='ocr_par' dir='ltr' id='par_1_105' title="bbox 1983 4377 3564 4456">
     <span class='ocr_line' id='line_1_105' title="bbox 1983 4377 3564 4456; baseline -0.001 -17"><span class='ocrx_word' id='word_1_843' title='bbox 1983 4387 2079 4440; x_wconf 73' lang='grc' dir='ltr'>καλ⁸</span> <span class='ocrx_word' id='word_1_844' title='bbox 2114 4385 2536 4456; x_wconf 86' lang='grc' dir='ltr'>διεφθαρμένος·</span> <span class='ocrx_word' id='word_1_845' title='bbox 2574 4377 2729 4448; x_wconf 77' lang='grc' dir='ltr'>οὗτος</span> <span class='ocrx_word' id='word_1_846' title='bbox 2762 4384 3036 4456; x_wconf 88' lang='grc' dir='ltr'>ὲπανέστη</span> <span class='ocrx_word' id='word_1_847' title='bbox 3088 4384 3220 4438; x_wconf 84' lang='grc' dir='ltr'>ποτὲ</span> <span class='ocrx_word' id='word_1_848' title='bbox 3253 4384 3330 4455; x_wconf 84' lang='grc' dir='ltr'>τῷ</span> <span class='ocrx_word' id='word_1_849' title='bbox 3361 4384 3564 4456; x_wconf 86' lang='grc' dir='ltr'>πατρί·</span> 
     </span>
    </p>
   </div>
   <div class='ocr_carea' id='block_1_106' title="bbox 1985 4475 3570 4548">
    <p class='ocr_par' dir='ltr' id='par_1_106' title="bbox 1985 4475 3570 4548">
     <span class='ocr_line' id='line_1_106' title="bbox 1985 4475 3570 4548; baseline -0.001 -17"><span class='ocrx_word' id='word_1_850' title='bbox 1985 4479 2081 4531; x_wconf 66' lang='grc' dir='ltr'>καὶ¹</span> <span class='ocrx_word' id='word_1_851' title='bbox 2109 4477 2210 4548; x_wconf 77' lang='grc' dir='ltr'>τῆς</span> <span class='ocrx_word' id='word_1_852' title='bbox 2231 4477 2504 4548; x_wconf 87' lang='grc' dir='ltr'>βασιλείας</span> <span class='ocrx_word' id='word_1_853' title='bbox 2528 4476 2712 4542; x_wconf 80' lang='grc' dir='ltr'>αὑτὸν,</span> <span class='ocrx_word' id='word_1_854' title='bbox 2746 4477 2842 4530; x_wconf 71' lang='grc' dir='ltr'>καὶ</span> <span class='ocrx_word' id='word_1_855' title='bbox 2867 4475 2969 4547; x_wconf 83' lang='grc' dir='ltr'>τῆς</span> <span class='ocrx_word' id='word_1_856' title='bbox 2989 4475 3188 4541; x_wconf 88' lang='grc' dir='ltr'>οἰκίας,</span> <span class='ocrx_word' id='word_1_857' title='bbox 3217 4477 3312 4530; x_wconf 70' lang='grc' dir='ltr'>καὶ</span> <span class='ocrx_word' id='word_1_858' title='bbox 3338 4475 3439 4546; x_wconf 85' lang='grc' dir='ltr'>τῆς</span> <span class='ocrx_word' id='word_1_859' title='bbox 3462 4494 3570 4530; x_wconf 63' lang='grc' dir='ltr'>παι</span> 
     </span>
    </p>
   </div>
   <div class='ocr_carea' id='block_1_107' title="bbox 1981 4566 3568 4641">
    <p class='ocr_par' dir='ltr' id='par_1_107' title="bbox 1981 4566 3568 4641">
     <span class='ocr_line' id='line_1_107' title="bbox 1981 4566 3568 4641; baseline -0.001 -19"><span class='ocrx_word' id='word_1_860' title='bbox 1981 4567 2164 4641; x_wconf 89' lang='grc' dir='ltr'>τρίδος</span> <span class='ocrx_word' id='word_1_861' title='bbox 2197 4567 2462 4631; x_wconf 81' lang='grc' dir='ltr'>ἐκϐαλὼν,</span> <span class='ocrx_word' id='word_1_862' title='bbox 2482 4567 2644 4630; x_wconf 82' lang='grc' dir='ltr'>αὐτὸς</span> <span class='ocrx_word' id='word_1_863' title='bbox 2665 4566 2780 4620; x_wconf 85' lang='grc' dir='ltr'>ἀντ’</span> <span class='ocrx_word' id='word_1_864' title='bbox 2802 4567 3011 4621; x_wconf 81' lang='grc' dir='ltr'>ἐκείνου</span> <span class='ocrx_word' id='word_1_865' title='bbox 3043 4569 3305 4639; x_wconf 89' lang='grc' dir='ltr'>κατέσχεν</span> <span class='ocrx_word' id='word_1_866' title='bbox 3327 4569 3568 4633; x_wconf 78' lang='grc' dir='ltr'>ἅπαντα,</span> 
     </span>
    </p>
   </div>
   <div class='ocr_carea' id='block_1_108' title="bbox 1983 4658 3569 4732">
    <p class='ocr_par' dir='ltr' id='par_1_108' title="bbox 1983 4658 3569 4732">
     <span class='ocr_line' id='line_1_108' title="bbox 1983 4658 3569 4732; baseline -0.002 -16"><span class='ocrx_word' id='word_1_867' title='bbox 1983 4663 2080 4716; x_wconf 74' lang='grc' dir='ltr'>καὶ</span> <span class='ocrx_word' id='word_1_868' title='bbox 2124 4660 2250 4714; x_wconf 79' lang='grc' dir='ltr'>οὔτε</span> <span class='ocrx_word' id='word_1_869' title='bbox 2279 4664 2379 4730; x_wconf 84' lang='grc' dir='ltr'>τὴν</span> <span class='ocrx_word' id='word_1_870' title='bbox 2414 4659 2595 4728; x_wconf 84' lang='grc' dir='ltr'>φύσιν,</span> <span class='ocrx_word' id='word_1_871' title='bbox 2636 4658 2760 4714; x_wconf 78' lang='grc' dir='ltr'>οὔτε</span> <span class='ocrx_word' id='word_1_872' title='bbox 2807 4660 2906 4731; x_wconf 81' lang='grc' dir='ltr'>τήν</span> <span class='ocrx_word' id='word_1_873' title='bbox 2949 4660 3262 4732; x_wconf 80' lang='grc' dir='ltr'>ἀνατροφὴν</span> <span class='ocrx_word' id='word_1_874' title='bbox 3289 4702 3304 4725; x_wconf 96' lang='grc'>,</span> <span class='ocrx_word' id='word_1_875' title='bbox 3351 4661 3414 4713; x_wconf 85' lang='grc' dir='ltr'>ού</span> <span class='ocrx_word' id='word_1_876' title='bbox 3465 4659 3569 4732; x_wconf 82' lang='grc' dir='ltr'>τὴν</span> 
     </span>
    </p>
   </div>
   <div class='ocr_carea' id='block_1_109' title="bbox 1982 4751 3571 4827">
    <p class='ocr_par' dir='ltr' id='par_1_109' title="bbox 1982 4751 3571 4827">
     <span class='ocr_line' id='line_1_109' title="bbox 1982 4751 3571 4827; baseline -0.001 -20"><span class='ocrx_word' id='word_1_877' title='bbox 1982 4754 2220 4827; x_wconf 81' lang='grc' dir='ltr'>ἠλικίαν,</span> <span class='ocrx_word' id='word_1_878' title='bbox 2267 4755 2327 4806; x_wconf 90' lang='grc' dir='ltr'>ού</span> <span class='ocrx_word' id='word_1_879' title='bbox 2377 4753 2444 4807; x_wconf 85' lang='grc' dir='ltr'>τά</span> <span class='ocrx_word' id='word_1_880' title='bbox 2495 4752 2837 4824; x_wconf 81' lang='grc' dir='ltr'>προλαϐόντα</span> <span class='ocrx_word' id='word_1_881' title='bbox 2885 4754 3090 4825; x_wconf 72' lang='grc' dir='ltr'>ᾐδεῖτο·</span> <span class='ocrx_word' id='word_1_882' title='bbox 3127 4753 3244 4807; x_wconf 84' lang='grc' dir='ltr'>ἀλλ’</span> <span class='ocrx_word' id='word_1_883' title='bbox 3288 4753 3461 4817; x_wconf 69' lang='grc' dir='ltr'>οὕτως</span> <span class='ocrx_word' id='word_1_884' title='bbox 3494 4751 3571 4825; x_wconf 82' lang='grc' dir='ltr'>ἦν·</span> 
     </span>
    </p>
   </div>
   <div class='ocr_carea' id='block_1_110' title="bbox 1982 4843 3564 4917">
    <p class='ocr_par' dir='ltr' id='par_1_110' title="bbox 1982 4843 3564 4917">
     <span class='ocr_line' id='line_1_110' title="bbox 1982 4843 3564 4917; baseline -0.001 -18"><span class='ocrx_word' id='word_1_885' title='bbox 1982 4843 2242 4909; x_wconf 84' lang='grc' dir='ltr'>καθάπαξ</span> <span class='ocrx_word' id='word_1_886' title='bbox 2265 4845 2416 4917; x_wconf 75' lang='grc' dir='ltr'>ὠμὸς</span> <span class='ocrx_word' id='word_1_887' title='bbox 2436 4847 2529 4898; x_wconf 73' lang='grc' dir='ltr'>καὶ</span> <span class='ocrx_word' id='word_1_888' title='bbox 2561 4843 2797 4917; x_wconf 78' lang='grc' dir='ltr'>ἀπηνὴς,</span> <span class='ocrx_word' id='word_1_889' title='bbox 2833 4846 2926 4898; x_wconf 77' lang='grc' dir='ltr'>καὶ</span> <span class='ocrx_word' id='word_1_890' title='bbox 2951 4844 3141 4917; x_wconf 88' lang='grc' dir='ltr'>θηρίον</span> <span class='ocrx_word' id='word_1_891' title='bbox 3177 4845 3375 4917; x_wconf 81' lang='grc' dir='ltr'>μᾶλλον</span> <span class='ocrx_word' id='word_1_892' title='bbox 3401 4845 3433 4916; x_wconf 84' lang='grc' dir='ltr'>ἢ</span> <span class='ocrx_word' id='word_1_893' title='bbox 3465 4844 3564 4898; x_wconf 78' lang='grc' dir='ltr'>ἄν·</span> 
     </span>
    </p>
   </div>
   <div class='ocr_carea' id='block_1_111' title="bbox 1982 4933 3564 5010">
    <p class='ocr_par' dir='ltr' id='par_1_111' title="bbox 1982 4933 3564 5010">
     <span class='ocr_line' id='line_1_111' title="bbox 1982 4933 3564 5010; baseline -0.002 -18"><span class='ocrx_word' id='word_1_894' title='bbox 1982 4939 2218 5010; x_wconf 85' lang='grc' dir='ltr'>θρωπος,</span> <span class='ocrx_word' id='word_1_895' title='bbox 2268 4938 2346 5002; x_wconf 86' lang='grc' dir='ltr'>ὡς</span> <span class='ocrx_word' id='word_1_896' title='bbox 2375 4940 2588 4992; x_wconf 79' lang='grc' dir='ltr'>ἅπαντα</span> <span class='ocrx_word' id='word_1_897' title='bbox 2623 4937 2796 4991; x_wconf 88' lang='grc' dir='ltr'>ταῦτα</span> <span class='ocrx_word' id='word_1_898' title='bbox 2817 4933 3116 5010; x_wconf 76' lang='grc' dir='ltr'>διαρρήξας</span> <span class='ocrx_word' id='word_1_899' title='bbox 3153 4939 3221 4992; x_wconf 85' lang='grc' dir='ltr'>τά</span> <span class='ocrx_word' id='word_1_900' title='bbox 3244 4937 3564 5008; x_wconf 89' lang='grc' dir='ltr'>κωλύματα,</span> 
     </span>
    </p>
   </div>
   <div class='ocr_carea' id='block_1_112' title="bbox 1983 5029 3565 5102">
    <p class='ocr_par' dir='ltr' id='par_1_112' title="bbox 1983 5029 3565 5102">
     <span class='ocr_line' id='line_1_112' title="bbox 1983 5029 3565 5102; baseline -0.001 -18"><span class='ocrx_word' id='word_1_901' title='bbox 1983 5032 2166 5094; x_wconf 81' lang='grc' dir='ltr'>αὐτοῖς</span> <span class='ocrx_word' id='word_1_902' title='bbox 2218 5031 2551 5102; x_wconf 84' lang='grc' dir='ltr'>έπιπηδῆσαι</span> <span class='ocrx_word' id='word_1_903' title='bbox 2588 5031 2702 5094; x_wconf 89' lang='grc' dir='ltr'>τοῖς</span> <span class='ocrx_word' id='word_1_904' title='bbox 2761 5030 2860 5100; x_wconf 86' lang='grc' dir='ltr'>τῆς</span> <span class='ocrx_word' id='word_1_905' title='bbox 2918 5029 3131 5100; x_wconf 91' lang='grc' dir='ltr'>φύσεως</span> <span class='ocrx_word' id='word_1_906' title='bbox 3186 5030 3399 5100; x_wconf 85' lang='grc' dir='ltr'>νόμοις,</span> <span class='ocrx_word' id='word_1_907' title='bbox 3468 5029 3565 5082; x_wconf 78' lang='grc' dir='ltr'>καὶ</span> 
     </span>
    </p>
   </div>
   <div class='ocr_carea' id='block_1_113' title="bbox 1981 5121 3562 5196">
    <p class='ocr_par' dir='ltr' id='par_1_113' title="bbox 1981 5121 3562 5196">
     <span class='ocr_line' id='line_1_113' title="bbox 1981 5121 3562 5196; baseline -0.003 -18"><span class='ocrx_word' id='word_1_908' title='bbox 1981 5124 2228 5196; x_wconf 79' lang='grc' dir='ltr'>ταραχῆς</span> <span class='ocrx_word' id='word_1_909' title='bbox 2278 5123 2554 5195; x_wconf 80' lang='grc' dir='ltr'>ἐμπλῆσαι</span> <span class='ocrx_word' id='word_1_910' title='bbox 2591 5122 2806 5176; x_wconf 75' lang='grc' dir='ltr'>ἅπαντα</span> <span class='ocrx_word' id='word_1_911' title='bbox 2858 5122 2953 5176; x_wconf 77' lang='grc' dir='ltr'>καὶ</span> <span class='ocrx_word' id='word_1_912' title='bbox 2992 5121 3243 5195; x_wconf 86' lang='grc' dir='ltr'>θορύϐου.</span> <span class='ocrx_word' id='word_1_913' title='bbox 3300 5123 3409 5174; x_wconf 77' lang='grc' dir='ltr'>Καὶ</span> <span class='ocrx_word' id='word_1_914' title='bbox 3452 5122 3562 5192; x_wconf 73' lang='grc' dir='ltr'>γὰρ</span> 
     </span>
    </p>
   </div>
   <div class='ocr_carea' id='block_1_114' title="bbox 1983 5215 3561 5289">
    <p class='ocr_par' dir='ltr' id='par_1_114' title="bbox 1983 5215 3561 5289">
     <span class='ocr_line' id='line_1_114' title="bbox 1983 5215 3561 5289; baseline -0.001 -20"><span class='ocrx_word' id='word_1_915' title='bbox 1983 5217 2164 5270; x_wconf 85' lang='grc' dir='ltr'>πάντα</span> <span class='ocrx_word' id='word_1_916' title='bbox 2225 5215 2554 5288; x_wconf 84' lang='grc' dir='ltr'>ἀνετρέπετο</span> <span class='ocrx_word' id='word_1_917' title='bbox 2607 5215 2751 5282; x_wconf 88' lang='grc' dir='ltr'>τότε,</span> <span class='ocrx_word' id='word_1_918' title='bbox 2802 5215 3018 5285; x_wconf 88' lang='grc' dir='ltr'>φύσεως</span> <span class='ocrx_word' id='word_1_919' title='bbox 3073 5217 3210 5289; x_wconf 82' lang='grc' dir='ltr'>ὅροι,</span> <span class='ocrx_word' id='word_1_920' title='bbox 3259 5215 3561 5286; x_wconf 76' lang='grc' dir='ltr'>ἀνθρώπων</span> 
     </span>
    </p>
   </div>
   <div class='ocr_carea' id='block_1_115' title="bbox 1982 5307 3559 5382">
    <p class='ocr_par' dir='ltr' id='par_1_115' title="bbox 1982 5307 3559 5382">
     <span class='ocr_line' id='line_1_115' title="bbox 1982 5307 3559 5382; baseline -0.003 -19"><span class='ocrx_word' id='word_1_921' title='bbox 1982 5308 2164 5372; x_wconf 82' lang='grc' dir='ltr'>αἰδὼς,</span> <span class='ocrx_word' id='word_1_922' title='bbox 2187 5310 2222 5382; x_wconf 89' lang='grc' dir='ltr'>ή</span> <span class='ocrx_word' id='word_1_923' title='bbox 2239 5309 2376 5380; x_wconf 83' lang='grc' dir='ltr'>πρὸς</span> <span class='ocrx_word' id='word_1_924' title='bbox 2401 5307 2535 5362; x_wconf 81' lang='grc' dir='ltr'>Θεὸν</span> <span class='ocrx_word' id='word_1_925' title='bbox 2555 5307 2832 5374; x_wconf 81' lang='grc' dir='ltr'>εὐλάϐεια,</span> <span class='ocrx_word' id='word_1_926' title='bbox 2867 5307 3246 5381; x_wconf 89' lang='grc' dir='ltr'>φιλανθρωπία</span> <span class='ocrx_word' id='word_1_927' title='bbox 3277 5309 3370 5361; x_wconf 77' lang='grc' dir='ltr'>καὶ</span> <span class='ocrx_word' id='word_1_928' title='bbox 3392 5307 3559 5371; x_wconf 76' lang='grc' dir='ltr'>ἔλεος,</span> 
     </span>
    </p>
   </div>
   <div class='ocr_carea' id='block_1_116' title="bbox 1982 5399 3562 5475">
    <p class='ocr_par' dir='ltr' id='par_1_116' title="bbox 1982 5399 3562 5475">
     <span class='ocr_line' id='line_1_116' title="bbox 1982 5399 3562 5475; baseline -0.001 -19"><span class='ocrx_word' id='word_1_929' title='bbox 1982 5403 2252 5475; x_wconf 86' lang='grc' dir='ltr'>τροφείων</span> <span class='ocrx_word' id='word_1_930' title='bbox 2285 5401 2532 5474; x_wconf 73' lang='grc' dir='ltr'>ἀμοιϐαὶ,</span> <span class='ocrx_word' id='word_1_931' title='bbox 2587 5403 2682 5454; x_wconf 76' lang='grc' dir='ltr'>καὶ</span> <span class='ocrx_word' id='word_1_932' title='bbox 2710 5403 2744 5473; x_wconf 81' lang='grc' dir='ltr'>ή</span> <span class='ocrx_word' id='word_1_933' title='bbox 2777 5402 2915 5474; x_wconf 82' lang='grc' dir='ltr'>πρὸς</span> <span class='ocrx_word' id='word_1_934' title='bbox 2939 5402 3000 5456; x_wconf 85' lang='grc' dir='ltr'>τὸ</span> <span class='ocrx_word' id='word_1_935' title='bbox 3045 5402 3224 5473; x_wconf 77' lang='grc' dir='ltr'>γῆρας</span> <span class='ocrx_word' id='word_1_936' title='bbox 3265 5399 3447 5465; x_wconf 83' lang='grc' dir='ltr'>αἰδώς.</span> <span class='ocrx_word' id='word_1_937' title='bbox 3498 5403 3562 5455; x_wconf 81' lang='grc' dir='ltr'>Εἰ</span> 
     </span>
    </p>
   </div>
   <div class='ocr_carea' id='block_1_117' title="bbox 1983 5489 3562 5565">
    <p class='ocr_par' dir='ltr' id='par_1_117' title="bbox 1983 5489 3562 5565">
     <span class='ocr_line' id='line_1_117' title="bbox 1983 5489 3562 5565; baseline -0.003 -18"><span class='ocrx_word' id='word_1_938' title='bbox 1983 5493 2093 5565; x_wconf 83' lang='grc' dir='ltr'>γὰρ</span> <span class='ocrx_word' id='word_1_939' title='bbox 2127 5493 2220 5546; x_wconf 77' lang='grc' dir='ltr'>καὶ</span> <span class='ocrx_word' id='word_1_940' title='bbox 2256 5491 2332 5564; x_wconf 83' lang='grc' dir='ltr'>μή</span> <span class='ocrx_word' id='word_1_941' title='bbox 2368 5491 2444 5555; x_wconf 88' lang='grc' dir='ltr'>ώς</span> <span class='ocrx_word' id='word_1_942' title='bbox 2491 5492 2704 5561; x_wconf 87' lang='grc' dir='ltr'>πατέρα</span> <span class='ocrx_word' id='word_1_943' title='bbox 2758 5491 3072 5564; x_wconf 81' lang='grc' dir='ltr'>αἰδεσθῆναι</span> <span class='ocrx_word' id='word_1_944' title='bbox 3129 5489 3390 5562; x_wconf 71' lang='grc' dir='ltr'>ἠϐούλετο</span> <span class='ocrx_word' id='word_1_945' title='bbox 3416 5530 3431 5555; x_wconf 90' lang='grc'>,</span> <span class='ocrx_word' id='word_1_946' title='bbox 3486 5491 3562 5555; x_wconf 83' lang='grc' dir='ltr'>ὡς</span> 
     </span>
    </p>
   </div>
   <div class='ocr_carea' id='block_1_118' title="bbox 2048 5707 3563 5792">
    <p class='ocr_par' dir='ltr' id='par_1_118' title="bbox 2048 5707 3563 5792">
     <span class='ocr_line' id='line_1_118' title="bbox 2048 5707 3563 5792; baseline 0.002 -2"><span class='ocrx_word' id='word_1_947' title='bbox 2048 5717 2070 5745; x_wconf 80' lang='lat'><strong><em>°</em></strong></span> <span class='ocrx_word' id='word_1_948' title='bbox 2093 5713 2229 5792; x_wconf 59' lang='grc' dir='ltr'>Βθῇ</span> <span class='ocrx_word' id='word_1_949' title='bbox 2245 5709 2322 5792; x_wconf 62' lang='grc' dir='ltr'>3ξὲ</span> <span class='ocrx_word' id='word_1_950' title='bbox 2339 5711 2501 5792; x_wconf 64' lang='grc' dir='ltr'>κιιίι»</span> <span class='ocrx_word' id='word_1_951' title='bbox 2521 5709 2677 5786; x_wconf 65' lang='grc' dir='ltr'>φησίνῐ</span> <span class='ocrx_word' id='word_1_952' title='bbox 2700 5711 2802 5759; x_wconf 72' lang='grc' dir='ltr'>ἀντι</span> <span class='ocrx_word' id='word_1_953' title='bbox 2819 5707 3266 5792; x_wconf 63' lang='grc' dir='ltr'>ῑοῖθν,ἐκαλμὲε.θπὲρ</span> <span class='ocrx_word' id='word_1_954' title='bbox 3285 5707 3472 5792; x_wconf 46' lang='lat' dir='ltr'>Mi?</span> 
     </span>
    </p>
   </div>
   <div class='ocr_carea' id='block_1_119' title="bbox 1986 5771 3560 5837">
    <p class='ocr_par' dir='ltr' id='par_1_119' title="bbox 1986 5771 3560 5837">
     <span class='ocr_line' id='line_1_119' title="bbox 1986 5771 3560 5837; baseline -0.003 -14"><span class='ocrx_word' id='word_1_955' title='bbox 1986 5778 2150 5825; x_wconf 86' lang='grc' dir='ltr'>Δαυίδ.</span> <span class='ocrx_word' id='word_1_956' title='bbox 2180 5775 2354 5831; x_wconf 58' lang='lat' dir='ltr'>uno;</span> <span class='ocrx_word' id='word_1_957' title='bbox 2387 5771 2778 5837; x_wconf 67' lang='grc' dir='ltr'>δδ,ἀγνοημάτων</span> <span class='ocrx_word' id='word_1_958' title='bbox 2821 5771 2987 5834; x_wconf 83' lang='grc' dir='ltr'>Δαυὶδ,</span> <span class='ocrx_word' id='word_1_959' title='bbox 3026 5772 3108 5820; x_wconf 81' lang='grc' dir='ltr'>καὶ</span> <span class='ocrx_word' id='word_1_960' title='bbox 3134 5771 3345 5820; x_wconf 67' lang='grc' dir='ltr'>ἀντίτοῦ</span> <span class='ocrx_word' id='word_1_961' title='bbox 3386 5771 3560 5829; x_wconf 69' lang='grc' dir='ltr'>Χουσὶ,</span> 
     </span>
    </p>
   </div>
   <div class='ocr_carea' id='block_1_120' title="bbox 1988 5838 3579 5901">
    <p class='ocr_par' dir='ltr' id='par_1_120' title="bbox 1988 5838 3579 5901">
     <span class='ocr_line' id='line_1_120' title="bbox 1988 5838 3579 5901; baseline -0.002 -13"><span class='ocrx_word' id='word_1_962' title='bbox 1988 5838 2210 5896; x_wconf 75' lang='grc' dir='ltr'>Αἰθίοπός</span> <span class='ocrx_word' id='word_1_963' title='bbox 2228 5853 2358 5901; x_wconf 73' lang='grc' dir='ltr'>φησι.</span> <span class='ocrx_word' id='word_1_964' title='bbox 3480 5855 3486 5864; x_wconf 73' lang='grc' dir='ltr'>ι</span> <span class='ocrx_word' id='word_1_965' title='bbox 3565 5848 3579 5862; x_wconf 84' lang='grc'><strong><em>“</em></strong></span> 
     </span>
    </p>
   </div>
  </div>
