  <div class='ocr_page' id='page_1' title='image "/cluster/home/n/w/nwhite01/storage/ocr_20150623/55/nnc1.0046980016/072.png"; bbox 0 0 4040 6342; ppageno 0'>
   <div class='ocr_carea' id='block_1_1' title="bbox 264 356 3543 436">
    <p class='ocr_par' dir='ltr' id='par_1_1' title="bbox 264 356 3543 436">
     <span class='ocr_line' id='line_1_1' title="bbox 264 356 3543 436; baseline 0.008 -25"><span class='ocrx_word' id='word_1_1' title='bbox 264 356 333 411; x_wconf 65' lang='lat' dir='ltr'><strong>8i</strong></span> <span class='ocrx_word' id='word_1_2' title='bbox 1452 364 1813 421; x_wconf 71' lang='lat' dir='ltr'><strong>EXPOSITIO</strong></span> <span class='ocrx_word' id='word_1_3' title='bbox 1849 366 1919 422; x_wconf 79' lang='lat' dir='ltr'><strong>IN</strong></span> <span class='ocrx_word' id='word_1_4' title='bbox 1956 366 2276 425; x_wconf 73' lang='lat' dir='ltr'><strong>PSALMUM</strong></span> <span class='ocrx_word' id='word_1_5' title='bbox 2304 370 2412 425; x_wconf 61' lang='grc' dir='ltr'><strong>ΥΠ.</strong></span> <span class='ocrx_word' id='word_1_6' title='bbox 2778 369 2787 379; x_wconf 74' lang='grc'><em>’</em></span> <span class='ocrx_word' id='word_1_7' title='bbox 3473 379 3543 436; x_wconf 66' lang='lat'><strong>83</strong></span> 
     </span>
    </p>
   </div>
   <div class='ocr_carea' id='block_1_2' title="bbox 274 472 1860 545">
    <p class='ocr_par' dir='ltr' id='par_1_2' title="bbox 274 472 1860 545">
     <span class='ocr_line' id='line_1_2' title="bbox 274 472 1860 545; baseline 0.008 -23"><span class='ocrx_word' id='word_1_8' title='bbox 274 484 505 537; x_wconf 80' lang='lat' dir='ltr'><strong>patrem,</strong></span> <span class='ocrx_word' id='word_1_9' title='bbox 532 472 723 527; x_wconf 88' lang='lat' dir='ltr'><strong>saltem</strong></span> <span class='ocrx_word' id='word_1_10' title='bbox 738 475 980 530; x_wconf 69' lang='lat' dir='ltr'><strong>rrevereri</strong></span> <span class='ocrx_word' id='word_1_11' title='bbox 1003 478 1281 544; x_wconf 77' lang='lat' dir='ltr'><strong>oportebat</strong></span> <span class='ocrx_word' id='word_1_12' title='bbox 1301 489 1358 533; x_wconf 91' lang='lat' dir='ltr'><strong>ut</strong></span> <span class='ocrx_word' id='word_1_13' title='bbox 1383 493 1594 545; x_wconf 89' lang='lat' dir='ltr'><strong>senem;</strong></span> <span class='ocrx_word' id='word_1_14' title='bbox 1627 479 1672 534; x_wconf 88' lang='lat' dir='ltr'><strong>si</strong></span> <span class='ocrx_word' id='word_1_15' title='bbox 1697 495 1860 535; x_wconf 88' lang='lat' dir='ltr'><strong>canos</strong></span> 
     </span>
    </p>
   </div>
   <div class='ocr_carea' id='block_1_3' title="bbox 276 564 1861 643">
    <p class='ocr_par' dir='ltr' id='par_1_3' title="bbox 276 564 1861 643">
     <span class='ocr_line' id='line_1_3' title="bbox 276 564 1861 643; baseline 0.009 -29"><span class='ocrx_word' id='word_1_16' title='bbox 276 564 612 633; x_wconf 76' lang='lat' dir='ltr'><strong>negligebat,</strong></span> <span class='ocrx_word' id='word_1_17' title='bbox 661 578 807 622; x_wconf 90' lang='lat' dir='ltr'><strong>certe</strong></span> <span class='ocrx_word' id='word_1_18' title='bbox 849 578 905 623; x_wconf 91' lang='lat' dir='ltr'><strong>ut</strong></span> <span class='ocrx_word' id='word_1_19' title='bbox 935 569 1372 637; x_wconf 23' lang='lat' dir='ltr'><strong>abenefaotorem;</strong></span> <span class='ocrx_word' id='word_1_20' title='bbox 1418 574 1557 643; x_wconf 90' lang='lat' dir='ltr'><strong>quod</strong></span> <span class='ocrx_word' id='word_1_21' title='bbox 1586 575 1629 627; x_wconf 90' lang='lat' dir='ltr'><strong>si</strong></span> <span class='ocrx_word' id='word_1_22' title='bbox 1658 589 1758 628; x_wconf 92' lang='lat' dir='ltr'><strong>nec</strong></span> <span class='ocrx_word' id='word_1_23' title='bbox 1785 574 1861 629; x_wconf 89' lang='lat' dir='ltr'><strong>sic</strong></span> 
     </span>
    </p>
   </div>
   <div class='ocr_carea' id='block_1_4' title="bbox 272 654 1861 732">
    <p class='ocr_par' dir='ltr' id='par_1_4' title="bbox 272 654 1861 732">
     <span class='ocr_line' id='line_1_4' title="bbox 272 654 1861 732; baseline 0.006 -26"><span class='ocrx_word' id='word_1_24' title='bbox 272 654 492 721; x_wconf 85' lang='lat' dir='ltr'><strong>quidem</strong></span> <span class='ocrx_word' id='word_1_25' title='bbox 513 696 529 721; x_wconf 92' lang='lat'><strong>,</strong></span> <span class='ocrx_word' id='word_1_26' title='bbox 562 664 621 710; x_wconf 89' lang='lat' dir='ltr'><strong>ut</strong></span> <span class='ocrx_word' id='word_1_27' title='bbox 648 672 770 712; x_wconf 90' lang='lat' dir='ltr'><strong>eum</strong></span> <span class='ocrx_word' id='word_1_28' title='bbox 798 660 1010 727; x_wconf 85' lang='lat' dir='ltr'><strong>quidem</strong></span> <span class='ocrx_word' id='word_1_29' title='bbox 1037 670 1183 717; x_wconf 90' lang='lat' dir='ltr'><strong>certe</strong></span> <span class='ocrx_word' id='word_1_30' title='bbox 1209 663 1297 732; x_wconf 85' lang='lat' dir='ltr'><strong>qui</strong></span> <span class='ocrx_word' id='word_1_31' title='bbox 1326 663 1521 717; x_wconf 84' lang='lat' dir='ltr'><strong>nullam</strong></span> <span class='ocrx_word' id='word_1_32' title='bbox 1553 662 1755 718; x_wconf 88' lang='lat' dir='ltr'><strong>fecerat</strong></span> <span class='ocrx_word' id='word_1_33' title='bbox 1778 663 1861 717; x_wconf 83' lang='lat' dir='ltr'><strong>in-</strong></span> 
     </span>
    </p>
   </div>
   <div class='ocr_carea' id='block_1_5' title="bbox 264 743 1860 825">
    <p class='ocr_par' dir='ltr' id='par_1_5' title="bbox 264 743 1860 825">
     <span class='ocr_line' id='line_1_5' title="bbox 264 743 1860 825; baseline 0.005 -27"><span class='ocrx_word' id='word_1_34' title='bbox 264 743 467 813; x_wconf 86' lang='lat' dir='ltr'><strong>juriam</strong></span> <span class='ocrx_word' id='word_1_35' title='bbox 494 764 508 800; x_wconf 90' lang='lat'><strong>:</strong></span> <span class='ocrx_word' id='word_1_36' title='bbox 534 747 627 802; x_wconf 90' lang='lat' dir='ltr'><strong>sed</strong></span> <span class='ocrx_word' id='word_1_37' title='bbox 645 750 1024 820; x_wconf 85' lang='lat' dir='ltr'><strong>amor-imperii</strong></span> <span class='ocrx_word' id='word_1_38' title='bbox 1044 750 1180 807; x_wconf 89' lang='lat' dir='ltr'><strong>hanc</strong></span> <span class='ocrx_word' id='word_1_39' title='bbox 1201 753 1591 825; x_wconf 81' lang='lat' dir='ltr'><strong>omnemejecit</strong></span> <span class='ocrx_word' id='word_1_40' title='bbox 1610 768 1860 808; x_wconf 88' lang='lat' dir='ltr'><strong>reveren-</strong></span> 
     </span>
    </p>
   </div>
   <div class='ocr_carea' id='block_1_6' title="bbox 273 836 1856 914">
    <p class='ocr_par' dir='ltr' id='par_1_6' title="bbox 273 836 1856 914">
     <span class='ocr_line' id='line_1_6' title="bbox 273 836 1856 914; baseline 0.007 -27"><span class='ocrx_word' id='word_1_41' title='bbox 273 836 427 901; x_wconf 82' lang='lat' dir='ltr'><strong>tiam,</strong></span> <span class='ocrx_word' id='word_1_42' title='bbox 457 845 513 892; x_wconf 85' lang='lat' dir='ltr'><strong>et</strong></span> <span class='ocrx_word' id='word_1_43' title='bbox 550 838 816 894; x_wconf 87' lang='lat' dir='ltr'><strong>hominem</strong></span> <span class='ocrx_word' id='word_1_44' title='bbox 849 841 901 894; x_wconf 94' lang='lat' dir='ltr'><strong>in</strong></span> <span class='ocrx_word' id='word_1_45' title='bbox 932 840 1407 899; x_wconf 88' lang='lat' dir='ltr'><strong>feramconvertit.</strong></span> <span class='ocrx_word' id='word_1_46' title='bbox 1438 844 1504 898; x_wconf 88' lang='lat' dir='ltr'><strong>Et</strong></span> <span class='ocrx_word' id='word_1_47' title='bbox 1530 843 1615 898; x_wconf 88' lang='lat' dir='ltr'><strong>hic</strong></span> <span class='ocrx_word' id='word_1_48' title='bbox 1641 843 1856 914; x_wconf 89' lang='lat' dir='ltr'><strong>quidem</strong></span> 
     </span>
    </p>
   </div>
   <div class='ocr_carea' id='block_1_7' title="bbox 267 931 1859 1005">
    <p class='ocr_par' dir='ltr' id='par_1_7' title="bbox 267 931 1859 1005">
     <span class='ocr_line' id='line_1_7' title="bbox 267 931 1859 1005; baseline 0.007 -26"><span class='ocrx_word' id='word_1_49' title='bbox 267 932 487 985; x_wconf 86' lang='lat' dir='ltr'><strong>beatus.</strong></span> <span class='ocrx_word' id='word_1_50' title='bbox 511 931 741 998; x_wconf 91' lang='lat' dir='ltr'><strong>quieum</strong></span> <span class='ocrx_word' id='word_1_51' title='bbox 765 942 1021 1001; x_wconf 81' lang='lat' dir='ltr'><strong>genuerat</strong></span> <span class='ocrx_word' id='word_1_52' title='bbox 1039 934 1347 1002; x_wconf 81' lang='lat' dir='ltr'><strong>et-aluerat,</strong></span> <span class='ocrx_word' id='word_1_53' title='bbox 1369 943 1636 1005; x_wconf 82' lang='lat' dir='ltr'><strong>tamquam</strong></span> <span class='ocrx_word' id='word_1_54' title='bbox 1659 951 1782 990; x_wconf 91' lang='lat' dir='ltr'><strong>erro</strong></span> <span class='ocrx_word' id='word_1_55' title='bbox 1805 945 1859 991; x_wconf 92' lang='lat' dir='ltr'><strong>et</strong></span> 
     </span>
    </p>
   </div>
   <div class='ocr_carea' id='block_1_8' title="bbox 270 1020 1859 1099">
    <p class='ocr_par' dir='ltr' id='par_1_8' title="bbox 270 1020 1859 1099">
     <span class='ocr_line' id='line_1_8' title="bbox 270 1020 1859 1099; baseline 0.009 -29"><span class='ocrx_word' id='word_1_56' title='bbox 270 1020 530 1090; x_wconf 77' lang='lat' dir='ltr'><strong>profugus</strong></span> <span class='ocrx_word' id='word_1_57' title='bbox 556 1023 848 1079; x_wconf 84' lang='lat' dir='ltr'><strong>errabatin</strong></span> <span class='ocrx_word' id='word_1_58' title='bbox 874 1026 1109 1094; x_wconf 86' lang='lat' dir='ltr'><strong>deserto,</strong></span> <span class='ocrx_word' id='word_1_59' title='bbox 1135 1037 1190 1083; x_wconf 93' lang='lat' dir='ltr'><strong>et</strong></span> <span class='ocrx_word' id='word_1_60' title='bbox 1214 1043 1333 1098; x_wconf 70' lang='lat' dir='ltr'><strong>quae</strong></span> <span class='ocrx_word' id='word_1_61' title='bbox 1357 1044 1421 1083; x_wconf 85' lang='lat' dir='ltr'><strong>ex</strong></span> <span class='ocrx_word' id='word_1_62' title='bbox 1444 1028 1535 1084; x_wconf 81' lang='lat' dir='ltr'><strong>bis</strong></span> <span class='ocrx_word' id='word_1_63' title='bbox 1563 1038 1859 1099; x_wconf 81' lang='lat' dir='ltr'><strong>seqttuntur</strong></span> 
     </span>
    </p>
   </div>
   <div class='ocr_carea' id='block_1_9' title="bbox 258 1111 1857 1190">
    <p class='ocr_par' dir='ltr' id='par_1_9' title="bbox 258 1111 1857 1190">
     <span class='ocr_line' id='line_1_9' title="bbox 258 1111 1857 1190; baseline 0.006 -27"><span class='ocrx_word' id='word_1_64' title='bbox 258 1111 433 1165; x_wconf 82' lang='lat' dir='ltr'><strong>malis</strong></span> <span class='ocrx_word' id='word_1_65' title='bbox 463 1115 862 1182; x_wconf 89' lang='lat' dir='ltr'><strong>opprimebatur</strong></span> <span class='ocrx_word' id='word_1_66' title='bbox 881 1135 894 1171; x_wconf 92' lang='lat'><strong>:</strong></span> <span class='ocrx_word' id='word_1_67' title='bbox 914 1117 1004 1172; x_wconf 88' lang='lat' dir='ltr'><strong>ille</strong></span> <span class='ocrx_word' id='word_1_68' title='bbox 1030 1133 1160 1174; x_wconf 83' lang='lat' dir='ltr'><strong>vero</strong></span> <span class='ocrx_word' id='word_1_69' title='bbox 1186 1120 1237 1174; x_wconf 93' lang='lat' dir='ltr'><strong>in</strong></span> <span class='ocrx_word' id='word_1_70' title='bbox 1255 1120 1416 1175; x_wconf 82' lang='lat' dir='ltr'><strong>bonis</strong></span> <span class='ocrx_word' id='word_1_71' title='bbox 1436 1121 1675 1190; x_wconf 81' lang='lat' dir='ltr'><strong>paternis</strong></span> <span class='ocrx_word' id='word_1_72' title='bbox 1703 1122 1857 1175; x_wconf 82' lang='lat' dir='ltr'><strong>volu-</strong></span> 
     </span>
    </p>
   </div>
   <div class='ocr_carea' id='block_1_10' title="bbox 272 1206 1858 1283">
    <p class='ocr_par' dir='ltr' id='par_1_10' title="bbox 272 1206 1858 1283">
     <span class='ocr_line' id='line_1_10' title="bbox 272 1206 1858 1283; baseline 0.008 -28"><span class='ocrx_word' id='word_1_73' title='bbox 272 1211 482 1271; x_wconf 87' lang='lat' dir='ltr'><strong>ptatem</strong></span> <span class='ocrx_word' id='word_1_74' title='bbox 522 1206 787 1273; x_wconf 81' lang='lat' dir='ltr'><strong>explebat.</strong></span> <span class='ocrx_word' id='word_1_75' title='bbox 834 1209 966 1264; x_wconf 87' lang='lat' dir='ltr'><strong>Cum</strong></span> <span class='ocrx_word' id='word_1_76' title='bbox 998 1225 1096 1266; x_wconf 77' lang='lat' dir='ltr'><strong>~res</strong></span> <span class='ocrx_word' id='word_1_77' title='bbox 1133 1226 1261 1283; x_wconf 84' lang='lat' dir='ltr'><strong>ergo</strong></span> <span class='ocrx_word' id='word_1_78' title='bbox 1290 1213 1361 1267; x_wconf 92' lang='lat' dir='ltr'><strong>ita</strong></span> <span class='ocrx_word' id='word_1_79' title='bbox 1386 1228 1447 1267; x_wconf 92' lang='lat' dir='ltr'><strong>se</strong></span> <span class='ocrx_word' id='word_1_80' title='bbox 1476 1212 1761 1279; x_wconf 85' lang='lat' dir='ltr'><strong>haberent,</strong></span> <span class='ocrx_word' id='word_1_81' title='bbox 1794 1228 1858 1267; x_wconf 92' lang='lat' dir='ltr'><strong>ac</strong></span> 
     </span>
    </p>
   </div>
   <div class='ocr_carea' id='block_1_11' title="bbox 268 1294 1853 1375">
    <p class='ocr_par' dir='ltr' id='par_1_11' title="bbox 268 1294 1853 1375">
     <span class='ocr_line' id='line_1_11' title="bbox 268 1294 1853 1375; baseline 0.008 -29"><span class='ocrx_word' id='word_1_82' title='bbox 268 1308 399 1347; x_wconf 87' lang='lat' dir='ltr'><strong>cum</strong></span> <span class='ocrx_word' id='word_1_83' title='bbox 427 1294 520 1349; x_wconf 88' lang='lat' dir='ltr'><strong>illo</strong></span> <span class='ocrx_word' id='word_1_84' title='bbox 544 1308 724 1351; x_wconf 78' lang='lat' dir='ltr'><strong>essent</strong></span> <span class='ocrx_word' id='word_1_85' title='bbox 746 1302 1031 1367; x_wconf 85' lang='lat' dir='ltr'><strong>exercitus,</strong></span> <span class='ocrx_word' id='word_1_86' title='bbox 1055 1312 1385 1374; x_wconf 77' lang='lat' dir='ltr'><strong>tyrannoque</strong></span> <span class='ocrx_word' id='word_1_87' title='bbox 1411 1305 1853 1375; x_wconf 80' lang='lat' dir='ltr'><strong>urbes&#39;parerent,</strong></span> 
     </span>
    </p>
   </div>
   <div class='ocr_carea' id='block_1_12' title="bbox 269 1385 1856 1462">
    <p class='ocr_par' dir='ltr' id='par_1_12' title="bbox 269 1385 1856 1462">
     <span class='ocr_line' id='line_1_12' title="bbox 269 1385 1856 1462; baseline 0.009 -25"><span class='ocrx_word' id='word_1_88' title='bbox 269 1385 492 1453; x_wconf 84' lang='lat' dir='ltr'><strong>quidam</strong></span> <span class='ocrx_word' id='word_1_89' title='bbox 512 1386 720 1455; x_wconf 70' lang='lat' dir='ltr'><strong>Clttlsi,</strong></span> <span class='ocrx_word' id='word_1_90' title='bbox 755 1391 838 1445; x_wconf 87' lang='lat' dir='ltr'><strong>vir</strong></span> <span class='ocrx_word' id='word_1_91' title='bbox 876 1393 1104 1460; x_wconf 82' lang='lat' dir='ltr'><strong>probus,</strong></span> <span class='ocrx_word' id='word_1_92' title='bbox 1145 1394 1327 1449; x_wconf 87' lang='lat' dir='ltr'><strong>Davidi</strong></span> <span class='ocrx_word' id='word_1_93' title='bbox 1363 1396 1599 1462; x_wconf 90' lang='lat' dir='ltr'><strong>amicus,</strong></span> <span class='ocrx_word' id='word_1_94' title='bbox 1628 1410 1775 1451; x_wconf 86' lang='lat' dir='ltr'><strong>suam</strong></span> <span class='ocrx_word' id='word_1_95' title='bbox 1805 1398 1856 1452; x_wconf 91' lang='lat' dir='ltr'><strong>in</strong></span> 
     </span>
    </p>
   </div>
   <div class='ocr_carea' id='block_1_13' title="bbox 272 1478 1858 1553">
    <p class='ocr_par' dir='ltr' id='par_1_13' title="bbox 272 1478 1858 1553">
     <span class='ocr_line' id='line_1_13' title="bbox 272 1478 1858 1553; baseline 0.008 -23"><span class='ocrx_word' id='word_1_96' title='bbox 272 1492 403 1531; x_wconf 87' lang='lat' dir='ltr'><strong>eum</strong></span> <span class='ocrx_word' id='word_1_97' title='bbox 432 1478 719 1534; x_wconf 85' lang='lat' dir='ltr'><strong>amicitiam</strong></span> <span class='ocrx_word' id='word_1_98' title='bbox 748 1493 1004 1553; x_wconf 86' lang='lat' dir='ltr'><strong>perpetuo</strong></span> <span class='ocrx_word' id='word_1_99' title='bbox 1023 1487 1358 1541; x_wconf 70' lang='lat' dir='ltr'><strong>conservavit</strong></span> <span class='ocrx_word' id='word_1_100' title='bbox 1378 1487 1429 1542; x_wconf 92' lang='lat' dir='ltr'><strong>in</strong></span> <span class='ocrx_word' id='word_1_101' title='bbox 1450 1487 1549 1541; x_wconf 89' lang='lat' dir='ltr'><strong>hac</strong></span> <span class='ocrx_word' id='word_1_102' title='bbox 1569 1489 1858 1544; x_wconf 84' lang='lat' dir='ltr'><strong>mutatione</strong></span> 
     </span>
    </p>
   </div>
   <div class='ocr_carea' id='block_1_14' title="bbox 273 1574 1857 1645">
    <p class='ocr_par' dir='ltr' id='par_1_14' title="bbox 273 1574 1857 1645">
     <span class='ocr_line' id='line_1_14' title="bbox 273 1574 1857 1645; baseline 0.009 -25"><span class='ocrx_word' id='word_1_103' title='bbox 273 1574 610 1637; x_wconf 87' lang='lat' dir='ltr'><strong>temporum;</strong></span> <span class='ocrx_word' id='word_1_104' title='bbox 649 1581 705 1626; x_wconf 92' lang='lat' dir='ltr'><strong>et</strong></span> <span class='ocrx_word' id='word_1_105' title='bbox 746 1588 867 1629; x_wconf 92' lang='lat' dir='ltr'><strong>cum</strong></span> <span class='ocrx_word' id='word_1_106' title='bbox 908 1589 1052 1645; x_wconf 72' lang='lat' dir='ltr'><strong>srepe</strong></span> <span class='ocrx_word' id='word_1_107' title='bbox 1088 1591 1209 1631; x_wconf 89' lang='lat' dir='ltr'><strong>eum</strong></span> <span class='ocrx_word' id='word_1_108' title='bbox 1248 1578 1468 1633; x_wconf 84' lang='lat' dir='ltr'><strong>vidisset</strong></span> <span class='ocrx_word' id='word_1_109' title='bbox 1507 1587 1774 1634; x_wconf 86' lang='lat' dir='ltr'><strong>errantem</strong></span> <span class='ocrx_word' id='word_1_110' title='bbox 1803 1579 1857 1633; x_wconf 89' lang='lat' dir='ltr'><strong>in</strong></span> 
     </span>
    </p>
   </div>
   <div class='ocr_carea' id='block_1_15' title="bbox 272 1658 1861 1737">
    <p class='ocr_par' dir='ltr' id='par_1_15' title="bbox 272 1658 1861 1737">
     <span class='ocr_line' id='line_1_15' title="bbox 272 1658 1861 1737; baseline 0.009 -27"><span class='ocrx_word' id='word_1_111' title='bbox 272 1658 582 1725; x_wconf 79' lang='lat' dir='ltr'><strong>solitudine,</strong></span> <span class='ocrx_word' id='word_1_112' title='bbox 610 1661 806 1733; x_wconf 81' lang='lat' dir='ltr'><strong>dirupit</strong></span> <span class='ocrx_word' id='word_1_113' title='bbox 833 1665 1335 1737; x_wconf 85' lang='lat' dir='ltr'><strong>tunicam,aspersit</strong></span> <span class='ocrx_word' id='word_1_114' title='bbox 1359 1683 1416 1723; x_wconf 88' lang='lat' dir='ltr'><strong>se</strong></span> <span class='ocrx_word' id='word_1_115' title='bbox 1440 1669 1638 1737; x_wconf 88' lang='lat' dir='ltr'><strong>cinere,</strong></span> <span class='ocrx_word' id='word_1_116' title='bbox 1666 1670 1861 1726; x_wconf 88' lang='lat' dir='ltr'><strong>acerbe</strong></span> 
     </span>
    </p>
   </div>
   <div class='ocr_carea' id='block_1_16' title="bbox 273 1747 1857 1830">
    <p class='ocr_par' dir='ltr' id='par_1_16' title="bbox 273 1747 1857 1830">
     <span class='ocr_line' id='line_1_16' title="bbox 273 1747 1857 1830; baseline 0.009 -30"><span class='ocrx_word' id='word_1_117' title='bbox 273 1747 427 1803; x_wconf 81' lang='lat' dir='ltr'><strong>ﬂevit</strong></span> <span class='ocrx_word' id='word_1_118' title='bbox 468 1759 525 1804; x_wconf 90' lang='lat' dir='ltr'><strong>et</strong></span> <span class='ocrx_word' id='word_1_119' title='bbox 555 1752 966 1820; x_wconf 80' lang='lat' dir='ltr'><strong>miserabiliter,</strong></span> <span class='ocrx_word' id='word_1_120' title='bbox 1003 1772 1243 1827; x_wconf 80' lang='lat' dir='ltr'><strong>cumque</strong></span> <span class='ocrx_word' id='word_1_121' title='bbox 1283 1758 1413 1813; x_wconf 88' lang='lat' dir='ltr'><strong>nihil</strong></span> <span class='ocrx_word' id='word_1_122' title='bbox 1445 1760 1598 1814; x_wconf 78' lang='lat' dir='ltr'><strong>aliud</strong></span> <span class='ocrx_word' id='word_1_123' title='bbox 1641 1769 1857 1830; x_wconf 81' lang='lat' dir='ltr'><strong>posset,</strong></span> 
     </span>
    </p>
   </div>
   <div class='ocr_carea' id='block_1_17' title="bbox 276 1839 1859 1911">
    <p class='ocr_par' dir='ltr' id='par_1_17' title="bbox 276 1839 1859 1911">
     <span class='ocr_line' id='line_1_17' title="bbox 276 1839 1859 1911; baseline 0.009 -19"><span class='ocrx_word' id='word_1_124' title='bbox 276 1839 636 1911; x_wconf 82' lang='lat' dir='ltr'><strong>laerymarum</strong></span> <span class='ocrx_word' id='word_1_125' title='bbox 688 1843 842 1900; x_wconf 81' lang='lat' dir='ltr'><strong>atl‘ert</strong></span> <span class='ocrx_word' id='word_1_126' title='bbox 892 1848 1332 1904; x_wconf 87' lang='lat' dir='ltr'><strong>consolationem.</strong></span> <span class='ocrx_word' id='word_1_127' title='bbox 1389 1850 1503 1904; x_wconf 88' lang='lat' dir='ltr'><strong>Non</strong></span> <span class='ocrx_word' id='word_1_128' title='bbox 1551 1860 1665 1906; x_wconf 90' lang='lat' dir='ltr'><strong>erat</strong></span> <span class='ocrx_word' id='word_1_129' title='bbox 1715 1852 1859 1907; x_wconf 91' lang='lat' dir='ltr'><strong>enim</strong></span> 
     </span>
    </p>
   </div>
   <div class='ocr_carea' id='block_1_18' title="bbox 272 1933 1861 2012">
    <p class='ocr_par' dir='ltr' id='par_1_18' title="bbox 272 1933 1861 2012">
     <span class='ocr_line' id='line_1_18' title="bbox 272 1933 1861 2012; baseline 0.012 -30"><span class='ocrx_word' id='word_1_130' title='bbox 272 1933 483 1986; x_wconf 85' lang='lat' dir='ltr'><strong>amicus</strong></span> <span class='ocrx_word' id='word_1_131' title='bbox 511 1944 804 2004; x_wconf 84' lang='lat' dir='ltr'><strong>temporum</strong></span> <span class='ocrx_word' id='word_1_132' title='bbox 830 1980 845 2003; x_wconf 92' lang='lat'><strong>,</strong></span> <span class='ocrx_word' id='word_1_133' title='bbox 885 1955 984 1996; x_wconf 87' lang='lat' dir='ltr'><strong>nec</strong></span> <span class='ocrx_word' id='word_1_134' title='bbox 1021 1944 1289 2012; x_wconf 58' lang='lat' dir='ltr'><strong>potentias,</strong></span> <span class='ocrx_word' id='word_1_135' title='bbox 1333 1943 1426 1999; x_wconf 89' lang='lat' dir='ltr'><strong>sed</strong></span> <span class='ocrx_word' id='word_1_136' title='bbox 1469 1941 1708 2010; x_wconf 74' lang='lat' dir='ltr'><strong>virtutis;</strong></span> <span class='ocrx_word' id='word_1_137' title='bbox 1741 1946 1861 2001; x_wconf 80' lang='lat' dir='ltr'><strong>ideo</strong></span> 
     </span>
    </p>
   </div>
   <div class='ocr_carea' id='block_1_19' title="bbox 277 2021 1857 2099">
    <p class='ocr_par' dir='ltr' id='par_1_19' title="bbox 277 2021 1857 2099">
     <span class='ocr_line' id='line_1_19' title="bbox 277 2021 1857 2099; baseline 0.011 -25"><span class='ocrx_word' id='word_1_138' title='bbox 277 2021 409 2077; x_wconf 90' lang='lat' dir='ltr'><strong>licet</strong></span> <span class='ocrx_word' id='word_1_139' title='bbox 434 2023 522 2079; x_wconf 91' lang='lat' dir='ltr'><strong>ille</strong></span> <span class='ocrx_word' id='word_1_140' title='bbox 551 2041 716 2094; x_wconf 83' lang='lat' dir='ltr'><strong>regno</strong></span> <span class='ocrx_word' id='word_1_141' title='bbox 744 2029 944 2099; x_wconf 89' lang='lat' dir='ltr'><strong>ejectus</strong></span> <span class='ocrx_word' id='word_1_142' title='bbox 967 2043 1129 2099; x_wconf 83' lang='lat' dir='ltr'><strong>esset,</strong></span> <span class='ocrx_word' id='word_1_143' title='bbox 1163 2051 1268 2090; x_wconf 91' lang='lat' dir='ltr'><strong>non</strong></span> <span class='ocrx_word' id='word_1_144' title='bbox 1298 2047 1525 2090; x_wconf 84' lang='lat' dir='ltr'><strong>mutarat</strong></span> <span class='ocrx_word' id='word_1_145' title='bbox 1549 2038 1857 2092; x_wconf 85' lang='lat' dir='ltr'><strong>amicitiam.</strong></span> 
     </span>
    </p>
   </div>
   <div class='ocr_carea' id='block_1_20' title="bbox 276 2114 1860 2194">
    <p class='ocr_par' dir='ltr' id='par_1_20' title="bbox 276 2114 1860 2194">
     <span class='ocr_line' id='line_1_20' title="bbox 276 2114 1860 2194; baseline 0.009 -28"><span class='ocrx_word' id='word_1_146' title='bbox 276 2114 415 2168; x_wconf 81' lang='lat' dir='ltr'><strong>Cum</strong></span> <span class='ocrx_word' id='word_1_147' title='bbox 441 2132 570 2186; x_wconf 88' lang='lat' dir='ltr'><strong>ergo</strong></span> <span class='ocrx_word' id='word_1_148' title='bbox 598 2118 800 2175; x_wconf 75' lang='lat' dir='ltr'><strong>videret</strong></span> <span class='ocrx_word' id='word_1_149' title='bbox 821 2122 984 2178; x_wconf 90' lang='lat' dir='ltr'><strong>David</strong></span> <span class='ocrx_word' id='word_1_150' title='bbox 1009 2140 1131 2179; x_wconf 89' lang='lat' dir='ltr'><strong>eum</strong></span> <span class='ocrx_word' id='word_1_151' title='bbox 1163 2127 1277 2181; x_wconf 71' lang='lat' dir='ltr'><strong>hrcc</strong></span> <span class='ocrx_word' id='word_1_152' title='bbox 1303 2127 1370 2181; x_wconf 90' lang='lat' dir='ltr'><strong>ita</strong></span> <span class='ocrx_word' id='word_1_153' title='bbox 1403 2126 1707 2194; x_wconf 78' lang='lat' dir='ltr'><strong>facientem,</strong></span> <span class='ocrx_word' id='word_1_154' title='bbox 1734 2127 1860 2182; x_wconf 89' lang='lat' dir='ltr'><strong>dicit</strong></span> 
     </span>
    </p>
   </div>
   <div class='ocr_carea' id='block_1_21' title="bbox 269 2206 1861 2290">
    <p class='ocr_par' dir='ltr' id='par_1_21' title="bbox 269 2206 1861 2290">
     <span class='ocr_line' id='line_1_21' title="bbox 269 2206 1861 2290; baseline 0.011 -31"><span class='ocrx_word' id='word_1_155' title='bbox 269 2206 329 2259; x_wconf 79' lang='lat' dir='ltr'><strong>ei</strong></span> <span class='ocrx_word' id='word_1_156' title='bbox 354 2207 525 2263; x_wconf 85' lang='lat' dir='ltr'><strong>:Sunt</strong></span> <span class='ocrx_word' id='word_1_157' title='bbox 551 2208 665 2266; x_wconf 72' lang='lat' dir='ltr'><strong>haec</strong></span> <span class='ocrx_word' id='word_1_158' title='bbox 690 2213 901 2280; x_wconf 90' lang='lat' dir='ltr'><strong>quidem</strong></span> <span class='ocrx_word' id='word_1_159' title='bbox 928 2218 1104 2281; x_wconf 89' lang='lat' dir='ltr'><strong>amici,</strong></span> <span class='ocrx_word' id='word_1_160' title='bbox 1127 2228 1180 2273; x_wconf 94' lang='lat' dir='ltr'><strong>et</strong></span> <span class='ocrx_word' id='word_1_161' title='bbox 1199 2218 1312 2288; x_wconf 89' lang='lat' dir='ltr'><strong>ejus</strong></span> <span class='ocrx_word' id='word_1_162' title='bbox 1339 2220 1425 2290; x_wconf 89' lang='lat' dir='ltr'><strong>qui</strong></span> <span class='ocrx_word' id='word_1_163' title='bbox 1454 2221 1504 2275; x_wconf 92' lang='lat' dir='ltr'><strong>in</strong></span> <span class='ocrx_word' id='word_1_164' title='bbox 1532 2235 1629 2276; x_wconf 90' lang='lat' dir='ltr'><strong>nos</strong></span> <span class='ocrx_word' id='word_1_165' title='bbox 1654 2222 1861 2277; x_wconf 86' lang='lat' dir='ltr'><strong>sincere</strong></span> 
     </span>
    </p>
   </div>
   <div class='ocr_carea' id='block_1_22' title="bbox 277 2295 1862 2376">
    <p class='ocr_par' dir='ltr' id='par_1_22' title="bbox 277 2295 1862 2376">
     <span class='ocr_line' id='line_1_22' title="bbox 277 2295 1862 2376; baseline 0.012 -28"><span class='ocrx_word' id='word_1_166' title='bbox 277 2295 507 2351; x_wconf 65' lang='lat' dir='ltr'><strong>allectus</strong></span> <span class='ocrx_word' id='word_1_167' title='bbox 531 2308 613 2354; x_wconf 87' lang='lat' dir='ltr'><strong>est</strong></span> <span class='ocrx_word' id='word_1_168' title='bbox 637 2319 651 2356; x_wconf 91' lang='lat'><strong>:</strong></span> <span class='ocrx_word' id='word_1_169' title='bbox 675 2302 770 2356; x_wconf 90' lang='lat' dir='ltr'><strong>sed</strong></span> <span class='ocrx_word' id='word_1_170' title='bbox 795 2303 924 2359; x_wconf 84' lang='lat' dir='ltr'><strong>nihil</strong></span> <span class='ocrx_word' id='word_1_171' title='bbox 952 2322 1052 2361; x_wconf 89' lang='lat' dir='ltr'><strong>nos</strong></span> <span class='ocrx_word' id='word_1_172' title='bbox 1085 2307 1346 2376; x_wconf 90' lang='lat' dir='ltr'><strong>juvahunt</strong></span> <span class='ocrx_word' id='word_1_173' title='bbox 1368 2329 1381 2363; x_wconf 92' lang='lat'>:</span> <span class='ocrx_word' id='word_1_174' title='bbox 1406 2310 1526 2365; x_wconf 86' lang='lat' dir='ltr'><strong>ideo</strong></span> <span class='ocrx_word' id='word_1_175' title='bbox 1552 2312 1862 2366; x_wconf 88' lang='lat' dir='ltr'><strong>consultan-</strong></span> 
     </span>
    </p>
   </div>
   <div class='ocr_carea' id='block_1_23' title="bbox 278 2386 1862 2473">
    <p class='ocr_par' dir='ltr' id='par_1_23' title="bbox 278 2386 1862 2473">
     <span class='ocr_line' id='line_1_23' title="bbox 278 2386 1862 2473; baseline 0.011 -32"><span class='ocrx_word' id='word_1_176' title='bbox 278 2386 415 2441; x_wconf 80' lang='lat' dir='ltr'><strong>dum</strong></span> <span class='ocrx_word' id='word_1_177' title='bbox 444 2397 560 2457; x_wconf 90' lang='lat' dir='ltr'><strong>est,</strong></span> <span class='ocrx_word' id='word_1_178' title='bbox 599 2401 653 2447; x_wconf 91' lang='lat' dir='ltr'><strong>et</strong></span> <span class='ocrx_word' id='word_1_179' title='bbox 674 2395 873 2465; x_wconf 90' lang='lat' dir='ltr'><strong>aliquid</strong></span> <span class='ocrx_word' id='word_1_180' title='bbox 901 2399 1305 2469; x_wconf 74' lang='lat' dir='ltr'><strong>excogitandum</strong></span> <span class='ocrx_word' id='word_1_181' title='bbox 1324 2442 1339 2466; x_wconf 92' lang='lat'><strong>,</strong></span> <span class='ocrx_word' id='word_1_182' title='bbox 1369 2412 1513 2457; x_wconf 83' lang='lat' dir='ltr'><strong>utea</strong></span> <span class='ocrx_word' id='word_1_183' title='bbox 1540 2403 1731 2473; x_wconf 87' lang='lat' dir='ltr'><strong>quibus</strong></span> <span class='ocrx_word' id='word_1_184' title='bbox 1757 2404 1862 2459; x_wconf 88' lang='lat' dir='ltr'><strong>im-</strong></span> 
     </span>
    </p>
   </div>
   <div class='ocr_carea' id='block_1_24' title="bbox 284 2479 1864 2556">
    <p class='ocr_par' dir='ltr' id='par_1_24' title="bbox 284 2479 1864 2556">
     <span class='ocr_line' id='line_1_24' title="bbox 284 2479 1864 2556; baseline 0.013 -24"><span class='ocrx_word' id='word_1_185' title='bbox 284 2479 456 2546; x_wconf 86' lang='lat' dir='ltr'><strong>pliciti</strong></span> <span class='ocrx_word' id='word_1_186' title='bbox 480 2496 683 2549; x_wconf 88' lang='lat' dir='ltr'><strong>sumus,</strong></span> <span class='ocrx_word' id='word_1_187' title='bbox 709 2486 844 2542; x_wconf 86' lang='lat' dir='ltr'><strong>mala</strong></span> <span class='ocrx_word' id='word_1_188' title='bbox 866 2490 1154 2556; x_wconf 88' lang='lat' dir='ltr'><strong>solvantur,</strong></span> <span class='ocrx_word' id='word_1_189' title='bbox 1180 2501 1235 2547; x_wconf 87' lang='lat' dir='ltr'><strong>et</strong></span> <span class='ocrx_word' id='word_1_190' title='bbox 1256 2494 1580 2549; x_wconf 83' lang='lat' dir='ltr'><strong>inveniamus</strong></span> <span class='ocrx_word' id='word_1_191' title='bbox 1594 2496 1864 2554; x_wconf 80' lang='lat' dir='ltr'><strong>rationem</strong></span> 
     </span>
    </p>
   </div>
   <div class='ocr_carea' id='block_1_25' title="bbox 284 2571 1863 2654">
    <p class='ocr_par' dir='ltr' id='par_1_25' title="bbox 284 2571 1863 2654">
     <span class='ocr_line' id='line_1_25' title="bbox 284 2571 1863 2654; baseline 0.013 -32"><span class='ocrx_word' id='word_1_192' title='bbox 284 2584 393 2625; x_wconf 88' lang='lat' dir='ltr'><strong>nos</strong></span> <span class='ocrx_word' id='word_1_193' title='bbox 418 2571 675 2630; x_wconf 83' lang='lat' dir='ltr'><strong>liberandi</strong></span> <span class='ocrx_word' id='word_1_194' title='bbox 695 2577 762 2633; x_wconf 89' lang='lat' dir='ltr'><strong>ab</strong></span> <span class='ocrx_word' id='word_1_195' title='bbox 783 2578 866 2634; x_wconf 90' lang='lat' dir='ltr'><strong>bis</strong></span> <span class='ocrx_word' id='word_1_196' title='bbox 891 2580 1298 2639; x_wconf 81' lang='lat' dir='ltr'><strong>calamitatibus.</strong></span> <span class='ocrx_word' id='word_1_197' title='bbox 1330 2584 1452 2640; x_wconf 71' lang='lat' dir='ltr'><strong>Hmc</strong></span> <span class='ocrx_word' id='word_1_198' title='bbox 1472 2601 1591 2640; x_wconf 92' lang='lat' dir='ltr'><strong>cum</strong></span> <span class='ocrx_word' id='word_1_199' title='bbox 1618 2586 1863 2654; x_wconf 83' lang='lat' dir='ltr'><strong>dixisset,</strong></span> 
     </span>
    </p>
   </div>
   <div class='ocr_carea' id='block_1_26' title="bbox 286 2661 1864 2744">
    <p class='ocr_par' dir='ltr' id='par_1_26' title="bbox 286 2661 1864 2744">
     <span class='ocr_line' id='line_1_26' title="bbox 286 2661 1864 2744; baseline 0.011 -30"><span class='ocrx_word' id='word_1_200' title='bbox 286 2661 452 2717; x_wconf 88' lang='lat' dir='ltr'><strong>talem</strong></span> <span class='ocrx_word' id='word_1_201' title='bbox 485 2663 554 2718; x_wconf 83' lang='lat' dir='ltr'><strong>illi</strong></span> <span class='ocrx_word' id='word_1_202' title='bbox 582 2668 752 2736; x_wconf 89' lang='lat' dir='ltr'><strong>aperit</strong></span> <span class='ocrx_word' id='word_1_203' title='bbox 792 2672 1145 2727; x_wconf 88' lang='lat' dir='ltr'><strong>sententiam:</strong></span> <span class='ocrx_word' id='word_1_204' title='bbox 1172 2674 1317 2729; x_wconf 83' lang='lat' dir='ltr'><strong>Vade</strong></span> <span class='ocrx_word' id='word_1_205' title='bbox 1358 2674 1424 2728; x_wconf 88' lang='lat' dir='ltr'><strong>ad</strong></span> <span class='ocrx_word' id='word_1_206' title='bbox 1462 2676 1625 2730; x_wconf 81' lang='lat' dir='ltr'><strong>filium</strong></span> <span class='ocrx_word' id='word_1_207' title='bbox 1653 2691 1864 2744; x_wconf 89' lang='lat' dir='ltr'><strong>meum,</strong></span> 
     </span>
    </p>
   </div>
   <div class='ocr_carea' id='block_1_27' title="bbox 285 2754 1865 2833">
    <p class='ocr_par' dir='ltr' id='par_1_27' title="bbox 285 2754 1865 2833">
     <span class='ocr_line' id='line_1_27' title="bbox 285 2754 1865 2833; baseline 0.011 -29"><span class='ocrx_word' id='word_1_208' title='bbox 285 2759 347 2805; x_wconf 79' lang='lat' dir='ltr'><strong>et</strong></span> <span class='ocrx_word' id='word_1_209' title='bbox 368 2754 525 2808; x_wconf 88' lang='lat' dir='ltr'><strong>amici</strong></span> <span class='ocrx_word' id='word_1_210' title='bbox 552 2767 790 2827; x_wconf 86' lang='lat' dir='ltr'><strong>suscepta</strong></span> <span class='ocrx_word' id='word_1_211' title='bbox 813 2774 1037 2829; x_wconf 88' lang='lat' dir='ltr'><strong>persona</strong></span> <span class='ocrx_word' id='word_1_212' title='bbox 1058 2762 1293 2819; x_wconf 87' lang='lat' dir='ltr'><strong>disturba</strong></span> <span class='ocrx_word' id='word_1_213' title='bbox 1318 2765 1443 2819; x_wconf 91' lang='lat' dir='ltr'><strong>mihi</strong></span> <span class='ocrx_word' id='word_1_214' title='bbox 1468 2766 1605 2820; x_wconf 91' lang='lat' dir='ltr'><strong>illius</strong></span> <span class='ocrx_word' id='word_1_215' title='bbox 1623 2767 1865 2833; x_wconf 81' lang='lat' dir='ltr'><strong>consilia,</strong></span> 
     </span>
    </p>
   </div>
   <div class='ocr_carea' id='block_1_28' title="bbox 284 2842 1866 2923">
    <p class='ocr_par' dir='ltr' id='par_1_28' title="bbox 284 2842 1866 2923">
     <span class='ocr_line' id='line_1_28' title="bbox 284 2842 1866 2923; baseline 0.011 -29"><span class='ocrx_word' id='word_1_216' title='bbox 284 2854 345 2896; x_wconf 89' lang='lat' dir='ltr'><strong>et</strong></span> <span class='ocrx_word' id='word_1_217' title='bbox 369 2842 457 2897; x_wconf 79' lang='lat' dir='ltr'><strong>fac</strong></span> <span class='ocrx_word' id='word_1_218' title='bbox 487 2855 541 2899; x_wconf 92' lang='lat' dir='ltr'><strong>ut</strong></span> <span class='ocrx_word' id='word_1_219' title='bbox 566 2847 633 2901; x_wconf 88' lang='lat' dir='ltr'><strong>sit</strong></span> <span class='ocrx_word' id='word_1_220' title='bbox 656 2848 861 2904; x_wconf 89' lang='lat' dir='ltr'><strong>irritum</strong></span> <span class='ocrx_word' id='word_1_221' title='bbox 880 2853 1243 2923; x_wconf 86' lang='lat' dir='ltr'><strong>Aehitophclis</strong></span> <span class='ocrx_word' id='word_1_222' title='bbox 1260 2857 1554 2910; x_wconf 78' lang='lat' dir='ltr'><strong>consilium.</strong></span> <span class='ocrx_word' id='word_1_223' title='bbox 1574 2857 1671 2912; x_wconf 84' lang='lat' dir='ltr'><strong>Hic</strong></span> <span class='ocrx_word' id='word_1_224' title='bbox 1688 2868 1866 2913; x_wconf 88' lang='lat' dir='ltr'><strong>autem</strong></span> 
     </span>
    </p>
   </div>
   <div class='ocr_carea' id='block_1_29' title="bbox 286 2936 1867 3017">
    <p class='ocr_par' dir='ltr' id='par_1_29' title="bbox 286 2936 1867 3017">
     <span class='ocr_line' id='line_1_29' title="bbox 286 2936 1867 3017; baseline 0.01 -28"><span class='ocrx_word' id='word_1_225' title='bbox 286 2936 610 3007; x_wconf 72' lang='lat' dir='ltr'><strong>AchitOphel</strong></span> <span class='ocrx_word' id='word_1_226' title='bbox 646 2942 788 3009; x_wconf 85' lang='lat' dir='ltr'><strong>apud</strong></span> <span class='ocrx_word' id='word_1_227' title='bbox 828 2953 1109 3014; x_wconf 89' lang='lat' dir='ltr'><strong>tyrannum</strong></span> <span class='ocrx_word' id='word_1_228' title='bbox 1138 2956 1263 3003; x_wconf 88' lang='lat' dir='ltr'><strong>tunc</strong></span> <span class='ocrx_word' id='word_1_229' title='bbox 1286 2951 1463 3003; x_wconf 87' lang='lat' dir='ltr'><strong>omnia</strong></span> <span class='ocrx_word' id='word_1_230' title='bbox 1502 2958 1742 3017; x_wconf 86' lang='lat' dir='ltr'><strong>poterat,</strong></span> <span class='ocrx_word' id='word_1_231' title='bbox 1790 2950 1867 3005; x_wconf 88' lang='lat' dir='ltr'><strong>rei</strong></span> 
     </span>
    </p>
   </div>
   <div class='ocr_carea' id='block_1_30' title="bbox 286 3029 1869 3115">
    <p class='ocr_par' dir='ltr' id='par_1_30' title="bbox 286 3029 1869 3115">
     <span class='ocr_line' id='line_1_30' title="bbox 286 3029 1869 3115; baseline 0.011 -33"><span class='ocrx_word' id='word_1_232' title='bbox 286 3029 509 3098; x_wconf 87' lang='lat' dir='ltr'><strong>quidem</strong></span> <span class='ocrx_word' id='word_1_233' title='bbox 538 3033 779 3091; x_wconf 90' lang='lat' dir='ltr'><strong>militaris</strong></span> <span class='ocrx_word' id='word_1_234' title='bbox 802 3039 954 3093; x_wconf 86' lang='lat' dir='ltr'><strong>valde</strong></span> <span class='ocrx_word' id='word_1_235' title='bbox 987 3042 1185 3110; x_wconf 82' lang='lat' dir='ltr'><strong>peritus</strong></span> <span class='ocrx_word' id='word_1_236' title='bbox 1208 3084 1220 3107; x_wconf 85' lang='lat'><strong>,</strong></span> <span class='ocrx_word' id='word_1_237' title='bbox 1249 3044 1336 3113; x_wconf 90' lang='lat' dir='ltr'><strong>qui</strong></span> <span class='ocrx_word' id='word_1_238' title='bbox 1364 3044 1415 3098; x_wconf 92' lang='lat' dir='ltr'><strong>in</strong></span> <span class='ocrx_word' id='word_1_239' title='bbox 1441 3044 1581 3099; x_wconf 90' lang='lat' dir='ltr'><strong>bello</strong></span> <span class='ocrx_word' id='word_1_240' title='bbox 1608 3054 1662 3101; x_wconf 93' lang='lat' dir='ltr'><strong>et</strong></span> <span class='ocrx_word' id='word_1_241' title='bbox 1686 3045 1869 3115; x_wconf 66' lang='lat' dir='ltr'><strong>praelia</strong></span> 
     </span>
    </p>
   </div>
   <div class='ocr_carea' id='block_1_31' title="bbox 289 3120 1871 3205">
    <p class='ocr_par' dir='ltr' id='par_1_31' title="bbox 289 3120 1871 3205">
     <span class='ocr_line' id='line_1_31' title="bbox 289 3120 1871 3205; baseline 0.013 -34"><span class='ocrx_word' id='word_1_242' title='bbox 289 3120 627 3188; x_wconf 88' lang='lat' dir='ltr'><strong>imperatoris</strong></span> <span class='ocrx_word' id='word_1_243' title='bbox 666 3137 844 3196; x_wconf 84' lang='lat' dir='ltr'><strong>partes</strong></span> <span class='ocrx_word' id='word_1_244' title='bbox 886 3133 1141 3200; x_wconf 67' lang='lat' dir='ltr'><strong>praeclare</strong></span> <span class='ocrx_word' id='word_1_245' title='bbox 1191 3149 1349 3203; x_wconf 82' lang='lat' dir='ltr'><strong>agere</strong></span> <span class='ocrx_word' id='word_1_246' title='bbox 1388 3144 1616 3205; x_wconf 78' lang='lat' dir='ltr'><strong>poterat,</strong></span> <span class='ocrx_word' id='word_1_247' title='bbox 1657 3146 1713 3191; x_wconf 92' lang='lat' dir='ltr'><strong>et</strong></span> <span class='ocrx_word' id='word_1_248' title='bbox 1750 3136 1871 3191; x_wconf 90' lang='lat' dir='ltr'><strong>ideo</strong></span> 
     </span>
    </p>
   </div>
   <div class='ocr_carea' id='block_1_32' title="bbox 290 3212 1870 3299">
    <p class='ocr_par' dir='ltr' id='par_1_32' title="bbox 290 3212 1870 3299">
     <span class='ocr_line' id='line_1_32' title="bbox 290 3212 1870 3299; baseline 0.012 -34"><span class='ocrx_word' id='word_1_249' title='bbox 290 3212 465 3269; x_wconf 86' lang='lat' dir='ltr'><strong>David</strong></span> <span class='ocrx_word' id='word_1_250' title='bbox 513 3232 632 3273; x_wconf 92' lang='lat' dir='ltr'><strong>eum</strong></span> <span class='ocrx_word' id='word_1_251' title='bbox 674 3220 795 3291; x_wconf 90' lang='lat' dir='ltr'><strong>plus</strong></span> <span class='ocrx_word' id='word_1_252' title='bbox 835 3224 1054 3280; x_wconf 87' lang='lat' dir='ltr'><strong>timebat</strong></span> <span class='ocrx_word' id='word_1_253' title='bbox 1084 3242 1241 3296; x_wconf 89' lang='lat' dir='ltr'><strong>quam</strong></span> <span class='ocrx_word' id='word_1_254' title='bbox 1285 3236 1564 3299; x_wconf 86' lang='lat' dir='ltr'><strong>tyranuum</strong></span> <span class='ocrx_word' id='word_1_255' title='bbox 1608 3247 1624 3285; x_wconf 90' lang='lat'><strong>:</strong></span> <span class='ocrx_word' id='word_1_256' title='bbox 1666 3237 1870 3284; x_wconf 83' lang='lat' dir='ltr'><strong>tantum</strong></span> 
     </span>
    </p>
   </div>
   <div class='ocr_carea' id='block_1_33' title="bbox 291 3305 1867 3391">
    <p class='ocr_par' dir='ltr' id='par_1_33' title="bbox 291 3305 1867 3391">
     <span class='ocr_line' id='line_1_33' title="bbox 291 3305 1867 3391; baseline 0.011 -33"><span class='ocrx_word' id='word_1_257' title='bbox 291 3305 512 3377; x_wconf 84' lang='lat' dir='ltr'><strong>ingenio</strong></span> <span class='ocrx_word' id='word_1_258' title='bbox 544 3311 751 3366; x_wconf 89' lang='lat' dir='ltr'><strong>valebat</strong></span> <span class='ocrx_word' id='word_1_259' title='bbox 788 3323 842 3369; x_wconf 92' lang='lat' dir='ltr'><strong>et</strong></span> <span class='ocrx_word' id='word_1_260' title='bbox 877 3317 1175 3385; x_wconf 85' lang='lat' dir='ltr'><strong>prudentia.</strong></span> <span class='ocrx_word' id='word_1_261' title='bbox 1200 3318 1295 3374; x_wconf 81' lang='lat' dir='ltr'><strong>His</strong></span> <span class='ocrx_word' id='word_1_262' title='bbox 1319 3319 1510 3376; x_wconf 85' lang='lat' dir='ltr'><strong>auditis</strong></span> <span class='ocrx_word' id='word_1_263' title='bbox 1537 3320 1628 3376; x_wconf 92' lang='lat' dir='ltr'><strong>ille</strong></span> <span class='ocrx_word' id='word_1_264' title='bbox 1655 3322 1867 3391; x_wconf 89' lang='lat' dir='ltr'><strong>paruit,</strong></span> 
     </span>
    </p>
   </div>
   <div class='ocr_carea' id='block_1_34' title="bbox 282 3398 1871 3481">
    <p class='ocr_par' dir='ltr' id='par_1_34' title="bbox 282 3398 1871 3481">
     <span class='ocr_line' id='line_1_34' title="bbox 282 3398 1871 3481; baseline 0.011 -31"><span class='ocrx_word' id='word_1_265' title='bbox 282 3412 397 3451; x_wconf 76' lang='lat' dir='ltr'><strong>nec</strong></span> <span class='ocrx_word' id='word_1_266' title='bbox 418 3398 575 3454; x_wconf 85' lang='lat' dir='ltr'><strong>ullam</strong></span> <span class='ocrx_word' id='word_1_267' title='bbox 607 3404 777 3471; x_wconf 84' lang='lat' dir='ltr'><strong>pusilli</strong></span> <span class='ocrx_word' id='word_1_268' title='bbox 808 3416 905 3461; x_wconf 85' lang='lat' dir='ltr'><strong>aut</strong></span> <span class='ocrx_word' id='word_1_269' title='bbox 936 3408 1130 3477; x_wconf 84' lang='lat' dir='ltr'><strong>abjeeti</strong></span> <span class='ocrx_word' id='word_1_270' title='bbox 1168 3409 1333 3464; x_wconf 87' lang='lat' dir='ltr'><strong>animi</strong></span> <span class='ocrx_word' id='word_1_271' title='bbox 1360 3411 1729 3481; x_wconf 79' lang='lat' dir='ltr'><strong>cogitationem</strong></span> <span class='ocrx_word' id='word_1_272' title='bbox 1754 3426 1871 3468; x_wconf 86' lang='lat' dir='ltr'><strong>sus-</strong></span> 
     </span>
    </p>
   </div>
   <div class='ocr_carea' id='block_1_35' title="bbox 288 3490 1871 3573">
    <p class='ocr_par' dir='ltr' id='par_1_35' title="bbox 288 3490 1871 3573">
     <span class='ocr_line' id='line_1_35' title="bbox 288 3490 1871 3573; baseline 0.012 -34"><span class='ocrx_word' id='word_1_273' title='bbox 288 3490 471 3556; x_wconf 86' lang='lat' dir='ltr'><strong>cepit,</strong></span> <span class='ocrx_word' id='word_1_274' title='bbox 506 3507 601 3547; x_wconf 87' lang='lat' dir='ltr'><strong>nec</strong></span> <span class='ocrx_word' id='word_1_275' title='bbox 627 3492 824 3550; x_wconf 87' lang='lat' dir='ltr'><strong>humile</strong></span> <span class='ocrx_word' id='word_1_276' title='bbox 846 3506 942 3551; x_wconf 89' lang='lat' dir='ltr'><strong>aut</strong></span> <span class='ocrx_word' id='word_1_277' title='bbox 971 3499 1215 3567; x_wconf 83' lang='lat' dir='ltr'><strong>ignavum</strong></span> <span class='ocrx_word' id='word_1_278' title='bbox 1240 3500 1366 3571; x_wconf 90' lang='lat' dir='ltr'><strong>quid</strong></span> <span class='ocrx_word' id='word_1_279' title='bbox 1391 3502 1666 3570; x_wconf 79' lang='lat' dir='ltr'><strong>cogitavit,</strong></span> <span class='ocrx_word' id='word_1_280' title='bbox 1697 3518 1871 3573; x_wconf 89' lang='lat' dir='ltr'><strong>neque</strong></span> 
     </span>
    </p>
   </div>
   <div class='ocr_carea' id='block_1_36' title="bbox 289 3579 1870 3662">
    <p class='ocr_par' dir='ltr' id='par_1_36' title="bbox 289 3579 1870 3662">
     <span class='ocr_line' id='line_1_36' title="bbox 289 3579 1870 3662; baseline 0.013 -33"><span class='ocrx_word' id='word_1_281' title='bbox 289 3579 430 3633; x_wconf 80' lang='lat' dir='ltr'><strong>dixit</strong></span> <span class='ocrx_word' id='word_1_282' title='bbox 445 3600 459 3634; x_wconf 91' lang='lat'><em>:</em></span> <span class='ocrx_word' id='word_1_283' title='bbox 474 3582 610 3649; x_wconf 85' lang='lat' dir='ltr'><strong>Quid</strong></span> <span class='ocrx_word' id='word_1_284' title='bbox 632 3586 675 3639; x_wconf 88' lang='lat' dir='ltr'><strong>si</strong></span> <span class='ocrx_word' id='word_1_285' title='bbox 707 3588 855 3641; x_wconf 88' lang='lat' dir='ltr'><strong>fuero</strong></span> <span class='ocrx_word' id='word_1_286' title='bbox 874 3588 1272 3657; x_wconf 85' lang='lat' dir='ltr'><strong>deprehensus?</strong></span> <span class='ocrx_word' id='word_1_287' title='bbox 1287 3592 1410 3662; x_wconf 88' lang='lat' dir='ltr'><strong>quid</strong></span> <span class='ocrx_word' id='word_1_288' title='bbox 1431 3593 1473 3647; x_wconf 91' lang='lat' dir='ltr'><strong>si</strong></span> <span class='ocrx_word' id='word_1_289' title='bbox 1503 3593 1645 3647; x_wconf 88' lang='lat' dir='ltr'><strong>larva</strong></span> <span class='ocrx_word' id='word_1_290' title='bbox 1663 3593 1870 3649; x_wconf 87' lang='lat' dir='ltr'><strong>detecta</strong></span> 
     </span>
    </p>
   </div>
   <div class='ocr_carea' id='block_1_37' title="bbox 288 3672 1874 3753">
    <p class='ocr_par' dir='ltr' id='par_1_37' title="bbox 288 3672 1874 3753">
     <span class='ocr_line' id='line_1_37' title="bbox 288 3672 1874 3753; baseline 0.011 -28"><span class='ocrx_word' id='word_1_291' title='bbox 288 3672 491 3729; x_wconf 77' lang='lat' dir='ltr'><strong>fuerit?</strong></span> <span class='ocrx_word' id='word_1_292' title='bbox 517 3678 641 3746; x_wconf 85' lang='lat' dir='ltr'><strong>quid</strong></span> <span class='ocrx_word' id='word_1_293' title='bbox 669 3679 713 3733; x_wconf 90' lang='lat' dir='ltr'><strong>si</strong></span> <span class='ocrx_word' id='word_1_294' title='bbox 743 3679 897 3735; x_wconf 87' lang='lat' dir='ltr'><strong>fuerit</strong></span> <span class='ocrx_word' id='word_1_295' title='bbox 924 3681 1287 3753; x_wconf 90' lang='lat' dir='ltr'><strong>deprehensus</strong></span> <span class='ocrx_word' id='word_1_296' title='bbox 1313 3694 1462 3741; x_wconf 90' lang='lat' dir='ltr'><strong>actus</strong></span> <span class='ocrx_word' id='word_1_297' title='bbox 1489 3687 1874 3743; x_wconf 81' lang='lat' dir='ltr'><strong>simulationis?</strong></span> 
     </span>
    </p>
   </div>
   <div class='ocr_carea' id='block_1_38' title="bbox 291 3766 1875 3849">
    <p class='ocr_par' dir='ltr' id='par_1_38' title="bbox 291 3766 1875 3849">
     <span class='ocr_line' id='line_1_38' title="bbox 291 3766 1875 3849; baseline 0.011 -30"><span class='ocrx_word' id='word_1_298' title='bbox 291 3766 522 3823; x_wconf 86' lang='lat' dir='ltr'><strong>callidus</strong></span> <span class='ocrx_word' id='word_1_299' title='bbox 547 3771 898 3842; x_wconf 83' lang='lat' dir='ltr'><strong>Achitophel:</strong></span> <span class='ocrx_word' id='word_1_300' title='bbox 921 3773 1023 3830; x_wconf 90' lang='lat' dir='ltr'><strong>hoc</strong></span> <span class='ocrx_word' id='word_1_301' title='bbox 1059 3776 1282 3833; x_wconf 85' lang='lat' dir='ltr'><strong>fortasse</strong></span> <span class='ocrx_word' id='word_1_302' title='bbox 1311 3779 1691 3849; x_wconf 85' lang='lat' dir='ltr'><strong>deprehendet,</strong></span> <span class='ocrx_word' id='word_1_303' title='bbox 1722 3782 1875 3836; x_wconf 88' lang='lat' dir='ltr'><strong>dete-</strong></span> 
     </span>
    </p>
   </div>
   <div class='ocr_carea' id='block_1_39' title="bbox 292 3864 1873 3940">
    <p class='ocr_par' dir='ltr' id='par_1_39' title="bbox 292 3864 1873 3940">
     <span class='ocr_line' id='line_1_39' title="bbox 292 3864 1873 3940; baseline 0.009 -27"><span class='ocrx_word' id='word_1_304' title='bbox 292 3869 532 3927; x_wconf 80' lang='lat' dir='ltr'><strong>getque,</strong></span> <span class='ocrx_word' id='word_1_305' title='bbox 582 3870 635 3916; x_wconf 89' lang='lat' dir='ltr'><strong>et</strong></span> <span class='ocrx_word' id='word_1_306' title='bbox 676 3872 879 3920; x_wconf 87' lang='lat' dir='ltr'><strong>temere</strong></span> <span class='ocrx_word' id='word_1_307' title='bbox 918 3881 984 3921; x_wconf 85' lang='lat' dir='ltr'><strong>ac</strong></span> <span class='ocrx_word' id='word_1_308' title='bbox 1026 3864 1217 3923; x_wconf 86' lang='lat' dir='ltr'><strong>frustra</strong></span> <span class='ocrx_word' id='word_1_309' title='bbox 1268 3869 1375 3924; x_wconf 90' lang='lat' dir='ltr'><strong>illic</strong></span> <span class='ocrx_word' id='word_1_310' title='bbox 1423 3870 1627 3940; x_wconf 87' lang='lat' dir='ltr'><strong>peribo.</strong></span> <span class='ocrx_word' id='word_1_311' title='bbox 1675 3872 1873 3927; x_wconf 84' lang='lat' dir='ltr'><strong>Horum</strong></span> 
     </span>
    </p>
   </div>
   <div class='ocr_carea' id='block_1_40' title="bbox 296 3950 1877 4030">
    <p class='ocr_par' dir='ltr' id='par_1_40' title="bbox 296 3950 1877 4030">
     <span class='ocr_line' id='line_1_40' title="bbox 296 3950 1877 4030; baseline 0.01 -29"><span class='ocrx_word' id='word_1_312' title='bbox 296 3950 430 4003; x_wconf 80' lang='lat' dir='ltr'><strong>nihil</strong></span> <span class='ocrx_word' id='word_1_313' title='bbox 477 3962 761 4022; x_wconf 89' lang='lat' dir='ltr'><strong>reputans,</strong></span> <span class='ocrx_word' id='word_1_314' title='bbox 802 3971 862 4011; x_wconf 91' lang='lat' dir='ltr'><strong>se</strong></span> <span class='ocrx_word' id='word_1_315' title='bbox 899 3956 952 4011; x_wconf 87' lang='lat' dir='ltr'><strong>in</strong></span> <span class='ocrx_word' id='word_1_316' title='bbox 991 3967 1164 4012; x_wconf 90' lang='lat' dir='ltr'><strong>castra</strong></span> <span class='ocrx_word' id='word_1_317' title='bbox 1192 3960 1401 4030; x_wconf 82' lang='lat' dir='ltr'><strong>tyranni</strong></span> <span class='ocrx_word' id='word_1_318' title='bbox 1432 3961 1720 4030; x_wconf 89' lang='lat' dir='ltr'><strong>proripuit,</strong></span> <span class='ocrx_word' id='word_1_319' title='bbox 1760 3962 1877 4017; x_wconf 91' lang='lat' dir='ltr'><strong>uni-</strong></span> 
     </span>
    </p>
   </div>
   <div class='ocr_carea' id='block_1_41' title="bbox 294 4044 1877 4124">
    <p class='ocr_par' dir='ltr' id='par_1_41' title="bbox 294 4044 1877 4124">
     <span class='ocr_line' id='line_1_41' title="bbox 294 4044 1877 4124; baseline 0.011 -31"><span class='ocrx_word' id='word_1_320' title='bbox 294 4056 470 4096; x_wconf 70' lang='lat' dir='ltr'><strong>versa:</strong></span> <span class='ocrx_word' id='word_1_321' title='bbox 518 4044 597 4098; x_wconf 80' lang='lat' dir='ltr'><strong>rei</strong></span> <span class='ocrx_word' id='word_1_322' title='bbox 636 4061 768 4100; x_wconf 87' lang='lat' dir='ltr'><strong>cura</strong></span> <span class='ocrx_word' id='word_1_323' title='bbox 810 4047 864 4101; x_wconf 90' lang='lat' dir='ltr'><strong>in</strong></span> <span class='ocrx_word' id='word_1_324' title='bbox 913 4047 1077 4103; x_wconf 93' lang='lat' dir='ltr'><strong>Deum</strong></span> <span class='ocrx_word' id='word_1_325' title='bbox 1130 4052 1406 4119; x_wconf 86' lang='lat' dir='ltr'><strong>conjecta,</strong></span> <span class='ocrx_word' id='word_1_326' title='bbox 1449 4064 1504 4109; x_wconf 91' lang='lat' dir='ltr'><strong>et</strong></span> <span class='ocrx_word' id='word_1_327' title='bbox 1545 4054 1777 4124; x_wconf 91' lang='lat' dir='ltr'><strong>seipsum</strong></span> <span class='ocrx_word' id='word_1_328' title='bbox 1823 4054 1877 4111; x_wconf 92' lang='lat' dir='ltr'><strong>in</strong></span> 
     </span>
    </p>
   </div>
   <div class='ocr_carea' id='block_1_42' title="bbox 299 4136 1875 4212">
    <p class='ocr_par' dir='ltr' id='par_1_42' title="bbox 299 4136 1875 4212">
     <span class='ocr_line' id='line_1_42' title="bbox 299 4136 1875 4212; baseline 0.008 -25"><span class='ocrx_word' id='word_1_329' title='bbox 299 4136 476 4189; x_wconf 86' lang='lat' dir='ltr'><strong>media</strong></span> <span class='ocrx_word' id='word_1_330' title='bbox 502 4137 724 4192; x_wconf 87' lang='lat' dir='ltr'><strong>immisit</strong></span> <span class='ocrx_word' id='word_1_331' title='bbox 754 4140 1006 4207; x_wconf 88' lang='lat' dir='ltr'><strong>pericula.</strong></span> <span class='ocrx_word' id='word_1_332' title='bbox 1034 4140 1159 4196; x_wconf 63' lang='lat' dir='ltr'><strong>Haec</strong></span> <span class='ocrx_word' id='word_1_333' title='bbox 1178 4143 1360 4197; x_wconf 87' lang='lat' dir='ltr'><strong>omnia</strong></span> <span class='ocrx_word' id='word_1_334' title='bbox 1386 4158 1417 4196; x_wconf 91' lang='lat' dir='ltr'><strong>a</strong></span> <span class='ocrx_word' id='word_1_335' title='bbox 1446 4159 1532 4198; x_wconf 92' lang='lat' dir='ltr'><strong>me</strong></span> <span class='ocrx_word' id='word_1_336' title='bbox 1554 4143 1696 4200; x_wconf 87' lang='lat' dir='ltr'><strong>dicta</strong></span> <span class='ocrx_word' id='word_1_337' title='bbox 1723 4152 1875 4212; x_wconf 87' lang='lat' dir='ltr'><strong>sunt,</strong></span> 
     </span>
    </p>
   </div>
   <div class='ocr_carea' id='block_1_43' title="bbox 300 4228 1877 4304">
    <p class='ocr_par' dir='ltr' id='par_1_43' title="bbox 300 4228 1877 4304">
     <span class='ocr_line' id='line_1_43' title="bbox 300 4228 1877 4304; baseline 0.008 -26"><span class='ocrx_word' id='word_1_338' title='bbox 300 4242 411 4279; x_wconf 89' lang='lat' dir='ltr'><strong>non</strong></span> <span class='ocrx_word' id='word_1_339' title='bbox 437 4228 609 4281; x_wconf 90' lang='lat' dir='ltr'><strong>solum</strong></span> <span class='ocrx_word' id='word_1_340' title='bbox 640 4238 697 4282; x_wconf 92' lang='lat' dir='ltr'><strong>ut</strong></span> <span class='ocrx_word' id='word_1_341' title='bbox 717 4230 1024 4298; x_wconf 87' lang='lat' dir='ltr'><strong>laudemus,</strong></span> <span class='ocrx_word' id='word_1_342' title='bbox 1053 4232 1146 4288; x_wconf 88' lang='lat' dir='ltr'><strong>sed</strong></span> <span class='ocrx_word' id='word_1_343' title='bbox 1175 4243 1233 4288; x_wconf 93' lang='lat' dir='ltr'><strong>ut</strong></span> <span class='ocrx_word' id='word_1_344' title='bbox 1254 4242 1310 4288; x_wconf 88' lang='lat' dir='ltr'><strong>et</strong></span> <span class='ocrx_word' id='word_1_345' title='bbox 1330 4249 1672 4304; x_wconf 73' lang='lat' dir='ltr'><strong>quzecumque</strong></span> <span class='ocrx_word' id='word_1_346' title='bbox 1694 4236 1877 4290; x_wconf 88' lang='lat' dir='ltr'><strong>Davidi</strong></span> 
     </span>
    </p>
   </div>
   <div class='ocr_carea' id='block_1_44' title="bbox 300 4315 1876 4394">
    <p class='ocr_par' dir='ltr' id='par_1_44' title="bbox 300 4315 1876 4394">
     <span class='ocr_line' id='line_1_44' title="bbox 300 4315 1876 4394; baseline 0.01 -27"><span class='ocrx_word' id='word_1_347' title='bbox 300 4315 477 4370; x_wconf 89' lang='lat' dir='ltr'><strong>tristia</strong></span> <span class='ocrx_word' id='word_1_348' title='bbox 502 4328 821 4385; x_wconf 87' lang='lat' dir='ltr'><strong>evenerunt,</strong></span> <span class='ocrx_word' id='word_1_349' title='bbox 850 4337 1197 4394; x_wconf 82' lang='lat' dir='ltr'><strong>quaecumque</strong></span> <span class='ocrx_word' id='word_1_350' title='bbox 1225 4339 1410 4393; x_wconf 89' lang='lat' dir='ltr'><strong>passus</strong></span> <span class='ocrx_word' id='word_1_351' title='bbox 1435 4335 1517 4380; x_wconf 89' lang='lat' dir='ltr'><strong>est</strong></span> <span class='ocrx_word' id='word_1_352' title='bbox 1534 4368 1549 4393; x_wconf 90' lang='lat'><strong>,</strong></span> <span class='ocrx_word' id='word_1_353' title='bbox 1576 4327 1876 4394; x_wconf 78' lang='lat' dir='ltr'><strong>discamus,</strong></span> 
     </span>
    </p>
   </div>
   <div class='ocr_carea' id='block_1_45' title="bbox 276 4412 1882 4491">
    <p class='ocr_par' dir='ltr' id='par_1_45' title="bbox 276 4412 1882 4491">
     <span class='ocr_line' id='line_1_45' title="bbox 276 4412 1882 4491; baseline 0.009 -32"><span class='ocrx_word' id='word_1_354' title='bbox 276 4416 361 4491; x_wconf 28' lang='lat' dir='ltr'><strong>‘ct</strong></span> <span class='ocrx_word' id='word_1_355' title='bbox 383 4423 730 4479; x_wconf 62' lang='lat' dir='ltr'><strong>quaecumque</strong></span> <span class='ocrx_word' id='word_1_356' title='bbox 753 4412 855 4465; x_wconf 89' lang='lat' dir='ltr'><strong>alia</strong></span> <span class='ocrx_word' id='word_1_357' title='bbox 878 4415 1154 4469; x_wconf 89' lang='lat' dir='ltr'><strong>commoda</strong></span> <span class='ocrx_word' id='word_1_358' title='bbox 1182 4426 1404 4484; x_wconf 88' lang='lat' dir='ltr'><strong>possunt</strong></span> <span class='ocrx_word' id='word_1_359' title='bbox 1426 4433 1491 4472; x_wconf 88' lang='lat' dir='ltr'><strong>ex</strong></span> <span class='ocrx_word' id='word_1_360' title='bbox 1515 4419 1731 4473; x_wconf 89' lang='lat' dir='ltr'><strong>historia</strong></span> <span class='ocrx_word' id='word_1_361' title='bbox 1760 4435 1882 4489; x_wconf 89' lang='lat' dir='ltr'><strong>per-</strong></span> 
     </span>
    </p>
   </div>
   <div class='ocr_carea' id='block_1_46' title="bbox 297 4498 1877 4578">
    <p class='ocr_par' dir='ltr' id='par_1_46' title="bbox 297 4498 1877 4578">
     <span class='ocr_line' id='line_1_46' title="bbox 297 4498 1877 4578; baseline 0.008 -25"><span class='ocrx_word' id='word_1_362' title='bbox 297 4498 407 4568; x_wconf 89' lang='lat' dir='ltr'><strong>cipi</strong></span> <span class='ocrx_word' id='word_1_363' title='bbox 432 4540 448 4563; x_wconf 93' lang='lat'><strong>,</strong></span> <span class='ocrx_word' id='word_1_364' title='bbox 487 4515 551 4556; x_wconf 88' lang='lat' dir='ltr'><strong>ea</strong></span> <span class='ocrx_word' id='word_1_365' title='bbox 590 4505 750 4557; x_wconf 87' lang='lat' dir='ltr'><strong>etiam</strong></span> <span class='ocrx_word' id='word_1_366' title='bbox 795 4504 850 4559; x_wconf 92' lang='lat' dir='ltr'><strong>in</strong></span> <span class='ocrx_word' id='word_1_367' title='bbox 896 4505 1127 4561; x_wconf 90' lang='lat' dir='ltr'><strong>medium</strong></span> <span class='ocrx_word' id='word_1_368' title='bbox 1173 4508 1511 4564; x_wconf 88' lang='lat' dir='ltr'><strong>adducamus.</strong></span> <span class='ocrx_word' id='word_1_369' title='bbox 1544 4510 1681 4566; x_wconf 87' lang='lat' dir='ltr'><strong>Ecce</strong></span> <span class='ocrx_word' id='word_1_370' title='bbox 1707 4512 1877 4578; x_wconf 87' lang='lat' dir='ltr'><strong>enim,</strong></span> 
     </span>
    </p>
   </div>
   <div class='ocr_carea' id='block_1_47' title="bbox 298 4589 1878 4669">
    <p class='ocr_par' dir='ltr' id='par_1_47' title="bbox 298 4589 1878 4669">
     <span class='ocr_line' id='line_1_47' title="bbox 298 4589 1878 4669; baseline 0.01 -30"><span class='ocrx_word' id='word_1_371' title='bbox 298 4589 447 4657; x_wconf 79' lang='lat' dir='ltr'><strong>quod</strong></span> <span class='ocrx_word' id='word_1_372' title='bbox 479 4591 693 4646; x_wconf 89' lang='lat' dir='ltr'><strong>assidue</strong></span> <span class='ocrx_word' id='word_1_373' title='bbox 720 4609 751 4646; x_wconf 92' lang='lat' dir='ltr'><strong>a</strong></span> <span class='ocrx_word' id='word_1_374' title='bbox 780 4596 959 4649; x_wconf 90' lang='lat' dir='ltr'><strong>multis</strong></span> <span class='ocrx_word' id='word_1_375' title='bbox 990 4597 1291 4666; x_wconf 89' lang='lat' dir='ltr'><strong>inquiritur.</strong></span> <span class='ocrx_word' id='word_1_376' title='bbox 1336 4599 1442 4653; x_wconf 89' lang='lat' dir='ltr'><strong>Cur</strong></span> <span class='ocrx_word' id='word_1_377' title='bbox 1461 4599 1589 4669; x_wconf 85' lang='lat' dir='ltr'><strong>justi</strong></span> <span class='ocrx_word' id='word_1_378' title='bbox 1634 4601 1878 4669; x_wconf 78' lang='lat' dir='ltr'><strong>afﬂigun-</strong></span> 
     </span>
    </p>
   </div>
   <div class='ocr_carea' id='block_1_48' title="bbox 304 4680 1882 4755">
    <p class='ocr_par' dir='ltr' id='par_1_48' title="bbox 304 4680 1882 4755">
     <span class='ocr_line' id='line_1_48' title="bbox 304 4680 1882 4755; baseline 0.01 -23"><span class='ocrx_word' id='word_1_379' title='bbox 304 4690 414 4745; x_wconf 88' lang='lat' dir='ltr'><strong>tur,</strong></span> <span class='ocrx_word' id='word_1_380' title='bbox 439 4680 668 4750; x_wconf 89' lang='lat' dir='ltr'><strong>improbi</strong></span> <span class='ocrx_word' id='word_1_381' title='bbox 693 4692 868 4739; x_wconf 89' lang='lat' dir='ltr'><strong>autem</strong></span> <span class='ocrx_word' id='word_1_382' title='bbox 890 4685 941 4740; x_wconf 92' lang='lat' dir='ltr'><strong>in</strong></span> <span class='ocrx_word' id='word_1_383' title='bbox 973 4687 1150 4755; x_wconf 86' lang='lat' dir='ltr'><strong>quiete</strong></span> <span class='ocrx_word' id='word_1_384' title='bbox 1175 4698 1228 4743; x_wconf 89' lang='lat' dir='ltr'><strong>et</strong></span> <span class='ocrx_word' id='word_1_385' title='bbox 1248 4688 1354 4743; x_wconf 91' lang='lat' dir='ltr'><strong>otio</strong></span> <span class='ocrx_word' id='word_1_386' title='bbox 1383 4693 1693 4747; x_wconf 85' lang='lat' dir='ltr'><strong>versantur?</strong></span> <span class='ocrx_word' id='word_1_387' title='bbox 1720 4693 1769 4746; x_wconf 93' lang='lat' dir='ltr'><strong>id</strong></span> <span class='ocrx_word' id='word_1_388' title='bbox 1798 4693 1882 4748; x_wconf 85' lang='lat' dir='ltr'><strong>hic</strong></span> 
     </span>
    </p>
   </div>
   <div class='ocr_carea' id='block_1_49' title="bbox 303 4773 1880 4842">
    <p class='ocr_par' dir='ltr' id='par_1_49' title="bbox 303 4773 1880 4842">
     <span class='ocr_line' id='line_1_49' title="bbox 303 4773 1880 4842; baseline 0.01 -19"><span class='ocrx_word' id='word_1_389' title='bbox 303 4773 548 4827; x_wconf 81' lang='lat' dir='ltr'><strong>invenire</strong></span> <span class='ocrx_word' id='word_1_390' title='bbox 579 4786 879 4842; x_wconf 88' lang='lat' dir='ltr'><strong>possumus.</strong></span> <span class='ocrx_word' id='word_1_391' title='bbox 919 4777 1102 4834; x_wconf 86' lang='lat' dir='ltr'><strong>Justus</strong></span> <span class='ocrx_word' id='word_1_392' title='bbox 1135 4781 1277 4835; x_wconf 90' lang='lat' dir='ltr'><strong>enim</strong></span> <span class='ocrx_word' id='word_1_393' title='bbox 1315 4782 1624 4839; x_wconf 86' lang='lat' dir='ltr'><strong>versabatur</strong></span> <span class='ocrx_word' id='word_1_394' title='bbox 1657 4785 1708 4839; x_wconf 92' lang='lat' dir='ltr'><strong>in</strong></span> <span class='ocrx_word' id='word_1_395' title='bbox 1736 4787 1880 4840; x_wconf 85' lang='lat' dir='ltr'><strong>cala-</strong></span> 
     </span>
    </p>
   </div>
   <div class='ocr_carea' id='block_1_50' title="bbox 305 4864 1882 4943">
    <p class='ocr_par' dir='ltr' id='par_1_50' title="bbox 305 4864 1882 4943">
     <span class='ocr_line' id='line_1_50' title="bbox 305 4864 1882 4943; baseline 0.008 -26"><span class='ocrx_word' id='word_1_396' title='bbox 305 4864 604 4929; x_wconf 87' lang='lat' dir='ltr'><strong>ntitatihus,</strong></span> <span class='ocrx_word' id='word_1_397' title='bbox 634 4868 922 4925; x_wconf 90' lang='lat' dir='ltr'><strong>sceleratus</strong></span> <span class='ocrx_word' id='word_1_398' title='bbox 959 4880 1137 4925; x_wconf 86' lang='lat' dir='ltr'><strong>autem</strong></span> <span class='ocrx_word' id='word_1_399' title='bbox 1164 4912 1181 4939; x_wconf 91' lang='lat'><strong>,</strong></span> <span class='ocrx_word' id='word_1_400' title='bbox 1223 4880 1278 4926; x_wconf 91' lang='lat' dir='ltr'><strong>et</strong></span> <span class='ocrx_word' id='word_1_401' title='bbox 1320 4874 1572 4940; x_wconf 89' lang='lat' dir='ltr'><strong>patricida</strong></span> <span class='ocrx_word' id='word_1_402' title='bbox 1596 4915 1610 4936; x_wconf 84' lang='lat'><strong>,</strong></span> <span class='ocrx_word' id='word_1_403' title='bbox 1641 4882 1694 4929; x_wconf 96' lang='lat' dir='ltr'><strong>et</strong></span> <span class='ocrx_word' id='word_1_404' title='bbox 1719 4875 1882 4943; x_wconf 89' lang='lat' dir='ltr'><strong>ipsius</strong></span> 
     </span>
    </p>
   </div>
   <div class='ocr_carea' id='block_1_51' title="bbox 303 4958 1885 5037">
    <p class='ocr_par' dir='ltr' id='par_1_51' title="bbox 303 4958 1885 5037">
     <span class='ocr_line' id='line_1_51' title="bbox 303 4958 1885 5037; baseline 0.006 -27"><span class='ocrx_word' id='word_1_405' title='bbox 303 4967 515 5011; x_wconf 73' lang='lat' dir='ltr'><strong>natura:</strong></span> <span class='ocrx_word' id='word_1_406' title='bbox 556 4958 802 5015; x_wconf 88' lang='lat' dir='ltr'><strong>inimicus</strong></span> <span class='ocrx_word' id='word_1_407' title='bbox 839 4971 893 5015; x_wconf 93' lang='lat' dir='ltr'><strong>et</strong></span> <span class='ocrx_word' id='word_1_408' title='bbox 935 4961 1124 5027; x_wconf 88' lang='lat' dir='ltr'><strong>hostis,</strong></span> <span class='ocrx_word' id='word_1_409' title='bbox 1174 4964 1228 5017; x_wconf 89' lang='lat' dir='ltr'><strong>in</strong></span> <span class='ocrx_word' id='word_1_410' title='bbox 1274 4963 1526 5019; x_wconf 88' lang='lat' dir='ltr'><strong>felicitate</strong></span> <span class='ocrx_word' id='word_1_411' title='bbox 1575 4965 1783 5034; x_wconf 83' lang='lat' dir='ltr'><strong>agebat,</strong></span> <span class='ocrx_word' id='word_1_412' title='bbox 1822 4975 1885 5037; x_wconf 90' lang='lat' dir='ltr'><strong>et</strong></span> 
     </span>
    </p>
   </div>
   <div class='ocr_carea' id='block_1_52' title="bbox 304 5048 1887 5123">
    <p class='ocr_par' dir='ltr' id='par_1_52' title="bbox 304 5048 1887 5123">
     <span class='ocr_line' id='line_1_52' title="bbox 304 5048 1887 5123; baseline 0.003 -21"><span class='ocrx_word' id='word_1_413' title='bbox 304 5048 521 5115; x_wconf 78' lang='lat' dir='ltr'><strong>palatiis</strong></span> <span class='ocrx_word' id='word_1_414' title='bbox 550 5050 745 5118; x_wconf 84' lang='lat' dir='ltr'><strong>regiis:</strong></span> <span class='ocrx_word' id='word_1_415' title='bbox 768 5049 863 5105; x_wconf 88' lang='lat' dir='ltr'><strong>sed</strong></span> <span class='ocrx_word' id='word_1_416' title='bbox 890 5067 987 5106; x_wconf 90' lang='lat' dir='ltr'><strong>nec</strong></span> <span class='ocrx_word' id='word_1_417' title='bbox 1013 5053 1101 5107; x_wconf 91' lang='lat' dir='ltr'><strong>ille</strong></span> <span class='ocrx_word' id='word_1_418' title='bbox 1128 5053 1415 5123; x_wconf 87' lang='lat' dir='ltr'><strong>quidquam</strong></span> <span class='ocrx_word' id='word_1_419' title='bbox 1454 5071 1519 5109; x_wconf 84' lang='lat' dir='ltr'><strong>ex</strong></span> <span class='ocrx_word' id='word_1_420' title='bbox 1552 5070 1617 5110; x_wconf 90' lang='lat' dir='ltr'><strong>eo</strong></span> <span class='ocrx_word' id='word_1_421' title='bbox 1646 5054 1887 5110; x_wconf 86' lang='lat' dir='ltr'><strong>lucraba-</strong></span> 
     </span>
    </p>
   </div>
   <div class='ocr_carea' id='block_1_53' title="bbox 304 5142 1882 5215">
    <p class='ocr_par' dir='ltr' id='par_1_53' title="bbox 304 5142 1882 5215">
     <span class='ocr_line' id='line_1_53' title="bbox 304 5142 1882 5215; baseline 0.003 -22"><span class='ocrx_word' id='word_1_422' title='bbox 304 5150 416 5202; x_wconf 82' lang='lat' dir='ltr'><strong>tur,</strong></span> <span class='ocrx_word' id='word_1_423' title='bbox 469 5156 642 5210; x_wconf 88' lang='lat' dir='ltr'><strong>neque</strong></span> <span class='ocrx_word' id='word_1_424' title='bbox 670 5150 884 5197; x_wconf 89' lang='lat' dir='ltr'><strong>sanctus</strong></span> <span class='ocrx_word' id='word_1_425' title='bbox 912 5142 998 5198; x_wconf 86' lang='lat' dir='ltr'><strong>hic</strong></span> <span class='ocrx_word' id='word_1_426' title='bbox 1026 5143 1355 5209; x_wconf 71' lang='lat' dir='ltr'><strong>lmdehatur,</strong></span> <span class='ocrx_word' id='word_1_427' title='bbox 1397 5146 1490 5199; x_wconf 89' lang='lat' dir='ltr'><strong>sed</strong></span> <span class='ocrx_word' id='word_1_428' title='bbox 1534 5146 1624 5199; x_wconf 91' lang='lat' dir='ltr'><strong>ille</strong></span> <span class='ocrx_word' id='word_1_429' title='bbox 1668 5145 1882 5215; x_wconf 89' lang='lat' dir='ltr'><strong>quidem</strong></span> 
     </span>
    </p>
   </div>
   <div class='ocr_carea' id='block_1_54' title="bbox 305 5231 1886 5299">
    <p class='ocr_par' dir='ltr' id='par_1_54' title="bbox 305 5231 1886 5299">
     <span class='ocr_line' id='line_1_54' title="bbox 305 5231 1886 5299; baseline 0.003 -16"><span class='ocrx_word' id='word_1_430' title='bbox 305 5231 602 5299; x_wconf 85' lang='lat' dir='ltr'><strong>majoribus</strong></span> <span class='ocrx_word' id='word_1_431' title='bbox 630 5231 892 5287; x_wconf 80' lang='lat' dir='ltr'><strong>obnoxius</strong></span> <span class='ocrx_word' id='word_1_432' title='bbox 918 5232 1015 5287; x_wconf 90' lang='lat' dir='ltr'><strong>fuit</strong></span> <span class='ocrx_word' id='word_1_433' title='bbox 1038 5234 1322 5298; x_wconf 66' lang='lat' dir='ltr'><strong>aerumnis;</strong></span> <span class='ocrx_word' id='word_1_434' title='bbox 1366 5232 1454 5287; x_wconf 89' lang='lat' dir='ltr'><strong>hic</strong></span> <span class='ocrx_word' id='word_1_435' title='bbox 1489 5244 1664 5287; x_wconf 89' lang='lat' dir='ltr'><strong>autem</strong></span> <span class='ocrx_word' id='word_1_436' title='bbox 1692 5234 1886 5288; x_wconf 83' lang='lat' dir='ltr'><strong>clarior</strong></span> 
     </span>
    </p>
   </div>
   <div class='ocr_carea' id='block_1_55' title="bbox 302 5323 1885 5393">
    <p class='ocr_par' dir='ltr' id='par_1_55' title="bbox 302 5323 1885 5393">
     <span class='ocr_line' id='line_1_55' title="bbox 302 5323 1885 5393; baseline 0.002 -16"><span class='ocrx_word' id='word_1_437' title='bbox 302 5333 362 5377; x_wconf 92' lang='lat' dir='ltr'><strong>et</strong></span> <span class='ocrx_word' id='word_1_438' title='bbox 386 5323 715 5393; x_wconf 85' lang='lat' dir='ltr'><strong>splendidior</strong></span> <span class='ocrx_word' id='word_1_439' title='bbox 752 5324 919 5379; x_wconf 84' lang='lat' dir='ltr'><strong>factus</strong></span> <span class='ocrx_word' id='word_1_440' title='bbox 942 5334 1044 5390; x_wconf 88' lang='lat' dir='ltr'><strong>est,</strong></span> <span class='ocrx_word' id='word_1_441' title='bbox 1086 5334 1144 5381; x_wconf 93' lang='lat' dir='ltr'><strong>ut</strong></span> <span class='ocrx_word' id='word_1_442' title='bbox 1169 5341 1358 5381; x_wconf 89' lang='lat' dir='ltr'><strong>aurum</strong></span> <span class='ocrx_word' id='word_1_443' title='bbox 1390 5325 1442 5379; x_wconf 91' lang='lat' dir='ltr'><strong>in</strong></span> <span class='ocrx_word' id='word_1_444' title='bbox 1469 5325 1682 5381; x_wconf 89' lang='lat' dir='ltr'><strong>fornace</strong></span> <span class='ocrx_word' id='word_1_445' title='bbox 1704 5326 1885 5381; x_wconf 88' lang='lat' dir='ltr'><strong>reddi-</strong></span> 
     </span>
    </p>
   </div>
   <div class='ocr_carea' id='block_1_56' title="bbox 307 5415 944 5485">
    <p class='ocr_par' dir='ltr' id='par_1_56' title="bbox 307 5415 944 5485">
     <span class='ocr_line' id='line_1_56' title="bbox 307 5415 944 5485; baseline 0 -15"><span class='ocrx_word' id='word_1_446' title='bbox 307 5426 397 5470; x_wconf 78' lang='lat' dir='ltr'><strong>tur</strong></span> <span class='ocrx_word' id='word_1_447' title='bbox 422 5415 715 5471; x_wconf 86' lang='lat' dir='ltr'><strong>afflictione</strong></span> <span class='ocrx_word' id='word_1_448' title='bbox 742 5417 944 5485; x_wconf 88' lang='lat' dir='ltr'><strong>purior.</strong></span> 
     </span>
    </p>
   </div>
   <div class='ocr_carea' id='block_1_57' title="bbox 377 5503 1885 5577">
    <p class='ocr_par' dir='ltr' id='par_1_57' title="bbox 377 5503 1885 5577">
     <span class='ocr_line' id='line_1_57' title="bbox 377 5503 1885 5577; baseline 0.002 -19"><span class='ocrx_word' id='word_1_449' title='bbox 377 5504 434 5558; x_wconf 75' lang='lat'><strong>2.</strong></span> <span class='ocrx_word' id='word_1_450' title='bbox 460 5503 777 5559; x_wconf 79' lang='lat' dir='ltr'><strong>Documenta</strong></span> <span class='ocrx_word' id='word_1_451' title='bbox 794 5516 1007 5577; x_wconf 80' lang='lat' dir='ltr'><strong>quatuor</strong></span> <span class='ocrx_word' id='word_1_452' title='bbox 1023 5508 1074 5561; x_wconf 82' lang='lat' dir='ltr'><strong>in</strong></span> <span class='ocrx_word' id='word_1_453' title='bbox 1095 5508 1353 5563; x_wconf 69' lang='lat' dir='ltr'><strong>(erumnis.</strong></span> <span class='ocrx_word' id='word_1_454' title='bbox 1372 5537 1447 5549; x_wconf 92' lang='lat'><strong>-—</strong></span> <span class='ocrx_word' id='word_1_455' title='bbox 1473 5507 1604 5562; x_wconf 84' lang='lat' dir='ltr'><strong>Hinc</strong></span> <span class='ocrx_word' id='word_1_456' title='bbox 1628 5523 1755 5575; x_wconf 84' lang='lat' dir='ltr'><strong>ergo</strong></span> <span class='ocrx_word' id='word_1_457' title='bbox 1777 5507 1885 5577; x_wconf 90' lang='lat' dir='ltr'><strong>pri-</strong></span> 
     </span>
    </p>
   </div>
   <div class='ocr_carea' id='block_1_58' title="bbox 308 5595 1887 5668">
    <p class='ocr_par' dir='ltr' id='par_1_58' title="bbox 308 5595 1887 5668">
     <span class='ocr_line' id='line_1_58' title="bbox 308 5595 1887 5668; baseline 0.002 -18"><span class='ocrx_word' id='word_1_458' title='bbox 308 5611 459 5650; x_wconf 85' lang='lat' dir='ltr'><strong>mum</strong></span> <span class='ocrx_word' id='word_1_459' title='bbox 498 5595 600 5650; x_wconf 88' lang='lat' dir='ltr'><strong>hoc</strong></span> <span class='ocrx_word' id='word_1_460' title='bbox 639 5596 818 5661; x_wconf 86' lang='lat' dir='ltr'><strong>disce,</strong></span> <span class='ocrx_word' id='word_1_461' title='bbox 858 5612 925 5651; x_wconf 89' lang='lat' dir='ltr'><strong>ne</strong></span> <span class='ocrx_word' id='word_1_462' title='bbox 956 5598 1290 5653; x_wconf 86' lang='lat' dir='ltr'><strong>conturbcris</strong></span> <span class='ocrx_word' id='word_1_463' title='bbox 1321 5600 1371 5653; x_wconf 92' lang='lat' dir='ltr'><strong>in</strong></span> <span class='ocrx_word' id='word_1_464' title='bbox 1398 5598 1701 5668; x_wconf 74' lang='lat' dir='ltr'><strong>huiusmodi</strong></span> <span class='ocrx_word' id='word_1_465' title='bbox 1728 5600 1887 5655; x_wconf 88' lang='lat' dir='ltr'><strong>rebus</strong></span> 
     </span>
    </p>
   </div>
   <div class='ocr_carea' id='block_1_59' title="bbox 304 5686 1882 5760">
    <p class='ocr_par' dir='ltr' id='par_1_59' title="bbox 304 5686 1882 5760">
     <span class='ocr_line' id='line_1_59' title="bbox 304 5686 1882 5760; baseline 0.001 -19"><span class='ocrx_word' id='word_1_466' title='bbox 304 5686 584 5752; x_wconf 82' lang='lat' dir='ltr'><strong>adversis,</strong></span> <span class='ocrx_word' id='word_1_467' title='bbox 624 5702 747 5742; x_wconf 89' lang='lat' dir='ltr'><strong>cum</strong></span> <span class='ocrx_word' id='word_1_468' title='bbox 788 5688 964 5743; x_wconf 88' lang='lat' dir='ltr'><strong>videas</strong></span> <span class='ocrx_word' id='word_1_469' title='bbox 1009 5690 1167 5744; x_wconf 89' lang='lat' dir='ltr'><strong>etiam</strong></span> <span class='ocrx_word' id='word_1_470' title='bbox 1203 5690 1362 5760; x_wconf 86' lang='lat' dir='ltr'><strong>justis</strong></span> <span class='ocrx_word' id='word_1_471' title='bbox 1392 5690 1441 5744; x_wconf 93' lang='lat' dir='ltr'><strong>id</strong></span> <span class='ocrx_word' id='word_1_472' title='bbox 1469 5692 1715 5756; x_wconf 89' lang='lat' dir='ltr'><strong>evenire;</strong></span> <span class='ocrx_word' id='word_1_473' title='bbox 1742 5691 1882 5746; x_wconf 84' lang='lat' dir='ltr'><strong>aliud</strong></span> 
     </span>
    </p>
   </div>
   <div class='ocr_carea' id='block_1_60' title="bbox 304 5782 1886 5854">
    <p class='ocr_par' dir='ltr' id='par_1_60' title="bbox 304 5782 1886 5854">
     <span class='ocr_line' id='line_1_60' title="bbox 304 5782 1886 5854; baseline -0.001 -17"><span class='ocrx_word' id='word_1_474' title='bbox 304 5790 489 5837; x_wconf 82' lang='lat' dir='ltr'><strong>autem</strong></span> <span class='ocrx_word' id='word_1_475' title='bbox 516 5789 723 5851; x_wconf 85' lang='lat' dir='ltr'><strong>postea,</strong></span> <span class='ocrx_word' id='word_1_476' title='bbox 747 5795 812 5837; x_wconf 90' lang='lat' dir='ltr'><strong>ue</strong></span> <span class='ocrx_word' id='word_1_477' title='bbox 832 5782 1053 5839; x_wconf 84' lang='lat' dir='ltr'><strong>ututeris</strong></span> <span class='ocrx_word' id='word_1_478' title='bbox 1073 5797 1168 5852; x_wconf 89' lang='lat' dir='ltr'><strong>pro</strong></span> <span class='ocrx_word' id='word_1_479' title='bbox 1188 5792 1441 5854; x_wconf 85' lang='lat' dir='ltr'><strong>tempore,</strong></span> <span class='ocrx_word' id='word_1_480' title='bbox 1466 5782 1560 5838; x_wconf 87' lang='lat' dir='ltr'><strong>sed</strong></span> <span class='ocrx_word' id='word_1_481' title='bbox 1583 5783 1727 5839; x_wconf 89' lang='lat' dir='ltr'><strong>noris</strong></span> <span class='ocrx_word' id='word_1_482' title='bbox 1745 5783 1886 5851; x_wconf 81' lang='lat' dir='ltr'><strong>leges</strong></span> 
     </span>
    </p>
   </div>
   <div class='ocr_carea' id='block_1_61' title="bbox 1963 481 3541 563">
    <p class='ocr_par' dir='ltr' id='par_1_61' title="bbox 1963 481 3541 563">
     <span class='ocr_line' id='line_1_61' title="bbox 1963 481 3541 563; baseline 0.009 -31"><span class='ocrx_word' id='word_1_483' title='bbox 1963 481 2248 547; x_wconf 69' lang='lat' dir='ltr'><strong>amicitiae;</strong></span> <span class='ocrx_word' id='word_1_484' title='bbox 2281 485 2518 552; x_wconf 79' lang='lat' dir='ltr'><strong>tertium,</strong></span> <span class='ocrx_word' id='word_1_485' title='bbox 2541 494 2600 539; x_wconf 87' lang='lat' dir='ltr'><strong>ut</strong></span> <span class='ocrx_word' id='word_1_486' title='bbox 2622 486 2777 541; x_wconf 89' lang='lat' dir='ltr'><strong>etiam</strong></span> <span class='ocrx_word' id='word_1_487' title='bbox 2801 489 3029 557; x_wconf 89' lang='lat' dir='ltr'><strong>pericula</strong></span> <span class='ocrx_word' id='word_1_488' title='bbox 3056 489 3252 545; x_wconf 89' lang='lat' dir='ltr'><strong>audeas</strong></span> <span class='ocrx_word' id='word_1_489' title='bbox 3277 490 3424 546; x_wconf 87' lang='lat' dir='ltr'><strong>adire</strong></span> <span class='ocrx_word' id='word_1_490' title='bbox 3445 510 3541 563; x_wconf 84' lang='lat' dir='ltr'><strong>pro</strong></span> 
     </span>
    </p>
   </div>
   <div class='ocr_carea' id='block_1_62' title="bbox 1962 572 3541 652">
    <p class='ocr_par' dir='ltr' id='par_1_62' title="bbox 1962 572 3541 652">
     <span class='ocr_line' id='line_1_62' title="bbox 1962 572 3541 652; baseline 0.009 -29"><span class='ocrx_word' id='word_1_491' title='bbox 1962 572 2188 636; x_wconf 86' lang='lat' dir='ltr'><strong>virtute;</strong></span> <span class='ocrx_word' id='word_1_492' title='bbox 2216 586 2460 643; x_wconf 85' lang='lat' dir='ltr'><strong>quartum</strong></span> <span class='ocrx_word' id='word_1_493' title='bbox 2481 616 2494 635; x_wconf 83' lang='lat'><strong>,</strong></span> <span class='ocrx_word' id='word_1_494' title='bbox 2525 586 2582 628; x_wconf 87' lang='lat' dir='ltr'><strong>ut</strong></span> <span class='ocrx_word' id='word_1_495' title='bbox 2608 578 2765 631; x_wconf 86' lang='lat' dir='ltr'><strong>etiam</strong></span> <span class='ocrx_word' id='word_1_496' title='bbox 2794 580 2843 631; x_wconf 92' lang='lat' dir='ltr'><strong>in</strong></span> <span class='ocrx_word' id='word_1_497' title='bbox 2874 580 3033 634; x_wconf 89' lang='lat' dir='ltr'><strong>rebus</strong></span> <span class='ocrx_word' id='word_1_498' title='bbox 3062 581 3234 636; x_wconf 89' lang='lat' dir='ltr'><strong>dubiis</strong></span> <span class='ocrx_word' id='word_1_499' title='bbox 3256 593 3310 637; x_wconf 90' lang='lat' dir='ltr'><strong>et</strong></span> <span class='ocrx_word' id='word_1_500' title='bbox 3337 585 3541 652; x_wconf 80' lang='lat' dir='ltr'><strong>asperis</strong></span> 
     </span>
    </p>
   </div>
   <div class='ocr_carea' id='block_1_63' title="bbox 1961 662 3540 741">
    <p class='ocr_par' dir='ltr' id='par_1_63' title="bbox 1961 662 3540 741">
     <span class='ocr_line' id='line_1_63' title="bbox 1961 662 3540 741; baseline 0.006 -24"><span class='ocrx_word' id='word_1_501' title='bbox 1961 662 2099 717; x_wconf 88' lang='lat' dir='ltr'><strong>bona</strong></span> <span class='ocrx_word' id='word_1_502' title='bbox 2125 679 2219 733; x_wconf 85' lang='lat' dir='ltr'><strong>spe</strong></span> <span class='ocrx_word' id='word_1_503' title='bbox 2244 665 2316 718; x_wconf 86' lang='lat' dir='ltr'><strong>sis</strong></span> <span class='ocrx_word' id='word_1_504' title='bbox 2347 667 2597 735; x_wconf 74' lang='lat' dir='ltr'><strong>prreditus</strong></span> <span class='ocrx_word' id='word_1_505' title='bbox 2620 709 2635 734; x_wconf 91' lang='lat'><strong>,</strong></span> <span class='ocrx_word' id='word_1_506' title='bbox 2679 669 2769 722; x_wconf 91' lang='lat' dir='ltr'><strong>Dei</strong></span> <span class='ocrx_word' id='word_1_507' title='bbox 2809 670 3057 723; x_wconf 78' lang='lat' dir='ltr'><strong>auxilium</strong></span> <span class='ocrx_word' id='word_1_508' title='bbox 3084 684 3416 741; x_wconf 84' lang='lat' dir='ltr'><strong>exspectans.</strong></span> <span class='ocrx_word' id='word_1_509' title='bbox 3448 673 3540 727; x_wconf 70' lang='lat' dir='ltr'><strong>lite</strong></span> 
     </span>
    </p>
   </div>
   <div class='ocr_carea' id='block_1_64' title="bbox 1958 754 3545 835">
    <p class='ocr_par' dir='ltr' id='par_1_64' title="bbox 1958 754 3545 835">
     <span class='ocr_line' id='line_1_64' title="bbox 1958 754 3545 835; baseline 0.004 -27"><span class='ocrx_word' id='word_1_510' title='bbox 1958 754 2102 808; x_wconf 90' lang='lat' dir='ltr'><strong>enim</strong></span> <span class='ocrx_word' id='word_1_511' title='bbox 2132 756 2294 811; x_wconf 86' lang='lat' dir='ltr'><strong>Chusi</strong></span> <span class='ocrx_word' id='word_1_512' title='bbox 2324 773 2429 812; x_wconf 91' lang='lat' dir='ltr'><strong>non</strong></span> <span class='ocrx_word' id='word_1_513' title='bbox 2454 767 2625 812; x_wconf 89' lang='lat' dir='ltr'><strong>castra</strong></span> <span class='ocrx_word' id='word_1_514' title='bbox 2654 760 2985 828; x_wconf 87' lang='lat' dir='ltr'><strong>respiciebat,</strong></span> <span class='ocrx_word' id='word_1_515' title='bbox 3012 778 3119 816; x_wconf 88' lang='lat' dir='ltr'><strong>non</strong></span> <span class='ocrx_word' id='word_1_516' title='bbox 3147 765 3356 835; x_wconf 87' lang='lat' dir='ltr'><strong>tyranni</strong></span> <span class='ocrx_word' id='word_1_517' title='bbox 3386 766 3545 818; x_wconf 63' lang='lat' dir='ltr'><strong>timo.</strong></span> 
     </span>
    </p>
   </div>
   <div class='ocr_carea' id='block_1_65' title="bbox 1961 851 3537 919">
    <p class='ocr_par' dir='ltr' id='par_1_65' title="bbox 1961 851 3537 919">
     <span class='ocr_line' id='line_1_65' title="bbox 1961 851 3537 919; baseline 0.006 -20"><span class='ocrx_word' id='word_1_518' title='bbox 1961 860 2074 899; x_wconf 86' lang='lat' dir='ltr'><strong>rem</strong></span> <span class='ocrx_word' id='word_1_519' title='bbox 2099 887 2115 913; x_wconf 90' lang='lat'><strong>,</strong></span> <span class='ocrx_word' id='word_1_520' title='bbox 2161 863 2266 901; x_wconf 90' lang='lat' dir='ltr'><strong>non</strong></span> <span class='ocrx_word' id='word_1_521' title='bbox 2304 863 2566 917; x_wconf 85' lang='lat' dir='ltr'><strong>equorum</strong></span> <span class='ocrx_word' id='word_1_522' title='bbox 2606 851 3030 919; x_wconf 89' lang='lat' dir='ltr'><strong>multitudinem,</strong></span> <span class='ocrx_word' id='word_1_523' title='bbox 3072 869 3176 908; x_wconf 90' lang='lat' dir='ltr'><strong>non</strong></span> <span class='ocrx_word' id='word_1_524' title='bbox 3211 865 3537 909; x_wconf 87' lang='lat' dir='ltr'><strong>armatorum</strong></span> 
     </span>
    </p>
   </div>
   <div class='ocr_carea' id='block_1_66' title="bbox 1961 935 3531 1013">
    <p class='ocr_par' dir='ltr' id='par_1_66' title="bbox 1961 935 3531 1013">
     <span class='ocr_line' id='line_1_66' title="bbox 1961 935 3531 1013; baseline 0.008 -25"><span class='ocrx_word' id='word_1_525' title='bbox 1961 935 2268 1006; x_wconf 85' lang='lat' dir='ltr'><strong>phalanges,</strong></span> <span class='ocrx_word' id='word_1_526' title='bbox 2312 954 2414 992; x_wconf 92' lang='lat' dir='ltr'><strong>non</strong></span> <span class='ocrx_word' id='word_1_527' title='bbox 2452 938 2591 1008; x_wconf 91' lang='lat' dir='ltr'><strong>quod</strong></span> <span class='ocrx_word' id='word_1_528' title='bbox 2621 941 2775 995; x_wconf 89' lang='lat' dir='ltr'><strong>urbes</strong></span> <span class='ocrx_word' id='word_1_529' title='bbox 2801 941 2909 1010; x_wconf 91' lang='lat' dir='ltr'><strong>jam</strong></span> <span class='ocrx_word' id='word_1_530' title='bbox 2939 951 3061 997; x_wconf 89' lang='lat' dir='ltr'><strong>ante</strong></span> <span class='ocrx_word' id='word_1_531' title='bbox 3092 955 3259 1013; x_wconf 72' lang='lat' dir='ltr'><strong>capta:</strong></span> <span class='ocrx_word' id='word_1_532' title='bbox 3295 947 3531 1010; x_wconf 83' lang='lat' dir='ltr'><strong>fuerant,</strong></span> 
     </span>
    </p>
   </div>
   <div class='ocr_carea' id='block_1_67' title="bbox 1961 1028 3533 1098">
    <p class='ocr_par' dir='ltr' id='par_1_67' title="bbox 1961 1028 3533 1098">
     <span class='ocr_line' id='line_1_67' title="bbox 1961 1028 3533 1098; baseline 0.005 -18"><span class='ocrx_word' id='word_1_533' title='bbox 1961 1042 2066 1080; x_wconf 87' lang='lat' dir='ltr'><strong>non</strong></span> <span class='ocrx_word' id='word_1_534' title='bbox 2097 1028 2306 1082; x_wconf 89' lang='lat' dir='ltr'><strong>Davidis</strong></span> <span class='ocrx_word' id='word_1_535' title='bbox 2330 1029 2665 1085; x_wconf 87' lang='lat' dir='ltr'><strong>solitudinem</strong></span> <span class='ocrx_word' id='word_1_536' title='bbox 2690 1041 2751 1086; x_wconf 89' lang='lat' dir='ltr'><strong>et</strong></span> <span class='ocrx_word' id='word_1_537' title='bbox 2775 1032 3223 1098; x_wconf 81' lang='lat' dir='ltr'><strong>imbecillitatem;</strong></span> <span class='ocrx_word' id='word_1_538' title='bbox 3250 1035 3342 1090; x_wconf 90' lang='lat' dir='ltr'><strong>sed</strong></span> <span class='ocrx_word' id='word_1_539' title='bbox 3368 1051 3533 1089; x_wconf 91' lang='lat' dir='ltr'><strong>unum</strong></span> 
     </span>
    </p>
   </div>
   <div class='ocr_carea' id='block_1_68' title="bbox 1960 1122 3540 1193">
    <p class='ocr_par' dir='ltr' id='par_1_68' title="bbox 1960 1122 3540 1193">
     <span class='ocr_line' id='line_1_68' title="bbox 1960 1122 3540 1193; baseline 0.005 -20"><span class='ocrx_word' id='word_1_540' title='bbox 1960 1123 2132 1174; x_wconf 88' lang='lat' dir='ltr'><strong>solum</strong></span> <span class='ocrx_word' id='word_1_541' title='bbox 2156 1122 2447 1191; x_wconf 85' lang='lat' dir='ltr'><strong>respiciens</strong></span> <span class='ocrx_word' id='word_1_542' title='bbox 2469 1123 2872 1193; x_wconf 81' lang='lat' dir='ltr'><strong>inexpugnabile</strong></span> <span class='ocrx_word' id='word_1_543' title='bbox 2898 1125 2988 1180; x_wconf 91' lang='lat' dir='ltr'><strong>Dei</strong></span> <span class='ocrx_word' id='word_1_544' title='bbox 3016 1126 3289 1191; x_wconf 84' lang='lat' dir='ltr'><strong>auxilium,</strong></span> <span class='ocrx_word' id='word_1_545' title='bbox 3317 1136 3372 1181; x_wconf 91' lang='lat' dir='ltr'><strong>et</strong></span> <span class='ocrx_word' id='word_1_546' title='bbox 3398 1127 3540 1181; x_wconf 88' lang='lat' dir='ltr'><strong>illius</strong></span> 
     </span>
    </p>
   </div>
   <div class='ocr_carea' id='block_1_69' title="bbox 1960 1210 3540 1286">
    <p class='ocr_par' dir='ltr' id='par_1_69' title="bbox 1960 1210 3540 1286">
     <span class='ocr_line' id='line_1_69' title="bbox 1960 1210 3540 1286; baseline 0.006 -22"><span class='ocrx_word' id='word_1_547' title='bbox 1960 1210 2405 1278; x_wconf 87' lang='lat' dir='ltr'><strong>benevolentiam,</strong></span> <span class='ocrx_word' id='word_1_548' title='bbox 2426 1215 2501 1267; x_wconf 89' lang='lat' dir='ltr'><strong>ita</strong></span> <span class='ocrx_word' id='word_1_549' title='bbox 2525 1224 2773 1284; x_wconf 89' lang='lat' dir='ltr'><strong>utrasque</strong></span> <span class='ocrx_word' id='word_1_550' title='bbox 2795 1225 2971 1286; x_wconf 86' lang='lat' dir='ltr'><strong>partes</strong></span> <span class='ocrx_word' id='word_1_551' title='bbox 2991 1215 3296 1283; x_wconf 86' lang='lat' dir='ltr'><strong>dijudieavit</strong></span> <span class='ocrx_word' id='word_1_552' title='bbox 3313 1234 3327 1270; x_wconf 88' lang='lat'><strong>:</strong></span> <span class='ocrx_word' id='word_1_553' title='bbox 3342 1228 3396 1273; x_wconf 92' lang='lat' dir='ltr'><strong>et</strong></span> <span class='ocrx_word' id='word_1_554' title='bbox 3421 1218 3540 1273; x_wconf 84' lang='lat' dir='ltr'><strong>illas</strong></span> 
     </span>
    </p>
   </div>
   <div class='ocr_carea' id='block_1_70' title="bbox 1960 1304 3541 1373">
    <p class='ocr_par' dir='ltr' id='par_1_70' title="bbox 1960 1304 3541 1373">
     <span class='ocr_line' id='line_1_70' title="bbox 1960 1304 3541 1373; baseline 0.002 -16"><span class='ocrx_word' id='word_1_555' title='bbox 1960 1304 2173 1373; x_wconf 87' lang='lat' dir='ltr'><strong>quidem</strong></span> <span class='ocrx_word' id='word_1_556' title='bbox 2195 1304 2399 1359; x_wconf 74' lang='lat' dir='ltr'><strong>invenit</strong></span> <span class='ocrx_word' id='word_1_557' title='bbox 2425 1305 2744 1373; x_wconf 74' lang='lat' dir='ltr'><strong>impotentes</strong></span> <span class='ocrx_word' id='word_1_558' title='bbox 2756 1318 2821 1361; x_wconf 75' lang='lat' dir='ltr'><strong>et</strong></span> <span class='ocrx_word' id='word_1_559' title='bbox 2847 1306 3138 1369; x_wconf 85' lang='lat' dir='ltr'><strong>invalidas.</strong></span> <span class='ocrx_word' id='word_1_560' title='bbox 3167 1307 3262 1362; x_wconf 90' lang='lat' dir='ltr'><strong>has</strong></span> <span class='ocrx_word' id='word_1_561' title='bbox 3290 1323 3417 1362; x_wconf 88' lang='lat' dir='ltr'><strong>vero</strong></span> <span class='ocrx_word' id='word_1_562' title='bbox 3447 1308 3541 1361; x_wconf 84' lang='lat' dir='ltr'><strong>lir-</strong></span> 
     </span>
    </p>
   </div>
   <div class='ocr_carea' id='block_1_71' title="bbox 1962 1397 3545 1467">
    <p class='ocr_par' dir='ltr' id='par_1_71' title="bbox 1962 1397 3545 1467">
     <span class='ocr_line' id='line_1_71' title="bbox 1962 1397 3545 1467; baseline 0.001 -18"><span class='ocrx_word' id='word_1_563' title='bbox 1962 1410 2077 1449; x_wconf 92' lang='lat' dir='ltr'><strong>mas</strong></span> <span class='ocrx_word' id='word_1_564' title='bbox 2105 1404 2159 1450; x_wconf 90' lang='lat' dir='ltr'><strong>et</strong></span> <span class='ocrx_word' id='word_1_565' title='bbox 2187 1406 2450 1465; x_wconf 89' lang='lat' dir='ltr'><strong>potentes.</strong></span> <span class='ocrx_word' id='word_1_566' title='bbox 2482 1397 2571 1451; x_wconf 89' lang='lat' dir='ltr'><strong>llle</strong></span> <span class='ocrx_word' id='word_1_567' title='bbox 2601 1398 2741 1452; x_wconf 91' lang='lat' dir='ltr'><strong>enim</strong></span> <span class='ocrx_word' id='word_1_568' title='bbox 2789 1398 2985 1467; x_wconf 91' lang='lat' dir='ltr'><strong>injuste</strong></span> <span class='ocrx_word' id='word_1_569' title='bbox 3019 1398 3264 1463; x_wconf 85' lang='lat' dir='ltr'><strong>faciebat,</strong></span> <span class='ocrx_word' id='word_1_570' title='bbox 3298 1398 3387 1453; x_wconf 78' lang='lat' dir='ltr'><strong>hic</strong></span> <span class='ocrx_word' id='word_1_571' title='bbox 3415 1414 3545 1452; x_wconf 80' lang='lat' dir='ltr'><strong>vero</strong></span> 
     </span>
    </p>
   </div>
   <div class='ocr_carea' id='block_1_72' title="bbox 1959 1485 3539 1557">
    <p class='ocr_par' dir='ltr' id='par_1_72' title="bbox 1959 1485 3539 1557">
     <span class='ocr_line' id='line_1_72' title="bbox 1959 1485 3539 1557; baseline 0.002 -18"><span class='ocrx_word' id='word_1_572' title='bbox 1959 1499 2080 1539; x_wconf 91' lang='lat' dir='ltr'><strong>cum</strong></span> <span class='ocrx_word' id='word_1_573' title='bbox 2116 1485 2260 1553; x_wconf 89' lang='lat' dir='ltr'><strong>justo</strong></span> <span class='ocrx_word' id='word_1_574' title='bbox 2295 1487 2529 1553; x_wconf 89' lang='lat' dir='ltr'><strong>seipsum</strong></span> <span class='ocrx_word' id='word_1_575' title='bbox 2572 1487 2836 1541; x_wconf 87' lang='lat' dir='ltr'><strong>servabat.</strong></span> <span class='ocrx_word' id='word_1_576' title='bbox 2876 1487 3012 1541; x_wconf 89' lang='lat' dir='ltr'><strong>Cum</strong></span> <span class='ocrx_word' id='word_1_577' title='bbox 3037 1503 3165 1557; x_wconf 79' lang='lat' dir='ltr'><strong>ergo</strong></span> <span class='ocrx_word' id='word_1_578' title='bbox 3191 1497 3389 1551; x_wconf 85' lang='lat' dir='ltr'><strong>staret,</strong></span> <span class='ocrx_word' id='word_1_579' title='bbox 3433 1504 3539 1542; x_wconf 88' lang='lat' dir='ltr'><strong>non</strong></span> 
     </span>
    </p>
   </div>
   <div class='ocr_carea' id='block_1_73' title="bbox 1962 1576 3540 1648">
    <p class='ocr_par' dir='ltr' id='par_1_73' title="bbox 1962 1576 3540 1648">
     <span class='ocr_line' id='line_1_73' title="bbox 1962 1576 3540 1648; baseline -0.001 -17"><span class='ocrx_word' id='word_1_580' title='bbox 1962 1576 2053 1631; x_wconf 90' lang='lat' dir='ltr'><strong>ubi</strong></span> <span class='ocrx_word' id='word_1_581' title='bbox 2081 1576 2365 1631; x_wconf 81' lang='lat' dir='ltr'><strong>multitudo</strong></span> <span class='ocrx_word' id='word_1_582' title='bbox 2391 1577 2666 1631; x_wconf 89' lang='lat' dir='ltr'><strong>hominum</strong></span> <span class='ocrx_word' id='word_1_583' title='bbox 2688 1619 2702 1643; x_wconf 90' lang='lat'><strong>,</strong></span> <span class='ocrx_word' id='word_1_584' title='bbox 2729 1578 2825 1632; x_wconf 90' lang='lat' dir='ltr'><strong>sed</strong></span> <span class='ocrx_word' id='word_1_585' title='bbox 2855 1578 2942 1632; x_wconf 92' lang='lat' dir='ltr'><strong>ubi</strong></span> <span class='ocrx_word' id='word_1_586' title='bbox 2977 1588 3092 1633; x_wconf 89' lang='lat' dir='ltr'><strong>erat</strong></span> <span class='ocrx_word' id='word_1_587' title='bbox 3118 1579 3328 1633; x_wconf 92' lang='lat' dir='ltr'><strong>virtutis</strong></span> <span class='ocrx_word' id='word_1_588' title='bbox 3352 1580 3540 1648; x_wconf 61' lang='lat' dir='ltr'><strong>pra-si-</strong></span> 
     </span>
    </p>
   </div>
   <div class='ocr_carea' id='block_1_74' title="bbox 1962 1667 3544 1738">
    <p class='ocr_par' dir='ltr' id='par_1_74' title="bbox 1962 1667 3544 1738">
     <span class='ocr_line' id='line_1_74' title="bbox 1962 1667 3544 1738; baseline 0.002 -17"><span class='ocrx_word' id='word_1_589' title='bbox 1962 1667 2130 1731; x_wconf 89' lang='lat' dir='ltr'><strong>dium,</strong></span> <span class='ocrx_word' id='word_1_590' title='bbox 2177 1683 2333 1738; x_wconf 89' lang='lat' dir='ltr'><strong>opem</strong></span> <span class='ocrx_word' id='word_1_591' title='bbox 2384 1668 2478 1725; x_wconf 85' lang='lat' dir='ltr'><strong>Dei</strong></span> <span class='ocrx_word' id='word_1_592' title='bbox 2516 1669 2583 1723; x_wconf 91' lang='lat' dir='ltr'><strong>ad</strong></span> <span class='ocrx_word' id='word_1_593' title='bbox 2622 1684 2682 1724; x_wconf 92' lang='lat' dir='ltr'><strong>se</strong></span> <span class='ocrx_word' id='word_1_594' title='bbox 2724 1672 2959 1724; x_wconf 90' lang='lat' dir='ltr'><strong>attraxit.</strong></span> <span class='ocrx_word' id='word_1_595' title='bbox 3006 1671 3130 1724; x_wconf 72' lang='lat' dir='ltr'><strong>llzcc</strong></span> <span class='ocrx_word' id='word_1_596' title='bbox 3170 1670 3313 1734; x_wconf 90' lang='lat' dir='ltr'><strong>dioo,</strong></span> <span class='ocrx_word' id='word_1_597' title='bbox 3358 1681 3410 1722; x_wconf 91' lang='lat' dir='ltr'><strong>ut</strong></span> <span class='ocrx_word' id='word_1_598' title='bbox 3444 1686 3544 1724; x_wconf 83' lang='lat' dir='ltr'><strong>nos</strong></span> 
     </span>
    </p>
   </div>
   <div class='ocr_carea' id='block_1_75' title="bbox 1961 1761 3540 1831">
    <p class='ocr_par' dir='ltr' id='par_1_75' title="bbox 1961 1761 3540 1831">
     <span class='ocr_line' id='line_1_75' title="bbox 1961 1761 3540 1831; baseline 0 -18"><span class='ocrx_word' id='word_1_599' title='bbox 1961 1774 2203 1829; x_wconf 90' lang='lat' dir='ltr'><strong>quoque,</strong></span> <span class='ocrx_word' id='word_1_600' title='bbox 2231 1761 2329 1815; x_wconf 87' lang='lat' dir='ltr'><strong>etsi</strong></span> <span class='ocrx_word' id='word_1_601' title='bbox 2354 1761 2461 1815; x_wconf 88' lang='lat' dir='ltr'><strong>sint</strong></span> <span class='ocrx_word' id='word_1_602' title='bbox 2504 1761 2755 1817; x_wconf 87' lang='lat' dir='ltr'><strong>imbecilli</strong></span> <span class='ocrx_word' id='word_1_603' title='bbox 2795 1777 2825 1816; x_wconf 90' lang='lat' dir='ltr'><strong>a</strong></span> <span class='ocrx_word' id='word_1_604' title='bbox 2867 1778 3089 1831; x_wconf 90' lang='lat' dir='ltr'><strong>quorum</strong></span> <span class='ocrx_word' id='word_1_605' title='bbox 3117 1771 3265 1831; x_wconf 88' lang='lat' dir='ltr'><strong>parte</strong></span> <span class='ocrx_word' id='word_1_606' title='bbox 3291 1762 3497 1829; x_wconf 88' lang='lat' dir='ltr'><strong>statjus</strong></span> <span class='ocrx_word' id='word_1_607' title='bbox 3519 1801 3540 1827; x_wconf 92' lang='lat'><strong>,</strong></span> 
     </span>
    </p>
   </div>
   <div class='ocr_carea' id='block_1_76' title="bbox 1962 1853 3541 1926">
    <p class='ocr_par' dir='ltr' id='par_1_76' title="bbox 1962 1853 3541 1926">
     <span class='ocr_line' id='line_1_76' title="bbox 1962 1853 3541 1926; baseline 0.002 -20"><span class='ocrx_word' id='word_1_608' title='bbox 1962 1853 2175 1907; x_wconf 85' lang='lat' dir='ltr'><strong>illorum</strong></span> <span class='ocrx_word' id='word_1_609' title='bbox 2203 1862 2384 1922; x_wconf 88' lang='lat' dir='ltr'><strong>partes</strong></span> <span class='ocrx_word' id='word_1_610' title='bbox 2416 1855 2833 1910; x_wconf 80' lang='lat' dir='ltr'><strong>tueamnrzlicet</strong></span> <span class='ocrx_word' id='word_1_611' title='bbox 2868 1855 2974 1909; x_wconf 89' lang='lat' dir='ltr'><strong>sint</strong></span> <span class='ocrx_word' id='word_1_612' title='bbox 3010 1864 3259 1925; x_wconf 83' lang='lat' dir='ltr'><strong>potentes</strong></span> <span class='ocrx_word' id='word_1_613' title='bbox 3280 1858 3371 1926; x_wconf 89' lang='lat' dir='ltr'><strong>qui</strong></span> <span class='ocrx_word' id='word_1_614' title='bbox 3400 1856 3541 1923; x_wconf 84' lang='lat' dir='ltr'><strong>inju-</strong></span> 
     </span>
    </p>
   </div>
   <div class='ocr_carea' id='block_1_77' title="bbox 1962 1942 3538 2015">
    <p class='ocr_par' dir='ltr' id='par_1_77' title="bbox 1962 1942 3538 2015">
     <span class='ocr_line' id='line_1_77' title="bbox 1962 1942 3538 2015; baseline 0 -14"><span class='ocrx_word' id='word_1_615' title='bbox 1962 1942 2094 2001; x_wconf 85' lang='lat' dir='ltr'><strong>riam</strong></span> <span class='ocrx_word' id='word_1_616' title='bbox 2121 1943 2387 2009; x_wconf 89' lang='lat' dir='ltr'><strong>inferunt,</strong></span> <span class='ocrx_word' id='word_1_617' title='bbox 2430 1946 2742 2000; x_wconf 89' lang='lat' dir='ltr'><strong>societatem</strong></span> <span class='ocrx_word' id='word_1_618' title='bbox 2781 1946 2992 2000; x_wconf 77' lang='lat' dir='ltr'><strong>illorum</strong></span> <span class='ocrx_word' id='word_1_619' title='bbox 3027 1946 3309 2015; x_wconf 82' lang='lat' dir='ltr'><strong>fugiamus.</strong></span> <span class='ocrx_word' id='word_1_620' title='bbox 3340 1946 3538 2001; x_wconf 81' lang='lat' dir='ltr'><strong>Vitium</strong></span> 
     </span>
    </p>
   </div>
   <div class='ocr_carea' id='block_1_78' title="bbox 1962 2034 3537 2100">
    <p class='ocr_par' dir='ltr' id='par_1_78' title="bbox 1962 2034 3537 2100">
     <span class='ocr_line' id='line_1_78' title="bbox 1962 2034 3537 2100; baseline -0.001 -10"><span class='ocrx_word' id='word_1_621' title='bbox 1962 2035 2128 2099; x_wconf 91' lang='lat' dir='ltr'><strong>enim,</strong></span> <span class='ocrx_word' id='word_1_622' title='bbox 2150 2034 2250 2089; x_wconf 86' lang='lat' dir='ltr'><strong>etsi</strong></span> <span class='ocrx_word' id='word_1_623' title='bbox 2279 2050 2457 2090; x_wconf 90' lang='lat' dir='ltr'><strong>secum</strong></span> <span class='ocrx_word' id='word_1_624' title='bbox 2485 2036 2676 2091; x_wconf 87' lang='lat' dir='ltr'><strong>habeat</strong></span> <span class='ocrx_word' id='word_1_625' title='bbox 2697 2037 3002 2091; x_wconf 84' lang='lat' dir='ltr'><strong>universum</strong></span> <span class='ocrx_word' id='word_1_626' title='bbox 3024 2037 3207 2091; x_wconf 77' lang='lat' dir='ltr'><strong>orbem</strong></span> <span class='ocrx_word' id='word_1_627' title='bbox 3238 2046 3493 2091; x_wconf 88' lang='lat' dir='ltr'><strong>terrarum</strong></span> <span class='ocrx_word' id='word_1_628' title='bbox 3519 2076 3537 2100; x_wconf 93' lang='lat'><strong>,</strong></span> 
     </span>
    </p>
   </div>
   <div class='ocr_carea' id='block_1_79' title="bbox 1965 2116 3537 2193">
    <p class='ocr_par' dir='ltr' id='par_1_79' title="bbox 1965 2116 3537 2193">
     <span class='ocr_line' id='line_1_79' title="bbox 1965 2116 3537 2193; baseline -0.001 -13"><span class='ocrx_word' id='word_1_629' title='bbox 1965 2135 2050 2180; x_wconf 90' lang='lat' dir='ltr'><strong>est</strong></span> <span class='ocrx_word' id='word_1_630' title='bbox 2076 2127 2312 2181; x_wconf 91' lang='lat' dir='ltr'><strong>omnium</strong></span> <span class='ocrx_word' id='word_1_631' title='bbox 2345 2128 2573 2183; x_wconf 84' lang='lat' dir='ltr'><strong>maxime</strong></span> <span class='ocrx_word' id='word_1_632' title='bbox 2612 2116 2969 2193; x_wconf 81' lang='lat' dir='ltr'><strong>imbecillum;</strong></span> <span class='ocrx_word' id='word_1_633' title='bbox 3001 2128 3167 2181; x_wconf 83' lang='lat' dir='ltr'><strong>virtus</strong></span> <span class='ocrx_word' id='word_1_634' title='bbox 3195 2136 3370 2181; x_wconf 88' lang='lat' dir='ltr'><strong>autem</strong></span> <span class='ocrx_word' id='word_1_635' title='bbox 3392 2167 3408 2191; x_wconf 92' lang='lat'><strong>,</strong></span> <span class='ocrx_word' id='word_1_636' title='bbox 3438 2127 3537 2181; x_wconf 83' lang='lat' dir='ltr'><strong>etsi</strong></span> 
     </span>
    </p>
   </div>
   <div class='ocr_carea' id='block_1_80' title="bbox 1962 2216 3540 2289">
    <p class='ocr_par' dir='ltr' id='par_1_80' title="bbox 1962 2216 3540 2289">
     <span class='ocr_line' id='line_1_80' title="bbox 1962 2216 3540 2289; baseline -0.002 -17"><span class='ocrx_word' id='word_1_637' title='bbox 1962 2216 2075 2272; x_wconf 85' lang='lat' dir='ltr'><strong>sola</strong></span> <span class='ocrx_word' id='word_1_638' title='bbox 2100 2217 2191 2282; x_wconf 90' lang='lat' dir='ltr'><strong>sit,</strong></span> <span class='ocrx_word' id='word_1_639' title='bbox 2219 2226 2300 2272; x_wconf 89' lang='lat' dir='ltr'><strong>est</strong></span> <span class='ocrx_word' id='word_1_640' title='bbox 2320 2218 2555 2272; x_wconf 91' lang='lat' dir='ltr'><strong>omnium</strong></span> <span class='ocrx_word' id='word_1_641' title='bbox 2597 2220 2962 2289; x_wconf 82' lang='lat' dir='ltr'><strong>potentissima</strong></span> <span class='ocrx_word' id='word_1_642' title='bbox 2984 2236 2997 2272; x_wconf 92' lang='lat'>:</span> <span class='ocrx_word' id='word_1_643' title='bbox 3018 2218 3177 2271; x_wconf 87' lang='lat' dir='ltr'><strong>habet</strong></span> <span class='ocrx_word' id='word_1_644' title='bbox 3201 2216 3343 2271; x_wconf 88' lang='lat' dir='ltr'><strong>enim</strong></span> <span class='ocrx_word' id='word_1_645' title='bbox 3376 2216 3540 2270; x_wconf 92' lang='lat' dir='ltr'><strong>Deum</strong></span> 
     </span>
    </p>
   </div>
   <div class='ocr_carea' id='block_1_81' title="bbox 1965 2307 3543 2379">
    <p class='ocr_par' dir='ltr' id='par_1_81' title="bbox 1965 2307 3543 2379">
     <span class='ocr_line' id='line_1_81' title="bbox 1965 2307 3543 2379; baseline -0.001 -18"><span class='ocrx_word' id='word_1_646' title='bbox 1965 2320 2145 2361; x_wconf 86' lang='lat' dir='ltr'><strong>secum</strong></span> <span class='ocrx_word' id='word_1_647' title='bbox 2185 2316 2436 2362; x_wconf 85' lang='lat' dir='ltr'><strong>stantem.</strong></span> <span class='ocrx_word' id='word_1_648' title='bbox 2477 2308 2608 2377; x_wconf 84' lang='lat' dir='ltr'><strong>Quis</strong></span> <span class='ocrx_word' id='word_1_649' title='bbox 2648 2324 2776 2379; x_wconf 86' lang='lat' dir='ltr'><strong>ergo</strong></span> <span class='ocrx_word' id='word_1_650' title='bbox 2814 2324 3027 2364; x_wconf 77' lang='lat' dir='ltr'><strong>servare</strong></span> <span class='ocrx_word' id='word_1_651' title='bbox 3056 2317 3226 2378; x_wconf 81' lang='lat' dir='ltr'><strong>potest</strong></span> <span class='ocrx_word' id='word_1_652' title='bbox 3250 2323 3369 2362; x_wconf 89' lang='lat' dir='ltr'><strong>eum</strong></span> <span class='ocrx_word' id='word_1_653' title='bbox 3396 2307 3543 2377; x_wconf 91' lang='lat' dir='ltr'><strong>quia</strong></span> 
     </span>
    </p>
   </div>
   <div class='ocr_carea' id='block_1_82' title="bbox 1966 2396 3543 2469">
    <p class='ocr_par' dir='ltr' id='par_1_82' title="bbox 1966 2396 3543 2469">
     <span class='ocr_line' id='line_1_82' title="bbox 1966 2396 3543 2469; baseline -0.001 -17"><span class='ocrx_word' id='word_1_654' title='bbox 1966 2396 2079 2452; x_wconf 88' lang='lat' dir='ltr'><strong>Deo</strong></span> <span class='ocrx_word' id='word_1_655' title='bbox 2120 2399 2486 2468; x_wconf 81' lang='lat' dir='ltr'><strong>oppugnatur?</strong></span> <span class='ocrx_word' id='word_1_656' title='bbox 2521 2400 2640 2469; x_wconf 87' lang='lat' dir='ltr'><strong>quis</strong></span> <span class='ocrx_word' id='word_1_657' title='bbox 2683 2409 2860 2454; x_wconf 91' lang='lat' dir='ltr'><strong>autem</strong></span> <span class='ocrx_word' id='word_1_658' title='bbox 2904 2408 3080 2469; x_wconf 83' lang='lat' dir='ltr'><strong>potest</strong></span> <span class='ocrx_word' id='word_1_659' title='bbox 3123 2399 3346 2469; x_wconf 83' lang='lat' dir='ltr'><strong>perdere</strong></span> <span class='ocrx_word' id='word_1_660' title='bbox 3383 2413 3543 2462; x_wconf 90' lang='lat' dir='ltr'><strong>eum,</strong></span> 
     </span>
    </p>
   </div>
   <div class='ocr_carea' id='block_1_83' title="bbox 1964 2487 3539 2560">
    <p class='ocr_par' dir='ltr' id='par_1_83' title="bbox 1964 2487 3539 2560">
     <span class='ocr_line' id='line_1_83' title="bbox 1964 2487 3539 2560; baseline 0.001 -19"><span class='ocrx_word' id='word_1_661' title='bbox 1964 2488 2050 2541; x_wconf 81' lang='lat' dir='ltr'><strong>eui</strong></span> <span class='ocrx_word' id='word_1_662' title='bbox 2076 2487 2188 2557; x_wconf 91' lang='lat' dir='ltr'><strong>ipse</strong></span> <span class='ocrx_word' id='word_1_663' title='bbox 2215 2487 2317 2544; x_wconf 85' lang='lat' dir='ltr'><strong>fert</strong></span> <span class='ocrx_word' id='word_1_664' title='bbox 2342 2490 2631 2544; x_wconf 83' lang='lat' dir='ltr'><strong>auxilium?</strong></span> <span class='ocrx_word' id='word_1_665' title='bbox 2658 2489 2782 2544; x_wconf 69' lang='lat' dir='ltr'><strong>llaec</strong></span> <span class='ocrx_word' id='word_1_666' title='bbox 2804 2490 2981 2544; x_wconf 90' lang='lat' dir='ltr'><strong>omnia</strong></span> <span class='ocrx_word' id='word_1_667' title='bbox 3002 2491 3269 2560; x_wconf 87' lang='lat' dir='ltr'><strong>sapienter</strong></span> <span class='ocrx_word' id='word_1_668' title='bbox 3294 2489 3539 2543; x_wconf 85' lang='lat' dir='ltr'><strong>conside-</strong></span> 
     </span>
    </p>
   </div>
   <div class='ocr_carea' id='block_1_84' title="bbox 1968 2579 3543 2651">
    <p class='ocr_par' dir='ltr' id='par_1_84' title="bbox 1968 2579 3543 2651">
     <span class='ocr_line' id='line_1_84' title="bbox 1968 2579 3543 2651; baseline -0.001 -17"><span class='ocrx_word' id='word_1_669' title='bbox 1968 2593 2094 2634; x_wconf 87' lang='lat' dir='ltr'><strong>rans</strong></span> <span class='ocrx_word' id='word_1_670' title='bbox 2118 2579 2303 2645; x_wconf 87' lang='lat' dir='ltr'><strong>Chusi,</strong></span> <span class='ocrx_word' id='word_1_671' title='bbox 2334 2580 2470 2635; x_wconf 89' lang='lat' dir='ltr'><strong>bona</strong></span> <span class='ocrx_word' id='word_1_672' title='bbox 2490 2597 2584 2651; x_wconf 90' lang='lat' dir='ltr'><strong>spe</strong></span> <span class='ocrx_word' id='word_1_673' title='bbox 2602 2590 2880 2650; x_wconf 86' lang='lat' dir='ltr'><strong>concepta,</strong></span> <span class='ocrx_word' id='word_1_674' title='bbox 2902 2584 3047 2637; x_wconf 74' lang='lat' dir='ltr'><strong>venit</strong></span> <span class='ocrx_word' id='word_1_675' title='bbox 3066 2598 3171 2650; x_wconf 88' lang='lat' dir='ltr'><strong>quo</strong></span> <span class='ocrx_word' id='word_1_676' title='bbox 3194 2581 3503 2636; x_wconf 88' lang='lat' dir='ltr'><strong>mittebatur</strong></span> <span class='ocrx_word' id='word_1_677' title='bbox 3526 2597 3543 2633; x_wconf 90' lang='lat'><strong>:</strong></span> 
     </span>
    </p>
   </div>
   <div class='ocr_carea' id='block_1_85' title="bbox 1966 2671 3547 2744">
    <p class='ocr_par' dir='ltr' id='par_1_85' title="bbox 1966 2671 3547 2744">
     <span class='ocr_line' id='line_1_85' title="bbox 1966 2671 3547 2744; baseline 0.001 -21"><span class='ocrx_word' id='word_1_678' title='bbox 1966 2678 2022 2724; x_wconf 89' lang='lat' dir='ltr'><strong>et</strong></span> <span class='ocrx_word' id='word_1_679' title='bbox 2044 2679 2326 2741; x_wconf 89' lang='lat' dir='ltr'><strong>postquam</strong></span> <span class='ocrx_word' id='word_1_680' title='bbox 2354 2671 2593 2739; x_wconf 86' lang='lat' dir='ltr'><strong>adstitit,</strong></span> <span class='ocrx_word' id='word_1_681' title='bbox 2630 2688 2753 2727; x_wconf 91' lang='lat' dir='ltr'><strong>cum</strong></span> <span class='ocrx_word' id='word_1_682' title='bbox 2793 2672 3013 2727; x_wconf 89' lang='lat' dir='ltr'><strong>vidisset</strong></span> <span class='ocrx_word' id='word_1_683' title='bbox 3039 2682 3316 2744; x_wconf 82' lang='lat' dir='ltr'><strong>tyrannum</strong></span> <span class='ocrx_word' id='word_1_684' title='bbox 3346 2686 3547 2741; x_wconf 62' lang='lat' dir='ltr'><strong>appro-</strong></span> 
     </span>
    </p>
   </div>
   <div class='ocr_carea' id='block_1_86' title="bbox 1969 2761 3542 2832">
    <p class='ocr_par' dir='ltr' id='par_1_86' title="bbox 1969 2761 3542 2832">
     <span class='ocr_line' id='line_1_86' title="bbox 1969 2761 3542 2832; baseline 0 -18"><span class='ocrx_word' id='word_1_685' title='bbox 1969 2761 2331 2831; x_wconf 89' lang='lat' dir='ltr'><strong>pinquantem,</strong></span> <span class='ocrx_word' id='word_1_686' title='bbox 2356 2763 2602 2817; x_wconf 91' lang='lat' dir='ltr'><strong>accessit.</strong></span> <span class='ocrx_word' id='word_1_687' title='bbox 2629 2763 2723 2818; x_wconf 93' lang='lat' dir='ltr'><strong>llle</strong></span> <span class='ocrx_word' id='word_1_688' title='bbox 2751 2772 2928 2818; x_wconf 87' lang='lat' dir='ltr'><strong>autem</strong></span> <span class='ocrx_word' id='word_1_689' title='bbox 2951 2778 3070 2818; x_wconf 91' lang='lat' dir='ltr'><strong>cum</strong></span> <span class='ocrx_word' id='word_1_690' title='bbox 3099 2764 3399 2832; x_wconf 89' lang='lat' dir='ltr'><strong>frequenter</strong></span> <span class='ocrx_word' id='word_1_691' title='bbox 3422 2778 3542 2816; x_wconf 87' lang='lat' dir='ltr'><strong>eum</strong></span> 
     </span>
    </p>
   </div>
   <div class='ocr_carea' id='block_1_87' title="bbox 1969 2852 3545 2923">
    <p class='ocr_par' dir='ltr' id='par_1_87' title="bbox 1969 2852 3545 2923">
     <span class='ocr_line' id='line_1_87' title="bbox 1969 2852 3545 2923; baseline -0.001 -17"><span class='ocrx_word' id='word_1_692' title='bbox 1969 2852 2225 2918; x_wconf 76' lang='lat' dir='ltr'><strong>vidisset,</strong></span> <span class='ocrx_word' id='word_1_693' title='bbox 2264 2862 2320 2907; x_wconf 89' lang='lat' dir='ltr'><strong>et</strong></span> <span class='ocrx_word' id='word_1_694' title='bbox 2356 2862 2499 2908; x_wconf 89' lang='lat' dir='ltr'><strong>esset</strong></span> <span class='ocrx_word' id='word_1_695' title='bbox 2542 2854 2834 2923; x_wconf 90' lang='lat' dir='ltr'><strong>imperandi</strong></span> <span class='ocrx_word' id='word_1_696' title='bbox 2870 2852 3156 2922; x_wconf 87' lang='lat' dir='ltr'><strong>cupiditate</strong></span> <span class='ocrx_word' id='word_1_697' title='bbox 3184 2852 3392 2917; x_wconf 89' lang='lat' dir='ltr'><strong>ebrius,</strong></span> <span class='ocrx_word' id='word_1_698' title='bbox 3436 2867 3545 2905; x_wconf 78' lang='lat' dir='ltr'><strong>nou</strong></span> 
     </span>
    </p>
   </div>
   <div class='ocr_carea' id='block_1_88' title="bbox 1971 2943 3548 3015">
    <p class='ocr_par' dir='ltr' id='par_1_88' title="bbox 1971 2943 3548 3015">
     <span class='ocr_line' id='line_1_88' title="bbox 1971 2943 3548 3015; baseline -0.003 -16"><span class='ocrx_word' id='word_1_699' title='bbox 1971 2944 2252 3015; x_wconf 74' lang='lat' dir='ltr'><strong>diligenter</strong></span> <span class='ocrx_word' id='word_1_700' title='bbox 2285 2944 2751 3001; x_wconf 87' lang='lat' dir='ltr'><strong>examinavit:sed</strong></span> <span class='ocrx_word' id='word_1_701' title='bbox 2789 2945 2940 3000; x_wconf 89' lang='lat' dir='ltr'><strong>illum</strong></span> <span class='ocrx_word' id='word_1_702' title='bbox 2968 2944 3224 3008; x_wconf 86' lang='lat' dir='ltr'><strong>irridens,</strong></span> <span class='ocrx_word' id='word_1_703' title='bbox 3259 2952 3314 2998; x_wconf 93' lang='lat' dir='ltr'><strong>et</strong></span> <span class='ocrx_word' id='word_1_704' title='bbox 3338 2943 3498 3011; x_wconf 90' lang='lat' dir='ltr'><strong>prohr</strong></span> <span class='ocrx_word' id='word_1_705' title='bbox 3519 2958 3548 2994; x_wconf 85' lang='lat' dir='ltr'><strong>s</strong></span> 
     </span>
    </p>
   </div>
   <div class='ocr_carea' id='block_1_89' title="bbox 1973 3035 3550 3107">
    <p class='ocr_par' dir='ltr' id='par_1_89' title="bbox 1973 3035 3550 3107">
     <span class='ocr_line' id='line_1_89' title="bbox 1973 3035 3550 3107; baseline -0.003 -16"><span class='ocrx_word' id='word_1_706' title='bbox 1973 3035 2236 3107; x_wconf 88' lang='lat' dir='ltr'><strong>impetens</strong></span> <span class='ocrx_word' id='word_1_707' title='bbox 2255 3077 2275 3104; x_wconf 93' lang='lat'><strong>,</strong></span> <span class='ocrx_word' id='word_1_708' title='bbox 2304 3037 2443 3102; x_wconf 83' lang='lat' dir='ltr'><strong>Abi,</strong></span> <span class='ocrx_word' id='word_1_709' title='bbox 2472 3038 2677 3107; x_wconf 88' lang='lat' dir='ltr'><strong>inquit,</strong></span> <span class='ocrx_word' id='word_1_710' title='bbox 2703 3051 2823 3091; x_wconf 92' lang='lat' dir='ltr'><strong>cum</strong></span> <span class='ocrx_word' id='word_1_711' title='bbox 2849 3036 3021 3090; x_wconf 91' lang='lat' dir='ltr'><strong>amico</strong></span> <span class='ocrx_word' id='word_1_712' title='bbox 3046 3045 3171 3101; x_wconf 90' lang='lat' dir='ltr'><strong>tuo,</strong></span> <span class='ocrx_word' id='word_1_713' title='bbox 3208 3051 3276 3089; x_wconf 89' lang='lat' dir='ltr'><strong>ne</strong></span> <span class='ocrx_word' id='word_1_714' title='bbox 3301 3035 3550 3103; x_wconf 85' lang='lat' dir='ltr'><strong>dignatus</strong></span> 
     </span>
    </p>
   </div>
   <div class='ocr_carea' id='block_1_90' title="bbox 1972 3125 3548 3199">
    <p class='ocr_par' dir='ltr' id='par_1_90' title="bbox 1972 3125 3548 3199">
     <span class='ocr_line' id='line_1_90' title="bbox 1972 3125 3548 3199; baseline -0.004 -17"><span class='ocrx_word' id='word_1_715' title='bbox 1972 3128 2188 3199; x_wconf 91' lang='lat' dir='ltr'><strong>quidem</strong></span> <span class='ocrx_word' id='word_1_716' title='bbox 2216 3143 2406 3182; x_wconf 91' lang='lat' dir='ltr'><strong>nomen</strong></span> <span class='ocrx_word' id='word_1_717' title='bbox 2434 3128 2633 3193; x_wconf 90' lang='lat' dir='ltr'><strong>dicere,</strong></span> <span class='ocrx_word' id='word_1_718' title='bbox 2666 3136 2868 3195; x_wconf 85' lang='lat' dir='ltr'><strong>tantum</strong></span> <span class='ocrx_word' id='word_1_719' title='bbox 2894 3137 3008 3182; x_wconf 88' lang='lat' dir='ltr'><strong>erat</strong></span> <span class='ocrx_word' id='word_1_720' title='bbox 3033 3125 3237 3191; x_wconf 88' lang='lat' dir='ltr'><strong>odium,</strong></span> <span class='ocrx_word' id='word_1_721' title='bbox 3266 3132 3422 3179; x_wconf 66' lang='lat' dir='ltr'><strong>tanta!</strong></span> <span class='ocrx_word' id='word_1_722' title='bbox 3448 3125 3548 3178; x_wconf 87' lang='lat' dir='ltr'><strong>iui-</strong></span> 
     </span>
    </p>
   </div>
   <div class='ocr_carea' id='block_1_91' title="bbox 1973 3218 3550 3292">
    <p class='ocr_par' dir='ltr' id='par_1_91' title="bbox 1973 3218 3550 3292">
     <span class='ocr_line' id='line_1_91' title="bbox 1973 3218 3550 3292; baseline -0.003 -17"><span class='ocrx_word' id='word_1_723' title='bbox 1973 3221 2187 3276; x_wconf 72' lang='lat' dir='ltr'><strong>micitite</strong></span> <span class='ocrx_word' id='word_1_724' title='bbox 2214 3220 2290 3290; x_wconf 74' lang='lat'><strong>(9..</strong></span> <span class='ocrx_word' id='word_1_725' title='bbox 2317 3221 2446 3292; x_wconf 84' lang='lat' dir='ltr'><strong>Reg.</strong></span> <span class='ocrx_word' id='word_1_726' title='bbox 2474 3220 2560 3275; x_wconf 84' lang='grc'><strong>16.</strong></span> <span class='ocrx_word' id='word_1_727' title='bbox 2599 3218 2710 3291; x_wconf 84' lang='grc'><strong>17).</strong></span> <span class='ocrx_word' id='word_1_728' title='bbox 2759 3219 2855 3275; x_wconf 90' lang='lat' dir='ltr'><strong>Cui</strong></span> <span class='ocrx_word' id='word_1_729' title='bbox 2894 3218 3058 3275; x_wconf 90' lang='lat' dir='ltr'><strong>Chusi</strong></span> <span class='ocrx_word' id='word_1_730' title='bbox 3088 3218 3220 3272; x_wconf 88' lang='lat' dir='ltr'><strong>nihil</strong></span> <span class='ocrx_word' id='word_1_731' title='bbox 3248 3226 3550 3272; x_wconf 74' lang='lat' dir='ltr'><strong>commotus</strong></span> 
     </span>
    </p>
   </div>
   <div class='ocr_carea' id='block_1_92' title="bbox 1974 3308 3546 3379">
    <p class='ocr_par' dir='ltr' id='par_1_92' title="bbox 1974 3308 3546 3379">
     <span class='ocr_line' id='line_1_92' title="bbox 1974 3308 3546 3379; baseline -0.005 -11"><span class='ocrx_word' id='word_1_732' title='bbox 1974 3328 2075 3368; x_wconf 90' lang='lat' dir='ltr'><strong>nec</strong></span> <span class='ocrx_word' id='word_1_733' title='bbox 2101 3313 2448 3368; x_wconf 90' lang='lat' dir='ltr'><strong>conturbatus</strong></span> <span class='ocrx_word' id='word_1_734' title='bbox 2474 3312 2604 3366; x_wconf 91' lang='lat' dir='ltr'><strong>dicit</strong></span> <span class='ocrx_word' id='word_1_735' title='bbox 2627 3330 2642 3368; x_wconf 91' lang='lat'><strong>:</strong></span> <span class='ocrx_word' id='word_1_736' title='bbox 2664 3311 2887 3379; x_wconf 86' lang='lat' dir='ltr'><strong>Quando</strong></span> <span class='ocrx_word' id='word_1_737' title='bbox 2924 3311 3064 3365; x_wconf 89' lang='lat' dir='ltr'><strong>Deus</strong></span> <span class='ocrx_word' id='word_1_738' title='bbox 3092 3317 3208 3363; x_wconf 90' lang='lat' dir='ltr'><strong>erat</strong></span> <span class='ocrx_word' id='word_1_739' title='bbox 3240 3324 3359 3363; x_wconf 92' lang='lat' dir='ltr'><strong>cum</strong></span> <span class='ocrx_word' id='word_1_740' title='bbox 3400 3308 3546 3376; x_wconf 89' lang='lat' dir='ltr'><strong>ipso,</strong></span> 
     </span>
    </p>
   </div>
   <div class='ocr_carea' id='block_1_93' title="bbox 1974 3402 3549 3473">
    <p class='ocr_par' dir='ltr' id='par_1_93' title="bbox 1974 3402 3549 3473">
     <span class='ocr_line' id='line_1_93' title="bbox 1974 3402 3549 3473; baseline -0.005 -15"><span class='ocrx_word' id='word_1_741' title='bbox 1974 3404 2051 3459; x_wconf 92' lang='lat' dir='ltr'><strong>illi</strong></span> <span class='ocrx_word' id='word_1_742' title='bbox 2081 3404 2220 3459; x_wconf 90' lang='lat' dir='ltr'><strong>bene</strong></span> <span class='ocrx_word' id='word_1_743' title='bbox 2246 3402 2486 3458; x_wconf 91' lang='lat' dir='ltr'><strong>volebam</strong></span> <span class='ocrx_word' id='word_1_744' title='bbox 2518 3420 2534 3457; x_wconf 83' lang='lat'><strong>:</strong></span> <span class='ocrx_word' id='word_1_745' title='bbox 2560 3403 2811 3473; x_wconf 91' lang='lat' dir='ltr'><strong>quoniam</strong></span> <span class='ocrx_word' id='word_1_746' title='bbox 2847 3411 3023 3455; x_wconf 88' lang='lat' dir='ltr'><strong>autem</strong></span> <span class='ocrx_word' id='word_1_747' title='bbox 3060 3414 3200 3454; x_wconf 89' lang='lat' dir='ltr'><strong>nunc</strong></span> <span class='ocrx_word' id='word_1_748' title='bbox 3229 3406 3401 3453; x_wconf 84' lang='lat' dir='ltr'><strong>tecum</strong></span> <span class='ocrx_word' id='word_1_749' title='bbox 3427 3408 3507 3453; x_wconf 87' lang='lat' dir='ltr'><strong>est</strong></span> <span class='ocrx_word' id='word_1_750' title='bbox 3532 3440 3549 3462; x_wconf 96' lang='lat'><strong>,</strong></span> 
     </span>
    </p>
   </div>
   <div class='ocr_carea' id='block_1_94' title="bbox 1973 3491 3549 3566">
    <p class='ocr_par' dir='ltr' id='par_1_94' title="bbox 1973 3491 3549 3566">
     <span class='ocr_line' id='line_1_94' title="bbox 1973 3491 3549 3566; baseline -0.003 -15"><span class='ocrx_word' id='word_1_751' title='bbox 1973 3512 2304 3566; x_wconf 91' lang='lat' dir='ltr'><strong>consequens</strong></span> <span class='ocrx_word' id='word_1_752' title='bbox 2329 3503 2411 3551; x_wconf 92' lang='lat' dir='ltr'><strong>est</strong></span> <span class='ocrx_word' id='word_1_753' title='bbox 2431 3506 2486 3550; x_wconf 91' lang='lat' dir='ltr'><strong>ut</strong></span> <span class='ocrx_word' id='word_1_754' title='bbox 2512 3505 2631 3550; x_wconf 90' lang='lat' dir='ltr'><strong>tuas</strong></span> <span class='ocrx_word' id='word_1_755' title='bbox 2655 3505 2831 3564; x_wconf 90' lang='lat' dir='ltr'><strong>partes</strong></span> <span class='ocrx_word' id='word_1_756' title='bbox 2853 3508 3050 3563; x_wconf 89' lang='lat' dir='ltr'><strong>sequar</strong></span> <span class='ocrx_word' id='word_1_757' title='bbox 3073 3491 3228 3565; x_wconf 79' lang='lat' dir='ltr'><strong>(Ibid.</strong></span> <span class='ocrx_word' id='word_1_758' title='bbox 3253 3506 3301 3546; x_wconf 79' lang='grc' dir='ltr'><strong>υ.</strong></span> <span class='ocrx_word' id='word_1_759' title='bbox 3326 3491 3410 3545; x_wconf 85' lang='grc'><strong>18.</strong></span> <span class='ocrx_word' id='word_1_760' title='bbox 3436 3491 3549 3561; x_wconf 81' lang='grc'><strong>19).</strong></span> 
     </span>
    </p>
   </div>
   <div class='ocr_carea' id='block_1_95' title="bbox 1975 3581 3551 3658">
    <p class='ocr_par' dir='ltr' id='par_1_95' title="bbox 1975 3581 3551 3658">
     <span class='ocr_line' id='line_1_95' title="bbox 1975 3581 3551 3658; baseline -0.003 -17"><span class='ocrx_word' id='word_1_761' title='bbox 1975 3586 2086 3641; x_wconf 84' lang='lat' dir='ltr'><strong>Hoc</strong></span> <span class='ocrx_word' id='word_1_762' title='bbox 2114 3596 2343 3658; x_wconf 86' lang='lat' dir='ltr'><strong>tyranno</strong></span> <span class='ocrx_word' id='word_1_763' title='bbox 2363 3600 2586 3655; x_wconf 86' lang='lat' dir='ltr'><strong>magnos</strong></span> <span class='ocrx_word' id='word_1_764' title='bbox 2607 3586 2826 3653; x_wconf 89' lang='lat' dir='ltr'><strong>spiritus</strong></span> <span class='ocrx_word' id='word_1_765' title='bbox 2846 3584 2992 3649; x_wconf 88' lang='lat' dir='ltr'><strong>fecit,</strong></span> <span class='ocrx_word' id='word_1_766' title='bbox 3020 3582 3383 3652; x_wconf 88' lang='lat' dir='ltr'><strong>tumidumque</strong></span> <span class='ocrx_word' id='word_1_767' title='bbox 3404 3581 3551 3636; x_wconf 86' lang='lat' dir='ltr'><strong>illum</strong></span> 
     </span>
    </p>
   </div>
   <div class='ocr_carea' id='block_1_96' title="bbox 1976 3674 3552 3746">
    <p class='ocr_par' dir='ltr' id='par_1_96' title="bbox 1976 3674 3552 3746">
     <span class='ocr_line' id='line_1_96' title="bbox 1976 3674 3552 3746; baseline -0.005 -13"><span class='ocrx_word' id='word_1_768' title='bbox 1976 3677 2227 3741; x_wconf 89' lang='lat' dir='ltr'><strong>reddidit,</strong></span> <span class='ocrx_word' id='word_1_769' title='bbox 2243 3686 2297 3732; x_wconf 93' lang='lat' dir='ltr'><strong>et</strong></span> <span class='ocrx_word' id='word_1_770' title='bbox 2321 3692 2379 3732; x_wconf 92' lang='lat' dir='ltr'><strong>re</strong></span> <span class='ocrx_word' id='word_1_771' title='bbox 2397 3692 2500 3731; x_wconf 91' lang='lat' dir='ltr'><strong>non</strong></span> <span class='ocrx_word' id='word_1_772' title='bbox 2519 3676 2797 3746; x_wconf 87' lang='lat' dir='ltr'><strong>diligenter</strong></span> <span class='ocrx_word' id='word_1_773' title='bbox 2817 3676 3113 3730; x_wconf 89' lang='lat' dir='ltr'><strong>examinata</strong></span> <span class='ocrx_word' id='word_1_774' title='bbox 3137 3676 3282 3743; x_wconf 81' lang='lat' dir='ltr'><strong>(nam</strong></span> <span class='ocrx_word' id='word_1_775' title='bbox 3310 3674 3392 3728; x_wconf 90' lang='lat' dir='ltr'><strong>vir</strong></span> <span class='ocrx_word' id='word_1_776' title='bbox 3422 3674 3552 3728; x_wconf 80' lang='lat' dir='ltr'><strong>levis</strong></span> 
     </span>
    </p>
   </div>
   <div class='ocr_carea' id='block_1_97' title="bbox 1977 3761 3555 3835">
    <p class='ocr_par' dir='ltr' id='par_1_97' title="bbox 1977 3761 3555 3835">
     <span class='ocr_line' id='line_1_97' title="bbox 1977 3761 3555 3835; baseline -0.005 -11"><span class='ocrx_word' id='word_1_777' title='bbox 1977 3768 2148 3824; x_wconf 91' lang='lat' dir='ltr'><strong>credit</strong></span> <span class='ocrx_word' id='word_1_778' title='bbox 2187 3768 2425 3823; x_wconf 89' lang='lat' dir='ltr'><strong>sermoni</strong></span> <span class='ocrx_word' id='word_1_779' title='bbox 2467 3766 2716 3821; x_wconf 90' lang='lat' dir='ltr'><strong>cuilibet:</strong></span> <span class='ocrx_word' id='word_1_780' title='bbox 2739 3764 2878 3835; x_wconf 90' lang='lat' dir='ltr'><strong>quod</strong></span> <span class='ocrx_word' id='word_1_781' title='bbox 2923 3765 2997 3819; x_wconf 81' lang='lat' dir='ltr'><strong>illi</strong></span> <span class='ocrx_word' id='word_1_782' title='bbox 3034 3765 3193 3819; x_wconf 89' lang='lat' dir='ltr'><strong>etiam</strong></span> <span class='ocrx_word' id='word_1_783' title='bbox 3228 3761 3471 3835; x_wconf 88' lang='lat' dir='ltr'><strong>accidit),</strong></span> <span class='ocrx_word' id='word_1_784' title='bbox 3499 3770 3555 3817; x_wconf 89' lang='lat' dir='ltr'><strong>et</strong></span> 
     </span>
    </p>
   </div>
   <div class='ocr_carea' id='block_1_98' title="bbox 1978 3854 3550 3926">
    <p class='ocr_par' dir='ltr' id='par_1_98' title="bbox 1978 3854 3550 3926">
     <span class='ocr_line' id='line_1_98' title="bbox 1978 3854 3550 3926; baseline -0.006 -12"><span class='ocrx_word' id='word_1_785' title='bbox 1978 3859 2202 3914; x_wconf 90' lang='lat' dir='ltr'><strong>inimicis</strong></span> <span class='ocrx_word' id='word_1_786' title='bbox 2224 3858 2455 3921; x_wconf 91' lang='lat' dir='ltr'><strong>deditus,</strong></span> <span class='ocrx_word' id='word_1_787' title='bbox 2487 3858 2662 3926; x_wconf 91' lang='lat' dir='ltr'><strong>ipsum</strong></span> <span class='ocrx_word' id='word_1_788' title='bbox 2691 3856 2868 3910; x_wconf 87' lang='lat' dir='ltr'><strong>statim</strong></span> <span class='ocrx_word' id='word_1_789' title='bbox 2896 3855 3035 3909; x_wconf 90' lang='lat' dir='ltr'><strong>inter</strong></span> <span class='ocrx_word' id='word_1_790' title='bbox 3061 3855 3277 3909; x_wconf 88' lang='lat' dir='ltr'><strong>intimos</strong></span> <span class='ocrx_word' id='word_1_791' title='bbox 3301 3854 3550 3921; x_wconf 85' lang='lat' dir='ltr'><strong>admittit,</strong></span> 
     </span>
    </p>
   </div>
   <div class='ocr_carea' id='block_1_99' title="bbox 1979 3943 3550 4018">
    <p class='ocr_par' dir='ltr' id='par_1_99' title="bbox 1979 3943 3550 4018">
     <span class='ocr_line' id='line_1_99' title="bbox 1979 3943 3550 4018; baseline -0.006 -13"><span class='ocrx_word' id='word_1_792' title='bbox 1979 3959 2035 4007; x_wconf 91' lang='lat' dir='ltr'><strong>et</strong></span> <span class='ocrx_word' id='word_1_793' title='bbox 2059 3950 2109 4003; x_wconf 91' lang='lat' dir='ltr'><strong>in</strong></span> <span class='ocrx_word' id='word_1_794' title='bbox 2133 3949 2421 4018; x_wconf 89' lang='lat' dir='ltr'><strong>primorum</strong></span> <span class='ocrx_word' id='word_1_795' title='bbox 2451 3947 2743 4001; x_wconf 89' lang='lat' dir='ltr'><strong>amicorum</strong></span> <span class='ocrx_word' id='word_1_796' title='bbox 2764 3944 2928 3999; x_wconf 89' lang='lat' dir='ltr'><strong>refert</strong></span> <span class='ocrx_word' id='word_1_797' title='bbox 2957 3958 3255 3998; x_wconf 90' lang='lat' dir='ltr'><strong>numerum.</strong></span> <span class='ocrx_word' id='word_1_798' title='bbox 3288 3943 3427 3996; x_wconf 88' lang='lat' dir='ltr'><strong>Deus</strong></span> <span class='ocrx_word' id='word_1_799' title='bbox 3452 3958 3550 3996; x_wconf 87' lang='lat' dir='ltr'><strong>au-</strong></span> 
     </span>
    </p>
   </div>
   <div class='ocr_carea' id='block_1_100' title="bbox 1982 4035 3547 4111">
    <p class='ocr_par' dir='ltr' id='par_1_100' title="bbox 1982 4035 3547 4111">
     <span class='ocr_line' id='line_1_100' title="bbox 1982 4035 3547 4111; baseline -0.006 -15"><span class='ocrx_word' id='word_1_800' title='bbox 1982 4050 2086 4097; x_wconf 92' lang='lat' dir='ltr'><strong>tem</strong></span> <span class='ocrx_word' id='word_1_801' title='bbox 2116 4056 2370 4111; x_wconf 73' lang='lat' dir='ltr'><strong>prmsens,</strong></span> <span class='ocrx_word' id='word_1_802' title='bbox 2400 4048 2454 4094; x_wconf 90' lang='lat' dir='ltr'><strong>et</strong></span> <span class='ocrx_word' id='word_1_803' title='bbox 2483 4054 2601 4109; x_wconf 66' lang='lat' dir='ltr'><strong>quae</strong></span> <span class='ocrx_word' id='word_1_804' title='bbox 2624 4039 2819 4093; x_wconf 85' lang='lat' dir='ltr'><strong>fiebant</strong></span> <span class='ocrx_word' id='word_1_805' title='bbox 2838 4051 3049 4108; x_wconf 85' lang='lat' dir='ltr'><strong>regens,</strong></span> <span class='ocrx_word' id='word_1_806' title='bbox 3071 4036 3245 4091; x_wconf 88' lang='lat' dir='ltr'><strong>omnia</strong></span> <span class='ocrx_word' id='word_1_807' title='bbox 3268 4035 3547 4105; x_wconf 88' lang='lat' dir='ltr'><strong>dispensa-</strong></span> 
     </span>
    </p>
   </div>
   <div class='ocr_carea' id='block_1_101' title="bbox 1982 4126 3555 4200">
    <p class='ocr_par' dir='ltr' id='par_1_101' title="bbox 1982 4126 3555 4200">
     <span class='ocr_line' id='line_1_101' title="bbox 1982 4126 3555 4200; baseline -0.003 -15"><span class='ocrx_word' id='word_1_808' title='bbox 1982 4131 2091 4185; x_wconf 89' lang='lat' dir='ltr'><strong>bat.</strong></span> <span class='ocrx_word' id='word_1_809' title='bbox 2122 4132 2190 4186; x_wconf 86' lang='lat' dir='ltr'><strong>Et</strong></span> <span class='ocrx_word' id='word_1_810' title='bbox 2223 4130 2497 4200; x_wconf 86' lang='lat' dir='ltr'><strong>preposito</strong></span> <span class='ocrx_word' id='word_1_811' title='bbox 2525 4130 2664 4185; x_wconf 85' lang='lat' dir='ltr'><strong>circa</strong></span> <span class='ocrx_word' id='word_1_812' title='bbox 2691 4128 2888 4183; x_wconf 87' lang='lat' dir='ltr'><strong>bellum</strong></span> <span class='ocrx_word' id='word_1_813' title='bbox 2917 4127 3161 4192; x_wconf 90' lang='lat' dir='ltr'><strong>consilio,</strong></span> <span class='ocrx_word' id='word_1_814' title='bbox 3186 4142 3307 4180; x_wconf 90' lang='lat' dir='ltr'><strong>eum</strong></span> <span class='ocrx_word' id='word_1_815' title='bbox 3336 4126 3424 4180; x_wconf 91' lang='lat' dir='ltr'><strong>alii</strong></span> <span class='ocrx_word' id='word_1_816' title='bbox 3449 4126 3555 4180; x_wconf 81' lang='lat' dir='ltr'><strong>alia</strong></span> 
     </span>
    </p>
   </div>
   <div class='ocr_carea' id='block_1_102' title="bbox 1981 4215 3552 4290">
    <p class='ocr_par' dir='ltr' id='par_1_102' title="bbox 1981 4215 3552 4290">
     <span class='ocr_line' id='line_1_102' title="bbox 1981 4215 3552 4290; baseline -0.006 -13"><span class='ocrx_word' id='word_1_817' title='bbox 1981 4223 2221 4278; x_wconf 91' lang='lat' dir='ltr'><strong>dicerent</strong></span> <span class='ocrx_word' id='word_1_818' title='bbox 2259 4222 2326 4277; x_wconf 91' lang='lat' dir='ltr'><strong>de</strong></span> <span class='ocrx_word' id='word_1_819' title='bbox 2363 4223 2523 4277; x_wconf 90' lang='lat' dir='ltr'><strong>rebus</strong></span> <span class='ocrx_word' id='word_1_820' title='bbox 2549 4221 2799 4290; x_wconf 87' lang='lat' dir='ltr'><strong>agendis,</strong></span> <span class='ocrx_word' id='word_1_821' title='bbox 2842 4234 2912 4272; x_wconf 88' lang='lat' dir='ltr'><strong>an</strong></span> <span class='ocrx_word' id='word_1_822' title='bbox 2951 4218 3126 4272; x_wconf 89' lang='lat' dir='ltr'><strong>statim</strong></span> <span class='ocrx_word' id='word_1_823' title='bbox 3155 4215 3440 4280; x_wconf 86' lang='lat' dir='ltr'><strong>invadere,</strong></span> <span class='ocrx_word' id='word_1_824' title='bbox 3484 4230 3552 4268; x_wconf 89' lang='lat' dir='ltr'><strong>au</strong></span> 
     </span>
    </p>
   </div>
   <div class='ocr_carea' id='block_1_103' title="bbox 1982 4304 3552 4385">
    <p class='ocr_par' dir='ltr' id='par_1_103' title="bbox 1982 4304 3552 4385">
     <span class='ocr_line' id='line_1_103' title="bbox 1982 4304 3552 4385; baseline -0.006 -18"><span class='ocrx_word' id='word_1_825' title='bbox 1982 4329 2169 4385; x_wconf 90' lang='lat' dir='ltr'><strong>parum</strong></span> <span class='ocrx_word' id='word_1_826' title='bbox 2195 4311 2411 4366; x_wconf 81' lang='lat' dir='ltr'><strong>dill&#39;erre</strong></span> <span class='ocrx_word' id='word_1_827' title='bbox 2451 4318 2754 4380; x_wconf 86' lang='lat' dir='ltr'><strong>oporteret,</strong></span> <span class='ocrx_word' id='word_1_828' title='bbox 2785 4308 3045 4363; x_wconf 88' lang='lat' dir='ltr'><strong>accedens</strong></span> <span class='ocrx_word' id='word_1_829' title='bbox 3074 4304 3388 4374; x_wconf 80' lang='lat' dir='ltr'><strong>Achimphel</strong></span> <span class='ocrx_word' id='word_1_830' title='bbox 3408 4344 3422 4368; x_wconf 92' lang='lat'><strong>,</strong></span> <span class='ocrx_word' id='word_1_831' title='bbox 3464 4304 3552 4373; x_wconf 88' lang='lat' dir='ltr'><strong>qui</strong></span> 
     </span>
    </p>
   </div>
   <div class='ocr_carea' id='block_1_104' title="bbox 1981 4399 3553 4472">
    <p class='ocr_par' dir='ltr' id='par_1_104' title="bbox 1981 4399 3553 4472">
     <span class='ocr_line' id='line_1_104' title="bbox 1981 4399 3553 4472; baseline -0.007 -14"><span class='ocrx_word' id='word_1_832' title='bbox 1981 4404 2207 4459; x_wconf 90' lang='lat' dir='ltr'><strong>consilio</strong></span> <span class='ocrx_word' id='word_1_833' title='bbox 2236 4403 2520 4472; x_wconf 89' lang='lat' dir='ltr'><strong>plurimum</strong></span> <span class='ocrx_word' id='word_1_834' title='bbox 2552 4401 2764 4455; x_wconf 89' lang='lat' dir='ltr'><strong>valebat</strong></span> <span class='ocrx_word' id='word_1_835' title='bbox 2797 4408 2853 4453; x_wconf 90' lang='lat' dir='ltr'><strong>et</strong></span> <span class='ocrx_word' id='word_1_836' title='bbox 2896 4399 3213 4452; x_wconf 90' lang='lat' dir='ltr'><strong>sententiam</strong></span> <span class='ocrx_word' id='word_1_837' title='bbox 3244 4412 3391 4451; x_wconf 91' lang='lat' dir='ltr'><strong>suam</strong></span> <span class='ocrx_word' id='word_1_838' title='bbox 3428 4411 3553 4466; x_wconf 82' lang='lat' dir='ltr'><strong>pro-</strong></span> 
     </span>
    </p>
   </div>
   <div class='ocr_carea' id='block_1_105' title="bbox 1985 4487 3556 4556">
    <p class='ocr_par' dir='ltr' id='par_1_105' title="bbox 1985 4487 3556 4556">
     <span class='ocr_line' id='line_1_105' title="bbox 1985 4487 3556 4556; baseline -0.006 -5"><span class='ocrx_word' id='word_1_839' title='bbox 1985 4496 2162 4552; x_wconf 91' lang='lat' dir='ltr'><strong>ferens</strong></span> <span class='ocrx_word' id='word_1_840' title='bbox 2192 4497 2292 4550; x_wconf 93' lang='lat' dir='ltr'><strong>hoc</strong></span> <span class='ocrx_word' id='word_1_841' title='bbox 2320 4495 2466 4549; x_wconf 88' lang='lat' dir='ltr'><strong>dedit</strong></span> <span class='ocrx_word' id='word_1_842' title='bbox 2485 4493 2787 4556; x_wconf 90' lang='lat' dir='ltr'><strong>consilium,</strong></span> <span class='ocrx_word' id='word_1_843' title='bbox 2805 4491 2989 4545; x_wconf 83' lang='lat' dir='ltr'><strong>dicens</strong></span> <span class='ocrx_word' id='word_1_844' title='bbox 3013 4506 3027 4543; x_wconf 91' lang='lat'><strong>:</strong></span> <span class='ocrx_word' id='word_1_845' title='bbox 3050 4487 3316 4542; x_wconf 84' lang='lat' dir='ltr'><strong>Afﬂictum</strong></span> <span class='ocrx_word' id='word_1_846' title='bbox 3346 4502 3482 4541; x_wconf 86' lang='lat' dir='ltr'><strong>nunc</strong></span> <span class='ocrx_word' id='word_1_847' title='bbox 3502 4494 3556 4541; x_wconf 86' lang='lat' dir='ltr'><strong>et</strong></span> 
     </span>
    </p>
   </div>
   <div class='ocr_carea' id='block_1_106' title="bbox 1983 4580 3557 4661">
    <p class='ocr_par' dir='ltr' id='par_1_106' title="bbox 1983 4580 3557 4661">
     <span class='ocr_line' id='line_1_106' title="bbox 1983 4580 3557 4661; baseline -0.007 -17"><span class='ocrx_word' id='word_1_848' title='bbox 1983 4589 2348 4661; x_wconf 86' lang='lat' dir='ltr'><strong>perturbatum</strong></span> <span class='ocrx_word' id='word_1_849' title='bbox 2390 4597 2592 4657; x_wconf 90' lang='lat' dir='ltr'><strong>patrem</strong></span> <span class='ocrx_word' id='word_1_850' title='bbox 2623 4598 2769 4639; x_wconf 92' lang='lat' dir='ltr'><strong>tuum</strong></span> <span class='ocrx_word' id='word_1_851' title='bbox 2804 4583 3133 4638; x_wconf 88' lang='lat' dir='ltr'><strong>invadamus.</strong></span> <span class='ocrx_word' id='word_1_852' title='bbox 3159 4580 3290 4636; x_wconf 85' lang='lat' dir='ltr'><strong>Nam</strong></span> <span class='ocrx_word' id='word_1_853' title='bbox 3319 4582 3363 4634; x_wconf 92' lang='lat' dir='ltr'><strong>si</strong></span> <span class='ocrx_word' id='word_1_854' title='bbox 3388 4580 3437 4635; x_wconf 91' lang='lat' dir='ltr'><strong>ei</strong></span> <span class='ocrx_word' id='word_1_855' title='bbox 3470 4596 3557 4633; x_wconf 85' lang='lat' dir='ltr'><strong>re-</strong></span> 
     </span>
    </p>
   </div>
   <div class='ocr_carea' id='block_1_107' title="bbox 1984 4670 3558 4749">
    <p class='ocr_par' dir='ltr' id='par_1_107' title="bbox 1984 4670 3558 4749">
     <span class='ocr_line' id='line_1_107' title="bbox 1984 4670 3558 4749; baseline -0.007 -15"><span class='ocrx_word' id='word_1_856' title='bbox 1984 4679 2216 4749; x_wconf 90' lang='lat' dir='ltr'><strong>spirandi</strong></span> <span class='ocrx_word' id='word_1_857' title='bbox 2242 4679 2442 4732; x_wconf 88' lang='lat' dir='ltr'><strong>nullutn</strong></span> <span class='ocrx_word' id='word_1_858' title='bbox 2466 4686 2675 4744; x_wconf 85' lang='lat' dir='ltr'><strong>tempus</strong></span> <span class='ocrx_word' id='word_1_859' title='bbox 2702 4673 3026 4737; x_wconf 86' lang='lat' dir='ltr'><strong>dederimus,</strong></span> <span class='ocrx_word' id='word_1_860' title='bbox 3047 4673 3115 4727; x_wconf 91' lang='lat' dir='ltr'><strong>ita</strong></span> <span class='ocrx_word' id='word_1_861' title='bbox 3140 4687 3260 4728; x_wconf 89' lang='lat' dir='ltr'><strong>eum</strong></span> <span class='ocrx_word' id='word_1_862' title='bbox 3286 4670 3353 4726; x_wconf 90' lang='lat' dir='ltr'><strong>de</strong></span> <span class='ocrx_word' id='word_1_863' title='bbox 3381 4670 3558 4724; x_wconf 87' lang='lat' dir='ltr'><strong>medio</strong></span> 
     </span>
    </p>
   </div>
   <div class='ocr_carea' id='block_1_108' title="bbox 1988 4761 3557 4834">
    <p class='ocr_par' dir='ltr' id='par_1_108' title="bbox 1988 4761 3557 4834">
     <span class='ocr_line' id='line_1_108' title="bbox 1988 4761 3557 4834; baseline -0.008 -9"><span class='ocrx_word' id='word_1_864' title='bbox 1988 4771 2242 4825; x_wconf 89' lang='lat' dir='ltr'><strong>tollemus</strong></span> <span class='ocrx_word' id='word_1_865' title='bbox 2268 4787 2279 4821; x_wconf 93' lang='lat'>:</span> <span class='ocrx_word' id='word_1_866' title='bbox 2301 4768 2343 4821; x_wconf 87' lang='lat' dir='ltr'><strong>si</strong></span> <span class='ocrx_word' id='word_1_867' title='bbox 2366 4768 2508 4822; x_wconf 88' lang='lat' dir='ltr'><strong>enim</strong></span> <span class='ocrx_word' id='word_1_868' title='bbox 2531 4781 2650 4819; x_wconf 93' lang='lat' dir='ltr'><strong>eum</strong></span> <span class='ocrx_word' id='word_1_869' title='bbox 2673 4765 2987 4834; x_wconf 90' lang='lat' dir='ltr'><strong>imparatum</strong></span> <span class='ocrx_word' id='word_1_870' title='bbox 3010 4778 3150 4817; x_wconf 90' lang='lat' dir='ltr'><strong>nunc</strong></span> <span class='ocrx_word' id='word_1_871' title='bbox 3169 4761 3557 4831; x_wconf 83' lang='lat' dir='ltr'><strong>aggrediamur,</strong></span> 
     </span>
    </p>
   </div>
   <div class='ocr_carea' id='block_1_109' title="bbox 1986 4852 3557 4928">
    <p class='ocr_par' dir='ltr' id='par_1_109' title="bbox 1986 4852 3557 4928">
     <span class='ocr_line' id='line_1_109' title="bbox 1986 4852 3557 4928; baseline -0.008 -9"><span class='ocrx_word' id='word_1_872' title='bbox 1986 4880 2072 4919; x_wconf 90' lang='lat' dir='ltr'><strong>res</strong></span> <span class='ocrx_word' id='word_1_873' title='bbox 2098 4863 2245 4917; x_wconf 92' lang='lat' dir='ltr'><strong>nullo</strong></span> <span class='ocrx_word' id='word_1_874' title='bbox 2272 4861 2453 4915; x_wconf 89' lang='lat' dir='ltr'><strong>labore</strong></span> <span class='ocrx_word' id='word_1_875' title='bbox 2494 4875 2525 4913; x_wconf 85' lang='lat' dir='ltr'><strong>a</strong></span> <span class='ocrx_word' id='word_1_876' title='bbox 2549 4858 2700 4913; x_wconf 91' lang='lat' dir='ltr'><strong>nobis</strong></span> <span class='ocrx_word' id='word_1_877' title='bbox 2722 4856 3028 4928; x_wconf 84' lang='lat' dir='ltr'><strong>perficietur</strong></span> <span class='ocrx_word' id='word_1_878' title='bbox 3069 4852 3089 4927; x_wconf 95' lang='lat'><strong>(</strong></span> <span class='ocrx_word' id='word_1_879' title='bbox 3116 4853 3254 4907; x_wconf 81' lang='lat' dir='ltr'><strong>Ibid.</strong></span> <span class='ocrx_word' id='word_1_880' title='bbox 3282 4853 3370 4907; x_wconf 84' lang='grc'><strong>17.</strong></span> <span class='ocrx_word' id='word_1_881' title='bbox 3393 4853 3487 4907; x_wconf 83' lang='grc'><strong>1-5</strong></span> <span class='ocrx_word' id='word_1_882' title='bbox 3516 4855 3557 4921; x_wconf 90' lang='grc'><strong>).</strong></span> 
     </span>
    </p>
   </div>
   <div class='ocr_carea' id='block_1_110' title="bbox 1988 4942 3559 5020">
    <p class='ocr_par' dir='ltr' id='par_1_110' title="bbox 1988 4942 3559 5020">
     <span class='ocr_line' id='line_1_110' title="bbox 1988 4942 3559 5020; baseline -0.008 -11"><span class='ocrx_word' id='word_1_883' title='bbox 1988 4957 2112 5010; x_wconf 66' lang='grc' dir='ltr'><strong>ΗΠΞο</strong></span> <span class='ocrx_word' id='word_1_884' title='bbox 2142 4969 2262 5009; x_wconf 91' lang='lat' dir='ltr'><strong>cum</strong></span> <span class='ocrx_word' id='word_1_885' title='bbox 2290 4953 2525 5005; x_wconf 85' lang='lat' dir='ltr'><strong>audisset</strong></span> <span class='ocrx_word' id='word_1_886' title='bbox 2564 4961 2849 5020; x_wconf 87' lang='lat' dir='ltr'><strong>tyrannus,</strong></span> <span class='ocrx_word' id='word_1_887' title='bbox 2876 4954 3031 5001; x_wconf 89' lang='lat' dir='ltr'><strong>vocat</strong></span> <span class='ocrx_word' id='word_1_888' title='bbox 3053 4946 3211 5000; x_wconf 92' lang='lat' dir='ltr'><strong>etiam</strong></span> <span class='ocrx_word' id='word_1_889' title='bbox 3242 4943 3405 4999; x_wconf 83' lang='lat' dir='ltr'><strong>Chusi</strong></span> <span class='ocrx_word' id='word_1_890' title='bbox 3425 4982 3441 5009; x_wconf 93' lang='lat'><strong>,</strong></span> <span class='ocrx_word' id='word_1_891' title='bbox 3469 4942 3559 5011; x_wconf 87' lang='lat' dir='ltr'><strong>qui</strong></span> 
     </span>
    </p>
   </div>
   <div class='ocr_carea' id='block_1_111' title="bbox 1985 5031 3562 5115">
    <p class='ocr_par' dir='ltr' id='par_1_111' title="bbox 1985 5031 3562 5115">
     <span class='ocr_line' id='line_1_111' title="bbox 1985 5031 3562 5115; baseline -0.008 -16"><span class='ocrx_word' id='word_1_892' title='bbox 1985 5045 2054 5099; x_wconf 91' lang='lat' dir='ltr'><strong>ad</strong></span> <span class='ocrx_word' id='word_1_893' title='bbox 2080 5046 2251 5115; x_wconf 89' lang='lat' dir='ltr'><strong>ipsum</strong></span> <span class='ocrx_word' id='word_1_894' title='bbox 2276 5040 2632 5110; x_wconf 85' lang='lat' dir='ltr'><strong>transfugerat</strong></span> <span class='ocrx_word' id='word_1_895' title='bbox 2652 5054 2747 5110; x_wconf 91' lang='lat' dir='ltr'><strong>per</strong></span> <span class='ocrx_word' id='word_1_896' title='bbox 2766 5038 3180 5101; x_wconf 88' lang='lat' dir='ltr'><strong>simulationem,</strong></span> <span class='ocrx_word' id='word_1_897' title='bbox 3208 5045 3262 5089; x_wconf 91' lang='lat' dir='ltr'><strong>et</strong></span> <span class='ocrx_word' id='word_1_898' title='bbox 3286 5049 3406 5089; x_wconf 92' lang='lat' dir='ltr'><strong>eum</strong></span> <span class='ocrx_word' id='word_1_899' title='bbox 3435 5031 3562 5087; x_wconf 77' lang='lat' dir='ltr'><strong>facit</strong></span> 
     </span>
    </p>
   </div>
   <div class='ocr_carea' id='block_1_112' title="bbox 1987 5123 3559 5206">
    <p class='ocr_par' dir='ltr' id='par_1_112' title="bbox 1987 5123 3559 5206">
     <span class='ocr_line' id='line_1_112' title="bbox 1987 5123 3559 5206; baseline -0.009 -14"><span class='ocrx_word' id='word_1_900' title='bbox 1987 5139 2105 5205; x_wconf 83' lang='lat' dir='ltr'><strong>eius</strong></span> <span class='ocrx_word' id='word_1_901' title='bbox 2144 5136 2285 5206; x_wconf 91' lang='lat' dir='ltr'><strong>quod</strong></span> <span class='ocrx_word' id='word_1_902' title='bbox 2326 5134 2605 5205; x_wconf 82' lang='lat' dir='ltr'><strong>petebatur</strong></span> <span class='ocrx_word' id='word_1_903' title='bbox 2643 5130 2852 5186; x_wconf 91' lang='lat' dir='ltr'><strong>consilii</strong></span> <span class='ocrx_word' id='word_1_904' title='bbox 2892 5128 3204 5200; x_wconf 90' lang='lat' dir='ltr'><strong>participem</strong></span> <span class='ocrx_word' id='word_1_905' title='bbox 3230 5143 3243 5179; x_wconf 90' lang='lat'><strong>:</strong></span> <span class='ocrx_word' id='word_1_906' title='bbox 3268 5123 3410 5195; x_wconf 90' lang='lat' dir='ltr'><strong>quod</strong></span> <span class='ocrx_word' id='word_1_907' title='bbox 3451 5140 3559 5178; x_wconf 58' lang='lat' dir='ltr'><strong>n-ru</strong></span> 
     </span>
    </p>
   </div>
   <div class='ocr_carea' id='block_1_113' title="bbox 1989 5215 3561 5287">
    <p class='ocr_par' dir='ltr' id='par_1_113' title="bbox 1989 5215 3561 5287">
     <span class='ocr_line' id='line_1_113' title="bbox 1989 5215 3561 5287; baseline -0.012 -2"><span class='ocrx_word' id='word_1_908' title='bbox 1989 5239 2104 5285; x_wconf 85' lang='lat' dir='ltr'><strong>erat</strong></span> <span class='ocrx_word' id='word_1_909' title='bbox 2132 5229 2379 5284; x_wconf 65' lang='lat' dir='ltr'><strong>humanae</strong></span> <span class='ocrx_word' id='word_1_910' title='bbox 2406 5225 2599 5281; x_wconf 88' lang='lat' dir='ltr'><strong>rationi</strong></span> <span class='ocrx_word' id='word_1_911' title='bbox 2618 5231 3042 5278; x_wconf 87' lang='lat' dir='ltr'><strong>consentaneum</strong></span> <span class='ocrx_word' id='word_1_912' title='bbox 3060 5261 3076 5287; x_wconf 89' lang='lat'><strong>,</strong></span> <span class='ocrx_word' id='word_1_913' title='bbox 3105 5227 3164 5273; x_wconf 93' lang='lat' dir='ltr'><strong>ut</strong></span> <span class='ocrx_word' id='word_1_914' title='bbox 3188 5232 3309 5273; x_wconf 90' lang='lat' dir='ltr'><strong>eum</strong></span> <span class='ocrx_word' id='word_1_915' title='bbox 3346 5215 3435 5285; x_wconf 91' lang='lat' dir='ltr'><strong>qui</strong></span> <span class='ocrx_word' id='word_1_916' title='bbox 3470 5229 3561 5268; x_wconf 87' lang='lat' dir='ltr'><strong>re-</strong></span> 
     </span>
    </p>
   </div>
   <div class='ocr_carea' id='block_1_114' title="bbox 1988 5308 3561 5383">
    <p class='ocr_par' dir='ltr' id='par_1_114' title="bbox 1988 5308 3561 5383">
     <span class='ocr_line' id='line_1_114' title="bbox 1988 5308 3561 5383; baseline -0.01 -6"><span class='ocrx_word' id='word_1_917' title='bbox 1988 5330 2173 5377; x_wconf 85' lang='lat' dir='ltr'><strong>center</strong></span> <span class='ocrx_word' id='word_1_918' title='bbox 2200 5328 2439 5383; x_wconf 89' lang='lat' dir='ltr'><strong>venerat,</strong></span> <span class='ocrx_word' id='word_1_919' title='bbox 2468 5326 2615 5372; x_wconf 83' lang='lat' dir='ltr'><strong>tanto</strong></span> <span class='ocrx_word' id='word_1_920' title='bbox 2636 5318 2840 5371; x_wconf 91' lang='lat' dir='ltr'><strong>honore</strong></span> <span class='ocrx_word' id='word_1_921' title='bbox 2860 5314 3117 5376; x_wconf 85' lang='lat' dir='ltr'><strong>afficeret,</strong></span> <span class='ocrx_word' id='word_1_922' title='bbox 3140 5319 3194 5364; x_wconf 90' lang='lat' dir='ltr'><strong>et</strong></span> <span class='ocrx_word' id='word_1_923' title='bbox 3220 5308 3322 5363; x_wconf 86' lang='lat' dir='ltr'><strong>fide</strong></span> <span class='ocrx_word' id='word_1_924' title='bbox 3342 5308 3561 5377; x_wconf 87' lang='lat' dir='ltr'><strong>dignum</strong></span> 
     </span>
    </p>
   </div>
   <div class='ocr_carea' id='block_1_115' title="bbox 1990 5400 3565 5475">
    <p class='ocr_par' dir='ltr' id='par_1_115' title="bbox 1990 5400 3565 5475">
     <span class='ocr_line' id='line_1_115' title="bbox 1990 5400 3565 5475; baseline -0.011 -7"><span class='ocrx_word' id='word_1_925' title='bbox 1990 5415 2348 5475; x_wconf 80' lang='lat' dir='ltr'><strong>existimaret,</strong></span> <span class='ocrx_word' id='word_1_926' title='bbox 2390 5421 2450 5465; x_wconf 88' lang='lat' dir='ltr'><strong>ut</strong></span> <span class='ocrx_word' id='word_1_927' title='bbox 2491 5411 2650 5465; x_wconf 90' lang='lat' dir='ltr'><strong>etiam</strong></span> <span class='ocrx_word' id='word_1_928' title='bbox 2693 5408 2759 5462; x_wconf 90' lang='lat' dir='ltr'><strong>de</strong></span> <span class='ocrx_word' id='word_1_929' title='bbox 2799 5407 2962 5462; x_wconf 91' lang='lat' dir='ltr'><strong>rebus</strong></span> <span class='ocrx_word' id='word_1_930' title='bbox 3002 5400 3263 5473; x_wconf 90' lang='lat' dir='ltr'><strong>ejusmodi</strong></span> <span class='ocrx_word' id='word_1_931' title='bbox 3293 5414 3414 5454; x_wconf 90' lang='lat' dir='ltr'><strong>eum</strong></span> <span class='ocrx_word' id='word_1_932' title='bbox 3443 5412 3565 5450; x_wconf 87' lang='lat' dir='ltr'><strong>esse</strong></span> 
     </span>
    </p>
   </div>
   <div class='ocr_carea' id='block_1_116' title="bbox 1992 5486 3566 5561">
    <p class='ocr_par' dir='ltr' id='par_1_116' title="bbox 1992 5486 3566 5561">
     <span class='ocr_line' id='line_1_116' title="bbox 1992 5486 3566 5561; baseline -0.012 -5"><span class='ocrx_word' id='word_1_933' title='bbox 1992 5505 2152 5561; x_wconf 79' lang='lat' dir='ltr'><strong>vellet</strong></span> <span class='ocrx_word' id='word_1_934' title='bbox 2174 5502 2531 5557; x_wconf 89' lang='lat' dir='ltr'><strong>consiliarium</strong></span> <span class='ocrx_word' id='word_1_935' title='bbox 2559 5497 2690 5554; x_wconf 89' lang='lat' dir='ltr'><strong>:sed</strong></span> <span class='ocrx_word' id='word_1_936' title='bbox 2720 5497 2857 5551; x_wconf 90' lang='lat' dir='ltr'><strong>sicut</strong></span> <span class='ocrx_word' id='word_1_937' title='bbox 2883 5505 3005 5550; x_wconf 87' lang='lat' dir='ltr'><strong>ante</strong></span> <span class='ocrx_word' id='word_1_938' title='bbox 3025 5492 3154 5555; x_wconf 79' lang='lat' dir='ltr'><strong>dixi,</strong></span> <span class='ocrx_word' id='word_1_939' title='bbox 3184 5487 3396 5560; x_wconf 89' lang='lat' dir='ltr'><strong>quando</strong></span> <span class='ocrx_word' id='word_1_940' title='bbox 3425 5486 3566 5540; x_wconf 66' lang='lat' dir='ltr'><strong>Deus</strong></span> 
     </span>
    </p>
   </div>
   <div class='ocr_carea' id='block_1_117' title="bbox 1991 5576 3565 5662">
    <p class='ocr_par' dir='ltr' id='par_1_117' title="bbox 1991 5576 3565 5662">
     <span class='ocr_line' id='line_1_117' title="bbox 1991 5576 3565 5662; baseline -0.016 -10"><span class='ocrx_word' id='word_1_941' title='bbox 1991 5605 2075 5651; x_wconf 88' lang='lat' dir='ltr'><strong>est</strong></span> <span class='ocrx_word' id='word_1_942' title='bbox 2094 5595 2304 5660; x_wconf 89' lang='lat' dir='ltr'><strong>ductor,</strong></span> <span class='ocrx_word' id='word_1_943' title='bbox 2332 5594 2488 5647; x_wconf 88' lang='lat' dir='ltr'><strong>etiam</strong></span> <span class='ocrx_word' id='word_1_944' title='bbox 2515 5606 2635 5662; x_wconf 68' lang='lat' dir='ltr'><strong>qua:</strong></span> <span class='ocrx_word' id='word_1_945' title='bbox 2663 5597 2786 5643; x_wconf 91' lang='lat' dir='ltr'><strong>sunt</strong></span> <span class='ocrx_word' id='word_1_946' title='bbox 2815 5584 3074 5648; x_wconf 80' lang='lat' dir='ltr'><strong>difﬁcilia,</strong></span> <span class='ocrx_word' id='word_1_947' title='bbox 3112 5581 3282 5636; x_wconf 87' lang='lat' dir='ltr'><strong>facilia</strong></span> <span class='ocrx_word' id='word_1_948' title='bbox 3311 5576 3565 5641; x_wconf 87' lang='lat' dir='ltr'><strong>evadunt.</strong></span> 
     </span>
    </p>
   </div>
   <div class='ocr_carea' id='block_1_118' title="bbox 1994 5670 3561 5747">
    <p class='ocr_par' dir='ltr' id='par_1_118' title="bbox 1994 5670 3561 5747">
     <span class='ocr_line' id='line_1_118' title="bbox 1994 5670 3561 5747; baseline -0.014 -6"><span class='ocrx_word' id='word_1_949' title='bbox 1994 5686 2347 5741; x_wconf 89' lang='lat' dir='ltr'><strong>lntroducitur</strong></span> <span class='ocrx_word' id='word_1_950' title='bbox 2370 5683 2549 5747; x_wconf 86' lang='lat' dir='ltr'><strong>Cbusi,</strong></span> <span class='ocrx_word' id='word_1_951' title='bbox 2577 5690 2631 5737; x_wconf 89' lang='lat' dir='ltr'><strong>et</strong></span> <span class='ocrx_word' id='word_1_952' title='bbox 2670 5680 2795 5734; x_wconf 89' lang='lat' dir='ltr'><strong>facit</strong></span> <span class='ocrx_word' id='word_1_953' title='bbox 2824 5678 2874 5733; x_wconf 90' lang='lat' dir='ltr'><strong>ei</strong></span> <span class='ocrx_word' id='word_1_954' title='bbox 2913 5677 3132 5731; x_wconf 86' lang='lat' dir='ltr'><strong>liberam</strong></span> <span class='ocrx_word' id='word_1_955' title='bbox 3171 5670 3382 5727; x_wconf 90' lang='lat' dir='ltr'><strong>dicendi</strong></span> <span class='ocrx_word' id='word_1_956' title='bbox 3419 5680 3561 5738; x_wconf 78' lang='lat' dir='ltr'><strong>pote-</strong></span> 
     </span>
    </p>
   </div>
   <div class='ocr_carea' id='block_1_119' title="bbox 1995 5760 3562 5845">
    <p class='ocr_par' dir='ltr' id='par_1_119' title="bbox 1995 5760 3562 5845">
     <span class='ocr_line' id='line_1_119' title="bbox 1995 5760 3562 5845; baseline -0.015 -9"><span class='ocrx_word' id='word_1_957' title='bbox 1995 5787 2208 5845; x_wconf 85' lang='lat' dir='ltr'><strong>statem,</strong></span> <span class='ocrx_word' id='word_1_958' title='bbox 2240 5775 2452 5844; x_wconf 77' lang='lat' dir='ltr'><strong>vultque</strong></span> <span class='ocrx_word' id='word_1_959' title='bbox 2469 5773 2647 5829; x_wconf 88' lang='lat' dir='ltr'><strong>dicere</strong></span> <span class='ocrx_word' id='word_1_960' title='bbox 2671 5770 2740 5827; x_wconf 91' lang='lat' dir='ltr'><strong>de</strong></span> <span class='ocrx_word' id='word_1_961' title='bbox 2762 5783 2827 5826; x_wconf 90' lang='lat' dir='ltr'><strong>eo</strong></span> <span class='ocrx_word' id='word_1_962' title='bbox 2851 5766 2992 5840; x_wconf 88' lang='lat' dir='ltr'><strong>quod</strong></span> <span class='ocrx_word' id='word_1_963' title='bbox 3016 5763 3331 5838; x_wconf 88' lang='lat' dir='ltr'><strong>proponitur</strong></span> <span class='ocrx_word' id='word_1_964' title='bbox 3356 5761 3412 5833; x_wconf 73' lang='lat'><strong>(2</strong></span> <span class='ocrx_word' id='word_1_965' title='bbox 3436 5760 3562 5829; x_wconf 73' lang='lat' dir='ltr'><strong>Reg.</strong></span> 
     </span>
    </p>
   </div>
  </div>
