4074 6356
464 361 534 426 33
1218 359 1280 414 S.
1315 355 1592 414 IOANNIS
1619 352 2093 416 CHRYSOSTOMI
2131 353 2450 415 ARCHIEP.
2493 360 3032 424 CONSTANTINOP.
3678 370 3749 428 '81

465 479 554 534 17.
588 476 642 532 5.
673 473 748 546 6).
781 473 917 541 Quid
943 488 1071 530 vero
1085 471 1292 528 Chnsi?
1317 473 1637 543 Numquam,
1668 472 1866 542 inquit,
1899 471 2055 524 aber-

467 568 612 624 ravit
634 564 953 635 Achitopbel
980 565 1075 636 (α).
1108 563 1271 618 Vides
1301 563 1677 634 prudentiam?
1717 561 1834 617 Non
1864 576 2051 630 repre-

468 661 654 716 hendit
687 658 865 714 statim
888 657 1004 727 ejus
1043 658 1383 722 sententiam,
1419 656 1513 710 sed
1549 671 1672 710 cum
1712 656 1887 710 laude.
1919 655 2052 708 Eum

465 755 610 807 enim
642 753 866 808 laudans
899 751 1042 822 quod
1075 759 1434 822 opportunum
1462 757 1616 802 antea
1642 747 1924 801 consilium
1951 746 2051 800 de-

465 847 657 912 disset,
691 847 766 900 ita
813 855 1133 916 prmsentem
1177 845 1448 913 vituperat
1502 842 1846 897 sententiam.
1898 839 2051 906 Quod

468 949 646 994 autem
668 938 818 1004 dicit,
844 939 1049 993 taleest
1072 955 1086 991 :
1115 937 1278 992 Miror
1301 932 1570 1006 quomodo
1593 949 1733 987 nunc
1755 932 2050 987 erraverit:

463 1047 569 1086 non
628 1030 756 1086 mihi
809 1031 951 1086 enim
1003 1030 1214 1084 videtur
1271 1044 1392 1084 esse
1450 1027 1576 1083 utile
1633 1025 1936 1081 consilium.
1994 1023 2050 1079 Si

462 1122 660 1191 quippe
699 1137 820 1176 eum
862 1121 1395 1186 nuncinvaserimus,
1435 1127 1705 1188 tamquam
1727 1131 1885 1171 ursus
1904 1115 2052 1172 rabie

463 1214 712 1283 percitus,
745 1213 819 1267 ira
853 1213 1041 1282 plenus
1069 1221 1220 1282 pater
1246 1221 1390 1274 tuus,
1421 1211 1490 1266 de
1516 1210 1622 1265 vita
1647 1209 1968 1278 desperans,
1996 1215 2052 1263 et

463 1322 584 1360 cunt
613 1322 817 1360 summa
843 1321 1082 1376 pugnans
1103 1305 1485 1376 indignatione,
1511 1319 1621 1358 suae
1641 1303 1828 1358 salutis
1848 1302 2048 1359 nullam

461 1399 620 1454 ducet
644 1400 926 1465 rationem,
949 1407 1004 1454 et
1025 1398 1254 1452 maximo
1276 1397 1476 1467 impetu
1496 1396 1547 1450 in
1563 1409 1662 1450 nos
1683 1395 1868 1449 irruet.
1895 1393 2048 1462 Quod

460 1493 504 1545 si
519 1507 703 1561 parum
725 1492 1068 1558 cesserimus,
1088 1507 1210 1546 eum
1226 1507 1347 1545 cum
1367 1489 1657 1559 majoribus
1677 1497 1732 1544 et
1745 1487 2053 1543 instructio-

463 1584 611 1638 ribus
634 1585 805 1654 copiis
831 1584 1238 1655 aggrediemur,
1268 1583 1530 1652 longeque
1559 1581 1725 1635 tutius
1745 1622 1761 1646 ,
1816 1596 1880 1636 ac
1913 1581 2047 1634 citra

467 1676 626 1730 ullum
660 1675 921 1743 laborem,
963 1687 1162 1730 etcum
1201 1675 1431 1729 maxima
1455 1672 1707 1727 facilitate
1730 1687 1854 1727 eum
1885 1671 2047 1726 veluti

462 1770 654 1840 laqueo
683 1769 1013 1838 implicatum
1043 1768 1318 1839 capiemus
1339 1777 1393 1822 et
1422 1765 1751 1822 adducemus
1776 1765 1797 1836 (
1827 1763 1964 1821 Ibid.
1995 1780 2046 1818 υ.

463 1859 643 1930 7-13).
665 1860 869 1914 Laudat
885 1859 1118 1912 Ahsalon
1131 1856 1473 1920 sententiam,
1497 1871 1723 1925 eamque
1745 1855 1846 1910 sibi
1863 1855 2047 1910 utilio-

463 1967 576 2005 rem
608 1965 727 2006 esse
747 1951 874 2004 dicit
895 1948 1055 2019 (Ibid.
1083 1965 1130 2002 υ.
1156 1948 1268 2018 14).
1293 1947 1419 2001 Haec
1437 1957 1616 2001 autem
1633 1943 2044 2013 dicebatChusi,

463 2044 647 2098 Davidi
673 2043 856 2098 volens
880 2043 1008 2098 dare
1034 2051 1243 2111 tempus
1260 2050 1317 2095 ut
1331 2055 1389 2096 se
1414 2041 1739 2108 aliquantum
1757 2047 2044 2105 recrearet,

459 2153 523 2194 ac
540 2139 851 2208 respiraret,
873 2145 1191 2207 cogeretque
1208 2135 1521 2190 exercitum.
1541 2133 1613 2187 ita
1631 2148 1758 2203 ergo
1773 2131 2046 2202 repudiata

462 2227 829 2298 Aehitophelis
873 2229 1170 2290 sententia,
1223 2242 1320 2295 per
1365 2226 1507 2279 viros
1557 2225 1759 2295 aliquot
1811 2231 2048 2278 secretos

462 2320 700 2385 mittens,
724 2319 902 2373 omnia
929 2318 1109 2372 Davidi
1132 2317 1472 2383 renuntiavit,
1497 2325 1780 2387 tyrannum
1804 2315 2048 2370 videlicet

461 2427 612 2465 suam
641 2411 966 2481 approbasse
1007 2413 1360 2476 sententiam,
1411 2425 1530 2479 qua:
1569 2408 1754 2463 Davidi
1795 2408 2047 2464 alTerebat

461 2503 761 2557 victoriam.
814 2501 966 2570 Quod
1021 2502 1088 2556 ita
1131 2502 1291 2558 etiam
1329 2501 1521 2556 accidit
1557 2518 1571 2555 :
1621 2516 1743 2555 cum
1781 2501 1924 2556 enim
1969 2499 2047 2556 illi

463 2609 648 2662 parum
685 2594 838 2663 spatii
869 2593 1137 2658 dedisset,
1183 2602 1400 2662 paratus
1431 2592 1591 2646 David
1637 2609 1758 2648 eum
1811 2593 2042 2659 invasit,

461 2685 698 2755 fusisque
737 2699 800 2738 ac
843 2685 1034 2754 fugatis
1075 2683 1319 2739 hostibus
1347 2685 1622 2739 victoriam
1650 2686 1850 2740 retulit.
1892 2685 2046 2753 Quod

460 2794 580 2832 cum
605 2794 700 2848 pro
717 2793 808 2832 sua
828 2777 1106 2848 prudentia
1130 2789 1183 2832 et
1203 2777 1394 2849 ingenii
1418 2779 1632 2835 solertia
1659 2779 1866 2835 videret
1883 2779 2044 2834 Achi-

460 2871 672 2940 tophel,
722 2881 776 2926 et
811 2885 879 2926 ex
925 2886 990 2925 eo
1031 2871 1231 2924 exitum
1276 2871 1657 2938 intellexisset,
1687 2886 1880 2940 nempe
1903 2869 2045 2942 quod

463 2963 573 3018 haec
615 2962 883 3018 sententia
929 2960 1181 3016 Absaloni
1218 2961 1444 3015 allatura
1487 2969 1632 3016 esset
1652 2959 1895 3026 exitium,
1935 2977 2044 3016 non

460 3055 640 3109 ferens
705 3052 1124 3118 contumeliam,
1197 3052 1455 3107 recedens
1509 3063 1692 3122 aptato
1740 3052 1931 3122 laqueo
1986 3067 2045 3109 se

457 3144 756 3210 suﬂocavit,
786 3151 844 3198 et
873 3142 944 3198 ita
974 3142 1136 3197 vitam
1165 3142 1337 3196 iinivit
1365 3139 1527 3216 (Ibid.
1557 3159 1605 3195 v.
1636 3142 1852 3213 15-25).

526 3236 580 3289 '5.
617 3234 742 3290 Haec
769 3234 947 3303 itaque
975 3233 1152 3287 omnia
1182 3247 1302 3286 cum
1331 3231 1606 3287 didicisset
1635 3233 1796 3287 David
1819 3274 1834 3299 ,
1885 3232 2044 3287 Psal-

457 3344 603 3384 mum
629 3328 834 3394 scribit,
868 3327 1117 3399 hymnos,
1147 3328 1340 3397 quibus
1371 3327 1568 3396 gratias
1605 3329 1713 3398 agit
1740 3329 1848 3382 Deo
1873 3372 1887 3395 ,
1915 3330 2047 3385 οπο-

457 3438 620 3486 rens,
669 3428 723 3476 et
748 3429 916 3475 totmn
965 3431 1284 3489 stratagema
1328 3421 1436 3474 Deo
1479 3421 1736 3476 tribuens.
1784 3422 2043 3490 Quocirca

460 3511 724 3582 incipiens
752 3512 830 3566 sic
858 3511 988 3564 dicit
1018 3529 1029 3564 :
1058 3511 1113 3564 2.
1148 3509 1364 3564 Domine
1397 3509 1533 3564 Deus
1562 3529 1700 3564 meus
1725 3554 1739 3576 ,
1767 3514 1821 3566 in
1860 3522 1908 3567 te
1925 3532 2042 3583 spe-

457 3603 801 3667 ravi,salvum
845 3618 924 3655 me
969 3605 1073 3673 fac.
1120 3601 1236 3656 Non
1288 3602 1340 3655 in
1381 3601 1561 3667 Chusi,
1599 3619 1698 3658 nec
1724 3604 1774 3657 in
1814 3605 2042 3660 humana

457 3695 737 3764 sapientia,
765 3709 868 3748 nec
889 3694 939 3747 in
964 3693 1101 3747 illius
1119 3693 1419 3763 prudentia,
1454 3710 1553 3750 nec
1574 3695 1624 3748 in
1656 3710 1776 3750 tneo
1797 3697 2039 3762 consilio,

459 3787 574 3851 sed,
602 3783 670 3839 In
700 3795 765 3840 te.
796 3785 869 3840 Ita
900 3798 999 3839 nos
1015 3785 1174 3839 etiam
1207 3784 1479 3844 faciamus.
1508 3785 1715 3839 etiamsi
1751 3802 1844 3856 per
1865 3785 2041 3842 homi-

458 3894 553 3934 nes
601 3893 630 3932 a
668 3878 821 3933 nobis
867 3876 1066 3946 aliquid
1115 3877 1366 3946 praeclare
1395 3887 1641 3947 geratur,
1694 3878 1803 3934 Deo
1846 3882 2043 3950 gratias

457 3986 696 4041 agamus,
718 3979 824 4025 tam
851 3984 950 4040 pro
972 3970 1035 4025 iis
1064 3986 1181 4040 qure
1204 3986 1298 4040 per
1320 3985 1436 4033 nos,
1469 3988 1625 4041 quam
1654 3989 1772 4042 quae.
1792 3985 1886 4042 per
1908 3975 2043 4030 alios

458 4062 614 4116 nobis
633 4069 927 4116 evenerunt
953 4061 1244 4114 beneficiis.
1269 4061 1323 4116 Si
1344 4062 1484 4115 enim
1514 4062 1582 4115 ita
1607 4063 1882 4130 faciamus,
1910 4066 2040 4121 nihil

459 4153 562 4206 erit
587 4167 769 4221 grave,
801 4165 902 4206 nec
929 4149 1182 4214 difficile;
1213 4150 1354 4221 qttod
1382 4152 1541 4206 etiam
1585 4151 1810 4208 faciebat
1852 4155 2038 4222 David,

459 4243 840 4313 propemodum
867 4243 1049 4301 dicens
1078 4260 1090 4294 :
1120 4242 1234 4297 Non
1283 4244 1335 4297 in
1377 4244 1551 4298 verbis
1576 4243 1735 4300 Chusi
1781 4246 2039 4303 habebam

460 4352 608 4405 spem
639 4335 860 4401 salutis,
907 4335 998 4391 sed
1041 4337 1090 4388 in
1140 4344 1230 4390 tuo
1258 4335 1491 4390 auxilio.
1523 4336 1655 4392 Vide
1702 4348 1878 4393 autem
1919 4355 2039 4396 cum

460 4439 653 4500 quanta
697 4429 928 4499 loquitur
981 4428 1299 4493 affectione,
1349 4429 1488 4485 sicut
1534 4431 1670 4484 solet
1696 4431 1887 4487 facere.
1925 4432 2040 4488 Non

459 4522 601 4574 euim
631 4519 766 4574 dixit
795 4539 807 4571 :
841 4520 1064 4574 Domine
1094 4521 1233 4574 Deus
1262 4539 1273 4574 :
1306 4520 1422 4585 sed,
1453 4520 1669 4576 Domine
1711 4521 1843 4578 Deus
1871 4542 2041 4592 meus;

458 4622 513 4666 et
537 4612 661 4667 alibi
685 4655 701 4677 ,
743 4611 912 4678 Deus,
955 4610 1094 4666 Deus
1121 4629 1286 4677 meus,
1313 4614 1381 4666 ad
1408 4624 1454 4667 te
1473 4615 1536 4668 de
1555 4613 1666 4668 luce
1692 4616 1840 4685 vigilo
1869 4616 2038 4690 (Psal.

459 4706 548 4760 ()2.
579 4705 660 4778 ‘2).
692 4705 904 4761 Etenim
931 4721 1053 4761 cum
1079 4707 1327 4761 omnibus
1351 4723 1414 4761 eo
1432 4723 1566 4777 opus
1592 4708 1816 4764 habebat
1847 4725 1861 4763 :
1894 4724 2043 4765 scor-

459 4816 576 4854 snm
603 4809 780 4855 autem
806 4814 870 4854 ac
895 4800 1178 4869 separatim
1209 4812 1424 4869 propter
1449 4800 1653 4870 insigne
1696 4800 2038 4859 desiderium.

463 4880 534 4946 Ita
565 4893 727 4948 etiam
757 4893 896 4948 Deus
925 4891 1027 4946 hoc
1057 4893 1226 4961 ipsum
1255 4891 1380 4946 facit
1419 4894 1471 4946 in
1507 4893 1664 4964 justis
1685 4937 1700 4958 ,
1743 4903 1798 4949 et
1825 4913 1944 4951 cum
1974 4897 2043 4952 sit

460 4986 697 5037 omnium
728 4984 902 5049 Deus,
935 4999 994 5037 se
1037 4984 1167 5038 dicit
1192 4985 1478 5053 separatim
1524 5000 1643 5041 esse
1679 4986 1844 5042 Deum
1870 4987 2041 5058 justo-

463 5092 604 5130 rum.
644 5075 750 5146 Ego
771 5074 911 5128 Deus
940 5075 1197 5128 Abraham
1217 5117 1231 5140 ,
1265 5085 1316 5134 et,
1335 5074 1471 5128 Deus
1495 5073 1647 5130 Isaac
1669 5119 1684 5142 ,
1719 5087 1765 5130 et
1791 5075 1928 5132 Deus
1947 5077 2045 5132 Ja-

462 5168 552 5221 mb
577 5166 594 5234 (
616 5165 783 5220 Exod.
808 5167 859 5220 5.
893 5163 982 5237 6).
1017 5165 1146 5219 Vide
1173 5174 1348 5219 autem
1391 5165 1504 5234 ejus
1537 5168 1871 5236 sapientiam.
1908 5168 2042 5225 Cum

460 5257 700 5320 dixisset,
733 5256 948 5311 Domine
977 5256 1108 5309 Deus
1133 5274 1291 5316 meus,
1314 5258 1365 5310 in
1388 5267 1434 5311 te
1459 5261 1654 5328 speravi
1685 5273 1706 5313 :
1731 5275 1834 5314 non
1864 5260 1999 5315 dixit
2023 5302 2039 5324 ,

463 5348 598 5403 Puni
649 5348 895 5412 hostem,
930 5349 1054 5403 tolle
1097 5348 1163 5403 de
1203 5349 1377 5402 medio
1422 5350 1694 5405 inimicum
1724 5367 1738 5406 :
1768 5352 1859 5407 sed
1901 5353 2042 5423 quod

459 5455 615 5494 anum
644 5448 725 5494 est
753 5449 955 5494 tantum
985 5441 1190 5508 quzerit,
1220 5449 1274 5494 et
1295 5439 1425 5494 dicit
1449 5440 1691 5496 :Salvum
1713 5460 1791 5496 me
1812 5447 1912 5515 fac,
1941 5445 2044 5502 hoc

462 5541 544 5583 t'st
564 5574 579 5592 ,
614 5547 679 5585 ne
709 5533 986 5601 permittas
1014 5541 1071 5586 ut
1112 5532 1249 5586 male
1277 5533 1463 5602 patiar,
1507 5534 1570 5586 ab
1601 5535 1832 5589 omnibus
1870 5553 2042 5605 perse-

462 5623 724 5690 quentibus
767 5639 845 5676 me
867 5665 882 5689 ,
935 5632 981 5676 et
1010 5623 1164 5675 libera
1211 5640 1308 5676 me.
1351 5622 1484 5679 Vide
1513 5625 1778 5694 quomodo
1807 5641 1875 5682 ne
1904 5628 2047 5683 male

525 5757 597 5815 ta)
639 5759 722 5806 llic
758 5759 986 5806 memoria
1033 5758 1124 5806 labi
1152 5759 1759 5824 videtnrtybrysostomus;
1807 5775 1916 5812 nam
1941 5763 2045 5814 haec

462 5827 613 5868 verba
637 5832 870 5882 nusquam
893 5828 1172 5882 emitterent
1196 5824 1242 5871 in
1267 5820 1444 5872 Ilibliis.
1463 5820 1478 5824 ’
1653 5832 1656 5836 ’

2159 471 2376 540 quidem
2413 475 2655 546 patiens,
2694 481 3005 534 nominatim
3051 481 3291 536 meminit
3337 483 3650 553 parricidae,
3693 497 3752 541 et

2159 576 2406 622 naturam
2437 569 2488 623 in
2517 570 2820 628 calamitate
2839 588 3138 643 agnoscens
3162 616 3178 639 ,
3221 585 3277 630 et
3311 576 3362 630 in
3392 577 3530 631 bello
3573 577 3750 648 respi-

2155 658 2307 713 ciens
2339 659 2529 725 ﬁlium,
2550 671 2609 717 et
2633 664 2687 717 in
2711 665 2956 733 periculis
2983 681 3086 720 non
3111 667 3431 723 ohliviscens
3457 670 3748 724 viscerum.

2159 746 2326 806 Tanta
2357 759 2473 805 erat
2499 752 2550 806 in
2581 752 2717 808 filios
2745 755 2916 824 pietas
2943 763 2999 810 et
3017 757 3213 813 caritas
3232 797 3248 822 ,
3290 759 3372 812 vel
3397 761 3570 828 potius
3600 770 3746 815 tanta

2157 846 2273 893 erat
2296 839 2414 909 ejus
2436 840 2795 913 philosophia.
2823 844 2940 899 Non
2961 846 3104 900 enim
3132 848 3371 918 tyrannis
3399 859 3622 918 naturae,
3654 853 3749 906 sed

2158 934 2319 986 animi
2351 935 2528 1003 potius
2569 937 2924 993 mansuetudo
2967 955 3090 995 eum
3142 941 3302 996 talem
3355 941 3647 1004 reddebat,
3694 954 3749 997 et

2157 1023 2275 1092 plus
2322 1027 2584 1084 exercitui
2625 1029 2957 1099 imputabat,
3008 1046 3168 1102 quam
3202 1041 3438 1104 tyranno
3471 1051 3486 1088 :
3532 1042 3587 1089 et
3625 1035 3748 1090 ideo

2156 1115 2286 1171 dicit
2315 1135 2329 1171 :
2363 1118 2578 1174 Salvum
2607 1137 2687 1175 me
2710 1125 2794 1194 {ac
2816 1125 2881 1176 ab
2903 1123 3132 1178 omnibus
3155 1127 3557 1196 persequentibus
3573 1143 3671 1191 me,
3697 1139 3748 1182 et

2155 1207 2312 1263 libera
2347 1226 2450 1264 me.
2496 1211 2631 1268 Vide
2677 1214 2946 1282 quomodo
2991 1229 3102 1269 non
3147 1215 3436 1271 admodum
3485 1219 3747 1275 invidiose

2155 1301 2400 1356 meminit
2422 1303 2679 1359 illorum?
2721 1305 2836 1360 Non
2861 1306 3005 1361 enim
3033 1306 3212 1373 dixit,
3263 1307 3339 1362 Ex
3385 1308 3450 1363 iis
3477 1310 3566 1379 qui
3613 1310 3743 1365 mihi

2155 1391 2354 1447 bellum
2386 1393 2638 1457 inferunt,
2671 1411 2742 1450 ex
2769 1396 2835 1450 iis
2873 1396 2964 1467 qui
3007 1411 3126 1451 mea
3154 1397 3431 1467 diripiunt,
3471 1413 3535 1454 ex
3564 1400 3631 1455 iis
3653 1401 3743 1471 qui

2155 1498 2250 1553 per
2276 1497 2538 1540 summam
2583 1486 2857 1542 libidinem
2893 1502 3028 1542 mea:
3061 1489 3222 1560 regite
3251 1489 3544 1556 insultant,
3589 1501 3641 1546 et
3682 1505 3744 1546 se

2153 1579 2402 1633 omnibus
2428 1579 2643 1649 explent
2673 1581 3032 1652 voluptatibus
3061 1599 3075 1636 :
3105 1581 3201 1637 sed
3219 1623 3233 1648 ,
3277 1582 3320 1636 A
3341 1585 3742 1654 persequentibus

2151 1685 2248 1723 me.
2272 1671 2326 1725 5.
2358 1669 2440 1724 Ne
2472 1671 2678 1742 quando
2709 1673 2878 1742 rapiat
2911 1682 2966 1727 ut
2993 1673 3070 1726 leo
3111 1673 3335 1726 animam
3376 1690 3537 1727 meam
3560 1715 3579 1734 .
3617 1675 3741 1728 dum

2153 1779 2251 1816 non
2280 1771 2353 1816 est
2379 1765 2464 1833 qui
2489 1763 2742 1830 redimat,
2787 1779 2946 1831 neque
2991 1763 3080 1835 qui
3120 1764 3315 1818 salvum
3353 1764 3530 1835 faciat.
3580 1765 3741 1835 Atqnt

2151 1855 2368 1925 collegit
2409 1855 2740 1922 exercitum,
2781 1866 2837 1911 et
2879 1856 3075 1910 multos
3122 1869 3302 1911 secum
3345 1855 3525 1910 habuit
3557 1872 3573 1909 :
3603 1872 3737 1926 quo-

2152 1947 2313 2002 modo
2345 1963 2474 2018 ergo
2506 1948 2638 2003 dicit
2670 1966 2684 2003 :
2716 1948 2855 2002 Dum
2886 1966 2987 2003 non
3012 1957 3084 2004 est
3104 1950 3188 2019 qui
3209 1949 3441 2014 redimat,
3470 1966 3628 2020 neque
3653 1950 3740 2021 qui

2151 2041 2343 2096 salvum
2371 2043 2523 2112 faciat
2544 2042 2570 2096 .’
2591 2041 2853 2110 Quoniam
2882 2057 2950 2097 ne
2976 2041 3282 2096 universum
3312 2043 3526 2112 quidem
3551 2044 3734 2099 orbem

2152 2139 2415 2187 terrarum
2441 2134 2624 2188 auxilii
2649 2134 2769 2188 loco
2799 2134 2980 2200 habet,
3012 2135 3113 2188 nisi
3141 2149 3296 2203 opem
3319 2134 3551 2190 divinam
3583 2135 3740 2191 fuerit

2151 2232 2490 2294 assequutus,
2519 2239 2619 2280 nec
2643 2240 2702 2280 se
2722 2240 2841 2280 esse
2863 2225 3008 2280 ducit
3031 2226 3085 2280 in
3108 2226 3415 2293 solitudine,
3447 2227 3570 2282 licet
3592 2229 3741 2283 solus

2152 2316 2256 2381 sit,
2309 2317 2355 2371 si
2384 2317 2453 2370 sit
2481 2317 2624 2372 illius
2649 2317 2832 2372 auxilii
2881 2317 3171 2387 particeps.
3218 2317 3284 2372 Et
3325 2318 3446 2372 ideo
3489 2319 3737 2385 dicebat,

2154 2406 2279 2460 Non
2318 2408 2544 2461 soluatur
2566 2423 2658 2461 rea:
2700 2423 2791 2478 per
2830 2406 3041 2460 multam
3073 2408 3374 2477 potentiam,
3402 2419 3448 2463 et
3470 2409 3612 2480 gigas
3637 2426 3738 2463 non

2149 2499 2424 2554 salvabitur
2459 2500 2513 2554 in
2550 2501 2871 2555 multitudine
2911 2499 3109 2554 uirtutis
3147 2517 3253 2555 sua:
3287 2501 3459 2573 (Psal.
3501 2503 3590 2556 52.
3620 2502 3736 2570 16).

2149 2591 2398 2647 Nonnulli
2437 2601 2614 2646 autem
2655 2591 2759 2646 hoc
2798 2591 2995 2647 dictum
3047 2593 3336 2664 anagogice
3382 2593 3736 2665 accipientes.

2152 2685 2362 2740 leonem
2391 2694 2444 2740 et
2472 2695 2851 2755 persequentes
2879 2684 3063 2740 dicunt
3089 2700 3208 2740 esse
3233 2685 3502 2740 diabolum
3544 2697 3598 2742 et
3621 2687 3738 2742 da:-

2151 2791 2361 2832 mones.
2402 2776 2662 2844 Quoniam
2694 2777 2836 2830 enim
2865 2775 3078 2831 videbat
3107 2777 3270 2831 filium
3295 2776 3361 2832 ab
3387 2778 3502 2846 ipso
3527 2787 3734 2847 raptum

2150 2879 2205 2924 et
2233 2868 2545 2923 devoratum
2571 2908 2588 2936 ,
2620 2877 2772 2939 rogat
2811 2883 2878 2922 ne
2917 2868 3142 2938 idipsum
3177 2885 3387 2940 quoque
3423 2870 3472 2924 ei
3500 2868 3736 2937 accidat,

2149 2969 2204 3016 et
2227 2959 2358 3014 dicit
2385 2960 2544 3016 etiam
2582 2974 2797 3016 causam
2845 2969 3063 3032 propter
3108 2977 3265 3031 quam
3294 2962 3394 3016 hoc
3419 2961 3494 3017 illi
3520 2961 3737 3018 accidit.

2149 3051 2403 3119 Quaenam
2427 3059 2509 3107 est
2534 3061 2708 3106 autem
2731 3051 2932 3107 causa?
2959 3053 3183 3121 Propter
3203 3052 3511 3122 nequitiam,
3542 3054 3738 3123 inquit,

2149 3159 2178 3198 a
2210 3160 2269 3200 se
2301 3145 2392 3199 Dei
2422 3143 2674 3198 auxilium
2701 3144 2915 3198 avertit.
2943 3143 3228 3212 Propterea
3254 3143 3383 3198 dicit
3407 3185 3423 3209 ,
3467 3142 3603 3197 Dum
3632 3161 3737 3197 non

2148 3247 2221 3290 est
2245 3237 2332 3306 qui
2359 3235 2606 3300 redimat,
2638 3250 2796 3305 neque
2822 3235 2908 3305 qui
2929 3234 3125 3290 salvum
3154 3234 3330 3304 faciat.
3375 3233 3525 3302 Quod
3554 3243 3736 3289 autem

2149 3327 2234 3382 leo
2263 3329 2470 3384 dicatur
2492 3327 2738 3382 diabolus
2757 3368 2770 3390 ,
2810 3326 2932 3380 audi
2960 3343 3024 3381 ex
3055 3327 3329 3396 Scriptura
3354 3369 3369 3392 ,
3412 3342 3530 3396 quae
3559 3327 3685 3382 dicit
3716 3347 3735 3383 :

2149 3415 2394 3472 Inimicus
2434 3427 2593 3472 vester
2633 3415 2864 3472 diabolus
2909 3417 3140 3470 circumit
3191 3425 3247 3469 ut
3291 3418 3367 3470 leo
3407 3418 3644 3487 rugiens,
3683 3428 3739 3472 rt

2147 3529 2375 3583 quterens
2404 3528 2549 3581 quem
2591 3511 2789 3564 devoret
2814 3511 2892 3580 (1.
2926 3508 3042 3564 Pet.
3075 3509 3130 3565 5.
3159 3508 3236 3582 8).
3266 3510 3401 3576 Quin
3431 3511 3588 3565 etiam
3619 3512 3738 3580 ipse

2149 3604 2404 3674 propheta
2435 3602 2562 3657 dicit
2590 3602 2716 3655 alibi
2750 3617 2764 3655 :
2811 3599 2880 3654 Et
2917 3602 3232 3655 conculcabis
3262 3602 3451 3654 leonem
3481 3611 3525 3654 et
3554 3601 3740 3654 draco-

2148 3713 2262 3750 nem
2299 3695 2467 3766 (Psal.
2499 3695 2588 3750 90.
2623 3693 2734 3767 15).
2776 3694 2873 3750 Est
2898 3694 3038 3748 enim
3068 3693 3240 3748 bellua
3285 3694 3598 3762 multiplex;
3637 3694 3736 3748 sed

2149 3789 2194 3843 si
2223 3789 2575 3856 sapnerimus,
2609 3787 2694 3840 hic
2719 3787 2804 3841 leo
2828 3793 2881 3840 et
2907 3785 3069 3840 draco
3088 3787 3193 3840 erit
3215 3786 3402 3855 quovis
3425 3786 3536 3840 luto
3554 3787 3735 3851 vilior,

2147 3896 2246 3936 nec
2292 3880 2547 3934 adversus
2593 3894 2691 3933 nos
2720 3887 2907 3948 aperto
2959 3885 3128 3932 marte
3177 3877 3372 3948 diriget
3409 3879 3616 3934 aciem:
3649 3880 3740 3933 sin

2147 3982 2326 4026 autem
2355 3970 2644 4037 direxerit,
2690 3969 3110 4025 conculcabitur.
3140 3969 3404 4023 Ambulate
3425 3969 3564 4024 enim
3585 4011 3600 4036 ,
3647 3970 3740 4023 in-

2145 4063 2280 4134 quit,
2307 4077 2458 4134 super
2483 4072 2735 4131 serpentes
2761 4069 2808 4115 et
2834 4062 3121 4133 scorpiones
3147 4059 3307 4133 (Luc.
3339 4061 3425 4116 10.
3456 4059 3584 4133 19).
3611 4061 3740 4115 Cir-

2148 4157 2316 4212 cumit
2353 4156 2496 4211 enim
2540 4155 2790 4210 incensus
2827 4155 2902 4208 ira
2946 4163 3214 4224 tamquam
3243 4153 3360 4219 leo;
3413 4153 3508 4209 sed
3553 4155 3594 4208 si
3637 4169 3740 4211 eos

2146 4248 2402 4305 invaserit
2427 4248 2518 4318 qui
2544 4247 2816 4304 Christum
2848 4246 3078 4310 habent,
3121 4257 3174 4301 et
3198 4261 3408 4302 crucem
3438 4247 3489 4301 in
3516 4246 3688 4303 fronte
3715 4289 3736 4313 ,

2145 4352 2202 4398 et
2229 4343 2404 4411 ignem
2433 4339 2694 4412 Spiritus,
2747 4349 2803 4394 et
2840 4337 3138 4408 lampadem
3166 4353 3286 4408 qua:
3325 4354 3607 4408 numquam
3639 4355 3739 4394 cx-

2148 4434 2451 4504 stinguitnr,
2480 4447 2550 4487 ne
2579 4431 2794 4502 quidem
2823 4430 3068 4484 attollere
3098 4429 3283 4484 oculos
3303 4442 3488 4484 contra
3517 4432 3736 4500 poterit,

2147 4529 2244 4584 sed
2270 4541 2425 4582 verso
2454 4536 2602 4597 tergo
2631 4525 2864 4610 repedet,
2897 4540 2964 4580 ne
2998 4523 3237 4579 converti
3263 4524 3476 4594 quidem
3509 4524 3740 4580 audens.

2147 4620 2214 4675 Et
2244 4633 2311 4674 ne
2334 4618 2508 4673 inania
2531 4627 2584 4672 et
2608 4631 2741 4670 vana
2771 4626 2922 4685 putes
2946 4615 3111 4670 verba
3133 4629 3251 4670 esse
3279 4631 3396 4685 qua:
3422 4616 3562 4670 dicta
3583 4627 3735 4684 sunt,

2146 4710 2426 4766 considera
2454 4709 2582 4762 mihi
2613 4707 2857 4762 Paulum.
2886 4706 3018 4761 Nam
3042 4707 3156 4775 ipse
3176 4722 3386 4777 quoque
3409 4708 3570 4763 homo
3590 4719 3736 4773 erat,

2147 4801 2240 4856 sed
2268 4815 2389 4856 eum
2415 4798 2490 4854 ita
2531 4799 2614 4853 leo
2637 4799 2740 4853 iste
2769 4797 3210 4869 pertimescebat,
3243 4808 3301 4852 ut
3335 4805 3515 4854 vestes
3538 4797 3652 4869 ejus
3677 4809 3742 4856 et

2149 4893 2391 4949 umbram
2431 4890 2658 4962 fugeret.
2691 4891 2877 4946 Merito
2909 4908 2924 4944 :
2970 4890 3168 4946 Christi
3210 4891 3351 4945 enim
3391 4890 3737 4961 fragrantiam

2146 5001 2212 5041 ex
2243 5001 2308 5040 eo
2335 4985 2626 5054 spirantem
2658 4993 2713 5039 et
2735 4972 3115 5039 ascendentem
3163 4998 3267 5038 non
3309 4983 3545 5050 ferebat,
3585 4995 3640 5039 et
3662 4986 3736 5039 ad

2146 5075 2446 5147 lampadem
2474 5075 2686 5130 virtutis
2713 5075 2978 5144 respicere
3019 5089 3125 5129 non
3167 5083 3398 5146 poterat.
3429 5075 3484 5129 4.
3512 5073 3740 5129 Domine

2148 5169 2286 5224 Deus
2320 5185 2461 5224 meus
2482 5209 2498 5235 ,
2543 5169 2590 5222 si
2630 5167 2727 5240 feci
2769 5167 2930 5233 istud,
2959 5168 3002 5221 si
3040 5177 3113 5222 est
3141 5167 3378 5238 iniquitas
3413 5167 3467 5220 in
3502 5164 3740 5219 manibus

2147 5263 2290 5315 meis.
2336 5261 2450 5315 Hoc
2480 5269 2736 5330 perpetuo
2779 5259 3099 5315 servandum
3131 5268 3250 5324 est,
3301 5267 3492 5313 utnon
3533 5257 3744 5312 solum-

2149 5353 2308 5406 modo
2332 5367 2546 5407 oremus
2566 5393 2580 5415 ,
2613 5349 2707 5405 sed
2731 5351 2800 5404 ila
2824 5365 3041 5405 oremus
3057 5391 3071 5414 ,
3099 5358 3157 5403 ut
3177 5350 3336 5403 etiam
3366 5349 3737 5404 exaudiamur.

2147 5446 2262 5501 Non
2293 5447 2434 5501 enim
2484 5445 2682 5499 sufﬁcit
2711 5444 2882 5498 oratio
2906 5443 2972 5497 ad
3003 5441 3341 5498 efficiendum
3381 5441 3428 5495 id
3477 5441 3617 5511 quod
3650 5451 3743 5498 est

2149 5537 2501 5607 propositum,
2534 5536 2632 5590 nisi
2669 5537 2739 5589 ita
2763 5549 2878 5589 eam
2911 5533 3391 5602 eontposuerimus,
3423 5542 3477 5585 ut
3508 5532 3614 5585 Deo
3637 5547 3739 5583 ac-

2149 5637 2302 5697 cepta
2332 5629 2418 5681 sit.
2451 5626 2584 5681 Nam
2617 5627 2787 5681 oravit
2814 5625 2974 5679 etiam
3008 5624 3328 5684 Pharisatus.
3361 5631 3417 5677 et
3441 5637 3562 5678 eum
3601 5623 3738 5679 nihil

2145 5722 2282 5790 jttvit
2310 5719 2432 5789 (Id.
2483 5721 2568 5775 18.
2624 5720 2724 5791 10)
2753 5737 2768 5786 ;
2801 5730 2854 5773 et
2909 5719 3076 5774 Judaei
3124 5731 3308 5772 rursus
3346 5725 3606 5780 orarunt,
3638 5718 3740 5770 sed

2150 5815 2424 5869 orantilms
2465 5815 2592 5886 ipsis
2633 5815 2772 5869 Deus
2815 5813 3151 5868 avertebatur
3202 5809 3355 5880 (Isai.
3395 5809 3442 5863 1.
3477 5808 3567 5876 15)
3593 5825 3740 5862 :ue-
