4074 6356
314 425 384 484 8‘5
1437 429 1798 488 EXPOSlTlO
1839 432 1904 486 IN
1943 427 2269 487 PSALMUM
2312 429 2419 487 VII.
3484 431 3552 484 84

313 545 584 600 Οὐδέποτε
605 587 620 609 ,
659 547 825 618 φησὶ,
875 548 1170 618 διήμαρτεν
1197 549 1225 600 6
1255 549 1552 618 Ἀχιτόφελ.
1582 545 1736 614 Εἶδες
1762 550 1885 602 σύνι

318 645 433 680 εσιν
493 628 714 700 ἀνδρός;
767 629 884 686 Οὐκ
940 631 1146 696 εὐθέως
1176 632 1340 686 αὐτοῦ
1395 633 1494 702 τὴν
1535 633 1757 704 γνώμην
1801 635 1888 685 ἐκ-

317 708 523 770 ϐάλλει,
572 711 708 764 ἀλλὰ
765 715 880 782 μετ’
927 715 1220 784 ἐγκωμίου.
1253 714 1549 784 Θαυμάσας
1578 719 1683 787 γὰρ
1727 716 1885 768 αὐτὸν

318 791 641 863 πρῶτον,ιῦς
663 794 847 857 ἐντοῖς
868 795 1171 865 ἔμπροσθεν
1221 798 1430 868 χρόνοις
1479 798 1702 867 καιρίως
1747 815 1884 868 συμ-

319 872 670 936 ϐουλεύοντα,
686 874 829 928 οὕτω
856 878 954 946 τὴν
979 877 1257 947 παροῦσαν
1285 879 1498 942 κακίζει
1525 880 1746 950 γνώμην
1821 880 1886 931 Ὀ

316 953 375 1007 δὲ
394 955 543 1023 λέγει
561 957 798 1009 τοιοῦτόν
822 958 936 1011 ἐστι
960 977 972 989 ε
989 958 1261 1029 Θαυμάζω
1287 962 1404 1024 πῶς
1428 960 1522 1014 νῦν
1549 963 1845 1033 διήμαρτεν
1869 978 1884 993 '

319 1038 381 1088 06
415 1039 520 1108 γάρ
544 1056 633 1108 μοι
653 1039 802 1092 δοκεῖ
829 1043 1124 1113 συμφέρειν
1157 1039 1352 1106 οὗτοςὸ
1378 1045 1653 1114 λογισμός.
1674 1049 1769 1096 Ἂν
1790 1045 1891 1115 μὲν

321 1119 430 1187 γάρ
464 1120 560 1174 νῦν
589 1121 924 1193 ἐπιθώμεθα,
957 1125 1204 1198 καθάπερ
1232 1127 1430 1196 ἄρκτος
1465 1127 1848 1197 παροιστρῶσα
1867 1168 1882 1191 ,

325 1201 496 1271 θυμοῦ
528 1203 710 1273 γέμων
739 1205 767 1256 6
806 1210 985 1277 πατήρ
1011 1225 1126 1271 σου,
1152 1209 1244 1261 καὶ
1270 1209 1604 1276 ἀπεγνωκὼς
1635 1209 1736 1278 τῆς
1765 1211 1888 1261 ἐαυ-

322 1281 415 1334 τοῦ
444 1284 608 1354 ζωῆς,
661 1287 755 1337 καὶ
784 1288 1165 1362 ἐνακμαζούσῃ
1207 1295 1273 1361 τῇ
1307 1291 1441 1362 ὀργῇ
1488 1293 1758 1362 πολεμῶν,
1795 1293 1886 1344 οὐ-

323 1364 446 1416 δένα
470 1367 566 1435 τῆς
592 1367 783 1421 ἑαυτοῦ
815 1372 1085 1442 σωτηρίας
1118 1374 1394 1443 ποιήσεται
1429 1375 1602 1442 λόγον,
1637 1376 1728 1426 καὶ
1754 1374 1889 1445 μετὰ

325 1449 530 1519 πολλῆς
555 1451 874 1520 ἐμπεσεῖται
899 1457 995 1524 τῆς
1035 1455 1392 1526 σφοδρότητος
1425 1460 1575 1527 ἡμῖν.
1611 1458 1671 1509 Εἰ
1706 1457 1761 1510 δὲ
1798 1475 1886 1527 μι-

325 1531 455 1596 κρὸν
484 1532 786 1602 ἐνδοίημεν,
811 1537 945 1604 μετὰ
975 1537 1216 1600 πλείονος
1244 1539 1615 1609 ἐπιθησόμεθα
1634 1540 1732 1609 τῆς
1766 1557 1892 1608 προ·

328 1615 702 1684 παρασκευῆς,
717 1618 809 1670 καὶ
826 1618 1068 1686 μείζονος
1096 1621 1194 1688 τῆς
1219 1621 1534 1689 ἀσφαλείας,
1551 1623 1642 1674 καὶ
1661 1622 1890 1692 ἀπονητὶ

327 1697 422 1747 καὶ
459 1698 576 1765 μετ’
601 1698 851 1762 εὐκολίας
882 1701 1079 1771 πάσης,
1111 1701 1298 1772 ὥσπερ
1331 1705 1387 1755 ἐν
1416 1706 1622 1777 σαγήνῃ
1641 1705 1890 1768 λαϐόντες

328 1779 510 1843 αὐτὸν,
545 1781 714 1845 οὓτως
752 1784 1111 1855 ἐπανάξομεν.
1167 1787 1406 1838 Ἐπαινεῖ
1454 1787 1552 1858 τὴν
1603 1787 1825 1858 γνώμην
1863 1790 1892 1841 6

340 1861 711 1933 Ἀϐεσσαλὼμ,
745 1868 837 1918 καὶ
867 1867 1307 1940 λυσιτελεστέραν
1332 1866 1469 1923 εἶναι
1496 1869 1694 1940 ἔφησεν
1721 1869 1888 1939 αὐτῷ.

327 1945 513 1996 Ταῦτα
551 1946 605 1998 δέ
637 1948 818 2016 ἔλεγεν
845 1951 871 2002 6
915 1950 1101 2014 Χουσὶ,
1147 1951 1462 2022 βουλόμενος
1493 1953 1671 2006 δοῦναι
1703 1955 1892 2023 καιρὸν

327 2024 406 2093 τῷ
448 2025 630 2090 Δαυῒδ,
656 2027 793 2080 ὥστε
816 2031 1003 2099 στῆναι
1044 2031 1258 2101 μικρὸν,
1286 2033 1379 2085 καὶ⁵
1409 2031 1760 2094 ἀναπνεῦσαι,
1799 2033 1892 2084 καὶ⁷

331 2109 645 2178 στράτευμα
699 2116 1042 2179 συναγαγεῖν.
1091 2113 1244 2165 Οὖτω
1285 2114 1463 2166 τοίνυν
1517 2113 1759 2167 ἐκϐαλὼν
1799 2112 1890 2166 τοῦ

342 2189 622 2258 ’Δχιτόφελ
647 2194 744 2262 τὴν
775 2193 1112 2263 γνώμην,διά
1144 2212 1304 2247 τινων
1353 2196 1749 2265 κεκρυμμένων
1800 2197 1893 2248 ἁν-

328 2271 469 2340 δρών
505 2273 616 2344 [55]
642 2275 856 2344 πέμψας
887 2276 1211 2345 ἀπήγγειλεν
1251 2275 1462 2329 ἅπαντα
1486 2277 1562 2346 τῷ
1584 2276 1767 2341 Δαυῒδ,
1801 2277 1894 2329 καὶ

329 2353 409 2405 δτι
453 2359 551 2424 τὴν
590 2358 751 2408 αὐτοῦ
805 2358 1027 2428 γνώμην
1077 2359 1352 2429 ἐκύρωσεν
1385 2361 1434 2428 ,ὁ
1483 2359 1742 2430 τύραννος
1793 2359 1893 2428 τὴν

331 2438 600 2507 φέρουσαν
619 2440 692 2511 τῷ
711 2442 870 2494 Δαυῖδ
889 2443 984 2514 τὴν
1003 2443 1172 2513 νίκην.
1203 2439 1358 2497 Οὕτω
1392 2443 1523 2512 γοῦν
1545 2445 1637 2497 καὶ
1657 2444 1892 2513 ἐγένετο.

343 2521 558 2592 Ἐπειδὴ
593 2527 699 2594 γὰρ
725 2527 919 2596 μικρὸν
942 2528 1192 2591 ἐνέδωκε,
1219 2529 1775 2598 παρασκευασάμενος
1807 2540 1832 2567 δ
1865 2530 1894 2581 6

332 2604 494 2655 Δαυῒδ
541 2607 783 2671 ἐπέθετο,
815 2612 909 2662 καὶ
962 2609 1022 2662 τὸ
1071 2611 1331 2680 τρόπαιον
1368 2611 1613 2681 ἔστησεν.
1659 2612 1833 2683 Ὅπερ
1867 2612 1895 2663 6

346 2686 628 2755 Ἀχιτόφελ
679 2690 786 2742 ἀπὸ
837 2691 1036 2762 πολλῆς
1107 2693 1373 2756 συνέσεως
1450 2694 1543 2746 καί⁸
1597 2692 1896 2764 δεινότητος

321 2770 594 2839 συνορῶν,
627 2773 718 2825 καὶ
747 2773 994 2827 ἐντεῦθεν
1023 2775 1121 2845 ήδη
1154 2775 1215 2827 τὸ
1248 2775 1401 2838 τέλος
1437 2775 1788 2846 καταμαθὼν,
1814 2777 1896 2829 ὅτι

332 2852 548 2924 ὄλεθρος
598 2851 666 2925 ἦν
716 2856 793 2927 τῷ
855 2857 1190 2910 Ἀϐεσσαλὼν
1243 2859 1381 2928 αὐτη
1435 2862 1468 2928 ἡ
1528 2858 1744 2930 γνώμη,
1799 2861 1898 2913 οὐκ

333 2935 570 3003 ἐνεγκὼν
620 2937 716 3010 τὴν
767 2939 1014 2994 ἐντεῦθεν
1066 2942 1352 3012 ἐπήρειαν,
1410 2942 1661 2996 ἀπελθὼν
1708 2943 1898 3014 βρόχον

334 3017 506 3088 ἀνῆψε
529 3021 622 3072 καὶ
648 3023 946 3092 ἀπήγξατο,
973 3025 1065 3078 καὶ
1087 3023 1226 3077 οὕτω
1256 3025 1345 3077 τὸν
1375 3023 1486 3093 βίον
1507 3025 1788 3077 κατέλυσε.

403 3107 471 3168 γ’.
491 3103 673 3158 Ταῦτα
704 3108 882 3158 τοίνυν
912 3109 1125 3161 ἅπαντα
1147 3108 1329 3178 μαθὼν
1345 3111 1371 3160 6
1387 3109 1566 3173 Δαυῒδ,
1587 3110 1783 3180 γράφει
1809 3108 1899 3162 τὸν

333 3182 567 3254 ψαλμὸν,
602 3189 1049 3261 εὐχαριστηρίους
1087 3191 1289 3262 ὕμνους
1323 3191 1401 3262 τῷ
1435 3191 1552 3261 Θεῷ
1595 3192 1896 3262 ἀναφέρων,

337 3268 431 3320 καὶ
456 3270 518 3321 τὸ
547 3273 656 3323 πᾶν
676 3272 822 3342 αὐτῴ
844 3274 1116 3338 ἀνατιθεὶς
1149 3277 1528 3346 στρατήγημα.
1569 3278 1658 3329 Διὸ
1682 3279 1773 3331 καί¹
1799 3280 1900 3349 ἀρ-

339 3352 564 3422 χόμενος
591 3354 734 3407 οὕτω
764 3356 878 3419 πώς
902 3375 1031 3426 φησι
1053 3375 1067 3391 ·
1095 3359 1268 3426 Κύριε
1295 3363 1328 3412 ὁ
1363 3360 1504 3424 Θεός
1527 3377 1668 3429 μου,
1685 3361 1782 3415 ἐπὶ
1801 3364 1899 3416 σοι

339 3437 594 3506 ἤλπισα,
620 3443 827 3496 σῶσόν
846 3462 943 3512 με.
983 3445 1096 3497 Οὐκ
1130 3447 1222 3498 ἐπὶ
1245 3446 1323 3516 τῷ
1348 3448 1535 3512 Χουσὶ,
1565 3448 1686 3501 οὐδὲ
1717 3450 1808 3501 ἐπὶ
1834 3455 1900 3522 τῇ

340 3523 654 3596 ἀνθρωπίνῃ
687 3527 866 3597 σοφίᾳ,
897 3528 1016 3580 οὐδέ
1054 3531 1118 3598 τῇ
1171 3531 1380 3582 συνέσει
1407 3533 1470 3600 τῇ
1503 3532 1732 3597 ἐκείνου,
1783 3535 1902 3587 οὐδὲ

343 3606 434 3656 ἐπὶ
457 3610 524 3678 τῇ
556 3609 662 3678 ἐμῇ
688 3610 901 3681 γνώμῃ,
929 3611 1066 3676 ἀλλ’,
1101 3613 1230 3665 Ἐπὶ
1263 3614 1382 3665 σοί.
1411 3614 1579 3666 Τοῦτο
1608 3615 1782 3668 τοίνυν
1811 3618 1904 3670 καὶ

342 3690 502 3758 ἡμεῖς
531 3691 794 3761 ποιῶμεν,
829 3695 930 3746 κάν
959 3695 1024 3746 δι’
1056 3694 1355 3765 ἀνθρώπων
1407 3698 1536 3767 ἡμῖν
1576 3699 1906 3770 κατόρθωμά

343 3790 394 3824 τι
418 3774 660 3845 γένηται,
689 3777 828 3848 ὑπὲρ
854 3777 1060 3830 τούτων
1089 3779 1497 3848 εὐχαριστῶμεν
1527 3781 1610 3850 τῷ
1636 3782 1770 3853 Θεῷ,
1812 3786 1905 3837 καὶ

344 3856 451 3907 τῶν
473 3857 538 3908 δι’
561 3858 716 3928 ἡμῶν
739 3863 834 3912 καὶ
853 3859 958 3911 τῶν
983 3861 1048 3912 δι’
1071 3862 1270 3930 ἐτέρων
1297 3863 1425 3931 ἡμῖν
1457 3863 1906 3935 εὐεργετημάτων

349 3941 663 4009 γινομένων.
684 3944 780 3994 Ἂν
807 3943 912 4014 γάρ
935 3943 1075 3996 οὕτω
1092 3945 1227 3996 ποιῶ
1235 3963 1351 4013 μεν,
1381 3947 1530 3999 οὐδὲν
1551 3948 1698 4001 ἔσται
1718 3949 1908 4004 δύσκο-

347 4023 434 4074 λον
458 4025 577 4076 οὐδέ
604 4025 812 4077 σκολιόν
833 4043 846 4055 ο
872 4026 899 4078 ὃ
920 4027 984 4095 δὴ
1024 4029 1116 4079 καὶ
1158 4030 1185 4080 6
1218 4027 1378 4079 Δαυῒδ
1406 4031 1596 4096 ἐποίει,
1629 4037 1907 4104 μονονουχὶ

348 4106 545 4174 λέγων’
568 4109 681 4162 Οὐκ
702 4111 758 4160 ἐν
781 4112 892 4172 τοῖς
925 4112 1129 4180 ῥήμασι
1166 4112 1259 4163 τοῦ
1290 4113 1456 4164 Χουσὶ
1481 4113 1576 4183 τὴν
1596 4115 1785 4169 ἐλπίδα
1811 4119 1909 4187 τῆς

350 4188 620 4255 σωτηρίας
649 4184 949 4258 εἶχον,ἁλλ’
964 4192 1020 4241 ἐν
1050 4194 1116 4260 τῇ
1151 4191 1439 4261 συμμαχία
1463 4195 1527 4262 τῇ
1560 4195 1646 4263 σῇ.
1675 4195 1782 4246 Καὶ
1811 4184 1910 4267 δρα

352 4271 469 4337 μεθ’
499 4271 629 4340 ὅσης
651 4271 940 4335 διαθέσεως
971 4273 1258 4341 φθέγγεται
1278 4292 1291 4305 ’
1315 4275 1452 4344 ὅπερ
1492 4276 1638 4346 αὐτῴ
1687 4276 1911 4348 σύνηθες

349 4356 542 4407 ποιεῖν.
556 4356 630 4407 Οὐ
644 4355 752 4426 γὰρ
766 4351 903 4420 εἷπε,
921 4358 1140 4424 Κύριεό
1164 4359 1327 4422 Θεός·
1344 4359 1502 4424 ἀλλὰ,
1522 4361 1699 4428 Κύριε
1716 4367 1746 4415 ό
1767 4365 1913 4430 Θεός

342 4453 462 4504 μου
480 4453 492 4465 ·
517 4439 608 4490 καὶ
625 4439 856 4509 ἀλλαχοῦ
877 4455 890 4468 ·
924 4440 984 4492 '0
1003 4441 1165 4505 Θεὸς,
1185 4445 1215 4493 ό
1231 4443 1375 4505 Θεός
1391 4460 1528 4509 μου,
1548 4445 1698 4512 πρὸς
1724 4446 1800 4498 σὲ
1823 4449 1912 4514 ὀρ·

351 4518 534 4584 θρίζω.
560 4522 665 4573 Καὶ
685 4523 792 4591 γὰρ
816 4524 908 4574 καὶ
939 4523 1076 4592 μετὰ
1104 4524 1318 4576 πάντων
1341 4525 1504 4577 αὐτοῦ
1523 4527 1707 4599 χρείαν
1727 4524 1868 4597 εἶχεν
1893 4548 1908 4560 ο

354 4600 660 4664 ἰδιαζόντως
687 4603 774 4666 δὲ,
811 4604 900 4656 διὰ
940 4605 1036 4674 τὴν
1069 4605 1371 4676 ὑπερϐολὴν
1401 4607 1493 4660 τοῦ
1543 4609 1724 4664 πόθου.
1757 4612 1911 4665 Οὕτω

353 4687 446 4736 καὶ
471 4686 499 4736 6
535 4685 666 4747 Θεὸς
695 4687 788 4740 ἐπὶ
824 4687 931 4739 τῶν
968 4688 1188 4740 δικαίων
1218 4689 1374 4742 τοῦτο
1411 4694 1571 4757 ποιεῖ,
1603 4693 1696 4745 καὶ
1739 4696 1912 4758 κοινὸς

350 4767 604 4821 ἁπάντων
645 4769 720 4821 ὢν
759 4769 909 4834 Θεὸς,
955 4770 1256 4834 ἰδιαζόντως
1311 4773 1499 4824 ἑαυτὸν
1538 4774 1646 4827 τῶν
1691 4775 1912 4829 δικαίων

351 4847 487 4903 εἶναι
503 4851 666 4918 λέγει.
701 4853 888 4922 Ἔγιὼό
904 4853 1044 4918 Θεὸς
1068 4855 1328 4924 Ἀϐραὰμ,
1343 4857 1442 4909 καὶ
1461 4861 1493 4910 ό
1516 4857 1657 4922 Θεὸς
1685 4859 1910 4924 Ἰσαὰκ,

352 4933 450 4985 καὶ
473 4937 504 4986 ό
523 4935 664 4999 Θεὸς
687 4936 897 4988 Ἰακώϐ.
915 4939 1019 4989 Καὶ
1033 4937 1132 5006 ὅρα
1154 4938 1435 5006 φιλόσοφον
1451 4939 1692 5010 γνώμην.
1709 4941 1911 5004 Εἰπὼν,

350 5020 527 5086 Κύριε
546 5022 733 5083 ὀΘεός
749 5038 887 5088 μου,
909 5021 1005 5074 ἐπὶ
1031 5021 1129 5074 σοί
1157 5023 1411 5089 ἤλπισα,
1433 5024 1530 5076 οὐκ
1551 5019 1694 5088 εἷπε,
1709 5026 1911 5091 Κόλαζε

351 5103 443 5154 τὸν
468 5102 746 5172 πολέμιον,
781 5104 932 5156 ἄνελε
957 5106 1047 5158 τὸν
1081 5106 1299 5175 ἐχθρόν·
1331 5106 1464 5159 ἀλλὰ
1495 5107 1576 5172 τί;
1623 5108 1694 5159 Τὺ
1721 5110 1912 5164 ἑαυτοῦ

350 5183 506 5254 ζητεῖ
531 5187 708 5254 μόνον,
733 5188 824 5239 καὶ
852 5186 1014 5256 λέγει,
1045 5190 1254 5242 Σῶσόν
1269 5207 1366 5256 με,
1383 5193 1648 5254 τουτέστι,
1668 5193 1758 5261 Μὴ
1772 5194 1914 5261 ἀφῇς

353 5285 421 5338 με
443 5267 626 5330 κακῶς
644 5269 933 5332 παθεῖν,ἑ)ι
954 5272 1194 5324 πάντων
1210 5271 1327 5324 τῶν
1342 5273 1674 5326 διωκόντων
1692 5292 1788 5341 με,
1816 5276 1915 5329 καὶ

343 5351 533 5416 ῥῦσαί
557 5369 652 5420 με.
687 5352 828 5422 Ὅρα
853 5354 966 5417 πῶς
999 5355 1117 5407 οὐδέ
1147 5356 1370 5426 πάσχων
1399 5355 1616 5420 κακῶς,
1656 5358 1914 5428 ὀνομαστὶ

353 5435 627 5503 μέμνηται
643 5434 735 5487 τοῦ
756 5437 1205 5504 πατραλοίου,καὶ
1221 5439 1277 5490 ἐν
1301 5441 1364 5508 τῇ
1390 5441 1638 5510 συμφορᾷ
1668 5440 1761 5511 τὴν
1817 5442 1915 5511 φύ-

353 5531 438 5566 σιν
459 5517 854 5583 ἐπιγινώσκων,
869 5519 963 5572 καὶ
989 5521 1046 5571 ἐν
1062 5520 1138 5589 τῷ
1161 5520 1380 5590 πολέμῳ
1400 5523 1488 5574 τὸν
1509 5523 1620 5575 υἱὸν
1643 5525 1803 5594 ὀρῶν,
1821 5526 1914 5578 καί¹

351 5598 412 5648 ἐν
439 5601 550 5660 τοῖς
582 5599 842 5663 κινδύνοις
878 5601 986 5652 τῶν
1016 5603 1336 5672 σπλάγχνων
1365 5605 1462 5656 οὐκ
1495 5605 1914 5677 ἐπιλανθανόμε-

352 5698 463 5745 νος.
512 5682 666 5758 0610)~
695 5684 948 5753 φιλόπαις
973 5682 1041 5756 ἦν
1085 5689 1177 5740 καὶ
1208 5687 1554 5759 φιλόστοργος
1580 5710 1593 5721 ·
1631 5691 1828 5760 μᾶλλον
1855 5693 1916 5746 δὲ

417 5850 444 5873 ⁸
467 5843 603 5894 Unus
621 5850 1072 5909 παρεσκευασμένος.

663 5926 933 5986 ΡΑτιιοι..
977 5928 1021 5986 (1
1035 5945 1094 5987 ιι.
1141 5929 1265 5992 LV.

1993 547 2134 601 οὕτω
2163 547 2466 617 φιλόσοφος.
2495 546 2568 599 Οὐ
2592 546 2698 618 γὰρ
2725 547 2759 616 ἡ
2790 543 2890 616 τῆς
2925 539 3137 613 φύσεως
3155 544 3424 615 τυραννὶς,
3440 541 3554 597 ἀλλ’

1992 640 2026 707 ἡ
2064 636 2162 706 τῆς
2194 636 2416 707 γνώμης
2446 636 2719 707 ἡμερότης
2751 633 2988 689 τοιοῦτον
3026 635 3186 689 αὐτὸν
3214 634 3386 687 ἐποίει
3416 629 3555 704 εἶναι

1996 729 2219 800 μᾶλλον.
2277 729 2370 782 καὶ
2411 728 2488 799 τῷ
2521 727 2864 799 στρατοπέδῳ
2901 727 2962 780 τὸ
2989 727 3149 780 πλέον
3176 725 3477 796 ἐλογίζετο,
3519 727 3554 798 ἢ

1992 816 2070 887 τῷ
2105 817 2351 888 τυράννῳ
2371 833 2384 846 ·
2414 816 2503 869 διὰ
2529 815 2684 868 τοῦτό
2714 831 2875 883 φησι·
2900 813 3108 868 Σῶσόν
3133 831 3208 884 με
3232 815 3301 869 ἐκ
3317 814 3558 868 πάντων

1993 905 2110 961 τῶν
2143 907 2474 960 διωκόντων
2494 924 2592 976 με,
2632 906 2728 959 καὶ
2761 904 2953 973 ῥῦσαί
2975 922 3070 976 με.
3104 905 3267 976 Ὁρᾷς
3298 905 3414 969 πῶς
3438 894 3562 958 οὐδέ

1994 999 2216 1053 ἐκείνων
2262 998 2504 1070 σφοδρῶς
2554 997 2861 1068 μέμνηται;
2895 997 2969 1050 Οὐ
3008 997 3116 1068 γὰρ
3149 992 3556 1062 εἷπεν,Ἐκτῶν

1995 1090 2389 1163 πολεμούντων,
2423 1090 2529 1144 τῶν
2558 1089 2626 1142 τὰ
2654 1092 2678 1142 ἐ
2687 1090 2761 1160 μα
2789 1088 3212 1159 διαρπαζόντων,
3238 1086 3343 1140 τῶν
3368 1088 3559 1157 ἐντρυ-

1997 1181 2218 1252 φώντων
2249 1185 2358 1246 τοῖς
2387 1181 2674 1251 βασιλείοις
2703 1183 2815 1243 τοῖς
2851 1181 3023 1250 ἐμοῖς,
3057 1178 3213 1242 ἀλλὰ,
3277 1175 3403 1230 Τῶν
3429 1175 3558 1229 διωο

1996 1277 2225 1328 κόντων
2242 1291 2337 1342 με.
2359 1272 2601 1339 Μήποτε
2623 1271 2864 1341 ἁρπάσῃ
2897 1271 2976 1337 ὡς
3009 1269 3165 1324 λέων
3201 1269 3315 1336 τὴν
3351 1267 3562 1337 ψυχήν

1991 1383 2132 1434 μου,
2165 1365 2250 1434 μὴ
2304 1367 2476 1431 ὄντος
2527 1363 2958 1432 λυτρουμένου,
3002 1361 3158 1430 μηδὲ
3185 1360 3494 1424 σώζοντος.
3529 1359 3560 1399 1³

1998 1457 2106 1509 Καὶ
2132 1459 2236 1527 μὴν
2265 1457 2595 1529 στρατόπεδα
2630 1454 2894 1518 συνέλεξε,
2923 1452 3016 1506 καὶ
3037 1451 3264 1514 πολλοὺς
3289 1445 3402 1520 εἶχε
3440 1448 3561 1518 μεθ’

1999 1548 2190 1601 ἐαυτοῦ
2210 1564 2224 1579 ·
2245 1548 2360 1611 πῶς
2383 1544 2473 1601 οὖν
2500 1545 2794 1619 λέγει,[’54]
2820 1544 2913 1612 Μὴ
2941 1544 3112 1609 ὄντος
3132 1541 3561 1612 λυτρουμένου,

1994 1639 2148 1712 μηδὲ
2177 1639 2508 1706 σώζοντος;
2544 1642 2665 1692 ’Ότι
2702 1637 2821 1690 οὐδέ
2879 1639 2936 1689 ἐν
2987 1635 3303 1706 συμμαχίας
3352 1635 3563 1703 ἡγεῖται

2004 1732 2156 1802 μέρει
2199 1731 2295 1800 τὴν
2341 1731 2659 1801 οἰκουμένην
2708 1731 2943 1793 ἃπασαν,
2996 1729 3044 1780 εἰ
3091 1727 3164 1798 μὴ
3215 1726 3314 1796 τῆς
3360 1726 3564 1780 ἄνωθεν

1999 1821 2354 1875 ἀπολαύσειεν
2381 1832 2403 1861 ο
2438 1819 2628 1890 ῥοπῆς,
2664 1819 2784 1872 οὐδὲ
2834 1821 2892 1871 ἐν
2938 1820 3147 1890 ἐρημίᾳ
3195 1815 3352 1882 εἶναι,
3384 1819 3432 1870 εί
3472 1818 3566 1871 καὶ⁹

2003 1910 2160 1980 μόνος
2187 1906 2276 1981 ἦν,
2298 1911 2396 1981 τῆς
2425 1910 2632 1963 ἐκείνου
2676 1909 2914 1980 μετέχων
2955 1908 3287 1979 συμμαχίας.
3339 1907 3429 1960 Διὸ
3472 1907 3566 1960 καὶ

2000 1999 2209 2069 ἔλεγεν·
2246 2003 2327 2055 οὐ
2356 2000 2597 2060 σώζεται
2631 2001 2923 2066 βασιλεὺς
2968 2000 3066 2052 διὰ
3101 1997 3344 2066 πολλὴν
3384 1997 3566 2051 δύνα-

1995 2107 2120 2158 μιν,
2175 2089 2272 2143 καὶ
2311 2090 2479 2160 γίγας
2514 2091 2585 2142 οὐ
2631 2088 2965 2154 σωθήσεται
2997 2088 3066 2140 ἐν
3097 2087 3312 2154 πλήθει
3353 2088 3567 2154 ἰσχύος

2005 2179 2214 2233 αὑτοῦ.
2251 2181 2406 2244 Τινὲς
2445 2181 2501 2233 δέ
2542 2181 2684 2232 κατά
2714 2179 3001 2250 ἀναγωγὴν
3044 2179 3140 2250 τὴν
3178 2179 3333 2249 ῥῆσιν
3359 2177 3564 2247 ταύτην

2003 2272 2452 2343 ἐκλαμϐάνοντες,
2483 2272 2671 2325 λέοντα
2712 2271 2804 2323 καὶ
2836 2271 3126 2333 διώκοντας
3177 2269 3419 2322 διάϐολον
3469 2271 3566 2322 καὶ

2001 2363 2255 2434 δαίμονας
2306 2359 2444 2416 εἷναί
2496 2380 2676 2431 φασιν.
2720 2361 2937 2433 Ἐπειδὴ
2978 2361 3085 2434 γὰρ
3143 2357 3249 2414 εἶδε
3305 2361 3394 2414 τὸν
3452 2361 3568 2414 υίδν

2002 2454 2312 2527 ἁρπαγέντα
2345 2454 2434 2507 ὑπ’
2463 2453 2624 2508 αὐτοῦ
2665 2455 2760 2506 καὶ
2785 2452 3160 2506 καταποθέντα
3218 2451 3360 2516 ἀξιοῖ
3392 2453 3565 2523 μηδεν

2003 2565 2133 2600 ποτε
2166 2546 2326 2599 τοῦτο
2373 2546 2563 2600 παθεῖν
2615 2546 2796 2608 αὐτὸς,
2833 2545 2928 2597 καὶ
2944 2544 3091 2613 λέγει
3119 2545 3212 2598 καὶ
3238 2545 3335 2615 τὴν
3363 2545 3563 2609 αἰτίαν,

2003 2637 2067 2689 δι’
2101 2639 2166 2708 ἢν
2197 2638 2398 2701 ἐκεῖνος
2427 2636 2582 2690 τοῦτο
2603 2636 2793 2690 ἔπαθε.
2826 2636 2922 2699 Τίς
2946 2636 3003 2689 δέ
3029 2637 3062 2705 ἡ
3099 2635 3278 2700 αἱτία;
3315 2635 3415 2688 Διά
3458 2635 3560 2706 τῆς

2004 2729 2218 2793 κακίας,
2256 2729 2409 2798 φησὶ,
2439 2729 2536 2797 τὴν
2573 2729 2890 2799 συμμαχίαν
2929 2725 3022 2779 τοῦ
3073 2725 3206 2778 Θεοῦ
3259 2724 3568 2796 ἀπέστησεν

2005 2820 2096 2888 ἀφ’
2145 2820 2357 2874 ἐαυτοῦ.
2385 2819 2483 2872 Διά
2507 2818 2664 2872 τοῦτο
2693 2819 2864 2887 λέγει,
2889 2817 2986 2885 Μὴ
3037 2818 3210 2883 ὄντος
3242 2815 3567 2886 λυτρουμέ-

2004 2929 2134 2975 νου,
2152 2911 2306 2980 μηδὲ
2335 2909 2648 2977 σώζοντος.
2681 2911 2805 2963 Ὃτι
2839 2909 2894 2962 δέ
2933 2911 3068 2962 λέων
3092 2911 3121 2962 6
3149 2909 3390 2971 διάϐολος
3411 2908 3567 2975 λέγει·

2005 3020 2094 3055 ται
2127 3002 2274 3072 παρὰ
2300 3002 2399 3071 τῆς
2429 3002 2670 3072 Γραφῆς,
2698 2999 2926 3052 ἄκουσον
2955 2997 3216 3070 λεγούσης
3252 2999 3421 3069 αὐτῆς
3443 3015 3455 3027 ⁵
3503 2996 3568 3052 '0

2006 3093 2216 3162 ἐχθρὸς
2285 3091 2450 3160 ὑμῶν
2515 3091 2790 3154 διάϐολος
2850 3091 3214 3159 περιέρχεται
3271 3089 3352 3154 ὡς
3416 3086 3570 3142 λέων

2007 3184 2337 3252 (ἱῳυόμενος
2358 3183 2453 3235 καὶ
2475 3179 2657 3248 ζητῶν
2673 3181 2806 3234 τίνα
2821 3183 3098 3251 καταπίῃ.
3119 3181 3226 3233 Καὶ
3243 3179 3400 3243 αὐτὸς
3417 3171 3572 3242 οὗτος

2009 3277 2035 3326 ὁ
2057 3275 2335 3344 προφήτης
2359 3272 2588 3341 ἀλλαχοῦ
2607 3288 2621 3302 σ
2650 3272 2755 3325 Καὶ
2779 3272 3220 3342 καταπατήσας
3238 3273 3456 3327 λέοντα
3477 3272 3574 3326 καί

2009 3363 2322 3432 δράκοντα.
2355 3363 2697 3433 Πολύτροπον
2727 3364 2834 3432 γὰρ
2861 3363 2920 3416 τὸ
2951 3363 3164 3435 θηρίον’
3202 3365 3316 3418 ἀλλ’
3347 3363 3442 3417 ἐὰν
3474 3365 3573 3435 νή-

2011 3473 2220 3526 φωμεν,
2245 3457 2272 3509 6
2302 3455 2434 3507 λέων
2461 3447 2613 3518 οὗτος
2659 3456 2752 3507 καὶ
2776 3455 2990 3526 δράκων
3008 3455 3176 3526 πηλοῦ
3202 3456 3402 3521 παντὸς
3425 3458 3577 3510 εὐτε-

2011 3548 2261 3618 λέστερος
2283 3545 2455 3610 ἔσται,
2484 3547 2577 3600 καὶ
2602 3546 2721 3598 οὐδέ
2753 3545 2809 3609 ἐξ
2832 3545 3042 3609 εὐθείας
3069 3546 3204 3618 πρὸς
3223 3548 3370 3618 ἡμᾶς
3401 3563 3578 3617 παρα-

2010 3637 2252 3704 τάξεται,
2299 3637 2434 3690 ἀλλὰ
2469 3638 2569 3690 κᾶν
2604 3637 3002 3708 παρατάξηται,
3044 3637 3578 3708 καταπατηθήσεται.

2013 3733 2256 3786 Πατεῐτε
2284 3733 2413 3802 γὰρ,
2451 3732 2634 3802 φησὶν,
2680 3732 2880 3785 ἐπάνω
2913 3732 3104 3801 ὄφεων
3127 3732 3224 3786 καὶ
3252 3733 3580 3802 σκορπίων.

2015 3825 2256 3896 Περίεισι
2287 3824 2384 3893 μὲν
2416 3824 2523 3894 γὰρ
2560 3823 2697 3892 μετὰ
2733 3822 2927 3876 πολλοῦ
2962 3822 3054 3876 τοῦ
3080 3823 3271 3894 θυμοῦ,
3323 3823 3576 3893 καθάπερ

2014 3914 2152 3966 λέων
2171 3929 2186 3942 ·
2219 3912 2284 3966 ἂν
2307 3913 2362 3965 δὲ
2391 3911 2700 3982 προσϐάλλῃ
2733 3915 2843 3975 τοῖς
2871 3911 2962 3965 τὸν
2990 3912 3222 3982 Χριστὸν
3249 3911 3451 3982 έχουσι,
3483 3911 3580 3964 καὶ

2016 4004 2106 4058 τὸν
2128 4003 2358 4073 σταυρὸν
2386 4004 2477 4056 ἐπὶ
2500 4002 2592 4056 τοῦ
2622 4001 2896 4073 μετώπου,
2940 4004 3034 4057 καὶ
3061 4004 3123 4056 τὸ
3151 4001 3262 4074 πῦρ
3289 4003 3383 4056 τοῦ
3412 4003 3580 4058 Πνεύ-

2021 4109 2208 4163 ματος,
2233 4093 2326 4145 καὶ
2343 4092 2441 4161 τὴν
2470 4091 2727 4161 λαμπάδα
2761 4092 2862 4164 τὴν
2893 4092 3147 4146 οὐδέποτε
3182 4093 3578 4164 σϐεννυμένην,

2017 4185 2137 4237 οὐδέ
2165 4184 2480 4254 ἀντιϐλέψαι
2528 4184 2832 4255 δυνήσεται,
2862 4184 2996 4238 ἀλλὰ
3038 4185 3181 4238 νῶτα
3217 4185 3338 4247 δοὺς
3366 4185 3581 4256 οἰχήσε-

2017 4291 2128 4339 ται,
2159 4273 2278 4326 οὐδέ
2303 4272 2748 4343 μεταστραφῆναι
2783 4273 3012 4343 τολμῶν.
3045 4272 3151 4324 Καὶ
3182 4273 3268 4324 ἵνα
3295 4270 3468 4344 μάθῃς
3499 4273 3582 4328 ὅτι

2018 4371 2080 4423 οὐ
2108 4370 2314 4439 κόμπος
2334 4369 2402 4422 τὰ
2428 4368 2709 4440 εἰρημένα,
2746 4368 2935 4420 σκόπει
2960 4383 3046 4437 μοι
3072 4367 3161 4420 τὸν
3198 4364 3427 4419 Παῦλον.
3451 4366 3581 4417 Ἀν-

2021 4459 2234 4528 θρωπος
2266 4459 2363 4529 μὲν
2384 4459 2488 4528 γὰρ
2513 4455 2580 4529 ἦν
2604 4459 2696 4511 καὶ
2717 4458 2877 4520 αὐτὸς
2895 4497 2910 4525 ,
2940 4457 3053 4511 ἀλλ’
3076 4445 3246 4520 οὕτως
3283 4455 3444 4509 αὐτὸν
3471 4456 3584 4509 ἐδε-

2019 4551 2184 4603 δοίκει
2214 4551 2241 4602 6
2262 4549 2397 4601 λέων
2418 4543 2590 4612 οὗτος,
2619 4545 2694 4610 ὼς
2719 4547 2810 4600 καὶ
2852 4547 2919 4600 τά
2953 4547 3139 4616 ἱμάτια
3171 4545 3335 4600 αὐτοῦ
3366 4547 3458 4598 καὶ
3483 4546 3584 4609 τὰς

2023 4639 2178 4701 σκιὰς
2204 4637 2444 4706 φεύγειν.
2477 4636 2742 4698 Εἰκότωςο
2765 4636 2862 4706 τὴν
2885 4637 2993 4706 γάρ
3020 4635 3251 4707 Χριστοῦ
3283 4635 3509 4688 εὐωδίαν
3525 4634 3598 4700 ἐξ·

2021 4729 2184 4784 αὐτοῦ
2212 4728 2475 4782 πνέουσαν
2494 4727 2588 4780 καὶ
2610 4727 2863 4780 ἀνιοῦσαν
2888 4729 2987 4780 οὐκ
3010 4727 3192 4798 ἔφερε,
3210 4727 3304 4780 καὶ
3326 4725 3460 4798 πρὸς
3483 4725 3586 4795 τὴν

2021 4817 2276 4889 λαμπάδα
2301 4815 2611 4883 ἀντιϐλέψαι
2629 4817 2729 4869 οὐκ
2760 4816 2946 4886 ἴσχυσε
2971 4817 3069 4886 τῆς
3093 4818 3311 4887 ἀρετῆς.
3348 4817 3525 4883 Κύριε
3548 4818 3584 4869 ὁ

2025 4908 2164 4973 Θεός
2169 4923 2308 4975 μου,
2323 4908 2374 4958 εί
2388 4905 2646 4970 ἐποίησα
2661 4904 2858 4968 τοῦτο,
2871 4907 2924 4958 εὶ
2938 4904 3108 4958 ἐστιν
3123 4904 3320 4958 ἀδικία
3334 4906 3401 4957 ἐν
3412 4903 3587 4973 χερσί

2018 5014 2153 5065 μου.
2184 4993 2464 5062 Πανταχοῦ
2489 4993 2570 5046 δεῖ
2597 4992 2751 5045 τοῦτο
2779 4996 3133 5064 παρατηρεῖν,
3167 4994 3248 5046 ὅτι
3268 4993 3365 5062 οὐχ
3397 4992 3584 5054 ἁπλῶς

2023 5081 2272 5152 εὔχεσθαι
2298 5081 2377 5133 δεῖ
2409 5081 2586 5150 μόνον,
2626 5079 2759 5132 ἀλλά
2793 5079 2962 5143 οὕτως
2993 5077 3266 5150 εὔχεσθαι,
3320 5079 3457 5133 ὥστε
3492 5086 3586 5132 καὶ

2025 5170 2334 5226 ἀκούεσθαι.
2371 5169 2444 5221 Οὐ
2472 5168 2580 5238 γὰρ
2606 5169 2769 5239 ἀρκεῖ
2797 5167 2928 5238 εὐχὴ
2970 5167 3029 5220 τὸ
3069 5169 3424 5239 προκείμενον
3452 5165 3583 5220 ἁνύο

2027 5274 2135 5318 σαι,
2166 5257 2258 5309 ἐὰν
2291 5256 2363 5325 μὴ
2391 5253 2560 5316 οὕτως
2589 5253 2758 5323 αὐτὴν
2791 5248 3086 5321 στείλωμεν
3122 5254 3196 5318 ὡς
3229 5254 3302 5324 τῷ
3339 5253 3455 5324 Θεῷ
3491 5253 3584 5305 δο-

2023 5347 2127 5398 κεῖ.
2169 5341 2322 5395 Ἐπεὶ
2356 5342 2446 5394 καὶ
2473 5343 2500 5392 ό
2528 5341 2818 5410 Φαρισαῖος
2841 5339 3061 5411 ηὔξατο,
3089 5343 3183 5394 καὶ
3203 5341 3352 5393 οὐδὲν
3375 5339 3575 5410 ὤνησε,

2024 5435 2116 5486 καὶ
2155 5432 2394 5486 Ἰουδαῖοι
2421 5429 2581 5506 πάλιν
2601 5428 2850 5499 ηὔχοντο,
2879 5430 2992 5483 ἀλλ’
3015 5431 3386 5501 ἀπεστρέφετο
3403 5429 3430 5479 6
3454 5428 3585 5491 Θεὸς

2024 5520 2330 5590 εὐχομένων
2351 5516 2527 5571 αὐτῶν
2547 5533 2560 5548 ·
2584 5516 2644 5569 οὐ
2672 5516 2779 5584 γὰρ
2807 5515 3053 5587 ηὔχοντο,
3078 5518 3152 5580 ώς
3175 5515 3429 5585 εὔχεσθαι
3453 5515 3579 5568 ἔδει.

2024 5607 2122 5658 Διὰ
2158 5605 2311 5657 τοῦτο
2349 5605 2442 5657 καὶ
2473 5601 2635 5672 εὐχὴν
2665 5602 3060 5674 ἐκελεύσθημεν
3079 5601 3330 5672 εὔχεσθαι
3359 5603 3455 5674 τὴν
3481 5601 3605 5673 μὰρ·

2090 5796 2116 5832 ιι
2139 5796 2275 5844 Unus
2294 5796 2446 5844 codex
2458 5795 2577 5842 hanc
2595 5794 2773 5841 seriem
2795 5796 2946 5840 mutat
2971 5793 3146 5843 eodem
3168 5797 3397 5844 manente
3410 5803 3577 5846 sensu.

2092 5860 2113 5887 ε
2136 5858 2217 5907 Sic
2239 5857 2334 5907 duo
2356 5867 2469 5906 mss.
2500 5855 2629 5906 Edili
2651 5866 2764 5904 vero
2785 5852 3061 5925 ἀπολαύσει.
3203 5915 3206 5918 _
3238 5906 3240 5908 _
3311 5904 3318 5908 ,
3367 5904 3373 5909 ,
