4040 6342
411 417 485 471 85
1108 413 1168 470 S.
1207 411 1494 467 JOANNIS
1529 409 2022 484 CHRYSUSTOMI
2063 411 2382 466 ARCHIEP.
2423 410 2969 468 CONSTANTINOP.
3599 409 3666 465 86

407 538 568 592 λιστα
587 528 875 586 ἀκούεσθαι
901 527 1221 600 δυναμένην.
1245 527 1416 581 Τοῦτο
1443 527 1538 581 καὶ
1557 527 1616 581 ἐν
1640 529 1707 598 τῇ
1727 527 1832 598 πρὸ
1845 528 1979 580 ταύ-

2097 527 2235 581 Ποία
2265 528 2373 600 γὰρ
2402 527 2571 599 ἀρετὴ
2601 528 2662 580 τὸ
2705 527 2780 598 μὴ
2805 524 3060 596 γενέσθαι
3090 523 3424 595 πατραλοίαν
3451 533 3498 590 ε,
3532 526 3669 598 ὅπερ

414 646 514 700 της
533 627 664 697 εἶδχῇ
683 623 968 696 ἐδήλωσεν,
988 622 1085 692 οὐχ
1100 620 1286 684 ἁπλῶς
1307 620 1471 686 ἀξιῶν
1486 619 1988 690 ἀκουσθῆναι,ἀλλά
2095 622 2214 676 οὐδὲ
2244 625 2302 676 ἐν
2336 626 2447 687 τοῖς
2479 622 2689 694 Θηρίοις
2714 622 2809 676 ἴδοι
2837 637 2922 684 τις
2942 621 3041 685 ἄνς
3073 621 3141 672 El
3171 618 3344 672 ἐστιν
3374 618 3574 672 ἀδικία
3602 619 3674 673 ὲν

422 719 562 789 μετὰ
587 715 683 770 τοῦ
712 717 779 770 τὰ
807 713 1002 768 ἑαυτοῦ
1038 711 1390 780 εἰσενεγκεῖν.
1427 710 1560 764 Τίνα
1588 710 1646 762 δὲ
1672 710 1846 763 ταῦτα
1883 704 1987 780 ἦν;

416 807 513 874 Τὸ,
542 809 754 862 Λούσω
780 808 908 859 καθ’
926 804 1210 871 ἑκάστην
1247 805 1440 857 νύκτα
1470 802 1584 873 τὴν
1609 802 1829 869 κλίνην
1846 819 1990 870 μου,

417 900 485 952 ἐν
525 897 783 966 δάκρυσί
817 914 934 966 μου
967 895 1081 964 τὴν
1116 894 1438 965 στρωμνήν
1471 914 1592 965 μου
1626 895 1861 964 τβρέξω·
1907 893 1990 958 τὸ,

2099 722 2274 790 χερσί
2299 739 2439 790 μου.
2470 719 2546 776 Οὐ
2581 721 2725 789 λέγω
2759 719 2888 790 περί
2915 717 3018 787 τῆς
3048 717 3258 781 ἀδικίας
3287 714 3492 786 ταύτης
3514 733 3528 746 ·
3559 714 3672 768 ἀλλ’

2098 817 2220 870 οὐδὲ
2245 817 2406 892 ἑτέρα
2438 817 2503 872 ἂν
2548 817 2818 888 εὑρεθείη,
2855 815 3040 885 φησιν,
3083 808 3218 866 οὖσα
3261 813 3320 864 ἐν
3367 809 3519 882 χερσί
3567 827 3668 881 μου

2104 913 2307 969 ἀδικία.
2344 914 2530 968 Ταῦτα
2564 915 2620 968 δέ
2647 913 2815 982 λέγει,
2860 913 2920 965 οὐ
2974 908 3387 982 μεγαληγορῶν,
3432 907 3546 960 ἀλλ’
3593 909 3673 970 εἰς

432 991 754 1081 ’EWMW“
895 985 974 1053 τῷ
1012 987 1322 1081 σῖενατμῷ
1345 1004 1470 1056 μου
1488 1004 1522 1081 Ἀ
1544 987 1644 1081 τὸν,
1666 988 1995 1081 Ἀπξίστηῖε
2105 1011 2352 1081 ἀνάγκην
2375 1010 2630 1081 ἐμπεσὼν
2640 1009 2733 1062 τοῦ
2757 1009 2825 1063 τὰ
2842 1008 3034 1061 ἐαυτοῦ
3059 1005 3460 1078 κατορθώματα
3485 1005 3677 1057 εἰπεῖν.

418 1080 521 1134 ἀπ’
543 1078 718 1149 ἐμοῦ..
733 1079 954 1144 πάντες
974 1081 1028 1133 οἰ
1059 1079 1440 1148 ἐργαζτίμενοι
1466 1077 1582 1146 τὴν
1614 1077 1890 1147 ἀνομίαν·
1911 1077 1994 1143 τὸ,

436 1169 762 1242 Ἐταμὶχθη
778 1171 894 1225 ἀπὸ
924 1171 1114 1239 θυμοῦ
1141 1173 1175 1224 ό
1211 1171 1514 1240 ὀφθαλμός
1537 1187 1679 1239 μου.

499 1369 561 1424 δ’.
581 1367 763 1424 Ταῦτα
780 1368 889 1438 γὰρ
909 1367 1086 1422 πάντα
1103 1365 1264 1420 ἱκανὰ
1293 1365 1382 1418 τὸν
1402 1365 1534 1418 Θεὸν
1564 1364 2001 1420 ἐπισπάσασθαι·

433 1463 646 1535 θρῆνοι,
669 1463 904 1534 δάκρυα,
927 1461 1242 1530 στεναγμοὶ,
1275 1461 1369 1514 καὶ
1391 1459 1452 1512 τὸ
1471 1459 1580 1512 τῶν
1597 1459 1848 1528 πονηρῶν
1868 1460 2006 1512 ἀπο-

434 1556 632 1626 πηδᾷν,
665 1556 760 1609 καί
797 1554 858 1606 τὸ
881 1553 1178 1606 δεδοικέναι
1206 1554 1301 1606 καὶ
1329 1551 1551 1622 τρέμειν
1574 1550 1740 1606 αὑτοῦ
1774 1551 1873 1621 τὴν
1900 1550 2010 1620 ψῆ-

437 1665 556 1716 φον.
587 1649 696 1700 Καὶ
725 1644 956 1715 ἀλλαχοῦ
988 1644 1196 1712 ἔλεγεν,
1238 1641 1628 1707 Εἱσήκουσενν
1651 1645 1684 1696 ὀ
1715 1641 1857 1706 Θεὸς

435 1737 545 1804 τῆς
584 1736 975 1802 δικαιοσύνης
1004 1752 1126 1804 μου
1145 1749 1156 1761 ·
1187 1734 1255 1786 ὲν
1281 1733 1483 1801 θλίψει
1507 1730 1852 1797 ἑπλάτυνάς
1886 1748 2008 1800 μοι.

439 1828 514 1882 Τὸ
534 1829 642 1900 γὰρ
675 1827 967 1881 ἀκούεσθαι
995 1826 1136 1879 οὕτω
1171 1827 1412 1894 γίνεται·
1439 1824 1654 1896 πρῶτον
1680 1824 1775 1895 μὲν
1807 1820 1919 1888 οὖν,
1948 1825 2013 1876 ἐκ

439 1920 534 1975 τοῦ
561 1921 743 1988 ἀξίους
781 1916 918 1973 εἶναι
962 1919 1178 1973 λαϐεῖν·
1215 1917 1429 1981 ἔπειτα,
1479 1920 1544 1972 ἐκ
1574 1917 1667 1970 τοῦ
1703 1916 1844 1970 κατὰ
1889 1917 2014 1979 τοὺς

444 2015 644 2085 νόμους
671 2015 765 2066 τοῦ
800 2013 936 2067 Θεοῦ
964 2012 1253 2084 εῦχεσθαι·
1284 2011 1488 2082 τρίτον,
1522 2013 1588 2064 ἐκ
1610 2011 1704 2064 τοῦ
1744 2009 2012 2080 συνεχῶς·

443 2108 728 2179 τέταρτον,
764 2108 828 2160 ἐκ
859 2107 952 2159 τοῦ
1001 2106 1165 2177 μηδὲν
1214 2104 1470 2174 βιωτικὸν
1510 2106 1708 2157 αἰτεῖν·
1746 2103 2016 2174 πέμπτον,

445 2201 511 2257 ἐκ
535 2199 628 2254 τοῦ
662 2200 731 2253 τὰ
755 2198 1102 2270 συμφέροντα
1125 2196 1306 2269 ζητεῖν
1330 2216 1343 2229 ·
1366 2198 1544 2258 ἕκτον,
1573 2198 1639 2249 ἐκ
1667 2194 1761 2248 τοῦ
1793 2196 1858 2248 τὰ
1889 2194 2018 2265 παρ’

447 2291 656 2345 ἑαυτῶν
683 2291 960 2361 εἰσφέρειν
998 2290 1236 2342 ἅπαντα.
1263 2289 1406 2359 Ὅρα
1432 2286 1562 2354 γοῦν
1590 2285 1815 2349 πολλοὺς
1852 2284 2023 2348 οὕτως

445 2383 844 2454 ἀκουομένους·
875 2382 967 2434 τὸν
1003 2381 1303 2452 Κορνήλιον
1335 2379 1444 2432 ἀπὸ
1477 2378 1572 2432 τοῦ
1611 2378 1754 2450 βίου·
1791 2377 1888 2447 τήν
1923 2377 2024 2430 Συ-

453 2471 851 2542 ροφοινίκισσαν
883 2481 904 2502 ⁸
941 2471 1046 2525 ἀπὸ
1070 2471 1171 2541 τῆς
1199 2469 1558 2542 προσεδρείας
1582 2487 1594 2500 ·
1623 2471 1715 2522 τὸν
1735 2467 2024 2538 Σολομῶνα

450 2562 560 2616 ἀπὸ
593 2563 687 2617 τοῦ
719 2563 923 2635 τρόπου
970 2565 1068 2634 τῆς
1107 2563 1404 2634 αἰτήσεως·
1449 2562 1602 2614 Ἀνθ’
1635 2553 1722 2614 ὧν
1763 2559 1876 2630 γὰρ
1912 2561 2024 2612 οὐκ

451 2657 691 2726 ᾔτησας
703 2657 998 2726 χρήματα,
1023 2653 1166 2708 οὐδὲ
1189 2653 1416 2722 ψυχὰς,
1433 2653 1619 2723 φησὶν,
1639 2648 1866 2719 ἐχθρῶν
1887 2664 2024 2704 σου·

451 2752 544 2805 τὸν
563 2749 800 2821 τελώνην
823 2749 931 2802 ἀπὸ
962 2749 1061 2818 τῆς
1101 2743 1604 2817 ταπεινοφροσύνης
1624 2760 1637 2774 ·
1671 2743 1891 2814 ἐτέρους
1909 2741 2028 2794 ἐτέ-

457 2841 650 2914 ρωθεν.
685 2842 894 2912 Ὥσπερ
930 2837 1024 2894 οῦν
1054 2841 1119 2894 ἐκ
1149 2838 1352 2893 τούτων
1378 2838 1438 2892 τὸ
1468 2836 1760 2891 ἀκούεσθαι
1800 2835 2028 2903 γίνεται,

463 2935 636 2998 οὕτως
669 2934 938 3006 ἑτέρωθεν
965 2934 1026 2986 τὸ
1072 2933 1146 3004 μὴ
1184 2930 1502 2999 ἀκούεσθαι,
1538 2929 1642 2982 κᾶν
1667 2927 1864 2980 δίκαιοι
1900 2919 2034 2978 ὦσιν

459 3029 508 3080 οἰ
556 3025 856 3089 αἰτοῦντες.
897 3026 964 3078 Τί
995 3024 1102 3096 γὰρ
1146 3023 1361 3078 Παύλου
1401 3021 1734 3091 δικαιότερον
1780 3017 2031 3088 γέγονεν;

474 3117 615 3172 Ἀλλ’
646 3118 834 3188 ἐπειδὴ
862 3116 1156 3188 ἀσύμφορα
1188 3116 1412 3186 ᾔτησεν,
1443 3114 1541 3167 οὐκ
1564 3110 1829 3181 ἠκούσθη.
1869 3109 2037 3177 Ὑπὲρ

459 3211 698 3276 τούτου,
734 3211 888 3280 φησὶ,
935 3209 1062 3276 τρὶς
1094 3208 1203 3261 τὸν
1247 3208 1468 3275 Κύριον
1506 3203 1910 3272 παρεκάλεσα,
1940 3201 2038 3254 καὶ

460 3302 592 3357 εἰπέ
617 3318 720 3372 μοι
740 3318 756 3333 ·
805 3300 989 3370 Ἀρκεῖ
1014 3316 1112 3354 σοι
1141 3301 1180 3367 ἠ
1224 3299 1395 3368 χάρις
1407 3314 1547 3366 μου.
1579 3295 1644 3347 Τί
1675 3293 1732 3348 δὲ
1762 3293 2040 3354 Μωῦσέως

463 3393 626 3447 πάλιν
657 3391 1032 3461 δικαιότερον;
1087 3387 1229 3441 Ἀλλ’
1264 3387 1386 3439 οὑδέ
1418 3386 1624 3447 ἐκεῖνος
1657 3384 1909 3453 ἠκούετο,
1953 3382 2040 3436 λέ-

464 3501 654 3553 γοντος
678 3483 772 3536 τοῦ
805 3482 940 3535 Θεοῦ
963 3497 980 3513 ·
1017 3480 1382 3536 Ἶκανούσθω
1408 3493 1528 3533 σοι.
1567 3476 1783 3547 Ἐπειδὴ
1799 3476 1905 3547 7&9
1923 3475 2042 3546 ᾔτει

468 3579 549 3639 εἰς
581 3573 680 3645 τὴν
708 3573 813 3643 γῆν
835 3575 934 3644 τῆς
962 3571 1296 3640 ἐπαγγελίας
1329 3569 1613 3633 εἰσελθεῖν,
1645 3567 1965 3638 ἀσύμφορον
1986 3566 2044 3619 δέ

466 3669 628 3723 τοῦτο
653 3663 743 3738 ἦν,
775 3666 876 3720 οὐκ
917 3663 1218 3736 ἐπέτρεψεν
1253 3665 1282 3716 ό
1325 3662 1477 3726 Θεός.
1514 3660 1669 3716 Μετὰ
1719 3660 1924 3714 τούτων
1953 3661 2047 3713 καὶ

469 3758 658 3828 ἕτερόν
679 3758 796 3810 ἐστι
823 3754 885 3808 τὸ
909 3752 1094 3807 ποιοῦν
1127 3751 1202 3822 μὴ
1231 3749 1550 3810 ἀκούεσθαι,
1579 3749 1708 3801 ὅταν
1731 3749 1842 3808 τοῖς
1871 3747 2048 3816 ἀμαρ-

471 3851 714 3920 τήμασιν
759 3847 1108 3918 ἐπιμένοντες
1153 3841 1461 3912 εὐχώμεθα.
1501 3842 1568 3893 Ὃ
1619 3840 1714 3893 καὶ
1749 3840 1880 3910 περὶ
1917 3838 2046 3889 ’1ου-

473 3939 640 3994 δαίων
671 3937 856 4005 ἔλεγεν
899 3937 926 3988 ὁ
955 3934 1087 3996 Θεὸς
1137 3932 1214 4002 τῷ
1269 3932 1540 4003 Ἱερεμίᾳ·
1569 3930 1664 3998 Μὴ
1705 3929 2051 3997 προσεύχου

473 4031 610 4099 περὶ
635 4029 741 4084 τοῦ
763 4028 920 4085 λαοῦ
941 4029 1179 4082 τούτου.
1207 4027 1274 4080 Ἦ
1287 4027 1400 4094 οὐχ
1420 4021 1562 4092 ὁρᾷς
1585 4024 1643 4076 τί
1663 4019 1828 4078 οὗτοι
1853 4021 2052 4074 ποιοῦ-

473 4139 612 4187 aw;
652 4123 764 4176 Οὐκ
799 4124 1138 4190 ἀπέστησαν,
1188 4117 1345 4189 φησί,
1383 4115 1486 4185 τῆς
1533 4113 1808 4177 ἀσεϐείας,
1849 4113 1942 4166 καὶ
1987 4111 2053 4164 σὺ

479 4215 621 4284 ὑπὲρ
655 4214 835 4270 αὐτῶν
865 4213 1048 4283 δέησιν
1075 4210 1403 4282 ἀναφέρεις;
1444 4207 1582 4262 Ἀλλ’
1608 4207 1711 4261 οὐκ
1746 4203 2056 4260 εἰσακούσο-

482 4308 584 4381 μαί
610 4324 725 4360 σου.
755 4307 926 4361 Πάλιν
958 4306 1088 4358 ὅταν
1117 4304 1236 4357 κατ’
1268 4301 1480 4373 ἐχθρῶν
1511 4299 1777 4369 αἰτῶμεν,
1807 4298 1867 4351 οὐ
1895 4297 2055 4369 μόνον

479 4405 581 4458 οὐκ
609 4401 935 4472 ἀκουόμεθα,
953 4399 1086 4454 ἀλλὰ
1104 4399 1198 4452 καὶ
1222 4393 1614 4466 παροξύνομεν.
1636 4392 1928 4462 Φάρμακον
1949 4389 2057 4462 γάρ

481 4496 630 4548 ἐστιν
658 4497 690 4564 ή
711 4494 844 4563 εὐχή
867 4508 879 4522 ·
912 4491 1027 4544 ἀλλ’
1053 4490 1146 4544 ἐὰν
1175 4489 1250 4559 μὴ
1269 4486 1520 4558 εἰδῶμεν,
1545 4486 1606 4538 τὸ
1637 4484 1926 4556 φάρμακον
1943 4481 2059 4544 πῶς

481 4585 782 4640 ἐπιτιθέναι
805 4584 929 4655 χρὴ,
956 4582 1076 4636 ούδέ
1109 4581 1204 4652 τήν
1227 4579 1457 4650 δνησινδ
1484 4576 1648 4632 αὑτοῦ
1678 4573 2056 4647 καρπούμεθα.

487 4678 722 4749 Ἰδωμεν
751 4675 930 4729 τοίνυν
965 4675 1016 4727 τί
1047 4675 1140 4726 καὶ
1179 4667 1334 4734 οὗτος
1365 4668 1656 4740 εὐχόμενός
1686 4683 1848 4737 φησι·
1887 4667 2062 4734 Κύριε

483 4775 520 4828 ὁ
541 4773 684 4838 Θεός
701 4787 840 4841 μου,
865 4770 919 4822 εί
938 4768 1199 4834 ἐποίησα
1219 4763 1414 4819 τοῦτο.
1438 4763 1502 4816 Τί
1531 4763 1697 4826 ἐστιν,
1723 4763 1790 4814 Εἰ
1805 4757 2063 4825 ἐποίησα

483 4863 702 4927 τοῦτο;
729 4863 796 4916 Ὃ
814 4861 1033 4931 πάσχω,
1059 4858 1241 4928 φησιν,
1273 4857 1323 4908 εί
1345 4854 1649 4925 ἐπανέπην
1678 4851 1866 4923 πατρὶ,
1883 4851 1930 4904 εἰ
1959 4866 2064 4902 πα-

488 4957 777 5030 ρηνόμησα
815 4953 1008 5017 οὕτως.
1043 4951 1182 5005 Ἀλλ’
1208 4949 1327 5003 οὑδέ
1356 4946 1589 5000 ἐνταῦθα
1621 4945 1880 5015 ὀνομαστὶ
1904 4942 2065 4995 πάλιν

487 5051 742 5122 ἀνέχεται
772 5047 863 5102 τὸν
893 5047 1229 5116 ἀδικήσαντα
1261 5043 1458 5099 εἰπεῖν,
1487 5037 1603 5092 ἀλλ’
1637 5037 1777 5106 ὑπὲρ
1805 5033 1899 5088 τοῦ
1933 5050 2064 5087 παι-

487 5143 579 5206 δὸς
607 5140 923 5212 αἰσχύνεται
965 5139 1060 5191 καὶ
1089 5134 1336 5206 ἐρυθριᾷ.
1370 5125 1492 5185 Οἴον
1525 5129 1591 5184 ἂν
1633 5127 1686 5181 εῐ
1713 5143 1795 5191 τις
1840 5124 2068 5197 εὐγενὴς

493 5234 781 5308 ἄνθρωπος
808 5233 905 5303 τήν
949 5229 1143 5285 ἑαυτοῦ
1195 5227 1432 5296 γυναῖκα
1479 5212 2067 5294 μοιχευομένην’ὁρῶν,

495 5327 632 5401 μηδέ
668 5323 929 5397 ὀνομαστί
955 5322 1017 5376 τὸ
1064 5320 1366 5390 ἁμάρτημα
1403 5318 1483 5379 εἰς
1524 5315 1586 5368 τὸ
1631 5313 1794 5383 μέσον
1817 5400 1820 5401 ν
1844 5313 2071 5381 ἀγαγεῖν

493 5419 844 5489 καταδέχοιτο
864 5433 877 5446 ·
905 5413 1047 5469 οὕτω
1068 5412 1131 5482 δὴ
1162 5413 1256 5465 καὶ
1281 5404 1453 5471 οὗτος·
1486 5407 1586 5460 οῦκ
1608 5401 1777 5459 εἶπεν·
1797 5400 1859 5456 Εἰ
1882 5403 2072 5469 κατεξ-

497 5511 730 5582 ανέστην
757 5507 850 5563 τοῦ
879 5505 1266 5576 γεγεννηκότος
1285 5544 1301 5568 ,
1329 5503 1378 5554 εἰ
1411 5499 1744 5571 πατραλοίας
1774 5495 2071 5567 ἐγενόμην·

500 5602 732 5662 ἀλλά,Ει
767 5600 1031 5667 ἐποίησα
1059 5596 1252 5650 τοῦτο.
1286 5593 1395 5650 Καὶ
1425 5592 1477 5646 τί
1524 5590 1666 5658 λέγω
1699 5588 1883 5650 τοῦτος
1911 5587 2072 5657 φησί.

564 5826 588 5854 ⁸
615 5826 695 5873 Sic
715 5825 939 5873 duomss.
963 5827 1014 5870 et
1044 5820 1103 5869 N.
1126 5819 1263 5869 Tesl.
1295 5819 1375 5872 Gr.
1391 5813 1516 5869 Edit.
1545 5810 1940 5876 Συροφοίνισσαν.

561 5883 594 5928 δ
615 5887 717 5943 Alii
736 5887 844 5940 οὐδὲ
865 5887 949 5946 τὴν
976 5885 1186 5948 δύναμιν.
1887 5876 1889 5879 ’

2121 1104 2263 1158 Ἀλλ’
2289 1104 2410 1158 οὐδέ
2444 1103 2587 1157 οὕτω
2618 1121 2717 1156 που
2753 1103 2894 1173 μέγα
2924 1102 3080 1155 τοῦτο
3105 1101 3239 1173 πρὸς
3270 1100 3330 1152 τὸ
3367 1098 3555 1170 μέλλον
3587 1101 3683 1171 ῥη-

2109 1200 2395 1272 θήσεσθαι.
2432 1201 2496 1254 Τί
2528 1200 2584 1253 δέ
2620 1199 2776 1252 τοῦτό
2807 1200 2992 1264 ἐστιν;
3021 1197 3090 1249 Εἰ
3123 1195 3515 1250 ἀνταπέδωκα
3561 1194 3684 1261 τοῖς

2112 1295 2589 1350 ἀνταποδιδοῦσι
2627 1312 2730 1364 μοι
2770 1293 2948 1356 κακὰ,
3002 1292 3155 1362 φησί.
3197 1289 3500 1360 Προσέχετε
3549 1287 3688 1360 μετά

2114 1393 2415 1465 ἀκριϐείας.
2448 1393 2522 1446 Οὐ
2553 1393 2660 1463 γὰρ
2689 1391 2749 1444 τὸ
2778 1390 2937 1461 τυχόν
2960 1390 3075 1443 ἐστι
3099 1389 3160 1440 τδ
3182 1387 3488 1458 εἰρημένον.
3509 1385 3690 1441 Καλὸν

2120 1493 2218 1566 μὲν
2254 1492 2361 1562 7&9
2389 1491 2450 1545 τὸ
2497 1491 2573 1561 μὴ
2607 1489 2838 1542 ἀδικεῖν·
2873 1487 2988 1559 [56]
3040 1484 3217 1556 πολλῷ
3248 1484 3306 1537 δέ
3351 1484 3552 1556 μεῖζον,
3597 1481 3693 1536 καὶ

2119 1594 2406 1663 φιλοσόφου
2447 1591 2649 1662 ψυχῆς,
2687 1589 2749 1643 τὸ
2799 1588 2888 1642 τὸν
2933 1587 3219 1641 ἀδικοῦντα
3262 1585 3336 1657 μὴ
3368 1579 3692 1654 ἀμύνεσθαι.

2122 1692 2317 1746 Καίτοι
2360 1707 2422 1758 γε
2473 1691 2502 1740 ὁ
2543 1688 2708 1759 νόμος
2743 1687 2902 1739 τοῦτο
2937 1686 3217 1756 παρεῖχεν,
3261 1680 3538 1751 ὀφθαλμὸν
3577 1679 3700 1731 ἀντὶ

2126 1787 2406 1858 ὀφθαλμοῦ
2431 1784 2686 1850 κελεύων,
2715 1785 2806 1838 καὶ
2822 1785 3009 1837 ὀδόντα
3025 1783 3144 1835 ἀντί
3161 1780 3369 1842 ὀδόντος
3389 1776 3696 1831 ἐκκόπτειν·

2127 1887 2221 1941 καὶ
2256 1887 2356 1939 οὐκ
2382 1882 2448 1957 ἦν
2465 1882 2776 1954 παράϐασις
2797 1881 2962 1950 νόμου
2991 1879 3052 1932 τὸ
3075 1877 3356 1949 γινόμενον
3381 1889 3395 1902 ·
3417 1872 3530 1928 ἀλλ’
3561 1869 3706 1925 οὕτω

2130 1985 2418 2055 φιλόσοφος
2462 1977 2529 2052 ἦν
2573 1971 2748 2041 οὗτος,
2781 1976 2856 2039 ὡς
2908 1975 2982 2047 μὴ
3019 1976 3178 2046 μόνον
3228 1971 3303 2044 μὴ
3345 1967 3706 2040 παραϐαίνειν

2127 2083 2220 2136 τὸν
2241 2081 2426 2151 νόμον,
2444 2075 2581 2132 ἀλλὰ
2608 2078 2701 2128 καὶ
2723 2075 2789 2127 ἐκ
2812 2070 3006 2126 πολλοῦ
3031 2070 3124 2123 τοῦ
3145 2067 3424 2140 περιόντος
3447 2062 3711 2133 ὑπερϐαί-

2132 2195 2266 2243 νειν,
2304 2177 2398 2229 καί
2451 2173 2591 2244 ὑπὲρ
2627 2172 2698 2224 τὰ
2731 2169 3028 2239 σκάμματα
3055 2166 3252 2237 πηδᾷν.
3281 2163 3357 2217 Οὐ
3386 2161 3496 2231 γὰρ
3523 2159 3708 2228 ἐνόμι-

2133 2274 2226 2340 ζεν
2254 2273 2446 2342 ἀρκεῖν
2477 2271 2557 2333 είς
2587 2267 2810 2338 ἀρετὴν,
2847 2266 2895 2317 εἰ
2929 2265 3002 2334 μὴ
3039 2264 3134 2317 καὶ
3167 2256 3614 2332 ὑπερακοντίσειε
3641 2251 3713 2306 τά

2134 2368 2555 2443 προστάγματα.
2580 2365 2792 2432 Ὠσπερ
2813 2355 2905 2414 οὖν
2929 2361 3021 2414 καὶ
3047 2357 3254 2421 Παῦλος
3282 2354 3474 2419 ἐποίει,
3505 2351 3715 2406 κελευό-

2142 2485 2302 2540 μενος
2331 2469 2396 2520 ἐκ
2429 2463 2522 2518 τοῦ
2548 2458 2882 2529 Εὑαγγελίου
2914 2456 3034 2528 ζῇν,
3065 2455 3160 2508 καὶ
3189 2453 3266 2525 μὴ
3290 2451 3420 2517 ζῶν,
3451 2450 3566 2503 ἀλλ’
3588 2448 3717 2502 ἀδάο

2140 2581 2308 2619 πανον
2337 2562 2508 2626 τιθεὶς
2539 2561 2600 2614 τὸ
2625 2555 2986 2626 Εὐαγγέλιον·
3027 2551 3171 2606 οὕτω
3207 2549 3385 2604 τοίνυν
3421 2547 3514 2600 καὶ
3543 2545 3572 2598 ὁ
3609 2561 3717 2614 μαο

2140 2661 2333 2732 κάριος
2362 2655 2546 2720 Δαυῒδ,
2569 2653 2664 2708 τοῦ
2691 2654 2856 2724 νόμου
2891 2650 3123 2712 διδόντος
3147 2645 3451 2718 ἀμύνεσθαι
3478 2643 3569 2694 τὸν
3602 2639 3720 2693 ἀδι-

2141 2759 2363 2821 κοῦντα,
2396 2755 2496 2809 οὐκ
2534 2753 2746 2823 ἔμεινεν
2785 2751 2842 2801 ἐν
2878 2747 2954 2819 τῷ
2992 2746 3177 2817 μέτρῳ
3221 2741 3416 2812 τούτῳ,
3450 2737 3585 2793 ἀλλὰ
3626 2735 3724 2789 καὶ

2144 2853 2591 2926 ὑπερηκόντισεν.
2634 2849 2825 2919 Ἡμεῖς
2861 2845 2918 2900 δέ
2949 2844 3011 2898 οὐ
3036 2841 3194 2896 τοῦτο
3220 2836 3596 2908 ἀπαιτούμεθα
3625 2833 3724 2904 μό·-

2146 2974 2234 3013 νον
2261 2957 2324 3009 τὸ
2371 2955 2447 3027 μὴ
2481 2949 2915 3012 ἀνταποδιδόναι,
2969 2944 3107 2998 ἀλλὰ
3157 2942 3252 2997 καὶ
3292 2941 3355 2993 τὸ
3397 2938 3724 3009 εὐεργετεῖν.

2144 3062 2226 3115 Εὐ
2233 3064 2414 3130 χεσθε
2429 3059 2561 3129 γὰρ,
2577 3054 2763 3125 φησὶν,
2778 3050 2930 3119 ὑπὲρ
2943 3047 3062 3102 τῶν
3081 3046 3302 3113 ἐπηρεα
3312 3042 3530 3104 ζόντων
3551 3034 3726 3106 ὑμᾶς,

2149 3160 2349 3226 καλῶς
2383 3155 2604 3211 ποιεῖτε
2647 3151 2772 3219 τοῖς
2806 3149 3108 3222 μισοῦσιν
3151 3141 3328 3214 ὑμᾶς.
3384 3139 3509 3194 Ἐπὶ
3537 3137 3593 3191 δέ
3635 3134 3729 3190 τοῦ

2149 3262 2315 3318 Δαυῒδ
2359 3261 2420 3314 οὐ
2462 3256 2657 3329 μικρὸν
2691 3253 2750 3308 τδ
2783 3251 2860 3324 μὴ
2893 3247 3217 3322 ἀμύνεσθαι,
3247 3242 3384 3298 ἀλλὰ
3426 3243 3521 3295 καί
3553 3233 3734 3307 πολλῷ

2156 3363 2339 3436 μεῖζον
2383 3360 2478 3414 τοῦ
2517 3353 2744 3428 νομικοῦ
2792 3349 3273 3424 παραγγέλματος.
3305 3341 3396 3395 Διό
3443 3354 3626 3409 φησιν,
3666 3334 3737 3387 Εἰ

2152 3465 2418 3531 ἐποίησα
2452 3457 2652 3519 τοῦτο,
2690 3456 2741 3508 εἰ
2773 3453 2948 3507 ἐστιν
2976 3446 3179 3502 ἀδικία
3208 3446 3277 3498 ἐν
3307 3439 3481 3512 χερσί
3502 3453 3654 3508 μου·
3681 3435 3736 3487 ει

2153 3557 2543 3616 ἀνταπέδωκα
2586 3552 2713 3618 τοῖς
2751 3541 3224 3604 άνταποδιδοῦσί
3250 3557 3352 3609 μοι
3395 3534 3573 3592 κακά.
3615 3532 3740 3584 Ἐπὶ

2161 3665 2258 3734 μὲν
2293 3657 2404 3728 γὰρ
2434 3655 2527 3709 τοῦ
2575 3651 2763 3712 παιδὸς
2805 3648 2901 3703 καὶ
2935 3647 2969 3715 ή
3019 3643 3180 3712 φύσις
3225 3637 3493 3692 ἐκώλυεν·
3540 3631 3655 3686 ἀλλ’
3685 3631 3737 3683 εἰ

2159 3726 2402 3831 ἐτέρους,
2439 3754 2626 3827 φησὶν,
2649 3750 2905 3822 ἠδίκησα,
2931 3745 2966 3816 ἢ
2996 3743 3091 3797 καὶ
3110 3739 3425 3812 ἠμυνάμην.
3451 3733 3618 3787 Ποίαν
3645 3726 3740 3784 οῦν

2163 3860 2316 3932 σχοίη
2327 3874 2424 3930 μεν
2445 3851 2778 3923 συγγνώμην
2801 3849 2984 3919 ἡμεῖς,
3006 3841 3163 3896 ποίαν
3189 3839 3245 3892 δέ
3257 3834 3574 3903 ἀπολογίαν,
3605 3830 3745 3902 μετά

2159 3963 2260 4033 τὴν
2294 3958 2388 4013 τοῦ
2417 3953 2656 4028 Χριστοῦ
2689 3947 2991 4021 παρουσίαν
3021 3945 3096 4016 μὴ
3128 3940 3419 4012 φθάνοντες
3447 3937 3525 3998 εἰς
3555 3933 3622 3987 τὰ
3645 3931 3744 4003 μέη

2161 4077 2268 4132 τρα
2305 4057 2415 4111 τῶν
2461 4056 2518 4108 ἐν
2559 4055 2624 4122 τῇ
2664 4049 2878 4118 Παλαιᾷ
2920 4039 3369 4111 πολιτευομένων,
3431 4035 3522 4089 καὶ
3572 4030 3747 4085 ταῦτα

2167 4130 2364 4228 πολλὴν
2398 4149 2718 4226 περισσείαν
2747 4141 3175 4212 ἁπαιτούμενοι;
3222 4135 3356 4190 Ἐὰν
3382 4134 3491 4205 γὰρ
3522 4130 3608 4199 μὴ
3640 4145 3747 4184 πει

2158 4259 2466 4330 ρισσεύσῃ
2488 4301 2504 4323 ,
2533 4251 2718 4325 φησιν,
2750 4251 2788 4317 ἡ
2829 4245 3184 4309 δικαιοσύνη
3221 4237 3388 4309 ὑμῶν
3415 4236 3606 4289 πλέον
3631 4231 3752 4285 τῶν

2167 4359 2529 4431 Φαρισαίων,
2571 4354 2644 4407 οὐ
2679 4351 2764 4420 μὴ
2808 4348 3119 4413 εἰσέλθητε
3145 4345 3231 4408 εὶς
3274 4339 3390 4407 τὴν
3425 4335 3753 4402 ,βασιλείαν

2167 4460 2285 4515 τῶν
2325 4451 2617 4525 οὐρανῶν.
2650 4451 2862 4519 Ὥσπερ
2897 4445 3006 4516 γὰρ
3044 4442 3146 4496 οὐκ
3177 4440 3322 4493 ἔστιν
3370 4437 3482 4498 ῐσος
3513 4435 3541 4487 ὀ
3579 4434 3636 4486 ἐν
3673 4429 3755 4500 τῷ

2169 4562 2320 4632 νόμῳ
2346 4559 2414 4612 τὰ
2439 4553 2579 4610 αύτά
2608 4546 2889 4620 κατορθῶν
2936 4542 3016 4614 τῷ
3056 4541 3158 4611 πρδ
3193 4538 3287 4591 τοῦ
3333 4535 3498 4606 νόμου
3521 4550 3535 4564 ·
3580 4531 3754 4594 οὕτως

2171 4662 2297 4716 οὔτε
2321 4663 2350 4714 ὁ
2376 4661 2432 4711 ἐν
2463 4659 2529 4727 τῇ
2552 4654 2738 4726 χάριτι
2763 4647 2842 4719 τῷ
2865 4649 2920 4700 ἐν
2948 4643 3028 4714 τῷ
3053 4642 3224 4711 νόμῳ,
3253 4636 3391 4691 ἀλλὰ
3415 4636 3508 4688 καὶ
3526 4632 3635 4686 ἀπὸ
3656 4633 3752 4685 τοῦ

2173 4759 2369 4833 καιροῦ
2423 4756 2592 4826 πολλὴ
2642 4753 2852 4822 γίνεται
2895 4749 2929 4819 ή
2978 4743 3227 4814 διαφορά.
3276 4739 3448 4792 Τοῦτο
3488 4736 3695 4795 δεικνὺς
3727 4734 3758 4784 ό

2176 4863 2392 4924 Παῦλος
2427 4861 2521 4914 καὶ
2546 4857 2638 4910 ἐπὶ
2663 4854 2764 4924 τῆς
2790 4849 3010 4911 κακίας,
3034 4845 3127 4900 καὶ
3157 4843 3248 4895 ἐπὶ
3280 4841 3378 4909 τῆς
3412 4837 3629 4910 ἀρετῆς,
3654 4834 3759 4904 ὅρα

2177 4967 2468 5028 κάκείνους
2499 4961 2616 5025 πῶς
2646 4957 2908 5031 μειζόνως
2937 4948 3227 5021 θαυμάζει,
3259 4944 3354 4997 καὶ
3388 4940 3608 5002 τούτους
3639 4935 3759 5007 μεί-

2179 5069 2332 5136 ζονος
2363 5063 2634 5138 τιμωρίας
2665 5058 2851 5124 ἀξίους
2871 5051 3163 5121 ἀποφαίνει
3195 5043 3354 5109 εἶναι,
3384 5042 3525 5098 οὕτω
3554 5039 3756 5107 λέγων·

2181 5172 2370 5225 Ὅταν
2398 5167 2510 5236 γὰρ
2547 5163 2695 5229 ἔθνη
2735 5159 2809 5214 τὰ
2835 5155 2922 5228 μὴ
2970 5153 3160 5223 νόμον
3190 5149 3430 5217 ἔχοντα,
3477 5143 3658 5213 φύσει
3686 5137 3765 5192 τὰ

2181 5269 2291 5326 τοῦ
2311 5270 2502 5338 νόμου
2530 5260 2695 5330 ποιῇ,
2727 5255 2892 5315 οὗτοι
2915 5255 3106 5324 νόμον
3120 5248 3206 5320 μὴ
3233 5247 3500 5317 ἔχοντες,
3527 5236 3766 5303 ἑαυτοῖς

2181 5375 2300 5427 εἰσι
2324 5369 2527 5438 νόμος.

2257 5466 2480 5533 ε’.Εἶδες
2499 5466 2614 5530 πῶς
2632 5464 2758 5526 τοὺς
2773 5459 2941 5534 χωρίς
2956 5457 3121 5528 νόμου
3143 5449 3539 5522 κατορθοῦντας
3555 5439 3767 5497 ἐπαινεῖ

2186 5577 2280 5630 καὶ
2314 5567 2679 5642 ἁνακηρύττει
2703 5582 2720 5631 ;
2745 5563 2892 5635 Ὅρα
2919 5557 3080 5614 πάλιν
3113 5551 3358 5614 καὶτοὺς
3391 5551 3448 5604 ἐν
3483 5548 3552 5619 τῇ
3581 5542 3768 5642 χάριτι

2195 5677 2613 5752 ἁμαρτάνοντας
2651 5669 2768 5732 πῶς
2802 5665 3048 5738 μείζονος
3089 5658 3362 5720 κολάσεως
3403 5651 3586 5716 ἀξίους
3627 5639 3768 5698 εἶναι

2257 5839 2276 5868 ε
2307 5834 2405 5888 Alii
2427 5829 2711 5897 πατρολοὶαν
2735 5825 2814 5876 hic
2844 5828 2892 5873 ei
2918 5819 3056 5872 alibi.
