4040 6342
303 439 376 496 35
1481 432 1840 490 EXPOSITIO
1896 434 1961 488 ΙΝ
2001 433 2317 492 PSALMUM
2352 433 2459 489 VII.
3513 423 3582 481 86

304 565 410 620 que
429 550 580 606 enim
609 551 850 618 orabant,
877 560 934 605 ut
961 565 1116 606 orare
1144 557 1373 620 oportet.
1408 548 1476 604 Et
1502 549 1772 620 ideojussi
1798 564 1890 604 su-

301 656 430 696 mus
447 655 568 695 eam
589 641 783 696 afferre
811 641 1126 705 orationem,
1153 654 1272 711 quae
1286 640 1518 696 maxime
1539 641 1705 710 possit
1725 654 1889 695 exau-

299 731 432 784 diri.
464 732 575 785 Hoc
596 732 755 786 etiam
787 731 1019 786 ostendit
1047 731 1102 786 in
1129 731 1449 801 praecedenti
1475 733 1715 787 oratione
1737 773 1753 799 ,
1785 747 1890 786 non

301 823 623 892 simpliciter
647 839 838 893 rogans
869 833 926 877 ut
951 823 1232 889 audiatur,
1275 823 1370 879 sed
1399 839 1522 879 cum
1551 840 1645 879 sua
1684 826 1894 878 attulis-

300 924 412 967 set.
435 914 688 979 Qumnam
713 925 888 970 autem
914 924 1064 969 erant
1086 915 1186 969 ea?
1208 914 1409 969 Lavabo
1431 932 1521 984 per
1537 916 1762 987 singulas
1803 934 1896 970 no-

304 1017 414 1059 ctes
438 1007 620 1059 lectum
645 1023 831 1070 meum,
865 1007 1100 1076 lacrymis
1123 1006 1242 1060 meis
1262 1015 1474 1060 stratum
1505 1023 1668 1059 meum
1698 1006 1896 1076 rigabo;

306 1097 442 1151 illud
474 1116 488 1151 :
521 1097 771 1152 Laborav-i
795 1099 847 1152 in
883 1099 1070 1169 gemitu
1094 1115 1202 1152 meo
1237 1097 1419 1169 (Psal.
1452 1097 1506 1152 6.
1540 1099 1639 1168 7);
1673 1106 1726 1152 et
1751 1098 1852 1152 hoc
1880 1115 1894 1151 :

308 1187 575 1241 Discedite
602 1205 634 1240 a
663 1205 744 1241 me
762 1205 934 1242 omnes
959 1189 1042 1257 qui
1067 1189 1346 1257 aperanzini
1383 1189 1693 1258 iniquitatem
1735 1187 1893 1259 (Ibid.

306 1294 357 1332 tr.
389 1280 482 1348 9);
512 1289 564 1334 et
591 1279 718 1333 illud
747 1297 761 1333 :
791 1277 1127 1334 Conturbatus
1162 1288 1238 1334 est
1278 1296 1309 1332 a
1336 1280 1508 1349 furore
1545 1281 1720 1333 oculus
1761 1295 1898 1333 meus

309 1369 488 1441 (Ibid.
523 1385 570 1423 υ.
601 1369 691 1441 8).

391 1464 444 1518 4.
470 1463 660 1518 Gratia:
687 1464 986 1518 conciliatio.
1014 1463 1206 1518 Orandi
1229 1464 1487 1532 fortitulte.
1509 1491 1582 1505 -—
1604 1463 1730 1518 Haec
1756 1463 1898 1518 enim

313 1558 500 1609 omnia
525 1557 593 1610 ad
631 1557 791 1610 Deum
815 1556 1186 1610 attrahendum
1215 1557 1343 1610 satis
1381 1565 1506 1610 sunt
1534 1574 1548 1610 :
1580 1555 1754 1610 luctus
1775 1596 1790 1620 ,
1822 1555 1900 1608 la-

314 1662 543 1719 crymae,
574 1649 820 1718 gemitus,
853 1648 1059 1703 resilire
1089 1648 1156 1702 ab
1186 1648 1461 1716 improbis,
1490 1647 1710 1716 ejusque
1741 1647 1901 1716 perti-

317 1757 565 1797 mescere
592 1750 645 1795 et
669 1741 888 1796 horrere
913 1742 1249 1795 sententiam.
1271 1739 1340 1794 Et
1368 1739 1492 1794 alibi
1521 1739 1654 1794 dixit
1678 1757 1691 1792 :
1723 1739 1900 1794 Exau-

316 1835 452 1888 dioit
499 1832 635 1886 Deus
680 1833 928 1900 iustitiam
970 1849 1133 1886 meam
1164 1845 1184 1885 :
1224 1831 1278 1885 in
1323 1830 1645 1884 tribulatione
1683 1831 1903 1884 dilatasti

317 1925 450 1978 mihi
481 1922 662 1997 (Psal.
692 1924 745 1978 4.
779 1925 804 1979 1
829 1924 871 1992 ).
903 1923 1010 1977 Hae
1037 1922 1179 1977 enim
1208 1922 1417 1977 ratione
1446 1921 1504 1975 fit
1523 1962 1538 1988 ,
1567 1929 1626 1976 ut
1651 1921 1906 1976 exaudia-

317 2033 448 2070 mur
477 2033 491 2068 :
521 2016 747 2086 primum
788 2015 999 2087 quidem
1021 2057 1036 2081 ,
1067 2014 1211 2084 quod
1233 2015 1377 2085 digni
1413 2008 1581 2069 simus
1615 2016 1859 2084 accipere
1888 2031 1903 2080 ;

319 2106 557 2172 deinde,
606 2107 746 2178 quod
771 2122 842 2162 ex
881 2107 974 2162 Dei
1003 2106 1208 2176 legibus
1240 2120 1492 2170 oremus;
1523 2107 1681 2161 tertio
1703 2147 1719 2173 ,
1763 2107 1906 2177 quod

319 2197 574 2260 assidue;
606 2207 827 2266 quarto,
859 2197 1000 2267 quod
1027 2196 1159 2250 nihil
1183 2205 1426 2266 petamus
1480 2212 1666 2251 eorum
1692 2212 1809 2267 quae
1838 2197 1906 2251 ad

321 2289 467 2344 hanc
495 2291 653 2344 vitam
687 2289 985 2358 pertinent;
1013 2288 1216 2358 quinto,
1251 2287 1391 2357 quod
1430 2297 1673 2358 petamus
1700 2303 1762 2342 ea
1789 2303 1908 2357 quae

321 2390 453 2434 sunt
483 2376 667 2444 utilia;
697 2389 871 2446 sexto,
901 2379 1047 2448 quod
1071 2394 1189 2449 qua:
1219 2388 1402 2434 nostra
1431 2389 1553 2434 sunt
1575 2381 1754 2433 omnia
1783 2379 1910 2434 all'eo

323 2487 529 2527 ramus.
567 2471 699 2527 Vide
720 2488 848 2542 ergo
875 2473 1072 2527 multos
1091 2515 1106 2540 ,
1136 2473 1223 2543 qui
1247 2473 1324 2528 sic
1347 2473 1705 2528 exaudiuntur
1732 2491 1746 2527 :
1774 2472 1910 2528 Cor-

327 2561 555 2627 nelium,
579 2576 647 2615 ex
673 2561 776 2615 vita
801 2561 938 2634 (Act.
973 2561 1060 2616 10.
1082 2562 1140 2632 4)
1163 2580 1177 2627 ;
1204 2561 1666 2633 Symphmnissam
1691 2606 1705 2630 ,
1733 2579 1799 2619 ex
1825 2579 1912 2618 as-

323 2651 584 2708 siduitate
625 2651 849 2724 (Matth.
895 2653 984 2708 15.
1024 2653 1176 2724 28);
1226 2653 1602 2718 Salomonem,
1647 2669 1710 2708 ex
1751 2653 1912 2708 modo

327 2743 604 2812 petitionis
634 2760 646 2796 :
678 2742 959 2813 Propterea
983 2743 1126 2797 enim
1149 2784 1164 2808 ,
1209 2744 1408 2812 inquit,
1435 2744 1568 2812 quod
1597 2759 1696 2796 non
1728 2744 1914 2813 petiisti

329 2833 574 2901 pecunias
599 2874 614 2898 ,
666 2849 822 2900 neque
857 2835 1051 2886 animas
1079 2832 1396 2885 inimicorum
1436 2841 1637 2886 tuorum
1663 2832 1754 2904 (5.
1783 2832 1912 2904 Reg.

329 2924 391 2977 5.
423 2923 566 2994 11);
616 2923 989 2992 publicanum,
1032 2939 1097 2978 ex
1142 2921 1620 2995 humilitate(Luc.
1661 2923 1747 2978 18.
1783 2923 1911 2992 ili);

330 3013 472 3067 alios
508 3029 576 3067 ex
615 3013 714 3067 alia
765 3013 989 3068 ratione.
1049 3012 1502 3080 Quemadmodum
1547 3029 1675 3085 ergo
1719 3029 1783 3068 ex
1834 3014 1916 3067 his

333 3104 570 3159 efﬁcitur
596 3112 651 3158 ut
675 3106 973 3171 audiamur,
1015 3105 1088 3159 ita
1117 3105 1278 3159 etiam
1320 3105 1422 3158 alia
1469 3107 1674 3160 ratione
1722 3105 1814 3170 ﬁt,
1858 3113 1918 3159 ut

330 3213 444 3251 non
483 3197 862 3262 exaudiantur,
915 3197 1038 3252 licet
1068 3197 1199 3266 justi
1237 3197 1382 3264 sint,
1427 3198 1516 3267 qui
1547 3205 1747 3267 petant.
1780 3197 1916 3262 Quid

329 3290 482 3343 enim
509 3287 606 3343 fuit
636 3289 796 3344 Paulo
838 3288 1074 3359 justius?
1116 3287 1222 3343 Sed
1271 3290 1522 3358 quoniam
1569 3288 1753 3358 petivit
1799 3303 1917 3358 quae

332 3389 493 3433 erant
521 3379 720 3433 inutilia
740 3421 756 3444 ,
785 3395 890 3433 non
922 3378 1021 3433 fuit
1044 3379 1344 3434 exauditus.
1378 3377 1482 3432 Pro
1507 3396 1584 3444 eo,
1615 3380 1813 3448 inquit,
1847 3391 1921 3433 ter

333 3467 616 3523 Dominum
644 3471 837 3540 rogavi,
862 3479 910 3523 et
935 3471 1064 3524 dixit
1091 3471 1215 3523 mihi
1244 3467 1476 3539 :Suﬂicit
1496 3470 1582 3524 tibi
1619 3471 1783 3541 gratia
1811 3487 1922 3524 mea

331 3561 438 3632 (2.
466 3561 584 3615 Cor.
613 3561 698 3615 12.
723 3565 774 3615 8.
806 3561 898 3630 9).
927 3560 1066 3627 Quid
1109 3575 1317 3616 rursum
1361 3560 1507 3616 Mose
1533 3561 1769 3630 jnstius?
1815 3560 1921 3616 Sed

336 3668 443 3708 nec
483 3653 574 3708 ille
617 3652 897 3708 exauditus
938 3660 1058 3717 est,
1101 3653 1214 3707 Deo
1250 3651 1460 3707 dicente
1501 3669 1516 3708 :
1560 3652 1701 3708 Satis
1739 3653 1826 3706 tibi
1859 3655 1924 3707 sit

327 3747 363 3815 .(
382 3744 538 3800 Deut.
568 3745 620 3800 ὅ.
649 3745 720 3798 26
739 3744 779 3814 ).
811 3743 940 3811 Quia
969 3743 1110 3798 enim
1141 3743 1362 3813 petebat
1401 3743 1602 3813 ingredi
1641 3744 1694 3798 in
1729 3753 1922 3798 terram

339 3836 746 3906 promissionis,
797 3834 899 3888 hoc
945 3845 1120 3888 autem
1150 3845 1266 3889 erat
1293 3834 1481 3890 inutile
1511 3852 1526 3888 :
1555 3850 1659 3888 non
1688 3836 1927 3904 permisit

340 3931 509 3984 Deus.
533 3928 666 3982 Cum
717 3928 800 3982 his
831 3928 991 3982 etiam
1020 3927 1162 3981 aliud
1202 3935 1322 3993 est,
1358 3927 1499 3997 quod
1544 3927 1669 3981 facit
1715 3936 1772 3981 ut
1819 3943 1925 3982 non

341 4021 726 4085 exaudiamur,
767 4021 978 4090 quando
1009 4021 1060 4074 in
1092 4019 1320 4090 peccatis
1366 4031 1773 4088 perseverantes
1801 4035 1927 4072 ora-

345 4131 488 4169 mus.
521 4115 671 4182 Quod
697 4115 857 4169 etiam
879 4113 946 4169 de
972 4113 1172 4168 Judaeis
1199 4113 1333 4167 dixit
1360 4113 1499 4166 Deus
1520 4112 1766 4168 Jeremia:
1796 4132 1808 4166 :
1843 4113 1928 4168 Ne

341 4210 617 4272 deprecare
640 4225 732 4276 pro
757 4209 853 4260 hoc
880 4209 1087 4277 populo.
1120 4207 1197 4260 An
1224 4223 1322 4260 non
1356 4207 1490 4261 vides
1515 4208 1637 4273 quid
1665 4208 1716 4260 hi
1737 4209 1929 4278 faciunt

343 4297 496 4368 (Jer.
523 4300 576 4352 7.
610 4299 696 4352 16.
727 4299 789 4352 17
813 4297 876 4362 )?
905 4299 984 4352 Ab
1009 4298 1280 4366 impietate
1302 4313 1407 4351 non
1435 4297 1764 4364 defecerunt,
1793 4309 1845 4353 et
1873 4309 1928 4353 tu

342 4389 508 4443 ofl‘crs
528 4403 622 4458 pro
649 4389 728 4443 eis
750 4389 978 4458 preces?
1009 4388 1115 4443 Sed
1139 4398 1189 4443 te
1216 4404 1320 4442 non
1349 4388 1650 4443 exaudiam.
1685 4390 1890 4445 Rursus
1908 4432 1924 4458 ,

344 4479 560 4549 quando
609 4487 792 4534 contra
839 4479 1082 4534 inimicos
1131 4480 1396 4548 petimus,
1442 4495 1548 4533 non
1595 4481 1766 4534 solum
1823 4497 1927 4535 non

343 4572 699 4636 exaudimur,
737 4570 832 4625 sed
879 4571 1038 4624 etiam
1085 4570 1377 4624 irritamus.
1428 4571 1524 4624 Est
1569 4573 1711 4626 enim
1757 4574 1929 4626 oratio

347 4663 792 4718 medicamentum
821 4679 834 4715 :
859 4661 954 4717 sed
976 4664 1020 4716 si
1051 4661 1352 4716 nesciamus
1395 4663 1664 4730 quomodo
1691 4663 1760 4717 sit
1777 4664 1931 4718 adhi-

346 4753 579 4810 bendum
604 4754 1050 4809 medicamentum
1075 4794 1090 4820 ,
1123 4755 1402 4808 utilitatem
1429 4769 1496 4808 ex
1525 4769 1591 4809 eo
1619 4770 1722 4808 non
1753 4757 1931 4824 capie-

345 4846 526 4899 mus’.
563 4845 846 4900 \‘ideamus
882 4860 1011 4915 ergo
1052 4845 1177 4915 quid
1224 4845 1308 4898 hic
1351 4845 1510 4899 etiam
1553 4861 1712 4901 orans
1754 4847 1880 4901 dicit
1913 4866 1926 4902 :

347 4934 563 4990 Domine
585 4935 719 4990 Deus
740 4953 898 5002 meus,
921 4937 964 4991 si
989 4935 1083 5009 feci
1105 4935 1257 4991 istud.
1275 4935 1410 5004 Quid
1430 4947 1531 5003 est,
1557 4937 1618 4991 Si
1639 4939 1733 5007 feci
1755 4939 1888 4992 istud
1903 4940 1929 4993 .9

342 5029 498 5097 Quod
525 5029 715 5099 patior,
747 5029 948 5099 inquit,
983 5029 1025 5084 si
1056 5028 1317 5083 insurrexi
1348 5028 1604 5084 adversus
1630 5040 1854 5099 patrem,
1883 5032 1928 5086 si

342 5121 423 5175 sic
449 5136 535 5174 me
567 5120 746 5190 inique
773 5121 935 5190 gessi.
963 5119 1068 5175 Sed
1098 5137 1166 5176 ne
1188 5121 1275 5174 hic
1303 5120 1515 5191 quidem
1541 5136 1661 5176 eum
1687 5124 1774 5192 qui
1805 5123 1929 5178 fecit

343 5211 632 5282 injuriam,
663 5211 976 5266 nominatim
1003 5211 1181 5266 dicere
1206 5211 1260 5266 in
1300 5213 1539 5268 animum
1564 5213 1761 5268 inducit
1785 5254 1800 5278 ,
1833 5214 1929 5270 sed

343 5317 447 5373 pro
473 5301 588 5357 filio
610 5303 909 5365 erubescit,
954 5311 1010 5356 et
1041 5301 1242 5372 pudore
1280 5301 1528 5357 afficitur.
1574 5303 1931 5370 Quemadmo-

340 5394 476 5448 dum
501 5392 547 5447 si
573 5391 694 5462 quis
718 5391 799 5445 vir
825 5405 1117 5461 generosus
1147 5392 1334 5448 videns
1361 5409 1579 5447 uxorem
1606 5411 1754 5448 suam
1781 5396 1931 5451 adul-

341 5484 511 5540 terari
535 5523 552 5548 ,
605 5497 673 5537 ne
698 5483 1007 5537 nominatim
1031 5483 1244 5554 quidem
1274 5485 1390 5555 ejus
1438 5484 1688 5541 delictum
1725 5487 1775 5540 in
1814 5504 1929 5544 me-

339 5576 493 5631 dium
519 5572 763 5643 proferre
787 5575 1012 5630 sustinet
1039 5591 1055 5628 :
1088 5575 1158 5628 ita
1186 5575 1276 5631 hic
1301 5576 1461 5631 etiam
1487 5593 1502 5642 ;
1533 5592 1641 5632 non
1671 5579 1804 5633 dixit
1830 5595 1843 5631 :
1873 5579 1930 5634 Si

335 5667 614 5727 insurrexi
635 5666 896 5723 adversus
918 5681 1040 5722 eum
1063 5668 1154 5740 qui
1185 5668 1398 5739 genuit,
1445 5669 1491 5725 si
1517 5669 1588 5727 fui
1619 5671 1879 5743 parricida
1913 5691 1927 5727 :

411 5867 428 5896 '
469 5863 1435 5934 euomuitnilliusnonecperiemur.

1999 549 2115 615 sed,
2149 549 2210 606 Si
2234 550 2330 620 feci
2355 551 2470 603 hoc.
2498 547 2564 603 Et
2587 546 2714 619 quid
2742 546 2845 602 hoc
2871 545 3009 612 dico,
3042 545 3251 616 inquit?
3273 541 3582 613 Cujusmodi

1999 643 2142 698 enim
2167 652 2249 697 est
2275 644 2472 708 virtus,
2507 655 2613 694 non
2639 640 2800 694 fuisse
2829 637 3145 708 parricidam
3171 679 3187 703 ,
3239 635 3378 707 quod
3405 649 3504 689 nec
3531 633 3584 689 in

2000 734 2130 790 feris
2153 735 2366 806 quidem
2393 735 2666 790 cernitur?
2689 732 2749 788 Si
2771 744 2842 786 est
2863 733 3095 802 iniquitas
3115 731 3167 784 in
3185 729 3412 784 manibus
3439 730 3584 784 meis.

2001 825 2119 879 Non
2147 826 2267 879 dico
2292 825 2359 879 de
2388 825 2488 879 hac
2535 825 2812 894 iniquitate
2873 841 2886 876 :
2935 821 3028 876 sed
3074 836 3173 876 nec
3217 821 3348 884 alia,
3395 818 3584 888 inquit,

2003 918 2302 972 invenietur
2322 931 2439 970 esse
2463 915 2516 969 in
2540 917 2673 970 meis
2697 913 2940 968 manibus
2966 913 3233 982 iniquitas.
3261 911 3384 965 llaec
3408 920 3586 963 autem

2002 1010 2161 1074 dicit,
2207 1025 2311 1063 non
2333 1009 2566 1077 glorians
2589 1049 2604 1074 ,
2631 1023 2732 1061 nec
2758 1021 2816 1061 se
2849 1004 3127 1074 magnifice
3153 1003 3413 1057 extollens
3439 1043 3451 1066 ,
3492 999 3588 1054 sed

2004 1118 2120 1172 quae
2145 1117 2174 1156 a
2203 1117 2262 1156 se
2288 1112 2432 1156 recte
2465 1101 2600 1154 facta
2625 1109 2774 1153 erant
2803 1105 3018 1152 coactus
3043 1096 3242 1149 dicere.
3271 1093 3374 1148 Sed
3402 1108 3468 1147 ne
3490 1091 3591 1145 hoc

2005 1193 2217 1262 quidem
2246 1208 2493 1263 magnum
2521 1201 2600 1245 est
2622 1233 2634 1254 ,
2671 1191 2715 1244 si
2745 1188 3050 1244 conferatur
3092 1201 3213 1241 cum
3237 1200 3303 1240 eo
3338 1183 3477 1254 quod
3509 1189 3594 1237 est

2008 1285 2310 1338 dicendum.
2343 1282 2482 1349 Quid
2526 1282 2628 1336 hoc
2654 1289 2828 1334 autem
2857 1279 2983 1333 est?
3019 1278 3072 1332 5.
3129 1277 3190 1330 Si
3217 1275 3416 1330 reddidi
3442 1274 3592 1327 retri-

2009 1374 2270 1428 buentibus
2293 1374 2417 1426 mihi
2446 1373 2600 1437 mala,
2626 1371 2811 1440 inquit.
2843 1369 3114 1424 Attendile
3137 1367 3419 1437 diligenter
3445 1381 3458 1417 :
3487 1379 3594 1418 non

2007 1475 2091 1520 est
2126 1465 2268 1519 enim
2299 1465 2513 1533 vulgare
2555 1462 2698 1533 quod
2747 1461 2960 1517 dicitur.
3011 1458 3332 1516 Praeclarum
3382 1456 3596 1528 quidem

2008 1567 2092 1614 est
2137 1557 2383 1628 injuriam
2413 1572 2517 1611 non
2548 1555 2723 1610 facere
2751 1573 2766 1620 ;
2817 1554 2911 1609 sed
2949 1554 3120 1608 multo
3153 1551 3457 1622 prmelarins
3479 1591 3493 1613 ,
3545 1557 3600 1603 et

2010 1650 2263 1720 sapientis
2288 1657 2369 1702 est
2409 1648 2571 1702 animi
2593 1689 2606 1709 ,
2663 1663 2768 1702 non
2815 1646 2999 1700 ulcisci
3031 1659 3151 1699 eum
3183 1643 3270 1713 qui
3302 1642 3426 1696 facit
3455 1640 3600 1708 inju-

2010 1744 2164 1798 riam.
2198 1741 2354 1811 Atqui
2387 1741 2488 1794 hoc
2511 1739 2727 1810 quidem
2759 1740 2842 1793 lex
2870 1735 3230 1800 concedebat,
3256 1734 3448 1803 jubens
3474 1745 3602 1784 ocu-

2012 1835 2119 1889 lum
2185 1848 2284 1905 pro
2331 1833 2524 1898 oculo,
2579 1842 2633 1886 et
2676 1831 2889 1885 dentem
2938 1843 3034 1898 pro
3079 1827 3240 1882 dente
3286 1823 3601 1880 exscindere

2013 1925 2195 1994 (Deut.
2226 1924 2311 1978 19.
2356 1922 2447 1993 2t)
2498 1940 2510 1975 :
2559 1937 2657 1976 nec
2687 1925 2769 1980 sic
2800 1921 2882 1974 lex
2908 1918 3302 1973 transiliebatur
3328 1933 3340 1968 :
3369 1915 3462 1969 sed
3517 1913 3603 1968 hic

2014 2025 2162 2071 tanto
2187 2026 2301 2070 erat
2331 2014 2506 2069 studio
2534 2014 2808 2083 sapientia:
2857 2011 3106 2082 praeditus
3130 2052 3144 2075 ,
3187 2019 3243 2064 ut
3281 2025 3388 2063 non
3427 2007 3600 2062 solum

2014 2109 2186 2177 legem
2217 2122 2324 2160 non
2357 2105 2838 2176 trausgrederetur,
2873 2103 2966 2158 sed
3002 2103 3159 2156 etiam
3191 2116 3254 2155 ex
3284 2101 3443 2154 nimia
3469 2115 3602 2168 qun-

2014 2198 2136 2252 dam
2203 2197 2525 2251 abundantia
2575 2211 2692 2250 eam
2735 2195 2891 2265 longe
2945 2201 3252 2264 superaret,
3301 2206 3362 2244 ac
3427 2204 3605 2243 scam-

2017 2298 2156 2344 mata
2188 2290 2260 2361 (a)
2291 2288 2599 2342 transiliret.
2643 2286 2761 2342 Non
2811 2287 2951 2341 enim
2993 2284 3329 2340 existimabat
3357 2282 3606 2336 sufficere

2017 2381 2083 2436 ad
2155 2381 2456 2445 virtutem,
2519 2379 2619 2433 nisi
2677 2377 2839 2432 etiam
2894 2378 3042 2446 jussa
3094 2376 3252 2445 longo
3323 2374 3606 2428 intervallo

2017 2482 2314 2544 superaret.
2367 2470 2824 2540 Quemadmodum
2869 2470 2998 2524 fecit
3035 2469 3192 2523 etiam
3225 2467 3419 2521 Paulus
3445 2506 3460 2531 ,
3513 2465 3607 2535 qui

2018 2581 2084 2621 ex
2136 2565 2410 2635 evangelio
2470 2563 2756 2634 jubebatur
2800 2562 3017 2628 vivere,
3077 2569 3132 2616 et
3193 2575 3299 2614 non
3349 2559 3601 2623 vivebat,

2019 2655 2112 2710 sed
2143 2658 2259 2710 sine
2283 2662 2496 2724 sumptu
2525 2653 2848 2724 praedicabat
2877 2653 3212 2723 evangelium
3257 2652 3277 2722 (
3301 2652 3352 2705 1.
3385 2649 3501 2704 Cor.
3548 2649 3609 2703 9.

2023 2747 2215 2818 11-18)
2245 2765 2257 2800 :
2286 2747 2357 2800 ita
2411 2747 2569 2800 etiam
2608 2744 2795 2799 beatus
2823 2745 2985 2798 David
3006 2785 3020 2808 ,
3052 2760 3172 2799 cum
3197 2744 3278 2798 lex
3306 2742 3353 2796 ei
3386 2743 3608 2811 permit-

2029 2849 2163 2896 teret
2203 2837 2386 2892 ulcisci
2433 2837 2674 2890 inimicos
2699 2877 2714 2900 ,
2765 2850 2871 2888 non
2901 2849 2959 2888 se
3001 2833 3260 2887 continuit
3285 2833 3420 2886 intra
3469 2831 3609 2885 hunc

2023 2927 2262 2995 modum,
2295 2928 2389 2982 sed
2417 2942 2538 2981 eum
2563 2929 2716 2997 longe
2745 2927 2903 2979 etiam
2934 2926 3226 2993 superavit.
3271 2923 3316 2976 A
3337 2922 3490 2978 nobis
3511 2936 3609 2974 au-

2025 3030 2130 3074 tem
2157 3020 2259 3075 hoc
2285 3035 2389 3073 non
2415 3019 2587 3072 solum
2616 3019 2862 3087 exigitur,
2893 3026 2950 3070 ut
2976 3032 3080 3070 non
3110 3015 3484 3079 rotribuamus,
3514 3013 3610 3068 Sed

2023 3115 2182 3168 etiam
2221 3121 2277 3167 ut
2303 3111 2713 3167 benefaciamus.
2763 3109 2919 3163 Orate
2943 3110 3125 3173 enim,
3180 3108 3388 3177 inquit,
3431 3121 3522 3175 pro
3548 3108 3611 3158 iis

2023 3209 2111 3280 qui
2138 3223 2223 3262 vos
2248 3206 2531 3273 offendunt,
2561 3204 2834 3274 benefacite
2859 3205 2920 3258 iis
2949 3204 3036 3273 qui
3060 3219 3146 3256 vos
3167 3201 3378 3255 oderunt
3395 3199 3609 3272 (Matth.

2028 3298 2082 3353 5.
2111 3298 2226 3366 44).
2254 3297 2312 3352 ln
2356 3295 2520 3350 David
2552 3305 2730 3348 autem
2773 3309 2877 3348 non
2901 3308 3118 3364 parvum
3147 3301 3226 3346 est
3256 3305 3361 3346 non
3389 3289 3610 3353 ulcisci,

2029 3389 2122 3445 sed
2150 3392 2306 3444 etiam
2353 3388 2520 3442 multo
2549 3396 2633 3441 est
2671 3386 2844 3455 majus
2915 3399 3075 3454 quam
3121 3385 3190 3439 sit
3229 3383 3360 3452 legis
3408 3397 3611 3451 prtere-

2029 3491 2199 3553 ptum.
2250 3480 2318 3535 Et
2358 3481 2478 3534 ideo
2511 3479 2640 3533 dicit
2669 3495 2682 3533 :
2729 3477 2789 3532 Si
2816 3477 2910 3530 hoc
2935 3477 3063 3546 feci,
3110 3477 3152 3529 si
3183 3484 3254 3528 est
3283 3474 3520 3542 iniquitas
3561 3474 3615 3525 in

2031 3574 2262 3628 manibus
2287 3575 2408 3626 meis
2443 3588 2461 3625 :
2485 3573 2526 3625 si
2553 3571 2752 3624 reddidi
2790 3570 3173 3624 retribuentibus
3214 3569 3339 3621 mihi
3372 3568 3528 3621 mala.
3559 3565 3614 3620 lu

2029 3665 2140 3719 tilio
2183 3664 2324 3718 enim
2364 3663 2450 3717 vel
2480 3664 2592 3731 ipsa
2621 3671 2806 3715 natura
2835 3659 3186 3730 prohibebat;
3227 3658 3318 3712 sed
3357 3658 3400 3712 si
3441 3658 3570 3710 alios
3595 3699 3611 3721 ,

2031 3759 2218 3828 inquit,
2249 3757 2439 3826 injuria
2466 3755 2614 3810 afleci
2635 3796 2650 3820 ,
2678 3755 2762 3809 vel
2789 3756 2945 3808 etiam
2977 3754 3118 3806 ultus
3153 3768 3290 3806 sum.
3321 3750 3615 3818 Quamnam

2033 3866 2158 3921 ergo
2199 3865 2298 3904 nos
2325 3850 2531 3903 veniam
2574 3861 2996 3917 consequemur,
3047 3853 3100 3899 et
3124 3857 3280 3912 quam
3333 3840 3617 3895 aii'eremus

2032 3941 2427 3997 excusationem
2447 3982 2462 4006 ,
2491 3939 2578 4010 qui
2605 3946 2726 4008 post
2749 3936 2944 3992 Christi
2970 3935 3255 3990 adventum
3288 3948 3390 3986 non
3425 3945 3615 4000 pervc-

2032 4035 2208 4089 nimus
2235 4034 2302 4088 ad
2339 4047 2640 4089 mensuram
2669 4046 2852 4085 eorum
2872 4071 2886 4094 ,
2924 4027 3012 4098 qui
3045 4027 3286 4080 vivebant
3313 4026 3412 4080 sub
3439 4023 3617 4080 Veteri

2033 4127 2396 4193 Testamento,
2425 4123 2586 4195 idque
2607 4139 2726 4179 cum
2753 4138 2782 4176 a
2809 4121 2958 4176 nobis
2985 4121 3143 4190 longe
3172 4118 3370 4188 majora
3401 4119 3618 4187 exigan-

1973 4277 1980 4284 ,
2033 4218 2159 4272 tur?
2191 4217 2308 4270 Nisi
2337 4222 2478 4270 enim
2509 4213 2855 4278 abundaverit,
2886 4211 3077 4280 inquit,
3095 4209 3296 4279 justitia
3321 4218 3481 4262 vestra
3503 4208 3618 4277 plus

2033 4297 2183 4378 quam
2221 4306 2620 4371 Pharisaeorum,
2652 4320 2752 4357 non
2772 4301 3018 4356 intrabitis
3057 4301 3110 4353 in
3145 4315 3352 4370 regnum
3371 4301 3613 4353 coriorum

2035 4401 2054 4472 (
2079 4399 2212 4454 Ibid.
2253 4417 2302 4454 υ.
2333 4399 2406 4454 20
2437 4400 2478 4469 ),
2503 4395 2960 4465 Quemadmodum
2988 4394 3132 4449 enim
3159 4408 3265 4446 non
3290 4404 3372 4446 est
3399 4392 3620 4461 aequalis

2037 4492 2100 4558 is,
2131 4491 2219 4561 qui
2246 4506 2306 4545 se
2329 4492 2382 4544 in
2404 4492 2518 4558 lege
2534 4499 2679 4542 recte
2707 4488 2862 4558 gerit,
2887 4485 2958 4550 ei,
2987 4485 3076 4555 qui
3103 4486 3154 4538 in
3179 4483 3364 4538 iisdem
3395 4499 3452 4538 se
3476 4492 3621 4535 recte

2033 4584 2198 4653 gessit
2225 4591 2350 4636 ante
2375 4583 2545 4651 legem
2574 4597 2592 4634 :
2621 4579 2691 4634 ita
2716 4594 2812 4634 nec
2841 4580 2931 4649 qui
2976 4579 3027 4632 in
3065 4577 3233 4648 gratia
3261 4576 3309 4629 ei
3337 4617 3351 4639 ,
3403 4575 3491 4644 qui
3520 4573 3621 4628 sub

2035 4675 2150 4745 lege
2175 4715 2188 4739 ,
2237 4674 2330 4730 sed
2358 4689 2424 4728 ex
2453 4682 2693 4742 tempore
2722 4687 2910 4741 magna
2950 4671 3102 4726 adest
3147 4668 3463 4724 differentia.
3507 4666 3621 4721 Hoc

2033 4768 2322 4823 ostendens
2368 4766 2562 4820 Paulus
2599 4774 2653 4820 et
2679 4765 2730 4818 iu
2757 4766 2884 4819 vitio
2912 4775 2966 4820 et
2995 4765 3046 4818 in
3077 4763 3271 4819 virtute
3292 4805 3305 4825 ,
3347 4761 3467 4817 vide
3487 4775 3622 4832 quo-

2035 4860 2195 4914 modo
2222 4859 2343 4914 illos
2370 4872 2582 4928 quoque
2625 4858 2794 4926 magis
2821 4856 3150 4922 admiratur,
3193 4862 3249 4909 et
3291 4853 3391 4908 hos
3432 4852 3620 4922 majori

2034 4953 2294 5024 supplicio
2323 4953 2510 5023 dignos
2535 4966 2653 5006 esse
2683 4949 3014 5020 pronuntiat,
3053 4951 3122 5004 ita
3144 4949 3328 5004 dicens
3359 4965 3372 5002 :
3403 4947 3618 5014 Quando
3710 5015 3715 5021 ν

2035 5049 2164 5103 enim
2189 5055 2376 5118 gentes,
2407 5061 2519 5116 qua
2551 5044 2708 5116 legem
2735 5061 2835 5098 non
2860 5043 3075 5110 habent,
3123 5053 3304 5097 natura
3350 5059 3462 5112 qute
3505 5049 3621 5094 sunt

2034 5140 2160 5210 legis
2189 5139 2411 5210 faciunt,
2451 5138 2489 5190 ii
2527 5137 2685 5208 legem
2727 5152 2828 5189 non
2867 5136 3104 5190 habentes
3140 5144 3258 5188 sunt
3293 5134 3512 5206 eibiipsis
3541 5136 3622 5187 lea:

2034 5216 2224 5307 (Rom.
2249 5235 2304 5289 ‘2.
2339 5234 2465 5303 14).

2106 5327 2161 5382 5.
2182 5324 2345 5379 Vides
2373 5323 2641 5394 quomodo
2666 5337 2759 5377 eos
2780 5364 2795 5389 ,
2824 5323 2910 5393 qui
2942 5323 3058 5376 sine
3099 5321 3217 5391 lege
3265 5334 3326 5375 sc
3353 5327 3496 5374 recte
3523 5333 3621 5388 ge-

2031 5427 2188 5483 runt,
2213 5417 2394 5472 laudat
2439 5425 2494 5471 et
2519 5414 2815 5485 praedicat?
2842 5413 2974 5470 Vide
3013 5426 3197 5468 rursus
3235 5410 3502 5481 quomodo
3526 5423 3621 5465 eos

2034 5513 2232 5574 etiam,
2259 5509 2348 5580 qui
2396 5515 2619 5578 peccant
2659 5508 2712 5562 in
2758 5507 2955 5578 gratia,
2984 5503 3218 5560 ostendit
3267 5517 3388 5558 esse
3429 5501 3621 5572 dignes

2097 5687 2172 5751 (a)
2206 5694 2640 5751 scamma_campus
2661 5689 2784 5751 erat,
2808 5681 2954 5751 fossa,
2970 5687 3026 5730 ut
3047 5685 3261 5751 putatur,
3284 5679 3501 5751 undique
3522 5679 3623 5729 cin-

2036 5741 2167 5816 ctus;
2195 5749 2278 5798 ubi
2306 5745 2499 5811 pugiles
2523 5741 2575 5797 εὶ
2610 5741 2809 5816 athletae
2853 5741 3188 5816 decertabant,
3230 5741 3466 5816 ludosque
3505 5753 3624 5816 age-

2037 5803 2182 5871 bant;
2216 5803 2328 5860 cum
2350 5803 2514 5860 autem
2539 5808 2796 5873 pugnando
2835 5813 3091 5858 scammata
3122 5803 3474 5864 transibebtint,
3510 5811 3621 5854 tunc

2037 5873 2247 5924 maxime
2263 5870 2658 5924 celebrabantur.

2217 5886 2247 5923 θ
2263 5886 2658 5923 celebrabantur.
