4074 6356
412 456 479 511 87
1165 452 1220 507 S.
1261 447 1537 505 JOANNIS
1571 444 2037 505 CHRYSOSTOMI
2082 442 2396 499 ARClllEP.
2436 438 2970 497 CONSTANTINOP.
3607 435 3678 492 88

409 572 592 644 majori
636 570 895 640 supplicio
925 568 990 622 iis
1027 565 1119 636 qui
1150 573 1369 635 peccant
1395 565 1446 618 iu
1480 563 1622 632 lege.
1656 562 1733 616 sic
1756 561 1981 615 dicens:

411 663 513 729 Qui
553 662 750 717 irritam
795 661 908 730 fecit
951 660 1108 730 legem
1139 657 1332 723 Hosis,
1363 657 1473 711 sine
1512 653 1857 708 misericordia
1895 652 1990 708 sub

409 753 605 810 duobus
632 751 710 806 uel
736 751 888 804 tribus
909 750 1111 804 testibus
1139 749 1351 802 moritur
1376 762 1397 802 :
1423 756 1610 817 quaqu
1628 787 1644 811 ,
1672 744 1885 810 putatis,
1905 743 1993 796 de-

413 843 585 898 teriori
625 842 872 912 supplicio
918 841 1100 910 dignus
1143 838 1405 892 habebitur
1431 837 1517 908 qui
1532 836 1733 894 Filium
1750 833 1845 888 Dei
1867 849 1993 888 con-

412 934 659 996 culcavit,
685 943 731 986 et
756 932 1048 1001 sanguinem
1088 928 1368 983 testamenti
1406 942 1717 981 communem
1741 926 1997 978 existim-

414 1028 483 1080 sit
513 1025 694 1097 (Hebr.
728 1025 814 1079 10.
843 1024 934 1078 9.8.
955 1023 1073 1094 '29)?
1101 1023 1165 1075 lit
1194 1036 1393 1087 rursus,
1425 1034 1520 1074 eos
1547 1019 1636 1089 (lui
1656 1028 1778 1073 ante
1804 1018 1994 1087 legem,

419 1121 484 1173 iis
504 1118 591 1188 qui
623 1118 674 1171 in
715 1118 831 1186 lege
860 1113 1172 1184 transgressi
1198 1123 1340 1179 sunt,
1387 1110 1578 1166 minori
1618 1110 1877 1179 supplicio
1917 1107 2001 1162 di-

420 1224 552 1281 gnos
577 1223 696 1265 esse
716 1208 1022 1271 ostendens,
1050 1207 1378 1275 Quicumque,
1405 1203 1593 1273 inquit,
1624 1202 1732 1256 sine
1754 1201 1861 1272 lege
1887 1216 2003 1270 pec-

422 1308 660 1354 caverunt
681 1340 697 1364 ,
729 1300 835 1353 sine
869 1298 977 1368 lege
1023 1296 1252 1366 peribunt
1297 1295 1469 1367 (Rom.
1507 1294 1560 1348 2.
1598 1293 1720 1362 12);
1752 1293 1852 1347 hoc
1879 1300 1962 1347 est
1985 1330 1999 1354 ,

426 1391 625 1452 mitius,
657 1399 714 1444 ut
739 1390 824 1459 qui
856 1388 1026 1459 legem
1069 1403 1173 1443 non
1204 1386 1436 1442 habeant
1460 1383 1839 1440 accusatricem
1865 1425 1880 1448 ,
1908 1381 2005 1437 sed

427 1490 670 1535 naturam
695 1489 897 1534 tantum
924 1497 936 1532 :
968 1478 1283 1546 Quicumque
1306 1484 1473 1530 autem
1499 1477 1551 1529 in
1577 1476 1684 1547 lege
1711 1481 2005 1543 peccaruut,

428 1588 518 1642 per
544 1572 702 1642 legem
710 1569 1101 1639 judicabuutur;
1133 1569 1232 1623 hoc
1257 1579 1373 1634 est,
1405 1569 1660 1624 habentes
1710 1567 2008 1637 graviorem

431 1663 590 1716 etiam
617 1677 737 1716 cum
768 1671 954 1715 natura
984 1660 1155 1730 legem
1184 1660 1585 1715 accusatricem.
1625 1657 1868 1712 Decidam
1902 1673 2009 1709 me-

429 1753 529 1805 rito
552 1750 613 1804 ab
658 1753 873 1806 inimicis
915 1752 1038 1806 meis
1075 1752 1264 1805 inanis.
1311 1750 1363 1805 6.
1399 1749 1739 1823 Persequatur
1778 1750 2011 1804 inimicus

430 1845 654 1897 animum
698 1860 860 1897 meam
905 1853 951 1897 et
991 1844 1401 1913 comprehendat,
1434 1852 1481 1897 et
1510 1842 1766 1895 conculcet
1796 1842 1849 1895 in
1879 1851 2013 1894 terra

434 1935 587 1987 vitam
629 1950 827 2001 meam,
864 1944 910 1988 et
932 1933 1150 2004 gloriam
1192 1950 1353 1986 meam
1401 1933 1454 1986 in
1496 1931 1749 2003 puluerem
1776 1932 2010 1986 deducat.

444 2026 630 2080 Vidisti
657 2027 782 2095 justi
824 2025 1069 2080 ﬁduciam
1113 2032 1168 2080 et
1184 2024 1439 2094 optimam
1459 2021 1882 2078 conscientiam?
1904 2021 2017 2076 Nisi

439 2117 579 2171 enim
623 2116 779 2171 valde
817 2116 917 2170 sibi
965 2116 1304 2182 cauﬁdisset,
1339 2130 1445 2170 non
1486 2124 1623 2170 esset
1667 2113 1789 2168 talia
1819 2113 2019 2182 impre-

439 2218 606 2264 catus.

514 2302 855 2356 Mansuetudo
881 2301 1109 2355 Davidis.
1139 2330 1208 2340 —
1226 2299 1380 2367 Quod
1410 2309 1587 2355 autem
1614 2298 1742 2355 dicit
1769 2307 1849 2353 est
1873 2295 2019 2367 ejus-

446 2394 588 2448 modi
621 2411 633 2446 :
659 2392 714 2445 Si
745 2394 846 2448 feci
879 2394 1125 2462 injuriam
1145 2433 1159 2457 ,
1185 2393 1230 2446 si
1256 2406 1343 2446 me
1363 2392 1503 2445 ultus
1530 2405 1671 2455 sum,
1700 2389 1817 2444 haec
1839 2396 1894 2445 et
1933 2387 2023 2442 illa

442 2487 636 2556 patiar;
664 2486 715 2540 in
746 2487 978 2556 seipsum
1007 2485 1110 2541 fert
1133 2484 1472 2548 sententiam,
1501 2492 1556 2539 et
1586 2498 1689 2537 non
1714 2480 1945 2552 postulat
1968 2488 2024 2534 ut

436 2592 544 2651 pro
565 2575 722 2632 modo
749 2577 825 2633 rei
845 2576 1135 2647 judicelur,
1163 2576 1271 2629 imo
1304 2574 1478 2643 potius
1505 2582 1560 2627 ut
1588 2587 1745 2642 supra
1774 2571 2022 2625 meritum

449 2669 562 2723 luat
608 2683 793 2738 pinnas
822 2686 834 2722 :
862 2677 916 2723 et
954 2668 1185 2736 scipsum
1234 2665 1407 2720 reddit
1444 2665 1517 2718 illi
1563 2662 1822 2734 supplicio
1859 2662 2027 2716 obno~

447 2760 595 2813 Jtium
615 2799 630 2824 ,
659 2774 688 2811 a
718 2772 824 2827 quo
866 2759 1038 2827 ipsum
1070 2757 1152 2811 lex
1199 2755 1462 2826 prohibet.
1490 2753 1622 2809 Vide
1651 2762 1830 2807 autem
1854 2750 2026 2822 quod-

449 2864 572 2904 nam
594 2849 665 2903 sit
692 2848 818 2903 illud
851 2866 864 2902 :
893 2847 1165 2914 Decidam,
1196 2847 1397 2916 inquit,
1422 2844 1485 2898 ab
1513 2844 1737 2913 inimicis,
1760 2847 1886 2897 meis
1917 2843 2029 2896 ino-

451 2943 549 2996 uis.
590 2941 928 3009 Persequatur
956 2940 1191 2994 inimicus
1234 2941 1458 2994 animum
1499 2952 1661 2991 meam
1684 2977 1699 3001 ,
1725 2945 1770 2990 et
1806 2950 2031 3004 compre-

452 3035 672 3098 hendat,
704 3043 751 3088 et
775 3034 1031 3088 conculcet
1068 3032 1123 3086 in
1151 3042 1284 3086 terra
1322 3031 1474 3084 vitam
1519 3044 1715 3093 meam,
1746 3036 1793 3081 et
1815 3026 2032 3097 gloriam

452 3144 614 3181 meam
638 3127 689 3180 in
716 3126 969 3198 pulverem
989 3125 1223 3180 deducat.
1257 3123 1368 3179 l-Ioc
1395 3131 1498 3189 est,
1526 3121 1609 3176 Me
1636 3119 1913 3190 inglorium
1936 3158 1950 3182 ,
1978 3126 2034 3172 et.

455 3220 610 3276 bona:
634 3219 786 3274 lautae
806 3229 861 3273 et
887 3216 1298 3274 existimationis
1325 3223 1601 3285 expertem
1627 3210 1849 3283 perdat,
1877 3220 1932 3265 et
1957 3208 2032 3262 si-

458 3311 567 3367 mul
596 3326 717 3366 cum
746 3311 850 3365 vita
896 3324 1015 3365 mea
1059 3323 1233 3364 meam
1271 3322 1482 3378 quoque
1511 3306 1733 3377 gloriam
1772 3304 2031 3359 destruat.

455 3403 593 3470 Quid
617 3413 718 3466 est,
745 3402 812 3457 Et
839 3403 1056 3474 gloriam
1097 3418 1260 3456 meam
1283 3401 1336 3455 in
1357 3401 1612 3469 pulverem
1634 3398 1896 3453 deducat?
1922 3396 2037 3452 Hu-

458 3497 646 3562 miliet,
673 3495 948 3552 conculcet
978 3511 992 3549 :
1024 3494 1263 3561 Efﬁciar,
1295 3493 1485 3564 inquit,
1518 3493 1650 3547 meis
1681 3490 1913 3545 inimicis
1940 3506 2037 3545 ex—

460 3596 690 3658 pugnatu
711 3586 898 3640 facilis.
920 3584 1058 3653 Quid
1083 3585 1254 3654 possit
1273 3599 1393 3641 esse
1412 3584 1680 3639 Absalone
1704 3581 2036 3645 sceleratius,

459 3680 548 3749 qui
575 3690 801 3749 patrem,
832 3690 887 3734 et
915 3681 1073 3736 talem
1097 3689 1322 3750 patrem,
1343 3678 1476 3735 adeo
1502 3684 1836 3734 mansuetum
1858 3684 1913 3730 et
1938 3675 2041 3729 mi—

462 3780 567 3825 tem
594 3771 1032 3840 persequebatur,
1065 3787 1185 3826 cum
1207 3780 1347 3826 esset
1367 3769 1683 3839 impudicus,
1718 3767 1962 3838 petulans
1990 3777 2044 3820 et

460 3862 902 3917 contumeliosus?
931 3862 1067 3931 Quid
1097 3862 1265 3932 ergo?
1290 3877 1415 3916 num
1442 3861 1674 3916 reddidit
1694 3859 2041 3916 retribuenti-

466 3953 563 4008 bus
603 3953 653 4008 ei
702 3954 882 4008 mala?
904 3970 1027 4007 num
1059 3952 1276 4023 injurias
1302 3953 1567 4009 revocavit
1611 3953 1661 4006 in
1691 3950 2045 4006 memoriam?
2079 4000 2084 4003 _

463 4046 824 4117 Nequaquam.
877 4046 940 4100 Et
972 4047 1015 4101 si
1061 4047 1451 4101 examinaveris
1496 4045 1671 4102 Saulis
1719 4044 1993 4099 historiam
2024 4085 2041 4104 ,

465 4145 590 4191 tunc
633 4138 864 4192 maxime
889 4137 1093 4192 videbis
1135 4137 1280 4192 illam
1307 4151 1493 4192 vocem
1527 4151 1646 4192 esse
1671 4136 1867 4191 claram
1894 4143 1947 4189 et
1978 4134 2043 4189 il-

462 4232 708 4285 lustrem.
739 4229 873 4284 Cum
902 4230 1043 4284 enini
1066 4245 1187 4286 eum
1208 4272 1223 4296 ,
1256 4229 1347 4301 qui
1375 4240 1492 4300 post
1514 4229 1919 4285 innumerabilia
1949 4228 2044 4282 be—

468 4320 657 4377 neﬁcia
683 4363 700 4388 ,
737 4331 792 4376 et
835 4331 1067 4391 tropaea,
1097 4331 1153 4377 et
1187 4323 1437 4378 victorias
1478 4322 1528 4377 ei
1577 4322 1828 4391 injuriatn
1882 4321 2045 4376 faeie-

466 4421 596 4480 hat,
649 4414 867 4470 insidias
916 4414 1198 4479 tendebat,
1248 4423 1302 4470 et
1352 4413 1589 4485 quotidie
1626 4412 1875 4483 cupiebat
1925 4427 2046 4469 eum

465 4510 537 4567 de
563 4505 740 4561 medio
764 4505 951 4562 tollere
974 4548 988 4573 ,
1020 4507 1185 4561 semel
1211 4547 1225 4571 ,
1254 4506 1356 4571 bis,
1385 4514 1482 4571 ter,
1513 4516 1568 4561 et
1602 4520 1745 4575 saepe
1779 4504 2049 4560 dormien-

469 4610 616 4663 tem,
638 4609 691 4655 et
713 4608 979 4669 tamquam
1008 4603 1058 4654 in
1087 4614 1302 4655 carcere
1340 4600 1622 4664 inclusum,
1653 4609 1708 4653 et
1735 4596 2051 4653 satellitibus

476 4691 787 4747 destitutum
815 4691 867 4745 in
896 4706 1085 4746 atauus
1109 4693 1402 4760 accepisset
1420 4733 1436 4758 ,
1461 4691 1715 4761 multique
1744 4705 1865 4745 eum
1891 4689 2047 4758 jube-

473 4790 598 4837 rent
634 4781 877 4839 oceidere
921 4794 975 4837 et
1003 4783 1071 4838 de
1117 4782 1296 4839 medio
1344 4784 1558 4850 tollere,
1601 4782 1653 4838 ei
1694 4781 1966 4852 pepercit,
1999 4789 2054 4835 et

473 4878 607 4928 iram
635 4875 651 4904 ¹
680 4875 839 4941 vicit,
880 4874 1038 4943 idque
1065 4890 1184 4929 cum
1215 4875 1377 4930 sciret
1411 4890 1500 4939 se,
1531 4874 1577 4927 si
1615 4889 1736 4928 cum
1763 4872 2057 4928 dimitteret

474 4965 723 5035 hostem,
749 4977 804 5022 et
850 4968 1343 5023 irreconciliabilem
1390 4967 1660 5021 inimicum
1706 4980 1831 5021 esse
1872 4963 2056 5019 dimis-

474 5075 679 5113 surum.
723 5059 831 5115 Sed
880 5070 1056 5114 tamen
1100 5075 1274 5128 neque
1317 5059 1579 5115 memoria
1625 5048 2083 5126 prmteritorum,’

477 5170 579 5210 nec
603 5165 777 5210 metus
808 5153 1106 5207 futurorum
1132 5196 1147 5220 ,
1175 5170 1350 5224 neque
1379 5153 1543 5208 ullum
1578 5153 1720 5207 aliud
1749 5149 2052 5222 ejusmodi,

479 5263 601 5302 eum
647 5246 716 5301 ad
758 5247 903 5300 illam
948 5245 1147 5301 caedem
1188 5246 1497 5316 patrandam
1546 5245 1800 5315 impulit:
1830 5242 1923 5298 sed
1966 5256 2053 5295 sa-

461 5340 681 5409 .pientia
717 5354 844 5393 usus
864 5347 980 5403 est,
1008 5353 1229 5392 manum
1251 5337 1545 5400 continuit,
1578 5346 1633 5391 et
1659 5337 1789 5390 iram
1814 5333 2055 5389 refrena-

482 5435 589 5499 vit,
641 5432 929 5502 maluitque
975 5431 1264 5501 periculum
1304 5432 1485 5497 adire,
1531 5430 1738 5485 insidiis
1782 5427 1994 5497 appeti,
2026 5441 2056 5479 a

462 5527 650 5597 .patria
700 5536 755 5581 et
802 5526 1051 5581 libertate
1098 5525 1379 5589 excidere,
1423 5538 1582 5594 quam
1627 5522 1897 5576 inimicum
1923 5560 1937 5586 ,
1968 5519 2057 5587 qui

478 5619 622 5673 nulla
652 5618 719 5673 de
744 5633 899 5674 causa
929 5620 977 5673 ei
1002 5618 1347 5673 insidiabatur
1377 5652 1392 5683 ,
1430 5617 1518 5687 qui
1552 5624 1671 5685 post
1700 5610 2060 5667 innumerabi-

481 5710 549 5766 lia
590 5712 849 5767 beneﬁcia
883 5713 933 5766 ei
984 5721 1209 5765 mortem
1249 5708 1585 5775 moliebatur,
1629 5706 1873 5762 occidere
1914 5713 1966 5759 et
1991 5703 2058 5757 de

543 5888 562 5919 ί
597 5894 696 5938 Duo
716 5896 842 5949 Mss,
869 5886 1184 5947 desiderium,
1211 5899 1314 5951 pro,
1337 5887 1479 5939 iram.

2100 554 2275 611 medio
2303 553 2512 609 tollere.
2546 552 2623 607 Ex
2647 550 2824 607 multis
2844 564 3055 621 quoque
3082 548 3201 604 aliis
3227 556 3403 619 potest
3425 548 3674 618 cognosci

2094 645 2448 718 philosophus
2474 642 2591 713 ejus
2630 643 2839 698 animus
2863 660 2877 696 :
2901 651 2958 698 et
3002 640 3123 696 ideo
3162 641 3327 696 multa
3352 640 3452 695 sibi
3480 642 3679 711 impre-

2097 746 2270 801 cetur,
2300 749 2467 804 eaque
2493 733 2672 804 gravia
2699 748 2764 789 se
2782 732 3042 797 difﬁcilia,
3074 741 3131 786 ut
3157 747 3220 788 re
3247 730 3439 786 infecta
3471 732 3672 797 redeat,

2098 837 2158 883 ut
2197 826 2395 882 inimici
2430 826 2515 882 sui
2542 825 2651 881 sint
2676 824 2895 879 omnino
2941 824 3202 889 victores,
3231 832 3288 877 ut
3308 822 3567 877 moriatur
3593 823 3679 877 iu-

2099 918 2338 988 glorius,
2371 923 2431 970 ut
2477 916 2577 972 hoc
2624 916 2855 986 patiatur
2894 913 2965 969 ab
3010 913 3271 981 inimicis,
3309 913 3450 984 quod
3475 913 3686 969 videtur

2102 1025 2223 1065 esse
2248 1016 2421 1064 morte
2443 1008 2613 1063 multo
2640 1007 2892 1078 gravius;
2921 1005 3040 1061 ideo
3068 1005 3196 1060 nihil
3220 1021 3327 1059 non
3356 1005 3594 1071 molitur,
3625 1016 3684 1060 ut

2104 1109 2226 1171 post
2270 1109 2494 1155 mortem
2533 1100 2704 1169 possit
2746 1099 2863 1169 ejus
2907 1113 3190 1169 superesse
3232 1098 3510 1153 memoria.
3555 1097 3688 1152 Vide

2106 1193 2264 1264 igitur
2292 1201 2421 1262 quot
2448 1191 2553 1247 sibi
2580 1193 2905 1262 imprecatnr
2933 1208 2947 1244 :
2982 1200 3039 1245 ut
3066 1190 3256 1244 frustra
3287 1189 3513 1255 laboret,
3537 1198 3597 1243 ut
3620 1189 3690 1243 ab

2106 1283 2338 1340 inimicis
2369 1284 2630 1350 vinCaIur,
2662 1293 2720 1336 ut
2762 1282 3039 1348 moriatur,
3069 1289 3129 1335 ut
3167 1296 3237 1335 ne
3275 1289 3444 1334 morte
3469 1278 3691 1349 quidem

2108 1374 2378 1431 connnnni
2396 1417 2410 1441 ,
2439 1385 2499 1430 ιιι
2536 1375 2653 1445 ejus
2679 1375 2840 1429 etiam
2894 1372 3148 1428 memoria
3178 1370 3440 1438 deleatur,
3467 1380 3524 1424 It
3562 1385 3688 1424 eum

2111 1468 2399 1538 ignominia
2433 1485 2447 1522 :
2479 1483 2584 1521 non
2628 1475 2705 1521 tot
2745 1475 2799 1520 et
2823 1472 2971 1519 tanta
3000 1463 3102 1518 sibi
3142 1462 3563 1532 imprecatus-us,
3588 1460 3689 1514 nisi

2111 1562 2452 1618 conscientia:
2478 1561 2821 1615 vehementer
2859 1556 3171 1613 conﬁderet.
3212 1555 3353 1621 Quot
3393 1554 3439 1608 si
3469 1553 3545 1608 illi
3577 1561 3693 1608 erat

2114 1654 2388 1719 inimicus,
2420 1666 2525 1706 non
2560 1658 2736 1721 potest
2773 1651 2829 1704 in
2868 1665 2989 1704 eum
3032 1647 3186 1717 culpa
3226 1645 3490 1711 conferri;
3512 1658 3691 1714 neque

2115 1747 2256 1802 enim
2288 1746 2401 1815 ipse
2420 1745 2649 1815 praebuit
2684 1743 3044 1798 occasionem.
3074 1740 3245 1808 Quam
3266 1739 3410 1793 enim
3435 1737 3587 1793 dedit
3628 1737 3691 1789 ﬁ-

2117 1839 2190 1895 lio
2213 1839 2547 1894 occasionem
2567 1836 2641 1906 (2.
2668 1836 2793 1906 Reg.
2836 1836 2923 1889 Η.
2954 1834 3015 1888 ﬁl
3030 1868 3047 1885 .
3068 1843 3119 1887 et
3141 1830 3308 1904 sqq.)?
3329 1846 3485 1901 quam
3515 1828 3695 1883 Sauli?

2118 1931 2234 1986 Non
2290 1931 2437 1985 illum
2464 1972 2478 1996 ,
2516 1944 2635 1983 cum
2663 1940 2834 1983 morte
2863 1927 3021 1995 digna
3060 1925 3306 1988 fecisset,
3360 1922 3427 1977 ad
3488 1931 3697 1991 tempus

2121 2026 2434 2094 castigatum
2479 2022 2689 2077 reduxit
2726 2028 2782 2076 et
2805 2019 3038 2075 restituit
3067 2036 3083 2073 :
3108 2016 3249 2072 hunc
3273 2024 3450 2071 autem
3472 2023 3698 2068 mortem

2121 2117 2171 2172 ei
2201 2116 2590 2171 machinantem
2614 2155 2630 2177 ,
2655 2115 2706 2167 in
2729 2126 2916 2166 manus
2935 2125 3060 2165 suas
3101 2123 3245 2178 stupe
3282 2107 3555 2177 delapsum
3583 2120 3700 2160 ser—

2124 2212 2266 2265 vavit
2312 2210 2389 2283 (l.
2416 2210 2544 2278 Reg.
2574 2209 2664 2263 ‘24.
2694 2208 2784 2277 7).
2828 2206 2945 2261 Non
2978 2218 3107 2273 ergo
3133 2202 3340 2271 respice
3367 2215 3432 2253 an
3459 2199 3704 2255 inimicos

2127 2301 2403 2366 habuerit,
2430 2299 2524 2355 sed
2559 2315 2626 2355 an
2667 2313 2760 2353 eos
2802 2297 2916 2367 ipse
2961 2295 3058 2349 sibi
3091 2294 3293 2350 fecerit.
3341 2291 3522 2361 Neque
3557 2289 3704 2346 enim

2127 2393 2372 2448 Christus
2411 2392 2515 2447 hoc
2553 2390 2748 2461 jussit,
2788 2403 2889 2443 nos
2926 2403 3030 2442 non
3080 2386 3277 2440 habere
3307 2384 3582 2448 inimicos,
3609 2381 3706 2436 sed

2130 2500 2236 2539 non
2264 2484 2480 2539 odisse:
2506 2482 2609 2537 hoc
2632 2482 2829 2551 quippe
2866 2489 2947 2535 est
2973 2480 3025 2532 in
3051 2486 3232 2532 nostra
3256 2483 3518 2545 potestate
3534 2516 3547 2537 ,
3576 2471 3709 2527 illud

2136 2590 2258 2630 vero
2304 2574 2539 2629 minime.
2572 2571 2651 2628 Ne
2692 2580 2868 2625 autem
2898 2569 3014 2623 sine
3057 2581 3220 2621 causa
3242 2565 3369 2620 odio
3394 2562 3704 2627 habeantur,

2132 2679 2239 2719 non
2276 2672 2359 2719 est
2385 2665 2441 2718 in
2485 2672 2668 2719 nostra
2704 2669 2966 2730 potestate
2987 2697 3005 2720 ,
3029 2658 3121 2712 sed
3150 2657 3201 2710 in
3231 2670 3417 2710 eorum
3446 2656 3537 2723 qui
3579 2652 3710 2709 ode.

2135 2765 2276 2810 runt.
2326 2754 2554 2826 improbi
2599 2755 2744 2809 enim
2790 2753 2958 2806 bonos
3005 2749 3149 2803 nulla
3195 2749 3414 2802 omnino
3454 2746 3523 2800 de
3550 2759 3711 2800 causa

2134 2849 2315 2903 odisse
2353 2859 2703 2900 consuevere.
2753 2842 2962 2898 Etenim
3009 2841 3278 2894 Christum
3332 2851 3542 2908 quoque
3593 2835 3713 2890 sine

2135 2955 2291 2997 causn
2318 2940 2445 2995 odio
2471 2939 2789 3000 habuerunt,
2818 2933 3262 3006 quemadmodum
3285 2931 3415 2985 dicit
3442 2948 3455 2984 :
3484 2928 3716 2983 Oderunt

2138 3048 2218 3086 me
2259 3031 2415 3102 gratis
2444 3028 2622 3099 (Joan.
2651 3028 2737 3083 l5.
2769 3026 2881 3096 25).
2915 3025 2981 3079 Et
3018 3022 3243 3093 apostoli
3285 3021 3583 3076 habuerunt
3611 3018 3716 3073 ini-

2139 3121 2309 3178 micos
2346 3118 2851 3190 pseuduapostolos,
2894 3125 2946 3170 et
2989 3113 3260 3184 propheta:
3291 3111 3450 3165 falsos
3478 3108 3713 3181 prophe-

2139 3221 2242 3272 tas.
2267 3212 2383 3267 Non
2401 3218 2486 3266 est
2507 3211 2649 3266 enim
2671 3209 2774 3264 hoc
2801 3205 3172 3277 spectandum,
3204 3214 3262 3257 ut
3295 3217 3401 3257 non
3429 3200 3721 3256 habeamus

2142 3306 2386 3360 inimicos
2405 3345 2421 3370 ,
2449 3303 2542 3359 sed
2565 3317 2635 3358 ne
2652 3302 2812 3372 juste,
2844 3308 2899 3355 et
2923 3313 2991 3354 ne
3018 3313 3137 3353 cum
3165 3310 3355 3361 causa;
3387 3304 3545 3364 atque
3566 3302 3621 3347 ut
3647 3292 3718 3347 li-

2142 3408 2230 3453 cet
2256 3396 2448 3453 millies
2476 3394 2600 3449 odio
2639 3393 2947 3458 habeamur,
2980 3404 3086 3444 non
3114 3388 3402 3443 habeamus
3440 3385 3566 3440 odio
3587 3423 3604 3450 ,
3626 3398 3724 3438 ne-

2145 3506 2248 3562 que
2277 3503 2584 3545 aversemur
2613 3505 2627 3539 :
2660 3487 2710 3541 in
2742 3485 2845 3540 hoc
2878 3484 3021 3539 enim
3064 3481 3351 3536 inimicitiae
3394 3477 3724 3543 consistunt,

2146 3592 2206 3637 ut
2245 3582 2370 3636 odio
2409 3580 2695 3634 habeamus
2711 3619 2727 3643 ,
2751 3586 2808 3632 et
2846 3589 3173 3631 averscmur.
3198 3569 3421 3638 Quando
3443 3583 3573 3638 ergo
3598 3566 3725 3622 odio

2148 3672 2370 3738 habeor,
2398 3680 2452 3727 et
2488 3669 2613 3725 odio
2656 3683 2764 3723 non
2792 3666 2990 3730 habeo,
3017 3664 3108 3718 ille
3147 3676 3235 3717 me
3280 3661 3549 3716 inimicum
3575 3700 3589 3724 ,
3616 3672 3725 3713 non

2146 3780 2247 3835 ego
2286 3779 2408 3819 eum
2439 3762 2628 3817 habeo.
2667 3758 2891 3827 Quando
2928 3756 2977 3812 ei
3021 3756 3159 3811 bene
3203 3766 3416 3823 precor,
3442 3748 3725 3820 quandoei

2148 3858 2268 3912 volo
2324 3853 2670 3918 benefacere,
2702 3849 2968 3922 quomodo
3016 3861 3116 3919 ego
3146 3845 3219 3900 illi
3260 3858 3377 3898 sum
3428 3839 3725 3897 inimicus?

2154 3948 2440 4015 Propterea
2482 3943 2691 3998 dicebat
2734 3940 2928 3996 Paulus
2961 3936 3060 3993 :Si
3091 3934 3329 4006 possibile
3363 3942 3434 3987 est
3459 3972 3475 3996 ,
3497 3940 3557 3984 ut
3573 3938 3646 3983 est
3671 3928 3727 3980 in

2150 4037 2306 4105 vobis,
2335 4053 2446 4090 cum
2474 4034 2701 4089 omnibus
2743 4029 3025 4085 hominibus
3074 4041 3249 4096 pacem
3286 4022 3520 4077 habentes
3547 4020 3726 4090 (Reus.

2154 4128 2242 4183 1‘2.
2276 4128 2381 4196 18).

2223 4219 2276 4274 6.
2307 4218 2510 4272 Inimici
2536 4214 2784 4286 quomodo
2814 4208 3349 4282 placandi.—Nostra
3378 4220 3509 4276 ergo
3538 4202 3730 4259 affera-

2140 4326 2292 4378 .mus,
2320 4321 2373 4367 et
2397 4326 2463 4364 ex
2491 4309 2594 4364 hoc
2631 4310 2746 4378 ipso
2777 4304 3126 4360 sufﬁcientem
3171 4299 3379 4355 laudem
3414 4296 3728 4353 referemus.

2153 4405 2408 4471 Quasnam
2449 4407 2575 4456 sunt
2623 4407 2802 4453 autem
2854 4394 3070 4450 nostra?
3112 4390 3179 4448 Ut
3207 4388 3354 4445 verbi
3399 4386 3569 4458 gratia
3602 4403 3616 4440 :
3644 4384 3733 4439 hic

2155 4495 2278 4550 odio
2303 4503 2353 4548 te
2376 4491 2571 4555 habet,
2601 4498 2656 4545 et
2684 4488 2994 4558 impugnat?
3025 4485 3105 4540 Tu
3132 4497 3250 4538 ama
3270 4522 3286 4545 ,
3313 4489 3368 4535 et
3390 4495 3515 4535 eum
3534 4475 3734 4533 beneﬁ-

2156 4589 2241 4644 cio
2274 4585 2448 4640 attice.
2482 4583 2697 4639 Probris
2721 4590 2777 4636 et
2804 4577 3103 4634 maledictis
3128 4573 3373 4646 appetit?
3401 4571 3482 4625 Tu
3510 4568 3735 4626 benedie

2159 4692 2214 4738 et
2234 4680 2410 4737 lauda.
2435 4678 2540 4734 Sed
2568 4692 2635 4732 ne
2663 4676 2739 4729 sic
2762 4671 2975 4743 quidem
3015 4669 3177 4725 solvit
3202 4663 3545 4721 inimicitias?
3571 4660 3736 4731 Majo-

2160 4788 2274 4828 rem
2305 4771 2467 4840 igitur
2491 4768 2583 4822 tibi
2611 4765 2767 4821 affert
2793 4762 3118 4818 mercedem.
3141 4757 3261 4812 Mali
3285 4757 3428 4811 enim
3451 4797 3465 4821 ,
3487 4767 3594 4824 quo
3618 4767 3740 4807 ma-

2158 4865 2240 4935 gis
2269 4879 2296 4916 a
2322 4861 2477 4917 nobis
2512 4856 2777 4913 observati
2804 4853 3037 4909 libellum
3073 4850 3263 4905 nolunt
3285 4859 3643 4917 componere,
3674 4857 3741 4895 eo

2161 4954 2316 5009 nobis
2342 4949 2754 5021 splendidiorem
2798 4941 3278 4999 remunerationem
3308 4943 3659 5006 comparant,
3687 4942 3745 4986 et

2162 5042 2466 5099 sereddunt
2519 5037 2911 5093 imbecilliores.
2960 5033 3059 5102 Qui
3109 5030 3252 5087 enim
3293 5029 3418 5083 odio
3454 5025 3645 5087 habet,
3687 5033 3744 5077 et

2165 5151 2269 5190 non
2297 5132 2693 5197 reconciliatur,
2726 5127 2971 5199 liquescit
2990 5167 3004 5191 ,
3039 5123 3297 5185 tabescit,
3329 5133 3387 5176 et
3409 5121 3465 5174 in
3486 5126 3745 5190 perpetuo

2154 5225 2307 5282 bello
2342 5230 2621 5279 versatur:
2645 5220 2734 5290 qui
2770 5227 3056 5274 estautem
3094 5214 3175 5268 his
3207 5212 3327 5269 telis
3350 5210 3612 5280 superior,
3639 5215 3749 5263 stat

2150 5324 2404 5373 remotus
2450 5329 2480 5368 a
2526 5311 2731 5381 magnis
2777 5305 3220 5376 tempestatibus,
3269 5312 3327 5357 et
3374 5299 3580 5368 sibiipsi
3621 5307 3747 5352 ante

2166 5411 2313 5465 illum
2340 5406 2568 5462 maxime
2591 5403 2821 5474 prodeSt,
2856 5402 2980 5455 dum
3004 5398 3180 5453 studet
3200 5397 3275 5451 illi
3301 5391 3673 5454 reconciliari,
3694 5399 3751 5443 et

2158 5517 2272 5555 non
2299 5514 2419 5553 cum
2436 5512 2503 5552 eo
2529 5496 2727 5551 bellum
2749 5507 2971 5563 genere,
2996 5489 3229 5557 seipsuut
3266 5499 3294 5537 a
3327 5484 3471 5538 bello
3498 5492 3553 5536 et
3576 5494 3748 5549 pugna

2167 5593 2418 5646 liberans.
2444 5587 2731 5657 Fugiamus
2764 5598 2892 5653 ergo
2924 5597 3044 5637 cum
3071 5580 3188 5634 aliis
3215 5577 3410 5632 bellum
3439 5587 3628 5643 gerere
3648 5613 3664 5636 ,
3693 5577 3753 5626 es

2166 5682 2472 5754 huiusmodi
2502 5695 2678 5736 rerum
2705 5677 2939 5731 radicem
2965 5673 3034 5728 de
3065 5670 3243 5725 medio
3264 5667 3534 5728 tollamus,
3557 5678 3748 5719 vanam

2167 5779 2424 5849 gloriam,
2456 5784 2509 5829 et
2532 5774 2825 5827 avaritiam.
2857 5767 2953 5821 Vel
2973 5765 3113 5820 enim
3144 5770 3358 5833 propter
3385 5760 3632 5829 pecunias
3672 5765 3754 5809 est

2173 5848 2414 5929 inimicus
2439 5865 2700 5936 quispiam
2725 5902 2740 5929 ,
2768 5859 2852 5917 vel
2880 5866 3092 5929 propter
3124 5868 3310 5910 vanam
3333 5851 3573 5923 gloriam.
3602 5848 3755 5915 Quod
