4074 6356
375 443 444 500 ιιι
1125 473 1132 478 -
1533 437 1900 508 βχροειτιο
1939 441 1942 491 1

2048 439 2369 496 PSAUIUM
2405 439 2511 496 VII.
2793 462 2816 483 ι
3547 431 3622 484 83

373 557 609 612 δείκνυσι
627 556 737 611 τῶν
755 557 815 611 ἐν
843 557 919 628 τῷ
949 557 1097 628 νόμῳ
1117 556 1542 626 διαμαρτόντων,
1564 555 1706 609 οὕτω
1734 555 1905 624 λέγων
1922 571 1935 585 ·

390 650 713 717 Ἀθετήσας
745 667 835 716 τις
865 651 1053 719 νόμον
1076 647 1390 714 Μωϊττέως,
1422 648 1600 717 χωρὶς
1630 644 1947 715 οἰκτιρμῶν

374 741 474 795 ἐπὶ
505 741 691 796 δυσὶν
719 742 758 810 ἢ
809 743 967 814 τρισὶ
986 741 1288 810 μάρτυσιν
1317 740 1686 806 ἀποθνήσκει
1710 758 1723 772 ·
1755 741 1944 804 πόσῳ,

376 831 623 898 δοκεῖτε,
647 834 920 901 χείρονος
936 833 1330 898 ἀξιωθήσεται
1345 832 1621 901 τιμωρίας
1636 835 1668 885 ό
1681 831 1788 885 τὸν
1812 833 1948 884 Υὶὸν

375 924 484 978 τοῦ
511 924 662 979 Θεοῦ
684 924 1132 991 καταπατήσας.
1155 926 1252 978 καὶ
1277 924 1344 978 τὸ
1370 920 1514 993 alga
1528 923 1638 992 τῆς
1657 921 1949 990 διαθήκης

375 1016 586 1069 κοινὸν
616 1015 1037 1085 ἡγησάμενος
1063 1017 1172 1069 Καὶ
1195 1015 1354 1068 πάλιν
1385 1016 1510 1077 τοὺς
1538 1014 1644 1085 πρὸ
1659 1014 1750 1067 τοῦ
1782 1013 1948 1083 νόμου

378 1106 658 1170 ἐλάττονος
693 1107 908 1170 δεικνὺς
934 1109 1204 1180 τιμωρίας
1232 1107 1413 1172 ἀξίους
1437 1107 1594 1169 ὄντας
1640 1107 1744 1158 τῶν
1771 1107 1827 1158 ἐν
1870 1105 1946 1175 τῷ

375 1198 523 1269 νόμῳ
576 1199 964 1268 παραϐάντων,
1012 1199 1177 1254 Ὅσοι
1203 1239 1216 1262 ,
1254 1199 1436 1268 φησὶν.
1481 1197 1715 1265 ἀνόμως
1752 1196 1942 1266 ἢμιιρο

374 1307 500 1352 tor,
552 1289 787 1358 ἀνόμως
832 1289 931 1344 καὶ
985 1289 1393 1345 ἀπολοῦνται·
1436 1290 1742 1354 τουτέστιν,
1802 1291 1940 1359 ἡμε-

377 1377 627 1452 ρώτερον,
679 1380 777 1432 οὐκ
825 1380 1035 1451 ἑχοντες
1081 1380 1173 1435 τὸν
1221 1382 1383 1451 νόμον
1433 1383 1756 1452 κατήγορον,
1807 1379 1942 1434 ἀλλά

374 1472 474 1540 τήν
527 1471 688 1540 φύσιν
741 1473 937 1542 μόνον’
992 1475 1154 1528 Ὅσοι
1214 1472 1281 1526 δὲ
1329 1474 1400 1528 ὲν
1447 1474 1608 1542 νόμῳ
1657 1472 1941 1541 ἥμαρτον,

373 1563 472 1615 διὰ
531 1565 716 1632 νόμου
772 1565 1198 1634 κριθήσονταιο
1260 1566 1535 1628 τουτέστι,
1609 1564 1941 1635 βαρύτερον,

373 1653 588 1723 ἔχοντες
619 1653 757 1725 μετά
798 1655 898 1726 τῆς
931 1655 1144 1725 φύσεως
1189 1657 1284 1710 καὶ
1313 1655 1402 1710 τὸν
1439 1657 1600 1727 νόμον
1629 1655 1742 1727 [57]
1779 1655 1946 1725 κατή-

372 1765 556 1819 γορον.
604 1751 980 1821 Ἀποπέσοιμι
1011 1751 1125 1818 ἄρα
1157 1751 1275 1805 ἀπὸ
1302 1750 1420 1804 τῶν
1445 1748 1674 1818 ἐχθρῶν
1701 1767 1820 1819 μου
1857 1765 1947 1803 κε-

371 1843 498 1906 νός.
525 1840 889 1906 Καταδιώξαι
915 1842 1029 1910 ἄρα
1073 1846 1106 1896 ό
1147 1842 1358 1912 ἐχθρὸς
1387 1842 1504 1910 τὴν
1551 1840 1761 1910 ψυχήν
1797 1857 1940 1908 μου,

372 1933 470 1986 καὶ
498 1933 838 1998 καταλάϐοι,
869 1937 965 1988 καὶ
983 1935 1398 2004 καταπατῆσαι
1416 1937 1503 2000 είς
1521 1933 1640 2004 γῆν
1657 1932 1771 2001 τὴν
1794 1931 1944 1999 ζωήν

365 2040 508 2093 μου,
538 2027 632 2079 καί
665 2026 779 2094 τὴν
801 2027 988 2090 δόξαν
1011 2045 1130 2096 μου
1159 2029 1244 2093 είς
1273 2027 1424 2096 χοῦν
1457 2023 1940 2092 κατασκηνώσαι.

373 2109 526 2176 Εἶδες
558 2117 870 2188 παρρησίαν
909 2118 1138 2182 δικαίου,
1177 2120 1271 2171 καλ.
1311 2118 1531 2188 ἄριστον
1576 2117 1844 2182 συνειδός;
1879 2117 1941 2168 Εἰ

372 2206 482 2276 γὰρ
511 2206 586 2279 μὴ
616 2208 819 2281 σφόδρα
852 2209 1031 2280 ἐαυτῷ
1064 2210 1306 2282 ἐθάρρει,
1331 2211 1431 2263 οὐκ
1466 2210 1532 2264 διν
1556 2209 1782 2264 τοιαῦτα
1809 2210 1944 2277 ἐπη-

373 2299 528 2368 pii-co.

450 2496 514 2548 ⁸0
539 2495 594 2547 δὲ
633 2496 779 2563 λέγει
812 2496 1050 2550 τοιοῦτόν
1083 2498 1263 2550 ἐστιν’
1285 2497 1622 2568 Είήδίκησα,
1655 2497 1706 2548 εί
1731 2495 1941 2566 ἠμυνά-

375 2601 505 2656 μην,
532 2586 599 2640 τὰ
629 2588 724 2639 καὶ
753 2586 820 2640 τὰ
845 2588 1101 2658 πάθοιμι·
1137 2591 1228 2642 καὶ
1253 2587 1377 2642 καθ’
1411 2587 1606 2642 ἐαυτοῦ
1635 2586 1731 2658 τὴν
1763 2587 1941 2657 ψῆφον

372 2678 613 2747 ἐκφέρει,
634 2679 728 2731 καὶ
746 2680 845 2732 οὐκ
874 2679 1012 2746 ἀξιοῖ
1036 2679 1178 2734 κατά
1201 2681 1262 2734 τὸ
1287 2681 1482 2752 μέτρον
1511 2680 1784 2751 κριθῆναι,
1807 2680 1942 2734 ἀλλά

371 2769 553 2840 πολλῷ
586 2770 781 2840 μᾶλλον
810 2771 948 2841 ὑπὲρ
967 2773 1065 2842 τὴν
1099 2773 1254 2838 ἀξίαν
1281 2772 1480 2825 διδόναι
1511 2772 1608 2843 τὴν
1639 2773 1821 2842 δίκην·
1847 2772 1945 2824 καὶ

372 2861 670 2915 ὑπεύθυνον
716 2863 906 2914 ἑαυτὸν
951 2865 1093 2916 ποιεῖ
1132 2862 1369 2926 κολάσει,
1399 2859 1466 2935 ἧς
1512 2864 1539 2915 ὁ
1576 2863 1737 2932 νόμος
1783 2863 1941 2916 αὐτὸν

372 2955 565 3023 εῖργει.
617 2955 726 3006 Καὶ
771 2955 871 3024 ὅρα
916 2955 1044 3009 ποία
1085 2957 1257 3026 αὐτή·
1305 2953 1712 3024 Ἀποπέσοιμι,
1756 2955 1938 3026 φησὶν,

371 3044 487 3096 ἀπὸ
532 3042 652 3096 τῶν
693 3040 920 3112 ἐχθρῶν
945 3063 1064 3114 μου
1107 3043 1295 3111 κενός,
1344 3042 1712 3108 Καταδιώξαι
1755 3043 1869 3111 ἄρα
1908 3046 1941 3097 ό

373 3136 583 3204 ἐχθρὸς
616 3135 731 3202 τὴν
769 3137 981 3206 ψυχήν
1017 3155 1155 3207 μου,
1193 3138 1288 3191 καὶ
1320 3135 1668 3200 καταλάϐοι,
1703 3137 1801 3191 καὶ
1835 3153 1939 3190 κα-

373 3227 710 3291 ταπατῆσαι
745 3230 830 3292 εις
857 3228 974 3297 γῆν
1002 3227 1116 3295 τὴν
1150 3227 1303 3297 ζωή-ν
1320 3246 1459 3298 μου,
1490 3230 1588 3282 καὶ
1611 3227 1726 3298 τὴν
1753 3229 1943 3293 δόξαν

372 3334 487 3384 μου
528 3320 617 3381 εἰς
661 3317 815 3386 χοῦν
864 3319 1348 3387 κατασκηνώσαι.
1383 3320 1692 3384 Τουτέστιν,
1725 3322 1940 3391 ἄτιμον,

371 3407 657 3479 ἀνώνυμον
689 3409 993 3475 ἀπολέσειε,
1029 3409 1168 3480 μετά
1196 3411 1295 3481 τῆς
1323 3409 1468 3480 ζωῆς
1493 3429 1592 3481 μου
1617 3412 1710 3464 καὶ
1737 3412 1831 3483 τὴν
1857 3413 1944 3465 δό-

371 3499 470 3563 ξαν
514 3517 614 3569 μου
655 3499 999 3572 διαφθείρειε.
1051 3503 1114 3554 Τί
1145 3503 1280 3564 ἐστι,
1317 3503 1427 3555 Καὶ
1458 3502 1572 3570 τὴν
1596 3501 1779 3564 δόξαν
1821 3518 1940 3569 μου

368 3591 458 3652 εἰς
490 3589 649 3657 χοῦν
700 3591 1196 3657 κατασκηνώσεις
1249 3591 1615 3652 Ταπεινώσαι,
1670 3594 1939 3661 πατήσαι·

369 3681 632 3752 γενοίμην
660 3681 875 3752 ἕτοιμος
905 3685 1018 3745 τοῖς
1063 3682 1296 3754 ἐχθροῖς,
1347 3683 1500 3754 φησί.
1543 3684 1607 3736 Τί
1640 3684 1832 3752 γένοιτ’
1877 3684 1943 3737 ἂν

373 3771 714 3844 μιαρώτερον
742 3772 836 3825 τοῦ
879 3773 1252 3842 Ἀϐεσσαλὼμ,
1281 3776 1427 3837 ὅστις
1448 3775 1680 3845 πατέρα,
1712 3775 1807 3828 καὶ
1837 3793 1942 3827 πα-

369 3863 503 3931 τέρα
535 3863 795 3927 τοιοῦτον,
825 3863 995 3927 οὕτως
1028 3866 1233 3936 ἥμερον
1285 3867 1378 3917 καὶ
1420 3866 1658 3936 ἐπιεικῆ,
1690 3865 1932 3929 ἐδίωκεν,

371 3951 609 4021 ἀσελγὴς
637 3951 712 4006 ὢν
741 3952 832 4005 καὶ
848 3953 1144 4015 ἀκόλαστος
1173 3954 1267 4004 καὶ
1293 3953 1670 4024 ὑϐριστής;Τί
1701 3950 1793 4024 οὖν
1816 3955 1944 4019 ;οὐκ

371 4040 622 4093 ἀπέδωκε
653 4042 765 4104 τοῖς
794 4041 1232 4094 ἀπαποδιδοῦσιν
1264 4042 1412 4112 αὐτῴ
1437 4043 1604 4107 κακὰ,
1636 4042 1753 4096 οὐδὲ
1779 4022 1946 4115 μνη-

377 4129 707 4198 σικὰκησενς
753 4129 1035 4200 Οὐδαμῶς.
1083 4131 1202 4184 Κάν
1233 4132 1493 4202 ἐξετάσῃς
1518 4131 1610 4185 τοῦ
1645 4132 1814 4186 Σαοὺλ
1845 4135 1946 4202 τὴν

379 4219 638 4288 ἱστορίαν,
670 4218 791 4270 τότε
826 4219 1057 4289 μάλιστα
1082 4221 1202 4290 ὕψει
1237 4220 1441 4290 ταύτην
1475 4221 1574 4293 τὴν
1603 4222 1786 4292 φωνὴν
1829 4223 1943 4276 δια-

375 4309 715 4378 λάμπουσαν.
747 4311 847 4364 Τὸν
873 4310 980 4381 γὰρ
1015 4311 1154 4380 μετὰ
1185 4312 1380 4382 μυρίας
1405 4314 1738 4385 εὐεργεσίας,
1763 4314 1855 4368 καὶ
1874 4313 1943 4368 τὰ

373 4405 628 4474 τρόπαια,
650 4404 861 4467 καὶτὰς
881 4405 1033 4466 νίκας
1057 4403 1364 4471 ἀδικοῦντα,
1386 4405 1478 4457 καὶ
1507 4404 1940 4470 ἐπιϐουλεύοντα,

373 4497 470 4549 καὶ
502 4496 714 4549 ἀνελεῖν
761 4495 883 4548 καθ’
919 4496 1155 4563 ἑκάστην
1185 4495 1554 4565 ἐπιθυμοῦντα
1581 4497 1680 4564 τὴν
1710 4495 1941 4567 ἡμέραν,

372 4585 555 4640 λαϐὼν
571 4588 652 4649 είς
669 4588 857 4657 χεῖρας
887 4587 982 4638 καὶ
1006 4586 1176 4651 ἆπαξ,
1207 4588 1300 4638 καὶ
1320 4587 1421 4650 δὶς,
1443 4585 1536 4638 καὶ
1559 4585 1816 4648 πολλάκις
1845 4603 1944 4639 κα-

371 4675 650 4738 θεύδοντα,
673 4678 767 4728 καὶ
797 4675 1045 4746 καθάπερ
1062 4677 1119 4729 ἐν
1138 4676 1494 4746 δεσμωτηρίῳ
1521 4676 1945 4747 συγκεκλεισμέ-

368 4785 482 4830 νον,
525 4769 621 4822 καὶ
648 4769 957 4839 δορυφόρων
991 4769 1214 4838 ἔρημον,
1248 4767 1456 4820 πολλῶν
1500 4768 1943 4837 ἐγκελευομένων

375 4859 575 4929 σφάξαι
620 4862 711 4912 καὶ
739 4861 966 4924 ἀνελεῖν,
997 4860 1268 4928 ἐφείσατο,
1302 4860 1396 4912 καὶ
1435 4861 1532 4928 τῆς
1561 4859 1728 4930 ὀργῆς
1778 4861 1945 4930 ἐκρά-

373 4969 506 5023 τησε
535 4959 578 5016 ⁸,
622 4953 716 5005 καὶ
742 4950 912 5006 ταῦτα
944 4951 1118 5014 εἰδὼς,
1145 4952 1223 5004 ὅτι
1255 4952 1411 5020 ἀφεὶς
1441 4951 1600 5004 αὑτὸν
1638 4951 1941 5020 διαφυγεῖν,

376 5045 636 5113 πολέμιον
689 5043 887 5111 ἀφήσει
931 5042 1107 5113 ἐαυτῷ
1140 5043 1234 5096 καὶ
1275 5041 1466 5114 ἐχθρὸν
1514 5042 1939 5097 ἀκατάλλακτον.

362 5135 523 5202 ,Ἃλλε
554 5135 704 5202 ὅμως
747 5132 870 5186 οὐτε
899 5136 932 5202 ἡ
977 5136 1160 5205 μνήμη
1196 5133 1305 5186 τῶν
1337 5133 1732 5204 παρελθόντων,
1755 5133 1877 5187 οὒτε
1914 5136 1942 5187 ὁ

373 5227 538 5295 φόϐος
566 5225 676 5280 τῶν
711 5225 1029 5297 μελλόντων,
1053 5224 1176 5277 οὔτε
1218 5224 1345 5278 ἄλλο
1381 5225 1489 5278 τῶν
1513 5223 1769 5278 τοιούτων
1792 5225 1942 5278 οὐδὲν

371 5319 453 5379 εις
486 5317 586 5386 τὴν
621 5316 842 5385 σφαγὴν
867 5315 1026 5367 αὐτὸν
1059 5314 1326 5384 ἐξήγαγεν
1345 5315 1558 5385 ἐκείνην
1579 5332 1592 5344 ·
1624 5315 1736 5368 ἀλλ’
1763 5317 1943 5384 ἐφιλο-

376 5404 551 5472 σόφει,
589 5406 682 5458 καὶ
719 5407 818 5476 τῆς
844 5405 1021 5476 χειρὸς
1050 5406 1290 5476 ἐκράτει,
1325 5407 1414 5459 καὶ
1440 5407 1530 5458 τὸν
1558 5405 1725 5475 θυμὸν
1765 5406 1941 5475 ἐχαλί-

374 5511 491 5561 νου,
520 5501 617 5550 καὶ
646 5501 831 5568 ᾑρεῖτο
852 5498 1176 5550 κινδυνεύειν
1207 5499 1298 5550 καὶ
1328 5497 1770 5551 ἐπιϐουλεύεσθαι
1807 5498 1942 5567 μᾶλ-

372 5588 484 5648 λον,
517 5590 613 5642 καὶ
640 5591 740 5659 τῆς
775 5590 1028 5660 πατρίδος
1057 5589 1224 5658 αὐτῆς
1250 5590 1500 5643 ἐκπεσεῖν
1530 5589 1624 5641 καὶ
1653 5589 1754 5656 τῆς
1788 5591 1940 5641 ἐλευ-

352 5679 582 5751 ⁵θερίας,
616 5680 649 5750 ἢ
684 5682 774 5733 τὸν
801 5679 992 5750 ἐχθρὸν
1017 5679 1109 5734 τὸν
1138 5680 1259 5750 εἰκῆ
1290 5679 1383 5732 καὶ
1419 5677 1594 5750 μάτην
1623 5678 1772 5749 αὐτῴ
1813 5679 1940 5731 ἐπι-

376 5831 750 5946 ώιῃιὲιέύὲιες.
777 5835 856 5884 καὶ
881 5841 962 5893 τῆς
986 5835 1227 5899 ἐπιθυμίας
1259 5836 1506 5901 ἐκράτησε.
1547 5836 1717 5888 Melior
1747 5837 1940 5889 videtur

2049 557 2394 624 δουλεύοντα,
2445 558 2535 611 τὸν
2578 557 2714 628 μετά
2746 556 2946 628 μυρίας
2979 550 3300 624 εὐεργεσίας
3349 546 3635 617 φονῶντα,.

2051 651 2250 719 σφάξαι
2281 651 2370 704 καὶ
2397 650 2623 704 ἀνελεῖν.
2654 650 2764 704 Καὶ
2790 649 2848 713 ἐξ
2875 647 3074 718 ἐτέρων
3097 645 3154 698 δέ
3186 642 3445 696 πλειόνων
3473 639 3626 692 ἐστιν

2054 743 2179 796 ἰδεῖν
2199 743 2298 814 τήν
2325 743 2610 813 φιλόσοφον
2639 741 2800 795 αὐτοῦ
2827 741 3064 794 διάνοιαν
3083 755 3098 769 ·
3121 736 3200 790 διὸ
3226 734 3320 788 καὶ
3349 732 3622 804 ἐπαρᾶται

2050 831 2197 901 αὐτῷ
2221 833 2390 886 πολλά
2416 835 2509 886 καὶ
2525 832 2754 903 χαλεπὰ,
2779 826 2888 884 οἷον
2905 831 2965 883 τὸ
2987 830 3263 900 ἄπρακτον
3285 824 3620 888 ἐπανελθεῖν,

2050 918 2114 970 τὸ
2147 920 2272 982 τοὺς
2305 920 2528 992 ἐχθροὺς
2550 924 2818 991 κρατῆσαι
2863 919 2998 990 μετὰ
3036 918 3236 987 πολλῆς
3281 915 3382 985 τῆς
3413 930 3620 984 παρουο

2054 1004 2172 1069 σίας
2203 1009 2387 1073 αὐτοῦ,
2432 1009 2492 1062 τὸ
2533 1008 2812 1079 ἀνώνυμον
2837 1008 3148 1069 ἀποθανεῖν,
3181 1007 3242 1058 τὸ
3275 1004 3427 1076 παρὰ
3457 1003 3626 1056 πολε-

2057 1099 2194 1168 μίων
2223 1100 2380 1152 τοῦτο
2418 1101 2631 1166 παθεῖν,
2662 1101 2690 1154 ὃ
2719 1101 2852 1155 πολὺ
2889 1100 2982 1153 τοῦ
3016 1099 3196 1153 θανεῖν
3244 1095 3622 1167 χαλεπώτερον

2052 1182 2399 1242 εἶναιδοκεῖ·
2438 1190 2517 1242 διὸ
2554 1192 2646 1242 καὶ
2683 1190 2851 1261 μυρία
2897 1190 3262 1259 μηχανήματα
3297 1187 3459 1250 ποιεῖ,
3486 1183 3621 1255 πρὸς

2050 1279 2111 1333 τὸ
2155 1280 2293 1348 μετά
2323 1283 2420 1350 τὴν
2466 1282 2725 1355 τελευτὴν
2774 1278 3233 1352 μνημονεύεσθαι.
3267 1278 3410 1346 Ὅρα
3444 1275 3627 1330 τοίνυν

2052 1371 2151 1423 ὅσα
2203 1373 2379 1444 ἐαυτῷ
2425 1375 2728 1444 ἐπαρᾶται·
2788 1372 2850 1425 τὸ
2901 1373 3140 1441 ἀνήνυτα
3168 1371 3370 1433 πονεῖν,
3410 1367 3471 1420 τὺ
3511 1365 3634 1438 [58]·

2057 1461 2161 1514 ὑπὸ
2203 1462 2309 1516 τῶν
2337 1463 2546 1535 ἐχθρῶν
2586 1462 2906 1535 ἡττηθῆναι,
2941 1461 3002 1514 τὸ
3048 1459 3358 1523 ἀποθανεῖν,
3388 1457 3451 1511 τὸ
3488 1456 3624 1528 μηδὲ

2051 1555 2198 1623 κοινῇ
2230 1555 2294 1624 τῇ
2325 1553 2579 1624 τελευτῇ,
2629 1554 2689 1607 τὸ
2721 1554 2816 1607 καὶ
2842 1553 2940 1623 τὴν
2973 1553 3194 1623 μνήμην
3227 1549 3389 1606 αὐτοῦ
3420 1550 3630 1614 ἐξοιλει⁸

2051 1643 2287 1712 φθῆναι,
2319 1645 2380 1697 τὸ
2427 1646 2564 1714 μετά
2593 1645 2818 1714 ἀτιμίας
2845 1661 2858 1674 ο
2917 1645 3018 1697 οὐκ
3059 1643 3126 1697 ἂν
3165 1642 3398 1696 τοσαῦτα
3446 1639 3625 1712 ἐαυτῷ

2049 1733 2463 1804 ἐπαρασάμενος
2485 1773 2498 1797 ,
2552 1735 2600 1787 εί
2635 1734 2711 1806 μὴ
2752 1735 2955 1805 σφόδρα
2988 1733 3204 1805 ἐθάρρει
3231 1731 3308 1802 τῷ
3339 1732 3622 1785 συνειδότι.

2049 1825 2113 1878 EE
2140 1825 2197 1878 δὲ
2229 1827 2419 1898 ἐχθρὸν
2448 1824 2616 1898 εἶχεν,
2644 1828 2797 1880 οὐδὲν
2826 1827 2984 1880 τοῦτο
3017 1826 3208 1897 ἐκείνῳ
3235 1826 3516 1896 ἔγκλημα·
3559 1824 3624 1876 οὐ

2051 1917 2159 1988 γὰρ
2181 1920 2340 1983 αὐτὸς
2369 1924 2593 1992 παρεῖχε
2620 1920 2811 1983 λαϐάς.
2839 1919 3005 1972 Ποίαν
3029 1918 3137 1990 γὰρ
3163 1917 3331 1987 λαϐὴν
3358 1918 3524 1970 ἔδωκε
3546 1914 3624 1985 τῷ

2050 2011 2238 2077 παιδί;
2269 2012 2426 2065 ποίαν
2457 2012 2535 2082 τῷ
2565 2012 2767 2078 Σαούλ;
2810 2012 2942 2081 Οὐχὶ
2964 2011 3053 2064 τὸν
3085 2013 3183 2081 μὲν
3212 2009 3338 2073 ἀξια
3359 2006 3626 2077 τιμωρίας

2051 2100 2352 2172 πράξαντα,
2393 2105 2527 2172 πρὸς
2570 2103 2758 2173 καιρὸν
2792 2101 3150 2174 σωφρονίσας,
3183 2102 3499 2170 ἐπανήγαγε
3530 2098 3624 2150 καὶ

2050 2191 2386 2263 ἀνεκτήσατο
2411 2211 2424 2223 ·
2477 2197 2565 2248 τὸν
2599 2196 2655 2248 δέ
2698 2196 2942 2265 φονῶντα
2972 2198 3093 2249 κατ’
3122 2193 3284 2248 αὐτοῦ
3305 2233 3320 2257 ,
3366 2192 3624 2254 πολλάκις

2049 2283 2129 2344 είς
2156 2286 2340 2352 χεῖρας
2373 2284 2549 2337 λαϐὼν
2581 2286 2838 2351 διέσωσε;
2877 2288 2966 2355 Μὴ
3005 2286 3184 2339 τοίνυν
3211 2285 3367 2338 τοῦτο
3410 2284 3620 2345 σκόπει,

2049 2376 2098 2426 εἰ
2119 2374 2344 2444 ἐχθροὺς
2372 2372 2532 2446 εἶχεν,
2561 2377 2674 2431 ἀλλ’
2697 2381 2744 2430 εἰ
2778 2378 2939 2441 αὐτὸς
2969 2379 3164 2440 αὐτοὺς
3194 2377 3617 2430 κατεσκεύασεν.

2050 2464 2186 2518 Οῠτε
2217 2465 2324 2536 γάρ
2366 2468 2395 2519 ὁ
2426 2467 2655 2538 Χριστὸς
2683 2468 2838 2522 τοῦτο
2866 2469 3140 2532 ἐκέλευσε,
3185 2467 3247 2521 τὸ
3282 2467 3354 2538 μὴ
3398 2466 3622 2537 ἐχθροὺς

2050 2555 2192 2626 ἔχειν
2213 2574 2226 2588 ο
2257 2557 2445 2611 τούτου
2471 2559 2578 2629 γὰρ
2608 2561 2708 2612 οὐκ
2732 2560 2897 2630 ἐσμὲν
2927 2560 3104 2630 κύριοι
3125 2578 3137 2590 ·
3174 2559 3308 2613 ἀλλὰ
3337 2559 3397 2610 τὸ
3427 2557 3499 2629 μὴ
3536 2575 3623 2627 μι-

2051 2650 2163 2700 σεῖν
2183 2662 2195 2674 ·
2227 2646 2416 2701 τούτου
2442 2650 2550 2720 γὰρ
2572 2652 2733 2720 ἡμεῖς
2767 2650 2964 2722 κύριοι,
2993 2650 3197 2703 ἐκείνου
3221 2649 3276 2702 δὲ
3298 2651 3357 2702 οὐ
3386 2650 3623 2710 πάντως.

2051 2737 2157 2792 Τοῦ
2189 2739 2245 2792 δὲ
2276 2741 2545 2808 μισεῖσθαι
2583 2743 2857 2812 εἰκῆ,κοὺκ
2884 2743 2942 2794 ἐν
2968 2743 3098 2811 ἡμῖν
3127 2744 3160 2811 ἡ
3187 2739 3402 2804 ἐξουσία
3422 2743 3624 2804 κεῖται,

2048 2829 2162 2882 ἀλλ’
2191 2832 2249 2884 ἐν
2285 2835 2397 2895 τοῖς
2433 2832 2670 2902 μισοῦσι.
2721 2836 2832 2887 Καὶ
2861 2834 2970 2903 γὰρ
3003 2835 3051 2886 οἱ
3079 2835 3306 2905 πονηροὶ
3331 2833 3458 2894 τοὺς
3488 2832 3624 2900 ἀγα·-

2050 2921 2176 2986 θοὺς
2211 2927 2388 2993 μισεῖν
2430 2926 2682 2979 εἰώθασιν
2710 2927 2831 2998 είκῆ
2876 2927 2971 2979 καὶ
3016 2929 3209 2997 μάτην.
3246 2928 3354 2981 Καὶ
3393 2926 3501 2997 γὰρ
3532 2925 3632 2978 καὶ

2047 3013 2139 3066 τὸν
2167 3015 2400 3085 Χριστὸν
2428 3017 2650 3085 ἐμίσουν
2677 3018 2820 3088 είκῆ,
2864 3016 3044 3080 καθὼς
3069 3017 3250 3087 λέγει’
3297 3015 3628 3087 Ἐμίσησάν

2042 3121 2120 3174 με
2145 3105 2388 3173 δωρεάν.
2448 3108 2557 3160 Καὶ
2603 3108 2651 3160 οί
2693 3107 2979 3160 ἀπόστολοι
3013 3107 3137 3170 τούς
3163 3105 3630 3177 ψευδαποστόλους

2048 3190 2191 3266 εἶχον
2220 3197 2466 3267 ἐχθροὺς,
2495 3198 2587 3250 καὶ
2617 3198 2666 3249 οἱ
2692 3197 2964 3269 προφῆται
2998 3198 3122 3261 τοὺς
3153 3197 3637 3268 ψευδοπροφήτας,

1981 3304 1984 3306 ⁷
2049 3289 2122 3340 Οὐ
2158 3287 2267 3359 γὰρ
2296 3287 2453 3341 τοῦτο
2482 3288 2561 3340 δεῖ
2609 3292 2866 3354 σκοπεῖν,
2919 3291 3067 3353 ὅπως
3107 3290 3180 3359 μὴ
3233 3289 3491 3358 σχοίημεν
3529 3289 3624 3358 ἐχ·

2050 3377 2246 3450 θροὺς,
2289 3379 2402 3432 ἀλλ’
2433 3381 2578 3443 ὅπως
2628 3379 2703 3452 μὴ
2748 3380 2992 3443 δικαίως,
3031 3379 3164 3450 μηδέ
3213 3377 3447 3446 εὐλόγως
3473 3394 3490 3409 θ
3531 3377 3628 3430 καὶ

2047 3472 2232 3535 ὅπως,
2281 3471 2385 3524 κᾶν
2420 3471 2680 3542 μυριάκις
2726 3470 3032 3542 μισώμεθα,
3073 3470 3146 3542 μὴ
3183 3470 3453 3541 μισῶμεν,
3493 3469 3628 3539 μηδέ

2049 3562 2515 3633 ἀποστρεφώμεθα
2536 3579 2550 3593 ·
2583 3563 2751 3634 ἔχθρα
2772 3563 2878 3635 γὰρ
2906 3562 3063 3615 τοῦτό
3081 3564 3218 3627 ἐστι,
3246 3561 3305 3614 τὸ
3330 3564 3504 3632 μισεῖν
3530 3559 3628 3613 καὶ

2047 3653 2508 3723 ἀποστρέφεσθαι.
2551 3655 2718 3708 Ὅταν
2769 3650 2860 3707 οὖν
2912 3653 3156 3724 μισῶμαι
3194 3653 3288 3705 καὶ
3336 3651 3410 3722 μὴ
3459 3650 3626 3721 μισῶ,

2049 3745 2252 3808 ἐκεῖνός
2286 3761 2352 3815 με
2396 3745 2606 3817 ἐχθρὸν,
2637 3747 2736 3799 οὐκ
2780 3745 2890 3814 ἐγὼ
2930 3745 3117 3798 τοῦτον
3162 3744 3290 3814 ἔχω.
3337 3745 3506 3796 Ὅταν
3537 3741 3626 3794 εὖ·

2049 3857 2260 3910 χωμαι,
2293 3841 2417 3892 ὅταν
2462 3840 2766 3910 εὐεργετεῖν
2800 3838 3106 3907 βούλωμαι,
3149 3837 3266 3900 πῶς
3311 3836 3402 3888 τὸν
3445 3835 3622 3887 τοιοῦ-

2047 3946 2139 3984 τον
2180 3930 2370 4001 ἐχθρὸν
2414 3930 2564 4000 Exn);
2615 3932 2711 3984 Διά
2759 3929 2918 3984 τοῦτο
2958 3932 2986 3983 ὁ
3021 3929 3234 3992 Παῦλος
3279 3928 3464 3996 ἔλεγεν
3501 3943 3513 3955 ·
3555 3926 3626 3978 Εἰ

2049 4019 2334 4084 δυνατὸν,
2386 4021 2452 4074 τὸ
2489 4021 2557 4088 ἐξ
2592 4021 2779 4093 ὑμῶν,
2825 4021 2975 4091 μετὰ
3017 4021 3258 4074 πάντων
3302 4017 3625 4086 ἀνθρώπων

2043 4114 2478 4182 εἰρηνεύοντες.

2107 4337 2181 4397 ς’.
2201 4331 2283 4385 Τά
2309 4332 2552 4403 ἡμέτερα
2580 4335 2757 4386 τοίνυν
2775 4334 3132 4405 είσφέρωμεν,
3156 4334 3248 4388 καὶ
3267 4332 3415 4405 αὐτῷ
3449 4335 3623 4404 τούτῳ

2048 4421 2321 4494 ἀρκοῦντα
2347 4424 2437 4476 τὸν
2466 4425 2678 4476 ἔπαινον
2707 4425 2920 4494 ἕξομεν.
2950 4424 3081 4476 Τίνα
3103 4424 3161 4477 δέ
3187 4427 3304 4482 ἐστι
3338 4425 3406 4476 τὰ
3431 4425 3624 4494 ἡμέτε-

2053 4530 2156 4584 ρα;
2193 4509 2315 4567 Οἷόν
2346 4532 2397 4567 τι
2428 4515 2570 4582 λέγω
2589 4533 2601 4546 ι
2651 4518 2799 4586 μισεῖ
2825 4518 2853 4568 ὁ
2882 4515 3026 4570 δεῖνα
3051 4518 3144 4569 καὶ
3173 4515 3497 4586 ἐκπολεμεῖ;
3548 4516 3625 4568 Σὺ

2050 4602 2195 4671 φίλει
2233 4605 2327 4657 καὶ
2370 4605 2668 4675 εὐεργέτει.
2723 4606 2962 4677 ’Υσρίζει
3008 4609 3101 4660 καὶ
3145 4607 3496 4676 λοιδορεῖται;
3549 4607 3622 4658 Σὺ

2049 4694 2261 4762 εὐλόγει
2310 4696 2404 4748 καὶ
2449 4696 2678 4749 ἐπαίνει.
2727 4698 2867 4751 Ἀλλ’
2908 4699 2967 4751 οὐ
3011 4699 3127 4751 λύει
3153 4698 3250 4767 τὴν
3280 4697 3476 4768 ἔχθραν
3503 4697 3623 4750 οὐδέ

2049 4785 2256 4850 οὓτως;
2305 4786 2513 4840 Οὐκοῦν
2548 4788 2769 4841 πλείονά
2800 4805 2880 4842 σοι
2929 4789 3110 4844 δίδωσι
3157 4788 3248 4842 τὸν
3303 4790 3511 4858 μισθόν.
3558 4788 3623 4842 Οἱ

2049 4877 2156 4948 γὰρ
2185 4879 2363 4943 κακοὶ,
2395 4880 2505 4950 ὅσῳ
2529 4880 2593 4932 ἂν
2617 4879 3042 4951 θεραπευόμενοι
3076 4880 3150 4950 μὴ
3188 4879 3497 4933 καταλύωσι
3529 4877 3622 4931 τὸν

2049 4971 2176 5023 πόλε
2186 4988 2303 5040 μον,
2327 4971 2710 5043 λαμπροτέρας
2733 4973 2863 5042 ἡμῖν
2889 4969 3206 5042 προξενοῦσι
3237 4970 3336 5033 τὰς
3365 4969 3619 5040 ἀμοιϐὰς,

2050 5063 2144 5116 καὶ
2201 5065 2424 5125 ἑαυτοὺς
2482 5063 2900 5134 ἀσθενεστέρους
2952 5062 3216 5116 ποιοῦσιν,
3273 5065 3332 5116 ‘0
3381 5063 3478 5132 μὲν
3512 5062 3620 5132 γὰρ

2053 5155 2244 5225 μισῶν,
2292 5156 2385 5208 καὶ
2418 5154 2492 5226 μὴ
2520 5155 2748 5208 διαλύων
2780 5155 2876 5226 τὴν
2909 5155 3107 5226 ἔχθραν
3127 5198 3140 5221 ,
3190 5157 3454 5225 τήκεται,
3504 5155 3621 5208 δια-

2049 5245 2367 5316 φθείρεται,
2415 5247 2654 5316 διηνεκεῖ
2704 5243 2836 5316 συζῇ
2904 5247 3164 5316 πολέμῳ·
3223 5247 3252 5296 ὁ
3304 5245 3360 5297 δέ
3416 5245 3624 5299 τούτων

2048 5337 2316 5407 ἀνώτερος
2360 5337 2469 5390 τῶν
2505 5336 2708 5406 βελῶν,
2763 5336 2868 5401 ἔξω
2907 5336 3016 5389 τῶν
3047 5336 3351 5408 τρικυμιῶν
3399 5336 3618 5407 ἕστηκε,

2047 5430 2142 5483 καὶ
2172 5429 2364 5484 ἑαυτὸν
2392 5430 2500 5499 πρὸ
2546 5428 2751 5482 ἐκείνου
2786 5428 2854 5482 τὰ
2889 5429 3121 5497 μέγιστα
3169 5427 3368 5496 ὠφελεῖ
3391 5466 3406 5490 ,
3454 5430 3513 5480 ἐν
3546 5427 3622 5498 τῷ

2049 5520 2368 5583 σπουδάζειν
2397 5520 2587 5590 ἐκείνῳ
2613 5518 3092 5581 καταλλάττεσθαι,
3126 5518 3220 5569 καὶ
3246 5518 3320 5588 μὴ
3345 5517 3618 5588 πολεμεῖν,

2046 5613 2235 5667 ἑαυτὸν
2285 5611 2641 5666 ἀπαλλάττων
2675 5611 2912 5681 πολέμου
2947 5610 3040 5662 καὶ
3092 5609 3290 5678 μάχης.
3328 5608 3621 5678 Φεύγωμεν

2045 5705 2224 5758 τοίνυν
2256 5703 2509 5773 πολεμεῖν
2550 5702 2789 5773 ἑτέροις,
2838 5701 2930 5753 καὶ
2960 5699 3058 5770 τήν
3091 5698 3243 5770 ῥίζαν
3280 5699 3482 5751 τούτων
3525 5699 3621 5750 ἀν-

2047 5796 2279 5866 έλωμεν,
2315 5795 2637 5861 κενοδοξίαν,
2670 5791 3053 5863 φιλαργυρίαν.
3106 5791 3178 5844 Ἤ
3218 5789 3326 5861 γὰρ
3372 5791 3459 5844 διὰ
3487 5792 3622 5860 χρή-

2052 5887 2198 5959 ματὰ
2240 5905 2322 5953 τις
2356 5887 2544 5959 ἐχθρός
2574 5889 2740 5956 ἐστιν,
2777 5885 2808 5958 ἥ
2843 5885 2928 5940 διὰ
2961 5884 3116 5949 δόξαν
3167 5885 3349 5956 κενήν.
3411 5882 3534 5940 Ἐὰν
3566 5881 3623 5936 δὲ
