4074 6356
1667 267 1699 275 -ο

354 419 422 476 ες
1508 415 1862 472 EXPOSITIO
1925 415 1934 471 1

2039 415 2348 471 PSALMUM
2381 415 2492 470 νη.

353 533 400 583 si
423 533 488 584 iis
506 527 767 584 fuerimus
792 527 1112 599 superiores,
1142 527 1302 583 etiam
1322 541 1386 582 ne
1407 541 1503 582 nos
1529 524 1930 596 apprehendant

353 621 668 685 Inimicitiae,
695 621 982 676 evademus
998 619 1319 688 superiores.
1335 617 1447 672 Etsi
1465 633 1590 688 ergo
1615 617 1930 671 contumelia

356 713 595 767 aliecerit
618 754 634 772 ,
681 727 873 782 magno
903 711 981 765 fer
1033 711 1209 765 animo
1237 726 1250 763 :
1283 709 1512 779 seipsum
1549 708 1685 762 enim
1711 749 1726 771 ,
1747 722 1854 761 non
1881 717 1932 762 te

354 804 534 859 affecit
581 803 794 871 injuria.
835 803 899 856 Et
942 803 986 856 si
1035 796 1386 870 percusserit,
1417 813 1483 853 ne
1519 799 1745 852 obsistas
1773 813 1787 850 :
1819 796 1931 863 ipse

355 897 500 950 enim
547 897 769 958 feritur,
801 904 852 949 te
878 908 1036 947 manu
1055 933 1071 958 ,
1096 892 1326 961 seipsum
1354 891 1430 946 ira
1474 889 1687 959 pulsans
1706 930 1720 954 ,
1751 897 1805 943 et
1832 887 1929 944 sibi

354 987 550 1040 malam
581 986 648 1040 ab
674 984 922 1040 omnibus
946 983 1389 1038 existimationem
1411 994 1742 1050 comparans.
1778 979 1928 1046 Quod

355 1079 399 1130 si
436 1079 446 1126 Ι
470 1092 547 1130 :ec
575 1077 669 1131 tibi
698 1076 943 1130 videntur
966 1089 1084 1129 esse
1109 1074 1362 1136 difficilia,
1406 1072 1506 1127 hoc
1532 1070 1666 1139 apud
1703 1079 1756 1125 te
1805 1085 1930 1123 CO'I-

355 1167 433 1221 sil
471 1183 530 1222 ra
564 1166 644 1222 :si
670 1166 787 1235 quis
822 1164 1050 1220 furiosus
1092 1175 1292 1218 veStem
1340 1170 1484 1216 tuam
1510 1161 1746 1230 undique
1794 1161 1931 1214 lace-

353 1261 487 1313 rarit
505 1299 520 1322 ,
543 1271 827 1329 quemnam
857 1256 1052 1313 dixeris
1093 1257 1242 1310 malis
1264 1254 1401 1310 afﬁci
1422 1295 1440 1322 ,
1466 1265 1589 1309 tene
1612 1255 1700 1323 qui
1747 1268 1930 1321 passus

355 1368 415 1402 es
442 1392 458 1412 ,
490 1367 555 1404 an
586 1349 729 1402 illum
759 1349 846 1418 qui
896 1347 1058 1402 fecit?
1100 1348 1310 1401 Clarum
1338 1357 1482 1400 certe
1511 1354 1593 1400 est
1617 1345 1756 1415 quod
1783 1343 1928 1398 illum

360 1441 498 1492 male
528 1438 769 1492 affectum
808 1453 926 1492 esse
967 1437 1201 1493 dicturus
1227 1439 1320 1491 sis.
1371 1435 1581 1506 Ergone
1605 1479 1620 1502 ,
1652 1435 1739 1489 ubi
1768 1436 1930 1489 vestis

359 1531 574 1598 quidem
597 1530 931 1597 discinditur,
947 1531 1032 1600 qui
1057 1531 1196 1594 fecit,
1215 1529 1453 1598 graviora
1472 1542 1653 1597 passus
1670 1536 1752 1582 est
1774 1542 1930 1596 quam

363 1624 406 1675 is
432 1625 519 1685 qui
551 1623 706 1675 laesus
737 1620 836 1674 fuit
864 1638 876 1672 ε
909 1621 994 1674 ubi
1015 1629 1190 1673 autem
1217 1635 1309 1674 cor
1340 1619 1600 1688 rumpitur
1620 1658 1634 1682 ,
1665 1617 1764 1671 hoc
1788 1618 1929 1670 enim

361 1715 489 1767 f.-ctt
515 1715 610 1774 ira,
644 1730 747 1766 non
780 1713 924 1766 illutn
953 1712 1196 1781 graviora
1226 1725 1345 1765 esse
1368 1724 1579 1778 passum
1608 1709 1814 1779 putabis
1839 1717 1924 1772 te,

359 1806 450 1872 qui
493 1822 560 1859 ne
588 1805 848 1859 tantillum
877 1805 1087 1874 quidem
1118 1819 1304 1873 passus
1326 1803 1428 1858 es?
1453 1802 1632 1873 Neque
1653 1805 1792 1856 enim
1829 1801 1930 1856 hoc

359 1899 558 1952 dixeris
582 1939 596 1963 ,
631 1899 776 1952 illum
819 1907 1020 1952 vestem
1060 1908 1203 1951 tuam
1244 1895 1498 1963 scidisse,
1527 1895 1619 1950 sed
1647 1895 1793 1964 prius
1838 1910 1932 1949 cor

359 2006 534 2042 suum.
576 1989 722 2043 Sicut
768 1990 909 2042 enim
956 2005 1062 2043 non
1111 1987 1266 2042 fuerit
1302 1987 1516 2042 u‘.0rbns
1563 1989 1778 2055 regius,
1828 1986 1929 2040 nisi

359 2080 480 2132 bilis
523 2088 845 2148 exsuperet,
884 2089 938 2133 et
968 2079 1210 2148 proprios
1247 2078 1441 2132 limites
1485 2078 1825 2132 transilierit:
1860 2078 1931 2130 ita

359 2170 648 2224 vehemens
675 2171 749 2224 ira
773 2169 862 2224 tibi
895 2185 998 2222 non
1027 2169 1214 2235 fuerit,
1248 2169 1290 2222 si
1323 2184 1427 2223 non
1459 2167 1615 2222 fuerit
1639 2184 1734 2221 cor
1760 2167 1934 2222 disru-

361 2277 529 2332 ptum.
562 2263 1017 2331 Quemadmodum
1065 2277 1192 2331 ergo
1238 2263 1281 2314 si
1313 2261 1508 2314 videt-is
1535 2261 1762 2329 aliquem
1789 2259 1932 2328 regio

362 2372 391 2408 ιι
415 2355 545 2409 orbo
573 2353 741 2409 teneri
762 2396 777 2417 ,
804 2353 902 2408 etsi
941 2353 1076 2407 mala
1121 2351 1305 2406 fecerit
1345 2353 1658 2414 innumera,
1689 2348 1930 2402 morbum

364 2445 432 2498 ad
453 2455 506 2499 te
529 2446 665 2498 nolis
693 2443 958 2498 attrahere
1000 2460 1017 2498 :
1057 2444 1124 2497 ita
1152 2443 1310 2496 etiam
1336 2443 1387 2496 in
1417 2442 1513 2496 ira.
1542 2441 1617 2494 Ne
1645 2440 1894 2494 tumulare
1913 2481 1926 2501 ,

361 2550 462 2588 nec
509 2535 717 2589 imitare
767 2535 946 2588 vitium
972 2575 987 2600 ,
1011 2533 1104 2587 sed
1151 2533 1288 2586 illius
1317 2533 1490 2602 potius
1522 2532 1772 2586 miserere
1801 2570 1815 2595 ,
1845 2529 1933 2597 qui

360 2640 519 2693 quam
551 2625 600 2677 in
629 2640 686 2678 se
717 2624 877 2678 habet
904 2639 1006 2678 non
1046 2621 1215 2677 frenat
1249 2624 1504 2685 belluam,
1536 2622 1742 2691 sibique
1786 2620 1934 2691 prius

360 2717 608 2769 damnum
636 2715 790 2770 affert
825 2724 879 2770 et
902 2715 1137 2770 exilium.
1167 2713 1317 2782 Quod
1354 2714 1492 2769 enim
1525 2713 1613 2782 qui
1637 2714 1770 2767 tales
1809 2721 1934 2768 sunt

361 2806 593 2875 sibiipsis
637 2807 887 2859 damnum
934 2805 1188 2871 afferant,
1223 2805 1343 2859 licet
1371 2805 1552 2859 audire
1584 2805 1778 2860 multos
1801 2845 1816 2870 ,
1843 2805 1935 2874 qui

363 2897 662 2966 huiusmodi
708 2912 908 2968 pugnas
946 2906 1002 2954 et
1049 2897 1168 2951 lites
1221 2904 1580 2966 componunt,
1633 2896 1734 2950 hoc
1781 2906 1935 2966 pacto

360 3001 455 3042 eo;
489 2988 1054 3043 admouentes:Parcc
1097 2988 1327 3056 tibiipsi;
1377 2988 1504 3042 facis
1539 2988 1628 3042 tibi
1669 2989 1933 3057 injuriam.

361 3080 490 3133 Tale
514 3079 655 3133 enim
691 3089 773 3134 est
814 3079 998 3134 vitium
1031 3095 1187 3134 zeum
1226 3081 1313 3149 qui
1358 3081 1526 3149 ipsum
1555 3081 1730 3149 parit,
1763 3080 1933 3134 solum

362 3169 557 3223 damno
582 3167 766 3237 afficit,
793 3169 970 3224 omnia
991 3184 1186 3240 susque
1206 3170 1376 3240 deque
1395 3184 1614 3226 movens
1633 3181 1684 3225 et
1707 3172 1933 3238 agitans.

363 3260 442 3314 Ne
480 3276 607 3330 ergo
627 3261 873 3316 volentes
910 3261 1042 3316 alios
1071 3263 1249 3315 ulcisci
1277 3303 1292 3326 ,
1327 3263 1424 3332 ipsi
1467 3278 1497 3316 a
1541 3272 1690 3331 portu
1719 3263 1934 3316 excida-

366 3369 503 3407 tnus.
535 3353 718 3422 Neque
771 3354 912 3407 enim
943 3353 988 3406 si
1028 3353 1288 3423 quispiam
1330 3368 1518 3408 navem
1561 3352 1854 3418 fracturus,
1882 3362 1936 3406 ct

362 3443 783 3513 submergeudus
807 3486 821 3509 ,
851 3455 902 3498 te
928 3444 980 3497 in
1010 3453 1150 3498 terra
1179 3444 1448 3498 sedentem
1489 3444 1822 3498 contumeliis
1860 3444 1938 3496 af-

366 3537 565 3598 ficeret,
595 3548 660 3588 ex
688 3549 752 3587 eo
775 3533 1009 3587 dolorem
1037 3548 1273 3602 caperes,
1303 3549 1400 3588 nec
1425 3549 1456 3588 e
1489 3543 1624 3588 terra
1649 3533 1933 3597 excedens,

365 3642 487 3679 eum
515 3641 580 3678 eo
607 3640 726 3679 esse
746 3625 911 3680 velles
939 3625 1191 3695 naufragii
1220 3625 1502 3698 particeps.
1525 3625 1636 3678 Hoc
1655 3640 1782 3693 ergo
1799 3623 1936 3692 apud

367 3729 420 3770 te
449 3726 632 3785 reputa
679 3715 850 3785 quod,
882 3717 969 3786 qui
1001 3726 1050 3770 te
1077 3718 1395 3770 contumelia
1423 3715 1613 3782 afﬁcit,
1643 3723 1697 3769 et
1727 3715 1938 3784 probris

366 3807 677 3870 insectatur,
710 3815 972 3874 tamquam
1005 3805 1214 3860 turbine
1257 3813 1312 3859 et
1334 3806 1561 3874 procella
1601 3805 1773 3874 aliqua
1820 3804 1936 3874 agi-

368 3909 506 3954 tatus
561 3899 935 3967 sulunergitur,
977 3899 1027 3952 in
1074 3899 1168 3952 ira:
1207 3897 1532 3967 naufragium
1579 3897 1937 3952 incidensztu

368 4001 540 4044 autem
599 3988 686 4059 qui
735 3988 840 4042 fers
882 3987 1104 4050 fortiter,
1147 3999 1200 4044 et
1227 3989 1276 4042 in
1301 3997 1454 4057 portu
1492 3987 1620 4043 etin
1647 3988 1800 4043 litore
1825 3987 1938 4057 agis

369 4083 618 4137 suaviter.
669 4083 774 4138 Sed
797 4083 838 4136 si
869 4083 933 4136 ad
963 4082 1202 4138 eamdem
1229 4081 1483 4136 deferaris
1507 4081 1899 4136 contentionem
1918 4122 1935 4148 ,

371 4191 472 4227 non
515 4175 659 4227 illum
683 4214 698 4238 ,
723 4174 813 4228 sed
859 4176 1080 4240 teipsum
1111 4173 1430 4228 demersisli.
1463 4173 1513 4225 7.
1548 4171 1805 4241 Exsurge,
1837 4171 1938 4224 Do-

372 4267 502 4318 mine
523 4307 538 4328 ,
567 4266 620 4317 in
647 4265 724 4317 ira
774 4275 856 4317 tua
874 4306 888 4328 ,
919 4265 1140 4318 exaltare
1167 4265 1219 4317 in
1263 4263 1445 4332 ﬁnibus
1481 4263 1799 4316 inimicorum
1825 4271 1936 4314 tuo-

372 4373 502 4408 rum.
541 4356 652 4409 lloc
697 4356 765 4408 ita
795 4355 953 4421 dixit,
985 4354 1271 4409 ostendens
1300 4370 1418 4407 eum
1451 4369 1607 4424 posse
1633 4354 1792 4408 etiam
1823 4367 1940 4406 sur-

371 4465 496 4519 gere
514 4464 616 4503 non
639 4449 689 4502 in
706 4449 782 4501 ira
805 4466 817 4512 ;
848 4457 902 4502 ttt
922 4447 1132 4518 quando
1150 4447 1274 4501 dicit
1303 4465 1315 4502 :
1343 4446 1525 4518 Surge,
1550 4445 1780 4509 Domine,
1799 4461 1940 4498 serva

371 4559 471 4607 me,
504 4541 638 4596 Deus
680 4558 814 4594 meus
843 4540 1012 4611 (Psal.
1046 4541 1099 4594 5.
1132 4538 1208 4611 7).
1237 4538 1366 4592 Cum
1393 4548 1568 4593 autem
1605 4539 1756 4592 audis
1779 4579 1794 4605 ,
1829 4537 1937 4592 Ex-

371 4648 562 4702 surge,
615 4632 746 4685 nihil
788 4630 1065 4700 corporale
1127 4629 1431 4699 suspiceris.
1481 4627 1937 4696 Quemadmodum

373 4724 515 4776 enim
553 4722 742 4778 sedere
783 4739 885 4777 non
908 4722 1105 4775 dictum
1134 4731 1215 4774 est
1243 4721 1294 4774 in
1337 4721 1444 4774 Deo
1471 4720 1837 4788 corporaliter,
1870 4721 1940 4773 ita

373 4827 472 4867 nec
491 4812 612 4866 hoc.
641 4812 715 4865 Tu
735 4812 897 4879 enim,
921 4813 1108 4882 inquit,
1131 4812 1304 4865 sedens
1325 4811 1376 4864 in
1388 4812 1642 4865 swculum.
1660 4811 1792 4878 Qttid
1813 4823 1941 4880 ergo

373 4901 632 4972 signiﬁcat
653 4917 744 4971 per
773 4904 1061 4956 sessionem
1077 4901 1102 4953 ?
1127 4901 1474 4966 Firutitatem,
1497 4901 1934 4966 immobilitatem,

373 5003 421 5044 ut
453 5003 655 5047 natura:
683 4993 1046 5059 stabilitatem,
1070 5001 1227 5062 atque
1251 4993 1624 5047 Constantiam.
1649 4993 1798 5060 Quod
1825 4995 1940 5062 qui-

372 5086 492 5137 detu
515 5086 829 5155 significavit
854 5087 1012 5139 etiam
1044 5100 1137 5153 per
1164 5085 1215 5138 id
1243 5083 1383 5153 quod
1425 5089 1474 5138 ei
1505 5099 1572 5140 ex
1597 5085 1822 5139 adverso
1846 5101 1942 5154 op-

375 5179 606 5246 ponitur.
637 5177 768 5232 Cum
805 5177 945 5232 enim
971 5177 1193 5233 dixisset
1226 5219 1240 5243 ,
1264 5176 1344 5230 Tu
1385 5177 1561 5231 sedens
1599 5178 1650 5231 in
1677 5177 1935 5241 saxulum,

372 5271 644 5338 subjunxit
663 5313 677 5334 ,
711 5269 810 5324 Vos
835 5280 999 5324 autem
1019 5279 1288 5340 pereuntes
1309 5269 1363 5324 in
1388 5268 1647 5325 saeculum.
1676 5270 1940 5337 Quemad-

375 5363 590 5416 modum
616 5377 744 5432 ergo
773 5361 958 5416 sedere
983 5378 1102 5416 ‘non
1127 5373 1207 5416 est
1231 5361 1530 5430 corporale,
1558 5361 1628 5414 ita
1654 5376 1753 5414 nec
1780 5362 1940 5415 etiam

375 5468 630 5522 surgere:
654 5451 748 5506 sed
797 5452 903 5506 illic
945 5451 1157 5522 quidem
1190 5450 1481 5516 stabilitas,
1515 5450 1600 5505 hic
1645 5461 1819 5505 autem
1849 5467 1943 5520 pu-

379 5543 556 5597 niendi
586 5542 666 5596 vis
707 5551 762 5597 et
781 5543 1126 5597 consumendi
1160 5549 1412 5612 potestas.
1454 5541 1652 5596 Sedere
1681 5540 1945 5610 significat

381 5648 774 5702 nonnumquam
801 5631 1069 5701 iudicandi
1098 5633 1422 5698 facultatem,
1451 5642 1509 5686 ut
1535 5631 1744 5701 quando
1767 5631 1893 5686 dicit
1925 5646 1940 5685 :

379 5725 566 5776 Sedisti
591 5740 742 5792 super
783 5725 1050 5790 thronum,
1079 5724 1164 5795 qui
1202 5724 1402 5798 judicas
1443 5723 1693 5793 justitiam
1745 5725 1765 5790 (
1797 5720 1938 5775 Psal.

376 5815 432 5871 9.
466 5817 512 5887 ἱ)
535 5831 553 5880 ;
577 5828 630 5874 et
654 5817 836 5872 Daniel
863 5833 873 5871 :
903 5815 1090 5872 Throm’
1119 5817 1266 5886 positi
1307 5827 1453 5883 sunt,
1479 5826 1522 5870 ct
1556 5817 1679 5870 sedit
1693 5815 1942 5885 judicium

3542 413 3621 472 90

2041 523 2202 594 (Dan.
2235 525 2285 579 7.
2314 525 2394 595 9).
2421 525 2515 579 Est
2551 524 2708 579 etiam
2730 524 2907 595 regale
2935 523 3124 580 sedere
3144 565 3157 588 ,
3191 533 3248 578 ut
3277 523 3488 593 quando
3530 526 3610 579 die

2037 616 2147 670 cit:
2179 614 2416 669 Thronus
2465 626 2601 680 tuus,
2644 614 2798 680 Deus,
2847 616 2899 669 in
2952 613 3190 669 steculum
3230 614 3614 684 steculimirga

2038 709 2379 774 rectitudinis,
2410 708 2548 778 virga
2572 708 2712 778 regni
2740 708 2813 759 tui
2840 705 3009 776 (Psal.
3041 707 3127 760 44.
3162 706 3237 776 7).
3260 705 3412 760 Unde
3446 704 3604 772 illud,

2039 797 2172 854 Sede
2195 815 2226 852 a
2246 799 2434 853 dextris
2454 799 2574 852 meis
2609 797 2780 869 (Psal.
2810 797 2927 852 l09.
2947 796 3024 867 i),
3056 797 3368 866 significavit
3389 797 3608 866 mquali-

2036 899 2197 944 tatem
2239 891 2476 945 honoris.
2507 890 2642 959 Quid
2685 900 2766 944 est
2790 898 2965 944 autem
2996 889 3121 943 illud
3141 929 3158 954 ,
3191 887 3256 942 In
3289 890 3368 942 ira
3396 891 3524 942 tua?
3550 888 3614 944 ld‘

2035 998 2246 1052 quoque
2275 984 2345 1036 ita
2376 998 2561 1037 rursus
2583 981 2944 1051 accipiendum
2972 990 3073 1045 est,
3097 991 3153 1034 ιιι
3177 982 3288 1036 Deo
3306 981 3604 1036 conveniat.

2035 1073 2117 1128 Ira
2143 1074 2284 1128 enim
2317 1074 2406 1128 Dei
2433 1091 2536 1128 non
2565 1084 2646 1128 est
2672 1073 2833 1128 animi
2859 1073 3218 1139 perturbatio,
3249 1073 3342 1129 sed
3380 1075 3612 1144 castiga-

2036 1168 2110 1222 tio
2132 1175 2190 1221 et
2229 1169 2444 1235 punitio.
2479 1166 2720 1220 Exaltare
2746 1166 2797 1220 in
2834 1166 3018 1236 ﬁnibus
3045 1165 3358 1219 inimicorum
3384 1175 3604 1219 tuorum.

2034 1258 2187 1312 Alius
2237 1257 2397 1323 dicit,
2438 1255 2503 1310 In
2530 1258 2609 1310 ira
2633 1257 2869 1311 adversus
2911 1257 3138 1310 inimicos
3176 1264 3308 1310 tuos.
3341 1257 3506 1323 Alius,
3542 1255 3616 1310 llr

2035 1350 2131 1404 bile
2168 1367 2334 1403 eorum
2363 1350 2448 1414 qui
2476 1367 2552 1403 me
2579 1350 2820 1420 afﬂigunt.
2854 1347 3033 1413 Alius,
3067 1346 3132 1400 In
3175 1346 3498 1400 dilationibus
3525 1348 3606 1400 al"-

2035 1443 2316 1512 ligantium.
2360 1440 2618 1495 Hebrzeus
2665 1449 2840 1494 autem
2887 1437 3053 1502 illud,
3087 1438 3153 1490 In
3193 1437 3414 1506 ﬁnibus,
3442 1436 3562 1490 dicit
3588 1479 3612 1500 ,.

2034 1532 2284 1586 Bebaroth
2317 1533 2409 1604 (a).
2445 1531 2574 1586 Vide
2599 1530 2862 1600 quomodo
2885 1542 3070 1583 rursus
3095 1543 3199 1581 non
3231 1541 3289 1582 se
3309 1526 3594 1590 ulciscitur,

2035 1625 2124 1677 sed
2154 1623 2266 1677 haec
2289 1625 2418 1678 dicit
2443 1639 2543 1693 pro
2590 1622 2680 1675 Dei
2715 1621 2904 1691 gloria.
2935 1619 3049 1673 Non
3077 1619 3218 1673 enim
3243 1618 3374 1671 dixit
3407 1617 3606 1671 solum-

2035 1714 2193 1768 modo
2213 1714 2375 1768 :Puui
2396 1713 2634 1770 inimicos
2659 1726 2828 1776 meos,
2847 1711 2934 1765 vel
2957 1719 3109 1772 tuos;
3131 1707 3244 1774 sed,
3262 1706 3521 1760 Exaltare.
3542 1705 3609 1759 Et

2035 1805 2300 1875 quomodo
2329 1805 2588 1859 exaltatur
2613 1804 2700 1857 ille
2735 1805 2904 1862 altus.
2937 1809 2992 1856 et
3013 1800 3101 1870 qui
3133 1809 3440 1867 estsemper
3465 1799 3612 1852 altis-

2033 1897 2238 1951 simus?
2281 1895 2411 1966 Ejus
2452 1895 2593 1950 enim
2633 1902 2834 1948 natura:
2865 1891 3085 1948 altitudo
3115 1905 3213 1946 nec
3258 1891 3483 1953 crescit,
3511 1905 3611 1945 nec

2035 1987 2320 2042 minuitur:
2346 1995 2428 2041 est
2450 1986 2589 2041 enim
2612 1985 2876 2055 perfectus
2902 1992 2956 2038 et
2982 1983 3174 2037 nullius
3212 1983 3287 2037 rei
3333 1982 3596 2052 indigens,

2035 2087 2090 2134 et
2112 2081 2201 2148 qui
2230 2093 2442 2148 semper
2467 2093 2533 2132 eo
2573 2076 2731 2130 modo
2759 2092 2817 2130 se
2842 2075 3020 2130 habet.
3053 2075 3331 2142 Quomodo
3355 2087 3482 2144 ergo
3501 2114 3518 2140 ,
3552 2082 3606 2128 et

2034 2185 2136 2241 qua
2163 2171 2367 2224 ratione
2413 2167 2720 2223 exaltatur?
2757 2165 3033 2221 Exaltalur
3057 2165 3110 2219 in
3141 2165 3424 2218 multorum
3465 2178 3612 2218 men-

2038 2265 2206 2319 tibus.
2228 2258 2680 2327 Quemadmodum
2706 2272 2849 2327 Str-pe
2877 2256 3273 2327 longanimitate
3300 2269 3427 2308 usus
3453 2263 3534 2308 est
3565 2255 3606 2318 ις

2036 2352 2234 2406 inimici
2263 2361 2440 2405 autem
2478 2349 2849 2404 existimabant
2891 2347 2992 2402 hoc
3018 2363 3123 2400 tton
3147 2360 3269 2400 esse
3293 2343 3612 2414 longanimi-

2038 2444 2176 2506 tatis,
2201 2442 2292 2497 sed
2321 2441 2630 2496 humilitatis
2659 2449 2712 2495 et
2740 2438 3134 2495 imbecillitatis.
3166 2437 3422 2504 Quocirca
3447 2435 3614 2490 etiam

2037 2535 2361 2600 humiliatur,
2390 2551 2494 2588 non
2520 2549 2578 2588 re
2601 2534 2710 2603 ipsa
2733 2573 2746 2594 ,
2774 2531 2868 2586 sed
2890 2531 3104 2584 illorum
3129 2528 3466 2599 cogitatione.

2108 2629 2160 2683 7.
2199 2625 2650 2695 Quemadmodum
2679 2626 2819 2680 enim
2861 2623 2938 2677 sol
2968 2622 3174 2677 videtur
3203 2635 3322 2675 esse
3349 2619 3608 2675 obscurus

2037 2718 2101 2774 iis
2129 2720 2216 2788 qui
2244 2717 2485 2772 laborant
2508 2717 2674 2771 oculis
2694 2758 2708 2784 ,
2728 2717 2804 2772 ita
2835 2715 2971 2769 Deus
3001 2713 3205 2767 videtur
3223 2727 3341 2765 esse
3367 2709 3608 2765 infirmus

2037 2819 2092 2864 et
2121 2809 2415 2864 imbecillus
2437 2809 2487 2861 in
2513 2822 2698 2862 eorum
2720 2805 3005 2860 mentibus.
3033 2802 3138 2858 Sed
3166 2801 3607 2872 quemadmodum

1991 2937 1998 2946 -
2036 2899 2209 2955 solita
2237 2899 2598 2962 existimatur,
2635 2912 2735 2950 non
2758 2905 2839 2950 est
2867 2905 3042 2948 autem
3081 2893 3372 2957 obscurus,
3411 2891 3503 2946 sed
3533 2898 3614 2946 est

2037 2992 2244 3048 aﬂeclio
2261 2991 2471 3044 illorum
2487 2988 2857 3043 imbecillitatis
2880 3005 2894 3038 :
2915 2988 2986 3041 ita
3002 2999 3209 3056 quoque
3228 2985 3385 3046 Deus,
3400 2984 3616 3038 etiamsi

2039 3085 2139 3139 hoc
2149 3083 2497 3146 existimetur,
2513 3096 2614 3135 non
2630 3088 2712 3136 est
2726 3079 3036 3140 imbecillus.
3052 3077 3144 3132 sed
3163 3076 3213 3130 id
3225 3093 3290 3132 ex
3311 3076 3521 3130 illorum
3533 3076 3614 3130 itt-

2039 3176 2282 3246 sipientia
2300 3173 2506 3228 accidit.
2529 3171 2664 3240 Quid
2683 3185 2808 3240 ergo
2827 3170 2950 3224 dicit
2965 3169 3174 3239 justus?
3196 3167 3442 3221 Exaltarc
3453 3167 3620 3221 etiam-

2039 3269 2178 3339 apud
2207 3267 2450 3322 inimicos
2471 3279 2618 3320 meos
2640 3281 2654 3315 :
2679 3264 2955 3326 ulciscere,
2974 3271 3029 3316 et
3049 3261 3190 3315 vires
3218 3269 3333 3313 tuas
3348 3257 3569 3314 ostende
3584 3300 3609 3326 ,,

2041 3370 2098 3414 ttt
2124 3360 2280 3430 quite
2299 3357 2552 3412 humilem
2586 3355 2908 3419 existimant,
2937 3369 3001 3407 ex
3039 3352 3104 3406 iis
3141 3367 3259 3421 quae
3302 3351 3572 3420 patiuntur
3595 3392 3615 3414 ,

2041 3461 2182 3505 tuam
2212 3449 2425 3504 videant
2462 3448 2704 3516 gloriam.
2750 3445 2936 3499 Vidisti
2977 3444 3094 3513 ejus
3134 3442 3463 3508 institutum,
3509 3457 3616 3497 non

2041 3544 2092 3598 id
2135 3543 2274 3614 quod
2321 3557 2508 3606 suum,
2555 3539 2646 3594 sed
2692 3537 2830 3608 quod
2878 3537 2970 3592 Dei
3003 3545 3086 3591 est
3127 3534 3433 3606 qumreutis.
3484 3534 3612 3588 Illud

2041 3645 2212 3691 autem
2234 3677 2249 3702 ,
2281 3633 2349 3687 In
2377 3633 2591 3702 ﬁnibus,
2622 3631 2707 3686 alii
2739 3631 2951 3702 quidem
2982 3628 3196 3692 dicunt,
3229 3626 3294 3680 In
3335 3625 3613 3696 capitibus;

2038 3728 2129 3782 alii
2175 3737 2349 3781 autem
2379 3767 2394 3788 ,
2455 3723 2645 3777 Nullus
2691 3723 2852 3794 fugiat
2904 3721 3242 3775 inimicorum.
3289 3719 3474 3789 Magna
3533 3728 3616 3772 est

2041 3828 2216 3872 autem
2243 3815 2372 3887 justi
2400 3815 2564 3871 virtus
2583 3813 2794 3883 quando
2821 3812 3034 3866 eosdem
3064 3810 3251 3876 habet,
3277 3824 3409 3880 quos
3439 3810 3574 3863 Deus
3595 3850 3610 3873 ,

2042 3911 2318 3974 inimicos,
2348 3916 2403 3964 et
2430 3905 2646 3962 eosdem
2677 3903 2875 3958 amicos
2922 3921 2934 3956 :
2968 3911 3023 3954 ut
3053 3916 3238 3969 magna
3271 3899 3613 3968 improbitas,

2042 4003 2254 4074 quando
2293 4002 2382 4055 Dei
2408 4000 2607 4052 amicos
2635 3996 2878 4050 inimicos
2898 4035 2912 4060 ,
2946 4003 2998 4048 et
3025 3993 3266 4048 inimicos
3289 3992 3487 4045 amicos
3517 3991 3612 4044 ha-

2041 4097 2150 4150 bet.
2179 4090 2631 4160 Quemadmodum
2659 4102 2786 4158 ergo
2811 4087 2949 4140 Deus
2974 4084 3166 4138 dicitur
3191 4083 3391 4138 habere
3435 4083 3614 4136 inimi-

2044 4200 2164 4250 cos,
2196 4201 2299 4237 non
2331 4183 2453 4237 odio
2479 4180 2709 4245 habens,
2753 4192 2922 4246 neque
2948 4191 3040 4230 eos
3063 4189 3316 4228 aversans
3336 4213 3352 4239 ,
3385 4173 3478 4228 sed
3519 4173 3615 4226 im-

2045 4278 2237 4350 probas
2277 4291 2461 4331 eorum
2506 4273 2740 4327 actiones
2769 4269 3098 4324 abhorrens:
3129 4267 3198 4322 ita
3243 4267 3402 4322 etiam
3443 4267 3618 4334 justus

2044 4371 2200 4424 habet
2228 4367 2468 4422 inimicos
2487 4406 2500 4428 ,
2532 4380 2635 4418 non
2665 4377 2756 4416 eos
2780 4360 3068 4423 ulciscens,
3099 4357 3193 4412 sed
3223 4357 3613 4426 improbitatem

2043 4474 2318 4516 aversaris.
2362 4455 2426 4510 Et
2459 4469 2700 4525 exsurge,
2747 4451 2964 4505 Domine
3004 4448 3138 4503 Deus
3182 4465 3354 4515 meus,
3389 4449 3444 4501 in
3483 4464 3617 4516 prm-

2044 4562 2186 4623 cepto
2226 4551 2360 4622 quod
2399 4547 2673 4602 mandasti.
2718 4545 2866 4599 Alius
2909 4543 3068 4608 dicit,
3107 4543 3161 4595 in
3195 4541 3412 4612 judicio.
3453 4541 3506 4595 8.
3552 4541 3619 4593 Et

2043 4661 2299 4716 synagoga
2333 4640 2634 4713 populorum
2675 4635 3000 4692 circumdabit
3046 4645 3111 4689 te.
3139 4634 3290 4688 Alius
3313 4633 3473 4698 dicit,
3518 4634 3615 4686 cir-

2044 4739 2240 4790 cumdet
2261 4744 2326 4788 te.
2351 4734 2416 4786 Et
2454 4739 2656 4802 propter
2677 4730 2805 4782 hanc
2830 4729 2881 4780 in
2907 4727 3064 4780 altum
3084 4730 3361 4796 regredere,
3383 4725 3614 4780 Domine.

2051 4831 2195 4884 Alius
2221 4827 2347 4881 dicit
2371 4867 2385 4892 ,
2412 4835 2458 4879 et
2481 4839 2635 4892 supra
2661 4823 2822 4890 ipsam
2847 4821 2900 4873 in
2924 4820 3080 4872 altum
3103 4829 3401 4880 convertere,
3432 4817 3580 4870 Alius
3597 4860 3612 4879 ,

2048 4922 2113 4976 Et
2159 4935 2306 4989 super
2351 4921 2445 4970 hac
2498 4917 2550 4968 in
2597 4913 3053 4967 altum'revertere.
3106 4909 3358 4964 Hebraeus
3402 4917 3612 4975 autem,

2046 5011 2172 5068 illttd
2198 5053 2213 5075 ,
2246 5010 2411 5076 Super
2430 5007 2593 5076 ipsam
2612 5045 2626 5069 ,
2655 5003 2781 5058 dicit
2800 5045 2815 5069 ,
2849 5003 3054 5056 Ocalea.
3085 5001 3218 5069 Quid
3245 5010 3358 5066 est,
3393 5000 3456 5053 In
3481 5017 3613 5070 pra:-

2045 5113 2186 5174 ‘cepto
2213 5099 2348 5172 quod
2388 5095 2685 5152 mandasti?
2719 5093 2792 5150 Ut
2816 5109 2969 5162 opem
3006 5092 3270 5154 feramus,
3315 5091 3521 5161 inquit,
3552 5091 3616 5146 iis

2045 5195 2134 5266 qui
2164 5192 2464 5247 afficiuntur
2490 5186 2675 5256 injuria
2694 5227 2709 5252 ,
2736 5193 2791 5240 et
2818 5199 2922 5238 non
2950 5182 3276 5252 negligamus
3301 5197 3393 5235 eos
3424 5180 3614 5249 quibus

2045 5293 2320 5339 struuntur
2371 5278 2592 5333 insidiae.
2634 5275 2784 5344 Quod
2812 5283 2865 5327 tu
2909 5289 3036 5343 ergo
3075 5275 3227 5327 nobis
3269 5272 3386 5341 lege
3411 5272 3615 5326 consti.

2047 5373 2224 5440 tuisti,
2273 5371 2375 5424 hoc
2410 5370 2567 5423 etiam
2617 5365 2769 5421 factis
2805 5364 2960 5419 nobis
2991 5363 3248 5432 exprime.
3294 5361 3395 5416 Alii
3437 5373 3612 5415 autem

2111 5508 2129 5575 ε
2165 5510 2291 5578 post,
2327 5517 2440 5578 usus
2461 5507 2550 5562 est,
2575 5499 2737 5550 Morel.
2761 5499 2906 5558 addit,
2948 5497 3092 5548 etiam
3127 5495 3178 5546 in
3199 5508 3278 5546 eos
3299 5494 3383 5558 qui
3399 5494 3612 5545 maxima

2047 5569 2438 5692 “wages
2453 5624 2599 5674 lectio
2614 5629 2709 5680 est,
2729 5623 2956 5692 manu,
2969 5631 3112 5682 quam
3126 5620 3290 5678 Graeci,
3312 5616 3392 5667 alii
3412 5629 3596 5679 βιτιςμω

2048 5700 2129 5750 alii
2145 5691 2287 5762 ma
2310 5697 2519 5762 reddunt
2530 5709 2556 5762 ;_
2569 5706 2717 5744 verus
2745 5701 2911 5762 autem
2945 5691 3086 5762 hujus
3107 5692 3435 5762 vocissensus
3448 5697 3544 5749 est,
3565 5703 3619 5738 ηδ

2049 5751 2468 5824 indignationibus,
2500 5751 2558 5805 ad
2579 5767 2720 5824 quam
2754 5751 3144 5824 signiﬁcationem
3187 5751 3373 5802 accedit
3413 5758 3612 5812 Symutae

2051 5815 2182 5884 chus,
2209 5824 2290 5886 qui
2316 5824 2476 5880 vertit,
2501 5831 2537 5867 δν
2557 5815 2668 5881 κάλῳ,
2693 5817 2742 5866 in
2767 5815 2876 5872 bile,
2899 5816 3003 5863 sive
3029 5815 3075 5862 in
3102 5815 3194 5863 ira.
