4074 6356
422 357 483 418 91
1202 361 1259 417 S.
1299 361 2084 419 JOANNISCHRYSOSTOM!
2121 363 2438 419 ARCHIEP.
2477 362 3006 420 CONSTANTINOP.
3604 371 3676 426 9‘2

422 471 602 529 dicunt
623 471 782 528 etiam
810 471 953 541 aliud
976 513 991 538 ,
1019 487 1211 543 nempe
1230 474 1473 544 promisit
1497 490 1559 530 se
1583 474 1851 529 inimicum
1881 474 1993 529 fore

420 562 649 621 inimicis
677 564 812 633 ejus.
851 563 904 619 8.
946 562 1013 617 Et
1038 580 1301 635 synagoga
1324 565 1630 636 populorum
1666 563 1997 619 circumdabit

426 662 493 708 te.
537 653 678 708 Nihil
718 653 1003 708 humanum
1046 670 1113 709 ne
1160 656 1245 710 hic
1282 656 1495 726 quidem
1536 656 1843 726 suspiceris.
1888 656 1998 711 Etsi

426 741 567 797 enim
612 742 743 799 tales
778 752 902 798 sunt
945 742 1238 810 dictiones,
1287 754 1412 801 sunt
1454 753 1634 802 tamen
1682 762 1838 802 sensa
1880 762 2000 817 quae

426 833 540 891 Deo
567 835 903 891 conveniant.
952 836 1089 903 Quid
1117 845 1201 892 est
1244 851 1372 906 ergo
1394 877 1410 903 ,
1442 836 1781 892 Circumdabit
1808 839 1900 892 te?
1941 837 1998 893 ld

424 923 707 991 est,Cauet
722 925 836 992 tibi,
859 925 1091 980 laudabit
1118 934 1189 991 te,
1220 925 1374 981 bonis
1402 935 1457 982 et
1476 927 1781 984 honoriﬁcis
1807 938 1996 983 tever-

427 1012 510 1069 bis
562 1008 762 1067 allatim
833 1018 1210 1087 prosequetur.
1271 1016 1531 1084 Quoniam
1578 1018 1721 1073 enim
1757 1018 1862 1083 hoc
1906 1034 2000 1088 per

429 1103 623 1161 choros
651 1105 935 1166 faciebant.
961 1106 1013 1159 in
1037 1107 1219 1161 orbem
1244 1108 1690 1164 circumsistentes
1721 1110 1773 1163 in
1804 1110 2000 1180 templo

425 1203 481 1250 ct
505 1195 558 1249 in
599 1194 790 1260 altari,
832 1206 886 1251 et
911 1197 983 1252 ita
1004 1198 1287 1266 gratiarum
1313 1199 1550 1254 actiones
1574 1199 1903 1266 offerebant;
1932 1215 1998 1255 ex

426 1286 538 1354 ipsa
576 1285 747 1342 standi
798 1285 968 1343 forma
1009 1288 1361 1344 laudationem
1411 1306 1597 1346 eorum
1655 1291 1997 1362 significavit.

425 1374 575 1442 Quod
599 1383 774 1433 autem
800 1375 957 1445 dicit,
989 1380 1093 1434 tale
1120 1388 1239 1434 est:
1286 1379 1553 1437 Ulciscere
1570 1423 1585 1447 ,
1615 1381 1696 1437 fer
1719 1382 1994 1437 auxilium.

427 1464 540 1519 lloc
583 1475 635 1521 te
670 1477 723 1521 et
766 1467 904 1536 apud
953 1468 1199 1525 inimicos
1254 1469 1441 1526 reddet
1493 1474 1760 1527 excelsum
1786 1512 1801 1535 ,
1846 1482 1900 1528 et
1941 1481 1999 1527 ut

426 1564 547 1610 tuus
590 1558 818 1628 populus
868 1560 1050 1614 multis
1093 1569 1145 1615 te
1181 1562 1428 1617 laudibus
1475 1572 1528 1618 et
1554 1563 1763 1636 hymnis
1806 1573 1996 1630 ornet,

430 1646 648 1703 efﬁciet.
695 1648 825 1704 Vide
871 1651 1138 1719 quomodo
1180 1669 1285 1707 non
1334 1654 1475 1723 quod
1505 1669 1693 1722 suum,
1738 1654 1831 1709 sed
1858 1656 1997 1726 quod

427 1747 510 1792 est
535 1739 623 1792 Dei
646 1740 833 1811 quaerit
876 1741 1090 1811 ubique.
1140 1743 1261 1797 Vult
1310 1744 1451 1799 enim
1496 1745 1666 1815 ipsum
1712 1746 1904 1816 ubique
1944 1755 1999 1800 et

427 1830 565 1899 apud
610 1830 851 1887 inimicos
897 1840 951 1888 et
974 1832 1114 1904 apud
1153 1849 1280 1890 suos
1306 1835 1473 1906 gloria
1513 1845 1568 1891 et
1590 1838 1795 1892 honore
1832 1836 1994 1891 afﬁci.

428 1919 497 1973 Et
534 1938 626 1989 pro
652 1921 763 1994 ipsa
800 1924 854 1979 in
895 1924 1053 1978 altum
1096 1936 1341 1981 converte.
1389 1926 1494 1983 Pro
1538 1928 1685 1999 ipsa,
1728 1930 1999 1999 quanam?

429 2012 739 2085 Synagoga,
770 2015 960 2085 inquit,
999 2016 1101 2071 hoc
1145 2027 1247 2083 cst,
1276 2028 1492 2089 propter
1533 2021 1701 2089 ipsam
1744 2021 1813 2075 In
1839 2020 2000 2077 altum

428 2120 653 2167 converte
674 2125 695 2175 ;
740 2113 910 2169 exalta
948 2128 1046 2173 nos
1069 2154 1085 2181 ,
1131 2117 1326 2173 extolle
1363 2133 1494 2183 nos,
1545 2117 1627 2171 fac
1664 2126 1724 2172 ut
1768 2116 1877 2171 sint
1915 2132 2000 2172 res

428 2199 551 2255 alta:
583 2210 636 2259 et
677 2203 920 2272 excelsae,
956 2204 1040 2262 fac
1079 2215 1136 2265 ut
1178 2209 1249 2263 sit
1290 2207 1483 2264 clarior
1519 2217 1575 2264 et
1618 2208 1875 2274 illustris,
1907 2223 1999 2262 re-

430 2288 534 2349 duc
553 2308 668 2349 eam
691 2295 756 2351 ad
776 2297 1007 2366 priorem
1029 2301 1455 2370 prosperitatem.
1484 2300 1617 2355 Vide
1647 2311 1823 2356 autem
1865 2315 2000 2370 quo-

432 2384 592 2445 modo
613 2386 804 2457 ubique
834 2390 1077 2458 precibus
1113 2391 1404 2448 doctrinam
1446 2391 1753 2447 admisceat.
1789 2392 2001 2446 Etenim

437 2492 559 2531 cum
581 2478 721 2546 prius
738 2479 977 2547 dixisset,
1002 2481 1236 2538 Miserere
1252 2484 1366 2550 inci,
1383 2493 1430 2537 et
1456 2483 1640 2538 exaudi
1660 2482 1916 2553 me(Psal.
1943 2484 1999 2539 4.

431 2567 510 2638 2)
537 2607 554 2624 .
586 2570 849 2626 convertit
889 2585 1192 2631 sermonem
1220 2574 1286 2630 ad
1327 2574 1633 2642 consilium,
1659 2574 1738 2629 sic
1774 2573 1956 2630 dicens
1984 2592 1999 2628 :

431 2657 558 2717 Filii
598 2660 888 2727 honrinum,
932 2680 1186 2735 quousque
1224 2666 1364 2736 gravi
1395 2666 1587 2720 corde?
1633 2665 1702 2721 Et
1744 2665 1831 2720 hic
1880 2680 2003 2720 cum

432 2749 651 2809 dixisset
669 2793 682 2815 ,
714 2749 781 2806 In
805 2753 964 2808 altum
982 2766 1232 2824 conuerte,
1265 2755 1653 2827 DomineUbid.
1678 2774 1729 2812 υ.
1759 2758 1844 2827 5),
1872 2757 2002 2812 sub-

430 2841 640 2913 iungit:
672 2843 727 2904 9.
795 2844 1045 2901 Dominus
1074 2848 1326 2919 judicabit
1370 2851 1603 2920 populos.
1641 2850 1791 2905 Alius
1828 2858 2004 2907 autem

431 2932 592 2999 dicit,
655 2933 907 2991 Dominus
949 2938 1279 3009 disceptabit;
1320 2938 1519 2996 docens
1561 2955 1655 2997 eos
1695 2941 1787 3012 qui
1825 2943 2004 3001 omnia

432 3039 559 3080 casu
585 3034 638 3082 et
667 3034 864 3083 temere
890 3029 1001 3085 ﬁeri
1040 3040 1260 3100 putant,
1286 3031 1442 3088 rebus
1469 3032 1746 3103 quamdam
1774 3048 2006 3104 praeesse

434 3117 818 3185 providentiam
840 3162 855 3185 ,
885 3136 1003 3191 quae
1027 3136 1212 3177 eorum
1238 3138 1357 3191 quae
1376 3123 1507 3179 ﬁunt
1540 3125 1798 3182 rationem
1820 3127 2002 3197 exigit.

440 3208 706 3265 Judicium
733 3220 910 3269 autem
930 3211 1018 3267 hic
1040 3212 1168 3268 dicit
1193 3223 1244 3269 et
1264 3211 1520 3284 futurum,
1538 3225 1592 3272 et
1614 3231 1869 3286 praisens.
1893 3216 2006 3273 Illic

433 3302 574 3357 enim
617 3303 789 3372 ipsum
829 3304 931 3360 erit
954 3314 1008 3363 et
1048 3307 1355 3363 universum
1379 3348 1395 3372 ,
1437 3316 1492 3363 et
1517 3309 1851 3366 manifestum
1878 3329 1890 3365 :
1918 3311 2005 3367 hic

433 3402 612 3448 autem
641 3409 707 3450 ex
736 3405 883 3465 parte
916 3397 1075 3453 etiam
1105 3398 1268 3454 sumit
1309 3412 1526 3468 ptenas,
1570 3408 1626 3455 et
1668 3402 2002 3459 socordiores

438 3486 699 3549 excitans,
730 3495 785 3541 et
810 3487 1130 3545 inﬁdeliores
1149 3488 1421 3545 attrahens
1446 3490 1512 3546 ad
1535 3491 1821 3548 curandam
1846 3495 2004 3549 totius

436 3575 621 3630 mundi
653 3578 1056 3646 providentiam.
1084 3579 1270 3634 Judica
1316 3598 1425 3648 me,
1450 3581 1696 3651 Domine,
1735 3585 2006 3640 secundum

429 3667 679 3734 justitiam
706 3685 884 3724 meam.
912 3670 1062 3725 Alius
1084 3670 1245 3737 dicit,
1293 3672 1585 3728 Secundum
1616 3675 1707 3744 jus
1732 3692 1913 3730 meum.
1937 3676 2005 3730 Et

434 3761 706 3817 sicundum
749 3763 1087 3825 innocentiam
1122 3781 1284 3820 meam
1318 3782 1469 3836 super
1509 3784 1606 3821 me.
1641 3768 1725 3823 lO.
1757 3770 2003 3824 Consum-

440 3852 601 3896 metur
625 3847 841 3912 nequitia
865 3857 1200 3917 peccatorum.
1238 3849 1390 3904 Alius
1417 3850 1546 3905 dicit
1573 3868 1586 3905 :
1609 3850 1896 3921 Peragatur
1926 3872 2008 3908 ve-

438 3935 580 3991 xatio
633 3935 868 3992 adversus
920 3939 1121 4008 impios.
1165 3937 1232 3993 Et
1256 3941 1442 4013 diriges
1457 3942 1677 4011 justum.
1718 3945 1899 4009 Alius,
1938 3945 2006 4002 Et

436 4025 657 4081 stabilies
671 4028 891 4098 justum.
930 4029 1031 4098 Qui
1070 4030 1128 4085 ﬁt
1154 4040 1213 4086 ut
1236 4033 1322 4101 qui
1359 4033 1483 4088 alibi
1517 4033 1674 4102 dicit,
1706 4035 1827 4091 Non
1852 4039 2005 4093 intres

433 4116 489 4173 in
504 4118 757 4188 judicium
781 4137 896 4176 cum
936 4138 1077 4178 seruo
1120 4123 1388 4194 tuo(Psal.
1416 4126 1538 4180 ΗΞ.
1566 4127 1602 4180 9.
1628 4125 1647 4199 )
1671 4168 1687 4193 ,
1719 4127 1807 4183 hic
1830 4131 2003 4199 dicat,

434 4207 626 4263 Indica
643 4228 721 4266 me
737 4213 1008 4267 secundum
1025 4216 1277 4286 justitiam
1298 4233 1457 4272 meam
1478 4219 1502 4271 ?
1528 4219 1677 4285 Quod
1704 4221 1803 4276 hoc
1820 4222 1959 4279 aliud
1980 4265 1996 4290 ,

437 4316 492 4356 et
519 4302 647 4357 illud
670 4304 809 4359 aliud
830 4307 919 4361 sit.
949 4306 1041 4362 Ille
1065 4309 1205 4363 enim
1235 4308 1444 4376 dicens,
1469 4310 1592 4366 Non
1611 4312 1764 4368 intres
1791 4314 1844 4366 in
1861 4316 2005 4384 judi-

436 4393 569 4446 rium
602 4411 715 4448 cum
741 4412 882 4451 seruo
908 4405 1022 4466 tuo,
1048 4399 1339 4469 signiﬁcat,
1381 4400 1457 4456 Ne
1485 4411 1538 4456 tu
1564 4419 1770 4457 mecum
1804 4404 2003 4474 judicio

437 4486 804 4556 contenderis,
843 4504 912 4557 ne
959 4505 1130 4545 meam
1175 4493 1373 4559 vitam,
1417 4508 1537 4547 cum
1584 4494 1689 4548 tuis
1730 4494 2003 4551 beneﬁciis

439 4578 761 4635 conferendo
782 4622 797 4647 ,
824 4582 1232 4639 examinaveris.
1266 4584 1332 4639 Et
1358 4584 1475 4639 ideo
1498 4585 1765 4655 subjunxit
1801 4587 1959 4641 etiam
1984 4604 1999 4641 :

444 4670 576 4734 Quia
603 4687 702 4725 non
720 4673 1082 4742 justi/imbitur
1106 4675 1159 4728 in
1186 4686 1450 4745 conspectu
1478 4685 1562 4731 tuo
1602 4677 1763 4732 omnis
1800 4679 1964 4732 vivens
1982 4717 2001 4747 ,

438 4760 540 4816 hoc
558 4770 661 4825 est,
691 4763 735 4818 si
766 4772 936 4819 tecum
965 4765 1015 4819 in
1035 4764 1228 4833 judicio
1248 4766 1549 4821 contendat.
1580 4766 1675 4822 Hic
1693 4778 1868 4823 autem
1894 4785 2001 4824 non

438 4855 540 4921 huc
565 4855 731 4913 dicit:
758 4870 864 4911 non
886 4857 999 4912 vult
1023 4859 1164 4913 enim
1213 4859 1275 4913 in-
1303 4859 1503 4928 judicio
1543 4876 1663 4915 cum
1705 4863 1818 4931 ipso
1869 4878 2000 4918 con-

441 4945 660 5002 tendere
682 4986 700 5019 ,
727 4945 820 5002 sed
841 4962 1044 5003 secum.
1073 4947 1142 5003 Ει
1178 4948 1297 5004 ideo
1329 4949 1495 5015 dicit,
1525 4949 1813 5005 Secundum
1843 4954 2000 5023 justi—

440 5041 561 5094 tiam
580 5053 761 5105 meam,
781 5040 882 5095 hoc
905 5047 1008 5107 est,
1029 5040 1329 5096 Secundum
1345 5040 1600 5110 justitiam
1629 5057 1744 5111 quae
1765 5058 1881 5097 mea
1897 5052 1998 5100 est.

430 5130 704 5187 .Justitiam
745 5138 921 5186 autem
951 5129 1036 5187 hic
1059 5129 1222 5199 dicit,
1251 5146 1354 5185 non
1376 5132 1602 5200 coepisse
1627 5133 1871 5187 manibus
1894 5132 2001 5187 ini-

325 5254 335 5269 ι
437 5223 555 5292 quis
574 5223 781 5288 rixam;
811 5221 952 5292 quod
979 5220 1112 5276 dixit
1129 5223 1372 5291 superius
1391 5264 1405 5287 ,
1436 5221 1497 5277 Si
1518 5223 1610 5275 hoc
1646 5222 1772 5291 feci,
1798 5230 1851 5277 et
1882 5238 2001 5293 quae

438 5323 750 5386 sequuntur.
804 5313 947 5369 Idem
994 5323 1172 5369 autem
1210 5312 1473 5383 signiﬁcat
1513 5313 1668 5380 illud,
1711 5312 2001 5370 Secundum

435 5407 771 5461 innocentiam
830 5421 1031 5470 meum;
1076 5403 1375 5460 Secundum
1439 5403 1574 5470 hoc,
1628 5403 1832 5471 inquit,
1880 5404 2001 5459 volo

433 5497 677 5568 judicari.
702 5496 886 5568 Magna
907 5504 991 5550 est
1016 5495 1172 5550 etiam
1197 5494 1282 5550 hic
1292 5495 1422 5564 justi
1447 5493 1656 5549 ﬁducia.
1688 5494 1814 5551 Haec
1841 5509 2001 5565 porro

437 5587 564 5643 dicit
586 5596 820 5644 coactus.
851 5586 918 5641 Et
942 5585 1253 5656 quomodo?
1280 5584 1433 5654 Quod
1457 5586 1607 5641 multi
1636 5585 1783 5642 stulti
1802 5601 1870 5642 ex
1894 5587 1959 5642 iis
1980 5627 1997 5653 ,

437 5695 554 5751 qua:
574 5680 898 5750 patiebatur,
944 5683 1135 5735 malam
1163 5678 1231 5735 de
1253 5693 1319 5734 eo
1359 5680 1664 5749 opinionem
1708 5679 1997 5749 cepissent.

442 5769 679 5840 Plerique
724 5770 864 5827 enim
892 5769 1037 5827 Stulti
1066 5786 1128 5827 ex
1172 5771 1239 5828 iis
1276 5786 1394 5844 qua:
1438 5770 1681 5827 accidunt
1724 5771 1995 5828 calamita-

2110 473 2270 541 tibus,
2295 473 2469 528 solent
2493 473 2652 528 vitam
2682 474 2850 543 ipsam
2870 473 3144 530 criminari
3176 493 3189 529 :
3221 476 3360 547 quod
3394 478 3552 533 etiam
3574 481 3671 550 ipsi

2106 563 2205 619 Job
2229 563 2435 619 accidit.
2455 563 2712 631 Quocirca
2730 566 2776 618 ei
2802 565 2959 619 etiam
2981 565 3246 630 dicebant,
3276 582 3395 622 cum
3423 568 3548 623 nihil
3570 572 3673 625 sci-

2105 656 2299 712 rcntab
2310 672 2376 711 eo
2390 659 2527 711 male
2543 656 2739 711 factum
2765 673 2778 709 :
2798 657 2910 713 Non
2925 657 3082 728 digne
3105 674 3200 728 pro
3217 661 3445 728 peccatis
3467 661 3569 717 tuis
3581 660 3674 716 lla-

2104 748 2327 817 gellatus
2372 761 2450 801 es.
2480 745 2603 814 (Job
2628 748 2720 804 35.
2737 748 2851 818 27).
2878 747 3098 802 Paulum
3125 764 3333 819 quoque
3356 751 3672 806 sceleratum

2105 837 2331 907 aliquem
2352 845 2406 892 et
2431 836 2723 893 maleﬁcum
2746 837 3124 893 existimabant
3157 839 3395 908 barbari,
3426 843 3672 912 quoniam

2104 931 2284 997 vipera
2313 928 2428 998 ejus
2455 943 2667 984 manum
2688 928 3142 1000 apprehenderat,
3164 938 3217 986 et
3236 931 3356 987 ideo
3384 932 3629 989 dicebant
3658 952 3672 987 :

2105 1018 2370 1073 Servatum
2400 1035 2462 1073 ea:
2484 1019 2615 1074 mari
2643 1020 2768 1074 ultio
2795 1037 2894 1074 non
2913 1021 3029 1074 sinit
3056 1020 3189 1074 hunc
3216 1021 3464 1076 hominem
3515 1027 3685 1081 vivere

2104 1111 2239 1181 (Act.
2267 1110 2358 1166 28.
2400 1112 2483 1182 4).
2526 1113 2693 1168 Porro
2750 1111 2929 1168 Semei
2987 1128 3196 1185 quoque
3243 1114 3404 1167 David
3450 1115 3670 1169 vocabat

2104 1199 2457 1267 homicidam,
2503 1208 2719 1271 propter
2759 1202 3111 1261 calamitatem
3155 1204 3291 1260 hanc
3330 1203 3581 1259 nefariam
3606 1204 3675 1259 de

2102 1304 2167 1345 eo
2193 1290 2366 1345 ferens
2392 1293 2708 1346 sententiam
2736 1291 2814 1364 (2.
2840 1292 2968 1362 Reg.
2997 1292 3083 1348 16.
3115 1295 3147 1348 7
3177 1292 3220 1363 ).

2172 1380 2228 1435 8.
2265 1380 2345 1437 Ne
2364 1395 2489 1452 ergo
2518 1381 2745 1451 idipsum
2773 1397 2983 1451 quoque
3008 1383 3154 1438 vobis
3172 1384 3189 1414 ⁸
3218 1383 3442 1452 accidat,
3477 1399 3575 1453 age
3604 1384 3673 1441 de

2105 1469 2189 1526 his
2213 1471 2481 1541 pauliSper
2508 1471 2849 1531 disseramus.
2882 1473 3072 1529 Multos
3097 1475 3238 1529 enim
3287 1477 3445 1531 audio
3484 1476 3672 1532 dicen-

2103 1569 2183 1615 tes
2228 1578 2242 1614 :
2298 1561 2354 1617 Si
2403 1562 2543 1619 Deus
2581 1571 2783 1618 amaret
2828 1579 3124 1634 pauperes,
3168 1581 3274 1620 non
3324 1568 3520 1624 sineret
3555 1582 3677 1624 esse

2102 1668 2397 1723 pauperes;
2427 1670 2614 1710 rursus
2642 1656 2809 1721 alios,
2852 1658 2939 1711 ubi
2984 1660 3285 1727 quempiam
3330 1661 3555 1717 viderint
3596 1663 3679 1716 in-

2104 1745 2356 1801 firmitate
2399 1747 2484 1802 vel
2526 1748 2712 1804 morbo
2739 1750 3030 1805 conﬂictari
3068 1750 3317 1807 diuturno
3345 1770 3364 1809 :
3412 1754 3511 1811 Ubi
3552 1769 3678 1812 sunt

2103 1837 2245 1892 illius
2272 1838 2662 1910 eleemosynae?
2689 1840 2777 1896 ubi
2800 1841 2913 1910 ejus
2942 1841 3256 1899 benefacta?
3281 1844 3359 1899 Ne
3383 1846 3435 1899 in
3454 1846 3535 1901 his
3549 1861 3679 1917 ergo

2106 1927 2339 1995 peccetis
2359 1970 2373 1993 ,
2405 1929 2473 1984 de
2500 1930 2581 1985 his
2609 1930 2753 1985 clare
2781 1941 2837 1986 et
2856 1932 3104 1989 distincte
3130 1934 3424 1990 dicamus'.
3455 1936 3509 1992 Si
3534 1938 3676 1991 enim

2103 2016 2264 2073 homo
2288 2020 2376 2089 qui
2401 2021 2574 2090 sapit,
2615 2036 2715 2077 nec
2742 2023 2907 2079 bonos
2936 2023 3113 2079 odisse
3133 2066 3149 2091 ,
3181 2040 3279 2080 nec
3307 2027 3475 2083 malos
3498 2043 3680 2083 amare

2104 2117 2316 2179 potest,
2361 2115 2632 2182 quomodo
2663 2124 2717 2167 tu
2754 2114 2917 2170 audes
2955 2114 3022 2169 de
3057 2116 3281 2173 Domino
3313 2118 3490 2174 dicere
3512 2160 3528 2186 ,
3575 2120 3678 2174 Eos

2103 2201 2190 2273 qui
2238 2210 2361 2256 sunt
2406 2202 2459 2255 in
2491 2212 2800 2273 paupertate
2836 2204 2948 2260 odit
2987 2205 3126 2262 Deus
3150 2248 3166 2273 ,
3207 2206 3305 2261 etsi
3343 2209 3449 2263 sint
3483 2210 3679 2264 virtute

2103 2293 2306 2362 prmditi
2339 2311 2351 2346 :
2383 2294 2573 2350 divites
2599 2304 2793 2359 autem,
2823 2299 2921 2352 etsi
2946 2298 3051 2351 sint
3089 2298 3265 2353 vitiosi
3308 2308 3362 2353 et
3399 2300 3638 2355 scelerati
3659 2341 3676 2367 ,

2104 2384 2319 2456 diligit;
2368 2386 2683 2443 maledicum
2743 2397 2797 2443 ct
2858 2388 3221 2457 blaSphemum
3280 2405 3341 2445 os
3390 2392 3677 2461 aperiens,

2105 2491 2276 2545 neque
2303 2478 2612 2546 gravitatem
2639 2477 2975 2533 absurditatis
2996 2464 3402 2534 animadvertis?

2179 2569 2314 2625 Deus
2368 2586 2611 2640 quosnam
2642 2580 2801 2626 amat.
2821 2571 2983 2625 —Ne
3009 2587 3135 2642 ergo
3173 2587 3360 2641 pecces
3388 2573 3441 2626 in
3468 2573 3679 2636 talibus,

2106 2660 2250 2715 disce
2274 2659 2397 2729 quid
2432 2661 2569 2714 Deus
2593 2670 2734 2714 amat
2762 2669 2816 2714 et
2839 2661 2970 2715 odit.
2989 2660 3155 2728 Quem
3183 2676 3310 2731 ergo
3338 2672 3480 2717 amat
3501 2662 3682 2718 Deus?

2108 2749 2243 2804 Eum
2274 2751 2358 2823 qui
2406 2750 2651 2805 mandata
2699 2750 2813 2819 ejus
2850 2760 3043 2805 servat.
3086 2750 3217 2804 Eum
3268 2753 3410 2807 enim
3462 2755 3679 2820 amabo,

2108 2841 2295 2909 inquit,
2313 2850 2361 2896 et
2388 2842 2579 2919 ueniam
2600 2841 2670 2895 ad
2688 2858 2799 2895 eum
2827 2841 3002 2911 (Joan.
3031 2842 3119 2897 14.
3147 2842 3237 2897 21.
3267 2841 3362 2911 25)
3391 2859 3404 2896 :
3428 2858 3534 2897 non
3558 2859 3683 2898 eum

2107 2933 2197 3003 qui
2223 2941 2306 2987 est
2329 2932 2512 2997 dives,
2545 2947 2649 2986 non
2688 2947 2808 2986 eum
2838 2932 2927 3002 qui
2950 2947 3111 2987 sanus
3138 2941 3252 2999 est,
3289 2932 3383 2988 sed
3408 2933 3495 3004 qui
3534 2941 3682 3002 paret

2110 3024 2242 3079 meis
2290 3023 2590 3094 praeceptis.
2618 3022 2911 3090 Quemnam
2948 3035 3123 3079 autem
3157 3023 3269 3078 odit
3293 3033 3346 3079 et
3379 3025 3682 3080 aversatur!

2109 3116 2243 3171 Eum
2272 3117 2360 3187 qui
2392 3124 2652 3187 praecepta
2681 3116 2795 3186 ejus
2816 3131 2919 3171 non
2943 3115 3085 3170 facit.
3113 3115 3338 3184 Quando
3363 3133 3488 3187 ergo
3523 3118 3677 3173 vitle—

2108 3209 2184 3262 ris
2210 3209 2464 3279 aliquem,
2495 3210 2584 3278 qui
2616 3218 2877 3279 praecepta
2920 3208 3035 3277 ejus
3072 3224 3180 3265 non
3221 3218 3429 3274 servat,
3473 3209 3680 3264 etiamsi

2109 3314 2271 3355 sanus
2294 3300 2382 3367 sit,
2404 3300 2610 3355 etiamsi
2633 3300 2822 3370 opibus
2849 3298 3028 3354 allluat
3044 3339 3061 3367 ,
3099 3301 3240 3356 refer
3266 3315 3387 3355 eum
3414 3300 3464 3353 in
3490 3315 3678 3355 nume-

2108 3407 2227 3451 rum
2252 3406 2436 3447 eorum
2464 3393 2554 3462 qui
2585 3392 2711 3448 odio
2736 3390 2998 3446 habentur
3024 3410 3036 3447 :
3065 3391 3235 3446 virum
3272 3401 3447 3446 autem
3487 3392 3683 3446 virtute

2111 3483 2412 3554 praeditum,
2437 3482 2643 3538 etiamsi
2668 3491 2923 3553 aegrotum
2946 3482 3140 3538 videris
3168 3493 3221 3539 et
3257 3483 3430 3552 in0pia
3455 3497 3679 3552 oppres-

2108 3589 2244 3639 sum,
2276 3573 2414 3626 inter
2437 3586 2532 3627 eos
2558 3572 2648 3642 qui
2672 3582 2920 3626 amantur
2945 3588 3256 3627 annutnera.
3306 3572 3420 3626 Non
3447 3572 3587 3628 enim
3625 3573 3679 3627 in

2110 3666 2192 3725 his
2211 3665 2453 3721 consistit
2474 3664 2726 3732 amicitia,
2755 3664 2847 3719 sed
2875 3664 2929 3718 in
2959 3665 3083 3719 illis.
3115 3665 3303 3718 Annon
3347 3663 3494 3718 vides
3521 3664 3678 3718 etiam

2109 3760 2163 3814 in
2206 3759 2361 3813 rebus
2391 3756 2672 3824 humanis,
2716 3771 2900 3826 regum
2937 3757 3136 3811 amicos
3165 3755 3218 3809 in
3257 3754 3411 3809 bellis
3450 3755 3677 3811 maxima

2109 3850 2254 3907 adire
2282 3849 2536 3919 pericula,
2567 3857 2622 3903 et
2656 3848 2895 3917 accipere
2919 3846 3164 3910 vulnera,
3198 3855 3252 3901 et
3279 3861 3497 3916 peregre
3524 3846 3681 3915 proﬁ-

2109 3940 2274 3995 cisci?
2314 3939 2427 3993 Non
2463 3939 2707 3993 audivisti
2735 3938 2877 4007 quod
2902 3937 3154 4006 scriptum
3179 3947 3261 3990 est
3285 3954 3297 3988 :
3330 3936 3491 4001 Quem
3517 3936 3681 4006 diligit

2112 4030 2377 4093 Dominus,
2401 4031 2614 4100 castigat
2647 4046 2666 4083 :
2692 4029 2919 4100 ﬂagellat
2946 4037 3119 4081 autem
3146 4044 3340 4083 omnem
3362 4028 3680 4096 ﬁliumquem

2107 4124 2283 4193 recipit
2310 4122 2492 4190 (Hebr.
2526 4123 2612 4176 12.
2644 4121 2738 4189 6)?
2785 4122 2853 4175 At
2882 4120 3066 4185 multi,
3107 4120 3302 4188 inquit,
3335 4118 3681 4174 oll‘enduntur

2109 4216 2225 4270 haec
2253 4214 2511 4269 videntes.
2552 4214 2666 4268 Non
2690 4215 2923 4284 ipsorum
2953 4227 3133 4277 causa,
3163 4211 3255 4266 sed
3284 4220 3496 4280 propter
3527 4225 3676 4266 suam

2106 4307 2403 4364 stultitiam.
2445 4305 2559 4360 Non
2585 4306 2741 4360 datur
2764 4305 2902 4359 enim
2931 4304 3017 4357 hic
3046 4303 3197 4356 nobis
3226 4302 3464 4356 laborum
3502 4317 3681 4356 remu-

2109 4398 2313 4453 neratio
2333 4412 2347 4463 ;
2370 4395 2463 4450 sed
2487 4403 2610 4450 sunt
2634 4394 2941 4464 hicquidem
2959 4391 3185 4448 stadium
3212 4399 3438 4446 etareua
3463 4406 3476 4442 :
3498 4401 3676 4460 postea

2109 4495 2284 4543 autem
2327 4497 2484 4540 erunt
2533 4484 2747 4554 praemia
2790 4491 2844 4537 et
2882 4496 3114 4535 coronae.
3166 4479 3221 4534 ln
3269 4490 3507 4546 tempore
3551 4494 3679 4548 ergo

2108 4578 2264 4633 lucta:
2300 4584 2355 4631 et
2392 4575 2447 4630 in
2481 4575 2566 4630 die
2601 4571 2853 4642 pancratii
2895 4569 2968 4644 (a)
3013 4585 3079 4627 ne
3107 4584 3313 4640 quaeras
3348 4569 3577 4637 quietem
3622 4577 3680 4622 et

2107 4668 2270 4724 animi
2295 4666 2662 4721 remissionem
2685 4680 2697 4717 :
2720 4677 2819 4717 nec
2847 4659 3135 4715 confundas
3155 4668 3410 4727 tempora.
3439 4657 3506 4712 At
3524 4657 3676 4711 inulti

2104 4766 2250 4825 sunt,
2282 4755 2473 4826 inquit,
2502 4753 2893 4809 imbecilliores.
2935 4749 3040 4806 Sed
3079 4750 3217 4803 Deus
3252 4748 3334 4802 liis
3367 4749 3523 4803 etiam
3551 4764 3676 4817 pro-

2107 4849 2269 4913 vidit;
2301 4855 2355 4900 et
2375 4845 2615 4913 permisit
2639 4852 2696 4898 ut
2735 4841 2888 4896 multi
2924 4840 3082 4896 etiam
3120 4839 3248 4908 justi
3274 4836 3359 4893 hic
3385 4852 3593 4906 quoque
3622 4838 3676 4892 in

2107 4942 2455 5013 prosperitate
2480 4946 2715 5008 agerent,
2743 4951 2851 4990 non
2895 4941 3113 5004 propter
3138 4931 3254 4986 illos
3278 4973 3293 4997 ,
3339 4930 3432 4985 sed
3460 4941 3677 5000 prepter

2107 5031 2498 5088 imbecilliores.
2530 5027 2704 5094 Quare
2727 5025 2827 5079 etsi
2858 5034 2911 5078 te
2931 5021 3200 5077 oﬁ‘endunt
3224 5021 3313 5089 qui
3338 5019 3523 5074 suntin
3541 5018 3678 5072 afﬂi-

2106 5126 2303 5190 ctione,
2333 5119 2599 5176 mdiﬁceut
2625 5131 2809 5173 rursus
2834 5114 2924 5186 qui
2953 5115 3006 5168 in
3045 5113 3223 5183 quiete
3250 5112 3411 5165 vitam
3434 5110 3629 5180 degunt
3658 5128 3671 5165 :

2105 5219 2224 5276 etsi
2254 5228 2305 5273 te
2333 5215 2672 5286 supplantant
2710 5208 2961 5277 scelesti,
2993 5207 3081 5277 qui
3125 5205 3287 5260 rebus
3330 5212 3550 5258 utuntur
3586 5216 3676 5256 sc-

2169 5347 2531 5406 tColb.,nobis.
2601 5405 2616 5409 Α
2690 5406 2700 5409 Α
2796 5402 2807 5409 _
3111 5405 3119 5409 _
3193 5397 3224 5409 _.
3318 5398 3331 5409 .
3549 5398 3560 5408 .

2168 5414 2189 5444 ³
2212 5396 2358 5461 sint:
2373 5396 2427 5459 in
2438 5396 2726 5470 textulegit
2740 5440 2773 5470 ,_
2788 5402 2892 5470 huic
2924 5405 3147 5451 accurate
3170 5397 3526 5470 disquiremus,"
3548 5396 3676 5470 idem

2105 5459 2313 5535 coniecit
2354 5472 2404 5535 in
2447 5459 2693 5535 margine",
2720 5464 3058 5535 disquiramus.
3085 5469 3186 5511 Mox
3209 5459 3286 5509 hae
3309 5472 3467 5519 voces,
3493 5459 3555 5507 de
3581 5465 3677 5506 Do-

2104 5523 2251 5596 min'o,
2276 5533 2503 5596 omittunt
2523 5523 2687 5596 savil_._,
2712 5523 3031 5596 negletqolb.
3134 5582 3145 5594 υ
3226 5595 3232 5596 γ

2167 5584 2248 5657 (α)⁷
2268 5602 2323 5657 In
2342 5593 2418 5657 die
2435 5584 2689 5655 pancratii,
2707 5584 2804 5638 seti
2814 5587 2965 5657 omnis
2980 5584 3168 5649 generis
3184 5584 3523 5657 certaminum:
3537 5584 3681 5657 Erant

2105 5652 2268 5707 autem
2300 5652 2519 5715 ludorum
2542 5664 2725 5715 genera
2746 5652 2979 5715 quinque,
3001 5659 3110 5715 quae
3131 5657 3226 5715 una
3249 5655 3367 5715 vo_ce
3382 5653 3572 5715 ﬁngam
3596 5653 3681 5715 γε.

2106 5700 2468 5767 animasse
2483 5700 2624 5765 deure
2644 5713 2756 5763 vide
2766 5700 2830 5762 'in
2845 5700 3068 5772 Antiquit.
3092 5712 3272 5765 nostra,
3293 5711 3438 5753 Temo
3457 5700 3583 5762 5,lib
3624 5700 3660 5748 3

2110 5792 2220 5843 pag.
2236 5777 2348 5828 291.
