4074 6356
239 392 305 452 9|
946 444 950 448 Α
1375 392 1743 453 EXPOSITIO
1779 394 1851 451 IN
1889 395 2216 460 PSALMUM
2252 403 2366 460 VII.
3447 416 3521 474 Ἦ

240 504 432 576 ἕτερόν
460 506 1125 579 φασινῶτιέπηγγείλατο
1143 509 1448 583 ἐχθραίνειν
1476 516 1587 577 τοῖς
1616 513 1843 585 ἐχθροῖς.

243 598 434 653 αὑτοῦ.
465 596 578 652 Καὶ
613 600 936 670 συναγωγὴ
984 600 1152 656 λαῶν
1182 603 1485 658 κυκλώσει
1519 622 1612 660 σε.
1649 606 1832 677 Μηδὲν

246 690 589 763 ἀνθρώπινον
608 691 744 762 μηδὲ
763 692 992 745 ἐνταῦθα
1014 694 1311 751 ὑπόπτευε.
1325 696 1441 751 Κᾶν
1462 698 1572 771 γὰρ
1587 701 1642 752 αἱ
1659 698 1833 765 λέξεις

240 783 516 846 τοιαῦται,
559 782 695 835 ἀλλὰ
744 783 813 836 τά
844 784 1092 855 νοήματα
1132 787 1434 861 θεοπρεπῆ.
1474 791 1540 844 Τί
1581 787 1675 846 οὖν
1713 794 1831 846 ἐστι

240 875 320 938 τι,
354 873 669 931 Κυκλώσει
721 889 829 941 σε;
868 877 1013 930 Ἀντί.
1059 877 1177 938 τοῦ,
1207 880 1401 952 ᾅσεταί
1454 900 1558 947 σοι,
1595 884 1830 956 ὑμνήσει

242 985 324 1030 σε,
368 966 646 1038 εὐφημίαν
699 967 837 1021 οίσει
897 985 978 1022 σοι
1045 970 1268 1042 πολλήν.
1315 972 1532 1047 Ἐπειδὴ
1578 976 1690 1048 γάρ
1741 976 1829 1032 διὰ

240 1059 419 1132 χορῶν
466 1059 628 1113 τοῦτο
670 1059 910 1124 ἐποίουν,
949 1061 1136 1134 κύκλῳ
1188 1067 1598 1136 περιιστάμενοι
1646 1070 1707 1122 ἐν
1750 1069 1832 1142 τῷ

238 1152 355 1221 ναῷ
388 1151 566 1204 καὶέν
596 1148 676 1222 τῷ
705 1150 1093 1224 θυσιαστηρίῳ,
1136 1156 1232 1208 καὶ
1270 1154 1416 1210 οὑτω
1459 1158 1560 1222 τὰς
1601 1160 1830 1234 εὐχαρι-

242 1242 396 1304 στίας
422 1240 709 1311 ἀνέφερον,
737 1241 847 1295 ἀπὺ
879 1242 974 1297 τοῦ
1013 1245 1294 1315 σχήματος
1320 1251 1424 1319 τῆς
1456 1250 1699 1316 στάσεως
1729 1254 1845 1306 αὑ-’

237 1333 350 1385 τῶν
398 1333 499 1401 τὴν
549 1333 829 1404 εὐφημίαν
876 1336 1115 1406 ᾐνίξατο.
1165 1341 1230 1393 Ὃ
1289 1340 1346 1393 δὲ
1391 1341 1541 1411 λέγει
1588 1345 1832 1402 τοιοῦτόν

240 1429 423 1481 ἐστιν’
450 1425 752 1496 Ἑπέξελθε,
768 1428 1052 1499 βοήθησον.
1096 1432 1268 1486 Τοῦτο
1297 1434 1408 1506 γάρ
1441 1452 1501 1488 σε
1544 1438 1637 1490 καὶ
1678 1440 1829 1511 παρὰ

237 1520 355 1580 τοῖς
374 1516 589 1589 ἐχθροῖς
621 1518 823 1589 ὑψηλὸν
861 1524 1097 1591 ποιήσει,
1133 1524 1229 1577 καὶ
1254 1526 1408 1597 παρὰ
1436 1526 1533 1581 τοῦ
1563 1528 1693 1583 λαοῦ
1728 1546 1827 1583 σου

239 1609 445 1673 πολλὰς
475 1608 613 1663 οἴσει
635 1621 662 1650 ι
690 1609 791 1674 τὰς
818 1611 1110 1682 εὐφημίας.
1140 1614 1285 1684 Ὅρα
1326 1615 1445 1680 πῶς
1480 1618 1540 1670 οὐ
1570 1617 1630 1670 τὸ
1661 1616 1827 1672 αὑτοῦ

238 1700 423 1771 ζητεῖ,
466 1701 600 1754 άλλά
636 1701 696 1755 τὸ
741 1703 837 1755 τοῦ
881 1703 1041 1759 Θεοῦ.
1093 1706 1378 1776 Πανταχοῦ
1412 1707 1525 1780 γὰρ
1577 1709 1830 1779 βούλεται

237 1794 336 1846 καὶ
368 1793 517 1866 παρὰ
540 1797 652 1858 τοῖς
678 1794 917 1867 ἐχθροῖς,
951 1798 1048 1849 καὶ
1082 1797 1235 1868 παρὰ
1265 1801 1377 1862 τοῖς
1402 1801 1623 1864 οἰκείοις
1663 1802 1828 1855 αὐτὸν

236 1885 573 1951 δοξάζεσθαι.
590 1886 699 1940 Καὶ
727 1887 879 1958 ὑπὲρ
896 1890 1120 1956 ταύτης
1139 1894 1227 1956 εὶς
1254 1890 1414 1959 ὕψος
1430 1892 1827 1962 ἐπίστρεψον.

248 1977 421 2046 Ὑπὲρ
463 1980 705 2045 ταύτης,
736 1981 908 2048 τίνος;
954 1982 1068 2046 Τῆς
1097 1986 1442 2055 συναγωγῆς,
1476 1982 1642 2055 φησί’
1672 2004 1830 2040 τουτ-

237 2068 389 2128 έστι,
432 2068 518 2122 διὰ
552 2069 758 2141 ταύτην
806 2075 912 2139 Εἰς
955 2073 1115 2141 ὕψος
1161 2074 1570 2145 ἐπίστρεψονο
1613 2077 1830 2148 ὕψωσον

233 2160 412 2229 ἡμᾶς.
455 2159 700 2230 ἀνάγαγε
751 2163 899 2233 ἡμᾶς
921 2203 934 2225 .
979 2163 1160 2235 ὑψηλὰ
1213 2164 1440 2236 ποίησον
1490 2166 1828 2239 πράγματα,

235 2251 629 2324 λαμπροτέραν
657 2253 825 2325 αὑτὴν
868 2256 961 2308 καὶ
997 2259 1270 2328 περιφανῆ
1312 2257 1559 2329 ποίησον,
1605 2260 1697 2312 ἐπὶ
1729 2262 1829 2331 τὴν

234 2343 512 2415 προτέραν
538 2345 709 2416 αὐτὴν
737 2346 1041 2416 εὐπραγίαν
1074 2348 1411 2419 ἐπανάγαγε.
1443 2353 1586 2421 Ὅρα
1613 2352 1668 2407 δὲ
1700 2370 1831 2406 παν-

232 2433 401 2504 ταχοῦ
430 2437 547 2500 ταῖς
584 2437 887 2507 ἱκετηρίαις
919 2437 1303 2507 άναμιγνύντα
1335 2441 1428 2493 καὶ
1457 2439 1826 2494 διδασκαλίαν.

232 2526 347 2580 Καὶ
377 2525 486 2599 γάρ
534 2527 641 2599 πρὸ
682 2528 873 2581 τούτου
932 2528 1121 2594 εἰπὼν,
1157 2531 1553 2599 Οὶκτείρησόν
1586 2549 1685 2600 με,
1724 2531 1827 2586 καί

231 2614 603 2671 είσάκουσόν
634 2634 777 2686 μου,
807 2616 1000 2688 τρέπει
1033 2618 1125 2671 τὸν
1169 2619 1327 2687 λόγον
1376 2622 1455 2683 εἰς
1488 2621 1826 2694 συμϐουλὴν,

232 2708 377 2762 οὕτω
412 2709 587 2779 λέγων
607 2727 620 2739 ·
673 2710 796 2765 Υἱοὶ
831 2710 1159 2780 ἀνθρώπων
1190 2711 1302 2777 ἕως
1335 2713 1484 2766 πότε
1516 2713 1828 2782 ,ϐαρυκάρ-

231 2798 383 2866 διοι;
428 2800 541 2854 Καὶ
584 2800 819 2855 ἐνταῦθα
860 2801 1056 2869 είπὼν,
1096 2804 1203 2867 Εἰς
1236 2802 1394 2871 ῦψος
1432 2804 1826 2874 ἑπίστρεψον,

233 2893 436 2961 Κύριε,
489 2895 689 2962 ἐπάγει
712 2913 726 2926 ·
781 2895 1000 2964 Κύριος
1051 2895 1248 2963 κρινεῖ
1279 2897 1490 2963 λαούς.
1521 2898 1716 2962 Ἀλλος
1769 2899 1826 2953 δέ

232 3001 404 3055 φησι,
456 2987 677 3052 Κύριος
727 2985 981 3041 δικάσει.
1036 2987 1288 3040 Διδάσκει
1338 2988 1467 3051 τοὺς
1507 2988 1826 3059 νομίζοντας

234 3076 421 3141 ἁπλῶς
458 3079 555 3131 καὶ
584 3077 660 3142 ὡς
686 3077 876 3148 ἔτυχεν
902 3080 1116 3133 ἅπαντα
1150 3079 1434 3151 φέρεσθαι,
1480 3079 1563 3133 ὅτι
1597 3081 1825 3151 πρόνοιά

228 3185 316 3232 τις
334 3169 609 3239 ἐφέστηκε
633 3172 743 3233 τοῖς
776 3170 1118 3241 πράγμασιν,
1144 3171 1453 3226 ἀπαιτοῦσα
1471 3171 1701 3236 εὐθύνας
1713 3172 1823 3228 τῶν

228 3259 552 3331 γινομένων.
582 3259 777 3331 Κρίσιν
805 3260 864 3313 δέ
896 3260 1131 3315 ἐνταῦθα
1165 3263 1266 3334 τήν
1295 3279 1358 3315 τε
1393 3262 1694 3332 μέλλουσαν
1736 3263 1819 3317 λέ-

228 3369 336 3421 γει,
368 3353 473 3423 τήν
503 3369 566 3405 τε
609 3350 910 3423 παροῦσαν.
960 3354 1107 3407 Ἐκεῖ
1155 3355 1252 3425 μὲν
1297 3356 1407 3427 γάρ
1456 3357 1687 3411 καθόλου
1728 3359 1821 3411 καὶ

228 3447 261 3515 ἡ
300 3444 483 3515 σαφὴς
515 3444 700 3515 ἐκείνη
722 3461 736 3475 ο
773 3447 838 3498 ἐκ
872 3445 1070 3517 μέρους
1108 3447 1164 3501 δὲ
1208 3447 1304 3499 καὶ
1339 3448 1573 3503 ἐνταῦθα
1598 3452 1823 3504 ἀπαιτεῖ

226 3532 403 3598 δίκας,
449 3533 579 3597 τούς
634 3549 695 3586 τε
747 3534 1149 3607 ῥᾳθυμοτέρως
1201 3535 1503 3607 διεγείρων,
1552 3540 1646 3592 καὶ
1693 3542 1820 3604 τοὺς

230 3624 621 3694 ἀπιστοτέρους
654 3624 1018 3694 ἐφελκόμενος
1052 3628 1132 3689 είς
1163 3627 1264 3698 τὴν
1302 3626 1511 3681 ἔννοιαν
1547 3632 1648 3700 τῆς
1690 3632 1821 3703 περὶ

229 3716 327 3771 τοῦ
361 3718 564 3781 παντὸς
597 3718 876 3788 προνοίας.
907 3719 1129 3787 Κρῖνόν
1150 3738 1247 3789 με,
1278 3723 1475 3791 Κύριε,
1517 3725 1669 3780 κατὰ
1705 3725 1822 3793 τὴν

226 3810 627 3879 δικαιοσύνην
661 3830 802 3882 μου.
840 3812 1061 3879 Ἀλλος,
1098 3814 1262 3868 Κατὰ
1300 3815 1367 3868 τὸ
1414 3815 1653 3871 δίκαιόν
1674 3838 1816 3888 μου.

226 3904 340 3957 Καὶ
381 3904 535 3958 κατὰ
581 3902 700 3973 τὴν
736 3905 997 3959 ἀκακίαν
1024 3924 1145 3975 μου
1202 3907 1295 3960 ἐπ’
1341 3909 1494 3978 ἐμοί.
1527 3913 1818 3966 Συντελε-

230 3991 436 4061 σθήτω
490 3988 569 4062 δὴ
621 3996 885 4063 πονηρία
945 3995 1328 4066 ἁμαρτωλῶν.
1375 3999 1569 4064 ’Ἄλλος
1627 4003 1815 4073 φησὶν,

240 4084 677 4152 Ἀπαρτισθήτω
724 4085 989 4153 κάκωσις
1037 4088 1188 4141 κατὰ
1239 4088 1358 4142 τῶν
1409 4090 1665 4146 ἀσεϐῶν.
1706 4094 1815 4148 Καὶ

225 4176 616 4242 κατευθυνεῒς
666 4177 922 4234 δίκαιον.
957 4178 1152 4243 Ἀλλος
1175 4219 1189 4242 ,
1234 4180 1342 4233 Καὶ
1395 4182 1670 4250 ἑδράσεις
1724 4185 1816 4239 δί-

228 4282 425 4322 καιον.
450 4267 573 4331 Πῶς
589 4270 618 4320 6
640 4268 816 4337 λέγων
832 4269 1158 4340 άλλαχοῦ,Μ
1164 4270 1197 4337 ὴ
1215 4271 1496 4341 εἰσέλθῃς
1507 4276 1592 4340 είς
1612 4276 1820 4343 κρίσιν

218 4360 376 4429 μετὰ
395 4358 501 4413 τοῦ
518 4360 741 4416 δούλου
759 4377 895 4424 σου,
918 4362 1153 4417 ἐνταῦθά
1169 4381 1320 4435 φησι,
1338 4365 1560 4434 Κρῖνόν
1570 4385 1649 4437 με
1663 4370 1816 4423 κατὰ

221 4449 346 4517 τὴν
369 4447 774 4519 δικαιοσύνην
801 4468 957 4521 μου;
985 4454 1108 4506 Ὅτι
1140 4454 1329 4527 ἕτερον
1368 4456 1544 4523 τοῦτο,
1578 4460 1672 4513 καὶ
1706 4460 1817 4514 ἐτε-

226 4557 324 4611 ρον
354 4541 550 4594 ἐκεῖνο.
588 4542 738 4596 Ἐκεῖ
780 4544 877 4615 μὲν
909 4546 1017 4617 γὰρ
1052 4544 1248 4615 λέγων,
1274 4549 1369 4617 Μὴ
1397 4552 1682 4622 εἰσέλθῃς
1725 4556 1813 4622 εὶς

223 4630 436 4699 κρίσιν
454 4630 607 4699 μετὰ
633 4633 740 4686 τοῦ
778 4633 1003 4689 δούλου
1046 4652 1185 4701 σου,
1227 4636 1302 4709 μὴ
1346 4640 1541 4712 κριθῇς
1576 4644 1639 4696 σὺ
1674 4643 1813 4715 πρὸς

223 4720 350 4792 ἐμὲ,
392 4721 559 4793 δηλοῖ,
598 4724 733 4795 μηδέ
760 4726 906 4807 πρὸς
940 4729 1416 4801 άντιπαράθεσινδ
1448 4733 1556 4787 τῶν
1590 4735 1813 4807 εὐεργε-

226 4811 362 4863 σιῶν
388 4792 497 4865 τῶν
530 4792 686 4884 παρά
716 4792 824 4868 σῶ-
845 4817 933 4869 τὸν
966 4818 1100 4888 ἐμὸν
1132 4792 1246 4889 βίον
1282 4820 1565 4895 ἐξετάσῃς.
1596 4792 1812 4880 Διδκαὶ

223 4906 527 4975 ἐπήγαγεν,
553 4906 673 4959 Ὅτι
694 4909 767 4961 οὺ
791 4906 1245 4980 δικαιωθήσεται
1266 4915 1523 4971 ἐνώπιόν
1546 4931 1664 4972 σου
1692 4916 1811 4984 πᾶς

224 4993 360 5063 ὧν,
374 4997 642 5061 τουτέστι,
661 4997 795 5070 πρὸς
814 5000 873 5053 σέ
890 5002 1227 5074 κρινόμενος.
1252 5004 1368 5079 [62]
1396 5009 1657 5064 Ἐνταῦθα
1676 5012 1732 5066 δὲ
1747 5015 1808 5067 οὑ

224 5086 387 5141 τοῦτό
418 5105 583 5159 φησιν
603 5106 617 5120 ⁸
647 5091 708 5143 οὑ
734 5092 844 5164 γὰρ
873 5093 1012 5164 πρὸς
1041 5096 1204 5151 αὑτὸν
1235 5100 1516 5171 κρίνεσθαι
1539 5103 1808 5175 βούλεται,

222 5178 363 5234 ἀλλὰ
402 5180 540 5253 πρὸς
565 5183 772 5238 ἑαυτόν.
810 5184 900 5238 Διὸ
933 5187 1048 5251 καὶ,
1075 5190 1242 5245 Κατὰ
1275 5192 1390 5261 τὴν
1413 5195 1812 5268 δικαιοσύνην

218 5289 363 5342 μου,
390 5270 535 5342 εῐπε,
556 5278 824 5345 τουτέστι,
858 5283 1000 5337 κατὰ
1020 5283 1119 5356 τὴν
1140 5284 1491 5356 δικαιοσύνην
1517 5288 1619 5360 τὴν
1648 5291 1807 5363 ἐμήν.

223 5365 583 5439 Δικαιοσύνην
620 5368 678 5421 δὲ
720 5371 953 5427 ἐνταῦθα
981 5374 1152 5444 λέγει,
1192 5378 1254 5430 τὸ
1289 5376 1365 5448 μὴ
1403 5378 1567 5451 ἄρξαι
1610 5384 1811 5454 χειρῶν

224 5456 457 5510 ἀδίκων·
486 5459 625 5531 ὅπερ
664 5459 849 5531 ἔλεγεν
888 5466 1168 5539 ἀνωτέρω,
1200 5472 1273 5524 El
1309 5471 1571 5539 ἐποίησα
1608 5476 1809 5542 τοῦτο,

226 5548 323 5601 καὶ
354 5548 427 5603 τὰ
456 5549 607 5619 ἑξῆς.
639 5552 713 5607 Τὸ
754 5555 889 5609 αὐτὸ
920 5557 977 5611 δὲ
1003 5559 1161 5616 τοῦτο
1190 5561 1343 5634 δηλοῖ
1376 5564 1457 5629 τὸ,
1497 5570 1661 5623 Κατὰ
1698 5568 1814 5639 τὴν·

224 5641 483 5699 ἀκακίαν
509 5660 629 5714 μου
648 5662 662 5676 ο
695 5647 837 5707 κατὰ
863 5649 1024 5706 τοῦτο
1054 5652 1317 5726 βούλομαι
1344 5658 1620 5732 κριθῆναι,
1654 5664 1807 5733 φησί.

289 5795 316 5868 ξ
338 5795 448 5868 Quo
465 5810 583 5868 mss.
601 5799 736 5868 παρὰ
759 5803 830 5868 τῷ
858 5804 960 5868 λαῷ
979 5822 1068 5855 σου
1091 5809 1271 5868 πολλάς
1296 5811 1496 5864 ἀνοίσει.

286 5855 315 5897 b
339 5855 461 5922 Reg.
491 5867 544 5911 et
566 5855 695 5912 anui
716 5855 830 5928 πρὸξ
862 5855 1145 5924 beatam;

1943 519 2119 592 Πολλὴ
2150 523 2247 576 καὶ
2274 523 2511 579 ἐνταῦθα
2543 527 2576 597 ή
2610 526 2892 599 παρρησία
2924 528 3026 583 τοῦ
3055 529 3285 587 δικαίου.
3329 532 3516 589 Ταῦτα

1935 607 1993 660 δὲ
2029 609 2176 679 λέγει
2209 614 2290 676 είς
2341 614 2587 686 ἀνάγκην
2645 616 2923 685 ἐμπεσών.
2976 620 3140 673 Ποίαν
3172 620 3235 690 δὴ
3270 622 3512 693 ταύτην;

1938 696 2060 751 Ὅτι
2092 701 2337 771 πονηράν
2370 702 2523 774 παρά
2563 705 2778 768 πολλοῖς
2819 706 3099 775 ἀνοήτοις,
3134 707 3228 777 ἀφ’
3268 702 3343 762 ὧν
3376 709 3513 763 ἐπα-

1937 799 2084 853 σχεν,
2129 788 2326 841 ἐκτᾶτο
2362 788 2542 854 δόξαν.
2591 792 2655 844 Ol
2701 794 2811 863 γὰρ
2861 793 3047 847 πολλοὶ
3090 795 3201 848 τῶν
3247 797 3529 867 ἀνοήτων,

1934 871 2042 924 ἀπὸ
2071 873 2182 928 τῶν
2220 877 2516 949 συμφορῶν
2548 879 2643 932 καὶ
2679 879 2773 932 τὸν
2810 879 2924 950 βίον
2965 882 3273 935 διαϐάλλειν
3313 883 3513 937 εἰώθα-

1938 975 2053 1011 σιν·
2079 961 2217 1033 ὅπερ
2261 966 2357 1017 καὶ
2399 967 2493 1018 ἐπὶ
2528 966 2624 1019 τοῦ
2658 966 2779 1019 Ἰὼϐ
2816 968 3027 1036 γέγονε,
3060 970 3152 1022 Διὸ
3178 971 3271 1023 καὶ
3305 970 3512 1040 ἔλεγον,

1938 1048 2106 1119 μηδὲν
2125 1051 2278 1123 αὐτῷ
2299 1054 2598 1119 συνειδότες
2619 1056 2873 1128 πονηρόν·
2886 1057 3001 1112 Οὐκ
3018 1057 3143 1124 ἄξια
3165 1052 3239 1113 ὧν
3255 1061 3286 1129 ή
3298 1059 3476 1132 μάρτη
3493 1089 3511 1101 -

1934 1151 2038 1200 κας
2064 1140 2504 1210 μεμαστίγωσαι.
2530 1144 2641 1197 Καὶ
2667 1144 2760 1196 τὸν
2788 1143 3001 1199 Παῦλον
3037 1146 3095 1199 δὲ
3132 1149 3365 1218 πονηρόν
3390 1166 3515 1202 τινα
3594 1180 3601 1187 -

1933 1225 2030 1278 καὶ
2080 1227 2387 1298 κακοῦργον
2433 1229 2600 1301 ᾤοντο
2637 1228 2774 1285 εἶναι
2815 1234 2864 1285 οἱ
2902 1232 3165 1305 βάρϐαροι
3188 1275 3203 1296 ,
3255 1237 3441 1307 ἐπειδὴ
3476 1239 3511 1308 ή

1932 1314 2049 1386 ἔχις
2092 1316 2271 1386 εἴχετο
2300 1318 2467 1371 αὑτοῦ
2516 1320 2614 1390 τῆς
2655 1321 2858 1391 χειρός.
2895 1320 2985 1373 Διὸ
3026 1323 3120 1374 καὶ
3159 1321 3364 1390 ἔλεγον,
3397 1326 3512 1376 Σω-

1933 1403 2113 1459 θέντιι
2142 1404 2250 1457 τὸν
2277 1404 2591 1474 ἄνθρωπον
2620 1408 2835 1461 τοῦτον
2861 1408 2931 1461 ἐκ
2975 1408 3086 1477 τῆς
3125 1410 3445 1477 θαλάσσης
3477 1412 3513 1480 ἡ

1932 1492 2070 1560 δίκη
2109 1490 2217 1560 ζῇν
2257 1495 2368 1548 οὐκ
2407 1494 2596 1550 εἴασε.
2631 1497 2743 1550 Καὶ
2784 1499 2812 1550 6
2855 1498 3049 1567 Σεμεεὶ
3093 1498 3150 1551 δέ
3193 1498 3517 1570 ἀνδροφόνον

1933 1579 2117 1633 ἐκάλει
2164 1579 2256 1633 τὸν
2308 1580 2502 1645 Δαυῒδ,
2547 1583 2656 1635 ἀπὸ
2695 1584 2792 1655 τῆς
2843 1586 3123 1657 συμφορᾶς
3171 1586 3376 1659 ταύτην
3417 1588 3519 1659 τὴν

1933 1668 2174 1738 πονηρὰν
2207 1669 2335 1740 περὶ
2365 1668 2530 1722 αὑτοῦ
2558 1669 2739 1742 φέρων
2767 1670 2965 1742 ψῆφον.

2000 1763 2072 1828 η’.
2106 1755 2202 1810 Ἴν⁹
2231 1753 2324 1810 οῦν
2346 1758 2441 1810 καὶ
2479 1759 2635 1829 ὑμεῖς
2674 1759 2747 1830 μὴ
2769 1760 2926 1813 τοῦτο
2956 1760 3167 1832 πάθητε
3195 1771 3241 1829 ο,
3261 1761 3394 1834 φέρε
3426 1779 3519 1833 μι-

1932 1846 2064 1915 κρὸν
2119 1845 2247 1915 περὶ
2292 1846 2496 1898 τούτων
2547 1846 2939 1917 διαλεχθῶμεν.
2990 1848 3102 1901 Καὶ
3150 1849 3259 1921 γὰρ
3310 1849 3522 1903 πολλῶν

1931 1935 2115 1989 ἀκούω
2154 1933 2445 2004 λεγόντωνο
2467 1932 2531 1986 Εἰ
2558 1935 2733 2005 ἐφίλει
2759 1938 2788 1990 6
2817 1937 2948 2002 Θεὸς
2975 1939 3101 2002 τοὺς
3129 1939 3390 2010 πένητας,
3418 1940 3521 1995 οὑκ

1932 2021 2000 2076 ἂν
2037 2022 2218 2076 εἴασεν
2250 2016 2387 2076 εἶναι
2420 2022 2658 2094 πένητας
2679 2040 2693 2053 ⁸
2726 2024 2929 2094 ἐτέρων
2956 2025 3158 2093 πάλιν,
3201 2027 3330 2081 ὅταν
3370 2025 3522 2081 ἴδωσί

1930 2129 2054 2164 τινα
2100 2111 2384 2183 ἀρρωστίᾳ
2424 2111 2517 2165 καὶ
2550 2111 2691 2183 νόσῳ
2723 2114 2912 2185 μακρᾷ
2954 2113 3280 2168 παλαίοντα*
3310 2114 3416 2168 Ποῦ
3462 2117 3521 2168 αἱ

1933 2199 2297 2269 ἐλεημοσύναι
2338 2198 2433 2253 τοῦ
2477 2199 2683 2266 δεῖνος;
2715 2201 2819 2254 ποῦ
2851 2201 2910 2254 δὲ
2952 2203 3009 2256 αἱ
3048 2203 3384 2274 εὐπραγίαι;
3419 2198 3518 2257 ’Ὶν’

1934 2281 2027 2339 οῦν
2057 2287 2131 2357 μὴ
2159 2286 2385 2338 τοιαῦτα
2414 2287 2790 2358 άμαρτάνητε,
2819 2289 2910 2342 τὸν
2936 2292 3067 2362 περὶ
3100 2291 3306 2345 τούτων
3333 2291 3360 2331 ἀ
3385 2292 3522 2345 διευ-

1932 2377 2281 2446 κρινήσωμεν
2309 2374 2488 2443 λόγον.
2519 2376 2584 2430 Εί
2615 2375 2724 2447 γὰρ
2747 2377 3034 2449 ἄνθρωπος
3058 2378 3181 2434 νοῦν
3207 2379 3367 2451 ἔχων,
3392 2380 3519 2437 οὔτε

1936 2463 2257 2534 μισάγαθος,
2287 2462 2409 2517 οὔτε
2438 2463 2798 2536 φιλοπόνηρος
2826 2467 3019 2536 γένοιτ’
3040 2468 3128 2533 ἂν,
3162 2470 3278 2534 πῶς
3308 2471 3372 2523 σὺ
3398 2470 3520 2523 τολιν

1936 2553 2044 2622 μᾷς
2071 2551 2299 2604 τοιαῦτα
2331 2551 2514 2619 λέγειν
2542 2553 2673 2624 περὶ
2712 2555 2946 2625 Κυρίου,
2973 2557 3055 2608 ὅτι
3092 2558 3218 2620 τοὺς
3247 2559 3304 2610 ἐν
3334 2559 3517 2631 πενίᾳ,

1931 2639 2035 2691 κᾶν
2074 2639 2131 2691 ἐν
2164 2640 2335 2711 ἀρετῇ
2370 2635 2492 2705 ὦσι,
2526 2645 2675 2710 μισεῖ
2699 2644 2727 2695 6
2757 2642 2911 2709 Θεὸς,
2942 2646 3071 2708 τοὺς
3101 2646 3158 2698 δέ
3185 2648 3244 2700 ἐν
3281 2647 3515 2720 πλούτῳ,

1932 2725 2034 2779 κάν
2064 2728 2122 2779 ἐν
2150 2726 2340 2798 κακία,
2368 2727 2533 2796 φιλεῖ,
2569 2728 2889 2801 βλάσφημον
2925 2732 3100 2804 στόμα
3125 2735 3398 2805 ὰνοιγνὺς,
3424 2736 3520 2792 καὶ

1929 2817 2030 2870 οὑκ
2070 2815 2267 2870 ἐννοῶν
2296 2816 2398 2888 τῆς
2424 2817 2742 2881 άτοπίας’τδ
2777 2820 3039 2890 μέγεθος;

2003 2918 2098 2972 'lv‘
2126 2913 2219 2972 οὖν
2255 2918 2329 2989 μὴ
2377 2919 2600 2973 τοιαῦτα
2645 2920 2991 2995 άμαρτάνῃς,
3021 2924 3161 2995 μάθε
3207 2925 3261 2979 τί
3304 2929 3451 2996 φιλεί
3488 2933 3519 2985 6

1928 3005 2062 3069 Θεὸς
2098 3005 2192 3059 καὶ
2234 3009 2401 3077 μισεῖ.
2437 3005 2570 3059 Τίνα
2598 3008 2779 3062 τοίνυν
2814 3010 2990 3079 φιλεῖ;
3033 3011 3137 3066 Τὸν
3166 3014 3267 3077 τὰς
3299 3016 3519 3082 ἐντολὰς

1930 3092 2094 3147 αὑτοῦ
2145 3094 2438 3165 τηροῦντα.
2476 3094 2700 3148 Τοῦτον
2729 3095 2838 3167 γάρ
2870 3097 3187 3167 ἀγαπήσω,
3217 3102 3372 3169 φησὶ,
3415 3105 3517 3159 καὶ

1926 3183 2251 3252 ἐλεύσομαι
2305 3182 2456 3252 πρὸς
2511 3185 2733 3238 αὐτόν’
2773 3187 2834 3238 οὑ
2894 3188 2986 3242 τὸν
3041 3189 3406 3256 πλουτοῦντα,
3453 3195 3515 3247 οὐ

1925 3270 2016 3324 τὸν
2068 3270 2413 3338 ὑγιαίνοντα,
2470 3270 2609 3326 ἀλλὰ
2670 3271 2761 3326 τὸν
2816 3274 3161 3333 ὑπακούοντα
3210 3283 3324 3344 τοῖς
3363 3281 3516 3348 ἐμοῖς

1925 3361 2330 3432 προστάγμασι.
2399 3359 2534 3413 Τίνα
2596 3362 2654 3414 δὲ
2708 3366 2858 3432 μισεῖ
2912 3367 3004 3419 καὶ
3068 3368 3514 3441 άποστρέφεται;

1925 3449 2030 3502 Τὸν
2089 3448 2165 3519 μὴ
2220 3447 2476 3502 ποιοῦντα
2521 3448 2617 3512 τὰς
2677 3451 2897 3516 ἐντολὰς
2957 3455 3145 3510 αὐτοῦ.
3184 3457 3355 3512 Ὅταν
3403 3459 3516 3513 τοί-

1925 3554 2021 3590 νυν
2080 3536 2194 3609 ἴδῃς
2255 3536 2380 3590 τινὰ
2437 3537 2536 3601 τάς
2585 3538 2805 3602 ἐντολάς
2860 3541 3026 3594 αὑτοῦ
3095 3544 3171 3614 μὴ
3232 3547 3513 3612 ποιοῦντα,

1924 3626 2028 3680 κᾶν
2092 3625 2342 3698 ὑγιαίνῃ,
2405 3626 2510 3680 κᾶν
2568 3626 2784 3699 πλούτῳ
2838 3632 3232 3703 περιρρέηται,
3290 3638 3347 3689 ἐν
3401 3642 3514 3702 τοῖς

1927 3715 2275 3785 μισουμένοις
2321 3714 2484 3767 αὑτὸν
2520 3714 2658 3768 τίθει
2681 3734 2695 3748 ·
2740 3716 2829 3772 τὸν
2868 3718 2925 3771 δὲ
2959 3720 3236 3789 ἐνάρετον,
3274 3724 3379 3777 κᾶν
3423 3744 3513 3780 νο-

1927 3805 2122 3858 σοῦντα
2148 3804 2282 3875 ἴδῃς,
2315 3803 2417 3857 κᾶν
2450 3805 2769 3877 πενόμενον,
2797 3810 2855 3861 ἐν
2883 3813 2996 3873 τοῖς
3019 3811 3172 3878 φιλου
3182 3815 3361 3883 μένοις
3391 3817 3517 3889 ἀρί-’

1924 3894 2071 3963 θμει.
2106 3893 2185 3947 Οὑ
2216 3894 2326 3964 γὰρ
2355 3894 2414 3946 ἐν
2443 3893 2651 3958 τούτοις
2681 3895 2749 3949 τὰ
2779 3897 2879 3967 τῆς
2909 3897 3113 3967 φιλίας,
3140 3901 3254 3954 ἀλλ’
3278 3904 3336 3956 ἐν
3365 3906 3512 3958 ὲκεί-

1920 4001 2052 4046 νοις.
2094 3984 2164 4035 Ἢ
2191 3985 2289 4053 οὐχ
2319 3984 2452 4055 ὁρᾷς
2487 3985 2581 4037 καὶ
2616 3986 2709 4039 ἐπὶ
2750 3987 2860 4039 τῶν
2892 3988 3180 4058 βιωτικῶν,
3228 3993 3355 4058 τοὺς
3402 3997 3512 4049 τῶν

1924 4071 2188 4142 βασιλέων
2218 4072 2427 4141 φίλους,
2468 4073 2705 4143 μάλιστα
2727 4075 2951 4140 τούτους
2992 4080 3511 4150 προκινδυνεύοντας

1921 4167 1981 4218 ἐν
2014 4164 2296 4235 πολέμοις,
2338 4165 2432 4218 καὶ
2461 4166 2755 4237 τραύματα
2785 4168 3026 4238 ἔχοντας,
3068 4173 3163 4225 καὶ
3200 4174 3510 4246 ἀποδημίαν

1920 4252 2339 4323 στελλομένους;
2365 4253 2478 4306 Οὐκ
2498 4253 2757 4324 ἤκουσας,
2790 4257 2870 4309 ὅτι
2911 4260 3020 4311 Ὃν
3043 4260 3246 4330 ἀγαπᾷ
3269 4265 3508 4333 Κύριος,

1917 4342 2204 4394 παιδεύει·
2226 4342 2516 4411 μαστιγοῖ
2558 4342 2625 4396 δὲ
2653 4344 2851 4398 πάντα
2897 4347 3050 4413 υἱὸν,
3084 4349 3158 4403 ὃν
3184 4353 3511 4424 παραδέχεσ-

1916 4445 2043 4493 rat;
2073 4429 2232 4482 Ἀλλὰ
2263 4430 2447 4484 πολλοὶ
2478 4431 2947 4499 σκανδαλίζονται,
2970 4437 3124 4507 φησὶ,
3142 4439 3318 4494 ταῦτα
3338 4443 3508 4513 ὁρῶν-

1916 4533 2025 4579 τες.
2070 4517 2142 4569 Οὐ
2174 4516 2242 4569 δι’
2282 4518 2496 4582 αὐτοὺς,
2537 4519 2672 4573 ἀλλὰ
2705 4519 2793 4573 διὰ
2826 4521 2924 4590 τὴν
2951 4525 3159 4579 οἰκείαν
3189 4529 3508 4586 avenam-06

1918 4605 2023 4675 γάρ
2049 4605 2283 4659 ἐνταῦθα
2312 4608 2346 4677 ἡ
2372 4608 2639 4672 ἀντίδοσις
2660 4611 2791 4680 ἡμῖν
2816 4610 2925 4664 τῶν
2943 4614 3142 4667 πόνωψ
3169 4617 3304 4671 ἀλλὰ
3323 4619 3390 4672 τὰ
3410 4622 3509 4691 μὲν

1913 4691 2145 4746 ἐνταῦθα
2200 4695 2518 4765 σκάμματα’
2576 4695 2645 4750 τὰ
2699 4697 2756 4750 δέ
2793 4700 2929 4769 μετὰ
2968 4701 3143 4756 ταῦτα
3173 4704 3378 4759 ἔπαθλα
3412 4710 3511 4763 καὶ

1915 4779 2190 4848 στέφανοι.
2224 4781 2316 4852 Μὴ
2346 4782 2499 4853 ζήτει
2529 4784 2710 4839 τοίνυν
2737 4788 2795 4839 ἐν
2829 4788 3009 4860 καιρῷ
3049 4790 3161 4845 τῶν
3192 4794 3506 4867 παλαισμά-

1912 4887 2021 4922 των
2043 4867 2156 4941 [65]
2184 4871 2279 4923 καὶ
2299 4874 2357 4924 ἐν
2382 4873 2566 4944 ἡμέρᾳ
2594 4876 2941 4947 παγκρατίου
2967 4877 3060 4949 τὴν
3082 4879 3263 4935 ἄνεσιν
3286 4886 3379 4939 καὶ
3405 4887 3504 4959 τὴν

1913 4957 2118 5012 ἄδειαν·
2162 4959 2300 5030 μηδὲ
2333 4959 2531 5030 σύγχεε
2565 4963 2691 5026 τοὺς
2724 4966 2970 5037 καιρούς.
3019 4968 3159 5022 Ἀλλ’
3180 4957 3503 5029 ἀσθενέστε-

1914 5063 1998 5118 ροι
2027 5047 2231 5112 πολλοὶ,
2255 5048 2441 5119 φησὶν,
2484 5050 2644 5105 εἰσίν.
2688 5052 2849 5108 Ἀλλά
2877 5057 2970 5109 καὶ
2997 5057 3204 5113 τούτων
3244 5066 3507 5137 προενόη-

1914 5152 2007 5188 σεν
2029 5137 2057 5188 6
2094 5136 2248 5200 Θεός·
2305 5138 2403 5190 καὶ
2432 5139 2584 5192 εἴασε
2612 5140 2841 5207 πολλοὺς
2894 5146 2988 5199 καὶ
3015 5148 3125 5200 τῶν
3168 5148 3392 5205 δικαίων
3445 5136 3505 5208 ἐν

1912 5226 2188 5295 εὐπραγίᾳ
2210 5225 2304 5278 καὶ
2326 5226 2581 5291 ἐνταῦθα,
2616 5229 2677 5281 οὑ
2711 5230 2779 5282 δι’
2811 5233 3075 5301 ἐκείνους,
3106 5237 3242 5292 ἀλλὰ
3262 5240 3349 5295 διὰ
3378 5244 3504 5308 τοὺς

1913 5312 2356 5384 ἀσθενεστέρους.
2388 5314 2550 5368 Ὥστε
2588 5318 2637 5370 εί
2681 5320 2777 5372 καὶ
2810 5323 3222 5390 σκανδαλίζουσί
3251 5345 3309 5381 σε
3359 5331 3410 5381 οἰ
3444 5331 3501 5383 ἐν

1914 5400 2113 5469 θλίψει,
2149 5402 2601 5473 οίκοδομείτωσάν
2632 5424 2692 5460 σε
2733 5409 2783 5461 οἱ
2807 5410 2866 5463 ὲν
2895 5412 3098 5466 ἀνέσει·
3132 5416 3228 5469 καὶ
3261 5419 3310 5469 εί
3368 5418 3501 5472 ὑπο-

1915 5489 2219 5554 σκελίζουσί
2256 5507 2314 5543 σε
2343 5493 2391 5545 οἱ
2423 5493 2481 5546 ἐν
2497 5494 2775 5568 εὐπραγίᾳ
2795 5498 2904 5553 τῶν
2928 5503 3202 5573 πονηρῶν,
3241 5504 3504 5578 ἀνορθοῦ-

1981 5704 2003 5783 :
2185 5706 2354 5783 ’ίνςηοῦν
2376 5710 2456 5783 καὶ
2479 5712 2615 5783 ᾒμεῖς
2635 5714 2698 5783 μῂ
2724 5713 2871 5765 τοῦτο
2900 5719 3138 5783 πάθωμεν.

1978 5763 2006 5803 ἆ
2029 5765 2451 5851 δδᾙίίῆὶηριςξω
2469 5763 2863 5851 ιδίερεῦνησοιμεν,
3169 5786 3294 5851 ςρηὶ.
3318 5789 3505 5851 διακρί-

1914 5827 2254 5916 ἶξιζμνενλιιῖιεξύ,
2275 5831 2407 5906 Coll):
2532 5827 2705 5909 Morel.
2724 5827 3148 5916 _6'§eva'gpivﬁ00§éaov.

1918 5888 2025 5952 Reg
2066 5894 2118 5939 et
2145 5888 2276 5941 COlb.
2302 5896 2403 5958 περὶ
2439 5898 2614 5960 Κυρίου
2638 5888 2871 5953 υιιιὶιιιιηί
