4040 6342
538 399 613 457 93
1291 406 1351 464 S.
1391 404 1677 464 JOANNIS
1712 402 2208 462 CHRYSOSTOMI
2245 406 2569 471 AIKCIIIEP.
2610 414 3162 477 CONSTANTINOP.
3727 416 3799 476 οι

537 515 720 573 τωσάν
753 531 811 569 σε
866 515 916 569 οί
945 516 1003 570 ἐν
1028 516 1247 572 κολάσει
1290 519 1384 573 καὶ
1417 517 1676 589 τιμωρίᾳ.
1722 516 1840 569 υὺκ
1879 515 2117 587 ηκουσας

536 599 633 654 τοῦ
660 598 894 669 Χριστοῦ
924 599 1192 669 λέγοντος,
1227 601 1332 656 Ἐν
1351 601 1431 667 τῷ
1451 603 1658 670 κόσμῳ
1687 601 1899 669 θλίψιν
1921 598 2124 664 Elius;

539 671 606 736 Τῖ
639 683 814 737 τοίνυν
839 682 1021 754 ζητεῖς
1048 684 1251 750 ἄνεσιν,
1275 685 1483 739 ἐκείνου
1511 684 1680 738 ταῦτα
1699 683 1977 747 είπόντοςς
2009 682 2125 735 Οὐκ

537 770 778 840 ἧκουσας
833 768 996 824 αὑτοῦ
1038 769 1307 839 λέγοντος,
1375 769 1439 823 Ὀ
1486 770 1716 838 κόσμος
1771 767 2118 836 χαρήσεται,

538 852 710 921 ὑμεῖς
740 854 832 908 ἀεὶ
877 855 1345 922 λυπηθήσεσθε;
1372 856 1535 908 Ὥστε
1570 853 1716 915 εἰκὸς
1742 846 1810 923 ἦν
1837 848 2121 904 σκανδαλί-

543 932 730 998 ζεσθαι
770 939 896 1001 τοὺς
935 938 1341 1009 ἀνοητοτέρους,
1371 939 1420 991 εί
1439 937 1509 991 τά
1535 936 1750 991 ἐναντία
1795 934 2012 1002 ἐγένετο
2047 927 2122 985 ὦν

541 1015 712 1073 εἶπεν*
749 1023 798 1074 εί
826 1021 882 1074 δέ
914 1024 1054 1076 κοιτά
1092 1021 1411 1075 ἀκολουθίαν
1449 1022 1624 1075 πάντα
1647 1018 1950 1089 προϐαίνει,
1978 1016 2124 1078 τίνος

541 1102 728 1157 ἱνεκεν
762 1105 1128 1178 σκανδαλίζῃς
1162 1107 1273 1161 Καὶ
1300 1106 1446 1169 τίνος
1495 1105 1699 1168 ἕνεκεν,
1754 1103 1938 1173 φησὶν,
1981 1100 2124 1153 οὕτω

540 1186 873 1241 διετύπωσεν
887 1190 916 1241 6
938 1189 1068 1254 Θεός
1090 1206 1103 1255 ;
1124 1190 1214 1262 Μὴ
1236 1190 1474 1255 ἐξέταζε,
1496 1188 1630 1259 μηδὲ
1654 1186 2117 1257 πολυπραγμόνει.

545 1269 701 1323 Οὐδὲ
754 1271 865 1340 γὰρ
893 1272 1015 1340 ἐρεῖ
1067 1272 1136 1328 τό
1186 1272 1438 1344 πλάσμα
1469 1270 1550 1337 τῷ
1574 1269 1898 1325 πλάσαντι·
1954 1270 2014 1323 Τί
2045 1285 2122 1338 με

538 1354 834 1421 ἐποίησας
858 1357 1048 1421 οὕτω;
1073 1357 1172 1410 Διά
1193 1358 1352 1411 τοῦτο
1386 1356 1478 1411 καὶ
1510 1360 1539 1410 6
1568 1357 1853 1426 προφήτης
1886 1355 2122 1425 ἐπετίμα

539 1439 654 1501 τοῖς
696 1437 1086 1503 ’ίουδαίοις,δτι
1118 1442 1327 1511 μυρίων
1353 1440 1615 1510 γέμοντες
1644 1436 1963 1503 κακῶν,τοῦ
1982 1437 2120 1491 Θεοῦ

539 1519 637 1584 τὰς
669 1520 821 1586 ὀδοὺς
860 1524 1304 1595 περιεργάζοντο,
1327 1523 1518 1593 λέγων·
1548 1521 1783 1577 Γνῶναι
1802 1522 1908 1588 τὰς
1942 1520 2120 1589 ὁδούς

537 1622 657 1674 μου
688 1606 1105 1677 ἐπιθυμοῦσιν,
1134 1609 1214 1675 ὡς
1265 1607 1415 1675 λαὸς
1445 1607 1837 1674 δικαιοσύνην
1876 1620 2122 1673 πεποιη-

540 1688 682 1755 κὼς,
725 1690 827 1744 καί
862 1693 1063 1760 κρίσιν
1097 1692 1242 1746 Θεοῦ
1262 1692 1448 1746 αὑτοῦ
1466 1691 1552 1760 μὴ
1585 1689 2120 1760 ἐγκατωελοιπὼςυ

540 1770 724 1842 ὅμοιον
757 1774 1053 1841 ποιοῦντες,
1108 1775 1299 1842 ῶσπερ
1344 1777 1411 1830 ἂν
1438 1776 1493 1829 εί
1513 1792 1597 1840 τις
1639 1774 1855 1845 οἰκέτης
1886 1792 2122 1847 προσκε-

539 1856 806 1927 κρουκὼς,
849 1860 943 1911 καὶ
994 1860 1202 1932 μυρίων
1261 1859 1561 1923 ὑπεύθυνος
1605 1857 1681 1910 ὣν
1723 1857 2121 1929 ἐγκλημάτων,

540 1940 735 2009 παρεὶς
795 1940 855 1995 τὸ
904 1942 1060 1997 λῦσαι
1093 1944 1191 2013 τὴν
1245 1944 1413 2015 ὀργὴν
1440 1941 1534 1995 τοῦ
1572 1941 1856 2005 δεσπότου,
1890 1941 2122 2006 εὐθύνας

540 2022 701 2076 αὑτὸν
744 2024 1024 2098 ἀπαιτοίη,
1060 2027 1116 2080 τί
1156 2027 1355 2097 δήποτε
1408 2025 1566 2079 τοῦτο
1606 2025 1892 2096 πεποίηκε.
1926 2025 2019 2097 Μὴ
2054 2025 2118 2097 δὴ

537 2104 713 2159 ταῦτα
743 2104 911 2178 ζήτει,
964 2110 1120 2177 ἀφεὶς
1169 2110 1226 2162 τὸ
1255 2110 1461 2163 κλαίειν
1489 2107 1584 2162 καὶ
1628 2105 1867 2178 θρηνεῖν,
1900 2109 1996 2161 καὶ
2049 2107 2121 2161 τά

538 2189 712 2242 οἰκεία
738 2190 1130 2248 ἀπονίπτεσθαι
1160 2196 1324 2249 κακά.
1354 2195 1539 2250 Ταῦτα
1570 2196 1734 2265 λέγω,
1762 2194 1861 2264 οὑχ
1892 2192 1968 2255 ὡς
1985 2194 2119 2246 ἀπο-

540 2271 653 2343 ρῶν
673 2272 764 2326 τὸν
803 2276 958 2344 λόγον
1015 2280 1208 2342 εἰπεῖν,
1244 2278 1382 2333 ἀλλά
1425 2279 1745 2350 βουλόμενός
1786 2294 1845 2330 σε
1887 2276 1995 2330 ἀπὸ
2020 2277 2120 2347 τῆς

539 2356 1074 2433 πολυπραγμοσύνης
1105 2362 1313 2433 ταύτης
1337 2364 1416 2424 είς
1437 2363 1538 2433 τὴν
1568 2363 1698 2433 περὶ
1718 2360 1925 2423 οἰκείας
1947 2376 2122 2430 σιοτη·

542 2439 667 2511 ρίας
718 2443 986 2514 μέριμναν
1039 2444 1318 2515 ἐμϐαλεῖν.
1380 2447 1537 2511 Τίνος
1572 2442 1667 2501 οὖν
1718 2445 1904 2499 ἕνεκεν
1946 2444 2120 2508 οὑτως

538 2520 800 2589 ἱπέταξες
826 2525 932 2579 Τοῦ
977 2526 1166 2595 γένους
1197 2528 1508 2599 φειδόμενος
1538 2526 1631 2582 τοῦ
1661 2526 1771 2580 τῶν
1797 2525 2117 2598 ἀνθρώπων.

538 2605 644 2659 Τὸν
663 2608 761 2677 μὲν
777 2609 885 2681 7&9
923 2608 1084 2664 πόνον
1115 2610 1347 2665 ἐνταῦθα
1369 2611 1800 2682 συνεκλήρωσεν,
1825 2610 1952 2663 ἔνθα
1983 2610 2118 2680 βρα-

539 2691 639 2760 χὺς
664 2693 692 2744 ὁ
720 2690 857 2761 βίοςο
889 2694 1016 2758 τοὺς
1034 2694 1091 2748 δὲ
1119 2695 1415 2764 στεφάνους
1446 2698 1525 2760 είς
1550 2695 1611 2749 τὸ
1642 2695 1834 2766 μέλλον
1863 2694 2119 2765 ἐταμιεύ-

542 2788 705 2839 σατο,
731 2774 859 2829 ἔνθα
903 2777 1126 2849 ἀγήρως
1176 2779 1271 2832 καὶ
1316 2777 1669 2850 ἀτελεύτητος
1697 2780 1727 2832 6
1763 2777 1916 2832 αἰών.
1950 2779 2061 2831 Καὶ
2092 2779 2120 2831 6

543 2856 642 2925 μὲν
674 2857 833 2922 πόνος
862 2855 1017 2924 οὗτος
1042 2862 1253 2933 ταχέως
1282 2860 1619 2933 παραλύεται
1646 2860 1741 2915 καὶ
1762 2860 2117 2933 παρατρέχει’

537 2938 721 2992 ἐκεῖνα
749 2940 805 2993 δέ
861 2940 1101 2997 ἀθάνατα
1158 2944 1330 3015 μένει,
1381 2944 1635 2998 οὐδέποτε
1693 2945 1865 3015 πέρας
1909 2943 2116 3015 έχοντα.

539 3020 751 3086 Ἀλλως
778 3022 836 3076 δὲ
865 3025 958 3079 καὶ
988 3027 1369 3097 γυμνάζειτὸκ
1393 3027 1572 3099 ψυχὰς
1592 3029 1671 3091 είς
1694 3027 1756 3080 τὸ
1787 3027 1886 3096 τῆς
1918 3025 2122 3096 ἀρετῆς

536 3104 778 3177 φίλτρον.
812 3106 981 3163 Ὅταν
1013 3110 1111 3180 μὲν
1136 3111 1244 3181 γάρ
1274 3110 1368 3163 καὶ
1398 3110 1536 3181 μετά
1565 3110 1743 3164 πόνων
1768 3110 1937 3181 αὑτὴν
1959 3111 2121 3182 αἱρῆ-

534 3203 647 3253 ται,
677 3190 946 3261 μηδέποτε
998 3193 1228 3247 ἔπαθλον
1265 3194 1639 3264 λαμϐάνουσα,
1698 3192 1896 3264 μελετᾷ
1921 3193 2121 3247 διακεῖ-

538 3269 665 3327 σθαι
695 3272 830 3343 πρὸς
850 3274 1017 3346 αὑτὴν
1052 3277 1189 3347 μετὰ
1223 3276 1423 3348 πολλῆς
1449 3277 1549 3347 τῆς
1570 3275 1880 3348 ἀκριϐείαςο
1912 3276 2038 3330 ὅταν
2062 3276 2121 3330 δέ

535 3354 634 3408 καὶ
666 3355 787 3425 μεθ’
819 3356 1014 3429 ἡδονῆς
1045 3360 1146 3428 τὴν
1176 3360 1372 3413 κακίαν
1415 3359 1610 3431 φεύγῃ,
1654 3359 1922 3430 μηδέποτε
1956 3359 2118 3414 κόλα-

539 3452 625 3490 σιν
658 3438 1021 3509 ὑπομένουσα,
1048 3443 1383 3513 γυμνάζεται
1420 3447 1599 3513 μισεῖν
1648 3443 1817 3512 αὑτὴν
1860 3443 1951 3496 καὶ
1987 3444 2121 3497 ἀπο⁹

539 3521 888 3591 στρέφεσθαι.
941 3525 1103 3578 Ὥστε
1132 3526 1240 3579 ἀπὸ
1260 3526 1451 3581 τούτου
1492 3526 1585 3580 καὶ
1619 3527 1734 3593 ἕξιν
1764 3526 1992 3597 λήψεται
2020 3529 2119 3599 τῆς

536 3605 833 3675 ἀπεχθείας
865 3607 965 3679 τῆς
996 3609 1133 3681 πρὸς
1175 3609 1276 3682 τὴν
1318 3610 1606 3682 πονηρίαν,
1647 3611 1741 3664 καὶ
1769 3611 1865 3680 τῆς
1899 3610 2119 3681 ἀγάπης

537 3688 638 3758 τῆς
672 3689 808 3760 πρὸς
829 3692 926 3761 τὴν
959 3692 1181 3764 ἀρετήν.
1221 3694 1375 3748 Ἔστι
1409 3695 1504 3747 καὶ⁵
1546 3694 1733 3763 ἕτερος
1759 3693 1936 3763 λόγος.
1962 3695 2119 3758 Uolo;

539 3769 599 3824 δὲ
643 3765 833 3841 οὗτοςς
880 3775 1003 3829 Ὀτι
1048 3777 1282 3846 μάλιστα
1325 3776 1460 3849 πρὸς
1506 3776 1822 3847 φιλοσοφίαν
1860 3779 1893 3849 ἡ
1943 3777 2119 3847 θλίψις

538 3855 769 3925 ἀλείφει,
823 3858 917 3911 καὶ
967 3860 1348 3932 ἰσχυροτέρους
1390 3862 1554 3914 ποιεῖ.
1589 3862 1700 3915 Καὶ
1751 3860 1889 3931 μετά
1925 3860 2116 3914 τούτου

540 3939 701 3993 πάλιν
732 3940 908 4006 ἀλλος.
931 3945 1091 4009 Ποῑος
1116 3944 1171 3998 δὲ
1202 3941 1389 4011 οὖτος;
1420 3945 1676 4000 Βούλεται
1706 3945 2118 4000 παιδεῦσαιτῶν

541 4024 823 4095 παρόντων
856 4027 1148 4100 ὑτιερορᾷν,
1178 4030 1272 4083 καὶ
1300 4029 1375 4101 μὴ
1404 4028 1808 4102 προσηλῶσθαι,
1832 4029 1966 4100 μηδὲ
1996 4046 2119 4082 συν-

536 4106 782 4163 δεδέσθαι
814 4111 1018 4175 αὑτοῖς.
1043 4112 1141 4165 Διά
1158 4111 1222 4183 δὴ
1241 4111 1398 4167 τοῦτο
1414 4113 1508 4167 καὶ¹
1526 4112 1704 4183 θλίψιν
1734 4113 1965 4184 συνεκλή
1975 4129 2116 4184 ρωσε

539 4192 635 4245 καὶ
666 4193 846 4259 πόνον,
874 4195 968 4250 καὶ
1000 4195 1070 4249 τά
1097 4197 1308 4269 χρηστά
1337 4198 1477 4251 αὑτά
1523 4198 1617 4251 κοιλ⁸
1648 4196 1850 4269 φαιδρά
1881 4197 2115 4251 εὐκατά-

539 4275 675 4330 λυτα
723 4280 1013 4349 πεποίηκε.
1064 4280 1528 4350 Συντελεσθήτω
1576 4280 1655 4349 δὴ
1689 4280 1948 4349 πονηρία
2001 4278 2116 4352 [64]

538 4361 923 4431 ἁμαρτωλῶν,
974 4363 1076 4418 καί
1131 4364 1518 4431 κατωθυνεῖς
1560 4364 1814 4419 δίκαιον.
1854 4364 1919 4416 Τί
1975 4364 2113 4427 ἐστι,

538 4448 1041 4516 Συντελεσθήτω;
1098 4449 1399 4518 Ἐπάγαγε,
1462 4450 1616 4519 φησὶ,
1675 4447 1966 4520 τιμωρίαν,
2022 4448 2117 4500 καὶ

541 4530 762 4600 στήσεις
808 4532 1005 4596 αὐτοὺς
1035 4532 1135 4603 τῆς
1174 4533 1391 4595 κακίας.
1423 4532 1692 4603 Καθάπερ
1726 4534 1835 4604 7&9
1861 4534 1916 4585 αἱ
1946 4547 2116 4602 σηπε-

539 4613 690 4675 δόνες
736 4618 953 4686 πικροῖς
1003 4614 1176 4669 είκοσι
1226 4615 1559 4687 φαρμάκοις,
1607 4616 1700 4669 καὶ
1743 4614 1971 4668 καύσεσι
2022 4613 2116 4667 καὶ

537 4699 751 4768 τομαῖςο
784 4697 926 4752 οὕτω
954 4699 1049 4753 καὶ
1076 4700 1110 4770 ἡ
1144 4698 1377 4770 πονηρία
1406 4698 1511 4752 ὑπὸ
1539 4698 1807 4770 τιμωρίας
1829 4696 2115 4752 κωλύεται.

609 4835 675 4891 θ’.
704 4835 868 4891 Ταῦτ’
892 4832 985 4891 οῦν
1010 4837 1238 4902 εἰδότας,
1262 4837 1323 4890 οὑ
1350 4838 1477 4901 τοὺς
1501 4834 1965 4906 τιμωρουμένους,
1994 4830 2118 4884 οὑδὲ

535 4926 664 4989 τοὺς
696 4925 1088 4996 κολαζομένους
1117 4926 1372 4996 δακρύειν
1399 4924 1527 4997 χρὴ,
1562 4923 1698 4977 ἁλλά
1719 4923 1845 4985 τοὺς
1869 4920 2120 4992 ἁμαρτά-

536 5030 726 5078 νοντας
758 5015 1085 5086 ἀτιμωρητί.
1111 5014 1338 5084 Πρῶτον
1369 5012 1467 5083 μὲν
1487 5011 1595 5082 γὰρ
1616 5010 1807 5073 κακὸν,
1845 5008 1908 5062 τὸ
1939 5009 2119 5078 ἀμαρ-

535 5104 735 5157 τάνειν·
760 5102 1011 5174 δεύτερον
1047 5101 1127 5165 δὲ,
1168 5101 1230 5153 τὸ
1256 5099 1669 5172 ἁμαρτάνοντας
1699 5098 1968 5168 μηδεμιᾶς
1990 5111 2121 5164 τυγ-

536 5192 721 5262 χάνειν
748 5190 1066 5263 θεραπείας.
1095 5187 1311 5243 Μᾶλλον
1332 5188 1392 5241 δὲ
1421 5188 1516 5241 καὶ
1545 5186 1705 5239 τοῦτο
1727 5184 1946 5255 πρῶτον
1975 5182 2121 5237 εἴποι

534 5294 619 5341 τις
655 5278 722 5332 ἂν
748 5276 992 5341 δικαίως,
1019 5278 1111 5331 καὶ
1131 5275 1310 5347 πολλῷ
1337 5272 1733 5347 χαλεπώτατον.
1764 5274 1975 5343 Ὥσπερ
2011 5271 2121 5342 γὰρ

534 5368 598 5421 οὑ
613 5368 676 5422 τὸ
698 5370 877 5424 νοσεῖν
902 5367 1159 5438 χαλεπὸν,
1176 5366 1313 5422 ἀλλά
1332 5367 1423 5420 τὸν
1445 5363 1705 5418 νοσοῦντα
1730 5361 1804 5434 μὴ
1824 5359 2123 5433 θεραπεύε-

538 5458 680 5513 σθαι’
713 5458 834 5513 οὑδὲ
888 5456 981 5511 τὸν
1025 5455 1220 5526 έχοντα
1266 5453 1535 5526 σηπεδόνα
1571 5450 1879 5524 θρηνοῦμεν
1910 5448 2116 5512 ἁπλῶς,

537 5547 674 5600 ἁλλά
704 5547 795 5600 τὸν
828 5547 1020 5615 ἔχοντα
1053 5544 1147 5598 καὶ
1192 5544 1314 5614 είκῆ
1344 5543 1619 5613 κείμενον,
1668 5540 1764 5594 καὶ
1803 5539 1879 5610 μὴ
1914 5538 2117 5608 τυγχά-

537 5652 697 5688 νοντα
725 5634 981 5705 ἰατρικῶν
1005 5632 1225 5706 χειρῶνο
1256 5632 1347 5686 τὸν
1378 5632 1435 5684 δὲ
1470 5629 1797 5702 τεμνόμενον
1837 5628 1931 5681 καὶ
1965 5625 2119 5680 καιό-

543 5739 725 5792 μενον,
758 5722 945 5775 τοῦτον
978 5723 1215 5794 φαίημεν
1245 5722 1312 5776 ἂν
1369 5719 1507 5793 πρὸς
1556 5719 1767 5787 ὑγίειαν
1804 5715 2028 5781 ὁδεύειν,
2055 5715 2115 5767 οὑ

545 5810 644 5877 τὴν
682 5809 783 5864 ἀπὸ
809 5812 907 5881 τῆς
938 5811 1110 5883 τομῆς
1137 5810 1327 5883 ὀδύνην
1375 5809 1679 5881 βλέποντες,
1709 5804 1843 5860 ἀλλὰ
1881 5802 1977 5876 τὴν
2009 5801 2116 5857 ἀπὸ

2227 518 2327 583 τῆς
2337 521 2509 592 τομῆς
2537 524 2763 593 ὑγίειαν·
2781 525 2924 580 οὕτω
2942 530 3035 583 καὶ
3057 527 3150 582 ἐπὶ
3175 527 3274 599 τῆς
3300 526 3476 600 ψυχῆς
3498 526 3800 585 διακεῖσθαι

2225 609 2354 679 χρὴ,
2382 610 2502 680 οὑχὶ
2530 614 2655 677 τοὺς
2677 613 3068 686 κολαζομένους
3105 616 3223 685 (καὶ
3258 616 3367 688 γὰρ
3406 616 3541 689 πρὸς
3589 617 3800 686 ὑγίειαν

2224 694 2518 767 ἕλκονται),
2544 698 2680 753 ἁλλά
2714 703 2838 765 τοὺς
2868 703 3277 775 ἁμαρτάνοντας
3311 704 3616 775 ἀτιμωρητὶ
3662 705 3799 777 θρη-

2225 786 2334 836 νεῖν
2369 786 2464 838 καὶ⁵
2507 787 2740 844 πενθεῖν.
2783 790 2893 844 Καὶ
2915 793 2963 844 εί
3014 792 3074 844 αί
3121 791 3383 864 τιμωρίαι
3410 793 3509 863 τῆς
3537 794 3800 865 πονηρίας

2225 871 2333 924 εἰσὶ
2354 871 2671 939 κωλυτικαὶ,
2702 876 2857 946 φησὶ,
2904 877 3049 944 τίνος
3080 879 3266 933 ἕνεκεν
3291 880 3351 933 οὑ
3397 879 3518 934 καθ’
3561 882 3802 952 ἑκάστην

2225 958 2439 1029 ἡμέραν
2463 961 2714 1033 διδόαμεν
2752 963 2907 1034 δίκην
2952 964 3060 1019 τῶν
3101 967 3537 1039 ἡμαρτημένωνς
3584 969 3705 1022 Ὀτι
3749 971 3800 1022 εί

2224 1045 2382 1100 τοῦτο
2407 1049 2673 1118 ἐγεγόνει,
2715 1053 3147 1124 προανηρπάσθη
3177 1052 3243 1107 ἂν
3286 1054 3347 1107 τὸ
3389 1054 3542 1122 γένος
3565 1055 3675 1109 τῶν
3700 1056 3799 1109 ἀν-

2225 1130 2479 1201 θρώπων,
2502 1134 2598 1187 καὶ
2626 1135 2655 1187 6
2682 1134 2782 1205 τῆς
2801 1136 3087 1207 μετανοίας
3102 1136 3293 1207 καιρὸς
3321 1137 3580 1210 ἀνῄρητο.
3599 1138 3800 1193 Σκόπει

2222 1219 2351 1288 γοῦν
2377 1219 2470 1273 ἐπὶ
2494 1221 2587 1275 τοῦ
2613 1221 2844 1277 Παύλου.
2871 1224 2934 1277 Et
2961 1224 3070 1295 7&9
3092 1226 3295 1289 ἐκεῖνος
3330 1224 3499 1280 ἔδωκε
3524 1226 3680 1296 δίκην
3698 1226 3800 1296 τῆς

2220 1310 2476 1376 διώξεως,
2510 1312 2603 1367 καὶ
2634 1313 2894 1384 ἀνῃρέθη,
2929 1314 3045 1377 πῶς
3074 1315 3140 1369 ἂν
3162 1313 3285 1385 ἔσχε
3316 1313 3506 1380 καιρὸν
3537 1313 3802 1385 μετανοῆ-

2224 1416 2335 1465 σαι,
2370 1400 2465 1453 καὶ
2496 1400 2636 1473 μετά
2672 1401 2771 1472 τὴν
2821 1403 3109 1473 μετάνοιαν
3150 1403 3219 1456 τὰ
3259 1402 3429 1475 μυρία
3462 1403 3799 1474 ἐργάσασθαι

2222 1487 2423 1557 ἀγαθά,
2470 1490 2566 1543 καὶ
2608 1491 2810 1555 πᾶσαν,
2857 1491 2934 1555 ὡς
2960 1493 3153 1556 εἰπεῖν,
3193 1492 3292 1561 τὴν
3318 1492 3642 1562 οίκουμένην
3687 1490 3802 1546 ἀπὸ

2221 1580 2322 1647 τῆς
2361 1576 2568 1647 πλάνης
2610 1578 2704 1632 ἐπὶ
2754 1579 2851 1650 τὴν
2901 1579 3159 1651 ἀλήθειαν
3206 1579 3647 1651 χειραγωγῆσαις
3684 1579 3799 1648 Οὐχ

2221 1665 2354 1736 ὁρᾷς
2385 1666 2480 1719 καὶ
2530 1667 2658 1730 τοὺς
2692 1667 2932 1737 ἰατροὺς,
2962 1668 3089 1721 ὅταν
3142 1683 3226 1730 τις
3259 1667 3427 1721 πολλά
3472 1666 3799 1737 περικέηται

2219 1751 2530 1824 τραύματα,
2579 1753 2640 1806 οὑ
2667 1753 2937 1825 τοσαύτην
2971 1753 3276 1823 ἐπάγοντας
3321 1753 3635 1825 θεραπείαν,
3666 1754 3800 1823 ὅσην

2220 1843 2442 1895 ἀπαιτεῖ
2463 1842 2571 1897 τῶν
2598 1842 2927 1914 τραυμάτων
2952 1845 2985 1914 ἡ
3017 1846 3200 1912 φύσις,
3222 1841 3338 1897 ἀλλ’
3361 1843 3494 1913 ὅσην
3519 1843 3674 1913 φέρει
3694 1842 3800 1913 τῆς

2220 1928 2503 2000 δυνάμεως
2529 1932 2561 2001 ή
2591 1931 2908 1994 ὑπόστασις,
2946 1932 3033 1986 ἶνα
3073 1931 3169 2002 μὴ,
3199 1932 3268 1985 τά
3305 1929 3594 2003 τραύματα
3631 1930 3797 2001 θερο-

2221 2018 2541 2085 πεύσαντες,
2579 2020 2671 2073 τὸν
2705 2020 2981 2090 κάμνοντα
3011 2019 3391 2089 ἀπενέγκωσι;
3435 2018 3534 2073 Διά
3558 2019 3621 2091 δὴ
3641 2019 3800 2073 τοῦτο

2218 2106 2249 2158 6
2274 2104 2407 2169 Θεὸς
2430 2104 2552 2161 οὔτε
2588 2108 2792 2171 πάντας
2809 2106 2944 2177 ὁμοῦ
2982 2107 3220 2172 κολάζει,
3255 2107 3379 2161 οὔτε
3425 2107 3633 2172 πάντας
3678 2110 3800 2159 κατ’

2220 2192 2399 2258 ἀξίαν,
2428 2194 2544 2249 ἀλλ’
2586 2195 2789 2266 ἠρέμα,
2833 2197 2927 2250 καὶ
2971 2195 3224 2259 ἐνδιδούςο
3259 2196 3353 2250 καὶ
3398 2195 3659 2259 πολλάκις
3700 2194 3800 2248 ἕνα

2217 2281 2648 2353 τιμωρούμενος,
2682 2282 2750 2336 δι’
2764 2282 2973 2337 ἐκείνου
3003 2283 3229 2347 πολλοὺς
3257 2280 3800 2354 ἐσωφρόνισε.Τοῦτο

2218 2371 2313 2424 καὶ
2341 2371 2434 2424 ἐπὶ
2460 2369 2555 2423 τοῦ
2601 2370 2853 2442 σώματος
2875 2371 3085 2439 γίνεται
3118 2370 3397 2435 πολλάκις
3424 2370 3548 2435 ἐνὸς
3586 2370 3799 2440 ὲκκοπὴ

2221 2457 2418 2528 μέλους
2468 2458 2672 2527 ἑτέροις
2717 2457 2955 2513 πλείοσιν
2998 2459 3186 2528 ὑγείαν
3235 2458 3520 2529 παρέσχεν.
3567 2458 3711 2529 Ὅρα
3738 2457 3799 2511 δὲ

2216 2544 2313 2600 τοῦ
2341 2546 2551 2600 δικαίου
2568 2546 2665 2619 τὴν
2691 2547 3044 2620 φιλόστοργον
3067 2547 3265 2620 ψυχὴν,
3289 2548 3405 2610 πῶς
3434 2544 3711 2617 πανταχοῦ
3737 2546 3799 2600 τὸ

2218 2637 2371 2705 κοινῇ
2403 2635 2682 2707 συμφέρον
2716 2635 2888 2707 ζητεῖ,
2917 2636 3010 2689 καὶ
3037 2637 3134 2705 τῆς
3148 2636 3347 2699 κακίας
3368 2634 3467 2707 τὴν
3495 2635 3797 2706 ἀναίρεσιν,

2216 2723 2315 2793 οὑχ
2336 2723 2422 2776 ἵνα
2448 2723 2609 2787 αὑτὸς
2635 2723 2789 2794 δίκην
2814 2722 2955 2796 λάϐῃ
2982 2721 3132 2795 παρά
3158 2722 3267 2777 τῶν
3299 2720 3507 2795 ἐχθρῶν
3523 2763 3538 2784 .
3568 2721 3682 2776 ἀλλ’
3709 2722 3802 2777 Eva

2218 2810 2267 2862 οἱ
2309 2808 2494 2880 ιέχθροὶ⁵
2534 2810 2848 2864 παύσωνται
2891 2810 2992 2881 τῆς
3052 2811 3337 2883 πονηρίας.
3399 2810 3570 2863 Τοῦτο
3617 2808 3801 2865 τοίνυν

2218 2895 2495 2968 πανταχοῦ
2526 2897 2838 2968 σκοπῶμεν,
2866 2897 3016 2960 ὅπως
3051 2899 3210 2969 σταίη
3234 2898 3303 2952 τά
3328 2898 3427 2968 τῆς
3454 2897 3668 2960 κακίας,
3703 2898 3804 2952 καὶ

2219 2982 2506 3057 θρηνῶμεν
2534 2986 2660 3048 τοὺς
2689 2985 2749 3038 ἐν
2782 2984 2953 3057 ταύτῃ
2973 2985 3155 3051 ὄντας,
3190 2986 3295 3040 κᾶν
3331 2987 3535 3057 σηρικὰ
3566 2979 3671 3039 ὦσι
3695 3002 3802 3038 πε-

2220 3076 2515 3146 ρικείμενοι
2550 3073 2761 3143 ἱμάτιαο
2789 3072 2886 3127 καὶ
2928 3074 3323 3146 μακαρίζωμεν
3356 3077 3483 3138 τοὺς
3512 3075 3572 3129 ἐν
3602 3075 3799 3146 ἀρετῇ,

2223 3162 2328 3216 κᾶν
2359 3162 2521 3233 πενίᾳ
2572 3162 2776 3233 ἐσχάτῃ
2827 3161 3151 3225 παλαίωσιν,
3193 3162 3304 3215 ἀπὸ
3348 3162 3459 3216 τῶν
3491 3161 3690 3229 ἔξωθεν
3716 3166 3804 3228 είς

2215 3251 2315 3322 τὴν
2342 3250 2579 3304 διάνοιαν
2614 3250 2890 3319 ἑκατέρων
2930 3250 3209 3314 είσιόντες.
3243 3251 3377 3303 Τότε
3412 3249 3520 3323 γὰρ
3552 3249 3804 3321 ὀψόμεθα

2217 3337 2311 3391 τοῦ
2337 3339 2433 3409 μὲν
2473 3337 2562 3391 τὸν
2606 3337 2854 3402 πλοῦτον,
2873 3336 2968 3391 τοῦ
2995 3338 3052 3391 δὲ
3087 3338 3185 3409 τὴν
3233 3330 3444 3392 πενίαν.
3473 3337 3539 3390 Τί
3573 3338 3703 3410 γάρ,
3749 3339 3802 3391 εί

2217 3424 2475 3496 λαμπρὰν
2505 3424 2697 3497 στολὴν
2731 3425 2929 3491 ἔξωθεν
2962 3424 3388 3497 περιϐέϐληταις
3414 3424 3470 3477 τί
3490 3424 3598 3477 τῶν
3626 3426 3802 3497 ἐργα-

2219 3513 2456 3584 στηρίων
2497 3513 2790 3586 διενήνοχε,
2840 3514 2935 3568 καὶ
2981 3513 3092 3567 τῶν
3124 3513 3298 3580 ξύλων
3332 3514 3441 3567 τῶν
3494 3513 3803 3585 ἀνεχόντων

2216 3603 2422 3662 αὑτά·;
2455 3603 2506 3657 τί
2533 3603 2642 3657 τῶν
2672 3603 3058 3675 λαμϐανόντων
3087 3601 3227 3657 αύτά
3277 3601 3475 3658 πωλεῖν
3504 3595 3661 3667 οὗτος
3706 3603 3805 3655 εὑ-

2217 3691 2557 3760 πορὼτερος;
2603 3690 2743 3745 Ἀλλ’
2782 3691 2882 3762 οὑχ
2924 3693 2953 3744 6
2992 3689 3088 3744 τοῦ
3138 3690 3347 3744 δικαίου
3400 3688 3629 3754 πλοῦτος
3678 3689 3802 3762 [65]

2215 3776 2476 3842 τοιοῦτος,
2506 3776 2642 3832 ἀλλά
2673 3778 2900 3849 μόνιμος
2921 3778 3016 3831 καί⁷
3040 3781 3326 3847 πεπηγώς.
3370 3779 3434 3832 El
3460 3777 3518 3833 δέ
3550 3778 3652 3831 οὑκ
3704 3779 3802 3833 al-

2218 3865 2502 3921 σθάνονται
2529 3868 2579 3919 οί
2611 3867 2964 3931 πλουτοῦντες
2993 3868 3052 3920 ἐν
3087 3866 3247 3938 πενίᾳ
3273 3866 3444 3933 ὅντες,
3484 3865 3639 3921 οὑδέν
3668 3865 3805 3919 θαυο

2221 3955 2443 4025 μαστόν.
2472 3955 2608 4009 Οὑδέ
2640 3957 2689 4009 οί
2724 3955 2990 4026 φρενίτιδι
3037 3954 3393 4026 κατεχόμενοι
3422 3955 3676 4026 αἴσθησιν
3694 3956 3804 4025 τῆς

2215 4042 2373 4095 νόσου
2403 4040 2761 4112 λαμϐάνουσι,
2785 4050 2881 4096 καὶ
2908 4042 2997 4096 διά
3025 4042 3184 4097 τοῦτο
3209 4042 3445 4113 μάλιστά
3476 4045 3612 4097 είσιν
3638 4043 3805 4096 ἐλεει-

2216 4131 2319 4194 νοὶ,
2353 4131 2415 4183 οὑ
2468 4129 2821 4201 μακαρισταί.
2853 4131 2917 4183 El
2950 4131 3059 4202 7&9
3091 4130 3338 4201 ᾔσθοντο,
3388 4130 3491 4185 κᾶν
3536 4131 3678 4202 πρὸς
3704 4131 3804 4184 τὸν

2220 4218 2403 4287 ἰατρὸν
2424 4217 2663 4290 ἔτρεχον·
2691 4216 2786 4270 νῦν
2809 4217 2867 4271 δέ
2898 4221 2998 4289 τῆς
3035 4218 3232 4282 κακίας
3261 4217 3418 4272 τοῦτο
3454 4219 3517 4272 τὸ
3544 4218 3802 4289 χαλεπῶ-

2216 4323 2395 4369 τατον,
2426 4308 2508 4360 ὅτι
2533 4307 2591 4359 ἐν
2626 4305 2762 4377 αὑτῇ
2796 4305 2966 4371 ὅντες,
2997 4306 3106 4359 οὐδ’
3131 4307 3213 4359 ὅτι
3249 4307 3386 4360 εἰσὶν
3413 4309 3471 4361 ἐν
3501 4307 3641 4377 αὑτῇ
3676 4324 3806 4360 συν-

2216 4394 2402 4465 ορῶσι.
2432 4393 2520 4465 Μὴ
2551 4394 2615 4465 δὴ
2634 4394 2792 4447 τοῦτο
2823 4393 2960 4465 ἴδῃς,
2990 4394 3071 4447 δτι
3099 4395 3279 4466 χαίρει
3306 4394 3551 4449 πλουτῶν
3575 4396 3605 4448 6
3633 4394 3806 4449 πλού·

2219 4500 2353 4548 σιος·
2382 4484 2518 4539 ἀλλά
2571 4483 2639 4536 δι’
2686 4483 2817 4537 αὑτὸ
2845 4482 3004 4536 τοῦτο
3037 4484 3270 4555 μάλιστα
3302 4484 3465 4538 αὑτὸν
3500 4484 3803 4556 δάκρυσον,

2218 4573 2299 4625 ὅτι
2346 4572 2467 4626 οὐδὲ
2496 4570 2831 4634 αἰσθάνεται,
2883 4573 2941 4624 ἐν
2972 4572 3083 4643 ὅσῳ
3130 4574 3307 4625 κεῖται
3354 4571 3531 4641 κακῷ.
3563 4572 3640 4626 Οὐ
3687 4573 3805 4644 γὰρ

2219 4659 2556 4729 ἀνθρώπινον
2587 4659 2648 4713 τό
2671 4661 2766 4714 ἐπὶ
2792 4658 3000 4724 τούτοις
3039 4660 3391 4728 ἀγάλλεσθαι,
3420 4660 3537 4713 ἀλλ’
3571 4660 3808 4729 ἀλογίας

2219 4749 2473 4818 ἐσχάτης.
2503 4746 2616 4801 Καὶ
2656 4746 3040 4813 κατευθυνεῗς
3064 4747 3317 4803 δίκαιον.
3355 4748 3420 4800 Τί
3454 4750 3572 4801 ἐστι
3601 4747 3805 4815 τοῦτο;

2221 4838 2344 4890 Τῶν
2365 4839 2476 4910 γάρ
2501 4838 2754 4908 πονηρῶν
2789 4837 3179 4900 κολασθέντων,
3216 4837 3370 4908 φησὶ,
3419 4832 3832 4909 προσεκτικὼ-’

2220 4944 2367 5000 τεροι
2404 4928 2453 4980 οἱ
2506 4926 2704 4979 δίκαιοι
2752 4924 3012 4994 γίνονται.
3061 4926 3223 4980 Ὥστε
3275 4925 3369 4979 δύο
3427 4923 3683 4979 ἐντεῦθεν
3731 4926 3805 4979 τὰ

2221 5013 2422 5082 ἀγαθά’
2463 5012 2659 5066 ἐκεῖνοί
2685 5029 2745 5065 τε
2778 5012 2885 5084 γάρ
2907 5015 3006 5083 τῆς
3031 5011 3295 5084 πονηρίας
3321 5012 3672 5082 ἀφίστανται,
3700 5014 3808 5065 καὶ

2221 5098 2365 5156 οὗτοι
2395 5105 2460 5173 τῇ
2493 5103 2660 5173 ἀρετῇ
2712 5100 2911 5171 μᾶλλον
2949 5101 3363 5173 προσέρχονται.
3418 5101 3631 5169 Ὥσπερ
3684 5100 3806 5169 γὰρ

2223 5190 2483 5259 ὑγιαίνων
2506 5188 2789 5259 ἄνθρωπος
2819 5186 2941 5240 ίδών
2973 5205 3094 5240 τινα
3127 5189 3439 5251 καιόμενον,
3469 5188 3505 5258 ἦ
3527 5187 3807 5258 τεμνόμε-

2222 5294 2332 5337 νον,
2366 5272 2866 5346 προσεκτικώτερος
2888 5275 3017 5345 περ)⁵
3046 5274 3145 5345 τὴν
3172 5275 3361 5343 ὑγείαν
3382 5291 3406 5344 7
3424 5275 3616 5328 ίνεται·
3652 5274 3807 5329 οὕτω

2222 5364 2287 5435 δὴ
2319 5366 2412 5416 καὶ
2430 5361 2684 5416 ἐνταῦθα.
2710 5361 2821 5414 Καὶ
2840 5360 2950 5432 γὰρ
2976 5360 3162 5414 πολλοὶ
3189 5361 3297 5415 τῶν
3326 5360 3449 5415 τότε
3477 5361 3803 5417 ἐσκανδαλί-

2224 5452 2399 5517 ζοντο,
2428 5450 2524 5503 καὶ
2554 5449 2662 5502 τῶν
2689 5447 2988 5502 δοκούντων
3012 5448 3224 5512 ἐαυτοῖς
3255 5449 3567 5521 προσέχειν,
3596 5451 3695 5506 ἐπὶ
3730 5455 3802 5525 τῇ

2221 5538 2330 5592 τῶν
2364 5537 2614 5608 πονηρῶν
2642 5535 2911 5608 εὐημερίᾳ
2944 5534 3295 5606 ἀτελέστερον
3334 5536 3415 5591 ἔτι
3441 5537 3802 5610 διακείμενοι.

2223 5628 2313 5681 Διὸ
2347 5627 2441 5681 καὶ
2463 5620 2618 5689 οὗτος
2661 5622 2893 5695 ἀλλαχοῦ
2915 5622 3089 5691 ἔλεγε·
3136 5623 3278 5693 Παρ⁸
3306 5625 3516 5696 ὀλίγον
3538 5626 3829 5699 ἐξεχύθη,

2290 5806 2313 5835 ³
2336 5800 2435 5856 Alii
2475 5804 2567 5849 τῶν
2593 5802 2735 5857 ξύλων
2758 5803 2852 5851 τῶν
2874 5801 3205 5867 περικειμένων
3228 5799 3362 5851 αὑτά.
