4040 6342
193 455 260 520 33
1312 455 1673 515 EXPOSI'I‘IO
1713 455 1778 512 IN
1817 453 2141 514 PSALMUM
2184 458 2290 515 VH.
3375 467 3448 526 95

192 576 391 636 cundis,
440 583 493 629 te
533 575 736 645 erigant
766 583 820 629 et
847 581 1091 628 recreent
1117 572 1205 642 qui
1235 581 1547 642 torquentur
1574 586 1637 625 ac
1667 585 1764 640 pu-

195 665 420 718 niuntur.
453 663 571 718 Non
602 664 845 718 audivisti
865 663 1132 717 Christum
1162 663 1427 717 dicentem
1453 679 1466 715 :
1494 661 1555 716 In
1581 660 1768 715 mundo

195 754 499 823 afﬂictionem
521 753 761 808 habebitis
790 753 964 825 (Joan.
995 753 1082 809 16.
1111 750 1240 826 5'5)?
1265 753 1402 819 Quid
1431 769 1556 822 ergo
1575 753 1768 822 quaeris

198 845 418 913 quietem
465 861 585 898 cum
633 847 720 900 ille
766 846 877 900 hac
922 847 1152 899 dixerit?
1199 846 1312 900 Non
1353 846 1595 899 audivisti
1647 860 1766 896 eum

197 937 448 988 dicentem
480 952 494 989 :
530 935 755 989 Mundus
783 936 1055 1006 gnudcbt't;
1094 953 1179 990 vos
1218 946 1382 990 autem
1410 936 1611 989 tristitia
1655 936 1769 1005 afﬁ-

197 1027 382 1078 cit-mini
431 1027 595 1098 (Ibid.
641 1044 688 1081 υ.
719 1027 850 1098 20)?
895 1028 1124 1082 Proinde
1165 1037 1586 1082 consentaneum
1627 1037 1770 1081 esset

197 1117 378 1170 offendi
407 1118 824 1188 insipientiorcs,
857 1120 899 1173 si
929 1119 993 1174 iis
1026 1135 1144 1188 qua:
1170 1119 1302 1173 dixit
1327 1121 1602 1174 evenirent
1641 1134 1769 1173 con-

199 1215 345 1268 traria
377 1230 391 1268 :
420 1216 501 1268 sin
531 1223 708 1269 autem
731 1217 908 1270 omnia
940 1218 1190 1271 eveniunt
1232 1233 1296 1272 ex
1343 1219 1719 1288 consequentia
1748 1261 1765 1286 ,

199 1321 286 1358 cur
308 1322 434 1375 ergo
459 1306 785 1360 offenderis?
816 1308 879 1360 Et
905 1323 1022 1370 cur,
1041 1309 1228 1378 inquit,
1247 1309 1386 1363 Deus
1409 1310 1476 1361 ita
1498 1309 1767 1362 decrevit?

203 1395 269 1450 Ne
304 1397 548 1466 inquire,
592 1413 688 1452 nec
727 1399 799 1451 sis
847 1401 1065 1453 nimium
1109 1402 1366 1454 curiosus.
1424 1401 1602 1470 Neque
1628 1405 1763 1455 enim

201 1487 305 1540 dicit
326 1489 622 1558 ﬁgmentum
651 1489 807 1558 ﬁgulo
825 1489 998 1561 (Rom.
1022 1492 1074 1546 9.
1099 1490 1190 1564 20)
1213 1510 1223 1542 :
1251 1491 1352 1546 Cur
1376 1508 1453 1546 me
1475 1493 1546 1546 sic
1567 1494 1768 1562 fecisti?

205 1577 475 1646 Propterea
520 1579 678 1633 etiam
711 1579 965 1648 prOpheta
996 1581 1305 1651 increpabat
1344 1581 1593 1650 Judteos,
1625 1582 1766 1652 quod

203 1683 307 1722 cum
334 1669 806 1723 innumerabilibus
848 1680 1028 1726 essent
1071 1672 1223 1726 malis
1261 1673 1438 1726 referti
1465 1713 1481 1739 ,
1528 1673 1620 1728 Dei
1658 1675 1768 1728 vias

205 1757 343 1810 nimis
371 1758 587 1812 curiose
615 1766 996 1826 scrutarentur,
1030 1760 1213 1815 dicens
1253 1778 1266 1815 :
1322 1762 1468 1817 Scire
1503 1763 1608 1816 vias
1633 1779 1768 1818 meas

203 1847 516 1911 desiderant,
568 1857 823 1918 tamquam
864 1851 1078 1920 papulas
1105 1853 1192 1921 qui
1241 1852 1355 1922 fecit
1386 1853 1668 1924 justitiam,
1719 1862 1768 1908 et

200 1939 436 2008 judicium
475 1939 573 1994 Dei
609 1942 690 1996 sui
720 1958 818 1995 non
861 1944 1059 2015 reliquit
1092 1943 1240 2015 flaui.
1271 1946 1359 2000 58.
1386 1947 1454 2016 2)
1490 1961 1502 1998 :
1551 1947 1768 2017 perinde

205 2029 469 2093 facientes,
494 2045 560 2085 ac
585 2031 632 2085 si
665 2032 784 2100 quis
806 2047 989 2088 servus
1015 2035 1103 2102 qui
1132 2035 1439 2091 offendisset
1459 2077 1473 2100 ,
1514 2046 1568 2090 et
1608 2037 1765 2090 innu-

204 2121 521 2174 merabilium
566 2131 708 2175 esset
732 2137 852 2176 reus
880 2124 1159 2178 criminum
1184 2165 1201 2190 ,
1241 2127 1492 2182 omittens
1537 2127 1767 2181 studium

204 2208 441 2265 adhibere
457 2221 515 2265 ut
543 2213 760 2267 sedetur
783 2214 858 2268 ira
879 2215 1102 2283 domini,
1116 2218 1290 2287 exigat
1311 2218 1378 2272 ab
1396 2233 1462 2274 eo
1485 2229 1765 2286 rationem,

204 2317 285 2356 cur
313 2301 393 2358 sic
419 2303 629 2359 fecerit.
675 2305 752 2360 Ne
779 2305 893 2361 haec
927 2307 1104 2377 itaque
1133 2308 1370 2378 inquiras
1390 2349 1405 2373 ,
1455 2325 1555 2364 nec
1591 2325 1768 2366 cesses

206 2392 332 2457 flere,
357 2401 416 2447 et
442 2393 648 2462 lugere,
677 2404 731 2449 et
756 2405 838 2450 tua
863 2406 1079 2467 peccata
1106 2398 1340 2455 abluere.
1369 2399 1496 2455 Haac
1515 2400 1634 2455 dico
1662 2416 1766 2456 non

205 2484 324 2551 quod
353 2500 461 2538 non
492 2487 697 2555 possim
727 2489 987 2543 rationem
1017 2490 1219 2558 dicere,
1271 2491 1366 2546 sed
1415 2492 1600 2547 volens
1626 2503 1677 2547 te
1703 2492 1770 2547 ab

209 2573 293 2628 hac
315 2576 474 2629 nimis
501 2577 711 2631 curiosa
739 2578 1142 2648 investigatione
1163 2581 1228 2634 ad
1250 2581 1436 2636 salutis
1466 2591 1567 2635 tuae
1587 2597 1766 2636 coram

207 2665 485 2721 traducere.
528 2666 638 2721 Cur
659 2683 788 2738 ergo
817 2671 894 2724 sic
929 2669 1127 2739 jussit?
1158 2671 1399 2724 Humano
1435 2673 1612 2741 genteri
1643 2687 1766 2741 par-

209 2773 337 2812 cens.
390 2757 654 2814 Laborem
681 2761 822 2814 enim
851 2761 937 2814 hic
955 2802 969 2825 ,
999 2761 1087 2816 ubi
1117 2760 1290 2816 brevis
1317 2772 1399 2816 est
1427 2763 1535 2816 vita
1561 2804 1576 2828 ,
1622 2762 1771 2815 attri-

208 2845 320 2909 buit,
342 2863 572 2904 coronas
599 2857 777 2905 autem
803 2850 855 2904 in
883 2849 1118 2905 futurum
1144 2853 1438 2907 reservavit
1462 2893 1476 2916 ,
1523 2853 1608 2905 ubi
1637 2851 1771 2905 senii

209 2952 388 3005 expers
436 2948 520 2992 est
567 2955 736 2994 sevum
761 2980 778 3006 ,
820 2949 874 2996 et
914 2957 1199 3012 numquam
1240 2942 1548 2998 finiendum.
1593 2943 1656 2998 Et
1687 2943 1771 2997 hic

207 3027 397 3094 quidem
428 3027 582 3082 labor
621 3030 868 3085 celeriter
905 3031 1128 3085 solvitur
1152 3040 1207 3087 et
1253 3031 1561 3101 prwterﬂuit
1608 3050 1624 3088 τ
1673 3033 1760 3089 illa

206 3131 361 3173 autem
409 3130 632 3177 manent
683 3123 1038 3192 immortalia,
1087 3136 1140 3182 et
1174 3142 1460 3197 numquam
1514 3128 1769 3185 desitura.

207 3213 399 3284 Alioqui
425 3225 606 3270 autem
636 3227 853 3272 exercet
881 3218 1042 3272 etiam
1075 3220 1274 3273 animas
1297 3220 1362 3274 ad
1403 3235 1635 3276 amorem
1667 3223 1775 3277 vir-

209 3306 334 3359 tutis.
361 3304 588 3373 Quando
617 3308 757 3362 enim
790 3310 874 3365 vel
905 3326 1026 3364 cum
1066 3311 1337 3366 laboribus
1382 3313 1548 3383 ipsam
1591 3315 1769 3384 eligit,

209 3396 422 3450 nondum
465 3399 740 3467 praemium
789 3400 1101 3470 accipiens,
1153 3403 1437 3458 meditatur
1479 3419 1604 3474 erga
1655 3420 1773 3460 eam

209 3489 584 3544 accuratissime
612 3490 752 3545 afﬁci
784 3509 800 3546 :
829 3493 1040 3561 quando
1077 3503 1252 3548 autem
1279 3496 1439 3550 etiam
1470 3510 1590 3550 cum
1615 3496 1772 3551 volu-

213 3588 337 3646 ptate
364 3580 498 3651 fugit
519 3583 702 3636 vitium
729 3625 745 3648 ,
792 3586 1102 3655 supplicium
1135 3588 1368 3641 nondum
1411 3598 1625 3657 experta
1649 3630 1664 3654 ,
1707 3589 1774 3645 ad

214 3671 366 3738 ipsum
383 3673 509 3726 odio
527 3672 825 3728 habendum
851 3685 904 3729 et
923 3677 1271 3732 aversandum
1299 3689 1594 3734 exercetur.
1625 3680 1776 3737 [inde

214 3763 289 3817 fiet
325 3773 381 3819 ut
423 3781 492 3820 ex
538 3764 642 3820 hoc
668 3767 893 3838 accipiat
921 3767 1156 3823 habitum
1185 3779 1236 3824 et
1260 3771 1364 3826 odii
1395 3771 1646 3827 adversus
1673 3773 1777 3827 im-

213 3857 509 3922 probitatem
536 3897 553 3923 ,
604 3866 659 3912 et
699 3860 896 3915 amoris
941 3861 994 3916 in
1038 3862 1308 3917 virtutem.
1342 3863 1439 3918 Est
1465 3867 1624 3919 etiam
1673 3867 1775 3921 alia

214 3947 348 4001 ratio.
377 3948 633 4015 Qumnam
658 3959 834 4005 autem
856 3966 916 4005 ea
939 3953 1054 4006 est?
1074 3952 1303 4007 Afflictio
1321 3969 1416 4008 nos
1436 3955 1519 4009 vel
1545 3956 1774 4011 maxime

215 4039 412 4102 excitat,
440 4040 742 4106 conﬁrmat,
777 4052 831 4096 et
856 4043 1100 4098 fortiores
1141 4045 1314 4098 reddit
1342 4045 1406 4099 ad
1428 4045 1658 4100 studium
1688 4062 1780 4100 sa-

215 4129 429 4194 pientiae.
481 4131 694 4186 Etcum
717 4133 816 4188 hac
839 4135 997 4188 etiam
1022 4136 1144 4190 alia.
1191 4136 1442 4203 Quzenam
1471 4146 1647 4192 autem
1677 4139 1776 4192 ea?

215 4221 325 4274 Vult
355 4237 450 4276 nos
477 4222 673 4278 docere
703 4216 984 4292 praesentia
1014 4226 1318 4296 despicere,
1347 4239 1401 4283 et
1420 4245 1523 4283 non
1555 4230 1634 4284 eis
1657 4245 1778 4285 esse

214 4312 387 4368 afﬁxos
410 4323 466 4369 et
489 4315 750 4385 alligatos.
779 4317 1062 4388 Pr0pterea
1093 4318 1434 4375 afflictionem
1464 4323 1703 4377 attribuit
1723 4332 1779 4378 et

216 4402 436 4458 laborem
465 4423 480 4458 :
511 4422 630 4474 qua:
658 4418 834 4462 autem
863 4409 999 4464 bona
1027 4420 1152 4466 sunt
1179 4413 1476 4481 etjucunda
1496 4455 1510 4479 ,
1543 4427 1600 4469 ut
1623 4415 1777 4470 facile

215 4492 535 4547 solverentur
557 4493 754 4550 effecit.
787 4495 1172 4552 Consummetur
1195 4503 1416 4570 nequitia
1437 4514 1778 4571 peccatorum,

215 4587 258 4630 et
299 4584 485 4656 dirige:
525 4589 740 4655 justum.
788 4589 925 4656 Quid
973 4601 1099 4657 est,
1151 4591 1567 4649 Consummatur?
1609 4595 1779 4661 lnfer,

221 4669 404 4742 inquit,
427 4677 760 4745 supplicium,
792 4690 846 4734 et
865 4682 1122 4750 reprimes
1151 4682 1268 4737 illos
1291 4698 1320 4736 a
1345 4685 1491 4737 vitio.
1521 4684 1787 4751 Quemad-

219 4765 426 4818 modum
463 4768 604 4820 enim
636 4768 812 4824 ulcera
857 4773 1062 4839 putrida
1093 4773 1288 4827 cedunt
1331 4775 1524 4829 amaris
1553 4776 1785 4830 medica-

219 4858 439 4921 mentis,
478 4859 670 4913 ustioni
708 4870 762 4915 et
789 4863 1147 4919 sectionibus:
1181 4866 1248 4920 ita
1274 4867 1434 4921 etiam
1465 4883 1559 4937 per
1586 4869 1786 4938 suppli-

219 4945 346 4998 oium
375 4957 586 5001 arcetur
611 4949 944 5017 improbitas.

281 5036 331 5089 9.
381 5035 611 5108 Lugendi
641 5042 728 5110 qui
767 5053 877 5112 post
918 5055 1175 5113 peccatum
1218 5047 1297 5101 hic
1336 5066 1438 5102 non
1488 5051 1781 5118 puniuntur.

220 5121 311 5176 Cur
337 5139 620 5193 peccatores
639 5147 739 5184 non
760 5131 883 5185 dant
908 5134 988 5186 hic
1016 5151 1188 5205 poenas
1220 5147 1554 5206 peccatorum.
1573 5140 1785 5192 —Cum

225 5211 326 5268 lure
343 5231 471 5284 ergo
501 5217 890 5288 intelligamus,
937 5239 1040 5278 non
1080 5235 1291 5294 oportet
1333 5243 1426 5282 eos
1469 5229 1667 5283 deflere
1691 5230 1778 5298 qui

223 5304 507 5370 puniuntur
534 5319 588 5362 et
615 5312 875 5379 supplicio
897 5314 1215 5383 afficiuntur,
1238 5317 1329 5372 sed
1342 5333 1434 5373 eos
1450 5319 1538 5388 qui
1557 5335 1786 5390 peccan-

224 5399 298 5446 tes
324 5397 494 5450 nullas
514 5400 732 5453 omnino
761 5417 944 5468 ptenas
973 5405 1143 5459 luunt.
1171 5407 1402 5462 Primum
1423 5411 1562 5463 enim
1592 5411 1788 5464 malum

221 5491 317 5546 est,
343 5499 566 5552 peccare
594 5505 608 5541 :
640 5491 930 5545 secundum
960 5503 1135 5548 autem
1161 5535 1176 5560 ,
1215 5497 1257 5549 si
1283 5499 1623 5565 peccantibus
1648 5501 1791 5555 nulla

224 5573 530 5632 adhibeatur
553 5581 834 5638 medicina.
860 5583 970 5638 lmo
991 5586 1074 5640 vel
1098 5587 1200 5642 hoc
1221 5590 1444 5657 primum
1458 5592 1577 5660 jure
1602 5594 1794 5648 dixerit

223 5667 494 5736 quispiam,
517 5680 572 5726 et
597 5673 752 5743 longe
773 5680 1002 5745 gravius.
1024 5677 1476 5744 Quemadmodum
1508 5685 1648 5737 enim
1681 5701 1786 5738 non

225 5769 380 5823 grave
407 5771 488 5816 est
513 5774 792 5834 :egrotare,
823 5767 916 5822 sed
945 5784 1066 5824 eum
1092 5774 1181 5840 qui
1209 5783 1430 5843 aegrotat
1453 5790 1557 5829 non
1582 5776 1789 5842 curari;

230 5859 322 5903 nec
351 5865 469 5906 cum
512 5856 599 5924 qui
627 5855 806 5913 ulcere
847 5859 1058 5927 putrido
1101 5861 1303 5919 laborat
1331 5863 1665 5936 simpliciter,
1697 5867 1788 5924 dc-

1879 569 2087 637 tlemus,
2115 573 2207 627 sed
2227 575 2316 645 qui
2351 574 2554 630 laborat
2581 577 2794 648 quidem
2815 618 2830 645 ,
2859 587 2914 634 et
2943 579 3088 650 jacet
3123 581 3400 650 neglectitn
3421 624 3440 649 ,

1873 676 1972 715 nec
2020 661 2179 718 habet
2219 665 2482 719 medicum
2533 668 2619 737 qui
2650 670 2698 724 ei
2745 685 2931 724 manus
2974 669 3222 726 adhibeat
3263 691 3277 727 :
3321 687 3444 728 cum

1872 761 2047 806 autem
2079 754 2164 822 qui
2193 754 2449 810 scinditur
2476 766 2530 812 et
2559 759 2748 824 uritur,
2770 759 3059 815 dixerimus
3084 761 3184 816 iter
3206 761 3272 815 ad
3295 763 3442 816 sani-

1873 851 2032 897 tatem
2061 844 2283 914 ingredi,
2314 861 2416 900 non
2439 849 2754 916 aspicientes
2782 851 3018 905 dolorem
3037 853 3124 922 qui
3154 868 3223 907 ex
3254 853 3446 908 sectio-

1872 947 1958 996 ne,
1992 933 2085 987 sed
2107 936 2407 1000 sanitatem,
2440 953 2557 1007 qua:
2587 955 2653 993 ex
2682 956 2741 994 ea
2769 943 2939 995 oritur
2965 959 2979 995 :
3010 943 3078 996 ita
3104 945 3262 998 etiam
3287 960 3444 1014 opor-

1874 1035 1944 1080 tet
1967 1042 2062 1080 nos
2085 1027 2135 1081 in
2163 1029 2335 1082 anima
2364 1030 2500 1084 affici
2527 1071 2543 1096 ,
2576 1031 2757 1102 lugere
2783 1034 2993 1102 quidem
3031 1045 3086 1088 et
3128 1034 3255 1090 ﬂere
3279 1075 3296 1099 ,
3333 1051 3440 1089 non

1871 1131 1964 1169 eos
1992 1118 2079 1180 qui
2104 1119 2387 1186 puniuntur
2415 1121 2717 1192 (trahuntur
2733 1123 2871 1176 enim
2899 1123 2964 1176 ad
2994 1125 3318 1194 sanitatem),
3345 1123 3440 1179 sed

1870 1221 1964 1260 eos
1991 1209 2223 1277 quicum
2255 1221 2491 1278 peccant,
2521 1228 2626 1267 non
2653 1213 2780 1268 dant
2809 1229 3012 1284 pcenas.
3050 1216 3117 1270 Et
3155 1217 3197 1270 si
3232 1232 3436 1286 poenas,

1870 1298 2099 1367 inquies,
2134 1312 2346 1369 peccata
2370 1303 2684 1371 prohibent,
2709 1319 2805 1360 cur
2848 1321 2952 1360 non
2981 1308 3215 1377 quotidie
3253 1309 3442 1364 damus

1871 1403 2056 1456 punias
2091 1393 2467 1458 peccatorum?
2505 1394 2762 1460 Quoniam
2801 1397 2847 1450 si
2888 1396 2992 1451 hoc
3026 1397 3222 1452 factum
3265 1409 3437 1462 eSset,

1871 1490 2187 1548 praereptum
2215 1481 2399 1537 fuisset
2417 1483 2705 1540 humanum
2726 1501 2912 1556 genus,
2939 1497 2994 1542 et
3013 1488 3275 1542 sublatum
3300 1498 3444 1544 esset

1871 1577 2078 1638 tempus
2106 1573 2450 1640 paenitentite.
2495 1575 2552 1629 id
2583 1577 2860 1631 considera
2889 1578 2940 1631 in
2981 1577 3166 1634 Paulo.
3209 1579 3262 1634 Si
3296 1580 3439 1634 enim

1871 1657 1960 1714 ille
1988 1660 2219 1717 dedisset
2251 1667 2676 1735 persequutionis
2725 1682 2930 1736 poenas,
2977 1676 3031 1722 et
3056 1668 3242 1724 fuisset
3264 1670 3441 1724 subla-

1869 1757 1973 1816 tus,
2004 1754 2268 1822 quomodo
2297 1755 2566 1812 habuisset
2605 1767 2811 1828 tempus
2835 1759 3021 1828 agendi
3048 1760 3439 1830 ptenitentiam,

1871 1851 1925 1896 et
1952 1855 2066 1911 post
2096 1845 2454 1912 paenitentiam
2482 1846 2707 1902 faciendi
2737 1849 2873 1903 bona
2899 1849 3196 1917 innumera,
3221 1851 3438 1904 univer-

1873 1949 2095 2005 sumque
2126 1952 2259 2005 pene
2286 1947 2542 1992 terrarum
2564 1939 2746 1995 orbem
2765 1940 3053 1995 deducendi
3079 1941 3147 1995 ab
3167 1957 3347 1996 errore
3367 1941 3434 1997 ad

1869 2027 2186 2081 veritatem?
2235 2027 2349 2082 Non
2391 2030 2539 2084 vides
2565 2031 2724 2084 etiam
2768 2031 3036 2098 medicos,
3083 2033 3293 2100 quando
3319 2034 3440 2102 quis

1870 2114 2052 2170 multis
2079 2126 2162 2173 est
2187 2117 2404 2174 affectus
2438 2121 2745 2176 vulneribus
2767 2163 2780 2186 ,
2811 2137 2916 2176 non
2946 2130 3143 2176 tantam
3185 2122 3438 2177 adhibere

1871 2205 2183 2260 medicinam
2203 2249 2219 2273 ,
2254 2218 2503 2278 quantam
2530 2210 2757 2277 postulat
2782 2221 2967 2264 natura
2993 2211 3268 2265 vulnerum
3289 2252 3306 2278 ,
3345 2211 3439 2267 sed

1869 2308 2118 2376 quantam
2139 2298 2317 2354 ferunt
2342 2301 2481 2354 vires
2501 2303 2635 2371 ejus,
2654 2303 2744 2371 qui
2770 2313 2850 2357 est
2879 2302 3165 2367 sauciatus,
3197 2319 3285 2370 ne,
3311 2303 3436 2357 dntn

1869 2387 2173 2444 vulneribus
2193 2391 2489 2455 medentur,
2519 2403 2776 2460 aegrotum
2803 2392 2871 2446 de
2902 2393 3077 2447 medio
3097 2393 3320 2449 tollant?
3363 2393 3441 2447 Ea

1869 2480 1937 2534 de
1960 2494 2119 2534 causa
2145 2481 2284 2535 Deus
2306 2497 2404 2536 nec
2425 2497 2609 2537 omnes
2628 2482 2784 2536 simul
2813 2484 2981 2551 punit,
3014 2498 3112 2538 nec
3131 2499 3317 2538 omnes
3341 2499 3440 2553 pro

1871 2572 2076 2627 meritis
2097 2613 2113 2638 ,
2156 2574 2248 2628 sed
2278 2576 2473 2630 sensim
2510 2584 2566 2629 et
2593 2575 2920 2645 aliquantum
2949 2577 3143 2631 cedens
3173 2594 3187 2630 :
3218 2586 3273 2631 et
3295 2590 3439 2644 saepe

1871 2678 2035 2717 unum
2075 2664 2299 2733 puniens
2325 2707 2342 2733 ,
2387 2666 2584 2722 multos
2624 2682 2718 2736 per
2761 2667 2910 2720 illum
2958 2667 3275 2722 emendavit.
3327 2666 3446 2721 Hoc

1872 2756 2028 2808 etiam
2066 2770 2210 2825 srepe
2251 2756 2309 2810 fit
2355 2757 2407 2811 in
2446 2772 2670 2826 corpore
2701 2775 2716 2814 :
2747 2759 2902 2811 unius
2931 2758 3154 2812 membri
3182 2757 3441 2812 abscissio

1873 2842 2113 2911 pluribus
2136 2844 2252 2898 aliis
2277 2845 2498 2914 praebuit
2523 2848 2823 2901 sanitatem.
2857 2845 2987 2901 Vide
3022 2857 3199 2902 autem
3224 2846 3441 2902 caritate

1874 2934 2082 3003 plenam
2106 2935 2236 3004 justi
2263 2937 2522 3001 animam,
2563 2939 2828 3007 quomodo
2855 2939 3046 3009 ubique
3078 2939 3264 3009 qumrit
3299 2939 3438 3009 quod

1873 3035 1956 3080 est
1978 3029 2328 3082 communiter
2355 3029 2499 3094 utile,
2527 3039 2582 3082 ut
2611 3040 2883 3097 peccatum
2915 3030 2980 3084 de
3001 3031 3178 3084 medio
3204 3030 3437 3094 tollatur,

1874 3131 1980 3170 non
2027 3124 2086 3169 ut
2132 3126 2306 3170 sumat
2352 3132 2535 3187 poenas
2572 3119 2639 3173 de
2685 3119 2951 3186 inimicis,
2995 3119 3090 3174 sed
3143 3129 3201 3174 ut
3244 3120 3441 3175 inimici

1874 3215 2084 3260 cessent
2110 3208 2177 3260 ab
2206 3207 2562 3274 improbitate.
2594 3209 2706 3264 Hoc
2733 3225 2860 3281 ergo
2885 3226 3095 3280 semper
3119 3219 3440 3280 spectemus,

1873 3305 1935 3351 ut
1961 3298 2179 3352 sistatur
2205 3299 2414 3367 vitium,
2438 3308 2492 3354 et
2519 3301 2791 3372 lugeamus
2819 3317 2911 3358 eos
2935 3305 3026 3373 qui
3053 3304 3148 3358 illo
3174 3312 3441 3372 tenentur,

1875 3389 2084 3444 etiamsi
2114 3391 2300 3445 sericis
2328 3391 2561 3447 vestibus
2585 3393 2691 3447 sint
2713 3393 2879 3448 induti
2911 3413 2926 3448 :
2957 3410 3156 3465 eosque
3183 3411 3214 3451 e
3234 3396 3446 3452 diverso

1876 3481 2060 3536 beatos
2085 3481 2382 3552 judicemus
2419 3486 2511 3553 qui
2554 3493 2679 3540 sunt
2705 3485 2900 3541 virtute
2946 3488 3148 3556 praediti
3177 3529 3195 3554 ,
3237 3489 3444 3542 etiamsi

1877 3588 1997 3628 cum
2026 3584 2259 3630 extrema
2303 3577 2478 3646 inopia
2507 3577 2855 3632 colluctentur
2875 3619 2892 3646 ,
2921 3578 2990 3632 ab
3019 3580 3367 3636 exterioribus
3392 3580 3445 3634 in

1878 3667 2244 3736 cogitationem
2293 3669 2564 3740 utriusque
2588 3671 2895 3726 subeuntes.
2933 3671 3081 3727 Tunc
3124 3674 3265 3727 enim
3295 3671 3444 3728 vide-

1879 3759 2052 3814 bimus
2081 3761 2238 3830 hujus
2267 3761 2510 3829 divitias,
2542 3763 2686 3818 illius
2723 3764 2975 3833 inopiam.
3015 3765 3150 3832 Quid
3193 3766 3368 3831 enim,
3401 3766 3448 3820 si

1881 3851 2156 3920 Splendida
2193 3863 2338 3906 veste
2378 3856 2705 3910 extrinsecus
2728 3865 2810 3910 est
2835 3855 3086 3910 indutus?
3110 3857 3235 3926 quid
3275 3858 3450 3913 differt

1879 3943 1946 3998 ab
1972 3941 2198 3997 officinis
2225 3953 2278 3998 et
2306 3945 2459 4014 lignis
2479 3962 2596 4014 qua:
2622 3962 2737 4000 eam
2766 3945 2985 4002 ferunt?
3031 3964 3134 4018 qua
3175 3949 3226 4002 in
3275 3963 3334 4002 re
3362 3959 3446 4004 est

1880 4035 1945 4089 iis
1969 4035 2305 4104 locupletior,
2328 4036 2418 4105 qui
2439 4053 2554 4092 eam
2581 4039 2908 4093 vendendam
2935 4040 3230 4108 accipiunt?
3249 4044 3318 4094 At
3342 4058 3447 4097 non

1881 4127 2139 4193 ejusmodi
2167 4137 2290 4182 sunt
2317 4127 2445 4196 justi
2489 4128 2703 4194 divitize,
2750 4128 2846 4184 sed
2897 4130 3063 4183 firmae
3105 4141 3159 4184 et
3212 4131 3446 4187 stabiles.

1881 4217 2033 4282 Quod
2048 4219 2091 4273 si
2108 4234 2212 4272 non
2229 4219 2460 4272 sentiunt
2477 4220 2666 4274 divites
2679 4235 2737 4274 se
2753 4235 2871 4275 esse
2889 4221 2940 4274 in
2959 4229 3289 4291 paupertate,
3319 4222 3450 4277 nihil

1881 4309 2094 4362 mirum.
2110 4307 2220 4363 Nec
2234 4307 2269 4362 ii
2285 4309 2443 4363 etiam
2461 4309 2657 4362 malutn
2674 4309 3016 4378 sentiunt,qui
3037 4311 3279 4365 laborant
3297 4312 3452 4379 phre-

1883 4399 1998 4453 ncsi
2023 4417 2036 4452 :
2063 4407 2120 4454 et
2148 4409 2426 4469 propterea
2450 4410 2575 4455 sunt
2599 4401 2828 4454 maxime
2853 4402 3160 4468 miserandi,
3187 4418 3290 4457 non
3311 4403 3450 4458 beati

1882 4488 2128 4544 ducendi.
2149 4490 2205 4545 Si
2230 4492 2370 4544 enim
2389 4493 2666 4555 sentirent,
2694 4489 2760 4544 ad
2782 4491 3042 4546 medicum
3067 4504 3406 4549 accurrerent
3433 4511 3448 4547 :

1885 4596 2026 4636 nunc
2051 4591 2226 4636 autem
2248 4583 2348 4637 hoc
2371 4590 2452 4637 est
2472 4583 2525 4636 in
2547 4583 2673 4636 vitio
2692 4583 3079 4652 gravissimum,
3098 4583 3236 4653 quod
3265 4601 3385 4640 cum
3400 4586 3455 4640 in

1885 4687 1950 4726 eo
1967 4673 2092 4737 sint,
2113 4688 2179 4727 ne
2196 4688 2254 4727 se
2270 4673 2479 4742 quidem
2498 4674 2550 4726 in
2563 4689 2626 4726 eo
2643 4688 2760 4727 esse
2787 4675 3036 4728 sentiunt.
3067 4675 3142 4728 Ne
3157 4675 3258 4730 hoc
3271 4691 3454 4744 respe-

1887 4763 2048 4827 xeris,
2073 4763 2212 4833 quod
2235 4779 2291 4817 se
2312 4779 2431 4818 esse
2447 4764 2660 4817 divitem
2693 4764 2900 4818 laetatur
2926 4765 3094 4831 dives,
3121 4765 3215 4820 sed
3243 4775 3458 4836 propter

1892 4854 1995 4910 hoc
2019 4856 2188 4924 ipsum
2212 4855 2291 4908 vel
2319 4857 2549 4910 maxime
2577 4855 2733 4922 delle,
2765 4857 2905 4926 quod
2935 4873 3000 4912 ne
3025 4859 3216 4912 sentiat
3243 4858 3457 4928 quidem

1889 4947 1942 5000 in
1967 4955 2162 5016 quanto
2193 4947 2331 5001 malo
2366 4956 2626 5002 versetur.
2675 4947 2790 5002 Non
2833 4955 2919 5002 est
2945 4951 3085 5003 enim
3124 4949 3413 5004 humanum
3437 4992 3455 5016 ,

1890 5038 1984 5093 sed
2013 5054 2043 5091 a
2073 5040 2274 5092 ratione
2301 5040 2528 5092 maxime
2554 5039 2785 5093 alienum
2804 5079 2818 5102 ,
2851 5049 3133 5107 propterea
3161 5041 3456 5096 exsultare.

1893 5131 1959 5184 Et
1986 5132 2170 5202 dirigas
2187 5133 2403 5201 justum.
2436 5129 2571 5197 Quid
2604 5129 2705 5184 hoc
2731 5131 2850 5184 est?
2881 5131 3058 5186 Plexis
3088 5131 3229 5186 enim
3258 5133 3458 5202 impro-

1893 5222 1994 5286 bis,
2026 5223 2225 5292 inquit,
2256 5221 2387 5276 fiunt
2407 5222 2534 5292 justi
2556 5223 2888 5276 attentiorcs.
2932 5221 3159 5277 Proinde
3203 5224 3312 5278 duo
3339 5225 3461 5280 hinc

1893 5314 2030 5368 bona
2056 5315 2294 5368 oriuntur
2317 5330 2330 5366 :
2365 5329 2484 5368 nam
2511 5323 2567 5368 et
2600 5314 2676 5368 illi
2705 5329 2736 5367 a
2765 5315 2889 5370 vitio
2913 5313 3206 5378 desistunt,
3229 5325 3283 5367 et
3310 5312 3363 5367 hi
3394 5314 3462 5368 ad

1895 5405 2142 5459 virtutem
2168 5405 2334 5474 magis
2359 5405 2636 5459 accedunt.
2659 5405 3112 5471 Quemadmodum
3140 5405 3280 5458 enim
3306 5405 3466 5459 homo

1894 5510 2054 5550 sanus
2079 5510 2196 5549 cum
2224 5496 2368 5549 videt
2395 5496 2694 5566 quempiam
2738 5497 2819 5550 uri
2859 5504 2950 5550 aut
2994 5495 3196 5560 secari,
3225 5494 3465 5548 redditur

1895 5585 2234 5641 attentior'ad
2259 5588 2537 5642 sanitatem
2579 5604 2592 5642 :
2635 5587 2707 5640 ita
2742 5587 2827 5642 hic
2854 5588 3034 5641 etiam.
3082 5585 3290 5639 Etenim
3317 5583 3466 5638 muiti

1896 5692 2079 5730 eorum
2108 5677 2194 5745 qui
2225 5685 2348 5731 tunc
2371 5686 2523 5731 erant
2543 5715 2560 5741 ,
2604 5676 3008 5730 oﬂ‘endebantur
3029 5715 3046 5742 ,
3093 5676 3251 5729 etiam
3282 5690 3466 5728 eorum

1898 5771 1984 5840 qui
2013 5769 2328 5824 videbantur
2356 5769 2587 5840 sibiipsis
2615 5769 2889 5824 attendere
2910 5810 2925 5835 ,
2960 5776 3176 5838 propter
3205 5769 3464 5821 malorum

1903 5863 2300 5934 prosperitatcm
2332 5863 2501 5918 adhuc
2548 5861 2860 5918 imbecillius
2903 5860 3097 5917 affecti.
3139 5861 3464 5932 Quapropter
