  <div class='ocr_page' id='page_1' title='image "/cluster/home/n/w/nwhite01/storage/ocr_20150623/55/nnc1.0046980016/085.png"; bbox 0 0 4040 6342; ppageno 0'>
   <div class='ocr_carea' id='block_1_1' title="bbox 572 416 3827 499">
    <p class='ocr_par' dir='ltr' id='par_1_1' title="bbox 572 416 3827 499">
     <span class='ocr_line' id='line_1_1' title="bbox 572 416 3827 499; baseline -0.008 -1"><span class='ocrx_word' id='word_1_1' title='bbox 572 444 643 499; x_wconf 69' lang='grc'><strong>95</strong></span> <span class='ocrx_word' id='word_1_2' title='bbox 1176 416 1188 427; x_wconf 54' lang='grc'><strong>’</strong></span> <span class='ocrx_word' id='word_1_3' title='bbox 1308 434 1365 488; x_wconf 85' lang='lat' dir='ltr'><strong>S.</strong></span> <span class='ocrx_word' id='word_1_4' title='bbox 1404 430 1677 487; x_wconf 73' lang='lat' dir='ltr'><strong>JOANNIS</strong></span> <span class='ocrx_word' id='word_1_5' title='bbox 1714 421 2190 486; x_wconf 73' lang='lat' dir='ltr'><strong>CllRYSOSTOMI</strong></span> <span class='ocrx_word' id='word_1_6' title='bbox 2218 420 2529 476; x_wconf 71' lang='lat' dir='ltr'><strong>ARCIHEP.</strong></span> <span class='ocrx_word' id='word_1_7' title='bbox 2559 421 3086 477; x_wconf 77' lang='lat' dir='ltr'><strong>CUNSTANTINOP.</strong></span> <span class='ocrx_word' id='word_1_8' title='bbox 3758 425 3827 482; x_wconf 64' lang='lat' dir='ltr'><strong>9c</strong></span> 
     </span>
    </p>
   </div>
   <div class='ocr_carea' id='block_1_2' title="bbox 569 541 2142 612">
    <p class='ocr_par' dir='ltr' id='par_1_2' title="bbox 569 541 2142 612">
     <span class='ocr_line' id='line_1_2' title="bbox 569 541 2142 612; baseline -0.013 -1"><span class='ocrx_word' id='word_1_9' title='bbox 569 559 653 612; x_wconf 90' lang='lat' dir='ltr'><strong>hic</strong></span> <span class='ocrx_word' id='word_1_10' title='bbox 675 556 832 610; x_wconf 87' lang='lat' dir='ltr'><strong>etiam</strong></span> <span class='ocrx_word' id='word_1_11' title='bbox 873 552 995 608; x_wconf 78' lang='lat' dir='ltr'><strong>alibi</strong></span> <span class='ocrx_word' id='word_1_12' title='bbox 1025 554 1156 605; x_wconf 80' lang='lat' dir='ltr'><strong>dicit</strong></span> <span class='ocrx_word' id='word_1_13' title='bbox 1203 547 1382 602; x_wconf 84' lang='lat' dir='ltr'><strong>:Pene</strong></span> <span class='ocrx_word' id='word_1_14' title='bbox 1422 546 1569 611; x_wconf 68' lang='grc' dir='ltr'><strong>επηεὶ</strong></span> <span class='ocrx_word' id='word_1_15' title='bbox 1610 552 1724 598; x_wconf 87' lang='lat' dir='ltr'><strong>sunt</strong></span> <span class='ocrx_word' id='word_1_16' title='bbox 1777 557 1975 612; x_wconf 81' lang='lat' dir='ltr'><strong>gressus</strong></span> <span class='ocrx_word' id='word_1_17' title='bbox 2026 541 2142 602; x_wconf 85' lang='lat' dir='ltr'><strong>mei,</strong></span> 
     </span>
    </p>
   </div>
   <div class='ocr_carea' id='block_1_3' title="bbox 566 629 2147 715">
    <p class='ocr_par' dir='ltr' id='par_1_3' title="bbox 566 629 2147 715">
     <span class='ocr_line' id='line_1_3' title="bbox 566 629 2147 715; baseline -0.009 -16"><span class='ocrx_word' id='word_1_18' title='bbox 566 646 801 715; x_wconf 71' lang='lat' dir='ltr'><strong>quoniam</strong></span> <span class='ocrx_word' id='word_1_19' title='bbox 844 642 1112 696; x_wconf 65' lang='lat' dir='ltr'><strong>aemulatus</strong></span> <span class='ocrx_word' id='word_1_20' title='bbox 1140 655 1252 693; x_wconf 89' lang='lat' dir='ltr'><strong>sum</strong></span> <span class='ocrx_word' id='word_1_21' title='bbox 1280 646 1483 705; x_wconf 81' lang='lat' dir='ltr'><strong>propter</strong></span> <span class='ocrx_word' id='word_1_22' title='bbox 1511 635 1706 702; x_wconf 77' lang='lat' dir='ltr'><strong>iniquos</strong></span> <span class='ocrx_word' id='word_1_23' title='bbox 1743 631 1910 704; x_wconf 78' lang='lat' dir='ltr'><strong>(Psal.</strong></span> <span class='ocrx_word' id='word_1_24' title='bbox 1946 630 2032 684; x_wconf 76' lang='lat'><strong>7‘2.</strong></span> <span class='ocrx_word' id='word_1_25' title='bbox 2061 629 2147 698; x_wconf 77' lang='grc'><strong>2).</strong></span> 
     </span>
    </p>
   </div>
   <div class='ocr_carea' id='block_1_4' title="bbox 567 725 2148 793">
    <p class='ocr_par' dir='ltr' id='par_1_4' title="bbox 567 725 2148 793">
     <span class='ocr_line' id='line_1_4' title="bbox 567 725 2148 793; baseline -0.011 -5"><span class='ocrx_word' id='word_1_26' title='bbox 567 736 715 788; x_wconf 78' lang='lat' dir='ltr'><strong>Alius</strong></span> <span class='ocrx_word' id='word_1_27' title='bbox 761 744 935 786; x_wconf 80' lang='lat' dir='ltr'><strong>autem</strong></span> <span class='ocrx_word' id='word_1_28' title='bbox 973 745 1155 785; x_wconf 82' lang='lat' dir='ltr'><strong>rursus</strong></span> <span class='ocrx_word' id='word_1_29' title='bbox 1192 746 1206 782; x_wconf 89' lang='lat'><strong>:</strong></span> <span class='ocrx_word' id='word_1_30' title='bbox 1245 727 1417 793; x_wconf 81' lang='lat' dir='ltr'><strong><em>Quare</em></strong></span> <span class='ocrx_word' id='word_1_31' title='bbox 1460 728 1538 779; x_wconf 83' lang='lat' dir='ltr'><strong>via</strong></span> <span class='ocrx_word' id='word_1_32' title='bbox 1572 725 1841 793; x_wconf 83' lang='lat' dir='ltr'><strong>impiorum</strong></span> <span class='ocrx_word' id='word_1_33' title='bbox 1880 737 2148 791; x_wconf 77' lang='lat' dir='ltr'><strong>prospera-</strong></span> 
     </span>
    </p>
   </div>
   <div class='ocr_carea' id='block_1_5' title="bbox 567 811 2151 895">
    <p class='ocr_par' dir='ltr' id='par_1_5' title="bbox 567 811 2151 895">
     <span class='ocr_line' id='line_1_5' title="bbox 567 811 2151 895; baseline -0.008 -19"><span class='ocrx_word' id='word_1_34' title='bbox 567 821 824 895; x_wconf 81' lang='lat' dir='ltr'><strong>tur(ler.</strong></span> <span class='ocrx_word' id='word_1_35' title='bbox 873 821 958 875; x_wconf 73' lang='lat' dir='ltr'><strong>l2.</strong></span> <span class='ocrx_word' id='word_1_36' title='bbox 1020 819 1126 888; x_wconf 82' lang='lat' dir='ltr'><strong>l)?</strong></span> <span class='ocrx_word' id='word_1_37' title='bbox 1180 818 1481 885; x_wconf 89' lang='lat' dir='ltr'><strong>Quinetiam</strong></span> <span class='ocrx_word' id='word_1_38' title='bbox 1526 814 1627 869; x_wconf 85' lang='lat' dir='ltr'><strong>Job</strong></span> <span class='ocrx_word' id='word_1_39' title='bbox 1671 813 1833 866; x_wconf 86' lang='lat' dir='ltr'><strong>multa</strong></span> <span class='ocrx_word' id='word_1_40' title='bbox 1878 811 2151 880; x_wconf 78' lang='lat' dir='ltr'><strong>qua-rebat</strong></span> 
     </span>
    </p>
   </div>
   <div class='ocr_carea' id='block_1_6' title="bbox 566 904 2149 981">
    <p class='ocr_par' dir='ltr' id='par_1_6' title="bbox 566 904 2149 981">
     <span class='ocr_line' id='line_1_6' title="bbox 566 904 2149 981; baseline -0.008 -13"><span class='ocrx_word' id='word_1_41' title='bbox 566 914 850 981; x_wconf 82' lang='lat' dir='ltr'><strong>ejusmodi.</strong></span> <span class='ocrx_word' id='word_1_42' title='bbox 875 912 981 970; x_wconf 88' lang='lat' dir='ltr'><strong>Sed</strong></span> <span class='ocrx_word' id='word_1_43' title='bbox 1013 926 1151 965; x_wconf 92' lang='lat' dir='ltr'><strong>nunc</strong></span> <span class='ocrx_word' id='word_1_44' title='bbox 1175 910 1387 980; x_wconf 92' lang='lat' dir='ltr'><strong>quidem</strong></span> <span class='ocrx_word' id='word_1_45' title='bbox 1435 906 1794 977; x_wconf 80' lang='lat' dir='ltr'><strong>imperfectius</strong></span> <span class='ocrx_word' id='word_1_46' title='bbox 1832 904 2003 958; x_wconf 83' lang='lat' dir='ltr'><strong>allecti</strong></span> <span class='ocrx_word' id='word_1_47' title='bbox 2035 904 2149 957; x_wconf 77' lang='lat' dir='ltr'><strong>lucc</strong></span> 
     </span>
    </p>
   </div>
   <div class='ocr_carea' id='block_1_7' title="bbox 567 994 2194 1070">
    <p class='ocr_par' dir='ltr' id='par_1_7' title="bbox 567 994 2194 1070">
     <span class='ocr_line' id='line_1_7' title="bbox 567 994 2194 1070; baseline -0.006 -12"><span class='ocrx_word' id='word_1_48' title='bbox 567 1004 845 1067; x_wconf 84' lang='lat' dir='ltr'><strong>dicebant,</strong></span> <span class='ocrx_word' id='word_1_49' title='bbox 872 1012 925 1057; x_wconf 87' lang='lat' dir='ltr'><strong>et</strong></span> <span class='ocrx_word' id='word_1_50' title='bbox 962 1002 1076 1058; x_wconf 77' lang='lat' dir='ltr'><strong>lucc</strong></span> <span class='ocrx_word' id='word_1_51' title='bbox 1103 1000 1411 1069; x_wconf 70' lang='lat' dir='ltr'><strong>qua-rebaut</strong></span> <span class='ocrx_word' id='word_1_52' title='bbox 1454 1016 1467 1053; x_wconf 91' lang='lat'><strong>:</strong></span> <span class='ocrx_word' id='word_1_53' title='bbox 1511 1011 1650 1052; x_wconf 90' lang='lat' dir='ltr'><strong>nunc</strong></span> <span class='ocrx_word' id='word_1_54' title='bbox 1677 1006 1852 1051; x_wconf 87' lang='lat' dir='ltr'><strong>autem</strong></span> <span class='ocrx_word' id='word_1_55' title='bbox 1897 994 2039 1049; x_wconf 89' lang='lat' dir='ltr'><strong>nulla</strong></span> <span class='ocrx_word' id='word_1_56' title='bbox 2069 1004 2150 1049; x_wconf 89' lang='lat' dir='ltr'><strong>est</strong></span> <span class='ocrx_word' id='word_1_57' title='bbox 2188 1064 2194 1070; x_wconf 21' lang='grc' dir='ltr'><strong>Α</strong></span> 
     </span>
    </p>
   </div>
   <div class='ocr_carea' id='block_1_8' title="bbox 569 1087 2149 1165">
    <p class='ocr_par' dir='ltr' id='par_1_8' title="bbox 569 1087 2149 1165">
     <span class='ocr_line' id='line_1_8' title="bbox 569 1087 2149 1165; baseline -0.009 -13"><span class='ocrx_word' id='word_1_58' title='bbox 569 1098 761 1165; x_wconf 85' lang='lat' dir='ltr'><strong>dignus</strong></span> <span class='ocrx_word' id='word_1_59' title='bbox 793 1096 943 1149; x_wconf 88' lang='lat' dir='ltr'><strong>venia</strong></span> <span class='ocrx_word' id='word_1_60' title='bbox 969 1136 984 1158; x_wconf 97' lang='lat'><strong>,</strong></span> <span class='ocrx_word' id='word_1_61' title='bbox 1027 1093 1115 1162; x_wconf 89' lang='lat' dir='ltr'><strong>qui</strong></span> <span class='ocrx_word' id='word_1_62' title='bbox 1147 1092 1229 1146; x_wconf 87' lang='lat' dir='ltr'><strong>his</strong></span> <span class='ocrx_word' id='word_1_63' title='bbox 1269 1091 1607 1159; x_wconf 86' lang='lat' dir='ltr'><strong>perturbatur</strong></span> <span class='ocrx_word' id='word_1_64' title='bbox 1635 1103 1649 1139; x_wconf 88' lang='lat'><strong>:</strong></span> <span class='ocrx_word' id='word_1_65' title='bbox 1678 1087 1765 1156; x_wconf 90' lang='lat' dir='ltr'><strong>qui</strong></span> <span class='ocrx_word' id='word_1_66' title='bbox 1807 1096 1879 1139; x_wconf 92' lang='lat' dir='ltr'><strong>tot</strong></span> <span class='ocrx_word' id='word_1_67' title='bbox 1911 1094 1964 1139; x_wconf 87' lang='lat' dir='ltr'><strong>et</strong></span> <span class='ocrx_word' id='word_1_68' title='bbox 2007 1093 2149 1138; x_wconf 83' lang='lat' dir='ltr'><strong>tanta</strong></span> 
     </span>
    </p>
   </div>
   <div class='ocr_carea' id='block_1_9' title="bbox 575 1176 2150 1257">
    <p class='ocr_par' dir='ltr' id='par_1_9' title="bbox 575 1176 2150 1257">
     <span class='ocr_line' id='line_1_9' title="bbox 575 1176 2150 1257; baseline -0.004 -20"><span class='ocrx_word' id='word_1_69' title='bbox 575 1186 920 1257; x_wconf 74' lang='lat' dir='ltr'><strong>pltilosOphia:</strong></span> <span class='ocrx_word' id='word_1_70' title='bbox 950 1185 1084 1241; x_wconf 88' lang='lat' dir='ltr'><strong>scita</strong></span> <span class='ocrx_word' id='word_1_71' title='bbox 1110 1182 1310 1243; x_wconf 89' lang='lat' dir='ltr'><strong>didicit,</strong></span> <span class='ocrx_word' id='word_1_72' title='bbox 1356 1191 1410 1235; x_wconf 89' lang='lat' dir='ltr'><strong>et</strong></span> <span class='ocrx_word' id='word_1_73' title='bbox 1435 1180 1502 1236; x_wconf 89' lang='lat' dir='ltr'><strong>de</strong></span> <span class='ocrx_word' id='word_1_74' title='bbox 1530 1180 1717 1233; x_wconf 78' lang='lat' dir='ltr'><strong>tuturis</strong></span> <span class='ocrx_word' id='word_1_75' title='bbox 1758 1178 1877 1231; x_wconf 90' lang='lat' dir='ltr'><strong>talia</strong></span> <span class='ocrx_word' id='word_1_76' title='bbox 1905 1176 2150 1245; x_wconf 85' lang='lat' dir='ltr'><strong>dogmata</strong></span> 
     </span>
    </p>
   </div>
   <div class='ocr_carea' id='block_1_10' title="bbox 570 1269 2147 1346">
    <p class='ocr_par' dir='ltr' id='par_1_10' title="bbox 570 1269 2147 1346">
     <span class='ocr_line' id='line_1_10' title="bbox 570 1269 2147 1346; baseline -0.009 -13"><span class='ocrx_word' id='word_1_77' title='bbox 570 1279 792 1346; x_wconf 84' lang='lat' dir='ltr'><strong>accepit,</strong></span> <span class='ocrx_word' id='word_1_78' title='bbox 821 1287 872 1337; x_wconf 85' lang='lat' dir='ltr'><strong>et</strong></span> <span class='ocrx_word' id='word_1_79' title='bbox 900 1276 967 1331; x_wconf 91' lang='lat' dir='ltr'><strong>de</strong></span> <span class='ocrx_word' id='word_1_80' title='bbox 991 1275 1232 1345; x_wconf 79' lang='lat' dir='ltr'><strong>geheuna</strong></span> <span class='ocrx_word' id='word_1_81' title='bbox 1254 1288 1317 1327; x_wconf 88' lang='lat' dir='ltr'><strong>ae</strong></span> <span class='ocrx_word' id='word_1_82' title='bbox 1349 1287 1513 1342; x_wconf 91' lang='lat' dir='ltr'><strong>regno</strong></span> <span class='ocrx_word' id='word_1_83' title='bbox 1535 1271 1769 1339; x_wconf 75' lang='lat' dir='ltr'><strong>apertius</strong></span> <span class='ocrx_word' id='word_1_84' title='bbox 1803 1269 2024 1323; x_wconf 88' lang='lat' dir='ltr'><strong>edoctus</strong></span> <span class='ocrx_word' id='word_1_85' title='bbox 2042 1276 2147 1333; x_wconf 88' lang='lat' dir='ltr'><strong>est,</strong></span> 
     </span>
    </p>
   </div>
   <div class='ocr_carea' id='block_1_11' title="bbox 576 1357 2150 1438">
    <p class='ocr_par' dir='ltr' id='par_1_11' title="bbox 576 1357 2150 1438">
     <span class='ocr_line' id='line_1_11' title="bbox 576 1357 2150 1438; baseline -0.007 -14"><span class='ocrx_word' id='word_1_86' title='bbox 576 1370 682 1425; x_wconf 91' lang='lat' dir='ltr'><strong>illic</strong></span> <span class='ocrx_word' id='word_1_87' title='bbox 704 1369 941 1438; x_wconf 87' lang='lat' dir='ltr'><strong>singulos</strong></span> <span class='ocrx_word' id='word_1_88' title='bbox 966 1373 1278 1432; x_wconf 84' lang='lat' dir='ltr'><strong>accepturos</strong></span> <span class='ocrx_word' id='word_1_89' title='bbox 1305 1378 1400 1433; x_wconf 89' lang='lat' dir='ltr'><strong>pro</strong></span> <span class='ocrx_word' id='word_1_90' title='bbox 1428 1362 1654 1416; x_wconf 87' lang='lat' dir='ltr'><strong>meritis.</strong></span> <span class='ocrx_word' id='word_1_91' title='bbox 1708 1360 1955 1415; x_wconf 72' lang='lat' dir='ltr'><strong>Scrutaris</strong></span> <span class='ocrx_word' id='word_1_92' title='bbox 1994 1357 2150 1413; x_wconf 86' lang='lat' dir='ltr'><strong>corda</strong></span> 
     </span>
    </p>
   </div>
   <div class='ocr_carea' id='block_1_12' title="bbox 568 1450 2146 1526">
    <p class='ocr_par' dir='ltr' id='par_1_12' title="bbox 568 1450 2146 1526">
     <span class='ocr_line' id='line_1_12' title="bbox 568 1450 2146 1526; baseline -0.009 -8"><span class='ocrx_word' id='word_1_93' title='bbox 568 1474 614 1517; x_wconf 81' lang='lat' dir='ltr'><strong>et</strong></span> <span class='ocrx_word' id='word_1_94' title='bbox 642 1475 785 1517; x_wconf 83' lang='lat' dir='ltr'><strong>renes</strong></span> <span class='ocrx_word' id='word_1_95' title='bbox 811 1458 949 1513; x_wconf 87' lang='lat' dir='ltr'><strong>Deus</strong></span> <span class='ocrx_word' id='word_1_96' title='bbox 968 1460 1149 1524; x_wconf 82' lang='lat' dir='ltr'><strong>iustus.</strong></span> <span class='ocrx_word' id='word_1_97' title='bbox 1177 1457 1261 1511; x_wconf 78' lang='grc'><strong>11.</strong></span> <span class='ocrx_word' id='word_1_98' title='bbox 1293 1455 1617 1526; x_wconf 84' lang='lat' dir='ltr'><strong>Adjutorium</strong></span> <span class='ocrx_word' id='word_1_99' title='bbox 1639 1469 1803 1507; x_wconf 86' lang='lat' dir='ltr'><strong>meum</strong></span> <span class='ocrx_word' id='word_1_100' title='bbox 1828 1469 1860 1505; x_wconf 91' lang='lat' dir='ltr'><strong>a</strong></span> <span class='ocrx_word' id='word_1_101' title='bbox 1887 1450 2108 1506; x_wconf 80' lang='lat' dir='ltr'><strong>Domino</strong></span> <span class='ocrx_word' id='word_1_102' title='bbox 2131 1491 2146 1517; x_wconf 88' lang='lat'><strong>,</strong></span> 
     </span>
    </p>
   </div>
   <div class='ocr_carea' id='block_1_13' title="bbox 568 1543 2147 1623">
    <p class='ocr_par' dir='ltr' id='par_1_13' title="bbox 568 1543 2147 1623">
     <span class='ocr_line' id='line_1_13' title="bbox 568 1543 2147 1623; baseline -0.006 -18"><span class='ocrx_word' id='word_1_103' title='bbox 568 1553 836 1623; x_wconf 77' lang='lat' dir='ltr'><strong>quisalvos</strong></span> <span class='ocrx_word' id='word_1_104' title='bbox 866 1552 989 1621; x_wconf 88' lang='lat' dir='ltr'><strong>facit</strong></span> <span class='ocrx_word' id='word_1_105' title='bbox 1017 1558 1176 1604; x_wconf 80' lang='lat' dir='ltr'><strong>rectos</strong></span> <span class='ocrx_word' id='word_1_106' title='bbox 1194 1546 1363 1602; x_wconf 82' lang='lat' dir='ltr'><strong>corde.</strong></span> <span class='ocrx_word' id='word_1_107' title='bbox 1404 1546 1555 1601; x_wconf 84' lang='lat' dir='ltr'><strong>Alius</strong></span> <span class='ocrx_word' id='word_1_108' title='bbox 1598 1563 1612 1600; x_wconf 93' lang='lat'><strong>:</strong></span> <span class='ocrx_word' id='word_1_109' title='bbox 1648 1543 1984 1600; x_wconf 74' lang='lat' dir='ltr'><strong>Examinator</strong></span> <span class='ocrx_word' id='word_1_110' title='bbox 2031 1559 2147 1596; x_wconf 84' lang='lat' dir='ltr'><strong>cor-</strong></span> 
     </span>
    </p>
   </div>
   <div class='ocr_carea' id='block_1_14' title="bbox 571 1633 2147 1709">
    <p class='ocr_par' dir='ltr' id='par_1_14' title="bbox 571 1633 2147 1709">
     <span class='ocr_line' id='line_1_14' title="bbox 571 1633 2147 1709; baseline -0.006 -12"><span class='ocrx_word' id='word_1_111' title='bbox 571 1645 713 1697; x_wconf 79' lang='lat' dir='ltr'><strong>dium</strong></span> <span class='ocrx_word' id='word_1_112' title='bbox 742 1652 787 1696; x_wconf 87' lang='lat' dir='ltr'><strong>et</strong></span> <span class='ocrx_word' id='word_1_113' title='bbox 814 1657 992 1695; x_wconf 84' lang='lat' dir='ltr'><strong>renum</strong></span> <span class='ocrx_word' id='word_1_114' title='bbox 1027 1639 1163 1708; x_wconf 84' lang='lat' dir='ltr'><strong>Deus</strong></span> <span class='ocrx_word' id='word_1_115' title='bbox 1179 1639 1371 1709; x_wconf 81' lang='lat' dir='ltr'><strong>justus,</strong></span> <span class='ocrx_word' id='word_1_116' title='bbox 1412 1637 1645 1708; x_wconf 82' lang='lat' dir='ltr'><strong>defensor</strong></span> <span class='ocrx_word' id='word_1_117' title='bbox 1670 1651 1829 1688; x_wconf 85' lang='lat' dir='ltr'><strong>meus.</strong></span> <span class='ocrx_word' id='word_1_118' title='bbox 1875 1633 1943 1688; x_wconf 88' lang='lat' dir='ltr'><strong>Et</strong></span> <span class='ocrx_word' id='word_1_119' title='bbox 1969 1633 2104 1687; x_wconf 85' lang='lat' dir='ltr'><strong>alius</strong></span> <span class='ocrx_word' id='word_1_120' title='bbox 2130 1647 2147 1687; x_wconf 89' lang='lat'><strong>:</strong></span> 
     </span>
    </p>
   </div>
   <div class='ocr_carea' id='block_1_15' title="bbox 571 1723 2148 1802">
    <p class='ocr_par' dir='ltr' id='par_1_15' title="bbox 571 1723 2148 1802">
     <span class='ocr_line' id='line_1_15' title="bbox 571 1723 2148 1802; baseline -0.009 -11"><span class='ocrx_word' id='word_1_121' title='bbox 571 1736 713 1791; x_wconf 77' lang='lat' dir='ltr'><strong>Deus</strong></span> <span class='ocrx_word' id='word_1_122' title='bbox 753 1735 936 1802; x_wconf 83' lang='lat' dir='ltr'><strong>iustus.</strong></span> <span class='ocrx_word' id='word_1_123' title='bbox 984 1731 1322 1801; x_wconf 82' lang='lat' dir='ltr'><strong>Septuaginta</strong></span> <span class='ocrx_word' id='word_1_124' title='bbox 1343 1739 1518 1784; x_wconf 89' lang='lat' dir='ltr'><strong>autem</strong></span> <span class='ocrx_word' id='word_1_125' title='bbox 1546 1728 1617 1781; x_wconf 92' lang='lat' dir='ltr'><strong>ita</strong></span> <span class='ocrx_word' id='word_1_126' title='bbox 1643 1726 1919 1782; x_wconf 72' lang='lat' dir='ltr'><strong>dixerunt‘</strong></span> <span class='ocrx_word' id='word_1_127' title='bbox 1944 1743 1957 1778; x_wconf 90' lang='lat'><strong>:</strong></span> <span class='ocrx_word' id='word_1_128' title='bbox 1988 1723 2148 1779; x_wconf 56' lang='lat' dir='ltr'><strong>Scru.</strong></span> 
     </span>
    </p>
   </div>
   <div class='ocr_carea' id='block_1_16' title="bbox 567 1814 2146 1880">
    <p class='ocr_par' dir='ltr' id='par_1_16' title="bbox 567 1814 2146 1880">
     <span class='ocr_line' id='line_1_16' title="bbox 567 1814 2146 1880; baseline -0.007 1"><span class='ocrx_word' id='word_1_129' title='bbox 567 1839 679 1880; x_wconf 82' lang='lat' dir='ltr'><strong>tnns</strong></span> <span class='ocrx_word' id='word_1_130' title='bbox 694 1828 848 1880; x_wconf 86' lang='lat' dir='ltr'><strong>corda</strong></span> <span class='ocrx_word' id='word_1_131' title='bbox 867 1835 916 1878; x_wconf 91' lang='lat' dir='ltr'><strong>et</strong></span> <span class='ocrx_word' id='word_1_132' title='bbox 936 1839 1079 1878; x_wconf 87' lang='lat' dir='ltr'><strong>renes</strong></span> <span class='ocrx_word' id='word_1_133' title='bbox 1102 1821 1258 1876; x_wconf 87' lang='lat' dir='ltr'><strong>Deus.</strong></span> <span class='ocrx_word' id='word_1_134' title='bbox 1285 1819 1323 1873; x_wconf 76' lang='lat' dir='ltr'><em>J</em></span> <span class='ocrx_word' id='word_1_135' title='bbox 1327 1829 1489 1874; x_wconf 77' lang='lat' dir='ltr'><strong>ustum</strong></span> <span class='ocrx_word' id='word_1_136' title='bbox 1509 1818 1756 1874; x_wconf 63' lang='lat' dir='ltr'><strong>auxilium</strong></span> <span class='ocrx_word' id='word_1_137' title='bbox 1774 1833 1939 1871; x_wconf 82' lang='lat' dir='ltr'><strong>meum</strong></span> <span class='ocrx_word' id='word_1_138' title='bbox 1962 1833 1994 1868; x_wconf 85' lang='grc' dir='ltr'><em>α</em></span> <span class='ocrx_word' id='word_1_139' title='bbox 2015 1814 2146 1870; x_wconf 82' lang='lat' dir='ltr'><strong>Deo.</strong></span> 
     </span>
    </p>
   </div>
   <div class='ocr_carea' id='block_1_17' title="bbox 573 1909 2145 1985">
    <p class='ocr_par' dir='ltr' id='par_1_17' title="bbox 573 1909 2145 1985">
     <span class='ocr_line' id='line_1_17' title="bbox 573 1909 2145 1985; baseline -0.007 -13"><span class='ocrx_word' id='word_1_140' title='bbox 573 1920 713 1973; x_wconf 71' lang='lat' dir='ltr'><strong>Dixit</strong></span> <span class='ocrx_word' id='word_1_141' title='bbox 739 1933 856 1971; x_wconf 92' lang='lat' dir='ltr'><strong>eum</strong></span> <span class='ocrx_word' id='word_1_142' title='bbox 884 1930 1004 1969; x_wconf 86' lang='lat' dir='ltr'><strong>esse</strong></span> <span class='ocrx_word' id='word_1_143' title='bbox 1026 1914 1377 1985; x_wconf 77' lang='lat' dir='ltr'><strong>iudicaturum</strong></span> <span class='ocrx_word' id='word_1_144' title='bbox 1404 1912 1589 1966; x_wconf 87' lang='lat' dir='ltr'><strong>orbem</strong></span> <span class='ocrx_word' id='word_1_145' title='bbox 1618 1919 1773 1965; x_wconf 70' lang='lat' dir='ltr'><strong>terra:</strong></span> <span class='ocrx_word' id='word_1_146' title='bbox 1793 1950 1810 1975; x_wconf 90' lang='lat'><strong>,</strong></span> <span class='ocrx_word' id='word_1_147' title='bbox 1836 1910 1966 1964; x_wconf 91' lang='lat' dir='ltr'><strong>dicit</strong></span> <span class='ocrx_word' id='word_1_148' title='bbox 1991 1909 2145 1963; x_wconf 86' lang='lat' dir='ltr'><strong>dein-</strong></span> 
     </span>
    </p>
   </div>
   <div class='ocr_carea' id='block_1_18' title="bbox 574 2002 2146 2079">
    <p class='ocr_par' dir='ltr' id='par_1_18' title="bbox 574 2002 2146 2079">
     <span class='ocr_line' id='line_1_18' title="bbox 574 2002 2146 2079; baseline -0.006 -14"><span class='ocrx_word' id='word_1_149' title='bbox 574 2025 702 2079; x_wconf 84' lang='lat' dir='ltr'><strong>ceps</strong></span> <span class='ocrx_word' id='word_1_150' title='bbox 726 2010 886 2065; x_wconf 83' lang='lat' dir='ltr'><strong>etiam</strong></span> <span class='ocrx_word' id='word_1_151' title='bbox 914 2005 1181 2077; x_wconf 89' lang='lat' dir='ltr'><strong>quomodo</strong></span> <span class='ocrx_word' id='word_1_152' title='bbox 1211 2006 1280 2060; x_wconf 91' lang='lat' dir='ltr'><strong>sit</strong></span> <span class='ocrx_word' id='word_1_153' title='bbox 1296 2004 1647 2074; x_wconf 82' lang='lat' dir='ltr'><strong>judicaturus.</strong></span> <span class='ocrx_word' id='word_1_154' title='bbox 1697 2002 1837 2057; x_wconf 81' lang='lat' dir='ltr'><strong>Dixit</strong></span> <span class='ocrx_word' id='word_1_155' title='bbox 1876 2018 1997 2056; x_wconf 88' lang='lat' dir='ltr'><strong>eum</strong></span> <span class='ocrx_word' id='word_1_156' title='bbox 2042 2018 2146 2055; x_wconf 82' lang='lat' dir='ltr'><strong>non</strong></span> 
     </span>
    </p>
   </div>
   <div class='ocr_carea' id='block_1_19' title="bbox 567 2093 2150 2171">
    <p class='ocr_par' dir='ltr' id='par_1_19' title="bbox 567 2093 2150 2171">
     <span class='ocr_line' id='line_1_19' title="bbox 567 2093 2150 2171; baseline -0.008 -14"><span class='ocrx_word' id='word_1_157' title='bbox 567 2116 727 2171; x_wconf 83' lang='lat' dir='ltr'><strong>cgere</strong></span> <span class='ocrx_word' id='word_1_158' title='bbox 763 2100 1006 2161; x_wconf 85' lang='lat' dir='ltr'><strong>testibus,</strong></span> <span class='ocrx_word' id='word_1_159' title='bbox 1027 2113 1132 2152; x_wconf 90' lang='lat' dir='ltr'><strong>non</strong></span> <span class='ocrx_word' id='word_1_160' title='bbox 1159 2096 1575 2166; x_wconf 83' lang='lat' dir='ltr'><strong>probationibus,</strong></span> <span class='ocrx_word' id='word_1_161' title='bbox 1610 2109 1715 2148; x_wconf 91' lang='lat' dir='ltr'><strong>non</strong></span> <span class='ocrx_word' id='word_1_162' title='bbox 1742 2093 2150 2148; x_wconf 78' lang='lat' dir='ltr'><strong>demonstratio-</strong></span> 
     </span>
    </p>
   </div>
   <div class='ocr_carea' id='block_1_20' title="bbox 566 2184 2149 2256">
    <p class='ocr_par' dir='ltr' id='par_1_20' title="bbox 566 2184 2149 2256">
     <span class='ocr_line' id='line_1_20' title="bbox 566 2184 2149 2256; baseline -0.006 -10"><span class='ocrx_word' id='word_1_163' title='bbox 566 2194 741 2256; x_wconf 90' lang='lat' dir='ltr'><strong>nibns,</strong></span> <span class='ocrx_word' id='word_1_164' title='bbox 768 2206 873 2244; x_wconf 90' lang='lat' dir='ltr'><strong>non</strong></span> <span class='ocrx_word' id='word_1_165' title='bbox 903 2189 1115 2256; x_wconf 83' lang='lat' dir='ltr'><strong>scriptis</strong></span> <span class='ocrx_word' id='word_1_166' title='bbox 1154 2196 1244 2240; x_wconf 91' lang='lat' dir='ltr'><strong>ant</strong></span> <span class='ocrx_word' id='word_1_167' title='bbox 1284 2186 1648 2241; x_wconf 73' lang='lat' dir='ltr'><strong>instrumentis</strong></span> <span class='ocrx_word' id='word_1_168' title='bbox 1671 2226 1689 2252; x_wconf 91' lang='lat'><strong>,</strong></span> <span class='ocrx_word' id='word_1_169' title='bbox 1715 2194 1809 2241; x_wconf 88' lang='lat' dir='ltr'><strong>aut</strong></span> <span class='ocrx_word' id='word_1_170' title='bbox 1856 2185 1961 2239; x_wconf 87' lang='lat' dir='ltr'><strong>alio</strong></span> <span class='ocrx_word' id='word_1_171' title='bbox 2003 2184 2149 2253; x_wconf 82' lang='lat' dir='ltr'><strong>ejus—</strong></span> 
     </span>
    </p>
   </div>
   <div class='ocr_carea' id='block_1_21' title="bbox 568 2276 2145 2351">
    <p class='ocr_par' dir='ltr' id='par_1_21' title="bbox 568 2276 2145 2351">
     <span class='ocr_line' id='line_1_21' title="bbox 568 2276 2145 2351; baseline -0.004 -15"><span class='ocrx_word' id='word_1_172' title='bbox 568 2282 711 2336; x_wconf 82' lang='lat' dir='ltr'><strong>modi</strong></span> <span class='ocrx_word' id='word_1_173' title='bbox 742 2300 757 2336; x_wconf 92' lang='lat'><strong>:</strong></span> <span class='ocrx_word' id='word_1_174' title='bbox 790 2283 902 2351; x_wconf 87' lang='lat' dir='ltr'><strong>ipse</strong></span> <span class='ocrx_word' id='word_1_175' title='bbox 929 2289 1013 2335; x_wconf 89' lang='lat' dir='ltr'><strong>est</strong></span> <span class='ocrx_word' id='word_1_176' title='bbox 1037 2276 1179 2333; x_wconf 89' lang='lat' dir='ltr'><strong>enim</strong></span> <span class='ocrx_word' id='word_1_177' title='bbox 1206 2279 1296 2347; x_wconf 89' lang='lat' dir='ltr'><strong>qui</strong></span> <span class='ocrx_word' id='word_1_178' title='bbox 1320 2280 1420 2332; x_wconf 86' lang='lat' dir='ltr'><strong>scit</strong></span> <span class='ocrx_word' id='word_1_179' title='bbox 1447 2279 1605 2331; x_wconf 89' lang='lat' dir='ltr'><strong>etiam</strong></span> <span class='ocrx_word' id='word_1_180' title='bbox 1642 2292 1763 2346; x_wconf 68' lang='lat' dir='ltr'><strong>quzc</strong></span> <span class='ocrx_word' id='word_1_181' title='bbox 1782 2285 1907 2331; x_wconf 89' lang='lat' dir='ltr'><strong>sunt</strong></span> <span class='ocrx_word' id='word_1_182' title='bbox 1932 2292 2145 2331; x_wconf 87' lang='lat' dir='ltr'><strong>arcana.</strong></span> 
     </span>
    </p>
   </div>
   <div class='ocr_carea' id='block_1_22' title="bbox 567 2367 2150 2440">
    <p class='ocr_par' dir='ltr' id='par_1_22' title="bbox 567 2367 2150 2440">
     <span class='ocr_line' id='line_1_22' title="bbox 567 2367 2150 2440; baseline -0.003 -13"><span class='ocrx_word' id='word_1_183' title='bbox 567 2373 647 2428; x_wconf 83' lang='lat' dir='ltr'><strong>Nc</strong></span> <span class='ocrx_word' id='word_1_184' title='bbox 666 2373 949 2440; x_wconf 84' lang='lat' dir='ltr'><strong>dicatergo</strong></span> <span class='ocrx_word' id='word_1_185' title='bbox 974 2370 1167 2424; x_wconf 87' lang='lat' dir='ltr'><strong>stultus</strong></span> <span class='ocrx_word' id='word_1_186' title='bbox 1192 2369 1450 2437; x_wconf 81' lang='lat' dir='ltr'><strong>quispiam</strong></span> <span class='ocrx_word' id='word_1_187' title='bbox 1482 2387 1495 2422; x_wconf 90' lang='lat'><strong>:</strong></span> <span class='ocrx_word' id='word_1_188' title='bbox 1526 2368 1592 2422; x_wconf 85' lang='lat' dir='ltr'><strong>Et</strong></span> <span class='ocrx_word' id='word_1_189' title='bbox 1613 2368 1876 2437; x_wconf 77' lang='lat' dir='ltr'><strong>quomodo</strong></span> <span class='ocrx_word' id='word_1_190' title='bbox 1891 2367 2150 2437; x_wconf 87' lang='lat' dir='ltr'><strong>judicabit</strong></span> 
     </span>
    </p>
   </div>
   <div class='ocr_carea' id='block_1_23' title="bbox 567 2458 2150 2527">
    <p class='ocr_par' dir='ltr' id='par_1_23' title="bbox 567 2458 2150 2527">
     <span class='ocr_line' id='line_1_23' title="bbox 567 2458 2150 2527; baseline -0.003 -10"><span class='ocrx_word' id='word_1_191' title='bbox 567 2462 822 2518; x_wconf 78' lang='lat' dir='ltr'><strong>mundum</strong></span> <span class='ocrx_word' id='word_1_192' title='bbox 846 2461 1088 2516; x_wconf 86' lang='lat' dir='ltr'><strong>tantum?</strong></span> <span class='ocrx_word' id='word_1_193' title='bbox 1114 2459 1213 2527; x_wconf 93' lang='lat' dir='ltr'><strong>Qui</strong></span> <span class='ocrx_word' id='word_1_194' title='bbox 1243 2460 1384 2513; x_wconf 90' lang='lat' dir='ltr'><strong>enim</strong></span> <span class='ocrx_word' id='word_1_195' title='bbox 1411 2458 1568 2524; x_wconf 82' lang='lat' dir='ltr'><strong>fecit,</strong></span> <span class='ocrx_word' id='word_1_196' title='bbox 1604 2474 1722 2513; x_wconf 91' lang='lat' dir='ltr'><strong>cum</strong></span> <span class='ocrx_word' id='word_1_197' title='bbox 1750 2475 1853 2511; x_wconf 91' lang='lat' dir='ltr'><strong>non</strong></span> <span class='ocrx_word' id='word_1_198' title='bbox 1880 2468 2053 2524; x_wconf 82' lang='lat' dir='ltr'><strong>esset,</strong></span> <span class='ocrx_word' id='word_1_199' title='bbox 2106 2461 2150 2512; x_wconf 88' lang='lat' dir='ltr'><strong>is</strong></span> 
     </span>
    </p>
   </div>
   <div class='ocr_carea' id='block_1_24' title="bbox 567 2549 2145 2622">
    <p class='ocr_par' dir='ltr' id='par_1_24' title="bbox 567 2549 2145 2622">
     <span class='ocr_line' id='line_1_24' title="bbox 567 2549 2145 2622; baseline -0.003 -16"><span class='ocrx_word' id='word_1_200' title='bbox 567 2553 763 2608; x_wconf 73' lang='lat' dir='ltr'><strong>factum</strong></span> <span class='ocrx_word' id='word_1_201' title='bbox 780 2551 1052 2622; x_wconf 84' lang='lat' dir='ltr'><strong>judieabit.</strong></span> <span class='ocrx_word' id='word_1_202' title='bbox 1075 2551 1251 2605; x_wconf 81' lang='lat' dir='ltr'><strong>Renes</strong></span> <span class='ocrx_word' id='word_1_203' title='bbox 1265 2560 1441 2605; x_wconf 90' lang='lat' dir='ltr'><strong>autem</strong></span> <span class='ocrx_word' id='word_1_204' title='bbox 1466 2549 1552 2603; x_wconf 90' lang='lat' dir='ltr'><strong>hic</strong></span> <span class='ocrx_word' id='word_1_205' title='bbox 1573 2550 1702 2604; x_wconf 86' lang='lat' dir='ltr'><strong>dicit</strong></span> <span class='ocrx_word' id='word_1_206' title='bbox 1726 2550 1918 2604; x_wconf 91' lang='lat' dir='ltr'><strong>mentis</strong></span> <span class='ocrx_word' id='word_1_207' title='bbox 1934 2565 2145 2613; x_wconf 85' lang='lat' dir='ltr'><strong>arcana,</strong></span> 
     </span>
    </p>
   </div>
   <div class='ocr_carea' id='block_1_25' title="bbox 567 2641 2148 2716">
    <p class='ocr_par' dir='ltr' id='par_1_25' title="bbox 567 2641 2148 2716">
     <span class='ocr_line' id='line_1_25' title="bbox 567 2641 2148 2716; baseline -0.001 -19"><span class='ocrx_word' id='word_1_208' title='bbox 567 2661 687 2716; x_wconf 63' lang='lat' dir='ltr'><strong>quae</strong></span> <span class='ocrx_word' id='word_1_209' title='bbox 708 2655 830 2700; x_wconf 85' lang='lat' dir='ltr'><strong>sunt</strong></span> <span class='ocrx_word' id='word_1_210' title='bbox 863 2645 1064 2710; x_wconf 59' lang='lat' dir='ltr'><strong>intima;</strong></span> <span class='ocrx_word' id='word_1_211' title='bbox 1086 2660 1206 2714; x_wconf 84' lang='lat' dir='ltr'><strong>qua:</strong></span> <span class='ocrx_word' id='word_1_212' title='bbox 1232 2652 1357 2697; x_wconf 90' lang='lat' dir='ltr'><strong>sunt</strong></span> <span class='ocrx_word' id='word_1_213' title='bbox 1374 2641 1799 2713; x_wconf 78' lang='lat' dir='ltr'><strong>proluudissima,</strong></span> <span class='ocrx_word' id='word_1_214' title='bbox 1820 2657 1884 2696; x_wconf 80' lang='lat' dir='ltr'><strong>ex</strong></span> <span class='ocrx_word' id='word_1_215' title='bbox 1914 2643 2148 2711; x_wconf 87' lang='lat' dir='ltr'><strong>positura</strong></span> 
     </span>
    </p>
   </div>
   <div class='ocr_carea' id='block_1_26' title="bbox 574 2737 1086 2808">
    <p class='ocr_par' dir='ltr' id='par_1_26' title="bbox 574 2737 1086 2808">
     <span class='ocr_line' id='line_1_26' title="bbox 574 2737 1086 2808; baseline -0.006 -15"><span class='ocrx_word' id='word_1_216' title='bbox 574 2739 742 2808; x_wconf 82' lang='lat' dir='ltr'><strong>partis</strong></span> <span class='ocrx_word' id='word_1_217' title='bbox 761 2737 813 2791; x_wconf 89' lang='lat' dir='ltr'><strong>id</strong></span> <span class='ocrx_word' id='word_1_218' title='bbox 843 2740 1086 2791; x_wconf 76' lang='lat' dir='ltr'><strong>innitens.</strong></span> 
     </span>
    </p>
   </div>
   <div class='ocr_carea' id='block_1_27' title="bbox 640 2825 2144 2898">
    <p class='ocr_par' dir='ltr' id='par_1_27' title="bbox 640 2825 2144 2898">
     <span class='ocr_line' id='line_1_27' title="bbox 640 2825 2144 2898; baseline -0.004 -13"><span class='ocrx_word' id='word_1_219' title='bbox 640 2830 724 2886; x_wconf 74' lang='grc'><strong>10.</strong></span> <span class='ocrx_word' id='word_1_220' title='bbox 768 2831 901 2898; x_wconf 84' lang='lat' dir='ltr'><strong>Quid</strong></span> <span class='ocrx_word' id='word_1_221' title='bbox 928 2839 1031 2897; x_wconf 86' lang='lat' dir='ltr'><strong>est,</strong></span> <span class='ocrx_word' id='word_1_222' title='bbox 1059 2828 1347 2883; x_wconf 83' lang='lat' dir='ltr'><strong>Scrutans?</strong></span> <span class='ocrx_word' id='word_1_223' title='bbox 1372 2826 1523 2894; x_wconf 85' lang='lat' dir='ltr'><strong>Quod</strong></span> <span class='ocrx_word' id='word_1_224' title='bbox 1551 2827 1688 2880; x_wconf 89' lang='lat' dir='ltr'><strong>alius</strong></span> <span class='ocrx_word' id='word_1_225' title='bbox 1711 2825 1865 2892; x_wconf 78' lang='lat' dir='ltr'><strong>dixit,</strong></span> <span class='ocrx_word' id='word_1_226' title='bbox 1892 2825 2144 2880; x_wconf 84' lang='lat' dir='ltr'><strong>Probans.</strong></span> 
     </span>
    </p>
   </div>
   <div class='ocr_carea' id='block_1_28' title="bbox 569 2918 2148 2981">
    <p class='ocr_par' dir='ltr' id='par_1_28' title="bbox 569 2918 2148 2981">
     <span class='ocr_line' id='line_1_28' title="bbox 569 2918 2148 2981; baseline -0.004 -4"><span class='ocrx_word' id='word_1_227' title='bbox 569 2923 678 2977; x_wconf 78' lang='lat' dir='ltr'><strong>Etsi</strong></span> <span class='ocrx_word' id='word_1_228' title='bbox 702 2922 809 2976; x_wconf 89' lang='lat' dir='ltr'><strong>sint</strong></span> <span class='ocrx_word' id='word_1_229' title='bbox 837 2930 1014 2976; x_wconf 87' lang='lat' dir='ltr'><strong>autem</strong></span> <span class='ocrx_word' id='word_1_230' title='bbox 1044 2920 1290 2975; x_wconf 77' lang='lat' dir='ltr'><strong>humana:</strong></span> <span class='ocrx_word' id='word_1_231' title='bbox 1317 2918 1579 2972; x_wconf 87' lang='lat' dir='ltr'><strong>dicti0nes</strong></span> <span class='ocrx_word' id='word_1_232' title='bbox 1597 2958 1612 2981; x_wconf 92' lang='lat'><strong>,</strong></span> <span class='ocrx_word' id='word_1_233' title='bbox 1644 2926 1766 2971; x_wconf 88' lang='lat' dir='ltr'><strong>sunt</strong></span> <span class='ocrx_word' id='word_1_234' title='bbox 1792 2925 1966 2971; x_wconf 84' lang='lat' dir='ltr'><strong>tamen</strong></span> <span class='ocrx_word' id='word_1_235' title='bbox 1992 2932 2148 2971; x_wconf 90' lang='lat' dir='ltr'><strong>sensa</strong></span> 
     </span>
    </p>
   </div>
   <div class='ocr_carea' id='block_1_29' title="bbox 575 3008 2148 3078">
    <p class='ocr_par' dir='ltr' id='par_1_29' title="bbox 575 3008 2148 3078">
     <span class='ocr_line' id='line_1_29' title="bbox 575 3008 2148 3078; baseline -0.004 -11"><span class='ocrx_word' id='word_1_236' title='bbox 575 3015 685 3068; x_wconf 85' lang='lat' dir='ltr'><strong>Deo</strong></span> <span class='ocrx_word' id='word_1_237' title='bbox 712 3012 1100 3068; x_wconf 78' lang='lat' dir='ltr'><strong>convenientia.</strong></span> <span class='ocrx_word' id='word_1_238' title='bbox 1133 3009 1585 3078; x_wconf 81' lang='lat' dir='ltr'><strong>Quemadmodum</strong></span> <span class='ocrx_word' id='word_1_239' title='bbox 1629 3010 1767 3063; x_wconf 92' lang='lat' dir='ltr'><strong>enim</strong></span> <span class='ocrx_word' id='word_1_240' title='bbox 1797 3008 1989 3063; x_wconf 83' lang='lat' dir='ltr'><strong>Paulus</strong></span> <span class='ocrx_word' id='word_1_241' title='bbox 2026 3024 2148 3063; x_wconf 89' lang='lat' dir='ltr'><strong>cum</strong></span> 
     </span>
    </p>
   </div>
   <div class='ocr_carea' id='block_1_30' title="bbox 573 3101 2149 3173">
    <p class='ocr_par' dir='ltr' id='par_1_30' title="bbox 573 3101 2149 3173">
     <span class='ocr_line' id='line_1_30' title="bbox 573 3101 2149 3173; baseline -0.005 -12"><span class='ocrx_word' id='word_1_242' title='bbox 573 3107 720 3170; x_wconf 87' lang='lat' dir='ltr'><strong>dicit.</strong></span> <span class='ocrx_word' id='word_1_243' title='bbox 747 3107 845 3170; x_wconf 82' lang='lat' dir='ltr'><strong>Qui</strong></span> <span class='ocrx_word' id='word_1_244' title='bbox 866 3115 1035 3160; x_wconf 84' lang='lat' dir='ltr'><strong>autem</strong></span> <span class='ocrx_word' id='word_1_245' title='bbox 1055 3114 1307 3159; x_wconf 82' lang='lat' dir='ltr'><strong>scrutatur</strong></span> <span class='ocrx_word' id='word_1_246' title='bbox 1331 3102 1483 3156; x_wconf 89' lang='lat' dir='ltr'><strong>corda</strong></span> <span class='ocrx_word' id='word_1_247' title='bbox 1506 3101 1680 3171; x_wconf 82' lang='lat' dir='ltr'><strong>(Rom.</strong></span> <span class='ocrx_word' id='word_1_248' title='bbox 1704 3101 1756 3156; x_wconf 90' lang='lat'><strong>8.</strong></span> <span class='ocrx_word' id='word_1_249' title='bbox 1782 3102 1898 3173; x_wconf 69' lang='lat'><strong>27),</strong></span> <span class='ocrx_word' id='word_1_250' title='bbox 1926 3102 2149 3156; x_wconf 82' lang='lat' dir='ltr'><strong>scrutari</strong></span> 
     </span>
    </p>
   </div>
   <div class='ocr_carea' id='block_1_31' title="bbox 577 3193 2149 3268">
    <p class='ocr_par' dir='ltr' id='par_1_31' title="bbox 577 3193 2149 3268">
     <span class='ocr_line' id='line_1_31' title="bbox 577 3193 2149 3268; baseline -0.004 -17"><span class='ocrx_word' id='word_1_251' title='bbox 577 3199 743 3267; x_wconf 91' lang='lat' dir='ltr'><strong>ponit,</strong></span> <span class='ocrx_word' id='word_1_252' title='bbox 775 3213 872 3268; x_wconf 90' lang='lat' dir='ltr'><strong>pro</strong></span> <span class='ocrx_word' id='word_1_253' title='bbox 901 3205 1083 3265; x_wconf 89' lang='lat' dir='ltr'><strong>aperte</strong></span> <span class='ocrx_word' id='word_1_254' title='bbox 1109 3195 1248 3248; x_wconf 86' lang='lat' dir='ltr'><strong>scire</strong></span> <span class='ocrx_word' id='word_1_255' title='bbox 1278 3211 1291 3247; x_wconf 92' lang='lat'><strong>:</strong></span> <span class='ocrx_word' id='word_1_256' title='bbox 1321 3194 1480 3248; x_wconf 86' lang='lat' dir='ltr'><strong>etiam</strong></span> <span class='ocrx_word' id='word_1_257' title='bbox 1513 3193 1597 3246; x_wconf 89' lang='lat' dir='ltr'><strong>hic</strong></span> <span class='ocrx_word' id='word_1_258' title='bbox 1626 3202 1873 3257; x_wconf 70' lang='lat' dir='ltr'><strong>scrutatis,</strong></span> <span class='ocrx_word' id='word_1_259' title='bbox 1903 3206 1999 3262; x_wconf 91' lang='lat' dir='ltr'><strong>pro</strong></span> <span class='ocrx_word' id='word_1_260' title='bbox 2029 3207 2149 3260; x_wconf 76' lang='lat' dir='ltr'><strong>per-</strong></span> 
     </span>
    </p>
   </div>
   <div class='ocr_carea' id='block_1_32' title="bbox 566 3284 2150 3358">
    <p class='ocr_par' dir='ltr' id='par_1_32' title="bbox 566 3284 2150 3358">
     <span class='ocr_line' id='line_1_32' title="bbox 566 3284 2150 3358; baseline -0.006 -13"><span class='ocrx_word' id='word_1_261' title='bbox 566 3290 702 3345; x_wconf 77' lang='lat' dir='ltr'><strong>lecte</strong></span> <span class='ocrx_word' id='word_1_262' title='bbox 725 3298 1097 3358; x_wconf 76' lang='lat' dir='ltr'><strong>cognoscente.</strong></span> <span class='ocrx_word' id='word_1_263' title='bbox 1125 3286 1437 3340; x_wconf 82' lang='lat' dir='ltr'><strong>Examinare</strong></span> <span class='ocrx_word' id='word_1_264' title='bbox 1466 3294 1641 3341; x_wconf 86' lang='lat' dir='ltr'><strong>autem</strong></span> <span class='ocrx_word' id='word_1_265' title='bbox 1669 3295 1751 3338; x_wconf 89' lang='lat' dir='ltr'><strong>est</strong></span> <span class='ocrx_word' id='word_1_266' title='bbox 1771 3284 1990 3350; x_wconf 90' lang='lat' dir='ltr'><strong>nudare,</strong></span> <span class='ocrx_word' id='word_1_267' title='bbox 2009 3284 2150 3354; x_wconf 88' lang='lat' dir='ltr'><strong>quod</strong></span> 
     </span>
    </p>
   </div>
   <div class='ocr_carea' id='block_1_33' title="bbox 566 3374 2147 3449">
    <p class='ocr_par' dir='ltr' id='par_1_33' title="bbox 566 3374 2147 3449">
     <span class='ocr_line' id='line_1_33' title="bbox 566 3374 2147 3449; baseline -0.004 -15"><span class='ocrx_word' id='word_1_268' title='bbox 566 3391 650 3435; x_wconf 82' lang='lat' dir='ltr'><strong>est</strong></span> <span class='ocrx_word' id='word_1_269' title='bbox 677 3381 921 3449; x_wconf 62' lang='lat' dir='ltr'><strong>perlecta:</strong></span> <span class='ocrx_word' id='word_1_270' title='bbox 948 3378 1184 3433; x_wconf 70' lang='lat' dir='ltr'><strong>scientia:</strong></span> <span class='ocrx_word' id='word_1_271' title='bbox 1214 3394 1227 3430; x_wconf 90' lang='lat'><strong>:</strong></span> <span class='ocrx_word' id='word_1_272' title='bbox 1260 3385 1319 3430; x_wconf 86' lang='lat' dir='ltr'><strong>ut</strong></span> <span class='ocrx_word' id='word_1_273' title='bbox 1356 3377 1516 3431; x_wconf 88' lang='lat' dir='ltr'><strong>etiam</strong></span> <span class='ocrx_word' id='word_1_274' title='bbox 1535 3376 1662 3430; x_wconf 89' lang='lat' dir='ltr'><strong>dicit</strong></span> <span class='ocrx_word' id='word_1_275' title='bbox 1694 3377 1881 3429; x_wconf 78' lang='lat' dir='ltr'><strong>Paulus</strong></span> <span class='ocrx_word' id='word_1_276' title='bbox 1915 3392 1929 3427; x_wconf 89' lang='lat'><strong>:</strong></span> <span class='ocrx_word' id='word_1_277' title='bbox 1961 3374 2147 3429; x_wconf 85' lang='lat' dir='ltr'><strong>Omnia</strong></span> 
     </span>
    </p>
   </div>
   <div class='ocr_carea' id='block_1_34' title="bbox 566 3466 2147 3537">
    <p class='ocr_par' dir='ltr' id='par_1_34' title="bbox 566 3466 2147 3537">
     <span class='ocr_line' id='line_1_34' title="bbox 566 3466 2147 3537; baseline -0.005 -12"><span class='ocrx_word' id='word_1_278' title='bbox 566 3480 733 3525; x_wconf 76' lang='lat' dir='ltr'><strong>autem</strong></span> <span class='ocrx_word' id='word_1_279' title='bbox 758 3480 875 3523; x_wconf 86' lang='lat' dir='ltr'><strong>sunt</strong></span> <span class='ocrx_word' id='word_1_280' title='bbox 903 3469 1044 3522; x_wconf 82' lang='lat' dir='ltr'><strong>nuda</strong></span> <span class='ocrx_word' id='word_1_281' title='bbox 1068 3479 1114 3522; x_wconf 84' lang='lat' dir='ltr'><strong>et</strong></span> <span class='ocrx_word' id='word_1_282' title='bbox 1140 3470 1430 3537; x_wconf 81' lang='lat' dir='ltr'><strong>resupinam</strong></span> <span class='ocrx_word' id='word_1_283' title='bbox 1451 3466 1609 3523; x_wconf 75' lang='lat' dir='ltr'><strong>oculis</strong></span> <span class='ocrx_word' id='word_1_284' title='bbox 1633 3466 1942 3537; x_wconf 79' lang='lat' dir='ltr'><strong>ejusUlebr.</strong></span> <span class='ocrx_word' id='word_1_285' title='bbox 1961 3467 2015 3530; x_wconf 71' lang='grc'><strong>4,</strong></span> <span class='ocrx_word' id='word_1_286' title='bbox 2035 3467 2147 3533; x_wconf 76' lang='grc'><strong>15).</strong></span> 
     </span>
    </p>
   </div>
   <div class='ocr_carea' id='block_1_35' title="bbox 642 3556 2147 3629">
    <p class='ocr_par' dir='ltr' id='par_1_35' title="bbox 642 3556 2147 3629">
     <span class='ocr_line' id='line_1_35' title="bbox 642 3556 2147 3629; baseline -0.003 -17"><span class='ocrx_word' id='word_1_287' title='bbox 642 3561 888 3628; x_wconf 66' lang='lat' dir='ltr'><strong>Quianam</strong></span> <span class='ocrx_word' id='word_1_288' title='bbox 930 3558 1142 3629; x_wconf 87' lang='lat' dir='ltr'><strong>petenda</strong></span> <span class='ocrx_word' id='word_1_289' title='bbox 1182 3568 1321 3611; x_wconf 86' lang='lat' dir='ltr'><strong>sunt.</strong></span> <span class='ocrx_word' id='word_1_290' title='bbox 1345 3556 1634 3609; x_wconf 81' lang='lat' dir='ltr'><strong>—.lustum</strong></span> <span class='ocrx_word' id='word_1_291' title='bbox 1677 3557 1923 3611; x_wconf 75' lang='lat' dir='ltr'><strong>auxilium</strong></span> <span class='ocrx_word' id='word_1_292' title='bbox 1964 3574 2147 3609; x_wconf 86' lang='lat' dir='ltr'><strong>meum.</strong></span> 
     </span>
    </p>
   </div>
   <div class='ocr_carea' id='block_1_36' title="bbox 512 3647 2154 3721">
    <p class='ocr_par' dir='ltr' id='par_1_36' title="bbox 512 3647 2154 3721">
     <span class='ocr_line' id='line_1_36' title="bbox 512 3647 2154 3721; baseline -0.004 -12"><span class='ocrx_word' id='word_1_293' title='bbox 512 3656 516 3664; x_wconf 67' lang='grc'><em>“</em></span> <span class='ocrx_word' id='word_1_294' title='bbox 570 3654 720 3710; x_wconf 75' lang='lat' dir='ltr'><strong>Alius</strong></span> <span class='ocrx_word' id='word_1_295' title='bbox 748 3669 760 3704; x_wconf 89' lang='lat'><strong>:</strong></span> <span class='ocrx_word' id='word_1_296' title='bbox 788 3651 966 3704; x_wconf 78' lang='lat' dir='ltr'><strong>Justus</strong></span> <span class='ocrx_word' id='word_1_297' title='bbox 992 3652 1225 3721; x_wconf 82' lang='lat' dir='ltr'><strong>defensor</strong></span> <span class='ocrx_word' id='word_1_298' title='bbox 1250 3665 1407 3701; x_wconf 86' lang='lat' dir='ltr'><strong>meus.</strong></span> <span class='ocrx_word' id='word_1_299' title='bbox 1433 3647 1569 3715; x_wconf 88' lang='lat' dir='ltr'><strong>Quid</strong></span> <span class='ocrx_word' id='word_1_300' title='bbox 1599 3657 1699 3711; x_wconf 89' lang='lat' dir='ltr'><strong>est,</strong></span> <span class='ocrx_word' id='word_1_301' title='bbox 1754 3647 1786 3699; x_wconf 74' lang='grc' dir='ltr'><strong>,Ι</strong></span> <span class='ocrx_word' id='word_1_302' title='bbox 1795 3658 1960 3700; x_wconf 85' lang='lat' dir='ltr'><strong>ustum</strong></span> <span class='ocrx_word' id='word_1_303' title='bbox 2005 3649 2154 3703; x_wconf 74' lang='lat' dir='ltr'><strong>auxi-</strong></span> 
     </span>
    </p>
   </div>
   <div class='ocr_carea' id='block_1_37' title="bbox 573 3738 2152 3811">
    <p class='ocr_par' dir='ltr' id='par_1_37' title="bbox 573 3738 2152 3811">
     <span class='ocr_line' id='line_1_37' title="bbox 573 3738 2152 3811; baseline -0.001 -12"><span class='ocrx_word' id='word_1_304' title='bbox 573 3745 699 3799; x_wconf 76' lang='lat' dir='ltr'><strong>lium</strong></span> <span class='ocrx_word' id='word_1_305' title='bbox 752 3758 914 3795; x_wconf 85' lang='lat' dir='ltr'><strong>meum</strong></span> <span class='ocrx_word' id='word_1_306' title='bbox 948 3758 979 3794; x_wconf 92' lang='lat' dir='ltr'><strong>a</strong></span> <span class='ocrx_word' id='word_1_307' title='bbox 1009 3739 1161 3795; x_wconf 77' lang='lat' dir='ltr'><strong>Deo?</strong></span> <span class='ocrx_word' id='word_1_308' title='bbox 1201 3738 1326 3794; x_wconf 81' lang='lat' dir='ltr'><strong>Jure</strong></span> <span class='ocrx_word' id='word_1_309' title='bbox 1365 3754 1428 3792; x_wconf 88' lang='lat' dir='ltr'><strong>ac</strong></span> <span class='ocrx_word' id='word_1_310' title='bbox 1471 3739 1662 3793; x_wconf 88' lang='lat' dir='ltr'><strong>merito</strong></span> <span class='ocrx_word' id='word_1_311' title='bbox 1702 3739 1828 3793; x_wconf 89' lang='lat' dir='ltr'><strong>mihi</strong></span> <span class='ocrx_word' id='word_1_312' title='bbox 1881 3742 2152 3811; x_wconf 78' lang='lat' dir='ltr'><strong>continget</strong></span> 
     </span>
    </p>
   </div>
   <div class='ocr_carea' id='block_1_38' title="bbox 567 3830 2148 3900">
    <p class='ocr_par' dir='ltr' id='par_1_38' title="bbox 567 3830 2148 3900">
     <span class='ocr_line' id='line_1_38' title="bbox 567 3830 2148 3900; baseline -0.001 -11"><span class='ocrx_word' id='word_1_313' title='bbox 567 3850 596 3889; x_wconf 84' lang='lat' dir='ltr'><strong>a</strong></span> <span class='ocrx_word' id='word_1_314' title='bbox 628 3835 736 3889; x_wconf 89' lang='lat' dir='ltr'><strong>Deo</strong></span> <span class='ocrx_word' id='word_1_315' title='bbox 766 3852 777 3885; x_wconf 91' lang='lat'>:</span> <span class='ocrx_word' id='word_1_316' title='bbox 810 3832 938 3885; x_wconf 87' lang='lat' dir='ltr'><strong>nihil</strong></span> <span class='ocrx_word' id='word_1_317' title='bbox 977 3832 1118 3885; x_wconf 89' lang='lat' dir='ltr'><strong>enim</strong></span> <span class='ocrx_word' id='word_1_318' title='bbox 1162 3843 1284 3900; x_wconf 79' lang='lat' dir='ltr'><strong>peto</strong></span> <span class='ocrx_word' id='word_1_319' title='bbox 1338 3830 1609 3900; x_wconf 89' lang='lat' dir='ltr'><strong>injustum.</strong></span> <span class='ocrx_word' id='word_1_320' title='bbox 1665 3832 1840 3897; x_wconf 80' lang='lat' dir='ltr'><strong>Quare</strong></span> <span class='ocrx_word' id='word_1_321' title='bbox 1866 3831 1911 3886; x_wconf 92' lang='lat' dir='ltr'><strong>si</strong></span> <span class='ocrx_word' id='word_1_322' title='bbox 1958 3848 2148 3900; x_wconf 82' lang='lat' dir='ltr'><strong>super-</strong></span> 
     </span>
    </p>
   </div>
   <div class='ocr_carea' id='block_1_39' title="bbox 568 3923 2155 3994">
    <p class='ocr_par' dir='ltr' id='par_1_39' title="bbox 568 3923 2155 3994">
     <span class='ocr_line' id='line_1_39' title="bbox 568 3923 2155 3994; baseline -0.001 -15"><span class='ocrx_word' id='word_1_323' title='bbox 568 3942 694 3979; x_wconf 87' lang='lat' dir='ltr'><strong>num</strong></span> <span class='ocrx_word' id='word_1_324' title='bbox 772 3923 1023 3978; x_wconf 80' lang='lat' dir='ltr'><strong>auxilium</strong></span> <span class='ocrx_word' id='word_1_325' title='bbox 1082 3923 1364 3991; x_wconf 84' lang='lat' dir='ltr'><strong>impetrare</strong></span> <span class='ocrx_word' id='word_1_326' title='bbox 1431 3924 1711 3989; x_wconf 75' lang='lat' dir='ltr'><strong>volumus,</strong></span> <span class='ocrx_word' id='word_1_327' title='bbox 1766 3939 1827 3977; x_wconf 91' lang='lat' dir='ltr'><strong>ca</strong></span> <span class='ocrx_word' id='word_1_328' title='bbox 1884 3933 2007 3977; x_wconf 91' lang='lat' dir='ltr'><strong>sunt</strong></span> <span class='ocrx_word' id='word_1_329' title='bbox 2062 3941 2155 3994; x_wconf 88' lang='lat' dir='ltr'><strong>pc-</strong></span> 
     </span>
    </p>
   </div>
   <div class='ocr_carea' id='block_1_40' title="bbox 575 4012 2152 4085">
    <p class='ocr_par' dir='ltr' id='par_1_40' title="bbox 575 4012 2152 4085">
     <span class='ocr_line' id='line_1_40' title="bbox 575 4012 2152 4085; baseline -0.001 -15"><span class='ocrx_word' id='word_1_330' title='bbox 575 4017 767 4078; x_wconf 75' lang='lat' dir='ltr'><strong>tenda,</strong></span> <span class='ocrx_word' id='word_1_331' title='bbox 801 4031 919 4085; x_wconf 80' lang='lat' dir='ltr'><strong>qua:</strong></span> <span class='ocrx_word' id='word_1_332' title='bbox 958 4016 1116 4069; x_wconf 87' lang='lat' dir='ltr'><strong>etiam</strong></span> <span class='ocrx_word' id='word_1_333' title='bbox 1142 4014 1266 4082; x_wconf 87' lang='lat' dir='ltr'><strong>justi</strong></span> <span class='ocrx_word' id='word_1_334' title='bbox 1308 4012 1503 4066; x_wconf 88' lang='lat' dir='ltr'><strong>habent</strong></span> <span class='ocrx_word' id='word_1_335' title='bbox 1540 4014 1798 4067; x_wconf 85' lang='lat' dir='ltr'><strong>rationem</strong></span> <span class='ocrx_word' id='word_1_336' title='bbox 1833 4031 1848 4068; x_wconf 88' lang='lat'><strong>:</strong></span> <span class='ocrx_word' id='word_1_337' title='bbox 1879 4024 1936 4067; x_wconf 93' lang='lat' dir='ltr'><strong>ut</strong></span> <span class='ocrx_word' id='word_1_338' title='bbox 1965 4022 2152 4068; x_wconf 86' lang='lat' dir='ltr'><strong>natura</strong></span> 
     </span>
    </p>
   </div>
   <div class='ocr_carea' id='block_1_41' title="bbox 572 4101 2153 4174">
    <p class='ocr_par' dir='ltr' id='par_1_41' title="bbox 572 4101 2153 4174">
     <span class='ocr_line' id='line_1_41' title="bbox 572 4101 2153 4174; baseline -0.001 -16"><span class='ocrx_word' id='word_1_339' title='bbox 572 4105 840 4174; x_wconf 63' lang='lat' dir='ltr'><strong>petitionis</strong></span> <span class='ocrx_word' id='word_1_340' title='bbox 861 4104 1193 4157; x_wconf 86' lang='lat' dir='ltr'><strong>attrahamus</strong></span> <span class='ocrx_word' id='word_1_341' title='bbox 1221 4104 1478 4158; x_wconf 76' lang='lat' dir='ltr'><strong>auxilium</strong></span> <span class='ocrx_word' id='word_1_342' title='bbox 1507 4101 1653 4172; x_wconf 88' lang='lat' dir='ltr'><strong>ejus,</strong></span> <span class='ocrx_word' id='word_1_343' title='bbox 1684 4102 1783 4167; x_wconf 84' lang='lat' dir='ltr'><strong>Qui</strong></span> <span class='ocrx_word' id='word_1_344' title='bbox 1806 4113 1969 4157; x_wconf 81' lang='lat' dir='ltr'><strong>servat</strong></span> <span class='ocrx_word' id='word_1_345' title='bbox 1990 4115 2153 4157; x_wconf 85' lang='lat' dir='ltr'><strong>rectos</strong></span> 
     </span>
    </p>
   </div>
   <div class='ocr_carea' id='block_1_42' title="bbox 567 4194 2150 4266">
    <p class='ocr_par' dir='ltr' id='par_1_42' title="bbox 567 4194 2150 4266">
     <span class='ocr_line' id='line_1_42' title="bbox 567 4194 2150 4266; baseline -0.001 -14"><span class='ocrx_word' id='word_1_346' title='bbox 567 4198 738 4252; x_wconf 77' lang='lat' dir='ltr'><strong>corde.</strong></span> <span class='ocrx_word' id='word_1_347' title='bbox 775 4197 883 4251; x_wconf 88' lang='lat' dir='ltr'><strong>Iloc</strong></span> <span class='ocrx_word' id='word_1_348' title='bbox 910 4205 993 4251; x_wconf 89' lang='lat' dir='ltr'><strong>est</strong></span> <span class='ocrx_word' id='word_1_349' title='bbox 1021 4198 1137 4266; x_wconf 87' lang='lat' dir='ltr'><strong>ejus</strong></span> <span class='ocrx_word' id='word_1_350' title='bbox 1162 4197 1391 4250; x_wconf 86' lang='lat' dir='ltr'><strong>olliciutn</strong></span> <span class='ocrx_word' id='word_1_351' title='bbox 1414 4237 1427 4261; x_wconf 89' lang='lat'><strong>,</strong></span> <span class='ocrx_word' id='word_1_352' title='bbox 1469 4194 1586 4249; x_wconf 68' lang='lat' dir='ltr'><strong>haec</strong></span> <span class='ocrx_word' id='word_1_353' title='bbox 1614 4205 1694 4249; x_wconf 86' lang='lat' dir='ltr'><strong>est</strong></span> <span class='ocrx_word' id='word_1_354' title='bbox 1722 4195 1773 4251; x_wconf 88' lang='lat' dir='ltr'><strong>ei</strong></span> <span class='ocrx_word' id='word_1_355' title='bbox 1801 4196 2150 4251; x_wconf 85' lang='lat' dir='ltr'><strong>consuetudo.</strong></span> 
     </span>
    </p>
   </div>
   <div class='ocr_carea' id='block_1_43' title="bbox 575 4288 2153 4360">
    <p class='ocr_par' dir='ltr' id='par_1_43' title="bbox 575 4288 2153 4360">
     <span class='ocr_line' id='line_1_43' title="bbox 575 4288 2153 4360; baseline -0.001 -16"><span class='ocrx_word' id='word_1_356' title='bbox 575 4292 833 4360; x_wconf 78' lang='lat' dir='ltr'><strong>Quoniam</strong></span> <span class='ocrx_word' id='word_1_357' title='bbox 865 4306 992 4359; x_wconf 82' lang='lat' dir='ltr'><strong>ergo</strong></span> <span class='ocrx_word' id='word_1_358' title='bbox 1030 4306 1129 4344; x_wconf 89' lang='lat' dir='ltr'><strong>nec</strong></span> <span class='ocrx_word' id='word_1_359' title='bbox 1158 4304 1258 4359; x_wconf 89' lang='lat' dir='ltr'><strong>ego</strong></span> <span class='ocrx_word' id='word_1_360' title='bbox 1299 4304 1422 4342; x_wconf 92' lang='lat' dir='ltr'><strong>cum</strong></span> <span class='ocrx_word' id='word_1_361' title='bbox 1467 4288 1653 4355; x_wconf 80' lang='lat' dir='ltr'><strong>injuria</strong></span> <span class='ocrx_word' id='word_1_362' title='bbox 1698 4289 2011 4356; x_wconf 83' lang='lat' dir='ltr'><strong>provocavi,</strong></span> <span class='ocrx_word' id='word_1_363' title='bbox 2054 4302 2153 4343; x_wconf 90' lang='lat' dir='ltr'><strong>nec</strong></span> 
     </span>
    </p>
   </div>
   <div class='ocr_carea' id='block_1_44' title="bbox 576 4380 2152 4452">
    <p class='ocr_par' dir='ltr' id='par_1_44' title="bbox 576 4380 2152 4452">
     <span class='ocr_line' id='line_1_44' title="bbox 576 4380 2152 4452; baseline -0.004 -13"><span class='ocrx_word' id='word_1_364' title='bbox 576 4385 760 4439; x_wconf 86' lang='lat' dir='ltr'><strong>ulcisci</strong></span> <span class='ocrx_word' id='word_1_365' title='bbox 789 4384 1035 4438; x_wconf 87' lang='lat' dir='ltr'><strong>desidero</strong></span> <span class='ocrx_word' id='word_1_366' title='bbox 1068 4400 1081 4436; x_wconf 86' lang='lat'><strong>:</strong></span> <span class='ocrx_word' id='word_1_367' title='bbox 1114 4392 1395 4452; x_wconf 86' lang='lat' dir='ltr'><strong>propterea</strong></span> <span class='ocrx_word' id='word_1_368' title='bbox 1427 4382 1551 4434; x_wconf 82' lang='lat' dir='ltr'><strong>milii</strong></span> <span class='ocrx_word' id='word_1_369' title='bbox 1577 4380 1772 4449; x_wconf 85' lang='lat' dir='ltr'><strong>justum</strong></span> <span class='ocrx_word' id='word_1_370' title='bbox 1807 4381 1960 4434; x_wconf 77' lang='lat' dir='ltr'><strong>fuerit</strong></span> <span class='ocrx_word' id='word_1_371' title='bbox 1987 4395 2016 4432; x_wconf 89' lang='lat' dir='ltr'><strong>a</strong></span> <span class='ocrx_word' id='word_1_372' title='bbox 2045 4380 2152 4433; x_wconf 90' lang='lat' dir='ltr'><strong>Deo</strong></span> 
     </span>
    </p>
   </div>
   <div class='ocr_carea' id='block_1_45' title="bbox 573 4470 2153 4541">
    <p class='ocr_par' dir='ltr' id='par_1_45' title="bbox 573 4470 2153 4541">
     <span class='ocr_line' id='line_1_45' title="bbox 573 4470 2153 4541; baseline -0.004 -11"><span class='ocrx_word' id='word_1_373' title='bbox 573 4476 848 4530; x_wconf 83' lang='lat' dir='ltr'><strong>auxilium.</strong></span> <span class='ocrx_word' id='word_1_374' title='bbox 882 4473 1005 4527; x_wconf 54' lang='lat' dir='ltr'><strong>Haec</strong></span> <span class='ocrx_word' id='word_1_375' title='bbox 1025 4488 1151 4541; x_wconf 88' lang='lat' dir='ltr'><strong>ergo</strong></span> <span class='ocrx_word' id='word_1_376' title='bbox 1171 4488 1291 4526; x_wconf 90' lang='lat' dir='ltr'><strong>cum</strong></span> <span class='ocrx_word' id='word_1_377' title='bbox 1313 4472 1563 4536; x_wconf 85' lang='lat' dir='ltr'><strong>sciamus,</strong></span> <span class='ocrx_word' id='word_1_378' title='bbox 1594 4470 1722 4523; x_wconf 88' lang='lat' dir='ltr'><strong>nihil</strong></span> <span class='ocrx_word' id='word_1_379' title='bbox 1747 4480 1986 4539; x_wconf 85' lang='lat' dir='ltr'><strong>petamus</strong></span> <span class='ocrx_word' id='word_1_380' title='bbox 2013 4470 2153 4538; x_wconf 85' lang='lat' dir='ltr'><strong>ejus-</strong></span> 
     </span>
    </p>
   </div>
   <div class='ocr_carea' id='block_1_46' title="bbox 576 4561 2151 4632">
    <p class='ocr_par' dir='ltr' id='par_1_46' title="bbox 576 4561 2151 4632">
     <span class='ocr_line' id='line_1_46' title="bbox 576 4561 2151 4632; baseline -0.003 -13"><span class='ocrx_word' id='word_1_381' title='bbox 576 4565 753 4628; x_wconf 88' lang='lat' dir='ltr'><strong>modi,</strong></span> <span class='ocrx_word' id='word_1_382' title='bbox 800 4563 939 4632; x_wconf 86' lang='lat' dir='ltr'><strong>quod</strong></span> <span class='ocrx_word' id='word_1_383' title='bbox 981 4573 1121 4618; x_wconf 77' lang='lat' dir='ltr'><strong>vetet</strong></span> <span class='ocrx_word' id='word_1_384' title='bbox 1157 4562 1521 4617; x_wconf 87' lang='lat' dir='ltr'><strong>donationem.</strong></span> <span class='ocrx_word' id='word_1_385' title='bbox 1554 4561 1777 4628; x_wconf 81' lang='lat' dir='ltr'><strong>Quando</strong></span> <span class='ocrx_word' id='word_1_386' title='bbox 1800 4562 1941 4615; x_wconf 88' lang='lat' dir='ltr'><strong>enim</strong></span> <span class='ocrx_word' id='word_1_387' title='bbox 1969 4570 2151 4615; x_wconf 83' lang='lat' dir='ltr'><strong>contra</strong></span> 
     </span>
    </p>
   </div>
   <div class='ocr_carea' id='block_1_47' title="bbox 575 4655 2151 4727">
    <p class='ocr_par' dir='ltr' id='par_1_47' title="bbox 575 4655 2151 4727">
     <span class='ocr_line' id='line_1_47' title="bbox 575 4655 2151 4727; baseline 0 -17"><span class='ocrx_word' id='word_1_388' title='bbox 575 4657 817 4711; x_wconf 89' lang='lat' dir='ltr'><strong>inimicos</strong></span> <span class='ocrx_word' id='word_1_389' title='bbox 845 4657 1096 4727; x_wconf 82' lang='lat' dir='ltr'><strong>petiveris</strong></span> <span class='ocrx_word' id='word_1_390' title='bbox 1116 4697 1128 4719; x_wconf 95' lang='lat'><strong>,</strong></span> <span class='ocrx_word' id='word_1_391' title='bbox 1171 4672 1274 4709; x_wconf 90' lang='lat' dir='ltr'><strong>non</strong></span> <span class='ocrx_word' id='word_1_392' title='bbox 1310 4665 1387 4709; x_wconf 89' lang='lat' dir='ltr'><strong>est</strong></span> <span class='ocrx_word' id='word_1_393' title='bbox 1430 4656 1630 4725; x_wconf 84' lang='lat' dir='ltr'><strong>justum</strong></span> <span class='ocrx_word' id='word_1_394' title='bbox 1657 4655 1797 4726; x_wconf 85' lang='lat' dir='ltr'><strong>quod</strong></span> <span class='ocrx_word' id='word_1_395' title='bbox 1839 4657 1975 4725; x_wconf 88' lang='lat' dir='ltr'><strong>petis</strong></span> <span class='ocrx_word' id='word_1_396' title='bbox 2000 4656 2151 4710; x_wconf 83' lang='lat' dir='ltr'><strong>auxi-</strong></span> 
     </span>
    </p>
   </div>
   <div class='ocr_carea' id='block_1_48' title="bbox 574 4745 2148 4815">
    <p class='ocr_par' dir='ltr' id='par_1_48' title="bbox 574 4745 2148 4815">
     <span class='ocr_line' id='line_1_48' title="bbox 574 4745 2148 4815; baseline -0.001 -15"><span class='ocrx_word' id='word_1_397' title='bbox 574 4747 740 4812; x_wconf 81' lang='lat' dir='ltr'><strong>lium;</strong></span> <span class='ocrx_word' id='word_1_398' title='bbox 785 4757 865 4801; x_wconf 71' lang='lat' dir='ltr'><strong>est</strong></span> <span class='ocrx_word' id='word_1_399' title='bbox 908 4747 1047 4801; x_wconf 87' lang='lat' dir='ltr'><strong>enim</strong></span> <span class='ocrx_word' id='word_1_400' title='bbox 1094 4748 1419 4800; x_wconf 83' lang='lat' dir='ltr'><strong>Contrarium</strong></span> <span class='ocrx_word' id='word_1_401' title='bbox 1469 4745 1569 4814; x_wconf 59' lang='lat' dir='ltr'><strong>legi</strong></span> <span class='ocrx_word' id='word_1_402' title='bbox 1615 4746 1749 4813; x_wconf 81' lang='lat' dir='ltr'><strong>ejus,</strong></span> <span class='ocrx_word' id='word_1_403' title='bbox 1793 4747 1880 4813; x_wconf 86' lang='lat' dir='ltr'><strong>qui</strong></span> <span class='ocrx_word' id='word_1_404' title='bbox 1928 4746 2148 4815; x_wconf 68' lang='lat' dir='ltr'><strong>praebet.</strong></span> 
     </span>
    </p>
   </div>
   <div class='ocr_carea' id='block_1_49' title="bbox 573 4836 2148 4906">
    <p class='ocr_par' dir='ltr' id='par_1_49' title="bbox 573 4836 2148 4906">
     <span class='ocr_line' id='line_1_49' title="bbox 573 4836 2148 4906; baseline -0.001 -14"><span class='ocrx_word' id='word_1_405' title='bbox 573 4838 759 4893; x_wconf 88' lang='lat' dir='ltr'><strong>Itidem</strong></span> <span class='ocrx_word' id='word_1_406' title='bbox 783 4842 939 4892; x_wconf 86' lang='lat' dir='ltr'><strong>etiam</strong></span> <span class='ocrx_word' id='word_1_407' title='bbox 966 4838 1176 4906; x_wconf 81' lang='lat' dir='ltr'><strong>quando</strong></span> <span class='ocrx_word' id='word_1_408' title='bbox 1197 4837 1430 4900; x_wconf 80' lang='lat' dir='ltr'><strong>divitias,</strong></span> <span class='ocrx_word' id='word_1_409' title='bbox 1452 4836 1662 4905; x_wconf 84' lang='lat' dir='ltr'><strong>quando</strong></span> <span class='ocrx_word' id='word_1_410' title='bbox 1682 4837 2148 4905; x_wconf 81' lang='lat' dir='ltr'><strong>pulchritudinem,</strong></span> 
     </span>
    </p>
   </div>
   <div class='ocr_carea' id='block_1_50' title="bbox 564 4926 2147 4998">
    <p class='ocr_par' dir='ltr' id='par_1_50' title="bbox 564 4926 2147 4998">
     <span class='ocr_line' id='line_1_50' title="bbox 564 4926 2147 4998; baseline -0.001 -15"><span class='ocrx_word' id='word_1_411' title='bbox 564 4929 786 4998; x_wconf 78' lang='lat' dir='ltr'><strong>quando</strong></span> <span class='ocrx_word' id='word_1_412' title='bbox 814 4928 1007 4997; x_wconf 88' lang='lat' dir='ltr'><strong>aliquid</strong></span> <span class='ocrx_word' id='word_1_413' title='bbox 1057 4928 1197 4981; x_wconf 88' lang='lat' dir='ltr'><strong>aliud</strong></span> <span class='ocrx_word' id='word_1_414' title='bbox 1234 4927 1376 4993; x_wconf 87' lang='lat' dir='ltr'><strong>quod</strong></span> <span class='ocrx_word' id='word_1_415' title='bbox 1416 4926 1482 4979; x_wconf 88' lang='lat' dir='ltr'><strong>ad</strong></span> <span class='ocrx_word' id='word_1_416' title='bbox 1525 4927 1661 4981; x_wconf 86' lang='lat' dir='ltr'><strong>hanc</strong></span> <span class='ocrx_word' id='word_1_417' title='bbox 1703 4929 1862 4981; x_wconf 87' lang='lat' dir='ltr'><strong>vitam</strong></span> <span class='ocrx_word' id='word_1_418' title='bbox 1902 4929 2147 4997; x_wconf 89' lang='lat' dir='ltr'><strong>pertinet,</strong></span> 
     </span>
    </p>
   </div>
   <div class='ocr_carea' id='block_1_51' title="bbox 574 5020 2153 5090">
    <p class='ocr_par' dir='ltr' id='par_1_51' title="bbox 574 5020 2153 5090">
     <span class='ocr_line' id='line_1_51' title="bbox 574 5020 2153 5090; baseline 0.001 -18"><span class='ocrx_word' id='word_1_419' title='bbox 574 5020 713 5089; x_wconf 87' lang='lat' dir='ltr'><strong>quod</strong></span> <span class='ocrx_word' id='word_1_420' title='bbox 744 5022 1050 5088; x_wconf 68' lang='lat' dir='ltr'><strong>printerlluit</strong></span> <span class='ocrx_word' id='word_1_421' title='bbox 1070 5063 1085 5089; x_wconf 91' lang='lat'><strong>,</strong></span> <span class='ocrx_word' id='word_1_422' title='bbox 1116 5022 1365 5090; x_wconf 88' lang='lat' dir='ltr'><strong>petiveris</strong></span> <span class='ocrx_word' id='word_1_423' title='bbox 1385 5061 1402 5087; x_wconf 97' lang='lat'><strong>,</strong></span> <span class='ocrx_word' id='word_1_424' title='bbox 1432 5020 1483 5073; x_wconf 92' lang='lat' dir='ltr'><strong>id</strong></span> <span class='ocrx_word' id='word_1_425' title='bbox 1513 5030 1596 5074; x_wconf 89' lang='lat' dir='ltr'><strong>est</strong></span> <span class='ocrx_word' id='word_1_426' title='bbox 1625 5020 1949 5075; x_wconf 88' lang='lat' dir='ltr'><strong>contrarium</strong></span> <span class='ocrx_word' id='word_1_427' title='bbox 1982 5020 2153 5089; x_wconf 83' lang='lat' dir='ltr'><strong>philo-</strong></span> 
     </span>
    </p>
   </div>
   <div class='ocr_carea' id='block_1_52' title="bbox 573 5112 2148 5181">
    <p class='ocr_par' dir='ltr' id='par_1_52' title="bbox 573 5112 2148 5181">
     <span class='ocr_line' id='line_1_52' title="bbox 573 5112 2148 5181; baseline 0 -16"><span class='ocrx_word' id='word_1_428' title='bbox 573 5112 774 5178; x_wconf 73' lang='lat' dir='ltr'><strong>sophia:</strong></span> <span class='ocrx_word' id='word_1_429' title='bbox 797 5113 1008 5166; x_wconf 75' lang='lat' dir='ltr'><strong>animm.</strong></span> <span class='ocrx_word' id='word_1_430' title='bbox 1037 5114 1288 5167; x_wconf 87' lang='lat' dir='ltr'><strong>Petamus</strong></span> <span class='ocrx_word' id='word_1_431' title='bbox 1310 5127 1458 5181; x_wconf 81' lang='lat' dir='ltr'><strong>ergo,</strong></span> <span class='ocrx_word' id='word_1_432' title='bbox 1482 5123 1538 5164; x_wconf 92' lang='lat' dir='ltr'><strong>ut</strong></span> <span class='ocrx_word' id='word_1_433' title='bbox 1562 5112 1720 5166; x_wconf 88' lang='lat' dir='ltr'><strong>etiam</strong></span> <span class='ocrx_word' id='word_1_434' title='bbox 1741 5126 2148 5180; x_wconf 88' lang='lat' dir='ltr'><strong>consequamur.</strong></span> 
     </span>
    </p>
   </div>
   <div class='ocr_carea' id='block_1_53' title="bbox 573 5201 2152 5273">
    <p class='ocr_par' dir='ltr' id='par_1_53' title="bbox 573 5201 2152 5273">
     <span class='ocr_line' id='line_1_53' title="bbox 573 5201 2152 5273; baseline -0.002 -16"><span class='ocrx_word' id='word_1_435' title='bbox 573 5202 661 5257; x_wconf 70' lang='grc'><strong>12.</strong></span> <span class='ocrx_word' id='word_1_436' title='bbox 697 5201 835 5256; x_wconf 79' lang='lat' dir='ltr'><strong>Deus</strong></span> <span class='ocrx_word' id='word_1_437' title='bbox 866 5204 1033 5272; x_wconf 80' lang='lat' dir='ltr'><strong>judea:</strong></span> <span class='ocrx_word' id='word_1_438' title='bbox 1064 5204 1238 5272; x_wconf 86' lang='lat' dir='ltr'><strong>justus</strong></span> <span class='ocrx_word' id='word_1_439' title='bbox 1260 5244 1275 5268; x_wconf 93' lang='lat'><strong>,</strong></span> <span class='ocrx_word' id='word_1_440' title='bbox 1304 5203 1469 5273; x_wconf 82' lang='lat' dir='ltr'><strong>fortis,</strong></span> <span class='ocrx_word' id='word_1_441' title='bbox 1502 5210 1547 5255; x_wconf 86' lang='lat' dir='ltr'><strong>et</strong></span> <span class='ocrx_word' id='word_1_442' title='bbox 1576 5203 1797 5271; x_wconf 83' lang='lat' dir='ltr'><strong>patiens,</strong></span> <span class='ocrx_word' id='word_1_443' title='bbox 1825 5212 1871 5255; x_wconf 86' lang='lat' dir='ltr'><strong>et</strong></span> <span class='ocrx_word' id='word_1_444' title='bbox 1892 5201 2021 5254; x_wconf 82' lang='lat' dir='ltr'><strong>iram</strong></span> <span class='ocrx_word' id='word_1_445' title='bbox 2051 5219 2152 5254; x_wconf 87' lang='lat' dir='ltr'><strong>non</strong></span> 
     </span>
    </p>
   </div>
   <div class='ocr_carea' id='block_1_54' title="bbox 574 5295 2151 5367">
    <p class='ocr_par' dir='ltr' id='par_1_54' title="bbox 574 5295 2151 5367">
     <span class='ocr_line' id='line_1_54' title="bbox 574 5295 2151 5367; baseline 0 -19"><span class='ocrx_word' id='word_1_446' title='bbox 574 5297 797 5366; x_wconf 77' lang='lat' dir='ltr'><strong>inferens</strong></span> <span class='ocrx_word' id='word_1_447' title='bbox 828 5313 919 5367; x_wconf 86' lang='lat' dir='ltr'><strong>per</strong></span> <span class='ocrx_word' id='word_1_448' title='bbox 954 5296 1179 5366; x_wconf 86' lang='lat' dir='ltr'><strong>singulos</strong></span> <span class='ocrx_word' id='word_1_449' title='bbox 1208 5296 1334 5349; x_wconf 84' lang='lat' dir='ltr'><strong>dies.</strong></span> <span class='ocrx_word' id='word_1_450' title='bbox 1372 5296 1523 5349; x_wconf 72' lang='lat' dir='ltr'><strong>Alius</strong></span> <span class='ocrx_word' id='word_1_451' title='bbox 1551 5295 1679 5351; x_wconf 88' lang='lat' dir='ltr'><strong>dicit</strong></span> <span class='ocrx_word' id='word_1_452' title='bbox 1710 5313 1723 5349; x_wconf 95' lang='lat'>:</span> <span class='ocrx_word' id='word_1_453' title='bbox 1753 5295 1996 5349; x_wconf 78' lang='lat' dir='ltr'><strong>Fremens</strong></span> <span class='ocrx_word' id='word_1_454' title='bbox 2024 5311 2151 5363; x_wconf 86' lang='lat' dir='ltr'><strong>quo-</strong></span> 
     </span>
    </p>
   </div>
   <div class='ocr_carea' id='block_1_55' title="bbox 636 5468 2153 5532">
    <p class='ocr_par' dir='ltr' id='par_1_55' title="bbox 636 5468 2153 5532">
     <span class='ocr_line' id='line_1_55' title="bbox 636 5468 2153 5532; baseline 0.002 -15"><span class='ocrx_word' id='word_1_455' title='bbox 636 5468 653 5499; x_wconf 78' lang='grc' dir='ltr'>ί</span> <span class='ocrx_word' id='word_1_456' title='bbox 681 5476 807 5518; x_wconf 85' lang='lat' dir='ltr'><strong>Unus</strong></span> <span class='ocrx_word' id='word_1_457' title='bbox 825 5468 984 5519; x_wconf 75' lang='lat' dir='ltr'><strong>codex</strong></span> <span class='ocrx_word' id='word_1_458' title='bbox 1013 5484 1026 5519; x_wconf 91' lang='lat'>:</span> <span class='ocrx_word' id='word_1_459' title='bbox 1051 5468 1182 5532; x_wconf 59' lang='lat' dir='ltr'><strong>Alius</strong></span> <span class='ocrx_word' id='word_1_460' title='bbox 1201 5468 1320 5520; x_wconf 81' lang='lat' dir='ltr'><strong>dicit</strong></span> <span class='ocrx_word' id='word_1_461' title='bbox 1343 5483 1361 5520; x_wconf 89' lang='lat'><strong><em>:</em></strong></span> <span class='ocrx_word' id='word_1_462' title='bbox 1394 5478 1521 5521; x_wconf 87' lang='lat' dir='ltr'><strong>Deus</strong></span> <span class='ocrx_word' id='word_1_463' title='bbox 1538 5472 1717 5532; x_wconf 84' lang='lat' dir='ltr'><strong>justus.</strong></span> <span class='ocrx_word' id='word_1_464' title='bbox 1733 5472 1972 5523; x_wconf 64' lang='lat' dir='ltr'><strong>auxilium</strong></span> <span class='ocrx_word' id='word_1_465' title='bbox 1994 5485 2153 5521; x_wconf 87' lang='lat' dir='ltr'><strong>meum</strong></span> 
     </span>
    </p>
   </div>
   <div class='ocr_carea' id='block_1_56' title="bbox 573 5531 2151 5597">
    <p class='ocr_par' dir='ltr' id='par_1_56' title="bbox 573 5531 2151 5597">
     <span class='ocr_line' id='line_1_56' title="bbox 573 5531 2151 5597; baseline 0.003 -20"><span class='ocrx_word' id='word_1_466' title='bbox 573 5541 607 5577; x_wconf 80' lang='grc' dir='ltr'><em>α</em></span> <span class='ocrx_word' id='word_1_467' title='bbox 632 5536 746 5597; x_wconf 83' lang='lat' dir='ltr'><strong>Deo.</strong></span> <span class='ocrx_word' id='word_1_468' title='bbox 770 5538 823 5579; x_wconf 78' lang='lat' dir='ltr'><strong>Et</strong></span> <span class='ocrx_word' id='word_1_469' title='bbox 844 5531 1151 5594; x_wconf 80' lang='lat' dir='ltr'><strong>Septuaginta</strong></span> <span class='ocrx_word' id='word_1_470' title='bbox 1171 5532 1240 5579; x_wconf 80' lang='lat' dir='ltr'><strong>ita</strong></span> <span class='ocrx_word' id='word_1_471' title='bbox 1262 5532 1512 5597; x_wconf 72' lang='lat' dir='ltr'><strong>dixerunt,</strong></span> <span class='ocrx_word' id='word_1_472' title='bbox 1534 5531 1629 5582; x_wconf 88' lang='lat' dir='ltr'><strong>etc.</strong></span> <span class='ocrx_word' id='word_1_473' title='bbox 1650 5535 1731 5582; x_wconf 85' lang='lat' dir='ltr'><strong>Ubi</strong></span> <span class='ocrx_word' id='word_1_474' title='bbox 1756 5537 1992 5597; x_wconf 84' lang='lat' dir='ltr'><strong>observes</strong></span> <span class='ocrx_word' id='word_1_475' title='bbox 2011 5536 2151 5597; x_wconf 65' lang='lat' dir='ltr'><strong>chry-</strong></span> 
     </span>
    </p>
   </div>
   <div class='ocr_carea' id='block_1_57' title="bbox 575 5594 2151 5657">
    <p class='ocr_par' dir='ltr' id='par_1_57' title="bbox 575 5594 2151 5657">
     <span class='ocr_line' id='line_1_57' title="bbox 575 5594 2151 5657; baseline 0.004 -21"><span class='ocrx_word' id='word_1_476' title='bbox 575 5596 866 5657; x_wconf 85' lang='lat' dir='ltr'><strong>_sostomum_,</strong></span> <span class='ocrx_word' id='word_1_477' title='bbox 892 5600 1143 5653; x_wconf 83' lang='lat' dir='ltr'><strong>postquam</strong></span> <span class='ocrx_word' id='word_1_478' title='bbox 1168 5598 1359 5641; x_wconf 79' lang='lat' dir='ltr'><strong>textum</strong></span> <span class='ocrx_word' id='word_1_479' title='bbox 1381 5594 1633 5657; x_wconf 68' lang='lat' dir='ltr'><strong>Scriptum</strong></span> <span class='ocrx_word' id='word_1_480' title='bbox 1657 5601 1710 5643; x_wconf 86' lang='lat' dir='ltr'><strong>ut</strong></span> <span class='ocrx_word' id='word_1_481' title='bbox 1733 5596 1992 5644; x_wconf 75' lang='lat' dir='ltr'><strong>Antiochiae</strong></span> <span class='ocrx_word' id='word_1_482' title='bbox 2015 5594 2151 5657; x_wconf 64' lang='lat' dir='ltr'><strong>legi-—</strong></span> 
     </span>
    </p>
   </div>
   <div class='ocr_carea' id='block_1_58' title="bbox 574 5650 2153 5717">
    <p class='ocr_par' dir='ltr' id='par_1_58' title="bbox 574 5650 2153 5717">
     <span class='ocr_line' id='line_1_58' title="bbox 574 5650 2153 5717; baseline 0.004 -19"><span class='ocrx_word' id='word_1_483' title='bbox 574 5650 713 5698; x_wconf 84' lang='lat' dir='ltr'><strong>batur</strong></span> <span class='ocrx_word' id='word_1_484' title='bbox 737 5650 985 5712; x_wconf 78' lang='lat' dir='ltr'><strong>attulerat,</strong></span> <span class='ocrx_word' id='word_1_485' title='bbox 1010 5650 1201 5703; x_wconf 77' lang='lat' dir='ltr'><strong>textum</strong></span> <span class='ocrx_word' id='word_1_486' title='bbox 1225 5650 1533 5717; x_wconf 78' lang='lat' dir='ltr'><strong>septuaginta</strong></span> <span class='ocrx_word' id='word_1_487' title='bbox 1565 5663 1888 5717; x_wconf 82' lang='lat' dir='ltr'><strong>tnterpretum</strong></span> <span class='ocrx_word' id='word_1_488' title='bbox 1910 5660 2045 5717; x_wconf 86' lang='lat' dir='ltr'><strong>quasi</strong></span> <span class='ocrx_word' id='word_1_489' title='bbox 2065 5650 2153 5705; x_wconf 46' lang='lat' dir='ltr'><strong>‘di-</strong></span> 
     </span>
    </p>
   </div>
   <div class='ocr_carea' id='block_1_59' title="bbox 574 5718 2153 5777">
    <p class='ocr_par' dir='ltr' id='par_1_59' title="bbox 574 5718 2153 5777">
     <span class='ocr_line' id='line_1_59' title="bbox 574 5718 2153 5777; baseline 0.006 -21"><span class='ocrx_word' id='word_1_490' title='bbox 574 5722 786 5770; x_wconf 84' lang='lat' dir='ltr'><strong>versum,</strong></span> <span class='ocrx_word' id='word_1_491' title='bbox 812 5726 868 5777; x_wconf 85' lang='lat' dir='ltr'><strong>ac</strong></span> <span class='ocrx_word' id='word_1_492' title='bbox 889 5725 1063 5763; x_wconf 83' lang='lat' dir='ltr'><strong>revera</strong></span> <span class='ocrx_word' id='word_1_493' title='bbox 1101 5727 1214 5777; x_wconf 80' lang='lat' dir='ltr'><strong>non</strong></span> <span class='ocrx_word' id='word_1_494' title='bbox 1234 5728 1400 5777; x_wconf 87' lang='lat' dir='ltr'><strong>parum</strong></span> <span class='ocrx_word' id='word_1_495' title='bbox 1420 5720 1684 5765; x_wconf 78' lang='lat' dir='ltr'><strong>variantem</strong></span> <span class='ocrx_word' id='word_1_496' title='bbox 1707 5718 1903 5768; x_wconf 70' lang='lat' dir='ltr'><strong>afferre.</strong></span> <span class='ocrx_word' id='word_1_497' title='bbox 1932 5718 2045 5767; x_wconf 85' lang='lat' dir='ltr'><strong>Illud</strong></span> <span class='ocrx_word' id='word_1_498' title='bbox 2069 5732 2153 5767; x_wconf 87' lang='lat' dir='ltr'><strong>au-</strong></span> 
     </span>
    </p>
   </div>
   <div class='ocr_carea' id='block_1_60' title="bbox 574 5775 2152 5882">
    <p class='ocr_par' dir='ltr' id='par_1_60' title="bbox 574 5775 2152 5882">
     <span class='ocr_line' id='line_1_60' title="bbox 574 5775 2152 5882; baseline 0.01 -67"><span class='ocrx_word' id='word_1_499' title='bbox 574 5776 1011 5882; x_wconf 48' lang='grc' dir='ltr'><strong>«ἓέἓὲιξξδιε</strong></span> <span class='ocrx_word' id='word_1_500' title='bbox 1025 5775 1373 5837; x_wconf 47' lang='lat' dir='ltr'><strong>exemplarium</strong></span> <span class='ocrx_word' id='word_1_501' title='bbox 1393 5781 1727 5838; x_wconf 81' lang='lat' dir='ltr'><strong>orovcniebat,</strong></span> <span class='ocrx_word' id='word_1_502' title='bbox 1746 5779 1807 5828; x_wconf 87' lang='lat' dir='ltr'><strong>de</strong></span> <span class='ocrx_word' id='word_1_503' title='bbox 1824 5794 1921 5841; x_wconf 90' lang='lat' dir='ltr'><strong>quo</strong></span> <span class='ocrx_word' id='word_1_504' title='bbox 1936 5781 2152 5844; x_wconf 80' lang='lat' dir='ltr'><strong>pluribus</strong></span> 
     </span>
     <span class='ocr_line' id='line_1_61' title="bbox 692 5847 940 5881; baseline 0.012 -3"><span class='ocrx_word' id='word_1_505' title='bbox 692 5847 699 5857; x_wconf 92' lang='lat'><em>‘</em></span> <span class='ocrx_word' id='word_1_506' title='bbox 748 5854 758 5878; x_wconf 81' lang='grc' dir='ltr'><strong>Ι</strong></span> <span class='ocrx_word' id='word_1_507' title='bbox 902 5867 940 5881; x_wconf 66' lang='grc' dir='ltr'><strong>ο.</strong></span> 
     </span>
    </p>
   </div>
   <div class='ocr_carea' id='block_1_61' title="bbox 692 5847 940 5881">
    <p class='ocr_par' dir='ltr' id='par_1_61' title="bbox 692 5847 940 5881">
     <span class='ocr_line' id='line_1_62' title="bbox 692 5847 940 5881; baseline 0 0"><span class='ocrx_word' id='word_1_508' title='bbox 692 5847 940 5881; x_wconf 58' lang='lat' dir='ltr'><strong>‘iBtaUOD‘L</strong></span> 
     </span>
    </p>
   </div>
   <div class='ocr_carea' id='block_1_62' title="bbox 2222 532 3819 599">
    <p class='ocr_par' dir='ltr' id='par_1_62' title="bbox 2222 532 3819 599">
     <span class='ocr_line' id='line_1_63' title="bbox 2222 532 3819 599; baseline 0.002 -12"><span class='ocrx_word' id='word_1_509' title='bbox 2222 576 2229 587; x_wconf 96' lang='lat'><strong>.</strong></span> <span class='ocrx_word' id='word_1_510' title='bbox 2257 532 2397 586; x_wconf 86' lang='lat' dir='ltr'><strong>tidie.</strong></span> <span class='ocrx_word' id='word_1_511' title='bbox 2429 533 2683 590; x_wconf 79' lang='lat' dir='ltr'><strong>Hebraeus</strong></span> <span class='ocrx_word' id='word_1_512' title='bbox 2710 544 2885 590; x_wconf 89' lang='lat' dir='ltr'><strong>autem</strong></span> <span class='ocrx_word' id='word_1_513' title='bbox 2905 574 2921 599; x_wconf 92' lang='lat'><strong>,</strong></span> <span class='ocrx_word' id='word_1_514' title='bbox 2958 533 3024 589; x_wconf 85' lang='lat' dir='ltr'><strong>In</strong></span> <span class='ocrx_word' id='word_1_515' title='bbox 3061 536 3197 589; x_wconf 84' lang='lat' dir='ltr'><strong>omni</strong></span> <span class='ocrx_word' id='word_1_516' title='bbox 3233 535 3334 589; x_wconf 79' lang='lat' dir='ltr'><strong>vita</strong></span> <span class='ocrx_word' id='word_1_517' title='bbox 3355 536 3396 590; x_wconf 76' lang='grc'><strong>⁸.</strong></span> <span class='ocrx_word' id='word_1_518' title='bbox 3423 534 3488 591; x_wconf 86' lang='lat' dir='ltr'><strong>Et</strong></span> <span class='ocrx_word' id='word_1_519' title='bbox 3512 536 3644 591; x_wconf 88' lang='lat' dir='ltr'><strong>alius</strong></span> <span class='ocrx_word' id='word_1_520' title='bbox 3673 555 3688 589; x_wconf 89' lang='lat'><strong>:</strong></span> <span class='ocrx_word' id='word_1_521' title='bbox 3718 537 3819 590; x_wconf 63' lang='lat' dir='ltr'><strong>Ali.</strong></span> 
     </span>
    </p>
   </div>
   <div class='ocr_carea' id='block_1_63' title="bbox 2255 625 3823 695">
    <p class='ocr_par' dir='ltr' id='par_1_63' title="bbox 2255 625 3823 695">
     <span class='ocr_line' id='line_1_64' title="bbox 2255 625 3823 695; baseline 0.003 -18"><span class='ocrx_word' id='word_1_522' title='bbox 2255 641 2384 678; x_wconf 84' lang='lat' dir='ltr'><strong>nans</strong></span> <span class='ocrx_word' id='word_1_523' title='bbox 2408 666 2424 690; x_wconf 90' lang='lat'><strong>,</strong></span> <span class='ocrx_word' id='word_1_524' title='bbox 2454 625 2669 693; x_wconf 81' lang='lat' dir='ltr'><strong>fremens</strong></span> <span class='ocrx_word' id='word_1_525' title='bbox 2693 665 2708 689; x_wconf 91' lang='lat'><strong>,</strong></span> <span class='ocrx_word' id='word_1_526' title='bbox 2751 642 2850 678; x_wconf 89' lang='lat' dir='ltr'><strong>non</strong></span> <span class='ocrx_word' id='word_1_527' title='bbox 2893 626 3124 695; x_wconf 81' lang='lat' dir='ltr'><strong>puniens.</strong></span> <span class='ocrx_word' id='word_1_528' title='bbox 3167 625 3317 692; x_wconf 86' lang='lat' dir='ltr'><strong>Quod</strong></span> <span class='ocrx_word' id='word_1_529' title='bbox 3344 635 3518 682; x_wconf 85' lang='lat' dir='ltr'><strong>autem</strong></span> <span class='ocrx_word' id='word_1_530' title='bbox 3548 626 3712 693; x_wconf 90' lang='lat' dir='ltr'><strong>dicit,</strong></span> <span class='ocrx_word' id='word_1_531' title='bbox 3744 636 3823 682; x_wconf 60' lang='lat' dir='ltr'><strong>est</strong></span> 
     </span>
    </p>
   </div>
   <div class='ocr_carea' id='block_1_64' title="bbox 2254 718 3822 793">
    <p class='ocr_par' dir='ltr' id='par_1_64' title="bbox 2254 718 3822 793">
     <span class='ocr_line' id='line_1_65' title="bbox 2254 718 3822 793; baseline 0.004 -23"><span class='ocrx_word' id='word_1_532' title='bbox 2254 718 2536 786; x_wconf 85' lang='lat' dir='ltr'><strong>ejusmodi.</strong></span> <span class='ocrx_word' id='word_1_533' title='bbox 2562 719 2615 774; x_wconf 89' lang='lat' dir='ltr'><strong>Si</strong></span> <span class='ocrx_word' id='word_1_534' title='bbox 2643 729 2723 773; x_wconf 87' lang='lat' dir='ltr'><strong>est</strong></span> <span class='ocrx_word' id='word_1_535' title='bbox 2747 721 2940 787; x_wconf 86' lang='lat' dir='ltr'><strong>justus,</strong></span> <span class='ocrx_word' id='word_1_536' title='bbox 2964 720 3106 775; x_wconf 89' lang='lat' dir='ltr'><strong>volet</strong></span> <span class='ocrx_word' id='word_1_537' title='bbox 3134 723 3352 776; x_wconf 91' lang='lat' dir='ltr'><strong>omnino</strong></span> <span class='ocrx_word' id='word_1_538' title='bbox 3379 725 3564 791; x_wconf 85' lang='lat' dir='ltr'><strong>punire</strong></span> <span class='ocrx_word' id='word_1_539' title='bbox 3592 723 3822 793; x_wconf 83' lang='lat' dir='ltr'><strong>iniquos;</strong></span> 
     </span>
    </p>
   </div>
   <div class='ocr_carea' id='block_1_65' title="bbox 2255 808 3826 883">
    <p class='ocr_par' dir='ltr' id='par_1_65' title="bbox 2255 808 3826 883">
     <span class='ocr_line' id='line_1_66' title="bbox 2255 808 3826 883; baseline 0.005 -22"><span class='ocrx_word' id='word_1_540' title='bbox 2255 809 2299 861; x_wconf 90' lang='lat' dir='ltr'><strong>si</strong></span> <span class='ocrx_word' id='word_1_541' title='bbox 2328 808 2497 872; x_wconf 81' lang='lat' dir='ltr'><strong>fortis,</strong></span> <span class='ocrx_word' id='word_1_542' title='bbox 2526 810 2744 864; x_wconf 89' lang='lat' dir='ltr'><strong>omnin</strong></span> <span class='ocrx_word' id='word_1_543' title='bbox 2770 812 2982 880; x_wconf 86' lang='lat' dir='ltr'><strong>poterit.</strong></span> <span class='ocrx_word' id='word_1_544' title='bbox 3016 811 3081 865; x_wconf 89' lang='lat' dir='ltr'><strong>Et</strong></span> <span class='ocrx_word' id='word_1_545' title='bbox 3109 812 3231 879; x_wconf 93' lang='lat' dir='ltr'><strong>ubi,</strong></span> <span class='ocrx_word' id='word_1_546' title='bbox 3264 813 3451 883; x_wconf 88' lang='lat' dir='ltr'><strong>inquit,</strong></span> <span class='ocrx_word' id='word_1_547' title='bbox 3483 825 3565 868; x_wconf 89' lang='lat' dir='ltr'><strong>est</strong></span> <span class='ocrx_word' id='word_1_548' title='bbox 3587 816 3826 871; x_wconf 84' lang='lat' dir='ltr'><strong>clemen-</strong></span> 
     </span>
    </p>
   </div>
   <div class='ocr_carea' id='block_1_66' title="bbox 2256 898 3824 978">
    <p class='ocr_par' dir='ltr' id='par_1_66' title="bbox 2256 898 3824 978">
     <span class='ocr_line' id='line_1_67' title="bbox 2256 898 3824 978; baseline 0.006 -25"><span class='ocrx_word' id='word_1_549' title='bbox 2256 898 2324 953; x_wconf 82' lang='lat' dir='ltr'><strong>tia</strong></span> <span class='ocrx_word' id='word_1_550' title='bbox 2346 940 2360 963; x_wconf 93' lang='lat'><strong>,</strong></span> <span class='ocrx_word' id='word_1_551' title='bbox 2392 899 2435 952; x_wconf 92' lang='lat' dir='ltr'><strong>si</strong></span> <span class='ocrx_word' id='word_1_552' title='bbox 2462 900 2605 969; x_wconf 90' lang='lat' dir='ltr'><strong>juste</strong></span> <span class='ocrx_word' id='word_1_553' title='bbox 2630 900 2927 968; x_wconf 76' lang='lat' dir='ltr'><strong>iudicabit?</strong></span> <span class='ocrx_word' id='word_1_554' title='bbox 2964 902 3196 958; x_wconf 78' lang='lat' dir='ltr'><strong>Primum</strong></span> <span class='ocrx_word' id='word_1_555' title='bbox 3223 904 3436 975; x_wconf 82' lang='lat' dir='ltr'><strong>quidem</strong></span> <span class='ocrx_word' id='word_1_556' title='bbox 3468 907 3521 961; x_wconf 93' lang='lat' dir='ltr'><strong>in</strong></span> <span class='ocrx_word' id='word_1_557' title='bbox 3550 922 3643 973; x_wconf 91' lang='lat' dir='ltr'><strong>eo,</strong></span> <span class='ocrx_word' id='word_1_558' title='bbox 3682 909 3824 978; x_wconf 88' lang='lat' dir='ltr'><strong>quod</strong></span> 
     </span>
    </p>
   </div>
   <div class='ocr_carea' id='block_1_67' title="bbox 2255 991 3827 1070">
    <p class='ocr_par' dir='ltr' id='par_1_67' title="bbox 2255 991 3827 1070">
     <span class='ocr_line' id='line_1_68' title="bbox 2255 991 3827 1070; baseline 0.006 -26"><span class='ocrx_word' id='word_1_559' title='bbox 2255 1005 2361 1044; x_wconf 90' lang='lat' dir='ltr'><strong>non</strong></span> <span class='ocrx_word' id='word_1_560' title='bbox 2398 991 2575 1044; x_wconf 89' lang='lat' dir='ltr'><strong>statim</strong></span> <span class='ocrx_word' id='word_1_561' title='bbox 2602 1007 2787 1062; x_wconf 69' lang='lat' dir='ltr'><strong>pinnas</strong></span> <span class='ocrx_word' id='word_1_562' title='bbox 2815 992 3046 1063; x_wconf 83' lang='lat' dir='ltr'><strong>inﬂigat,</strong></span> <span class='ocrx_word' id='word_1_563' title='bbox 3076 995 3443 1067; x_wconf 63' lang='lat' dir='ltr'><strong>praecipueque</strong></span> <span class='ocrx_word' id='word_1_564' title='bbox 3470 998 3523 1052; x_wconf 91' lang='lat' dir='ltr'><strong>in</strong></span> <span class='ocrx_word' id='word_1_565' title='bbox 3553 1012 3652 1064; x_wconf 91' lang='lat' dir='ltr'><strong>eo,</strong></span> <span class='ocrx_word' id='word_1_566' title='bbox 3684 999 3827 1070; x_wconf 88' lang='lat' dir='ltr'><strong>quod</strong></span> 
     </span>
    </p>
   </div>
   <div class='ocr_carea' id='block_1_68' title="bbox 2252 1080 3830 1159">
    <p class='ocr_par' dir='ltr' id='par_1_68' title="bbox 2252 1080 3830 1159">
     <span class='ocr_line' id='line_1_69' title="bbox 2252 1080 3830 1159; baseline 0.009 -28"><span class='ocrx_word' id='word_1_567' title='bbox 2252 1080 2358 1151; x_wconf 82' lang='lat' dir='ltr'><strong>jam</strong></span> <span class='ocrx_word' id='word_1_568' title='bbox 2389 1082 2566 1136; x_wconf 89' lang='lat' dir='ltr'><strong>omnia</strong></span> <span class='ocrx_word' id='word_1_569' title='bbox 2594 1093 2808 1152; x_wconf 86' lang='lat' dir='ltr'><strong>peccata</strong></span> <span class='ocrx_word' id='word_1_570' title='bbox 2836 1085 3101 1139; x_wconf 88' lang='lat' dir='ltr'><strong>remiserit</strong></span> <span class='ocrx_word' id='word_1_571' title='bbox 3128 1100 3224 1156; x_wconf 89' lang='lat' dir='ltr'><strong>per</strong></span> <span class='ocrx_word' id='word_1_572' title='bbox 3253 1086 3518 1143; x_wconf 82' lang='lat' dir='ltr'><strong>lavacrum</strong></span> <span class='ocrx_word' id='word_1_573' title='bbox 3548 1104 3830 1159; x_wconf 83' lang='lat' dir='ltr'><strong>regenera-</strong></span> 
     </span>
    </p>
   </div>
   <div class='ocr_carea' id='block_1_69' title="bbox 2257 1173 3831 1247">
    <p class='ocr_par' dir='ltr' id='par_1_69' title="bbox 2257 1173 3831 1247">
     <span class='ocr_line' id='line_1_70' title="bbox 2257 1173 3831 1247; baseline 0.006 -22"><span class='ocrx_word' id='word_1_574' title='bbox 2257 1173 2451 1235; x_wconf 81' lang='lat' dir='ltr'><strong>t:onis;</strong></span> <span class='ocrx_word' id='word_1_575' title='bbox 2481 1173 2715 1228; x_wconf 91' lang='lat' dir='ltr'><strong>secundo</strong></span> <span class='ocrx_word' id='word_1_576' title='bbox 2742 1183 2919 1228; x_wconf 87' lang='lat' dir='ltr'><strong>autem</strong></span> <span class='ocrx_word' id='word_1_577' title='bbox 2939 1217 2953 1239; x_wconf 88' lang='lat'><strong>,</strong></span> <span class='ocrx_word' id='word_1_578' title='bbox 2980 1175 3122 1246; x_wconf 88' lang='lat' dir='ltr'><strong>quod</strong></span> <span class='ocrx_word' id='word_1_579' title='bbox 3148 1177 3305 1232; x_wconf 88' lang='lat' dir='ltr'><strong>etiam</strong></span> <span class='ocrx_word' id='word_1_580' title='bbox 3332 1177 3539 1233; x_wconf 82' lang='lat' dir='ltr'><strong>dederit</strong></span> <span class='ocrx_word' id='word_1_581' title='bbox 3567 1182 3831 1247; x_wconf 61' lang='lat' dir='ltr'><strong>paeniten-</strong></span> 
     </span>
    </p>
   </div>
   <div class='ocr_carea' id='block_1_70' title="bbox 2255 1262 3831 1339">
    <p class='ocr_par' dir='ltr' id='par_1_70' title="bbox 2255 1262 3831 1339">
     <span class='ocr_line' id='line_1_71' title="bbox 2255 1262 3831 1339; baseline 0.006 -23"><span class='ocrx_word' id='word_1_582' title='bbox 2255 1262 2400 1316; x_wconf 88' lang='lat' dir='ltr'><strong>tiam.</strong></span> <span class='ocrx_word' id='word_1_583' title='bbox 2429 1263 2482 1317; x_wconf 85' lang='lat' dir='ltr'><strong>Si</strong></span> <span class='ocrx_word' id='word_1_584' title='bbox 2513 1263 2655 1317; x_wconf 86' lang='lat' dir='ltr'><strong>enim</strong></span> <span class='ocrx_word' id='word_1_585' title='bbox 2683 1264 3016 1335; x_wconf 86' lang='lat' dir='ltr'><strong>cogitaveris,</strong></span> <span class='ocrx_word' id='word_1_586' title='bbox 3045 1280 3141 1320; x_wconf 91' lang='lat' dir='ltr'><strong>nos</strong></span> <span class='ocrx_word' id='word_1_587' title='bbox 3169 1282 3394 1338; x_wconf 87' lang='lat' dir='ltr'><strong>peccare</strong></span> <span class='ocrx_word' id='word_1_588' title='bbox 3418 1271 3674 1339; x_wconf 83' lang='lat' dir='ltr'><strong>quotidie,</strong></span> <span class='ocrx_word' id='word_1_589' title='bbox 3704 1282 3831 1327; x_wconf 88' lang='lat' dir='ltr'><strong>tunc</strong></span> 
     </span>
    </p>
   </div>
   <div class='ocr_carea' id='block_1_71' title="bbox 2254 1357 3831 1432">
    <p class='ocr_par' dir='ltr' id='par_1_71' title="bbox 2254 1357 3831 1432">
     <span class='ocr_line' id='line_1_72' title="bbox 2254 1357 3831 1432; baseline 0.004 -22"><span class='ocrx_word' id='word_1_590' title='bbox 2254 1357 2484 1411; x_wconf 82' lang='lat' dir='ltr'><strong>maxime</strong></span> <span class='ocrx_word' id='word_1_591' title='bbox 2509 1357 2713 1413; x_wconf 88' lang='lat' dir='ltr'><strong>videbis</strong></span> <span class='ocrx_word' id='word_1_592' title='bbox 2747 1358 3062 1414; x_wconf 84' lang='lat' dir='ltr'><strong>ineii‘abilem</strong></span> <span class='ocrx_word' id='word_1_593' title='bbox 3090 1361 3206 1430; x_wconf 89' lang='lat' dir='ltr'><strong>ejus</strong></span> <span class='ocrx_word' id='word_1_594' title='bbox 3242 1362 3536 1417; x_wconf 69' lang='lat' dir='ltr'><strong>clementia:</strong></span> <span class='ocrx_word' id='word_1_595' title='bbox 3565 1364 3831 1432; x_wconf 82' lang='lat' dir='ltr'><strong>magnitu-</strong></span> 
     </span>
    </p>
   </div>
   <div class='ocr_carea' id='block_1_72' title="bbox 2250 1449 3828 1525">
    <p class='ocr_par' dir='ltr' id='par_1_72' title="bbox 2250 1449 3828 1525">
     <span class='ocr_line' id='line_1_73' title="bbox 2250 1449 3828 1525; baseline 0.005 -21"><span class='ocrx_word' id='word_1_596' title='bbox 2250 1449 2453 1506; x_wconf 89' lang='lat' dir='ltr'><strong>dinem.</strong></span> <span class='ocrx_word' id='word_1_597' title='bbox 2504 1452 2655 1518; x_wconf 89' lang='lat' dir='ltr'><strong>Quod</strong></span> <span class='ocrx_word' id='word_1_598' title='bbox 2685 1452 2897 1522; x_wconf 88' lang='lat' dir='ltr'><strong>quidem</strong></span> <span class='ocrx_word' id='word_1_599' title='bbox 2946 1454 3101 1510; x_wconf 91' lang='lat' dir='ltr'><strong>etiam</strong></span> <span class='ocrx_word' id='word_1_600' title='bbox 3145 1455 3445 1525; x_wconf 83' lang='lat' dir='ltr'><strong>signiﬁcans</strong></span> <span class='ocrx_word' id='word_1_601' title='bbox 3467 1498 3483 1521; x_wconf 90' lang='lat'><strong>,</strong></span> <span class='ocrx_word' id='word_1_602' title='bbox 3513 1458 3828 1525; x_wconf 79' lang='lat' dir='ltr'><strong>subjunxit;</strong></span> 
     </span>
    </p>
   </div>
   <div class='ocr_carea' id='block_1_73' title="bbox 2252 1540 3831 1615">
    <p class='ocr_par' dir='ltr' id='par_1_73' title="bbox 2252 1540 3831 1615">
     <span class='ocr_line' id='line_1_74' title="bbox 2252 1540 3831 1615; baseline 0.007 -21"><span class='ocrx_word' id='word_1_603' title='bbox 2252 1540 2436 1595; x_wconf 91' lang='lat' dir='ltr'><strong>dicens</strong></span> <span class='ocrx_word' id='word_1_604' title='bbox 2466 1558 2479 1593; x_wconf 88' lang='lat'>:</span> <span class='ocrx_word' id='word_1_605' title='bbox 2512 1540 2646 1596; x_wconf 79' lang='lat' dir='ltr'><strong>Deus</strong></span> <span class='ocrx_word' id='word_1_606' title='bbox 2661 1543 3048 1613; x_wconf 73' lang='lat' dir='ltr'><strong>judexjustus,</strong></span> <span class='ocrx_word' id='word_1_607' title='bbox 3078 1544 3257 1614; x_wconf 81' lang='lat' dir='ltr'><strong>fortis,</strong></span> <span class='ocrx_word' id='word_1_608' title='bbox 3290 1558 3335 1600; x_wconf 87' lang='lat' dir='ltr'><strong>et</strong></span> <span class='ocrx_word' id='word_1_609' title='bbox 3364 1548 3576 1615; x_wconf 77' lang='lat' dir='ltr'><strong>patiam.</strong></span> <span class='ocrx_word' id='word_1_610' title='bbox 3608 1548 3831 1605; x_wconf 75' lang='lat' dir='ltr'><strong>Dubitas</strong></span> 
     </span>
    </p>
   </div>
   <div class='ocr_carea' id='block_1_74' title="bbox 2252 1636 3827 1711">
    <p class='ocr_par' dir='ltr' id='par_1_74' title="bbox 2252 1636 3827 1711">
     <span class='ocr_line' id='line_1_75' title="bbox 2252 1636 3827 1711; baseline 0.005 -24"><span class='ocrx_word' id='word_1_611' title='bbox 2252 1647 2368 1697; x_wconf 87' lang='lat' dir='ltr'><strong>cur,</strong></span> <span class='ocrx_word' id='word_1_612' title='bbox 2396 1648 2517 1688; x_wconf 90' lang='lat' dir='ltr'><strong>cum</strong></span> <span class='ocrx_word' id='word_1_613' title='bbox 2549 1636 2675 1690; x_wconf 85' lang='lat' dir='ltr'><strong>velit</strong></span> <span class='ocrx_word' id='word_1_614' title='bbox 2706 1645 2761 1690; x_wconf 91' lang='lat' dir='ltr'><strong>et</strong></span> <span class='ocrx_word' id='word_1_615' title='bbox 2791 1638 2990 1705; x_wconf 89' lang='lat' dir='ltr'><strong>possit,</strong></span> <span class='ocrx_word' id='word_1_616' title='bbox 3023 1652 3126 1692; x_wconf 92' lang='lat' dir='ltr'><strong>non</strong></span> <span class='ocrx_word' id='word_1_617' title='bbox 3156 1639 3378 1707; x_wconf 81' lang='lat' dir='ltr'><strong>puniat?</strong></span> <span class='ocrx_word' id='word_1_618' title='bbox 3424 1640 3604 1706; x_wconf 86' lang='lat' dir='ltr'><strong>Disce,</strong></span> <span class='ocrx_word' id='word_1_619' title='bbox 3636 1642 3827 1711; x_wconf 85' lang='lat' dir='ltr'><strong>inquit,</strong></span> 
     </span>
    </p>
   </div>
   <div class='ocr_carea' id='block_1_75' title="bbox 2251 1726 3830 1801">
    <p class='ocr_par' dir='ltr' id='par_1_75' title="bbox 2251 1726 3830 1801">
     <span class='ocr_line' id='line_1_76' title="bbox 2251 1726 3830 1801; baseline 0.003 -20"><span class='ocrx_word' id='word_1_620' title='bbox 2251 1740 2374 1781; x_wconf 90' lang='lat' dir='ltr'><strong>eum</strong></span> <span class='ocrx_word' id='word_1_621' title='bbox 2401 1738 2519 1781; x_wconf 87' lang='lat' dir='ltr'><strong>csse</strong></span> <span class='ocrx_word' id='word_1_622' title='bbox 2550 1726 2857 1794; x_wconf 87' lang='lat' dir='ltr'><strong>patientem,</strong></span> <span class='ocrx_word' id='word_1_623' title='bbox 2889 1742 2989 1784; x_wconf 88' lang='lat' dir='ltr'><strong>nec</strong></span> <span class='ocrx_word' id='word_1_624' title='bbox 3014 1726 3328 1785; x_wconf 77' lang='lat' dir='ltr'><strong>inferentem</strong></span> <span class='ocrx_word' id='word_1_625' title='bbox 3357 1728 3494 1786; x_wconf 86' lang='lat' dir='ltr'><strong>iram</strong></span> <span class='ocrx_word' id='word_1_626' title='bbox 3523 1748 3617 1799; x_wconf 89' lang='lat' dir='ltr'><strong>per</strong></span> <span class='ocrx_word' id='word_1_627' title='bbox 3642 1733 3830 1801; x_wconf 82' lang='lat' dir='ltr'><strong>singu-</strong></span> 
     </span>
    </p>
   </div>
   <div class='ocr_carea' id='block_1_76' title="bbox 2254 1814 3828 1892">
    <p class='ocr_par' dir='ltr' id='par_1_76' title="bbox 2254 1814 3828 1892">
     <span class='ocr_line' id='line_1_77' title="bbox 2254 1814 3828 1892; baseline 0.006 -23"><span class='ocrx_word' id='word_1_628' title='bbox 2254 1814 2337 1869; x_wconf 90' lang='lat' dir='ltr'><strong>los</strong></span> <span class='ocrx_word' id='word_1_629' title='bbox 2362 1814 2498 1869; x_wconf 89' lang='lat' dir='ltr'><strong>dies.</strong></span> <span class='ocrx_word' id='word_1_630' title='bbox 2530 1815 2607 1870; x_wconf 88' lang='lat' dir='ltr'><strong>Ne</strong></span> <span class='ocrx_word' id='word_1_631' title='bbox 2634 1817 2754 1887; x_wconf 88' lang='lat' dir='ltr'><strong>quis</strong></span> <span class='ocrx_word' id='word_1_632' title='bbox 2780 1818 2918 1873; x_wconf 90' lang='lat' dir='ltr'><strong>enim</strong></span> <span class='ocrx_word' id='word_1_633' title='bbox 2945 1819 3137 1874; x_wconf 90' lang='lat' dir='ltr'><strong>stultus</strong></span> <span class='ocrx_word' id='word_1_634' title='bbox 3163 1820 3431 1876; x_wconf 77' lang='lat' dir='ltr'><strong>existimet</strong></span> <span class='ocrx_word' id='word_1_635' title='bbox 3455 1837 3575 1877; x_wconf 90' lang='lat' dir='ltr'><strong>eum</strong></span> <span class='ocrx_word' id='word_1_636' title='bbox 3611 1832 3828 1892; x_wconf 80' lang='lat' dir='ltr'><strong>propter</strong></span> 
     </span>
    </p>
   </div>
   <div class='ocr_carea' id='block_1_77' title="bbox 2253 1908 3825 1977">
    <p class='ocr_par' dir='ltr' id='par_1_77' title="bbox 2253 1908 3825 1977">
     <span class='ocr_line' id='line_1_78' title="bbox 2253 1908 3825 1977; baseline 0.005 -15"><span class='ocrx_word' id='word_1_637' title='bbox 2253 1908 2665 1964; x_wconf 70' lang='lat' dir='ltr'><strong>imbecillitatem</strong></span> <span class='ocrx_word' id='word_1_638' title='bbox 2687 1925 2791 1964; x_wconf 92' lang='lat' dir='ltr'><strong>non</strong></span> <span class='ocrx_word' id='word_1_639' title='bbox 2816 1910 3017 1976; x_wconf 85' lang='lat' dir='ltr'><strong>ulcisci,</strong></span> <span class='ocrx_word' id='word_1_640' title='bbox 3040 1912 3273 1968; x_wconf 88' lang='lat' dir='ltr'><strong>ostendit</strong></span> <span class='ocrx_word' id='word_1_641' title='bbox 3288 1927 3502 1977; x_wconf 86' lang='lat' dir='ltr'><strong>causam</strong></span> <span class='ocrx_word' id='word_1_642' title='bbox 3524 1914 3825 1971; x_wconf 82' lang='lat' dir='ltr'><strong>dilationis:</strong></span> 
     </span>
    </p>
   </div>
   <div class='ocr_carea' id='block_1_78' title="bbox 2253 2000 3831 2078">
    <p class='ocr_par' dir='ltr' id='par_1_78' title="bbox 2253 2000 3831 2078">
     <span class='ocr_line' id='line_1_79' title="bbox 2253 2000 3831 2078; baseline 0.003 -23"><span class='ocrx_word' id='word_1_643' title='bbox 2253 2000 2393 2069; x_wconf 88' lang='lat' dir='ltr'><strong>quod</strong></span> <span class='ocrx_word' id='word_1_644' title='bbox 2420 2016 2605 2070; x_wconf 87' lang='lat' dir='ltr'><strong>magna</strong></span> <span class='ocrx_word' id='word_1_645' title='bbox 2639 2002 2831 2058; x_wconf 88' lang='lat' dir='ltr'><strong>haheat</strong></span> <span class='ocrx_word' id='word_1_646' title='bbox 2856 2003 3022 2073; x_wconf 88' lang='lat' dir='ltr'><strong>spatia</strong></span> <span class='ocrx_word' id='word_1_647' title='bbox 3046 2013 3102 2058; x_wconf 89' lang='lat' dir='ltr'><strong>et</strong></span> <span class='ocrx_word' id='word_1_648' title='bbox 3130 2020 3373 2075; x_wconf 87' lang='lat' dir='ltr'><strong>magnam</strong></span> <span class='ocrx_word' id='word_1_649' title='bbox 3404 2021 3708 2061; x_wconf 84' lang='lat' dir='ltr'><strong>mensuram</strong></span> <span class='ocrx_word' id='word_1_650' title='bbox 3736 2023 3831 2078; x_wconf 83' lang='lat' dir='ltr'><strong>pa-</strong></span> 
     </span>
    </p>
   </div>
   <div class='ocr_carea' id='block_1_79' title="bbox 2254 2093 3832 2168">
    <p class='ocr_par' dir='ltr' id='par_1_79' title="bbox 2254 2093 3832 2168">
     <span class='ocr_line' id='line_1_80' title="bbox 2254 2093 3832 2168; baseline 0.007 -23"><span class='ocrx_word' id='word_1_651' title='bbox 2254 2094 2457 2146; x_wconf 82' lang='lat' dir='ltr'><strong>tientia.</strong></span> <span class='ocrx_word' id='word_1_652' title='bbox 2490 2093 2621 2161; x_wconf 88' lang='lat' dir='ltr'><strong>Quia</strong></span> <span class='ocrx_word' id='word_1_653' title='bbox 2649 2095 2789 2148; x_wconf 92' lang='lat' dir='ltr'><strong>enim</strong></span> <span class='ocrx_word' id='word_1_654' title='bbox 2816 2106 3100 2164; x_wconf 84' lang='lat' dir='ltr'><strong>propterea</strong></span> <span class='ocrx_word' id='word_1_655' title='bbox 3126 2095 3268 2151; x_wconf 88' lang='lat' dir='ltr'><strong>mitis</strong></span> <span class='ocrx_word' id='word_1_656' title='bbox 3297 2106 3381 2153; x_wconf 90' lang='lat' dir='ltr'><strong>est</strong></span> <span class='ocrx_word' id='word_1_657' title='bbox 3420 2108 3474 2153; x_wconf 90' lang='lat' dir='ltr'><strong>et</strong></span> <span class='ocrx_word' id='word_1_658' title='bbox 3498 2099 3704 2168; x_wconf 88' lang='lat' dir='ltr'><strong>patiens</strong></span> <span class='ocrx_word' id='word_1_659' title='bbox 3726 2140 3742 2167; x_wconf 97' lang='lat'><strong>,</strong></span> <span class='ocrx_word' id='word_1_660' title='bbox 3774 2110 3832 2156; x_wconf 87' lang='lat' dir='ltr'><strong>ut</strong></span> 
     </span>
    </p>
   </div>
   <div class='ocr_carea' id='block_1_80' title="bbox 2257 2183 3833 2259">
    <p class='ocr_par' dir='ltr' id='par_1_80' title="bbox 2257 2183 3833 2259">
     <span class='ocr_line' id='line_1_81' title="bbox 2257 2183 3833 2259; baseline 0.006 -22"><span class='ocrx_word' id='word_1_661' title='bbox 2257 2194 2307 2238; x_wconf 89' lang='lat' dir='ltr'><strong>te</strong></span> <span class='ocrx_word' id='word_1_662' title='bbox 2333 2183 2558 2238; x_wconf 81' lang='lat' dir='ltr'><strong>adducat</strong></span> <span class='ocrx_word' id='word_1_663' title='bbox 2582 2185 2647 2239; x_wconf 87' lang='lat' dir='ltr'><strong>ad</strong></span> <span class='ocrx_word' id='word_1_664' title='bbox 2680 2186 3062 2253; x_wconf 75' lang='lat' dir='ltr'><strong>pcenitentiam,</strong></span> <span class='ocrx_word' id='word_1_665' title='bbox 3091 2188 3304 2256; x_wconf 85' lang='lat' dir='ltr'><strong>quando</strong></span> <span class='ocrx_word' id='word_1_666' title='bbox 3333 2189 3465 2244; x_wconf 88' lang='lat' dir='ltr'><strong>nihil</strong></span> <span class='ocrx_word' id='word_1_667' title='bbox 3494 2191 3584 2245; x_wconf 85' lang='lat' dir='ltr'><strong>tibi</strong></span> <span class='ocrx_word' id='word_1_668' title='bbox 3613 2191 3833 2259; x_wconf 86' lang='lat' dir='ltr'><strong>prodest</strong></span> 
     </span>
    </p>
   </div>
   <div class='ocr_carea' id='block_1_81' title="bbox 2255 2275 3827 2353">
    <p class='ocr_par' dir='ltr' id='par_1_81' title="bbox 2255 2275 3827 2353">
     <span class='ocr_line' id='line_1_82' title="bbox 2255 2275 3827 2353; baseline 0.003 -22"><span class='ocrx_word' id='word_1_669' title='bbox 2255 2275 2356 2331; x_wconf 84' lang='lat' dir='ltr'><strong>hoc</strong></span> <span class='ocrx_word' id='word_1_670' title='bbox 2383 2277 2823 2334; x_wconf 82' lang='lat' dir='ltr'><strong>medicamentum</strong></span> <span class='ocrx_word' id='word_1_671' title='bbox 2846 2320 2861 2343; x_wconf 92' lang='lat'><strong>,</strong></span> <span class='ocrx_word' id='word_1_672' title='bbox 2890 2280 3049 2334; x_wconf 86' lang='lat' dir='ltr'><strong>etiam</strong></span> <span class='ocrx_word' id='word_1_673' title='bbox 3076 2281 3367 2335; x_wconf 83' lang='lat' dir='ltr'><strong>ulciscitur.</strong></span> <span class='ocrx_word' id='word_1_674' title='bbox 3408 2281 3516 2336; x_wconf 86' lang='lat' dir='ltr'><strong>Nos</strong></span> <span class='ocrx_word' id='word_1_675' title='bbox 3542 2297 3670 2353; x_wconf 85' lang='lat' dir='ltr'><strong>ergo</strong></span> <span class='ocrx_word' id='word_1_676' title='bbox 3698 2299 3827 2353; x_wconf 86' lang='lat' dir='ltr'><strong>quo-</strong></span> 
     </span>
    </p>
   </div>
   <div class='ocr_carea' id='block_1_82' title="bbox 2255 2367 3830 2439">
    <p class='ocr_par' dir='ltr' id='par_1_82' title="bbox 2255 2367 3830 2439">
     <span class='ocr_line' id='line_1_83' title="bbox 2255 2367 3830 2439; baseline 0.006 -19"><span class='ocrx_word' id='word_1_677' title='bbox 2255 2367 2379 2421; x_wconf 89' lang='lat' dir='ltr'><strong>tidie</strong></span> <span class='ocrx_word' id='word_1_678' title='bbox 2403 2367 2547 2434; x_wconf 80' lang='lat' dir='ltr'><strong>digiti</strong></span> <span class='ocrx_word' id='word_1_679' title='bbox 2575 2383 2760 2425; x_wconf 87' lang='lat' dir='ltr'><strong>sumus</strong></span> <span class='ocrx_word' id='word_1_680' title='bbox 2789 2370 2878 2439; x_wconf 89' lang='lat' dir='ltr'><strong>qui</strong></span> <span class='ocrx_word' id='word_1_681' title='bbox 2909 2371 3206 2439; x_wconf 87' lang='lat' dir='ltr'><strong>puniamur.</strong></span> <span class='ocrx_word' id='word_1_682' title='bbox 3234 2371 3346 2426; x_wconf 84' lang='lat' dir='ltr'><strong>Nisi</strong></span> <span class='ocrx_word' id='word_1_683' title='bbox 3383 2373 3526 2428; x_wconf 90' lang='lat' dir='ltr'><strong>enim</strong></span> <span class='ocrx_word' id='word_1_684' title='bbox 3562 2374 3632 2427; x_wconf 87' lang='lat' dir='ltr'><strong>ita</strong></span> <span class='ocrx_word' id='word_1_685' title='bbox 3663 2385 3830 2439; x_wconf 85' lang='lat' dir='ltr'><strong>esset,</strong></span> 
     </span>
    </p>
   </div>
   <div class='ocr_carea' id='block_1_83' title="bbox 2252 2462 3832 2535">
    <p class='ocr_par' dir='ltr' id='par_1_83' title="bbox 2252 2462 3832 2535">
     <span class='ocr_line' id='line_1_84' title="bbox 2252 2462 3832 2535; baseline 0.004 -22"><span class='ocrx_word' id='word_1_686' title='bbox 2252 2471 2359 2513; x_wconf 87' lang='lat' dir='ltr'><strong>non</strong></span> <span class='ocrx_word' id='word_1_687' title='bbox 2392 2467 2657 2527; x_wconf 91' lang='lat' dir='ltr'><strong>tamquam</strong></span> <span class='ocrx_word' id='word_1_688' title='bbox 2684 2474 2932 2530; x_wconf 83' lang='lat' dir='ltr'><strong>magnum</strong></span> <span class='ocrx_word' id='word_1_689' title='bbox 2963 2462 3227 2529; x_wconf 82' lang='lat' dir='ltr'><strong>posuisset</strong></span> <span class='ocrx_word' id='word_1_690' title='bbox 3255 2462 3381 2518; x_wconf 90' lang='lat' dir='ltr'><strong>illud</strong></span> <span class='ocrx_word' id='word_1_691' title='bbox 3413 2479 3427 2515; x_wconf 91' lang='lat'><strong>:</strong></span> <span class='ocrx_word' id='word_1_692' title='bbox 3456 2462 3580 2517; x_wconf 81' lang='lat' dir='ltr'><strong>Non</strong></span> <span class='ocrx_word' id='word_1_693' title='bbox 3606 2466 3832 2535; x_wconf 72' lang='lat' dir='ltr'><strong>inferens</strong></span> 
     </span>
    </p>
   </div>
   <div class='ocr_carea' id='block_1_84' title="bbox 2250 2547 3830 2624">
    <p class='ocr_par' dir='ltr' id='par_1_84' title="bbox 2250 2547 3830 2624">
     <span class='ocr_line' id='line_1_85' title="bbox 2250 2547 3830 2624; baseline 0.005 -23"><span class='ocrx_word' id='word_1_694' title='bbox 2250 2547 2381 2601; x_wconf 90' lang='lat' dir='ltr'><strong>iram</strong></span> <span class='ocrx_word' id='word_1_695' title='bbox 2420 2565 2509 2618; x_wconf 82' lang='lat' dir='ltr'><strong>per</strong></span> <span class='ocrx_word' id='word_1_696' title='bbox 2551 2549 2775 2620; x_wconf 84' lang='lat' dir='ltr'><strong>singulos</strong></span> <span class='ocrx_word' id='word_1_697' title='bbox 2810 2551 2952 2617; x_wconf 82' lang='lat' dir='ltr'><strong>dies;</strong></span> <span class='ocrx_word' id='word_1_698' title='bbox 2991 2551 3086 2607; x_wconf 88' lang='lat' dir='ltr'><strong>sed</strong></span> <span class='ocrx_word' id='word_1_699' title='bbox 3133 2562 3396 2623; x_wconf 86' lang='lat' dir='ltr'><strong>tamquam</strong></span> <span class='ocrx_word' id='word_1_700' title='bbox 3427 2554 3587 2609; x_wconf 86' lang='lat' dir='ltr'><strong>rebus</strong></span> <span class='ocrx_word' id='word_1_701' title='bbox 3613 2554 3830 2624; x_wconf 89' lang='lat' dir='ltr'><strong>quidem</strong></span> 
     </span>
    </p>
   </div>
   <div class='ocr_carea' id='block_1_85' title="bbox 2252 2635 3833 2713">
    <p class='ocr_par' dir='ltr' id='par_1_85' title="bbox 2252 2635 3833 2713">
     <span class='ocr_line' id='line_1_86' title="bbox 2252 2635 3833 2713; baseline 0.004 -23"><span class='ocrx_word' id='word_1_702' title='bbox 2252 2635 2355 2692; x_wconf 86' lang='lat' dir='ltr'><strong>hoc</strong></span> <span class='ocrx_word' id='word_1_703' title='bbox 2380 2638 2800 2707; x_wconf 83' lang='lat' dir='ltr'><strong>postulantibus,</strong></span> <span class='ocrx_word' id='word_1_704' title='bbox 2831 2641 2924 2695; x_wconf 86' lang='lat' dir='ltr'><strong>Dei</strong></span> <span class='ocrx_word' id='word_1_705' title='bbox 2948 2650 3123 2696; x_wconf 88' lang='lat' dir='ltr'><strong>autem</strong></span> <span class='ocrx_word' id='word_1_706' title='bbox 3152 2642 3430 2697; x_wconf 83' lang='lat' dir='ltr'><strong>clementia</strong></span> <span class='ocrx_word' id='word_1_707' title='bbox 3453 2646 3650 2713; x_wconf 85' lang='lat' dir='ltr'><strong>justam</strong></span> <span class='ocrx_word' id='word_1_708' title='bbox 3676 2645 3833 2698; x_wconf 86' lang='lat' dir='ltr'><strong>cohi-</strong></span> 
     </span>
    </p>
   </div>
   <div class='ocr_carea' id='block_1_86' title="bbox 2251 2728 3830 2806">
    <p class='ocr_par' dir='ltr' id='par_1_86' title="bbox 2251 2728 3830 2806">
     <span class='ocr_line' id='line_1_87' title="bbox 2251 2728 3830 2806; baseline 0.005 -22"><span class='ocrx_word' id='word_1_709' title='bbox 2251 2728 2413 2784; x_wconf 87' lang='lat' dir='ltr'><strong>bente</strong></span> <span class='ocrx_word' id='word_1_710' title='bbox 2435 2732 2784 2799; x_wconf 86' lang='lat' dir='ltr'><strong>punitionem,</strong></span> <span class='ocrx_word' id='word_1_711' title='bbox 2807 2732 2908 2788; x_wconf 90' lang='lat' dir='ltr'><strong>hoc</strong></span> <span class='ocrx_word' id='word_1_712' title='bbox 2926 2733 3072 2789; x_wconf 89' lang='lat' dir='ltr'><strong>dicit.</strong></span> <span class='ocrx_word' id='word_1_713' title='bbox 3097 2734 3259 2791; x_wconf 83' lang='lat' dir='ltr'><strong>Vides</strong></span> <span class='ocrx_word' id='word_1_714' title='bbox 3274 2736 3542 2806; x_wconf 86' lang='lat' dir='ltr'><strong>quomodo</strong></span> <span class='ocrx_word' id='word_1_715' title='bbox 3564 2737 3649 2791; x_wconf 86' lang='lat' dir='ltr'><strong>hic</strong></span> <span class='ocrx_word' id='word_1_716' title='bbox 3669 2738 3830 2793; x_wconf 89' lang='lat' dir='ltr'><strong>etiam</strong></span> 
     </span>
    </p>
   </div>
   <div class='ocr_carea' id='block_1_87' title="bbox 2251 2823 3832 2899">
    <p class='ocr_par' dir='ltr' id='par_1_87' title="bbox 2251 2823 3832 2899">
     <span class='ocr_line' id='line_1_88' title="bbox 2251 2823 3832 2899; baseline 0.006 -24"><span class='ocrx_word' id='word_1_717' title='bbox 2251 2823 2487 2877; x_wconf 90' lang='lat' dir='ltr'><strong>ostendit</strong></span> <span class='ocrx_word' id='word_1_718' title='bbox 2529 2824 2691 2879; x_wconf 91' lang='lat' dir='ltr'><strong>Deum</strong></span> <span class='ocrx_word' id='word_1_719' title='bbox 2731 2839 2761 2879; x_wconf 89' lang='lat' dir='ltr'><strong>a</strong></span> <span class='ocrx_word' id='word_1_720' title='bbox 2804 2825 3044 2881; x_wconf 89' lang='lat' dir='ltr'><strong>molestia</strong></span> <span class='ocrx_word' id='word_1_721' title='bbox 3087 2827 3355 2894; x_wconf 89' lang='lat' dir='ltr'><strong>alienum,</strong></span> <span class='ocrx_word' id='word_1_722' title='bbox 3404 2837 3459 2883; x_wconf 90' lang='lat' dir='ltr'><strong>et</strong></span> <span class='ocrx_word' id='word_1_723' title='bbox 3501 2830 3832 2899; x_wconf 90' lang='lat' dir='ltr'><strong>punitioncm</strong></span> 
     </span>
    </p>
   </div>
   <div class='ocr_carea' id='block_1_88' title="bbox 2250 2913 3835 2988">
    <p class='ocr_par' dir='ltr' id='par_1_88' title="bbox 2250 2913 3835 2988">
     <span class='ocr_line' id='line_1_89' title="bbox 2250 2913 3835 2988; baseline 0.004 -22"><span class='ocrx_word' id='word_1_724' title='bbox 2250 2913 2487 2981; x_wconf 83' lang='lat' dir='ltr'><strong>appellat</strong></span> <span class='ocrx_word' id='word_1_725' title='bbox 2511 2913 2684 2969; x_wconf 86' lang='lat' dir='ltr'><strong>iram?</strong></span> <span class='ocrx_word' id='word_1_726' title='bbox 2712 2913 2880 2971; x_wconf 84' lang='lat' dir='ltr'><strong>Nemo</strong></span> <span class='ocrx_word' id='word_1_727' title='bbox 2906 2915 3047 2970; x_wconf 90' lang='lat' dir='ltr'><strong>enim</strong></span> <span class='ocrx_word' id='word_1_728' title='bbox 3074 2916 3206 2971; x_wconf 87' lang='lat' dir='ltr'><strong>iram</strong></span> <span class='ocrx_word' id='word_1_729' title='bbox 3244 2916 3407 2972; x_wconf 78' lang='lat' dir='ltr'><strong>infert</strong></span> <span class='ocrx_word' id='word_1_730' title='bbox 3433 2917 3520 2972; x_wconf 88' lang='lat' dir='ltr'><strong>alii</strong></span> <span class='ocrx_word' id='word_1_731' title='bbox 3551 2935 3565 2971; x_wconf 92' lang='lat'><strong>:</strong></span> <span class='ocrx_word' id='word_1_732' title='bbox 3596 2918 3690 2973; x_wconf 87' lang='lat' dir='ltr'><strong>sed</strong></span> <span class='ocrx_word' id='word_1_733' title='bbox 3718 2920 3835 2988; x_wconf 81' lang='lat' dir='ltr'><strong>ipse</strong></span> 
     </span>
    </p>
   </div>
   <div class='ocr_carea' id='block_1_89' title="bbox 2253 3005 3830 3078">
    <p class='ocr_par' dir='ltr' id='par_1_89' title="bbox 2253 3005 3830 3078">
     <span class='ocr_line' id='line_1_90' title="bbox 2253 3005 3830 3078; baseline 0.003 -19"><span class='ocrx_word' id='word_1_734' title='bbox 2253 3005 2467 3073; x_wconf 87' lang='lat' dir='ltr'><strong>quidem</strong></span> <span class='ocrx_word' id='word_1_735' title='bbox 2509 3005 2668 3061; x_wconf 82' lang='lat' dir='ltr'><strong>habet</strong></span> <span class='ocrx_word' id='word_1_736' title='bbox 2712 3007 2881 3075; x_wconf 90' lang='lat' dir='ltr'><strong>iram,</strong></span> <span class='ocrx_word' id='word_1_737' title='bbox 2928 3008 3245 3078; x_wconf 88' lang='lat' dir='ltr'><strong>supplicium</strong></span> <span class='ocrx_word' id='word_1_738' title='bbox 3286 3019 3465 3065; x_wconf 85' lang='lat' dir='ltr'><strong>autem</strong></span> <span class='ocrx_word' id='word_1_739' title='bbox 3511 3010 3670 3065; x_wconf 79' lang='lat' dir='ltr'><strong>infert</strong></span> <span class='ocrx_word' id='word_1_740' title='bbox 3717 3013 3830 3065; x_wconf 90' lang='lat' dir='ltr'><strong>alii.</strong></span> 
     </span>
    </p>
   </div>
   <div class='ocr_carea' id='block_1_90' title="bbox 2254 3093 3834 3170">
    <p class='ocr_par' dir='ltr' id='par_1_90' title="bbox 2254 3093 3834 3170">
     <span class='ocr_line' id='line_1_91' title="bbox 2254 3093 3834 3170; baseline 0.004 -21"><span class='ocrx_word' id='word_1_741' title='bbox 2254 3093 2396 3149; x_wconf 83' lang='lat' dir='ltr'><strong>Nihil</strong></span> <span class='ocrx_word' id='word_1_742' title='bbox 2440 3110 2568 3166; x_wconf 87' lang='lat' dir='ltr'><strong>ergo</strong></span> <span class='ocrx_word' id='word_1_743' title='bbox 2596 3097 2858 3167; x_wconf 81' lang='lat' dir='ltr'><strong>signiﬁcat</strong></span> <span class='ocrx_word' id='word_1_744' title='bbox 2900 3098 3041 3154; x_wconf 87' lang='lat' dir='ltr'><strong>aliud</strong></span> <span class='ocrx_word' id='word_1_745' title='bbox 3087 3114 3248 3169; x_wconf 87' lang='lat' dir='ltr'><strong>quam</strong></span> <span class='ocrx_word' id='word_1_746' title='bbox 3293 3101 3619 3170; x_wconf 88' lang='lat' dir='ltr'><strong>punitionem</strong></span> <span class='ocrx_word' id='word_1_747' title='bbox 3644 3142 3662 3161; x_wconf 87' lang='lat'><strong>.</strong></span> <span class='ocrx_word' id='word_1_748' title='bbox 3706 3115 3834 3158; x_wconf 88' lang='lat' dir='ltr'><strong>cum</strong></span> 
     </span>
    </p>
   </div>
   <div class='ocr_carea' id='block_1_91' title="bbox 2250 3186 3835 3262">
    <p class='ocr_par' dir='ltr' id='par_1_91' title="bbox 2250 3186 3835 3262">
     <span class='ocr_line' id='line_1_92' title="bbox 2250 3186 3835 3262; baseline 0.006 -24"><span class='ocrx_word' id='word_1_749' title='bbox 2250 3186 2382 3241; x_wconf 86' lang='lat' dir='ltr'><strong>dicit</strong></span> <span class='ocrx_word' id='word_1_750' title='bbox 2403 3228 2416 3253; x_wconf 93' lang='lat'><strong>,</strong></span> <span class='ocrx_word' id='word_1_751' title='bbox 2450 3187 2516 3241; x_wconf 84' lang='lat' dir='ltr'><strong>Et</strong></span> <span class='ocrx_word' id='word_1_752' title='bbox 2541 3204 2639 3242; x_wconf 87' lang='lat' dir='ltr'><strong>non</strong></span> <span class='ocrx_word' id='word_1_753' title='bbox 2681 3190 2902 3261; x_wconf 79' lang='lat' dir='ltr'><strong>inferens</strong></span> <span class='ocrx_word' id='word_1_754' title='bbox 2928 3191 3056 3243; x_wconf 85' lang='lat' dir='ltr'><strong>iram</strong></span> <span class='ocrx_word' id='word_1_755' title='bbox 3085 3207 3175 3260; x_wconf 83' lang='lat' dir='ltr'><strong>per</strong></span> <span class='ocrx_word' id='word_1_756' title='bbox 3193 3192 3418 3262; x_wconf 82' lang='lat' dir='ltr'><strong>singulos</strong></span> <span class='ocrx_word' id='word_1_757' title='bbox 3446 3191 3570 3246; x_wconf 83' lang='lat' dir='ltr'><strong>dies.</strong></span> <span class='ocrx_word' id='word_1_758' title='bbox 3604 3192 3670 3246; x_wconf 88' lang='lat' dir='ltr'><strong>Et</strong></span> <span class='ocrx_word' id='word_1_759' title='bbox 3697 3207 3835 3262; x_wconf 88' lang='lat' dir='ltr'><strong>qno-</strong></span> 
     </span>
    </p>
   </div>
   <div class='ocr_carea' id='block_1_92' title="bbox 2256 3277 3836 3352">
    <p class='ocr_par' dir='ltr' id='par_1_92' title="bbox 2256 3277 3836 3352">
     <span class='ocr_line' id='line_1_93' title="bbox 2256 3277 3836 3352; baseline 0.003 -21"><span class='ocrx_word' id='word_1_760' title='bbox 2256 3278 2415 3332; x_wconf 91' lang='lat' dir='ltr'><strong>modo</strong></span> <span class='ocrx_word' id='word_1_761' title='bbox 2439 3278 2586 3345; x_wconf 89' lang='lat' dir='ltr'><strong>dicit,</strong></span> <span class='ocrx_word' id='word_1_762' title='bbox 2616 3277 2719 3333; x_wconf 84' lang='lat' dir='ltr'><strong>Per</strong></span> <span class='ocrx_word' id='word_1_763' title='bbox 2744 3280 2966 3351; x_wconf 84' lang='lat' dir='ltr'><strong>singulos</strong></span> <span class='ocrx_word' id='word_1_764' title='bbox 2986 3279 3091 3335; x_wconf 83' lang='lat' dir='ltr'><strong>dies</strong></span> <span class='ocrx_word' id='word_1_765' title='bbox 3111 3281 3174 3335; x_wconf 61' lang='grc' dir='ltr'><strong>’ἲ</strong></span> <span class='ocrx_word' id='word_1_766' title='bbox 3201 3280 3528 3351; x_wconf 84' lang='lat' dir='ltr'><strong>lngrediatur</strong></span> <span class='ocrx_word' id='word_1_767' title='bbox 3548 3283 3836 3352; x_wconf 82' lang='lat' dir='ltr'><strong>unusquis-</strong></span> 
     </span>
    </p>
   </div>
   <div class='ocr_carea' id='block_1_93' title="bbox 2252 3370 3835 3439">
    <p class='ocr_par' dir='ltr' id='par_1_93' title="bbox 2252 3370 3835 3439">
     <span class='ocr_line' id='line_1_94' title="bbox 2252 3370 3835 3439; baseline 0.001 -16"><span class='ocrx_word' id='word_1_768' title='bbox 2252 3386 2359 3439; x_wconf 88' lang='lat' dir='ltr'><strong>que</strong></span> <span class='ocrx_word' id='word_1_769' title='bbox 2401 3383 2550 3424; x_wconf 86' lang='lat' dir='ltr'><strong>suam</strong></span> <span class='ocrx_word' id='word_1_770' title='bbox 2597 3371 3010 3438; x_wconf 84' lang='lat' dir='ltr'><strong>conscientiam,</strong></span> <span class='ocrx_word' id='word_1_771' title='bbox 3055 3380 3111 3425; x_wconf 85' lang='lat' dir='ltr'><strong>et</strong></span> <span class='ocrx_word' id='word_1_772' title='bbox 3154 3380 3279 3425; x_wconf 92' lang='lat' dir='ltr'><strong>tunc</strong></span> <span class='ocrx_word' id='word_1_773' title='bbox 3311 3372 3528 3426; x_wconf 84' lang='lat' dir='ltr'><strong>videbit.</strong></span> <span class='ocrx_word' id='word_1_774' title='bbox 3579 3370 3649 3426; x_wconf 88' lang='lat' dir='ltr'><strong>Ut</strong></span> <span class='ocrx_word' id='word_1_775' title='bbox 3689 3372 3835 3426; x_wconf 86' lang='lat' dir='ltr'><strong>enim</strong></span> 
     </span>
    </p>
   </div>
   <div class='ocr_carea' id='block_1_94' title="bbox 2256 3464 3834 3535">
    <p class='ocr_par' dir='ltr' id='par_1_94' title="bbox 2256 3464 3834 3535">
     <span class='ocr_line' id='line_1_95' title="bbox 2256 3464 3834 3535; baseline -0.001 -18"><span class='ocrx_word' id='word_1_776' title='bbox 2256 3465 2653 3533; x_wconf 84' lang='lat' dir='ltr'><strong>pra-termittam</strong></span> <span class='ocrx_word' id='word_1_777' title='bbox 2681 3479 2873 3520; x_wconf 87' lang='lat' dir='ltr'><strong>arcana</strong></span> <span class='ocrx_word' id='word_1_778' title='bbox 2901 3465 3161 3535; x_wconf 88' lang='lat' dir='ltr'><strong>cujusque</strong></span> <span class='ocrx_word' id='word_1_779' title='bbox 3199 3472 3411 3535; x_wconf 81' lang='lat' dir='ltr'><strong>peccata</strong></span> <span class='ocrx_word' id='word_1_780' title='bbox 3429 3506 3443 3532; x_wconf 92' lang='lat'><strong>,</strong></span> <span class='ocrx_word' id='word_1_781' title='bbox 3473 3464 3588 3519; x_wconf 69' lang='lat' dir='ltr'><strong>hinc</strong></span> <span class='ocrx_word' id='word_1_782' title='bbox 3616 3464 3834 3535; x_wconf 87' lang='lat' dir='ltr'><strong>quidem</strong></span> 
     </span>
    </p>
   </div>
   <div class='ocr_carea' id='block_1_95' title="bbox 2255 3555 3837 3626">
    <p class='ocr_par' dir='ltr' id='par_1_95' title="bbox 2255 3555 3837 3626">
     <span class='ocr_line' id='line_1_96' title="bbox 2255 3555 3837 3626; baseline -0.002 -16"><span class='ocrx_word' id='word_1_783' title='bbox 2255 3558 2556 3611; x_wconf 81' lang='lat' dir='ltr'><strong>cmmuunia</strong></span> <span class='ocrx_word' id='word_1_784' title='bbox 2603 3558 2723 3625; x_wconf 90' lang='lat' dir='ltr'><strong>quis</strong></span> <span class='ocrx_word' id='word_1_785' title='bbox 2766 3555 3020 3626; x_wconf 78' lang='lat' dir='ltr'><strong>ellugiet?</strong></span> <span class='ocrx_word' id='word_1_786' title='bbox 3065 3556 3319 3622; x_wconf 66' lang='lat' dir='ltr'><strong>Qumnam</strong></span> <span class='ocrx_word' id='word_1_787' title='bbox 3362 3566 3537 3610; x_wconf 87' lang='lat' dir='ltr'><strong>autem</strong></span> <span class='ocrx_word' id='word_1_788' title='bbox 3579 3573 3643 3610; x_wconf 87' lang='lat' dir='ltr'><strong>ea</strong></span> <span class='ocrx_word' id='word_1_789' title='bbox 3670 3557 3837 3609; x_wconf 78' lang='lat' dir='ltr'><strong>sunt?</strong></span> 
     </span>
    </p>
   </div>
   <div class='ocr_carea' id='block_1_96' title="bbox 2257 3647 3833 3717">
    <p class='ocr_par' dir='ltr' id='par_1_96' title="bbox 2257 3647 3833 3717">
     <span class='ocr_line' id='line_1_97' title="bbox 2257 3647 3833 3717; baseline -0.001 -16"><span class='ocrx_word' id='word_1_790' title='bbox 2257 3647 2386 3714; x_wconf 89' lang='lat' dir='ltr'><strong>Quis</strong></span> <span class='ocrx_word' id='word_1_791' title='bbox 2416 3658 2499 3705; x_wconf 87' lang='lat' dir='ltr'><strong>est</strong></span> <span class='ocrx_word' id='word_1_792' title='bbox 2527 3648 2641 3701; x_wconf 83' lang='lat' dir='ltr'><strong>dies</strong></span> <span class='ocrx_word' id='word_1_793' title='bbox 2675 3649 2724 3701; x_wconf 92' lang='lat' dir='ltr'><strong>in</strong></span> <span class='ocrx_word' id='word_1_794' title='bbox 2765 3664 2869 3717; x_wconf 87' lang='lat' dir='ltr'><strong>quo</strong></span> <span class='ocrx_word' id='word_1_795' title='bbox 2914 3663 3020 3702; x_wconf 89' lang='lat' dir='ltr'><strong>non</strong></span> <span class='ocrx_word' id='word_1_796' title='bbox 3062 3648 3294 3716; x_wconf 78' lang='lat' dir='ltr'><strong>segniter</strong></span> <span class='ocrx_word' id='word_1_797' title='bbox 3333 3663 3583 3714; x_wconf 85' lang='lat' dir='ltr'><strong>oremus,</strong></span> <span class='ocrx_word' id='word_1_798' title='bbox 3614 3659 3671 3703; x_wconf 90' lang='lat' dir='ltr'><strong>et</strong></span> <span class='ocrx_word' id='word_1_799' title='bbox 3710 3663 3833 3701; x_wconf 91' lang='lat' dir='ltr'><strong>cum</strong></span> 
     </span>
    </p>
   </div>
   <div class='ocr_carea' id='block_1_97' title="bbox 2256 3739 3835 3810">
    <p class='ocr_par' dir='ltr' id='par_1_97' title="bbox 2256 3739 3835 3810">
     <span class='ocr_line' id='line_1_98' title="bbox 2256 3739 3835 3810; baseline 0.001 -18"><span class='ocrx_word' id='word_1_800' title='bbox 2256 3754 2445 3809; x_wconf 82' lang='lat' dir='ltr'><strong>umgna</strong></span> <span class='ocrx_word' id='word_1_801' title='bbox 2470 3739 2821 3808; x_wconf 82' lang='lat' dir='ltr'><strong>negligentia?</strong></span> <span class='ocrx_word' id='word_1_802' title='bbox 2849 3739 2997 3807; x_wconf 90' lang='lat' dir='ltr'><strong>Quod</strong></span> <span class='ocrx_word' id='word_1_803' title='bbox 3017 3749 3191 3794; x_wconf 90' lang='lat' dir='ltr'><strong>autem</strong></span> <span class='ocrx_word' id='word_1_804' title='bbox 3215 3740 3315 3794; x_wconf 88' lang='lat' dir='ltr'><strong>hoc</strong></span> <span class='ocrx_word' id='word_1_805' title='bbox 3334 3741 3492 3794; x_wconf 86' lang='lat' dir='ltr'><strong>etiam</strong></span> <span class='ocrx_word' id='word_1_806' title='bbox 3518 3740 3593 3794; x_wconf 85' lang='lat' dir='ltr'><strong>ira</strong></span> <span class='ocrx_word' id='word_1_807' title='bbox 3615 3740 3835 3810; x_wconf 85' lang='lat' dir='ltr'><strong>dignum</strong></span> 
     </span>
    </p>
   </div>
   <div class='ocr_carea' id='block_1_98' title="bbox 2252 3832 3836 3903">
    <p class='ocr_par' dir='ltr' id='par_1_98' title="bbox 2252 3832 3836 3903">
     <span class='ocr_line' id='line_1_99' title="bbox 2252 3832 3836 3903; baseline 0.001 -17"><span class='ocrx_word' id='word_1_808' title='bbox 2252 3832 2364 3896; x_wconf 89' lang='lat' dir='ltr'><strong>sit,</strong></span> <span class='ocrx_word' id='word_1_809' title='bbox 2394 3832 2516 3887; x_wconf 90' lang='lat' dir='ltr'><strong>hinc</strong></span> <span class='ocrx_word' id='word_1_810' title='bbox 2544 3833 2666 3886; x_wconf 88' lang='lat' dir='ltr'><strong>sciri</strong></span> <span class='ocrx_word' id='word_1_811' title='bbox 2698 3842 2887 3900; x_wconf 85' lang='lat' dir='ltr'><strong>potest.</strong></span> <span class='ocrx_word' id='word_1_812' title='bbox 2925 3832 3020 3887; x_wconf 90' lang='lat' dir='ltr'><strong>Die</strong></span> <span class='ocrx_word' id='word_1_813' title='bbox 3047 3833 3187 3886; x_wconf 83' lang='lat' dir='ltr'><strong>enim</strong></span> <span class='ocrx_word' id='word_1_814' title='bbox 3230 3833 3362 3887; x_wconf 87' lang='lat' dir='ltr'><strong>mihi</strong></span> <span class='ocrx_word' id='word_1_815' title='bbox 3390 3851 3408 3887; x_wconf 89' lang='lat'><strong>:</strong></span> <span class='ocrx_word' id='word_1_816' title='bbox 3435 3834 3480 3889; x_wconf 89' lang='lat' dir='ltr'><strong>si</strong></span> <span class='ocrx_word' id='word_1_817' title='bbox 3507 3834 3573 3887; x_wconf 91' lang='lat' dir='ltr'><strong>ad</strong></span> <span class='ocrx_word' id='word_1_818' title='bbox 3598 3832 3836 3903; x_wconf 87' lang='lat' dir='ltr'><strong>judicem</strong></span> 
     </span>
    </p>
   </div>
   <div class='ocr_carea' id='block_1_99' title="bbox 2257 3922 3837 3990">
    <p class='ocr_par' dir='ltr' id='par_1_99' title="bbox 2257 3922 3837 3990">
     <span class='ocr_line' id='line_1_100' title="bbox 2257 3922 3837 3990; baseline 0.002 -15"><span class='ocrx_word' id='word_1_819' title='bbox 2257 3922 2491 3977; x_wconf 89' lang='lat' dir='ltr'><strong>oscitans</strong></span> <span class='ocrx_word' id='word_1_820' title='bbox 2519 3923 2868 3988; x_wconf 85' lang='lat' dir='ltr'><strong>accessisses,</strong></span> <span class='ocrx_word' id='word_1_821' title='bbox 2911 3932 2963 3978; x_wconf 90' lang='lat' dir='ltr'><strong>et</strong></span> <span class='ocrx_word' id='word_1_822' title='bbox 3004 3924 3275 3978; x_wconf 88' lang='lat' dir='ltr'><strong>convictus</strong></span> <span class='ocrx_word' id='word_1_823' title='bbox 3318 3938 3502 3990; x_wconf 83' lang='lat' dir='ltr'><strong>esses,</strong></span> <span class='ocrx_word' id='word_1_824' title='bbox 3545 3937 3651 3978; x_wconf 90' lang='lat' dir='ltr'><strong>non</strong></span> <span class='ocrx_word' id='word_1_825' title='bbox 3681 3924 3751 3978; x_wconf 90' lang='lat' dir='ltr'><strong>de</strong></span> <span class='ocrx_word' id='word_1_826' title='bbox 3783 3936 3837 3978; x_wconf 91' lang='lat' dir='ltr'><strong>te</strong></span> 
     </span>
    </p>
   </div>
   <div class='ocr_carea' id='block_1_100' title="bbox 2250 4015 3838 4085">
    <p class='ocr_par' dir='ltr' id='par_1_100' title="bbox 2250 4015 3838 4085">
     <span class='ocr_line' id='line_1_101' title="bbox 2250 4015 3838 4085; baseline 0 -17"><span class='ocrx_word' id='word_1_827' title='bbox 2250 4016 2433 4069; x_wconf 84' lang='lat' dir='ltr'><strong>statim</strong></span> <span class='ocrx_word' id='word_1_828' title='bbox 2463 4016 2774 4083; x_wconf 87' lang='lat' dir='ltr'><strong>sumpsisset</strong></span> <span class='ocrx_word' id='word_1_829' title='bbox 2808 4029 3026 4085; x_wconf 73' lang='lat' dir='ltr'><strong>pinnas,</strong></span> <span class='ocrx_word' id='word_1_830' title='bbox 3072 4026 3127 4069; x_wconf 91' lang='lat' dir='ltr'><strong>et</strong></span> <span class='ocrx_word' id='word_1_831' title='bbox 3170 4016 3402 4069; x_wconf 82' lang='lat' dir='ltr'><strong>misisset</strong></span> <span class='ocrx_word' id='word_1_832' title='bbox 3449 4015 3504 4069; x_wconf 91' lang='lat' dir='ltr'><strong>in</strong></span> <span class='ocrx_word' id='word_1_833' title='bbox 3545 4016 3838 4069; x_wconf 84' lang='lat' dir='ltr'><strong>exsilium?</strong></span> 
     </span>
    </p>
   </div>
   <div class='ocr_carea' id='block_1_101' title="bbox 2255 4105 3835 4177">
    <p class='ocr_par' dir='ltr' id='par_1_101' title="bbox 2255 4105 3835 4177">
     <span class='ocr_line' id='line_1_102' title="bbox 2255 4105 3835 4177; baseline 0 -17"><span class='ocrx_word' id='word_1_834' title='bbox 2255 4105 2435 4170; x_wconf 87' lang='lat' dir='ltr'><strong>Certe,</strong></span> <span class='ocrx_word' id='word_1_835' title='bbox 2468 4108 2642 4175; x_wconf 90' lang='lat' dir='ltr'><strong>inquis</strong></span> <span class='ocrx_word' id='word_1_836' title='bbox 2672 4125 2685 4160; x_wconf 89' lang='lat'><strong>:</strong></span> <span class='ocrx_word' id='word_1_837' title='bbox 2714 4106 2874 4161; x_wconf 88' lang='lat' dir='ltr'><strong>homo</strong></span> <span class='ocrx_word' id='word_1_838' title='bbox 2896 4107 3036 4161; x_wconf 90' lang='lat' dir='ltr'><strong>enim</strong></span> <span class='ocrx_word' id='word_1_839' title='bbox 3063 4117 3165 4161; x_wconf 89' lang='lat' dir='ltr'><strong>est.</strong></span> <span class='ocrx_word' id='word_1_840' title='bbox 3197 4109 3262 4161; x_wconf 85' lang='lat' dir='ltr'><strong>Et</strong></span> <span class='ocrx_word' id='word_1_841' title='bbox 3281 4108 3408 4177; x_wconf 90' lang='lat' dir='ltr'><strong>quid</strong></span> <span class='ocrx_word' id='word_1_842' title='bbox 3433 4109 3579 4163; x_wconf 80' lang='lat' dir='ltr'><strong>tum?</strong></span> <span class='ocrx_word' id='word_1_843' title='bbox 3603 4108 3660 4163; x_wconf 84' lang='lat' dir='ltr'><strong>Si</strong></span> <span class='ocrx_word' id='word_1_844' title='bbox 3690 4109 3835 4163; x_wconf 88' lang='lat' dir='ltr'><strong>enim</strong></span> 
     </span>
    </p>
   </div>
   <div class='ocr_carea' id='block_1_102' title="bbox 2258 4194 3839 4270">
    <p class='ocr_par' dir='ltr' id='par_1_102' title="bbox 2258 4194 3839 4270">
     <span class='ocr_line' id='line_1_103' title="bbox 2258 4194 3839 4270; baseline 0.001 -19"><span class='ocrx_word' id='word_1_845' title='bbox 2258 4198 2420 4253; x_wconf 89' lang='lat' dir='ltr'><strong>homo</strong></span> <span class='ocrx_word' id='word_1_846' title='bbox 2443 4197 2661 4252; x_wconf 82' lang='lat' dir='ltr'><strong>allectus</strong></span> <span class='ocrx_word' id='word_1_847' title='bbox 2688 4208 2771 4253; x_wconf 88' lang='lat' dir='ltr'><strong>est</strong></span> <span class='ocrx_word' id='word_1_848' title='bbox 2808 4194 3168 4264; x_wconf 76' lang='lat' dir='ltr'><strong>contumelia,</strong></span> <span class='ocrx_word' id='word_1_849' title='bbox 3200 4214 3304 4252; x_wconf 90' lang='lat' dir='ltr'><strong>non</strong></span> <span class='ocrx_word' id='word_1_850' title='bbox 3348 4200 3509 4253; x_wconf 77' lang='lat' dir='ltr'><strong>fuerit</strong></span> <span class='ocrx_word' id='word_1_851' title='bbox 3534 4216 3749 4270; x_wconf 76' lang='lat' dir='ltr'><strong>:equum</strong></span> <span class='ocrx_word' id='word_1_852' title='bbox 3781 4211 3839 4254; x_wconf 87' lang='lat' dir='ltr'><strong>ut</strong></span> 
     </span>
    </p>
   </div>
   <div class='ocr_carea' id='block_1_103' title="bbox 2256 4289 3840 4359">
    <p class='ocr_par' dir='ltr' id='par_1_103' title="bbox 2256 4289 3840 4359">
     <span class='ocr_line' id='line_1_104' title="bbox 2256 4289 3840 4359; baseline 0.001 -16"><span class='ocrx_word' id='word_1_853' title='bbox 2256 4291 2550 4355; x_wconf 71' lang='lat' dir='ltr'><strong>irascatur;</strong></span> <span class='ocrx_word' id='word_1_854' title='bbox 2580 4289 2646 4342; x_wconf 90' lang='lat' dir='ltr'><strong>ab</strong></span> <span class='ocrx_word' id='word_1_855' title='bbox 2672 4304 2735 4343; x_wconf 91' lang='lat' dir='ltr'><strong>eo</strong></span> <span class='ocrx_word' id='word_1_856' title='bbox 2760 4290 2900 4343; x_wconf 89' lang='lat' dir='ltr'><strong>enim</strong></span> <span class='ocrx_word' id='word_1_857' title='bbox 2925 4290 3245 4344; x_wconf 89' lang='lat' dir='ltr'><strong>contumelia</strong></span> <span class='ocrx_word' id='word_1_858' title='bbox 3267 4289 3486 4345; x_wconf 77' lang='lat' dir='ltr'><strong>allectus</strong></span> <span class='ocrx_word' id='word_1_859' title='bbox 3507 4301 3612 4356; x_wconf 87' lang='lat' dir='ltr'><strong>est,</strong></span> <span class='ocrx_word' id='word_1_860' title='bbox 3640 4292 3729 4359; x_wconf 91' lang='lat' dir='ltr'><strong>qni</strong></span> <span class='ocrx_word' id='word_1_861' title='bbox 3755 4300 3840 4345; x_wconf 84' lang='lat' dir='ltr'><strong>est</strong></span> 
     </span>
    </p>
   </div>
   <div class='ocr_carea' id='block_1_104' title="bbox 2255 4380 3836 4450">
    <p class='ocr_par' dir='ltr' id='par_1_104' title="bbox 2255 4380 3836 4450">
     <span class='ocr_line' id='line_1_105' title="bbox 2255 4380 3836 4450; baseline 0 -14"><span class='ocrx_word' id='word_1_862' title='bbox 2255 4381 2306 4436; x_wconf 91' lang='lat' dir='ltr'><strong>ei</strong></span> <span class='ocrx_word' id='word_1_863' title='bbox 2339 4383 2537 4434; x_wconf 88' lang='lat' dir='ltr'><strong>bonore</strong></span> <span class='ocrx_word' id='word_1_864' title='bbox 2566 4380 2784 4450; x_wconf 66' lang='lat' dir='ltr'><strong>aequalis</strong></span> <span class='ocrx_word' id='word_1_865' title='bbox 2812 4397 2825 4433; x_wconf 90' lang='lat'><strong>:</strong></span> <span class='ocrx_word' id='word_1_866' title='bbox 2859 4381 2993 4435; x_wconf 88' lang='lat' dir='ltr'><strong>Deus</strong></span> <span class='ocrx_word' id='word_1_867' title='bbox 3020 4390 3198 4435; x_wconf 89' lang='lat' dir='ltr'><strong>autem</strong></span> <span class='ocrx_word' id='word_1_868' title='bbox 3235 4382 3555 4436; x_wconf 87' lang='lat' dir='ltr'><strong>contumelia</strong></span> <span class='ocrx_word' id='word_1_869' title='bbox 3588 4381 3836 4446; x_wconf 76' lang='lat' dir='ltr'><strong>allectus,</strong></span> 
     </span>
    </p>
   </div>
   <div class='ocr_carea' id='block_1_105' title="bbox 2251 4472 3840 4543">
    <p class='ocr_par' dir='ltr' id='par_1_105' title="bbox 2251 4472 3840 4543">
     <span class='ocr_line' id='line_1_106' title="bbox 2251 4472 3840 4543; baseline 0.001 -16"><span class='ocrx_word' id='word_1_870' title='bbox 2251 4472 2371 4543; x_wconf 90' lang='lat' dir='ltr'><strong>jure</strong></span> <span class='ocrx_word' id='word_1_871' title='bbox 2396 4473 2709 4543; x_wconf 88' lang='lat' dir='ltr'><strong>supplicium</strong></span> <span class='ocrx_word' id='word_1_872' title='bbox 2737 4473 3008 4537; x_wconf 86' lang='lat' dir='ltr'><strong>intulerit;</strong></span> <span class='ocrx_word' id='word_1_873' title='bbox 3041 4474 3211 4543; x_wconf 88' lang='lat' dir='ltr'><strong>majus</strong></span> <span class='ocrx_word' id='word_1_874' title='bbox 3236 4475 3377 4528; x_wconf 88' lang='lat' dir='ltr'><strong>enim</strong></span> <span class='ocrx_word' id='word_1_875' title='bbox 3404 4483 3486 4527; x_wconf 88' lang='lat' dir='ltr'><strong>est</strong></span> <span class='ocrx_word' id='word_1_876' title='bbox 3512 4474 3614 4527; x_wconf 92' lang='lat' dir='ltr'><strong>hoc</strong></span> <span class='ocrx_word' id='word_1_877' title='bbox 3644 4489 3840 4542; x_wconf 84' lang='lat' dir='ltr'><strong>pecca-</strong></span> 
     </span>
    </p>
   </div>
   <div class='ocr_carea' id='block_1_106' title="bbox 2259 4564 3840 4635">
    <p class='ocr_par' dir='ltr' id='par_1_106' title="bbox 2259 4564 3840 4635">
     <span class='ocr_line' id='line_1_107' title="bbox 2259 4564 3840 4635; baseline 0.002 -17"><span class='ocrx_word' id='word_1_878' title='bbox 2259 4573 2369 4618; x_wconf 90' lang='lat' dir='ltr'><strong>tum</strong></span> <span class='ocrx_word' id='word_1_879' title='bbox 2397 4579 2495 4629; x_wconf 90' lang='lat' dir='ltr'><strong>eo,</strong></span> <span class='ocrx_word' id='word_1_880' title='bbox 2526 4565 2665 4633; x_wconf 89' lang='lat' dir='ltr'><strong>quod</strong></span> <span class='ocrx_word' id='word_1_881' title='bbox 2695 4564 2753 4617; x_wconf 86' lang='lat' dir='ltr'><strong>lit</strong></span> <span class='ocrx_word' id='word_1_882' title='bbox 2791 4565 2842 4617; x_wconf 91' lang='lat' dir='ltr'><strong>in</strong></span> <span class='ocrx_word' id='word_1_883' title='bbox 2875 4564 3163 4619; x_wconf 89' lang='lat' dir='ltr'><strong>hominem.</strong></span> <span class='ocrx_word' id='word_1_884' title='bbox 3200 4566 3262 4618; x_wconf 83' lang='lat' dir='ltr'><strong>Et</strong></span> <span class='ocrx_word' id='word_1_885' title='bbox 3301 4564 3462 4618; x_wconf 85' lang='lat' dir='ltr'><strong>homo</strong></span> <span class='ocrx_word' id='word_1_886' title='bbox 3487 4566 3702 4635; x_wconf 90' lang='lat' dir='ltr'><strong>quidem</strong></span> <span class='ocrx_word' id='word_1_887' title='bbox 3736 4568 3840 4621; x_wconf 88' lang='lat' dir='ltr'><strong>hoc</strong></span> 
     </span>
    </p>
   </div>
   <div class='ocr_carea' id='block_1_107' title="bbox 2257 4654 3841 4725">
    <p class='ocr_par' dir='ltr' id='par_1_107' title="bbox 2257 4654 3841 4725">
     <span class='ocr_line' id='line_1_108' title="bbox 2257 4654 3841 4725; baseline 0.001 -16"><span class='ocrx_word' id='word_1_888' title='bbox 2257 4654 2411 4719; x_wconf 79' lang='lat' dir='ltr'><strong>facit,</strong></span> <span class='ocrx_word' id='word_1_889' title='bbox 2439 4670 2684 4725; x_wconf 68' lang='lat' dir='ltr'><strong>quaareus</strong></span> <span class='ocrx_word' id='word_1_890' title='bbox 2711 4656 2852 4723; x_wconf 91' lang='lat' dir='ltr'><strong>quod</strong></span> <span class='ocrx_word' id='word_1_891' title='bbox 2878 4672 3031 4709; x_wconf 91' lang='lat' dir='ltr'><strong>suum</strong></span> <span class='ocrx_word' id='word_1_892' title='bbox 3061 4665 3143 4710; x_wconf 86' lang='lat' dir='ltr'><strong>est</strong></span> <span class='ocrx_word' id='word_1_893' title='bbox 3170 4671 3184 4708; x_wconf 89' lang='lat'><strong>:</strong></span> <span class='ocrx_word' id='word_1_894' title='bbox 3214 4656 3356 4709; x_wconf 90' lang='lat' dir='ltr'><strong>Deus</strong></span> <span class='ocrx_word' id='word_1_895' title='bbox 3381 4667 3558 4711; x_wconf 89' lang='lat' dir='ltr'><strong>autem</strong></span> <span class='ocrx_word' id='word_1_896' title='bbox 3586 4657 3726 4725; x_wconf 89' lang='lat' dir='ltr'><strong>quod</strong></span> <span class='ocrx_word' id='word_1_897' title='bbox 3754 4667 3841 4712; x_wconf 74' lang='lat' dir='ltr'><strong>est</strong></span> 
     </span>
    </p>
   </div>
   <div class='ocr_carea' id='block_1_108' title="bbox 2260 4744 3836 4813">
    <p class='ocr_par' dir='ltr' id='par_1_108' title="bbox 2260 4744 3836 4813">
     <span class='ocr_line' id='line_1_109' title="bbox 2260 4744 3836 4813; baseline 0.001 -15"><span class='ocrx_word' id='word_1_898' title='bbox 2260 4755 2428 4798; x_wconf 91' lang='lat' dir='ltr'><strong>tuum.</strong></span> <span class='ocrx_word' id='word_1_899' title='bbox 2457 4744 2811 4811; x_wconf 85' lang='lat' dir='ltr'><strong>Quamobrem</strong></span> <span class='ocrx_word' id='word_1_900' title='bbox 2843 4745 2925 4798; x_wconf 88' lang='lat' dir='ltr'><strong>vel</strong></span> <span class='ocrx_word' id='word_1_901' title='bbox 2956 4745 3056 4798; x_wconf 87' lang='lat' dir='ltr'><strong>hoc</strong></span> <span class='ocrx_word' id='word_1_902' title='bbox 3084 4745 3298 4799; x_wconf 91' lang='lat' dir='ltr'><strong>nomine</strong></span> <span class='ocrx_word' id='word_1_903' title='bbox 3321 4745 3518 4813; x_wconf 90' lang='lat' dir='ltr'><strong>justius</strong></span> <span class='ocrx_word' id='word_1_904' title='bbox 3554 4747 3836 4800; x_wconf 85' lang='lat' dir='ltr'><strong>irascatur.</strong></span> 
     </span>
    </p>
   </div>
   <div class='ocr_carea' id='block_1_109' title="bbox 2257 4834 3842 4905">
    <p class='ocr_par' dir='ltr' id='par_1_109' title="bbox 2257 4834 3842 4905">
     <span class='ocr_line' id='line_1_110' title="bbox 2257 4834 3842 4905; baseline 0 -16"><span class='ocrx_word' id='word_1_905' title='bbox 2257 4834 2370 4889; x_wconf 85' lang='lat' dir='ltr'><strong>Non</strong></span> <span class='ocrx_word' id='word_1_906' title='bbox 2398 4843 2481 4889; x_wconf 91' lang='lat' dir='ltr'><strong>est</strong></span> <span class='ocrx_word' id='word_1_907' title='bbox 2509 4835 2649 4888; x_wconf 90' lang='lat' dir='ltr'><strong>enim</strong></span> <span class='ocrx_word' id='word_1_908' title='bbox 2680 4836 2883 4904; x_wconf 65' lang='lat' dir='ltr'><strong>aequale</strong></span> <span class='ocrx_word' id='word_1_909' title='bbox 2902 4874 2916 4897; x_wconf 96' lang='lat'><strong>,</strong></span> <span class='ocrx_word' id='word_1_910' title='bbox 2946 4850 3040 4889; x_wconf 87' lang='lat' dir='ltr'><strong>eos</strong></span> <span class='ocrx_word' id='word_1_911' title='bbox 3067 4842 3413 4889; x_wconf 85' lang='lat' dir='ltr'><strong>contemnere</strong></span> <span class='ocrx_word' id='word_1_912' title='bbox 3437 4837 3528 4904; x_wconf 89' lang='lat' dir='ltr'><strong>qui</strong></span> <span class='ocrx_word' id='word_1_913' title='bbox 3568 4851 3663 4888; x_wconf 84' lang='lat' dir='ltr'><strong>sua</strong></span> <span class='ocrx_word' id='word_1_914' title='bbox 3694 4854 3842 4905; x_wconf 71' lang='lat' dir='ltr'><strong>qum-</strong></span> 
     </span>
    </p>
   </div>
   <div class='ocr_carea' id='block_1_110' title="bbox 2257 4927 3840 4996">
    <p class='ocr_par' dir='ltr' id='par_1_110' title="bbox 2257 4927 3840 4996">
     <span class='ocr_line' id='line_1_111' title="bbox 2257 4927 3840 4996; baseline 0.001 -15"><span class='ocrx_word' id='word_1_915' title='bbox 2257 4938 2410 4993; x_wconf 85' lang='lat' dir='ltr'><strong>ruut,</strong></span> <span class='ocrx_word' id='word_1_916' title='bbox 2442 4936 2641 4981; x_wconf 87' lang='lat' dir='ltr'><strong>etcum</strong></span> <span class='ocrx_word' id='word_1_917' title='bbox 2681 4927 2770 4995; x_wconf 88' lang='lat' dir='ltr'><strong>qui</strong></span> <span class='ocrx_word' id='word_1_918' title='bbox 2795 4942 2911 4996; x_wconf 70' lang='lat' dir='ltr'><strong>qua:</strong></span> <span class='ocrx_word' id='word_1_919' title='bbox 2939 4936 3045 4980; x_wconf 87' lang='lat' dir='ltr'><strong>tua.</strong></span> <span class='ocrx_word' id='word_1_920' title='bbox 3094 4927 3205 4981; x_wconf 89' lang='lat' dir='ltr'><strong>lloc</strong></span> <span class='ocrx_word' id='word_1_921' title='bbox 3245 4928 3502 4996; x_wconf 82' lang='lat' dir='ltr'><strong>majorem</strong></span> <span class='ocrx_word' id='word_1_922' title='bbox 3532 4931 3674 4982; x_wconf 88' lang='lat' dir='ltr'><strong>enim</strong></span> <span class='ocrx_word' id='word_1_923' title='bbox 3705 4931 3840 4982; x_wconf 84' lang='lat' dir='ltr'><strong>iram</strong></span> 
     </span>
    </p>
   </div>
   <div class='ocr_carea' id='block_1_111' title="bbox 2282 5068 3840 5154">
    <p class='ocr_par' dir='ltr' id='par_1_111' title="bbox 2282 5068 3840 5154">
     <span class='ocr_line' id='line_1_112' title="bbox 2282 5068 3840 5154; baseline 0.001 -12"><span class='ocrx_word' id='word_1_924' title='bbox 2282 5088 2285 5091; x_wconf 79' lang='grc'><em>’</em></span> <span class='ocrx_word' id='word_1_925' title='bbox 2320 5096 2336 5128; x_wconf 79' lang='grc' dir='ltr'><strong><em>ι</em></strong></span> <span class='ocrx_word' id='word_1_926' title='bbox 2376 5103 2427 5143; x_wconf 89' lang='lat' dir='ltr'><strong>In</strong></span> <span class='ocrx_word' id='word_1_927' title='bbox 2462 5095 2692 5144; x_wconf 84' lang='lat' dir='ltr'><strong>Hebraico</strong></span> <span class='ocrx_word' id='word_1_928' title='bbox 2723 5097 2854 5142; x_wconf 89' lang='lat' dir='ltr'><strong>totus</strong></span> <span class='ocrx_word' id='word_1_929' title='bbox 2901 5095 3037 5143; x_wconf 91' lang='lat' dir='ltr'><strong>locus</strong></span> <span class='ocrx_word' id='word_1_930' title='bbox 3084 5095 3150 5143; x_wconf 81' lang='lat' dir='ltr'><strong>ita</strong></span> <span class='ocrx_word' id='word_1_931' title='bbox 3205 5094 3407 5154; x_wconf 79' lang='lat' dir='ltr'><strong>legitur,</strong></span> <span class='ocrx_word' id='word_1_932' title='bbox 3444 5068 3684 5154; x_wconf 56' lang='grc' dir='ltr'><strong>ωτι)δέ</strong></span> <span class='ocrx_word' id='word_1_933' title='bbox 3707 5089 3840 5144; x_wconf 68' lang='grc' dir='ltr'><strong>ῠῖτ.</strong></span> 
     </span>
    </p>
   </div>
   <div class='ocr_carea' id='block_1_112' title="bbox 2255 5152 3845 5220">
    <p class='ocr_par' dir='ltr' id='par_1_112' title="bbox 2255 5152 3845 5220">
     <span class='ocr_line' id='line_1_113' title="bbox 2255 5152 3845 5220; baseline 0 -14"><span class='ocrx_word' id='word_1_934' title='bbox 2255 5157 2461 5220; x_wconf 85' lang='lat' dir='ltr'><strong>fremens</strong></span> <span class='ocrx_word' id='word_1_935' title='bbox 2484 5165 2567 5220; x_wconf 83' lang='lat' dir='ltr'><strong>aut</strong></span> <span class='ocrx_word' id='word_1_936' title='bbox 2588 5155 2842 5220; x_wconf 77' lang='lat' dir='ltr'><strong>indignans</strong></span> <span class='ocrx_word' id='word_1_937' title='bbox 2866 5168 2951 5220; x_wconf 72' lang='lat' dir='ltr'><strong>per</strong></span> <span class='ocrx_word' id='word_1_938' title='bbox 2973 5168 3159 5220; x_wconf 83' lang='lat' dir='ltr'><strong>omnem</strong></span> <span class='ocrx_word' id='word_1_939' title='bbox 3181 5152 3398 5220; x_wconf 81' lang='lat' dir='ltr'><strong>diem._tn</strong></span> <span class='ocrx_word' id='word_1_940' title='bbox 3417 5152 3578 5220; x_wconf 77' lang='lat' dir='ltr'><strong>Biblijs</strong></span> <span class='ocrx_word' id='word_1_941' title='bbox 3594 5170 3612 5201; x_wconf 60' lang='grc' dir='ltr'><strong><em>κ</em></strong></span> <span class='ocrx_word' id='word_1_942' title='bbox 3626 5168 3713 5203; x_wconf 84' lang='lat' dir='ltr'><strong>ero</strong></span> <span class='ocrx_word' id='word_1_943' title='bbox 3730 5169 3845 5216; x_wconf 83' lang='lat' dir='ltr'><strong>qme</strong></span> 
     </span>
    </p>
   </div>
   <div class='ocr_carea' id='block_1_113' title="bbox 2256 5215 3845 5279">
    <p class='ocr_par' dir='ltr' id='par_1_113' title="bbox 2256 5215 3845 5279">
     <span class='ocr_line' id='line_1_114' title="bbox 2256 5215 3845 5279; baseline -0.001 -13"><span class='ocrx_word' id='word_1_944' title='bbox 2256 5215 2465 5279; x_wconf 79' lang='lat' dir='ltr'><strong>notaset</strong></span> <span class='ocrx_word' id='word_1_945' title='bbox 2490 5215 2726 5266; x_wconf 66' lang='lat' dir='ltr'><strong>lectiones</strong></span> <span class='ocrx_word' id='word_1_946' title='bbox 2748 5215 3065 5279; x_wconf 79' lang='lat' dir='ltr'><strong>tlexaplorum</strong></span> <span class='ocrx_word' id='word_1_947' title='bbox 3110 5219 3159 5265; x_wconf 88' lang='lat' dir='ltr'><strong>in</strong></span> <span class='ocrx_word' id='word_1_948' title='bbox 3196 5217 3417 5274; x_wconf 74' lang='lat' dir='ltr'><strong>margine</strong></span> <span class='ocrx_word' id='word_1_949' title='bbox 3456 5215 3845 5279; x_wconf 75' lang='lat' dir='ltr'><strong>ret&#39;erunt,Cum</strong></span> 
     </span>
    </p>
   </div>
   <div class='ocr_carea' id='block_1_114' title="bbox 2256 5276 3845 5330">
    <p class='ocr_par' dir='ltr' id='par_1_114' title="bbox 2256 5276 3845 5330">
     <span class='ocr_line' id='line_1_115' title="bbox 2256 5276 3845 5330; baseline -0.001 -2"><span class='ocrx_word' id='word_1_950' title='bbox 2256 5280 2364 5328; x_wconf 90' lang='lat' dir='ltr'><strong>aliis</strong></span> <span class='ocrx_word' id='word_1_951' title='bbox 2403 5278 2689 5327; x_wconf 85' lang='lat' dir='ltr'><strong>lectionibus</strong></span> <span class='ocrx_word' id='word_1_952' title='bbox 2722 5276 3133 5330; x_wconf 75' lang='lat' dir='ltr'><strong>etiam&#39;uebraica</strong></span> <span class='ocrx_word' id='word_1_953' title='bbox 3174 5279 3325 5327; x_wconf 86' lang='lat' dir='ltr'><strong>verba</strong></span> <span class='ocrx_word' id='word_1_954' title='bbox 3366 5277 3541 5326; x_wconf 65' lang='lat' dir='ltr'><strong>Crtecis</strong></span> <span class='ocrx_word' id='word_1_955' title='bbox 3574 5276 3735 5326; x_wconf 82' lang='lat' dir='ltr'><strong>literis</strong></span> <span class='ocrx_word' id='word_1_956' title='bbox 3754 5279 3845 5326; x_wconf 83' lang='lat' dir='ltr'><strong>de-</strong></span> 
     </span>
    </p>
   </div>
   <div class='ocr_carea' id='block_1_115' title="bbox 2256 5337 3847 5402">
    <p class='ocr_par' dir='ltr' id='par_1_115' title="bbox 2256 5337 3847 5402">
     <span class='ocr_line' id='line_1_116' title="bbox 2256 5337 3847 5402; baseline -0.003 -12"><span class='ocrx_word' id='word_1_957' title='bbox 2256 5342 2433 5402; x_wconf 85' lang='lat' dir='ltr'><strong>scripta</strong></span> <span class='ocrx_word' id='word_1_958' title='bbox 2454 5340 2747 5388; x_wconf 85' lang='lat' dir='ltr'><strong>referuntur.</strong></span> <span class='ocrx_word' id='word_1_959' title='bbox 2769 5347 2818 5387; x_wconf 89' lang='lat' dir='ltr'><strong>tn</strong></span> <span class='ocrx_word' id='word_1_960' title='bbox 2839 5337 3115 5392; x_wconf 82' lang='lat' dir='ltr'><strong>Colbertino</strong></span> <span class='ocrx_word' id='word_1_961' title='bbox 3136 5346 3302 5388; x_wconf 84' lang='lat' dir='ltr'><strong>autem</strong></span> <span class='ocrx_word' id='word_1_962' title='bbox 3322 5339 3550 5400; x_wconf 80' lang='lat' dir='ltr'><strong>quopiam</strong></span> <span class='ocrx_word' id='word_1_963' title='bbox 3566 5338 3743 5387; x_wconf 84' lang='lat' dir='ltr'><strong>Codice</strong></span> <span class='ocrx_word' id='word_1_964' title='bbox 3768 5338 3847 5387; x_wconf 91' lang='lat' dir='ltr'><strong>hic</strong></span> 
     </span>
    </p>
   </div>
   <div class='ocr_carea' id='block_1_116' title="bbox 2258 5402 3847 5472">
    <p class='ocr_par' dir='ltr' id='par_1_116' title="bbox 2258 5402 3847 5472">
     <span class='ocr_line' id='line_1_117' title="bbox 2258 5402 3847 5472; baseline -0.004 -13"><span class='ocrx_word' id='word_1_965' title='bbox 2258 5411 2307 5472; x_wconf 90' lang='lat' dir='ltr'><strong>in</strong></span> <span class='ocrx_word' id='word_1_966' title='bbox 2331 5410 2548 5471; x_wconf 78' lang='lat' dir='ltr'><strong>margine</strong></span> <span class='ocrx_word' id='word_1_967' title='bbox 2566 5408 2747 5471; x_wconf 76' lang='lat' dir='ltr'><strong>legitur</strong></span> <span class='ocrx_word' id='word_1_968' title='bbox 2770 5413 2921 5470; x_wconf 68' lang='grc' dir='ltr'><strong>ἑδραῖος</strong></span> <span class='ocrx_word' id='word_1_969' title='bbox 2936 5450 2947 5467; x_wconf 87' lang='grc'><strong>,</strong></span> <span class='ocrx_word' id='word_1_970' title='bbox 2970 5421 3113 5470; x_wconf 59' lang='grc' dir='ltr'><strong>ζωαί,</strong></span> <span class='ocrx_word' id='word_1_971' title='bbox 3137 5422 3233 5472; x_wconf 88' lang='lat' dir='ltr'><strong>qua</strong></span> <span class='ocrx_word' id='word_1_972' title='bbox 3264 5420 3387 5457; x_wconf 70' lang='lat' dir='ltr'><strong>voce</strong></span> <span class='ocrx_word' id='word_1_973' title='bbox 3412 5407 3705 5472; x_wconf 74' lang='lat' dir='ltr'><strong>exprimitur</strong></span> <span class='ocrx_word' id='word_1_974' title='bbox 3732 5402 3847 5457; x_wconf 61' lang='lat' dir='ltr'><strong>DY?</strong></span> 
     </span>
    </p>
   </div>
   <div class='ocr_carea' id='block_1_117' title="bbox 2257 5466 3848 5532">
    <p class='ocr_par' dir='ltr' id='par_1_117' title="bbox 2257 5466 3848 5532">
     <span class='ocr_line' id='line_1_118' title="bbox 2257 5466 3848 5532; baseline -0.001 -12"><span class='ocrx_word' id='word_1_975' title='bbox 2257 5471 2373 5520; x_wconf 89' lang='lat' dir='ltr'><strong>illud</strong></span> <span class='ocrx_word' id='word_1_976' title='bbox 2410 5466 2705 5519; x_wconf 64' lang='lat' dir='ltr'><strong>Hebraicum.</strong></span> <span class='ocrx_word' id='word_1_977' title='bbox 2728 5466 3268 5532; x_wconf 58' lang='lat' dir='ltr'><strong>Chrvsostonms&#39;v&#39;ero,</strong></span> <span class='ocrx_word' id='word_1_978' title='bbox 3308 5475 3393 5517; x_wconf 87' lang='lat' dir='ltr'><strong>aut</strong></span> <span class='ocrx_word' id='word_1_979' title='bbox 3437 5466 3671 5517; x_wconf 73' lang='lat' dir='ltr'><strong>librarius</strong></span> <span class='ocrx_word' id='word_1_980' title='bbox 3714 5472 3848 5530; x_wconf 81' lang='lat' dir='ltr'><strong>quis-</strong></span> 
     </span>
    </p>
   </div>
   <div class='ocr_carea' id='block_1_118' title="bbox 2258 5532 3849 5599">
    <p class='ocr_par' dir='ltr' id='par_1_118' title="bbox 2258 5532 3849 5599">
     <span class='ocr_line' id='line_1_119' title="bbox 2258 5532 3849 5599; baseline -0.002 -18"><span class='ocrx_word' id='word_1_981' title='bbox 2258 5534 2382 5595; x_wconf 88' lang='lat' dir='ltr'><strong>piam</strong></span> <span class='ocrx_word' id='word_1_982' title='bbox 2428 5534 2744 5599; x_wconf 74' lang='lat' dir='ltr'><strong>existimavit,</strong></span> <span class='ocrx_word' id='word_1_983' title='bbox 2790 5532 2908 5582; x_wconf 90' lang='lat' dir='ltr'><strong>illud</strong></span> <span class='ocrx_word' id='word_1_984' title='bbox 2951 5544 3071 5593; x_wconf 68' lang='grc' dir='ltr'>ζωνιι</span> <span class='ocrx_word' id='word_1_985' title='bbox 3116 5545 3228 5599; x_wconf 75' lang='lat' dir='ltr'><strong>esse</strong></span> <span class='ocrx_word' id='word_1_986' title='bbox 3275 5542 3447 5599; x_wconf 74' lang='lat' dir='ltr'><strong>vocem</strong></span> <span class='ocrx_word' id='word_1_987' title='bbox 3476 5537 3849 5599; x_wconf 40' lang='lat' dir='ltr'><strong>Graecamtqa</strong></span> 
     </span>
    </p>
   </div>
   <div class='ocr_carea' id='block_1_119' title="bbox 2258 5592 3848 5657">
    <p class='ocr_par' dir='ltr' id='par_1_119' title="bbox 2258 5592 3848 5657">
     <span class='ocr_line' id='line_1_120' title="bbox 2258 5592 3848 5657; baseline -0.001 -16"><span class='ocrx_word' id='word_1_988' title='bbox 2258 5592 2528 5656; x_wconf 75' lang='lat' dir='ltr'><strong>puteusque</strong></span> <span class='ocrx_word' id='word_1_989' title='bbox 2550 5595 2600 5642; x_wconf 89' lang='lat' dir='ltr'><strong>in</strong></span> <span class='ocrx_word' id='word_1_990' title='bbox 2622 5594 2823 5642; x_wconf 72' lang='lat' dir='ltr'><strong>Hebraeo</strong></span> <span class='ocrx_word' id='word_1_991' title='bbox 2842 5607 2927 5655; x_wconf 89' lang='lat' dir='ltr'><strong>pro</strong></span> <span class='ocrx_word' id='word_1_992' title='bbox 2950 5592 3105 5657; x_wconf 55' lang='grc' dir='ltr'><strong>ἡμιμςν,</strong></span> <span class='ocrx_word' id='word_1_993' title='bbox 3127 5592 3283 5651; x_wconf 82' lang='lat' dir='ltr'><strong>diem,</strong></span> <span class='ocrx_word' id='word_1_994' title='bbox 3311 5592 3656 5657; x_wconf 51' lang='lat' dir='ltr'><strong>exprimimus,</strong></span> <span class='ocrx_word' id='word_1_995' title='bbox 3679 5592 3848 5657; x_wconf 55' lang='lat' dir='ltr'><strong>titan},</strong></span> 
     </span>
    </p>
   </div>
   <div class='ocr_carea' id='block_1_120' title="bbox 2256 5652 3847 5720">
    <p class='ocr_par' dir='ltr' id='par_1_120' title="bbox 2256 5652 3847 5720">
     <span class='ocr_line' id='line_1_121' title="bbox 2256 5652 3847 5720; baseline -0.002 -15"><span class='ocrx_word' id='word_1_996' title='bbox 2256 5652 2322 5705; x_wconf 84' lang='lat' dir='ltr'><strong>ita</strong></span> <span class='ocrx_word' id='word_1_997' title='bbox 2347 5652 2530 5716; x_wconf 66' lang='lat' dir='ltr'><strong>posuit,</strong></span> <span class='ocrx_word' id='word_1_998' title='bbox 2554 5666 2575 5705; x_wconf 82' lang='grc' dir='ltr'><strong>ό</strong></span> <span class='ocrx_word' id='word_1_999' title='bbox 2598 5663 2640 5705; x_wconf 74' lang='lat' dir='ltr'><strong>st</strong></span> <span class='ocrx_word' id='word_1_1000' title='bbox 2661 5658 2813 5715; x_wconf 62' lang='lat' dir='ltr'><strong>iiSpniag</strong></span> <span class='ocrx_word' id='word_1_1001' title='bbox 2836 5652 2930 5720; x_wconf 51' lang='grc' dir='ltr'><strong>ἐρξτά</strong></span> <span class='ocrx_word' id='word_1_1002' title='bbox 2949 5652 3068 5705; x_wconf 45' lang='lat' dir='ltr'><strong>an.</strong></span> <span class='ocrx_word' id='word_1_1003' title='bbox 3091 5666 3224 5720; x_wconf 40' lang='lat' dir='ltr'><strong>(Vlix:</strong></span> <span class='ocrx_word' id='word_1_1004' title='bbox 3250 5652 3480 5720; x_wconf 55' lang='lat' dir='ltr'><strong>[retinens</strong></span> <span class='ocrx_word' id='word_1_1005' title='bbox 3501 5654 3611 5701; x_wconf 84' lang='lat' dir='ltr'><strong>sive</strong></span> <span class='ocrx_word' id='word_1_1006' title='bbox 3638 5652 3847 5720; x_wconf 70' lang='lat' dir='ltr'><strong>[learni-</strong></span> 
     </span>
    </p>
   </div>
   <div class='ocr_carea' id='block_1_121' title="bbox 2257 5715 3845 5779">
    <p class='ocr_par' dir='ltr' id='par_1_121' title="bbox 2257 5715 3845 5779">
     <span class='ocr_line' id='line_1_122' title="bbox 2257 5715 3845 5779; baseline 0 -14"><span class='ocrx_word' id='word_1_1007' title='bbox 2257 5730 2342 5765; x_wconf 84' lang='lat' dir='ltr'><strong>cus</strong></span> <span class='ocrx_word' id='word_1_1008' title='bbox 2362 5725 2537 5779; x_wconf 73' lang='lat' dir='ltr'><strong>textus,</strong></span> <span class='ocrx_word' id='word_1_1009' title='bbox 2562 5727 2648 5776; x_wconf 84' lang='lat' dir='ltr'><strong>per</strong></span> <span class='ocrx_word' id='word_1_1010' title='bbox 2670 5716 2997 5779; x_wconf 76' lang='lat' dir='ltr'><strong>totamvitam.</strong></span> <span class='ocrx_word' id='word_1_1011' title='bbox 3020 5724 3114 5779; x_wconf 71' lang='lat' dir='ltr'><strong>Nec</strong></span> <span class='ocrx_word' id='word_1_1012' title='bbox 3134 5715 3332 5765; x_wconf 87' lang='lat' dir='ltr'><strong>aliunde</strong></span> <span class='ocrx_word' id='word_1_1013' title='bbox 3350 5726 3580 5779; x_wconf 72' lang='lat' dir='ltr'><strong>errorem</strong></span> <span class='ocrx_word' id='word_1_1014' title='bbox 3614 5716 3731 5761; x_wconf 77' lang='lat' dir='ltr'><strong>oriri</strong></span> <span class='ocrx_word' id='word_1_1015' title='bbox 3761 5728 3845 5779; x_wconf 69' lang='lat' dir='ltr'><strong>po-</strong></span> 
     </span>
    </p>
   </div>
   <div class='ocr_carea' id='block_1_122' title="bbox 2258 5774 3717 5845">
    <p class='ocr_par' dir='ltr' id='par_1_122' title="bbox 2258 5774 3717 5845">
     <span class='ocr_line' id='line_1_123' title="bbox 2258 5774 3717 5845; baseline -0.003 -18"><span class='ocrx_word' id='word_1_1016' title='bbox 2258 5780 2411 5845; x_wconf 66' lang='lat' dir='ltr'><strong>tuisse</strong></span> <span class='ocrx_word' id='word_1_1017' title='bbox 2432 5774 2638 5845; x_wconf 77' lang='lat' dir='ltr'><strong>videtur.</strong></span> <span class='ocrx_word' id='word_1_1018' title='bbox 2664 5777 2864 5845; x_wconf 83' lang='lat' dir='ltr'><strong>Consule</strong></span> <span class='ocrx_word' id='word_1_1019' title='bbox 2889 5778 3103 5845; x_wconf 56' lang='lat' dir='ltr'><strong>Hegapla</strong></span> <span class='ocrx_word' id='word_1_1020' title='bbox 3118 5787 3282 5845; x_wconf 77' lang='lat' dir='ltr'><strong>nostra</strong></span> <span class='ocrx_word' id='word_1_1021' title='bbox 3305 5774 3364 5843; x_wconf 80' lang='lat' dir='ltr'><strong>ad</strong></span> <span class='ocrx_word' id='word_1_1022' title='bbox 3385 5775 3515 5823; x_wconf 85' lang='lat' dir='ltr'><strong>hunc</strong></span> <span class='ocrx_word' id='word_1_1023' title='bbox 3536 5774 3717 5845; x_wconf 66' lang='lat' dir='ltr'><strong>locutu.</strong></span> 
     </span>
    </p>
   </div>
   <div class='ocr_carea' id='block_1_123' title="bbox 2324 5835 3563 5901">
    <p class='ocr_par' dir='ltr' id='par_1_123' title="bbox 2324 5835 3563 5901">
     <span class='ocr_line' id='line_1_124' title="bbox 2324 5835 3563 5901; baseline -0.002 -13"><span class='ocrx_word' id='word_1_1024' title='bbox 2324 5842 2342 5871; x_wconf 70' lang='grc' dir='ltr'>ί</span> <span class='ocrx_word' id='word_1_1025' title='bbox 2361 5845 2493 5901; x_wconf 53' lang='lat' dir='ltr'><strong>Reg.</strong></span> <span class='ocrx_word' id='word_1_1026' title='bbox 2523 5844 2579 5892; x_wconf 70' lang='lat' dir='ltr'><strong>at</strong></span> <span class='ocrx_word' id='word_1_1027' title='bbox 2599 5841 2831 5901; x_wconf 66' lang='lat' dir='ltr'><strong>quoniam</strong></span> <span class='ocrx_word' id='word_1_1028' title='bbox 2851 5835 3064 5900; x_wconf 80' lang='lat' dir='ltr'><strong>quotidie</strong></span> <span class='ocrx_word' id='word_1_1029' title='bbox 3086 5838 3178 5891; x_wconf 65' lang='lat' dir='ltr'><strong>ira</strong></span> <span class='ocrx_word' id='word_1_1030' title='bbox 3199 5837 3336 5900; x_wconf 83' lang='lat' dir='ltr'><strong>digni</strong></span> <span class='ocrx_word' id='word_1_1031' title='bbox 3358 5835 3563 5887; x_wconf 68' lang='lat' dir='ltr'><strong>manus?</strong></span> 
     </span>
    </p>
   </div>
  </div>
