4074 6356
245 433 333 492 εδ

255 553 350 607 τὰ
374 547 707 616 διαδήματὰ
728 559 868 615 μου,
890 539 980 594 ὅτι
1006 537 1280 603 ἐζήλωσα
1303 534 1400 588 ἐπὶ
1420 533 1544 599 τοῖς
1574 533 1842 600 ἀνόμοις.

261 643 468 705 Ἄλλος
497 641 554 692 δὲ
585 637 771 692 πάλιν·
826 635 887 690 Τί
923 633 1012 686 ὅτι
1044 630 1184 696 ὁδὸς
1209 628 1447 684 ἀσεϐῶν
1491 625 1846 685 εὐοδοῦται;

255 732 382 786 Καὶ
405 733 435 784 6
473 729 594 783 Ἰὼϐ
631 727 688 781 δέ
707 725 876 781 πολλά
907 721 1128 777 τοιαῦτα
1154 721 1355 793 ἐζήτει.
1400 717 1561 772 Ἀλλὰ
1587 716 1706 770 τότε
1749 713 1848 784 μὲν

258 823 627 892 ἀτελέσι-ερον
652 818 1000 888 διακείμενοι,
1033 812 1211 868 ταῦτα
1253 811 1490 880 ἐφασκον
1528 810 1577 862 οἰ
1618 808 1852 877 φάσκον-

261 936 391 981 τες,
425 915 520 971 καὶ
557 915 780 983 ἐζήτουν
799 912 850 963 οἱ
884 907 1190 979 ζητοῦντες·
1227 903 1324 958 νῦν
1351 903 1407 956 δὲ
1437 902 1692 972 οὐδεμιᾶς
1718 914 1851 966 συγ-

260 1010 502 1081 γνώμης
552 1005 702 1071 ἄξιος
752 1004 781 1056 6
818 1001 1028 1063 τούτοις
1078 997 1493 1070 θορυϐούμενος,
1552 996 1583 1047 6
1615 992 1852 1047 τοσαῦτα

259 1100 584 1172 φιλοσοφεῖν
642 1094 846 1166 μαθὼν,
879 1092 974 1146 καὶ
1001 1091 1129 1161 περὶ
1171 1090 1279 1142 τῶν
1309 1087 1606 1160 μελλόντων
1627 1083 1855 1138 τοιαῦτα

263 1197 522 1265 δόγματα
539 1190 848 1260 δεξάμενος,
869 1188 963 1240 καὶ
986 1186 1076 1238 τὸν
1102 1203 1169 1237 πε
1179 1185 1230 1255 pl
1253 1183 1476 1252 γεέννης
1495 1179 1698 1235 καὶτὸν
1727 1195 1792 1232 πε
1803 1177 1856 1248 pl

271 1283 556 1357 βασιλείας
589 1281 918 1349 σαφέστερον
937 1275 1203 1346 διδαχθεὶς
1219 1274 1396 1342 λόγον,
1425 1272 1520 1324 καὶ
1547 1270 1628 1323 ὅτι
1651 1268 1720 1321 τὰ
1737 1269 1855 1321 κατ’

270 1377 439 1442 ἀξίαν
494 1376 721 1435 ἕκαστος
761 1371 876 1424 ἐκεῖ
909 1367 1266 1438 ἀπολήψεται.
1330 1363 1573 1424 Ἐτάζων
1613 1360 1860 1428 καρδίας

270 1466 380 1521 καί
419 1462 676 1532 νεφροὺς
713 1464 746 1514 ό
774 1461 918 1525 Θεὸς
938 1457 1267 1522 qumo}!
1281 1453 1534 1519 ,ϐοήθειά
1552 1470 1668 1522 μου
1700 1449 1860 1519 παρὰ

270 1556 389 1610 τοῦ
424 1555 568 1608 Θεοῦ
603 1553 708 1606 τοῦ
760 1548 1053 1616 σώζοντος
1083 1548 1226 1614 τοὺς
1275 1545 1470 1610 εὐθεῖς
1507 1543 1582 1612 τῇ
1625 1542 1857 1610 καρδίᾳ..

278 1648 498 1710 Ἄλλος,
541 1648 604 1699 '0
630 1643 889 1710 ἐταστὴς
917 1640 1174 1710 καρδιῶν
1225 1640 1321 1694 καὶ
1357 1637 1592 1707 νεφρῶν
1647 1639 1679 1690 ό
1719 1634 1863 1699 Θεὸς

275 1740 531 1804 δίκαιος,
551 1743 583 1792 ό
606 1733 1064 1805 ὑπερασπιστὴς
1080 1751 1218 1802 μου.
1254 1733 1363 1786 Kal
1390 1730 1598 1801 ἐτερος,
1638 1727 1691 1780 '0
1719 1726 1862 1791 Θεὸς

274 1831 531 1895 δίκαιος.
576 1831 639 1881 Οἱ
690 1827 1091 1898 Ἐϐδομήκοντα
1125 1837 1151 1866 α
1185 1823 1241 1877 δὲ
1287 1821 1458 1885 οὓτως
1493 1816 1665 1882 εἶπον,
1705 1815 1862 1871 Ἐτά-

279 1921 395 1982 (cur
425 1921 671 1988 καρδίας
693 1921 792 1973 καί
842 1918 1104 1988 νεφροὺς
1152 1920 1186 1971 ό
1229 1915 1392 1981 Θεός.
1423 1913 1628 1967 Δικαία
1653 1913 1690 1980 ἡ
1721 1907 1865 1975 ,ϐοή-

279 2012 413 2068 θειά
452 2031 572 2082 μου
592 2011 751 2081 παρὰ
798 2011 905 2064 τοῦ
947 2010 1116 2064 Θεοῦ.
1148 2002 1314 2062 Εἶπεν
1345 2007 1424 2060 ὅτι
1454 2007 1628 2074 κρινεῖ
1659 2003 1754 2072 τὴν
1788 2004 1866 2056 οἰ-

283 2104 581 2174 κουμένην,
604 2102 754 2170 λέγει
775 2101 960 2155 λοιπὸν
987 2101 1082 2154 καὶ
1113 2099 1228 2164 πῶς
1259 2100 1452 2170 κρινεῖ.
1485 2092 1650 2148 Εἶπεν
1694 2096 1775 2146 ὅτι
1803 2093 1864 2147 οὐ

287 2197 582 2266 μαρτύρων
613 2195 884 2263 δεόμενος,
917 2193 1016 2245 οὐκ
1065 2191 1326 2261 ἐλέγχων,
1372 2190 1473 2244 ούκ
1519 2187 1864 2252 ἀποδείξεων,

284 2291 350 2342 ού
375 2287 792 2359 γραμματείων,
836 2286 935 2338 οὐκ
984 2285 1144 2340 ἄλλου
1180 2283 1287 2336 τῶν
1333 2282 1587 2336 τοιούτων
1634 2279 1865 2342 οὐδενός·

286 2382 450 2442 αὐτὸς
485 2381 596 2450 γάρ
622 2380 767 2431 ἐστιν
794 2377 822 2430 6
845 2377 911 2429 τά
927 2377 1214 2447 ἀπόρρητα
1235 2374 1615 2444 ἐπιστάμενος.
1638 2373 1728 2440 Μὴ
1761 2371 1871 2424 τοί-

288 2490 384 2524 νυν
422 2471 632 2538 λεγέτω
683 2486 767 2531 τις
811 2467 920 2521 τῶν
967 2469 1230 2538 ἀνοήτων·
1256 2467 1365 2522 Καὶ
1415 2465 1530 2529 πῶς
1567 2466 1743 2535 κρινεῖ
1781 2463 1871 2517 τὸν

290 2564 495 2633 κόσμον
521 2561 775 2615 τοσοῦτον
804 2561 965 2626 δντα;
1001 2561 1058 2612 Ὁ
1074 2559 1181 2631 γὰρ
1205 2561 1436 2632 ποιήσας
1455 2559 1554 2612 οὐκ
1587 2559 1734 2622 ὄντα,
1780 2557 1872 2610 καὶ

290 2653 585 2724 γενόμενον
615 2654 814 2723 κρινεῖ.
844 2651 1092 2722 Νεφροὺς
1125 2649 1181 2702 δὲ
1223 2650 1455 2704 ἐνταῦθα
1480 2649 1548 2702 τὰ
1586 2649 1873 2720 ἀπόρρητα

290 2749 392 2817 τῆς
417 2745 656 2807 διανοίας
689 2744 859 2812 λέγει,
907 2743 976 2796 τὰ
1004 2743 1282 2804 ἐνδότατα,
1314 2742 1384 2796 τὰ
1427 2740 1720 2812 βαθύτατα,
1767 2740 1874 2794 ἀπὸ

292 2839 392 2910 τῆς
418 2838 622 2901 θέσεως
649 2837 744 2891 τοῦ
783 2837 970 2908 μορίου
999 2836 1366 2906 αἰνιξάμενος.

367 2940 420 2986 ι’.
440 2933 506 2985 Τί
522 2935 689 2994 ἐστιν,
721 2929 1004 2993 Ἐτάζωνς
1037 2929 1214 2998 Ὅπερ
1233 2928 1261 2978 6
1281 2926 1436 2990 ἄλλος
1462 2923 1602 2990 εἰπε,
1627 2923 1875 2994 Δοκιμά-

295 3020 425 3084 ζων.
474 3022 538 3074 Εἰ
569 3021 626 3074 δέ
654 3019 744 3074 καὶ
763 3018 1098 3088 ἀνθρώπιναι
1121 3019 1178 3070 αἰ
1210 3016 1407 3082 λέξεις,
1436 3015 1572 3069 ἀλλὰ
1598 3015 1877 3086 θεοπρεπῆ

293 3115 367 3168 τὰ
401 3115 673 3185 νοήματα.
719 3113 930 3183 ’Ὥσπερ
983 3110 1093 3182 γὰρ
1136 3111 1166 3162 ὁ
1217 3109 1429 3171 Παῦλος
1467 3108 1662 3176 λέγων,
1703 3107 1757 3158 '0
1812 3106 1879 3160 δὲ

296 3212 562 3282 ἐρευνῶν
607 3213 715 3277 τὰς
763 3208 1032 3278 καρδίας,
1054 3207 1115 3260 τὸ
1138 3207 1385 3278 ἐρευνᾷν,
1417 3206 1535 3259 ἀντὶ
1564 3203 1658 3256 τοῦ
1693 3202 1879 3270 σαφῶς

297 3305 520 3368 εἰδέναι,
560 3303 789 3376 τίθησιν·
823 3302 967 3356 οῦτω
1015 3301 1110 3354 καὶ
1145 3291 1322 3362 οὗτος,
1355 3299 1414 3352 τὸ
1468 3292 1728 3358 Ἑτάζων,
1759 3295 1880 3347 ἀντὶ

297 3398 392 3452 τοῦ
443 3396 690 3470 ἀκριϐῶς
736 3392 1086 3449 ἐπίστασθαι.
1136 3392 1250 3445 Kal
1280 3391 1340 3443 τὸ
1377 3388 1664 3459 βασανίσαι
1712 3387 1769 3440 δέ
1819 3386 1881 3438 τὸ

298 3490 586 3562 γυμνῶσαί
621 3488 737 3561 rL66]
767 3490 933 3552 ἐστιν,
969 3488 1107 3555 ὅπερ
1127 3482 1388 3553 ἀκριϐοῦς
1405 3484 1552 3534 ἐστιν
1572 3482 1882 3549 ἐπιστήμης

299 3582 396 3635 καὶ
424 3580 698 3649 γνώσεως·
723 3579 795 3642 ὡς
825 3580 920 3631 καὶ
941 3577 1154 3640 Παῦλός
1171 3591 1324 3646 φησι·
1356 3571 1558 3626 Πάντα
1581 3570 1650 3624 δὲ
1688 3570 1885 3640 γυμνὰ

301 3674 398 3727 καί
417 3672 938 3742 τετραχηλισμένα
959 3671 1082 3738 τοῖς
1113 3669 1442 3738 ὀφθαλμοῖς
1463 3668 1670 3723 αὐτοῦ.

372 3764 578 3819 Δικαία
641 3766 680 3829 ἡ
740 3765 996 3834 ,ϐοήθειά
1059 3782 1199 3835 μου.
1265 3764 1491 3826 Ἀλλος,
1562 3763 1796 3826 Δίκαιος
1853 3765 1885 3815 ό

303 3857 766 3926 ὑπερασπιστὴς
822 3876 962 3926 μου.
1002 3858 1067 3910 Τί
1113 3858 1250 3918 ἐστι,
1305 3855 1508 3908 Δικαία
1550 3855 1588 3921 νὴ
1632 3853 1885 3920 βοήθειά

299 3967 419 4020 μου
476 3949 638 4018 παρὰ
687 3949 794 4003 τοῦ
865 3949 1049 4014 Θεοῦ;
1105 3948 1338 4012 Δικαίως
1396 3947 1460 4001 ἂν
1509 3945 1717 4014 γένοιτό
1764 3963 1882 4016 μοι,

307 4042 479 4111 φησὶ,
544 4039 696 4110 παρά
748 4039 842 4094 τοῦ
900 4040 1068 4093 Θεοῦ·
1108 4041 1258 4093 οὐδὲν
1312 4040 1423 4110 γὰρ
1485 4039 1667 4092 ἄδικον
1729 4037 1882 4090 αἰτῶ.

309 4133 477 4187 Ὥστε
513 4136 562 4187 εἰ
615 4134 899 4204 μέλλοιμεν
929 4132 1222 4185 ἀπολαύειν
1261 4133 1573 4203 συμμαχίας
1624 4131 1724 4200 τῆς
1751 4131 1888 4184 ἄνω-

312 4224 428 4286 θεν,
453 4224 678 4277 τοιαῦτα
717 4225 887 4279 αἰτεῖν
911 4225 1012 4291 δεῖ,
1041 4223 1078 4278 ἃ
1103 4223 1197 4278 καὶ
1237 4224 1329 4277 τὸν
1355 4222 1454 4276 τοῦ
1482 4222 1690 4277 δικαίου
1728 4222 1886 4292 λόγον

309 4316 447 4386 ἔχει·
481 4317 568 4370 ἶνα
589 4319 652 4388 τῇ
686 4316 847 4385 φύσει
884 4317 984 4386 τῆς
1017 4318 1285 4389 αἰτήσεως
1315 4316 1414 4388 τὴν
1445 4316 1616 4386 ῥοπὴν
1645 4316 1884 4370 ἐπισπα-

314 4407 539 4473 σώμεθα
589 4407 698 4460 Τοῦ
747 4405 1038 4472 σώζοντος
1089 4405 1232 4470 τοὺς
1283 4404 1476 4469 εὐθεῖς
1522 4402 1597 4470 τῇ
1652 4402 1882 4469 καρδίᾳ.

311 4493 488 4547 Τοῦτο
520 4493 678 4564 ἔργον
704 4493 854 4563 αύτῷ
876 4536 890 4561 ,
917 4493 1076 4547 τοῦτο
1102 4495 1220 4558 ἐθος
1252 4493 1420 4565 αύτῷ.
1469 4493 1685 4564 Ἐπειδὴ
1712 4494 1889 4546 τοίνυν

310 4586 406 4640 καὶ
451 4585 564 4652 ἐγὼ
616 4587 715 4639 οὐκ
742 4582 885 4656 ἦρξα
928 4586 1126 4656 χειρῶν
1160 4585 1392 4651 ἀδίκων,
1425 4585 1544 4638 ούδέ
1582 4584 1891 4655 ἀμύνασθαι

313 4675 585 4745 ἐπιθυμῶ,
609 4675 697 4729 διὰ
719 4676 875 4729 τοῦτο
906 4676 1090 4729 δικαία
1115 4676 1180 4731 ἂν
1213 4677 1422 4744 γένοιτο
1459 4680 1492 4749 ἡ
1530 4677 1752 4749 βοήθειά
1789 4695 1890 4747 μου

315 4769 466 4836 παρὰ
501 4767 597 4821 τοῦ
627 4767 783 4822 Θεοῦ.
827 4768 1011 4822 Ταῦτα
1044 4765 1136 4822 οὖν
1165 4769 1361 4831 εἰδότες
1387 4808 1401 4831 ,
1444 4768 1609 4838 μηδὲν
1653 4769 1892 4821 τοιοῦτον

315 4859 578 4930 αἰτῶμεν,
615 4861 644 4912 ὃ
668 4860 864 4914 κωλύει
885 4861 982 4931 τὴν
1007 4862 1171 4914 δόσιν.
1194 4862 1362 4914 Ὅταν
1386 4859 1492 4931 γὰρ
1523 4861 1666 4913 κατά
1685 4859 1894 4931 ἐχθρῶν

314 4952 494 5021 αἰτῇς,
520 4951 620 5002 οὒκ
661 4951 777 5003 ἔστι
815 4951 992 5004 δικαία
1023 4953 1056 5021 ἡ
1089 4950 1309 5022 βοήθειά
1341 4967 1432 5003 σου
1457 4965 1470 4979 °
1523 4951 1738 5003 ἐναντία
1788 4950 1893 5020 γάρ

314 5042 532 5112 ἐστιτῷ
572 5043 723 5114 νόμῳ
753 5043 848 5096 τοῦ
892 5044 1255 5115 παρέχοντος·
1297 5043 1398 5097 κᾶν
1433 5043 1662 5096 πλοῦτον
1701 5044 1892 5112 αἰτῇς,

315 5136 419 5190 κΞιν
448 5133 641 5197 κάλλος
668 5137 825 5205 αἰτῇς
851 5175 865 5197 ,
904 5135 1004 5188 κάν
1034 5136 1210 5188 ὁτιοῦν
1243 5135 1479 5189 τοιοῦτον
1522 5137 1680 5205 αἰτῇς
1713 5135 1896 5204 βιωτι-

287 5227 434 5291 νκὺν,
471 5227 786 5297 παραρρέον
805 5268 818 5290 ,
849 5229 944 5279 καὶ
967 5228 1205 5281 ἐναντίον
1243 5231 1310 5298 τῇ
1345 5229 1445 5299 τῆς
1477 5229 1655 5298 ψυχῆς
1687 5227 1896 5296 φιλοσο-

319 5321 436 5389 φίᾳ.
480 5318 731 5388 Αἰτῶμεν
772 5318 951 5371 τοίνυν
985 5319 1124 5372 ὥστε
1170 5321 1262 5373 καὶ
1312 5323 1606 5390 ἐπιτυχεῖν.
1652 5319 1704 5372 Ὀ
1755 5319 1897 5384 Θεὸς

316 5410 529 5479 κριτὴς
555 5411 804 5474 δίκαιος,
835 5411 934 5464 καὶ
964 5411 1232 5479 ἰσχυρὸς,
1258 5411 1354 5465 καὶ
1379 5413 1778 5480 μαγρόθυμος,
1797 5412 1896 5464 καὶ

316 5502 401 5572 μὴ
442 5501 632 5571 ὀργὴν
680 5501 919 5569 ἐπάγων
954 5502 1082 5555 καθ’
1125 5501 1394 5569 ἑκάστην
1426 5503 1671 5571 ἡμέραν.
1707 5501 1900 5564 ’Ἄλλος

317 5595 504 5665 φησὶν,
543 5593 1010 5663 Ἐμόριμώμενος
1039 5595 1189 5649 κατὰ
1213 5593 1422 5651 πᾶσαν
1449 5595 1700 5665 ἡμέραν.
1756 5596 1812 5648 '0
1843 5596 1899 5648 δὲ

383 5799 570 5871 “Una;
598 5799 931 5871 φᾶςχ-ξτερός
949 5813 1114 5871 φησιν’,
1138 5801 1163 5846 ὁ
1187 5799 1305 5855 Θεὸς
1325 5799 1521 5858 δίκαιος,
1538 5799 1568 5854 ἡ
1593 5798 1782 5860 βοήθειά
1809 5814 1899 5860 μου

318 5864 445 5926 παρὰ
476 5862 564 5910 τοῦ
594 5862 734 5910 Θεοῦ.
763 5862 923 5910 Καὶγοὶ
945 5862 1284 5923 ἑϐδομήκοντα.

1402 411 1768 474 EXPOSITIO
1808 409 1874 466 IN
1915 407 2248 466 PSALMUM
2281 411 2391 468 VII.
3453 405 3526 468 96

1960 531 2228 603 Ἑϐραῖος,
2259 531 2420 585 Κατὰ
2440 528 2649 586 πᾶσαν
2677 529 2847 596 ζωήν.
2871 529 2980 583 Kal
3011 527 3190 592 ἄλλος,
3219 527 3528 582 Ἀπειλού·

1943 642 2146 696 μενος,
2163 625 2617 695 ἐμϐριμώμενος,
2636 626 2708 678 οὺ
2732 621 3090 683 κολάζων.⁹’0
3111 621 3164 674 δὲ
3185 619 3332 688 λέγει
3358 617 3530 674 τοιοῦ-

1947 722 2039 774 τόν
2067 721 2240 773 ἐστιν’
2257 721 2320 773 Εἰ
2341 719 2570 781 δίκαιος,
2598 717 2814 778 πάντως
2837 714 3152 786 βουλήσεται
3168 712 3292 774 τοὺς
3312 711 3528 775 ἀδίκους

1952 817 2208 871 κολάσαι·
2237 817 2285 868 εἰ
2319 814 2535 886 ἰσχυρὸς
2559 851 2574 874 ,
2631 812 2847 874 πάντως
2887 812 3194 880 δυνήσεται.
3243 808 3352 861 Καὶ
3400 806 3526 870 ποῦ,

1953 910 2107 981 φησὶ,
2133 908 2201 962 τὰ
2222 909 2322 978 τῆς
2339 905 2528 976 φιλανθ
2539 905 2765 976 ρωπίας,
2784 905 2832 956 εἰ
2860 902 3000 956 κατά
3021 901 3078 954 τὺ
3093 901 3297 954 δίκαιον
3319 900 3529 970 κρινεῖς

1951 1003 2176 1075 Πρῶτον
2198 1001 2318 1072 μὲν,
2341 1003 2397 1054 ἐν
2416 998 2494 1070 τῷ
2515 999 2588 1070 μὴ
2607 996 2748 1051 κατὰ
2767 997 2932 1059 πόδας
2949 994 3172 1062 ἐπάγειν
3191 994 3288 1065 τὴν
3305 992 3459 1061 δίκην
3476 993 3528 1055 1³,

1959 1096 2226 1169 μᾶλλονδὲ
2257 1095 2362 1166 πρὸ
2383 1093 2596 1156 τούτου,
2629 1093 2686 1145 ὲν
2715 1090 2796 1160 τῷ
2821 1088 2998 1142 πάντα
3019 1088 3236 1155 ἀφεῖναι
3269 1085 3336 1139 τὰ
3359 1087 3533 1155 ἀμαρο

1955 1194 2173 1262 τήματα
2221 1189 2308 1242 διὰ
2350 1186 2577 1256 λουτροῦ
2612 1181 3054 1252 παλιγγενεσίας·
3096 1178 3346 1248 δεύτερον
3386 1176 3444 1230 δέ
3475 1177 3534 1228 ἐν

1956 1288 2035 1358 τῷ
2069 1288 2163 1340 καὶ
2194 1282 2482 1355 μετάνοιαν
2501 1279 2703 1333 δοῦναι.
2737 1279 2834 1330 Ἂν
2861 1275 2969 1346 γὰρ
3001 1275 3281 1344 ἐννοήσῃς,
3307 1271 3389 1323 ὅτι
3410 1267 3536 1322 καθ’

1961 1381 2196 1451 ἑκάστην
2246 1375 2630 1446 ἁμαρτάνομεν
2683 1369 2930 1442 ἡμέραν,
2971 1369 3092 1421 τότε
3126 1366 3359 1436 μάλιστα
3415 1362 3536 1431 ὄψει

1961 1475 2125 1530 αὐτοῦ
2159 1475 2218 1527 τὸ
2254 1475 2457 1540 ἄφατον
2491 1467 2718 1540 μέγεθος
2763 1465 2864 1534 τῆς
2911 1458 3334 1532 φιλανθρωπίας,
3377 1456 3442 1509 '0
3471 1454 3538 1524 δὴ

1963 1572 2058 1623 καὶ
2107 1567 2388 1638 ἐμφαίνων
2425 1565 2706 1631 ἐπήγαγε,
2762 1558 2970 1626 λέγων·
3029 1556 3092 1606 '0
3149 1550 3292 1616 Θεὸς
3333 1546 3539 1616 κριτὴς

1963 1662 2190 1724 δίκαιος
2212 1701 2224 1721 ,
2257 1656 2353 1711 καὶ
2384 1653 2656 1724 ἰσχυρὸς,
2696 1650 2794 1704 καί
2820 1648 3220 1718 μακρόθυμος.
3269 1639 3538 1709 Ἀπορεῖς,

1965 1752 2086 1807 ἐπεὶ
2116 1751 2209 1803 καὶ
2229 1748 2452 1802 δύναται
2474 1745 2568 1798 καὶ
2601 1741 2869 1814 βούλεται,
2891 1738 3036 1799 τίνος
3065 1735 3250 1787 ’ἐνεκεν
3279 1730 3340 1784 ού
3381 1727 3541 1782 κολά-

1966 1845 2045 1909 ζει
2073 1862 2086 1907 ;
2108 1840 2380 1899 Μάνθανε,
2415 1837 2578 1908 φησὶν
2600 1875 2614 1898 ,
2639 1835 2720 1887 ὅτι
2757 1829 3126 1903 μακρόθυμος,
3163 1825 3255 1878 καὶ
3279 1822 3352 1893 μὴ
3371 1818 3542 1890 ὀργὴν

1967 1934 2187 2000 ἐπάγων
2209 1931 2331 1984 καθ’
2363 1929 2598 1997 ἑκάστην
2635 1924 2867 1996 ἡμέραν.
2901 1922 3018 1973 Ἵνα
3057 1917 3166 1988 γὰρ
3198 1916 3270 1984 μή
3314 1930 3398 1975 τις
3433 1909 3544 1964 τῶν

1966 2021 2206 2097 ἀνοήτων
2233 2023 2427 2096 νομίσῃ
2454 2063 2468 2082 ,
2498 2023 2578 2074 ὅτι
2611 2020 2677 2071 δι’
2708 2015 2987 2070 ἀσθένειαν
3015 2014 3114 2065 οὐκ
3152 2008 3544 2077 ἐπεξέρχεται,

1967 2121 2202 2172 δείκνυσι
2227 2118 2325 2185 τῆς
2360 2116 2668 2186 μελλήσεως
2705 2111 2804 2180 τὴν
2848 2107 3056 2162 αἰτίαν·
3096 2105 3178 2156 ὅτι
3212 2099 3421 2171 μεγάλα
3451 2095 3548 2149 καὶ

1969 2210 2001 2278 ἡ
2041 2206 2387 2277 μακροθυμία
2429 2205 2599 2274 μέτρα
2647 2199 2779 2270 ἔχει.
2839 2195 3055 2266 Ἐπεῶὴ
3101 2193 3208 2262 γὰρ
3262 2190 3348 2243 διὰ
3389 2187 3549 2240 τοῦτο

1973 2301 2342 2373 μακροθυμεῖ,
2387 2299 2467 2360 εἰς
2515 2293 2798 2365 μετάνοιάν
2843 2309 2901 2343 σε
2945 2291 3110 2356 ἄγων,
3142 2286 3271 2338 ὅταν
3314 2281 3422 2335 ἀπὸ
3452 2275 3548 2332 τοῦ

1971 2393 2261 2466 φαρμάκου
2291 2390 2479 2444 τούτου
2517 2387 2680 2458 μηδὲν
2719 2383 3007 2456 κερδάνῃς,
3049 2379 3141 2432 καὶ
3173 2376 3548 2446 ἐπεξέρχεται.

1975 2490 2119 2558 ’Ἄρα
2166 2486 2288 2540 καθ’
2335 2485 2571 2550 ἑκάστην
2609 2481 2823 2551 ἡμέραν
2870 2478 2962 2530 τοῦ
3010 2472 3332 2538 κολάζεσθαί
3383 2471 3552 2537 ἐσμεν

1973 2581 2130 2647 ἄξιοι.
2169 2580 2303 2632 Ούδέ
2341 2578 2449 2646 γὰρ
2478 2577 2564 2639 ἂν,
2594 2577 2641 2628 εἰ
2675 2574 2746 2644 μὴ
2772 2572 2928 2627 τοῦτο
2959 2565 3024 2640 ἦν
3046 2610 3060 2631 ,
3091 2567 3164 2630 ὡς
3207 2566 3348 2636 μέγα
3377 2581 3431 2616 τι
3463 2561 3556 2614 τέ-

1974 2672 2118 2725 θεικε
2153 2672 2230 2734 τὸ,
2263 2670 2358 2736 Μὴ
2392 2668 2577 2738 ὀργὴν
2597 2665 2834 2735 ἐπάγων
2863 2663 2989 2718 καθ’
3012 2660 3278 2742 ἐκάρτην
3303 2655 3553 2726 ἡμέραν.

1988 2765 2124 2818 Ἀλλ’
2155 2765 2229 2826 ῶς
2262 2761 2370 2814 τῶν
2418 2760 2758 2830 πραγμάτων
2803 2757 2900 2826 μὲν
2943 2754 3101 2807 τοῦτο
3139 2748 3514 2804 ἀπαιτούντων
3539 2785 3555 2809 ,

1969 2857 2072 2924 ’τῆς
2099 2856 2156 2909 δὲ
2179 2855 2271 2910 τοῦ
2300 2853 2434 2906 Θεοῦ
2464 2850 2874 2922 φιλανθρωπίας
2904 2844 3206 2916 ἐπεχούσης
3225 2854 3247 2881 ο
3277 2843 3375 2913 τὴν
3401 2839 3559 2905 ἀξίαν

1976 2948 2215 3007 κόλασιν,
2240 2945 2396 2998 τοῦτό
2437 2960 2617 3013 φησιν.
2653 2937 2806 3004 Εἶδες
2831 2940 2924 2994 καὶ
2955 2935 3187 2991 ἐνταῦθα
3213 2933 3329 2996 πῶς
3352 2933 3410 2986 τὸ
3436 2933 3560 2985 ἀνε-

1981 3040 2186 3110 παχθὲς
2227 3039 2320 3091 τοῦ
2361 3036 2496 3090 Θεοῦ
2536 3036 2814 3094 δείκνυσι,
2870 3031 2962 3085 καὶ
2993 3033 3090 3098 τὴν
3139 3029 3361 3082 κόλασιν
3387 3024 3560 3096 ὀργὴν

1979 3132 2152 3198 λέγει;
2195 3130 2383 3192 Ούδείς
2413 3127 2521 3198 γὰρ
2547 3127 2716 3198 ὀργὴν
2755 3125 2948 3191 ἐπάγει
2983 3121 3147 3191 ἄλλῳ,
3181 3119 3316 3172 ἀλλὰ
3342 3118 3441 3184 τὴν
3463 3116 3562 3185 μὲν

1979 3223 2148 3294 ὀργὴν
2175 3222 2336 3283 αὐτὸς
2370 3221 2500 3289 ἔχει.
2524 3219 2621 3287 τὴν
2642 3218 2698 3271 δέ
2720 3217 2939 3270 κόλασιν
2963 3215 3156 3281 ἐπάγει
3187 3212 3378 3282 ἑτέρῳ.
3399 3208 3563 3263 Οὐδὲν

1980 3312 2073 3368 οὖν
2105 3315 2263 3376 ἄλλο,
2312 3310 2428 3383 16τί
2463 3312 2496 3381 ἢ
2531 3309 2626 3380 τὴν
2667 3309 2890 3362 κόλασιν
2921 3306 3069 3375 δηλοῖ
3109 3305 3186 3373 τῷ
3225 3304 3418 3365 εἰπεῖν,
3453 3297 3564 3355 Kal

1977 3405 2064 3476 μὴ
2096 3405 2281 3473 ὀργὴν
2303 3405 2542 3473 ἐπάγων
2573 3402 2700 3455 καθ’
2729 3400 2996 3461 ἑκάστην
3026 3396 3272 3466 ἡμέραν.
3305 3395 3416 3448 Καὶ
3446 3393 3567 3456 πῶς

1985 3516 2135 3567 φησι,
2159 3499 2296 3550 Καθ’
2313 3495 2581 3560 ἑκάστην
2597 3493 2826 3561 ἡμέραν
2841 3491 2866 3530 ἀ
2886 3508 2902 3553 ;
2927 3489 3230 3544 Εἰσελθέτω
3244 3487 3472 3549 ἕκαστος
3487 3487 3568 3547 εἰς

1981 3593 2042 3646 16
2082 3592 2274 3647 ἑαυτοῦ
2309 3590 2562 3654 συνειδὸς,
2589 3588 2682 3641 καὶ
2712 3587 2833 3641 τότε
2868 3585 3078 3653 ὄψεται.
3116 3581 3231 3635 ’Ίνα
3270 3581 3381 3650 γὰρ
3407 3577 3568 3649 παρῶ

1983 3688 2054 3742 τά
2110 3688 2399 3758 ἀπόρρητα
2438 3683 2668 3736 ἑκάστου
2724 3681 3127 3750 ἁμαρτήματα,
3175 3673 3349 3728 ταῦτα
3385 3674 3449 3743 δὴ
3499 3670 3570 3725 τὰ

1986 3778 2140 3834 κοινὰ
2178 3779 2260 3840 τίς
2303 3775 2680 3844 διαρεύξεταις
2729 3771 2866 3826 Ποῖα
2895 3771 2958 3840 δὴ
3002 3768 3205 3831 ταύτας
3252 3764 3392 3818 Ποία
3423 3760 3571 3814 ἐστὶν

1986 3872 2191 3944 ἡμέρα,
2305 3868 2379 3938 μὴ
2433 3865 2692 3938 ῥᾳθύμως
2735 3862 3007 3933 εὐχόμεθα
3051 3860 3144 3914 καὶ
3178 3856 3315 3928 μετὰ
3367 3853 3570 3920 πολλῆς

1987 3963 2310 4034 ὀλιγωρίας;
2341 3963 2468 4014 ’Ότι
2507 3960 2562 4012 δὲ
2593 3957 2748 4011 τοῦτο
2788 3956 2960 4027 ὀργῆς
2990 3955 3165 4020 ἄξιον,
3203 3951 3357 4020 δῆλον
3383 3944 3570 4001 ἐντεῦ-

1990 4058 2100 4112 θεν.
2134 4055 2269 4110 Εἰπέ
2306 4054 2414 4124 γάρ
2449 4068 2568 4123 μοι·
2607 4052 2652 4103 εἰ
2686 4049 2912 4118 δικαστῇ
2943 4044 3304 4117 χασμώμενος
3329 4038 3572 4111 11900711-

1992 4150 2104 4213 θες,
2135 4149 2227 4203 καὶ
2245 4142 2588 4215 διηλέγχθης,
2614 4144 2713 4195 ούκ
2735 4142 2797 4194 ἄν
2821 4156 2879 4192 σε
2906 4137 3107 4200 εὐθέως
3125 4136 3279 4204 δίκην
3300 4132 3570 4204 ἀπῄτησε,

1991 4245 2085 4298 καὶ
2139 4243 2217 4305 εἰς
2275 4239 2373 4312 τὴν
2429 4235 2724 4308 ὑπερορίαν
2786 4231 3116 4304 μετέστησε;
3176 4228 3304 4292 Ναὶ,
3365 4225 3570 4297 φησίν·

1991 4337 2278 4407 ἄνθρωπος
2319 4332 2427 4402 γάρ
2472 4332 2606 4382 ἐστι.
2643 4328 2753 4380 Kal
2790 4326 2842 4378 τί
2871 4323 3062 4386 τοῦτο;
3116 4320 3436 4393 Ἀνθρωπος
3473 4316 3575 4388 μὲν

1993 4429 2103 4501 γὰρ
2123 4428 2420 4500 ὑϐρισθεὶς,
2453 4426 2552 4480 ούκ
2585 4425 2649 4478 ἂν
2678 4423 2760 4493 εἴη
2791 4423 2998 4484 δίκαιος
3033 4420 3390 4487 ἀγανακτεῖν·
3424 4411 3576 4484 παρὰ

1997 4521 2102 4592 γὰρ
2134 4521 2227 4574 τοῦ
2255 4519 2515 4591 ὀμοτίμου
2557 4516 2784 4588 ὑϐρίσθη
2809 4533 2820 4545 ·
2851 4517 2878 4566 6
2926 4514 2981 4565 δὲ
3017 4512 3149 4574 Θεὸς
3191 4509 3574 4579 ὑϐριζόμενος,

1993 4610 2216 4673 δικαίως
2245 4612 2307 4664 ἂν
2337 4609 2605 4675 ἐπαγάγοι
2638 4606 2736 4674 τὴν
2763 4603 2939 4672 δίκην.
2984 4601 3200 4666 Μείζων
3235 4599 3344 4670 γὰρ
3374 4598 3510 4667 αῦτη
3541 4596 3576 4668 ἢ

1997 4702 2241 4772 ἁμαρτία
2271 4701 2372 4769 τῆς
2401 4702 2480 4762 εἰς
2517 4697 2820 4769 ἄνθρωπον.
2862 4695 2966 4749 Καὶ
3006 4697 3034 4747 ὁ
3072 4694 3167 4764 μὲν
3199 4693 3483 4764 ἄνθρωπος
3516 4691 3578 4743 1b

1998 4792 2192 4846 ἑαυτοῦ
2227 4792 2403 4862 ζητῶν
2446 4790 2604 4844 τοῦτο
2647 4791 2822 4842 ποιεῖ·
2867 4791 2894 4842 6
2934 4787 2988 4840 δὲ
3020 4787 3150 4849 Θεὸς
3184 4785 3245 4838 τὸ
3277 4785 3388 4839 σόν.
3413 4785 3577 4836 Ὥστε

1999 4885 2140 4938 κατά
2181 4884 2367 4943 τοῦτο,
2409 4882 2556 4947 ἄξιον
2587 4881 2743 4935 τοῦτο
2780 4881 2978 4951 μᾶλλον
3021 4879 3467 4948 ἀγανακτήσεως.
3501 4875 3578 4930 Οὐ

1999 4979 2107 5050 γάρ
2145 4980 2290 5031 ἐστιν
2326 4977 2437 5028 ἴσον
2467 4976 2830 5043 καταφρονεῖν
2875 4971 2984 5025 τῶν
3021 4970 3088 5024 τὰ
3116 4968 3322 5023 ἑαυτῶν
3355 4965 3580 5036 ζητούν-

1999 5091 2128 5137 των,
2157 5073 2252 5125 καὶ
2286 5071 2378 5123 τοῦ
2404 5071 2471 5122 τὰ
2500 5069 2585 5121 σά.
2611 5067 2780 5120 Τοῦτο
2810 5065 2917 5136 γὰρ
2947 5066 3191 5136 μείζονος
3220 5064 3387 5134 ὀργῆς
3407 5062 3580 5129 ἄξιον,

1999 5168 2128 5218 ὅταν
2170 5164 2301 5235 μηδὲ
2334 5164 2500 5216 αἰτεῖν
2529 5162 2732 5233 μέλλων
2761 5160 2830 5213 τὰ
2865 5163 2947 5214 0ol
2981 5159 3348 5230 συμφέροντα,
3379 5159 3579 5228 νήτης.

2001 5257 2095 5320 Τίς
2115 5257 2172 5310 δέ
2202 5258 2370 5314 ἐστιν,
2403 5255 2460 5316 ὃς
2482 5256 2578 5324 οὐχ
2603 5253 2790 5325 ὕϐρισε
2814 5254 2906 5307 τὸν
2931 5252 3154 5321 ἀδελφὸν
3176 5251 3330 5320 εἰκῆ;
3365 5251 3455 5320 Μὴ
3471 5250 3581 5318 γάρ

2006 5368 2092 5422 μοι
2123 5352 2300 5422 εἴπῃς,
2323 5351 2403 5402 ὅτι
2435 5351 2649 5419 οἰκέτην
2673 5348 2914 5419 ὕϐρισεν·
2951 5347 3059 5400 Ἐν
3081 5345 3188 5414 ⁸γιὰρ
3217 5342 3445 5411 Χριστῷ
3466 5343 3581 5394 οὐκ

2002 5445 2209 5511 ἄρσεν,
2247 5447 2318 5498 οὺ
2348 5444 2526 5512 θῆλυ,
2559 5447 2629 5498 οὐ
2661 5444 2880 5511 δοῦλος
2899 5485 2914 5510 ,
2948 5446 3059 5498 οὐκ
3085 5441 3398 5509 ἐλεύθερός
3425 5440 3579 5492 ἐστι.

2003 5539 2098 5600 Τίς
2124 5538 2286 5592 πάλιν
2316 5537 2374 5601 ὃς
2399 5538 2458 5590 ού
2491 5539 2886 5609 κατηγόρησεν,
2922 5537 3042 5590 οὐδὲ
3075 5535 3371 5604 ἐψεύσατο;
3400 5533 3457 5596 ὃς
3484 5531 3579 5584 οὐκ

2071 5730 2096 5765 1³
2119 5729 2255 5778 Unus
2283 5732 2367 5787 τήν
2389 5732 2634 5793 τιμωρίαν.

2071 5795 2092 5854 τ
2123 5793 2227 5840 Duo
2251 5806 2364 5840 mss.
2390 5790 2656 5854 ἐνεχούσης.
2678 5790 2813 5841 Coll).
2839 5793 3037 5853 quidem
3062 5793 3337 5854 ἐπεχούσης.

2069 5853 2095 5892 d
2121 5854 2243 5916 Rvg.
2266 5856 2343 5902 καὶ
2377 5845 2598 5910 πῶς’καίίν
2624 5857 2692 5903 ἐκ.
2720 5858 2804 5915 ἡμ.
2833 5845 2970 5915 ἄξιοι,
2997 5845 3347 5916 φησὶν,’ὀργῆς.
