4040 6342
562 407 634 462 9‘7
1324 399 1386 456 S.
1426 397 1710 455 JOANNIS
1750 393 2242 456 CHRYSOSTOMI
2275 395 2592 455 ARCHIEP.
2634 397 3179 456 CONSTANTINOP.
3740 401 3816 457 '98

564 521 707 580 εἶδεν
735 521 1050 585 ἀκολάστοις
1076 516 1370 590 ὀφθαλμοῖς
1394 522 1660 588 γυναῖκας
1698 517 1756 582 ὃς
1783 519 1882 572 οὐκ
1912 517 2147 588 ἐϐάσκη-

563 634 685 682 νεν;
709 615 769 679 ὃς
785 614 886 668 οὐκ
908 610 1317 684 ἐκενοδόξησεν;
1342 611 1401 674 ὂς
1422 611 1523 664 οὐκ
1545 609 1845 680 ἐφθέγξατο
1872 608 2023 679 ῥῆμα
2047 609 2146 678 ἀρ-

563 709 696 779 γόν;
719 707 904 761 Πάντα
935 706 991 759 δὲ
1020 704 1194 758 ταῦτα
1225 703 1330 756 ὑπὸ
1359 703 1580 756 κόλασιν
1609 704 1808 756 κεῖται.
1827 702 1935 755 Καὶ
1968 701 2018 753 εί
2046 699 2143 770 μὲν

565 800 696 871 περὶ
729 799 796 852 τὰ
827 796 1056 868 βιωτικὰ
1101 795 1174 867 μὴ
1223 795 1376 859 ὄντες
1418 795 1727 856 σπουδαῖοι,
1767 792 1903 864 μηδὲ
1949 793 2007 844 ὲν
2035 795 2142 855 τοῖς

567 891 957 958 πνευματικοῖς
975 883 1135 958 ἦμεν,
1175 885 1504 957 συγγνώμης
1533 885 1599 940 ἂν
1618 881 1759 956 ἦμεν
1788 885 1947 949 ἄξιοι·
1976 883 2070 937 νῦν
2087 884 2145 937 δὲ

565 983 660 1036 καὶ
686 981 888 1050 ταύτης
911 978 1340 1050 ἀπεστερήμεθα
1356 979 1455 1049 τῆς
1478 977 1794 1045 ἀπολογίας.
1812 979 1922 1031 Καὶ
1948 977 2051 1048 γὰρ
2087 977 2144 1031 ὲν

565 1075 797 1136 ἐκείνοις
816 1073 913 1143 μὲν
937 1073 1296 1142 ἐγρηγορότες
1330 1071 1519 1140 ἐσμὲν,
1548 1072 1606 1124 ἐν
1626 1069 1834 1132 τούτοις
1857 1070 1914 1122 δὲ
1942 1071 2145 1124 ἀναπε-

544 1166 862 1227 πτωκότες.
882 1165 1044 1216 Ὥστε
1075 1163 1132 1217 δὲ
1169 1163 1242 1233 μὴ
1273 1162 1566 1226 ἀκούοντας
1589 1202 1605 1226 ,
1640 1163 1722 1216 ὄτι
1757 1161 2106 1233 μακρόθυμος
2124 1201 2140 1225 ς

567 1255 970 1330 ῥᾳθυμοτέρως
981 1255 1251 1324 γενέσθαι,
1270 1257 1546 1326 ἐπήγαγεν
1565 1272 1577 1284 ·
1614 1255 1756 1308 Ἐὰν
1770 1255 1854 1325 μὴ
1871 1258 2146 1323 ἐπιστρα-

565 1349 739 1419 φῆτε,
774 1347 889 1416 τὴν
897 1349 1204 1416 ῥομφαίαν
1231 1346 1420 1401 αὐτοῦ
1453 1346 1793 1402 στιλὸώσει.
1832 1349 2058 1419 Ἕτερος
2086 1344 2147 1399 δέ

565 1458 720 1512 φησι,
741 1439 864 1507 Τὴν
883 1439 1184 1508 μάχαιραν
1204 1440 1388 1493 αὐτοῦ
1414 1439 1721 1505 ἀκονήσει.
1750 1441 1818 1495 Τὸ
1843 1441 2022 1504 τόξον
2042 1443 2144 1494 αὐ-

564 1533 671 1586 τοῦ
685 1530 962 1595 ἐνέτεινε,
980 1531 1077 1583 καί
1096 1531 1422 1598 ἡτοίμασεν
1436 1530 1602 1583 αὐτό.
1613 1529 1804 1592 Ἀλλος
1820 1530 1982 1599 φησὶν
1992 1571 2006 1592 ,
2021 1531 2146 1584 Ἐκ-

563 1623 725 1677 τενεῖ
743 1635 792 1678 ει.
822 1623 930 1676 Kal
960 1623 1029 1675 ἐν
1057 1621 1218 1687 αὐτῷ
1242 1623 1531 1690 ἡτοίμασε
1548 1623 1736 1689 σκεύη
1766 1621 2043 1676 θανάτου.
2069 1622 2146 1676 Τὰ

560 1713 718 1780 βέλη
753 1712 940 1766 αὐτοῦ
970 1711 1094 1778 τοῖς
1127 1711 1467 1782 καιομένοις
1504 1711 1916 1782 ἐξειργάσατο.
1954 1713 2144 1776 Ἀλλος

567 1806 753 1878 φησὶν,
779 1807 882 1871 Εἰς
901 1805 967 1858 τὸ
996 1805 1208 1861 καίειν.

639 2015 726 2061 ια’.
755 2006 820 2060 Τί
844 2004 1078 2060 ἐνταῦθα
1104 2003 1318 2076 ἐροῦσιν
1343 2003 1392 2057 οἱ
1419 2001 1884 2073 ἀνθρωπόμορφον
1904 2001 1996 2056 τὸν
2012 2001 2144 2056 Θεὸν

564 2095 832 2162 λέγοντες,
893 2097 957 2148 ἐκ
997 2093 1092 2146 τοῦ
1141 2091 1395 2160 λέγεσθαι
1447 2092 1634 2161 χεῖρας
1679 2090 1775 2142 καὶ
1836 2089 2004 2152 πόδας
2051 2089 2146 2142 καὶ

565 2182 874 2253 ὀφθαλμοὺς
921 2179 1097 2251 ἐχειν;
1138 2175 1287 2250 τΑρα
1327 2176 1458 2243 τόξα
1503 2177 1650 2241 ἀνω,
1713 2176 1806 2230 ml
1855 2175 2006 2246 βέλη,
2052 2177 2146 2230 ml

565 2272 733 2342 ἀκόνη
758 2309 775 2336 ,
809 2269 902 2323 καὶ
937 2269 1211 2341 μάχαιρα,
1245 2267 1340 2320 καὶ
1382 2266 1659 2336 φαρέτρα;
1703 2265 1812 2318 Kal
1855 2265 1962 2336 μὴν
1990 2264 2146 2328 ἀλλος

567 2357 730 2428 φησίν
751 2373 764 2387 ·
805 2359 908 2411 Ἐν
937 2355 1019 2418 τῷ
1057 2353 1377 2422 ἐπιϐλέψαι
1402 2369 1506 2418 σε,
1537 2351 2017 2422 ταραχθήσονται
2047 2352 2144 2406 ἐπὶ

565 2445 682 2498 σοῦ
713 2443 844 2512 ὅρη.
882 2443 992 2497 Kal
1024 2441 1186 2504 αὐτὸς
1228 2436 1411 2504 οῦτοςο
1455 2440 1508 2493 '0
1537 2440 1876 2494 ἐπιϐλέπων
1895 2439 1994 2494 ἐπὶ
2033 2439 2147 2506 τὴν

565 2532 704 2602 γῆν,
738 2533 836 2586 καί
877 2529 1065 2584 ποιῶν
1101 2529 1296 2595 αὐτὴν
1325 2528 1579 2597 τρέμειν.
1612 2529 1675 2580 El
1707 2527 1765 2580 δὲ
1801 2528 1944 2599 όρῶν
1988 2528 2147 2599 μόνον

563 2620 664 2690 τὴν
692 2619 820 2690 γῆν,
849 2618 944 2672 ml
983 2617 1146 2670 λίθων
1188 2617 1345 2686 τήκει
1379 2616 1561 2684 φύσιν,
1612 2613 1792 2684 πολλῷ
1827 2615 2027 2686 μᾶλλον
2057 2617 2144 2669 ἐπ’

564 2705 867 2776 ἀνθρώπων
914 2703 1071 2757 τὺῦτο
1113 2703 1425 2774 δυνήσεται.
1467 2701 1624 2764 Τίνος
1676 2697 1770 2754 οὖν
1813 2701 1998 2756 ένεκεν
2039 2702 2146 2756 ἀπὸ

563 2792 658 2845 τοῦ
693 2792 849 2864 μόνον
881 2792 1006 2844 ίδεῖν
1036 2789 1411 2860 καταστρέψαι
1441 2789 1740 2860 δυνάμενος
1769 2788 1866 2860 τὴν
1894 2790 2146 2861 οἰκουμέ-

564 2898 682 2951 νην,
713 2879 911 2951 μᾶλλον
939 2879 995 2932 δὲ
1023 2879 1131 2932 ἀπὸ
1155 2877 1247 2931 τοῦ
1299 2877 1550 2947 ἐθελῆσαι
1581 2877 1742 2947 μόνον
1769 2877 1816 2948 (ό
1854 2879 1963 2948 γὰρ
1990 2878 2146 2949 θελή-

558 2987 696 3041 ματι
726 2969 883 3041 μόνον
912 2969 1142 3036 ποιήσας
1168 2967 1356 3038 αὐτὴν,
1384 2965 1606 3038 εὔδηλον
1643 2968 1726 3020 ὅτι
1762 2968 1855 3020 καὶ
1880 2967 2146 3039 θελήματι

565 3057 711 3128 μόνῳ
743 3056 949 3110 ἀνελεῖν
985 3055 1248 3123 δύναται),
1286 3051 1403 3126 [68]
1434 3053 1650 3122 λέγεται
1699 3053 1971 3124 ῥομφαίαν
2003 3052 2146 3123 ἔχειν

564 3146 658 3198 ml
687 3144 870 3210 τόξον;
935 3144 998 3196 El
1029 3141 1138 3212 γάρ
1176 3143 1281 3195 Ἐν
1315 3139 1389 3209 τῇ
1418 3141 1568 3210 χειρί
1601 3139 1788 3193 αὑτοῦ
1815 3140 1888 3194 τὰ
1923 3141 2148 3208 πέρατα

564 3229 672 3297 τῆς
701 3229 834 3300 τῆς,
870 3229 976 3283 Kal
1009 3228 1468 3293 ol’éromoi'zrtec
1492 3227 1561 3282 ἑν
1584 3226 1760 3296 αὐτῇ,
1782 3229 1862 3294 ὠς
1883 3228 2142 3297 ἀκρίδεςο

565 3318 659 3369 ml
687 3317 886 3370 Πάντα
910 3315 981 3369 τὰ
1005 3315 1150 3382 ἔθνη
1172 3315 1251 3380 ὡς
1280 3315 1520 3384 σταγὼν
1546 3314 1664 3370 ἀπὸ
1701 3315 1912 3378 κάδον,
1937 3316 2036 3368 καὶ
2065 3317 2145 3382 ὠς

559 3404 722 3472 ῥοπὴ
763 3403 938 3474 ζυγοῦ
967 3404 1396 3474 λογισθήσεται
1417 3421 1432 3436 ·
1469 3405 1563 3458 ml
1595 3405 1624 3456 ό
1649 3405 1877 3472 ἄγγελος
1901 3405 1956 3458 δὲ
1981 3405 2142 3459 αὐτοῦ

567 3489 818 3557 ἐξελθὼν,
855 3492 912 3543 ἐν
947 3490 1174 3562 βραχείᾳ
1205 3491 1397 3561 καιροῦ
1433 3493 1571 3562 ῥοπῇ
1601 3493 1794 3545 ἑκατὸν
1821 3494 2146 3564 ὀγδοήκοντα

568 3577 729 3630 πέντε
763 3577 1004 3648 χιλιάδας
1037 3578 1239 3631 ἀνεῖλε’
1290 3577 1341 3630 τί
1375 3578 1518 3647 λέγω
1549 3579 1812 3648 ἄγγελοςς
1852 3583 2004 3651 μυῖαι
2052 3584 2145 3637 καὶ

567 3663 787 3734 κάμπαι
811 3666 904 3718 καὶ
927 3663 1208 3734 σκώληκες
1236 3665 1296 3718 τὸ
1323 3664 1432 3719 τῶν
1451 3667 1762 3736 Αἰγυπτίων
1783 3669 2144 3739 στρατόπεδον

566 3751 887 3806 ἀπώλεσανσ
919 3752 1022 3805 ποῦ
1069 3751 1224 3816 τόξου
1263 3752 1449 3806 αὐτόθι
1482 3754 1668 3825 χρεία;
1723 3754 1824 3808 ποῦ
1856 3755 1913 3808 δὲ
1951 3755 2145 3826 μαχαί-

572 3855 704 3909 ρας;
746 3837 902 3901 Τίνος
945 3834 1037 3890 οῦν
1067 3839 1251 3892 ἕνεκεν
1275 3838 1446 3892 ταῦτα
1475 3840 1724 3912 είρηται;
1773 3843 1871 3894 Διά
1910 3843 2009 3912 τὴν
2037 3844 2144 3895 τῶν

567 3925 875 3979 ἀκουόντων
925 3923 1232 3995 παχύτητα,
1278 3926 1372 3978 ml
1413 3926 1551 3979 ὥστε
1603 3931 1715 3991 τοῖς
1762 3929 1986 3999 ὀνόμασι
2032 3932 2144 3994 τοῖς

569 4012 884 4084 συντρόφοις
923 4011 1032 4064 τῶν
1080 4013 1260 4064 ὃπλων
1298 4017 1620 4067 κατασεῖσαι
1665 4015 1844 4068 αὐτῶν
1884 4015 1982 4085 τὴν
2026 4015 2144 4069 διά-

567 4118 730 4155 νοιαν.
761 4093 835 4154 Οὗ
861 4099 969 4172 γὰρ
996 4102 1054 4153 ἐν
1079 4103 1146 4171 τῇ
1181 4101 1323 4170 χειρὶ
1355 4102 1388 4172 ὴ
1418 4103 1554 4172 πνοὴ
1596 4104 1816 4156 πάντων
1841 4103 2019 4174 ἡμῶν,
2051 4104 2144 4157 ml

567 4180 628 4238 οὗ
659 4187 800 4242 κατὰ
833 4188 1122 4258 πρόσωπον
1170 4187 1373 4258 ψύχους
1418 4189 1581 4242 αὐτοῦ
1611 4189 1861 4259 οὐδαμῶς
1889 4208 1972 4254 τις
2010 4191 2144 4244 ὑπο-

569 4276 858 4344 στήσεται,
895 4274 1008 4337 πῶς
1053 4275 1233 4328 ὃπλων
1275 4276 1356 4329 δεῖ
1384 4277 1599 4347 τούτῳ;
1639 4278 1775 4330 Ἀλλ’
1807 4278 1943 4348 ὅπερ
1974 4277 2145 4349 ἔφθην

567 4359 757 4426 εἰπὼν,
786 4360 875 4413 διά
900 4362 998 4432 τὴν
1034 4362 1320 4434 παχύτητα
1361 4363 1456 4418 ml
1495 4364 1592 4435 τὴν
1639 4364 1994 4433 ἀναισθησίαν
2037 4363 2144 4416 τῶν

568 4449 877 4502 ἀκουόντων
921 4447 1059 4501 οὕτω
1110 4449 1284 4502 ταῦτα
1333 4449 1568 4522 εἴρηται.
1623 4451 1686 4503 Τί
1735 4452 1794 4505 δέ
1847 4453 1982 4514 ἐστι,
2032 4450 2145 4504 Kal

567 4535 919 4600 στιλϐώσει;
966 4537 1262 4607 Ἀκονήσει.
1295 4532 1444 4608 τΑρα
1476 4534 1570 4591 οῦν
1599 4540 1694 4591 καὶ
1724 4537 1924 4608 ἀκόνης
1951 4537 2140 4608 χρεία;

568 4624 662 4677 καὶ
697 4624 772 4688 ἰὸς
800 4625 928 4695 περὶ
977 4623 1073 4694 τὴν
1109 4625 1414 4696 μάχαιραν;
1449 4627 1556 4678 Kal
1584 4625 1666 4688 τίς
1700 4624 1766 4678 ἂν
1793 4623 1986 4688 ταῦτα,
2019 4623 2144 4676 νοῦν

568 4711 725 4780 ἔχων,
747 4711 989 4777 ἀνέξεται
1012 4710 1184 4774 οὕτως
1210 4711 1456 4765 ἐκλαϐεῖν
1479 4711 1552 4776 ὡς
1575 4714 1788 4784 εἴρηται
1808 4729 1823 4778 ;
1843 4711 1982 4764 Ἀλλ’
2005 4712 2144 4783 ὅπερ

567 4799 736 4872 ἔφθην
769 4800 959 4862 εἰπὼν,
988 4800 1086 4871 τὴν
1117 4800 1384 4871 τιμωρίαν
1412 4800 1499 4853 διὰ
1544 4801 1761 4854 πάντων
1796 4799 2142 4871 σχηματίζει,

568 4887 662 4940 καὶ
685 4888 778 4941 ἐπὶ
797 4886 866 4940 τὰ
890 4885 1174 4958 παχύτερα
1203 4887 1469 4956 πρόεισιν,
1493 4887 1632 4940 ὥστε
1663 4889 1755 4941 καὶ
1782 4887 1908 4950 τοὺς
1938 4887 2145 4958 σφόδρα

568 4975 826 5044 ἀνοήτους
860 4974 1109 5036 συνιδεῖν,
1137 4971 1220 5026 ὄτι
1251 4975 1312 5026 ού
1352 4973 1430 5026 δεῖ
1466 4977 1588 5038 ταῖς
1615 4974 1790 5042 λέξεσι
1819 4973 2146 5045 παρακαθῆ-

571 5061 714 5123 σθαι,
742 5061 874 5114 ἀλλά
904 5063 1223 5129 θεοπρεπεῖς
1251 5061 1456 5124 ἐννοίας
1487 5062 1552 5114 ὲκ
1588 5061 1792 5115 τούτων
1821 5061 2140 5132 λαμϐάνειν.

571 5149 732 5201 Ὥστε
763 5149 814 5201 εί
838 5166 919 5211 τις
943 5148 1142 5216 ἀπορεῖ
1171 5148 1316 5210 τίνος
1341 5147 1524 5201 ἕνεκεν
1553 5148 1723 5219 θυμὸς
1768 5151 1984 5221 είρηται
2013 5150 2143 5219 περὶ

567 5235 703 5289 Θεοῦ
733 5237 828 5289 ml
854 5235 1015 5305 ὀργὴ,
1043 5233 1222 5304 πολλῷ
1263 5233 1462 5304 μᾶλλον
1488 5234 1692 5288 τούτων
1721 5236 1906 5290 ἕνεκεν
1932 5237 2145 5308 ἀπορή-

568 5341 674 5378 σει.
725 5325 789 5377 El
827 5323 882 5376 δὲ
921 5322 1095 5378 ταῦτα
1142 5323 1240 5392 οὐχ
1277 5321 1353 5386 ὡς
1397 5322 1611 5395 εἴρηται
1643 5323 1964 5394 ὲκληπτὲον,
2009 5324 2144 5378 ἀλλά

630 5537 658 5567 ⁸
679 5535 791 5586 Duo
812 5547 927 5583 mss.
945 5532 1134 5584 ἐντενεῖ,
1150 5533 1269 5582 Hac
1285 5531 1628 5596 interpretatio
1651 5536 1848 5585 videtur
1868 5547 1981 5585 esse
2002 5537 2145 5597 Sym-

566 5606 748 5654 machi:
776 5607 928 5655 lectio
948 5605 1186 5654 Hebraica
1202 5611 1280 5653 est
1296 5604 1645 5679 ΤΠιειεηάὶις
1666 5607 1834 5656 ἐντενεῖ
1853 5614 1992 5657 certe
2011 5607 2143 5657 bene

567 5679 801 5739 exprimit
827 5693 993 5728 vocem
1020 5677 1333 5738 Hebraicam;
1356 5677 1752 5735 intenditmrcum
1773 5683 1984 5740 scilicet,
2009 5683 2141 5730 ἐκτε-

572 5741 635 5807 εεῖ
653 5740 805 5807 _etiam
826 5743 930 5807 σίνε
953 5741 1188 5800 extendit,
1213 5741 1498 5807 oppprtuner
1514 5745 1792 5807 adhibetur.
1816 5745 2036 5794 Lectoris
2057 5745 2110 5807 ju
2136 5780 2138 5783 τ

565 5799 696 5850 dicio
719 5801 1044 5865 permittimus
1061 5799 1205 5866 quam
1225 5799 1362 5854 mam
1389 5806 1650 5855 lectionem
1672 5806 1923 5868 adoptare.

2247 512 2585 584 θεοπρεπῶς,
2601 514 2818 588 εὔδηλον
2832 518 2914 571 ὅτι
2941 517 3035 572 ml
3060 516 3130 570 τά
3153 517 3283 588 περὶ
3306 515 3478 587 θυμοῦ
3505 514 3600 569 καὶ
3624 514 3814 586 ὀργῆς

2245 602 2279 672 ἡ
2319 600 2375 653 δὲ
2400 602 2646 676 παχύτης
2668 603 2779 657 τῶν
2807 604 3025 668 λέξεων,
3059 604 3198 658 ὥστε
3231 603 3554 658 καθικέσθαι
3577 604 3676 674 τῆς
3707 603 3816 654 τῶν

2247 691 2528 761 ἀκροατῶν
2567 694 2894 766 παχύτητος.
2931 694 3030 747 Διά
3069 711 3151 748 τοι
3177 693 3335 746 τοῦτο
3359 692 3480 746 οὐδὲ
3505 693 3619 755 τοῖς
3661 693 3816 762 εἰρη-

2251 778 2436 848 μένοις
2465 781 2706 854 ἠρκέσθη
2732 824 2748 848 ,
2781 783 2895 836 ἀλλ’
2924 783 3004 836 ἔτι
3045 782 3287 852 πρόεισιν
3328 781 3422 834 ἐπὶ
3447 779 3507 832 τὸ
3546 778 3818 849 ἀνθρωπι-

2247 867 2508 939 νώτερον,
2552 870 2644 922 τὸν
2675 871 2836 938 φόϐον
2865 869 3064 937 αὔξων.
3101 871 3174 922 Οὐ
3209 869 3316 940 γὰρ
3345 866 3617 939 ῥομφαίαν
3655 864 3816 917 αὑτὸν

2245 956 2437 1027 ἔχοντα
2470 959 2677 1026 εἰσάγει
2707 959 2888 1030 μόνον,
2914 959 3048 1013 ἀλλὰ
3076 961 3170 1012 ml
3195 957 3567 1027 όπλιζόμενον.
3598 952 3814 1022 Ἐπειδὴ

2245 1044 2354 1116 γὰρ
2384 1047 2482 1116 οὐχ
2507 1047 2705 1118 ὁμοίως
2733 1065 2816 1112 τις
2844 1048 3084 1116 φοϐεῖται
3115 1047 3346 1110 ἀκούων,
3373 1047 3455 1099 ὅτι
3491 1043 3751 1097 ἀκονᾶται
3779 1044 3814 1108 ἡ

2249 1132 2527 1206 μάχαιρα,
2575 1137 2665 1190 ml
2711 1136 2792 1188 ὅτι
2838 1135 2900 1188 τὸ
2945 1135 3094 1199 τόξον
3139 1134 3275 1205 μετά
3307 1136 3514 1203 χεῖρας,
3557 1129 3664 1183 ἀπὸ
3705 1126 3816 1179 τῶν

2243 1222 2598 1292 ἀνθρωπίνων
2639 1224 2934 1295 σχημάτων
2980 1223 3256 1276 κατασείει
3304 1220 3399 1292 τὴν
3427 1219 3664 1274 διάνοιαν
3708 1214 3816 1269 τῶν

2243 1313 2569 1378 ἀκουόντων,
2618 1312 2820 1382 λέγων·
2865 1314 2936 1368 Τό
2966 1313 3146 1376 τόξον
3180 1310 3364 1365 αὑτοῦ
3405 1308 3680 1369 ἐνέτεινε,
3717 1304 3815 1356 καί

2243 1401 2574 1470 ἡτοίμασεν
2609 1403 2760 1454 αὑτό
2781 1415 2795 1431 ο
2837 1401 3017 1469 φοϐῶν
3064 1399 3152 1453 τὸν
3197 1397 3490 1461 ἀκούοντα,
3541 1392 3673 1464 ὁμοῦ
3722 1389 3816 1443 ml

2243 1488 2343 1557 τὴν
2378 1490 2754 1561 μακροθυμίαν
2785 1490 2877 1544 ml
2909 1489 3005 1560 τὴν
3052 1487 3222 1559 ὀργὴν
3271 1483 3702 1552 ἐνδεικνύμενος.
3739 1478 3814 1530 Οὐ

2245 1579 2354 1650 γὰρ
2395 1575 2566 1646 εἶπεν,
2614 1581 2845 1652 ἀφῆκεν,
2889 1580 3033 1644 οὐδὲ,
3083 1579 3294 1644 ἔλαϐεν,
3337 1573 3472 1640 ἀλλ’,
3527 1569 3814 1626 Ἐνέτεινε

2244 1666 2343 1719 καὶ
2385 1667 2709 1736 ἡτοίμασεο
2753 1667 3028 1721 τουτέστιν
3051 1663 3325 1735 ,Ἔτοιμός
3370 1664 3486 1715 ἐστι
3530 1659 3667 1728 πρὸς
3715 1656 3816 1727 τὴν

2244 1755 2456 1822 ἄφεσιν.
2494 1756 2602 1808 Kal
2637 1755 2688 1809 τί
2740 1754 3062 1826 θαυμάζεις,
3111 1753 3160 1806 εί
3203 1754 3259 1805 ἐν
3288 1753 3352 1822 τῇ
3389 1747 3600 1817 Παλαιᾷ
3644 1743 3816 1803 οὕτως

2246 1845 2481 1914 εἴρηται,
2513 1845 2712 1913 ὅπουγε
2747 1845 2841 1899 ml
2879 1846 2936 1905 ἐν
2963 1846 3028 1914 τῇ
3056 1844 3230 1912 Καινῇ
3275 1839 3548 1900 Ἰουδαίοις
3573 1831 3816 1900 διαλεγόν

2249 1950 2408 2002 μενος
2441 1934 2469 1986 ὁ
2507 1933 2758 2005 Ἰωάννης
2802 1932 3040 1987 τοιοῦτόν
3074 1950 3125 1986 τι
3160 1931 3344 1999 λέγει;
3377 1928 3518 1994 Ἤδη
3549 1923 3615 1978 δὲ
3645 1921 3745 2005 καί
3775 1919 3816 1986 ἦ

2247 2019 2424 2087 ἀξίνη
2461 2019 2606 2089 πρὸς
2626 2004 2741 2088 τὴν
2769 2020 2935 2089 ῥίζαν
2963 2020 3082 2075 τῶν
3100 2018 3362 2088 δένδρων
3385 2015 3588 2069 κεῖται.
3615 2011 3680 2065 Τί
3700 2004 3814 2073 οῦνς

2246 2107 2508 2177 δρυτόμον
2546 2109 2574 2162 ὁ
2607 2107 2738 2172 Θεὸς
2771 2109 3016 2180 μιμεῖται
3047 2107 3201 2178 ἀξίνῃ
3233 2105 3499 2160 κόπτοντα
3526 2099 3690 2166 ξύλα;
3721 2096 3817 2150 καὶ

2247 2194 2436 2266 ἀξίνην
2482 2195 2780 2267 ἐκληπτέον
2827 2195 2922 2250 ml
2968 2195 3132 2259 ξύλα;
3180 2195 3430 2259 Ἀτταγε·
3466 2189 3654 2269 ὥσπερ
3695 2182 3816 2269 ούδέ

2247 2280 2427 2354 ἄχυρα
2465 2284 2560 2336 ml
2595 2285 2758 2345 σῖτον,
2806 2284 2933 2337 ὅταν
2976 2281 3145 2353 λέγῃ·
3190 2276 3272 2336 Οὗ
3314 2278 3383 2331 τι)
3422 2277 3612 2329 πτύον
3641 2268 3711 2326 ἐν
3741 2268 3818 2339 τῇ

2247 2373 2398 2442 χειρὶ
2430 2372 2616 2428 αὐτοῦ
2636 2411 2651 2434 ,
2701 2371 2800 2426 καὶ
2829 2369 3194 2440 διακαθαριεῖ
3221 2368 3336 2435 τὴν
3364 2367 3566 2422 ἅλωνα
3607 2357 3816 2422 αὐτοῦ,

2247 2459 2346 2512 καί
2381 2459 2486 2513 τὸν
2505 2459 2622 2528 μὲν
2646 2459 2821 2513 σῖτον
2846 2457 3101 2522 συνάξει
3125 2461 3213 2524 είς
3239 2456 3352 2524 τὴν
3375 2453 3688 2521 ἀποθήκην
3707 2450 3818 2504 αὒ-

2247 2547 2373 2609 τοῦ,
2405 2547 2472 2603 τὸ
2493 2548 2562 2602 δὲ
2589 2549 2820 2618 ἄχυρον
2838 2549 3202 2603 κατακαύσει
3233 2545 3374 2614 πυρί
3401 2543 3694 2604 ἀσϐέστῳ.
3721 2537 3818 2600 Τίς

2246 2633 2340 2692 οῦν
2364 2639 2510 2691 ἐστιν
2541 2639 2574 2708 ἡ
2606 2637 2790 2708 ἀξίνη;
2833 2638 2897 2691 Ἦ
2936 2637 3174 2708 τιμωρία
3201 2637 3296 2689 καὶ
3337 2637 3370 2705 ἠ
3411 2633 3646 2694 κόλασις.
3683 2630 3818 2682 Τίνα

2245 2726 2303 2780 δὲ
2335 2725 2402 2779 τὰ
2440 2725 2659 2794 δένδρα;
2694 2727 2756 2778 Ol
2803 2724 3099 2796 ἅνθρωποι.
3151 2724 3280 2777 Τίνα
3312 2723 3368 2775 δὲ
3407 2720 3474 2774 τὰ
3504 2720 3713 2790 ἀχυρα;
3753 2719 3816 2770 Ol

2247 2813 2460 2882 φαῦλοι.
2516 2813 2665 2877 Τίς,ὁ
2697 2814 2874 2877 σῖτος;
2910 2812 2973 2864 Ol
3000 2811 3245 2882 χρηστοί.
3297 2810 3364 2862 Τί
3408 2809 3468 2862 τὸ
3513 2807 3712 2871 πτύονς
3754 2801 3814 2857 'H

2245 2903 2535 2974 διάκρισις.
2587 2901 2744 2954 Οῦτω
2790 2900 2884 2954 ml
2926 2899 3160 2953 ἐνταῦθα
3207 2899 3468 2971 ῥομφαία,
3507 2897 3601 2950 ml
3644 2896 3817 2961 τόξον,

2246 2990 2344 3044 καὶ
2378 2989 2527 3061 βέλη,
2560 2991 2593 3059 ἡ
2622 2990 2843 3051 κόλασις
2875 2991 2968 3042 ml
3015 2991 3044 3058 ἡ
3084 2986 3325 3058 τιμωρία
3349 2986 3514 3040 ἐστίν.
3548 2981 3680 3038 Εἶτα
3719 2985 3820 3054 τὴν

2251 3077 2526 3149 μέλλησιν,
2557 3077 2654 3130 καὶ
2673 3076 2734 3129 τὸ
2761 3076 3125 3145 ἀφεστηκέναι
3158 3076 3255 3145 μὲν
3279 3075 3378 3145 τὴν
3407 3074 3697 3146 τιμωρίαν,
3741 3075 3819 3144 μὴ

2247 3164 2383 3217 πολὺ
2403 3164 2461 3216 δὲ
2487 3163 2877 3234 ἀφεστηκέναι,
2899 3163 3013 3216 ἀλλ’
3041 3162 3132 3216 ἐπὶ
3159 3162 3349 3233 θύραις
3375 3158 3532 3225 εἶναι,
3551 3161 3628 3232 τῷ
3647 3165 3822 3216 τεῖναι

2247 3253 2342 3306 καὶ
2371 3251 2659 3323 ἑτοιμάσαι
2688 3251 3021 3324 παρέστησε.
3051 3251 3168 3324 [69]
3209 3251 3382 3323 Σκεύη
3411 3251 3467 3304 δὲ
3492 3250 3719 3305 θανάτου
3753 3250 3822 3304 τὰ

2249 3339 2375 3410 βέλη
2410 3340 2592 3412 φησίν.
2622 3339 2832 3411 ’Ὠσπερ
2877 3340 3046 3409 σκεύη
3083 3340 3390 3410 γεωργίας,
3446 3339 3514 3392 τά
3545 3340 3822 3410 γεωργίαν

2249 3427 2530 3481 ποιοῦντα·
2566 3426 2660 3480 ml
2689 3426 2984 3490 ναυτιλίας,
3016 3426 3084 3480 τὰ
3113 3426 3264 3480 πλεῖν
3296 3427 3443 3499 ἡμᾶς
3468 3431 3822 3498 παρασκευά-

2247 3514 2437 3581 ζοντα·
2482 3517 2576 3569 καὶ
2607 3516 2927 3585 ὑφαντικῆς,
2973 3515 3042 3569 τὰ
3080 3515 3322 3580 ὑφαίνειν
3359 3516 3610 3571 ποιοῦντα
3633 3534 3644 3548 ³
3676 3517 3822 3572 οὕτω

2246 3605 2342 3660 καὶ
2388 3604 2618 3658 θανάτου
2669 3603 2837 3674 σκεύη
2861 3645 2876 3669 ,
2923 3603 2992 3656 τὰ
3035 3602 3264 3657 θάνατον
3292 3603 3654 3676 ἐργαζόμενα.
3685 3603 3822 3661 Εἶτα

2247 3691 2562 3763 ἑρμηνεύων
2588 3691 2708 3744 τίνα
2738 3692 2853 3744 ἐστὶ
2892 3691 2961 3744 τὰ
3011 3690 3178 3762 σκεύη
3206 3691 3300 3744 τοῦ
3331 3692 3558 3746 θανάτου
3601 3695 3820 3763 ἐπάγει,

2253 3780 2330 3833 Τὰ
2367 3779 2525 3847 ,βέλη
2572 3778 2760 3833 αὑτοῦ
2783 3819 2798 3842 ,
2834 3778 3049 3842 δεικνὺς
3086 3778 3144 3832 τὸ
3179 3779 3342 3849 τάχος
3387 3780 3484 3851 τῆς
3531 3783 3818 3854 τιμωρίας,

2245 3868 2370 3921 ὅταν
2423 3867 2676 3938 βουληθῇ.
2724 3867 2787 3920 Τί
2835 3867 2892 3920 δέ
2943 3869 3077 3931 ἐστι,
3139 3867 3266 3934 Τοῖς
3302 3867 3666 3938 καιομένοις;
3695 3870 3820 3936 Τοῖς

2243 3955 2699 4026 τιμωρουμένοις,
2750 3956 2862 4017 τοῖς
2912 3953 3314 4023 κολαζομένοις.
3350 3950 3482 4008 Εἶτα
3525 3957 3624 4010 οὐκ
3660 3957 3824 4028 ἀρκεῖ

2245 4043 2306 4096 τὸ
2335 4042 2465 4111 πῦρ,
2496 4040 2633 4094 ἀλλά
2660 4041 2827 4121 βελῶν
2856 4041 3049 4113 χρεία;
3100 4041 3259 4112 Ὁρᾷς
3285 4043 3313 4082 b
3336 4045 3415 4096 ὅτι
3446 4044 3622 4098 πάντα
3652 4062 3822 4116 μετα-

2247 4130 2486 4200 φορικῶς
2532 4131 2743 4201 εἴρηται
2799 4131 2891 4182 ml
2945 4131 3324 4200 ἐμφαντικῶς,
3389 4131 3483 4185 καὶ
3542 4131 3684 4185 ὥστε
3729 4133 3820 4187 διὰ

2247 4219 2462 4272 πάντων
2487 4217 2788 4288 αὐξηθῆναι
2816 4218 2906 4271 τὸν
2933 4218 3130 4287 φόϐον;
3173 4220 3239 4272 Ὃ
3267 4219 3374 4289 γὰρ
3403 4218 3548 4288 λέγει
3575 4221 3821 4275 τοιοῦτόν

2246 4306 2394 4357 ἐστι’
2423 4305 2720 4375 Ἠτοίμασε
2751 4304 2851 4369 τὰς
2892 4305 3160 4377 τιμωρίας
3193 4309 3304 4369 τοῖς
3350 4307 3603 4376 μέλλουσι
3645 4326 3821 4378 τιμω-

2251 4395 2477 4463 ρεῖσθαι.
2537 4395 2675 4447 ’Λλλ’
2725 4396 2774 4447 εί
2826 4396 2900 4468 μὴ
2941 4395 3116 4459 οὕτως
3160 4393 3334 4461 εἶπεν,
3394 4398 3492 4449 οὐκ
3534 4397 3600 4450 ἂν
3647 4397 3820 4461 οὕτως

2248 4480 2446 4552 ἔπληξε
2466 4499 2479 4512 ·
2512 4481 2606 4536 νῦν
2636 4482 2692 4535 δὲ
2717 4482 2910 4553 βελῶν,
2937 4486 3032 4536 καὶ
3061 4485 3354 4554 ῥομφαίας,
3385 4485 3478 4537 ml
3515 4485 3693 4551 τόξου,
3725 4486 3820 4540 ml

2245 4569 2530 4639 ἀφέσεως,
2581 4571 2676 4624 ml
2729 4571 2969 4635 τάσεως,
3025 4571 3120 4624 καὶ
3173 4572 3382 4626 σκευῶν
3438 4572 3667 4626 θανάτου
3722 4575 3818 4627 καὶ

2246 4659 2576 4732 ἐμπρησμοῦ
2610 4659 3005 4730 μνημονεύσας,
3038 4664 3101 4733 τῇ
3131 4662 3371 4732 ποικιλίᾳ
3402 4662 3510 4715 τῶν
3539 4664 3819 4734 ὀνομάτων

2246 4747 2487 4800 ἐπέτεινε
2520 4747 2620 4816 τὴν
2653 4746 2910 4814 ἀγωνίαν.
2957 4745 3087 4801 Εἶτα
3127 4749 3619 4820 παραμυθούμενος
3656 4751 3819 4804 πάλιν

2244 4833 2335 4888 τὸν
2377 4833 2562 4901 φόϐον,
2609 4833 2874 4904 ἐπήγαγε,
2919 4835 3046 4902 Τοῖς
3067 4834 3418 4908 καιομένοις.
3450 4838 3567 4892 Ἵνα
3595 4838 3703 4908 γάρ
3743 4839 3818 4908 μὴ

2245 4923 2444 4995 νομίσῃ
2471 4939 2556 4986 τις
2577 4921 2684 4974 τῶν
2711 4922 3098 4994 ἀνοητοτέρων,
3130 4924 3222 4976 ἐπὶ
3248 4923 3454 4988 πάντας
3482 4925 3642 4979 αὑτὸν
3662 4926 3818 4992 ἄγειν

2244 5009 2344 5082 τὴν
2392 5013 2566 5082 χεῖρα,
2619 5011 2713 5064 καὶ
2758 5011 2899 5064 κατά
2941 5011 3159 5065 πάντων
3210 5012 3496 5077 ὡπλίσθαι,
3544 5015 3816 5086 ἐπήγαγε,

2249 5097 2384 5164 Τοῖς
2418 5099 2777 5168 καιομένοις.
2837 5097 3014 5169 Ὅπερ
3059 5099 3154 5153 καὶ
3196 5101 3224 5152 ό
3269 5100 3477 5163 Παῦλος
3521 5103 3817 5155 αἰνίττεται

2245 5187 2376 5260 περὶ
2416 5189 2673 5260 ἄρχοντος
2713 5187 2884 5256 λέγων
2904 5203 2918 5216 °
2953 5190 3035 5242 Οὐ
3068 5189 3179 5256 γὰρ
3211 5187 3345 5258 εἰκῆ
3375 5189 3489 5257 τὴν
3513 5191 3819 5259 μάχαιραν

2243 5275 2430 5348 φορεῖ.
2483 5277 2546 5328 Εἰ
2590 5275 2647 5328 δὲ
2693 5275 2786 5327 ἐπὶ
2826 5274 2934 5328 τῶν
2965 5275 3238 5346 ἀρχόντων
3281 5277 3315 5346 ὴ
3367 5277 3612 5348 μάχαιρα
3655 5277 3817 5331 τοῦτο

2245 5367 2391 5419 ποιεῖ
2428 5365 2522 5418 ml
2551 5364 2738 5432 φοϐεῖ,
2785 5362 2964 5433 πολλῷ
3006 5363 3204 5432 μᾶλλον
3233 5366 3324 5418 ἐπὶ
3361 5365 3456 5418 τοῦ
3502 5365 3658 5419 Θεοῦ.
3705 5365 3816 5418 Kal

2242 5453 2402 5508 τοῦτο
2427 5452 2484 5506 δὲ
2509 5452 2570 5505 οὐ
2604 5452 2701 5522 τῆς
2731 5450 2996 5522 τυχούσης
3020 5450 3454 5522 φιλανθρωπίας,
3490 5453 3551 5506 τὸ
3591 5453 3682 5506 διὰ
3703 5453 3816 5506 τῶν

2245 5540 2504 5611 ῥημάτων
2550 5537 2735 5608 φοϐεῖν
2782 5537 2876 5590 ml
2922 5536 3177 5606 ἐξογκοῦν
3207 5538 3305 5609 τὴν
3351 5541 3641 5612 τιμωρίαν,
3671 5540 3815 5594 ὥστε

2304 5687 2333 5762 ξι
2352 5687 2464 5763 Ρρο
2479 5701 2593 5736 mss.
2610 5688 2725 5763 ,τοῖςο
2735 5690 3080 5763 κολαζομένοις⁹
3107 5692 3209 5741 εἶτα
3224 5692 3318 5763 οὐκ
3334 5694 3469 5763 ἀρκεῖ
3493 5695 3559 5763 τὸ.
3569 5697 3819 5763 πῦράλλὰ

2245 5751 2499 5824 καὶβελῷν
2520 5751 2655 5824 χρεία
2649 5763 2681 5824 ﬁ;
2705 5752 2830 5824 ὁρᾷς.
2860 5752 3079 5824 Illuedllis
3099 5767 3218 5824 νει-ο
3240 5751 3488 5824 hem-clm
3512 5758 3596 5805 οὐκ
3617 5751 3771 5824 igni.
3798 5794 3815 5812 .

2244 5811 2402 5875 χρεία;
2425 5811 2619 5862 desint.
2649 5811 2749 5863 Sed
2771 5811 2872 5863 hac
2893 5813 3220 5876 Chrysostomi
3241 5811 3357 5867 esse
3384 5820 3629 5870 videntur.
