4040 6342
237 397 304 450 97
1412 395 1768 451 IEXPOSITIO
1808 393 1871 448 IN
1915 395 2228 454 PSALMUM
2265 400 2370 454 \‘ll.
3424 406 3489 461 98

235 521 504 574 tueretur,
534 513 744 582 quando
769 527 866 566 nec
905 527 966 566 ea
993 512 1204 580 quidem
1246 515 1507 582 petiturus
1527 555 1541 576 ,
1571 529 1688 581 quae
1721 512 1812 565 tibi

238 602 380 655 utilia
428 612 576 667 sunt,
608 603 771 669 sapis.
802 603 933 670 Quis
973 612 1055 658 est
1098 613 1273 657 autem
1315 605 1401 673 qui
1446 620 1550 658 non
1594 606 1812 658 fratrem

235 695 558 748 contumelia
607 695 723 749 sine
763 710 920 749 causa
963 695 1240 749 aﬂ‘ecerit?
1287 696 1393 750 Nec
1436 698 1562 750 mibi
1591 697 1810 763 dixeris,

237 801 450 838 servum
479 785 656 840 affecit
683 787 1000 839 contumelia
1036 805 1049 839 :
1078 785 1142 838 In
1169 786 1369 840 Christo
1402 789 1542 841 enim
1587 804 1676 840 nec
1705 805 1812 839 ma-

235 879 428 940 sculus,
461 895 555 931 nec
590 880 777 948 femina
795 920 810 944 ,
839 894 928 931 nec
951 895 1122 932 servus
1151 889 1222 932 est
1243 919 1257 943 ,
1291 896 1379 932 nec
1415 880 1540 932 liber
1568 879 1586 949 (
1613 879 1728 932 Gal.
1757 880 1808 933 5.

233 972 360 1040 28).
409 971 547 1038 Quis
578 986 738 1040 porro
767 970 1062 1040 proximum
1110 986 1217 1024 non
1259 973 1559 1035 accusavit,
1607 986 1704 1026 nec
1732 978 1812 1026 est

237 1062 493 1116 mentitus
512 1061 538 1114 ?
571 1061 688 1130 quis
715 1061 990 1115 mulierem
1021 1077 1126 1116 non
1153 1063 1356 1131 aspexit
1383 1062 1660 1130 impudicis
1686 1077 1813 1115 ocu-

240 1151 300 1204 lis
322 1150 347 1202 ?
388 1151 512 1219 quis
545 1166 647 1203 non
677 1150 894 1215 invidit,
924 1150 1042 1219 quis
1071 1165 1174 1204 non
1221 1151 1362 1203 inani
1393 1151 1556 1218 gloria
1600 1151 1811 1204 labora-

237 1241 347 1294 vit?
391 1243 515 1309 quis
560 1256 666 1294 non
713 1240 963 1310 loquutus
1005 1251 1084 1294 cst
1112 1241 1331 1294 verbum
1376 1241 1648 1294 otiosum?
1691 1241 1814 1295 Harc

237 1339 409 1385 autem
437 1330 618 1384 omnia
649 1344 818 1400 pennae
858 1343 981 1384 sunt
1017 1331 1262 1385 obnoxia.
1298 1331 1362 1384 Et
1398 1333 1482 1395 si,
1519 1347 1638 1384 cum
1669 1333 1717 1385 in
1751 1333 1812 1384 iis

238 1439 349 1492 qua:
381 1422 452 1476 ad
482 1423 645 1476 vitam
685 1423 986 1491 pertinent,
1027 1438 1134 1476 non
1174 1424 1340 1476 simus
1364 1423 1675 1491 diligentes,
1707 1437 1812 1477 non

241 1530 479 1568 essemus
505 1515 666 1568 etiam
694 1515 745 1568 in
777 1515 1156 1585 spiritualibus,
1189 1517 1338 1569 venia
1369 1516 1511 1584 digni
1539 1531 1809 1570 essemus:

242 1620 374 1659 nunc
398 1613 580 1659 autem
611 1604 723 1660 haec
745 1620 954 1674 quoque
984 1604 1135 1658 nobis
1161 1614 1416 1674 prterepta
1446 1615 1526 1660 est
1550 1605 1809 1658 defensio.

245 1697 446 1750 Etenim
475 1699 529 1751 in
561 1697 665 1752 illis
691 1698 903 1767 quidem
933 1713 1116 1752 sumus
1146 1699 1419 1766 vigilantes
1447 1716 1458 1748 :
1494 1699 1543 1750 in
1572 1697 1652 1751 his
1684 1714 1812 1751 vero

245 1789 393 1855 plane
420 1788 617 1855 supini.
649 1787 726 1842 Ne
752 1797 926 1842 autem
950 1788 1039 1857 qui
1069 1788 1289 1841 audiunt
1316 1802 1437 1842 eum
1465 1803 1582 1842 esse
1612 1789 1813 1856 patien-

245 1887 361 1942 tem,
390 1877 522 1931 ﬁant
548 1877 973 1946 negligentiores,
1002 1877 1272 1945 subjunxit
1303 1896 1314 1930 :
1343 1879 1425 1932 15.
1454 1877 1571 1931 Nisi
1590 1879 1813 1931 conuersi

243 1971 452 2038 fueritis,
503 1968 730 2038 gladium
770 1983 918 2022 suum
961 1969 1190 2022 uibrabit.
1238 1970 1386 2022 Alius
1426 1978 1599 2022 autem
1640 1969 1759 2023 dicit
1794 1991 1807 2022 :

247 2063 420 2116 Ensem
447 2080 595 2115 suum
637 2072 800 2115 acuet.
842 2063 1028 2116 Arcum
1063 2079 1208 2116 suum
1247 2063 1488 2127 tetendit,
1529 2073 1576 2116 et
1619 2065 1813 2131 paravit

242 2154 420 2220 ipsum.
443 2153 599 2206 Alius
627 2152 756 2206 dicit
783 2169 796 2204 :
821 2151 1074 2205 Intendet.
1107 2154 1192 2206 14.
1224 2151 1288 2205 Et
1317 2153 1367 2205 in
1395 2169 1450 2205 eo
1477 2153 1670 2221 paravit
1693 2170 1813 2206 vasa

245 2244 443 2306 mortis,
493 2245 703 2313 sagittas
746 2260 866 2297 suas
911 2243 1201 2298 ardentibus
1231 2243 1414 2310 e/fecit.
1452 2244 1602 2298 Alius
1640 2243 1807 2299 dicit:

247 2337 318 2389 Ad
347 2335 756 2390 comburendum.

314 2435 398 2486 11.
426 2433 615 2488 Contra
653 2434 1210 2504 Anthropomorphitas.
1238 2463 1309 2473 ——
1333 2432 1468 2500 Quid
1507 2431 1593 2486 hic
1633 2431 1815 2486 dicent

248 2525 332 2594 qui
361 2525 526 2581 Deum
550 2527 734 2580 dicunt
777 2527 1004 2579 humana
1035 2540 1154 2580 esse
1193 2524 1358 2579 forma
1404 2525 1679 2594 praeditum
1699 2565 1715 2590 ,
1746 2540 1812 2578 ex

249 2618 472 2686 eoquod
501 2617 712 2674 dicatur
755 2617 952 2672 habere
997 2633 1182 2671 manus
1205 2658 1218 2680 ,
1269 2616 1460 2684 pedes,
1501 2625 1552 2669 et
1589 2615 1812 2668 oeulos?

252 2705 446 2764 Suntne
475 2710 527 2762 in
557 2711 803 2780 supernis
830 2710 942 2764 ca-li
972 2709 1275 2776 regionibus
1301 2723 1456 2760 arcus
1476 2749 1490 2770 ,
1520 2716 1572 2761 et
1599 2707 1730 2767 tela,
1760 2713 1814 2758 et

254 2814 358 2866 cos,
382 2809 433 2855 et
458 2801 700 2870 gladius,
732 2809 785 2854 et
811 2799 1102 2870 pharetra?
1133 2799 1285 2867 Atqui
1313 2797 1438 2851 dicit
1467 2798 1602 2851 alius
1631 2816 1642 2850 :
1675 2795 1812 2849 Dum

253 2901 304 2943 tu
324 2894 600 2960 respexisti,
633 2891 966 2945 turbabuntur
989 2906 1020 2942 a
1050 2899 1097 2942 te
1123 2899 1313 2942 montes
1344 2886 1541 2958 (Eccli.
1569 2887 1656 2941 16.
1682 2886 1808 2957 19).

251 2984 312 3039 Et
334 2984 414 3038 hic
451 2985 567 3052 ipse
597 3001 612 3036 :
647 2983 746 3050 Qui
772 2982 973 3050 respicit
1003 2982 1054 3034 in
1083 2991 1270 3034 terram
1310 2988 1356 3033 et
1397 2980 1519 3047 facit
1559 2995 1667 3032 eam
1709 2987 1811 3031 tre-

252 3091 373 3128 mere
409 3073 600 3145 (Psal.
627 3074 748 3127 105.
780 3072 907 3143 52).
953 3070 1103 3138 Quod
1149 3071 1192 3124 si
1235 3085 1354 3124 cum
1403 3079 1593 3123 terram
1636 3067 1809 3122 Solum

251 3168 457 3235 aspicit,
501 3165 734 3236 lapidum
776 3173 1015 3218 naturam
1062 3161 1362 3232 liquefacit,
1405 3171 1602 3228 quanto
1645 3160 1812 3229 magis

252 3255 342 3311 hoc
369 3258 540 3325 ipsum
572 3257 766 3325 poterit
807 3257 858 3308 in
889 3254 1231 3308 hominibus?
1279 3251 1384 3307 Cur
1408 3268 1532 3321 ergo
1567 3252 1653 3320 qui
1698 3250 1812 3304 solo

229 3347 424 3400 obtutu
453 3356 631 3416 potest
653 3345 836 3401 orbem
869 3357 1125 3399 terrarum
1156 3352 1416 3407 evertere,
1443 3343 1550 3395 imo
1578 3341 1666 3411 qui
1697 3341 1810 3395 sola

251 3440 510 3494 voluntate
537 3439 665 3508 (qui
693 3439 834 3493 enim
861 3452 956 3505 per
980 3437 1146 3491 solam
1173 3451 1292 3490 eum
1318 3434 1441 3488 fecit
1463 3434 1808 3497 voluntatem,

250 3531 438 3585 clarum
469 3539 555 3584 est
580 3530 720 3598 quod
761 3529 870 3583 sola
901 3537 1076 3598 potest
1099 3543 1218 3580 eum
1260 3527 1529 3580 voluntate
1563 3522 1808 3593 tolli-re),

250 3624 429 3677 dicitur
452 3622 690 3692 gladium
717 3631 769 3676 et
811 3636 990 3675 arcum
1017 3619 1255 3673 babere?
1299 3618 1352 3672 Si
1398 3617 1536 3670 enim
1567 3613 1633 3668 In
1661 3631 1812 3667 manu

249 3716 345 3781 eius
364 3723 479 3768 sunt
506 3714 633 3782 ﬁnes
657 3721 802 3766 teme
823 3711 988 3782 (Psal.
1013 3712 1098 3766 94.
1123 3709 1203 3782 4),
1222 3709 1286 3762 Et
1300 3710 1386 3779 qui
1409 3710 1460 3761 in
1477 3725 1536 3761 ea
1561 3708 1806 3770 habitant,

249 3815 296 3856 at
322 3806 528 3857 locusta
555 3822 569 3856 :
598 3811 651 3857 et
702 3802 886 3856 Omnes
939 3811 1107 3871 gentes
1157 3809 1409 3868 tamquam
1436 3808 1576 3868 gutta
1599 3813 1630 3850 a
1659 3797 1806 3860 cado,

249 3905 289 3948 et
313 3907 569 3967 tamquam
599 3895 801 3948 trutina:
828 3901 1130 3946 momentum
1155 3891 1519 3956 reputabuntur
1545 3885 1691 3959 (Isai.
1719 3887 1808 3941 40.

247 3985 453 4056 22.15)
480 3985 627 4054 :jam
656 3999 782 4039 vero
820 3982 1040 4052 angelus
1079 3996 1289 4052 quoque
1331 3979 1398 4034 ab
1441 3995 1504 4034 eo
1543 3993 1809 4048 egressus,

250 4074 390 4130 brevi
417 4083 696 4129 momento
738 4073 992 4142 temporis
1037 4080 1249 4126 centum
1278 4069 1543 4138 octoginta
1582 4069 1813 4138 quinque

253 4169 405 4222 millia
435 4166 703 4222 interfecit
731 4166 805 4238 (4.
829 4165 959 4231 Reg.
1006 4165 1088 4219 19.
1119 4161 1240 4234 55);
1267 4163 1389 4231 quid
1416 4163 1532 4215 dico
1557 4161 1813 4230 angelus?

253 4275 458 4326 muscm,
484 4274 660 4313 eruca:
686 4268 738 4311 et
762 4272 966 4310 vermes
989 4256 1355 4325 Aigyptiorum
1381 4254 1668 4306 exercitum
1697 4267 1815 4318 per-

255 4350 489 4405 diderunt
521 4368 535 4403 :
567 4349 655 4405 ubi
695 4350 799 4404 illic
843 4365 968 4403 arcu
1013 4364 1145 4416 opus
1173 4356 1281 4410 est,
1327 4347 1410 4401 ubi
1452 4345 1669 4414 gladio?
1709 4343 1814 4399 Cur

258 4457 374 4512 ergo
412 4445 527 4497 haec
569 4443 709 4496 dicta
738 4442 902 4497 sunt?
931 4442 1151 4509 Propter
1179 4440 1473 4493 auditorum
1505 4437 1814 4493 crassitudi-

263 4550 372 4589 nem
390 4577 405 4598 ,
433 4545 485 4591 et
508 4545 566 4589 ut
601 4534 684 4588 liis
707 4534 975 4589 consuetis
1001 4548 1267 4586 armorum
1297 4532 1596 4584 nominibus
1632 4545 1816 4584 eorum

263 4639 479 4680 mentem
527 4635 779 4680 terreant.
819 4624 981 4694 Cujus
1006 4624 1145 4676 enim
1175 4623 1225 4675 in
1272 4637 1428 4675 manu
1459 4631 1540 4676 est
1580 4622 1815 4675 omnium

267 4727 488 4770 nostrum
519 4717 737 4788 spiritus
780 4715 1034 4784 (Dan.
1061 4713 1206 4784 25),
1252 4725 1304 4767 et
1346 4729 1374 4766 a
1415 4713 1567 4782 cujus
1610 4713 1817 4780 frigoris

271 4806 386 4860 facie
410 4807 580 4861 nullus
605 4807 884 4861 sustinebit
908 4807 926 4874 (
947 4803 1095 4858 'Psal.
1123 4805 1243 4858 M7.
1273 4801 1402 4873 17),
1443 4803 1707 4870 quomodo
1735 4803 1820 4856 bic

275 4897 418 4950 armis
443 4896 678 4966 indiget?
716 4896 842 4960 Sed,
871 4905 926 4950 ut
953 4895 1057 4949 dixi
1085 4903 1260 4957 antea,
1290 4892 1404 4946 lucc
1429 4901 1644 4960 propter
1668 4891 1818 4945 audi-

278 4994 431 5041 torum
473 4987 875 5042 crassitudinem
923 4996 976 5040 et
1028 4985 1325 5038 tarditatem
1373 4985 1442 5037 ita
1489 4983 1627 5038 dicta
1676 4993 1818 5044 sunt.

278 5076 396 5141 Quid
423 5088 501 5131 est
523 5087 722 5140 autem,
752 5075 816 5129 Et
842 5075 1045 5128 uibrabit
1069 5075 1095 5128 .9
1124 5077 1307 5128 Acuet.
1335 5073 1531 5127 Cotene
1552 5088 1682 5141 optts
1705 5073 1822 5126 est?

283 5176 412 5220 estne
440 5167 620 5237 rubigo
650 5167 704 5220 in
727 5165 941 5236 gladio?
977 5163 1045 5219 Et
1068 5165 1338 5234 quisnam.
1372 5163 1458 5232 qui
1489 5163 1676 5231 sapiat,
1709 5162 1824 5220 hate

284 5257 342 5309 ita
364 5260 593 5328 accipere
622 5259 940 5322 sustinebit,
980 5266 1038 5314 ut
1076 5256 1216 5311 dicta
1244 5255 1408 5309 sunt?
1450 5253 1552 5310 δαὶ
1573 5295 1588 5318 ,
1616 5263 1674 5308 ut
1703 5265 1826 5308 ante

287 5348 398 5414 dixi,
430 5366 518 5420 per
543 5351 720 5406 omnia
745 5349 997 5404 describit
1026 5346 1350 5416 ριιιιίιίοιιθιη
1371 5384 1390 5412 ,
1416 5358 1470 5401 et
1497 5344 1730 5413 procedit
1759 5344 1826 5398 ad

286 5453 336 5491 tn
368 5456 475 5509 qua:
501 5450 623 5496 sunt
650 5441 911 5494 crassiora
933 5480 946 5500 ,
981 5448 1036 5490 ut
1063 5437 1220 5491 etiam
1260 5436 1348 5502 qui
1378 5445 1502 5489 sunt
1542 5433 1824 5488 admodum

288 5528 435 5594 stulti,
480 5530 770 5599 intelligant
807 5544 912 5583 non
940 5543 1057 5582 esse
1103 5527 1450 5581 insistendum
1489 5525 1824 5589 dictionibus,

289 5617 368 5672 sed
388 5636 498 5689 qua
519 5623 626 5675 Deo
647 5621 968 5674 conveniunt
986 5633 1160 5680 sensa,
1186 5632 1302 5672 esse
1330 5632 1396 5670 ex
1417 5616 1480 5668 iis
1500 5615 1823 5684 accipienda.

291 5707 439 5773 Quare
465 5712 506 5765 si
551 5712 688 5780 quis-
714 5710 917 5764 dubitat
947 5725 1046 5779 qua
1089 5709 1156 5762 de
1192 5723 1351 5762 causa
1395 5706 1827 5762 excandescentia

289 5809 334 5854 et
359 5801 424 5856 ira
451 5802 511 5859 de
533 5802 644 5878 Deo
673 5801 812 5858 dicta
839 5809 941 5868 est,
969 5801 1134 5874 multo
1160 5801 1326 5870 magis
1350 5809 1564 5870 propter
1593 5799 1703 5856 lucc
1729 5798 1828 5854 du-

1921 515 2188 570 bitaverit.
2214 518 2306 571 Sin
2333 528 2508 571 autem
2536 518 2648 572 lucc
2671 536 2773 574 non
2801 530 2924 575 sunt
2946 522 3246 590 accipienda
3273 535 3326 576 ιιι
3351 523 3487 576 dii-ta

1917 618 2073 674 sunt,
2107 610 2198 663 sed
2241 611 2309 664 ita
2342 618 2398 663 ut.
2441 612 2548 666 Deo
2592 615 2950 668 conveniant:
2981 616 3179 670 clarum
3224 627 3306 670 est
3350 620 3488 684 qttml

1918 699 2077 751 etiam
2106 698 2178 750 ira
2206 709 2258 752 et
2285 699 2757 767 excandescentia;
2804 719 2997 758 crassa:
3021 716 3196 759 autem
3238 718 3364 761 sunt
3404 710 3486 760 di-

1917 788 2142 850 ctiones,
2185 798 2242 840 ut
2285 789 2582 843 auditorum
2630 801 2905 860 penetrent
2946 796 3374 852 crassitudinem.
3423 798 3485 852 Et

1917 878 2036 932 ideo
2067 893 2162 933 nec
2193 880 2254 932 iis
2284 881 2493 956 qttidtgm
2521 898 2636 950 qua:
2663 883 2801 935 dicta
2834 892 2994 948 sunt,
3042 885 3141 941 fuit
3164 899 3445 942 contentus
3472 907 3486 943 :

1915 973 2007 1026 sed
2039 981 2296 1027 terrorem
2342 974 2626 1043 adaugens,
2671 975 2844 1030 adhuc
2885 992 3032 1030 more
3069 980 3232 1047 magis
3259 979 3487 1034 humano

1920 1065 2176 1132 procedit.
2225 1065 2337 1118 Non
2385 1067 2558 1120 solum
2604 1069 2743 1121 enim
2790 1069 2990 1123 inducit
3039 1085 3158 1125 eum
3205 1073 3485 1128 habentem

1913 1157 2166 1226 gladium,
2209 1157 2299 1210 sed
2335 1160 2495 1211 etiam
2536 1169 2815 1212 armatum.
2861 1159 2990 1226 Quia
3017 1162 3156 1214 enim
3196 1177 3300 1216 non
3337 1179 3484 1230 :eque

1915 1248 2034 1315 quis
2059 1249 2247 1300 metuit
2285 1249 2507 1302 audiens
2545 1249 2660 1302 acui
2687 1249 2940 1317 gladium,
2981 1260 3033 1303 et
3060 1251 3278 1305 audiens
3303 1268 3480 1305 arcum

1915 1354 2034 1392 esse
2063 1339 2115 1392 in
2155 1340 2395 1392 inanibus
2430 1355 2442 1391 :
2475 1355 2540 1394 ex
2571 1340 2751 1409 figuris
2780 1339 3024 1394 lunnanis
3064 1352 3290 1394 mentem
3335 1343 3482 1394 audi-~

1919 1438 2091 1482 torum
2118 1430 2372 1494 coocntit,
2402 1429 2589 1483 dicens
2619 1447 2633 1485 :
2660 1431 2845 1483 Arcum
2869 1447 3014 1484 suum
3039 1431 3244 1484 tetendit
3269 1442 3313 1483 et
3338 1448 3495 1500 pam-

1918 1523 1983 1574 uit
2014 1522 2180 1584 illum,
2212 1523 2507 1576 auditorem
2534 1532 2757 1587 terrens,
2786 1523 2939 1577 simul
2965 1534 3018 1577 et
3045 1525 3346 1592 patientiam
3375 1525 3486 1591 ejus

1916 1623 1967 1667 et
1995 1614 2123 1666 iram
2153 1614 2410 1668 indicans.
2436 1614 2552 1668 Non
2579 1616 2718 1669 enim
2740 1615 2890 1678 dixit,
2923 1616 3164 1681 Immisit,
3190 1633 3306 1683 nec,
3330 1617 3485 1670 ,ιω-ιι-

1915 1705 2052 1758 latus
2073 1714 2154 1759 est
2185 1723 2196 1757 :
2225 1706 2348 1772 sed,
2391 1705 2616 1759 Intendit
2645 1716 2692 1760 et
2718 1708 2911 1776 paravit
2935 1723 2954 1770 ;
2985 1707 3083 1760 hoc
3112 1717 3193 1761 est
3216 1750 3231 1772 ,
3279 1717 3486 1776 paratos

1915 1796 1981 1848 ad
2003 1797 2372 1849 emittendum.
2398 1798 2465 1850 Et
2483 1797 2605 1865 quid
2631 1797 2840 1850 miraris
2860 1798 2902 1850 si
2925 1797 3004 1850 sic
3026 1799 3076 1850 in
3091 1797 3266 1850 Veteri
3289 1799 3486 1850 (Letum

1914 1894 2015 1949 est,
2039 1902 2159 1939 cum
2184 1888 2340 1940 etiam
2372 1888 2422 1941 in
2451 1887 2596 1942 Novo
2618 1888 2848 1942 Joannes
2874 1903 2993 1941 cum
3018 1887 3212 1942 iudicis
3239 1889 3338 1942 tale
3360 1888 3484 1951 quid

1917 1979 2100 2033 dicat?
2143 1979 2264 2031 .Iam
2305 1991 2472 2034 autem
2515 1981 2582 2033 ad
2614 1981 2834 2034 radicem
2871 1982 3062 2033 arboris
3109 1982 3295 2033 securis
3325 1984 3487 2049 positu

1915 2080 1986 2124 est
2028 2070 2195 2141 (Luc.
2229 2071 2278 2124 5.
2317 2070 2412 2139 9).
2456 2071 2592 2138 Quid
2637 2072 2806 2140 ergo?
2847 2087 2912 2124 an
2952 2072 3308 2125 materiai-ium
3351 2071 3485 2124 licus

1915 2160 2153 2214 imitatur
2180 2162 2354 2215 securi
2379 2161 2517 2229 ligna
2545 2161 2912 2214 scindentem?
2953 2177 3018 2214 an
3042 2161 3127 2214 hic
3165 2162 3364 2214 securis
3404 2162 3486 2212 in-

1917 2252 2199 2321 telligenda
2225 2261 2336 2313 cst,
2381 2261 2437 2306 et
2486 2252 2671 2321 ligna?
2697 2252 2849 2305 Absit
2876 2270 2888 2304 :
2921 2252 3360 2317 quemadmodum
3390 2267 3487 2304 ure

1916 2345 2081 2413 palea:
2099 2385 2114 2407 ,
2144 2359 2242 2397 nec
2285 2343 2606 2398 frumentum
2624 2385 2638 2406 ,
2665 2342 2875 2412 quando
2901 2343 3028 2396 dicit
3053 2359 3066 2396 :
3094 2341 3250 2413 Cujus
3277 2344 3487 2395 ventila-

1916 2434 2058 2492 brum
2096 2435 2149 2487 in
2177 2451 2327 2487 manu
2354 2435 2462 2504 ejus
2481 2475 2494 2497 ,
2536 2443 2582 2487 et
2620 2433 2878 2486 mundabit
2903 2449 3071 2486 aream
3095 2449 3237 2486 suam
3261 2473 3276 2498 ,
3303 2442 3349 2486 et
3377 2435 3486 2502 frn-

1917 2537 2133 2580 mentum
2157 2526 2360 2596 quidem
2382 2525 2699 2595 congregabit
2737 2526 2789 2578 in
2827 2526 3062 2578 horreum
3085 2541 3230 2578 suum
3248 2565 3263 2589 ,
3292 2525 3489 2592 paleam

1915 2630 2082 2672 autem
2109 2618 2358 2672 comburet
2401 2618 2516 2686 igne
2555 2616 2950 2686 inexstinguibili
2989 2614 3220 2688 (Matth.
3263 2614 3316 2668 5.
3357 2614 3421 2669 12
3444 2628 3484 2685 ).

1915 2710 2045 2778 Quae
2069 2718 2294 2776 estergo
2316 2709 2516 2762 securis
2539 2708 2560 2761 ?
2591 2707 2818 2771 Punitio,
2845 2707 3180 2776 supplicium.
3209 2706 3338 2773 Quae
3361 2722 3488 2760 vero

1915 2813 2040 2858 sunt
2061 2801 2322 2857 arbores?
2348 2802 2617 2855 Homines.
2643 2801 2896 2868 Quaenam
2921 2797 3126 2869 palea“?
3161 2798 3300 2851 Mali.
3335 2797 3486 2864 Quod

1916 2895 2286 2950 frumentum?
2325 2895 2477 2947 Boni.
2520 2893 2653 2959 Quid
2680 2891 3070 2946 ventilabrum?
3102 2891 3377 2944 Discretio.
3413 2889 3487 2942 Ita

1915 2992 2072 3043 etiam
2110 2989 2214 3049 Itic,
2261 2989 2492 3056 gladius,
2527 3001 2700 3051 arcus,
2743 2995 2796 3038 et
2834 2986 3036 3053 sagitta:
3077 2997 3232 3052 paena
3276 2991 3397 3036 sunt
3433 2991 3487 3036 et

1915 3079 2254 3151 supplicium.
2294 3077 2492 3131 Deinde
2519 3077 2682 3128 innuit
2712 3075 3044 3136 dilationem,
3079 3080 3134 3126 et
3155 3073 3338 3126 abesse
3364 3070 3488 3140 qui-

1916 3171 2034 3224 dem
2061 3184 2292 3238 pmnam,
2318 3169 2408 3221 sed
2434 3182 2536 3220 non
2563 3167 2738 3234 looge,
2777 3168 2963 3218 adesse
2992 3171 3164 3216 autem
3191 3163 3239 3216 in
3265 3161 3487 3226 foribus,

1916 3277 2014 3332 per
2041 3260 2328 3314 intendisse
2351 3269 2404 3311 et
2428 3255 2907 3324 parasse‘ostendit.
2936 3255 3283 3306 Instrumenta
3308 3259 3485 3304 autem

1918 3354 2103 3406 mortis
2153 3351 2282 3404 dicit
2333 3349 2572 3418 sagittas.
2631 3346 3081 3412 Quemadmodum
3140 3346 3487 3398 instrumenta

1898 3443 2271 3513 'angCltllltr:l'.,
2301 3455 2359 3492 ea
2388 3439 2579 3508 quibus
2605 3447 2744 3491 terra
2773 3439 2999 3498 colitur;
3042 3443 3095 3488 et
3119 3435 3486 3503 navigationis,

1915 3553 2034 3606 qua:
2073 3533 2136 3587 ad
2168 3532 2514 3600 navigandum
2554 3529 2866 3590 conferunt;
2909 3536 2962 3580 et
3000 3527 3262 3591 textrinaz,
3301 3525 3490 3594 quibus

1918 3628 2114 3682 texitur
2145 3643 2156 3678 :
2189 3625 2258 3678 ita
2288 3625 2446 3678 etiam
2491 3621 2675 3674 mortis
2714 3621 3082 3681 instrumenta,
3120 3632 3237 3686 qua:
3263 3624 3487 3669 mortem

1915 3718 2169 3773 elticiunt.
2215 3714 2413 3768 Deinde
2453 3713 2806 3780 interpretans
2845 3723 3088 3777 quamam
3130 3717 3252 3760 sunt
3291 3707 3488 3759 instru-

1916 3819 2094 3864 menta
2139 3808 2322 3862 inertis
2347 3846 2362 3870 ,
2406 3803 2702 3874 subjungit,
2754 3801 2979 3867 Sagittas
3005 3814 3160 3860 suas,
3201 3795 3488 3850 ostendens

1916 3904 2241 3958 coleritatem
2265 3898 2506 3968 supplicii
2529 3895 2739 3964 quando
2761 3892 3008 3946 voluerit.
3032 3889 3166 3957 Quid
3189 3898 3269 3942 est
3289 3898 3488 3953 autem,

1918 3995 2262 4051 Ardentibus?
2301 3994 2368 4048 lis
2397 3990 2484 4061 qui
2506 3990 2793 4061 puniuntur
2818 4026 2832 4049 ,
2886 3984 2950 4038 iis
2992 3982 3081 4052 qni
3118 3981 3244 4034 dant
3284 3995 3486 4048 poenas.

1919 4090 1994 4157 (η)
2019 4085 2266 4158 [Ergone
2303 4084 2435 4152 ignis
2459 4099 2560 4136 non
2603 4079 2816 4140 sufficit,
2839 4076 2930 4130 sed
2954 4073 3154 4142 sagittis
3178 4080 3258 4125 est
3278 4071 3446 4140 opus?
3477 4070 3489 4139 |

1921 4179 2080 4232 Vides
2121 4177 2296 4230 omnia
2345 4189 2437 4241 per
2481 4171 2876 4225 translationem
2920 4175 2973 4218 et
3015 4162 3308 4230 emphasim
3351 4160 3487 4212 dicta

1918 4284 2058 4331 esse,
2099 4276 2154 4321 et
2191 4276 2248 4320 ut
2279 4280 2372 4333 per
2412 4263 2523 4318 hate
2561 4271 2746 4314 cuncta
2781 4263 3062 4326 augeretur
3099 4251 3296 4305 timor?
3337 4250 3490 4315 Quod

1919 4361 2058 4414 enim
2089 4357 2252 4422 dicit,
2303 4355 2406 4408 tale
2445 4363 2546 4408 est.
2590 4351 2798 4406 Paravit
2841 4346 3092 4415 supplicia
3136 4345 3200 4398 iis
3237 4343 3324 4412 qui
3369 4352 3492 4394 sunt

1919 4448 2195 4522 puniendi.
2223 4446 2326 4502 Sed
2354 4446 2396 4499 si
2427 4460 2531 4498 non
2557 4442 2633 4496 sic
2659 4441 2896 4502 dixisset,
2927 4453 3030 4489 non
3071 4437 3140 4488 ita
3182 4437 3489 4486 terruisset:

1921 4556 2066 4596 nunc
2095 4550 2271 4592 autem
2309 4553 2428 4591 cum
2451 4531 2982 4603 sagittariumgladii,
3021 4543 3176 4582 arcus
3215 4524 3496 4579 itnmissio-

1922 4633 2007 4687 nis
2027 4672 2040 4694 ,
2075 4630 2388 4685 intensionis
2427 4629 2895 4681 instrumentorum
2925 4621 3142 4682 mortis,
3183 4626 3236 4672 et
3267 4616 3493 4670 incendii

1923 4722 2188 4786 meminit,
2221 4721 2493 4774 nominum
2517 4718 2773 4770 varietate
2807 4723 3004 4767 metum
3032 4713 3266 4765 incuss-it.
3297 4709 3496 4763 Deinde

1927 4829 2112 4870 rursus
2138 4822 2334 4867 metum
2361 4809 2686 4872 consolatus,
2717 4805 3023 4874 subiunxit,
3056 4801 3374 4856 Ardeatibus.
3417 4799 3491 4854 Ne

1927 4906 2044 4975 quis
2091 4903 2231 4958 enim
2281 4899 2613 4969 insipientior
2650 4898 3012 4958 existimaret,
3064 4894 3114 4946 in
3150 4906 3335 4946 omnes
3372 4907 3494 4946 eum

1927 5010 2116 5052 manus
2143 4994 2391 5062 dirigere,
2424 5002 2477 5045 et
2505 5001 2765 5044 armatum
2797 5003 2935 5050 esse,
2964 4985 3234 5055 subjuuttit
3253 5025 3268 5050 ,
3299 4984 3494 5036 Arden-

1927 5087 2076 5140 tibus.
2121 5084 2270 5151 Quod
2321 5086 2478 5136 etiam
2535 5081 2729 5134 Paulus
2777 5078 3035 5149 s'gnilicat
3077 5077 3142 5130 de
3193 5076 3497 5145 magistratu

1927 5177 2146 5232 dicens:
2175 5174 2294 5228 Non
2315 5175 2446 5226 enim
2471 5176 2657 5243 [rustra
2683 5171 2908 5241 gladium
2929 5177 3091 5238 portat
3118 5165 3291 5238 (Rom.
3311 5166 3396 5220 15.
3415 5166 3496 5233 4).

1929 5267 2084 5335 Quod
2107 5267 2150 5320 si
2183 5267 2234 5319 in
2266 5265 2657 5334 magistratibus
2683 5261 2888 5330 gladius
2921 5261 3019 5312 hoc
3045 5255 3166 5312 facit
3205 5268 3257 5309 et
3296 5264 3499 5309 terret:

1931 5361 2099 5414 multo
2129 5359 2296 5427 magis
2328 5358 2380 5411 in
2406 5357 2531 5409 Deo.
2561 5355 2727 5410 Porro
2767 5353 2866 5408 boc
2891 5361 2972 5406 est
3004 5365 3108 5404 non
3134 5349 3362 5416 vulgaris
3389 5348 3500 5399 cle-

1934 5451 2142 5505 mentia:
2180 5457 2571 5518 argumentum,
2613 5462 2706 5513 per
2733 5445 2891 5498 verba
2934 5453 3152 5503 terrere,
3195 5450 3248 5494 et
3291 5455 3500 5508 pmnam

1932 5543 2255 5613 amplificare
2280 5583 2294 5605 ,
2341 5557 2406 5596 ne
2447 5541 2617 5608 reipsa
2650 5553 2764 5592 eam
2807 5537 3163 5607 experiamur.
3215 5533 3501 5601 Propterea

1999 5743 2072 5805 (α)
2091 5752 2202 5802 Qua:
2236 5743 2422 5790 uncinis
2456 5741 2740 5790 clauduntur
2774 5741 2821 5789 in
2852 5739 2996 5788 Editis
3030 5737 3233 5797 desunt;
3268 5734 3498 5785 habentur

1939 5815 2100 5856 autem
2124 5805 2383 5864 induobus
