4074 6356
560 425 633 486 99
1261 421 1318 476 S.
1357 418 1632 476 JOANNIS
1657 410 2126 472 CHRYSOSTOMI
2167 406 2479 466 ARCHIEP.
2510 409 3041 468 CONSTANTINOP.

557 541 699 595 enim
726 535 971 603 intendit,
1010 540 1290 604 propterea
1320 528 1560 602 paravit,
1604 531 1725 585 ideo
1765 536 1983 597 sagittas
2025 525 2125 580 im-

559 632 764 701 posuit,
805 626 928 682 ideo
965 639 1026 680 se
1064 632 1215 695 parat
1251 622 1316 677 ad
1354 623 1710 693 supplicium,
1749 634 1817 675 ne
1855 620 2033 674 veniat
2064 617 2129 671 ad

554 720 893 788 supplicium.

626 810 712 864 12.
743 809 1045 864 Orationem
1066 814 1242 861 autem
1289 804 1462 859 reddit
1486 802 1780 872 graviorem
1805 842 1819 865 ,
1847 814 1946 870 per
1971 797 2127 863 illud,

565 900 807 965 l'ibrabit,
839 899 1080 969 supplicii
1105 897 1495 953 vehementiam
1528 902 1584 949 et
1602 893 1929 948 celeritatem
1947 901 2129 944 osten-

550 992 684 1046 dens
707 1008 723 1058 ;
752 992 983 1062 perillud
1009 999 1206 1053 autem,
1234 986 1478 1052 Intendit,
1509 985 1955 1056 propinquitatem
1983 1000 1995 1037 :
2035 997 2129 1050 per

556 1083 705 1148 illud,
746 1081 979 1146 Paravit,
1028 1081 1078 1135 id
1121 1080 1260 1150 quod
1291 1079 1511 1133 omnino
1549 1076 1781 1131 futurum
1808 1085 1908 1141 est,
1953 1076 1996 1129 si
2023 1091 2129 1129 non

554 1174 751 1228 fuerint
801 1175 985 1229 mutati
1037 1192 1050 1227 :
1100 1189 1195 1243 per
1223 1173 1360 1227 hanc
1397 1186 1601 1236 vocem,
1646 1169 1967 1235 Ardentibus,
2011 1183 2130 1223 reos

554 1268 860 1331 ostendens,
891 1277 945 1318 ut
966 1279 1058 1333 per
1082 1263 1197 1319 ι]ωο
1221 1262 1400 1317 omnia
1428 1262 1591 1328 docti,
1623 1259 2016 1328 improbitatem
2046 1275 2131 1312 re-

556 1365 808 1425 primant.
858 1356 1008 1423 Quod
1053 1355 1096 1409 si
1118 1355 1232 1409 ha-c
1270 1364 1449 1409 essent
1488 1352 1680 1406 furoris
1726 1358 1780 1404 et
1823 1349 2127 1412 iracundior,

554 1460 660 1499 non
690 1445 1020 1514 praedixisset
1041 1446 1138 1510 eis,
1166 1460 1224 1499 se
1253 1444 1556 1498 invasurum
1577 1457 1717 1497 esse.
1748 1442 1827 1496 Ira
1857 1441 1998 1496 enim
2025 1455 2128 1493 non

553 1534 656 1589 hoc
707 1535 848 1600 facit,
881 1535 974 1590 sed
1017 1536 1365 1601 contrarium,
1396 1535 1626 1589 maxime
1656 1533 1868 1602 quando
1893 1531 1961 1586 ad
1985 1546 2130 1585 sum-

550 1644 695 1681 mum
748 1629 1066 1697 pervenerit,
1095 1637 1150 1682 et
1172 1628 1435 1697 supplicio
1459 1643 1521 1682 ac
1561 1626 1802 1696 supplicii
1849 1625 2125 1694 apparatui

552 1719 812 1773 imminet.
839 1719 1031 1773 llostes
1054 1728 1217 1785 certe,
1246 1728 1300 1774 et
1336 1719 1425 1789 qui
1446 1719 1622 1772 volunt
1653 1716 1967 1785 supplicium
1996 1714 2130 1770 inlli-

551 1825 700 1879 gere,
745 1825 849 1862 non
879 1809 1038 1863 modo
1064 1808 1114 1863 id
1143 1824 1250 1863 non
1280 1808 1480 1870 dicunt,
1512 1806 1607 1862 sed
1636 1809 1793 1861 etiam
1824 1806 1876 1861 id
1896 1807 2129 1861 celantes

552 1898 826 1965 invadunt,
852 1915 917 1954 ne
932 1900 1019 1969 qui
1048 1910 1167 1954 sunt
1193 1899 1440 1968 puniendi
1466 1898 1510 1952 si
1531 1897 1860 1962 resciverint,
1883 1908 2123 1951 caveant.

549 1988 619 2041 At
648 2004 751 2044 non
799 1990 876 2043 sic
905 1991 1068 2054 Deus,
1120 1990 1216 2044 sed
1258 2000 1443 2043 contra
1488 1989 1705 2045 omnino
1736 2004 1749 2041 :
1785 1987 2042 2056 praedicit,
2073 1998 2128 2043 et

547 2078 741 2146 dilfert,
772 2082 946 2135 verbis
971 2090 1155 2146 terret,
1179 2089 1233 2135 et
1257 2080 1387 2133 nihil
1413 2094 1517 2134 non
1548 2078 1698 2145 facit,
1729 2089 1786 2133 nt
1808 2094 1927 2149 qua:
1951 2080 2127 2133 mina-

548 2184 632 2227 tur
661 2190 764 2228 non
797 2175 1033 2229 inducat.
1082 2174 1196 2230 Hoc
1227 2175 1391 2229 etiam
1426 2173 1546 2228 fecit
1594 2172 1647 2226 in
1689 2171 1952 2226 Ninivitis.
1996 2171 2128 2225 Nam

546 2266 651 2319 illic
670 2280 880 2335 quoque
926 2282 1106 2320 arcum
1138 2266 1381 2330 tetendit,
1428 2265 1660 2335 gladium
1690 2265 1932 2331 vibravit,
1955 2264 2127 2333 jacula

544 2360 769 2427 paravit,
800 2368 855 2413 et
895 2360 1055 2413 ictum
1105 2375 1210 2413 non
1258 2358 1464 2413 inﬂixit.
1500 2361 1582 2412 An
1626 2371 1732 2411 non
1765 2356 1856 2411 tibi
1885 2357 2129 2411 videntur

546 2450 705 2506 verba
736 2450 1008 2520 propheta:
1033 2466 1153 2507 esse
1188 2465 1362 2516 arcus,
1392 2461 1447 2506 et
1475 2450 1657 2515 telum,
1685 2457 1739 2503 et
1766 2448 1977 2519 gladius
2001 2464 2128 2503 aeu-

552 2553 659 2606 tus,
690 2544 899 2611 qtmndo
927 2544 1054 2599 dicit
1084 2560 1099 2597 :
1127 2544 1308 2598 Adhuc
1351 2555 1449 2597 tres
1473 2543 1580 2597 dies
1625 2539 1699 2613 (α)
1725 2549 1772 2596 et
1802 2540 1988 2595 Ninive
2012 2541 2128 2595 sub-

546 2644 762 2688 eertetur
777 2632 948 2704 (Iona:
979 2635 1032 2689 5.
1050 2634 1108 2704 4)
1129 2634 1152 2688 ?
1175 2634 1279 2690 Sed
1303 2635 1465 2688 telum
1484 2648 1587 2687 non
1609 2632 1787 2687 emisit
1814 2649 1828 2685 :
1858 2648 1962 2687 non
1983 2633 2126 2687 enim

544 2724 664 2778 ideo
684 2733 803 2779 erat
828 2736 1142 2794 apparatum
1175 2732 1231 2778 ut
1255 2726 1603 2788 emitteretur,
1628 2724 1721 2779 sed
1746 2731 1803 2778 ut
1831 2737 2126 2793 reponere-

542 2824 648 2869 tur.
697 2816 827 2870 Nam
874 2816 1069 2872 milites
1115 2815 1328 2886 quidem
1354 2830 1415 2870 ea
1455 2816 1523 2871 de
1549 2830 1705 2871 causa
1750 2825 2041 2883 armantur,
2070 2826 2127 2871 ut

543 2908 764 2976 puniant
792 2925 805 2960 :
842 2909 979 2962 Deus
1004 2922 1180 2962 autem
1204 2922 1307 2961 non
1335 2906 1432 2975 sic,
1468 2906 1565 2961 sed
1598 2915 1653 2961 ut
1678 2921 1799 2962 cum
1831 2907 2126 2963 reddiderit

541 3008 686 3053 metu
728 2998 1101 3063 modestiores,
1133 2998 1396 3051 abstineat
1429 3011 1644 3051 manum
1683 3013 1711 3051 a
1739 2998 2017 3068 supplicio.
2046 2997 2123 3051 Ne

541 3103 669 3158 ergo
689 3087 1068 3144 conturbemur
1092 3108 1103 3142 :
1124 3097 1206 3142 est
1225 3088 1365 3143 enim
1387 3096 1557 3142 terror
1572 3087 1857 3142 verborum
1882 3088 2125 3143 maxima:

538 3179 858 3245 dementire,
880 3188 936 3234 et
975 3179 1223 3249 quodicit
1244 3178 1678 3244 intolerabiliora,
1710 3194 1775 3233 eo
1803 3177 1890 3232 illa
1912 3194 1977 3233 ex
2002 3195 2121 3233 ma-

539 3268 645 3340 jori
686 3270 814 3326 dicit
855 3271 1276 3325 mansuetudine.
1317 3270 1448 3324 Nam
1493 3279 1668 3340 patres
1709 3271 1868 3325 etiam
1911 3271 2125 3341 quando

542 3361 727 3415 nolunt
756 3362 943 3431 punire
994 3362 1151 3429 ﬁlios,
1194 3363 1371 3417 verbis
1411 3362 1544 3417 iram
1573 3363 1820 3417 attollunt
1854 3380 1867 3416 :
1903 3365 1971 3417 ita
2008 3365 2125 3433 ipse

540 3454 724 3519 etiam,
754 3453 876 3522 quia
924 3468 1025 3507 non
1071 3454 1184 3507 vult
1228 3453 1444 3523 punire,
1493 3453 1668 3508 verbis
1715 3462 1916 3509 metum
1951 3454 2125 3510 reddit

541 3544 859 3612 graviorem.
887 3543 1026 3598 Dicit
1046 3544 1201 3598 etiam
1230 3560 1287 3599 se
1315 3557 1527 3613 parasse
1565 3544 1884 3613 gehennam,
1916 3560 1982 3600 ne
2003 3545 2123 3599 mit-

546 3643 621 3687 tat
665 3635 717 3687 in
748 3634 1044 3704 gehennam
1070 3676 1085 3700 ,
1114 3644 1166 3690 et
1194 3634 1316 3689 ideo
1343 3634 1502 3688 etiam
1545 3634 1598 3687 in
1629 3633 1927 3703 Evangeliis
1958 3636 2119 3688 multa

543 3725 791 3781 dicuntur
811 3726 877 3781 de
907 3727 1185 3796 supplicio,
1230 3741 1291 3781 ac
1321 3727 1468 3796 plura
1499 3742 1656 3797 quam
1679 3726 1747 3781 de
1773 3742 1957 3798 regno.
1987 3729 2119 3794 Quia

543 3819 684 3872 enim
716 3818 766 3872 in
793 3818 860 3873 iis
886 3819 975 3887 qui
1020 3818 1214 3873 minori
1244 3828 1369 3873 sunt
1396 3834 1556 3874 sensu
1585 3818 1813 3890 praediti,
1856 3835 1961 3874 non
1998 3829 2120 3872 tan-

546 3920 656 3965 tum
686 3909 950 3966 bonorum
999 3913 1298 3980 promissio,
1329 3927 1490 3981 quam
1519 3921 1904 3967 tormentorum
1948 3923 2120 3966 metus

543 4002 756 4058 adducit
778 3996 841 4056 ad
862 4002 1136 4067 virtutem,
1160 4012 1214 4057 et
1235 4002 1449 4057 abducit
1468 4018 1500 4057 a
1530 4003 1658 4056 vitio
1687 4021 1701 4057 :
1734 4013 2016 4072 prepterea
2064 4003 2117 4057 in

546 4095 611 4149 iis
637 4094 804 4165 magis
849 4105 1181 4159 immoratur,
1233 4102 1290 4149 et
1315 4109 1378 4149 ea
1428 4096 1575 4164 ponit
1613 4095 1844 4150 assidue.
1890 4094 1967 4150 Ne
1993 4111 2119 4165 ergo

545 4184 786 4240 molestia
802 4185 1114 4252 alﬁciamur,
1143 4185 1267 4239 dum
1293 4186 1472 4256 gravia
1497 4186 1658 4242 verba
1683 4186 1926 4240 audimus
1958 4205 1973 4241 :
2007 4203 2122 4239 mn-

545 4291 705 4345 guum
740 4274 881 4330 enim
913 4276 1118 4330 lucrum
1150 4277 1203 4331 in
1229 4291 1287 4331 se
1324 4277 1631 4342 continent;
1677 4276 1772 4332 sed
1802 4276 1917 4346 ejus
1938 4277 2119 4332 consi-

544 4365 791 4419 derantes
832 4375 885 4419 et
931 4367 1240 4436 patientiam
1282 4373 1339 4421 et
1386 4365 1586 4435 justum
1632 4365 1910 4437 judicium,
1957 4382 2026 4421 ne
2053 4367 2121 4421 de

545 4457 714 4511 salute
760 4456 1142 4527 desperemus:
1171 4468 1254 4515 est
1301 4461 1441 4514 enim
1475 4460 1717 4530 patiens;
1762 4475 1934 4530 neque
1980 4461 2117 4514 tristi

539 4547 718 4600 animo
741 4548 906 4602 simus
934 4565 949 4602 :
981 4559 1064 4604 est
1093 4551 1233 4605 enim
1269 4552 1475 4620 justus;
1506 4552 1590 4606 hic
1638 4550 1848 4622 quidem
1898 4552 2117 4606 multam

541 4639 828 4693 ostendens
860 4641 1187 4708 patientiam,
1215 4642 1321 4697 illic
1349 4652 1524 4698 autem
1554 4658 1649 4698 eos
1668 4643 1756 4712 qui
1785 4658 1890 4697 non
1923 4643 2009 4698 hic
2035 4644 2120 4697 lu-

540 4729 878 4797 crifecerunt,
911 4734 1275 4802 experimento
1306 4735 1517 4789 tradens
1560 4736 1800 4804 supplicii
1829 4753 1844 4798 ;
1873 4738 2015 4806 quod
2053 4753 2119 4793 ne

544 4823 651 4884 tiat,
681 4821 766 4876 hic
783 4826 892 4891 jam
922 4825 1235 4892 supplicium
1263 4825 1606 4895 depellamus.
1641 4827 1727 4881 15.
1775 4826 1909 4881 Ecce
1941 4838 2119 4896 paru-

539 4913 625 4965 riit
654 4914 971 4984 injustitiam.
1004 4914 1257 4971 Hebraeus
1278 4925 1475 4982 autem,
1499 4932 1596 4987 pro
1616 4918 1875 4987 parturiit,
1899 4918 2049 4972 Jebat
2077 4923 2114 4971 ι.

543 5003 780 5073 Concepit
804 5007 1046 5060 dolorem.
1075 5008 1245 5073 Alius,
1278 5008 1346 5061 Et
1374 5024 1485 5061 cum
1513 5010 1850 5077 parturiisset.
1885 5009 1949 5061 Et
1973 5027 2122 5080 prpe-

542 5099 606 5152 rit
631 5098 962 5166 iniquitatem.
993 5100 1163 5168 Alius,
1186 5099 1532 5154 Mendacium.
1559 5100 1646 5155 16.
1674 5099 1865 5153 Locum
1897 5104 2114 5170 aperuit,

607 5380 625 5413 ι
658 5385 794 5440 περς..
822 5377 1135 5440 Iabet;Editl,
1160 5378 1288 5430 lebat
1314 5391 1332 5429 :
1354 5393 1447 5431 vox
1470 5381 1673 5430 Hebraea
1697 5387 1788 5440 est,
1804 5356 1953 5435 Sam.

602 5469 677 5542 (ᾳ)
698 5470 1029 5542 Antiquissima
1063 5470 1186 5542 haec
1202 5469 1349 5542 lectio
1371 5480 1465 5532 est,
1491 5479 1543 5542 et
1565 5472 1612 5519 in
1634 5472 1940 5542 Septuaginta
1964 5479 2115 5542 inter-

544 5537 713 5594 pretes
742 5532 934 5595 invecta
957 5545 971 5581 :
993 5540 1196 5595 ωιηίθι
1224 5535 1456 5582 Imbreus
1494 5540 1548 5582 et
1584 5532 1742 5595 syrtis,
1770 5532 1841 5595 et
1862 5532 2026 5593 Aquila
2067 5542 2119 5582 et

542 5592 845 5656 Symmachus
881 5602 934 5656 et
969 5594 1260 5656 Theodotio,
1294 5595 1508 5656 itemque
1531 5592 1745 5656 Vulgata,
1770 5592 1999 5651 habeant,
2032 5597 2118 5642 art-

542 5652 635 5701 huc
658 5652 979 5716 quadraginta
1000 5654 1119 5714 dies,
1137 5663 1182 5705 et
1204 5653 1365 5705 Ninive
1386 5652 1699 5705 subt'ertetitr.
1723 5655 1935 5703 Justinus
1955 5663 2118 5703 autem

546 5716 594 5788 in
611 5714 804 5788 Dialogp
824 5714 1206 5788 eunijt‘ryphoue
1228 5717 1551 5788 quadraginta
1561 5724 1670 5788 tres
1691 5716 1866 5788 habet,
1891 5717 1955 5788 ita
1977 5724 2029 5788 ut
2053 5731 2116 5765 ex

545 5776 731 5825 duabus
766 5776 1059 5827 lectionibus
1094 5791 1189 5825 una
1228 5776 1347 5827 facta
1380 5776 1458 5828 sit.
1484 5779 1574 5830 Sed
1613 5778 1678 5829 ait
1705 5778 1886 5828 ibidem
1908 5781 2120 5828 Justinus

545 5836 639 5884 alia
662 5838 977 5901 exemplaria,
1000 5847 1097 5889 tres
1121 5839 1241 5901 dies,
1266 5839 1468 5892 habere.

2236 535 2285 575 et
2308 519 2482 587 eﬂ'odit
2509 537 2623 575 eum
2649 561 2666 589 ,
2689 533 2734 576 et
2760 520 2952 575 incidet
2976 523 3028 577 in
3050 523 3245 592 [weam
3268 538 3418 594 quam
3442 525 3578 594 fecit.
3608 527 3760 582 Alius
3797 546 3813 583 :

2236 613 2303 666 In
2329 613 2584 666 interitum
2611 629 2760 683 quem
2781 614 2919 683 fecit.
2949 615 3096 669 Dixit
3129 616 3293 671 Deum
3318 632 3439 672 esse
3477 627 3721 688 paratum
3746 622 3814 674 ad

2239 703 2555 772 supplicium
2575 719 2591 769 ;
2610 704 2744 758 dixit
2760 719 2880 759 eum
2895 706 3179 762 immittere
3195 708 3448 777 supplicia
3468 725 3482 761 :
3504 724 3597 778 per
3608 710 3710 764 hoc
3727 727 3817 765 ca-

2234 794 2463 862 stigavit,
2493 804 2548 848 et
2572 795 2871 850 modestum
2912 796 3144 852 reddidit
3171 798 3489 865 auditorem,
3521 810 3581 854 ut
3604 794 3699 870 qui
3722 817 3813 856 su-

2234 899 2454 955 pernam
2484 885 2615 939 iram
2640 886 2689 941 ei
2726 887 3036 960 impendere
3063 889 3373 946 ostenderit.
3398 892 3534 947 Eum
3561 892 3814 963 deinceps

2234 975 2391 1029 docet
2414 976 2570 1029 etiam
2600 990 2666 1029 ex
2697 977 2859 1032 rebus
2885 979 3012 1048 ipsis
3035 980 3341 1049 ostendens,
3368 982 3450 1036 vel
3471 994 3597 1039 ante
3612 985 3814 1054 suppli-

2233 1065 2392 1131 cium,
2420 1065 2592 1134 ipsum
2621 1066 2804 1121 vitium
2830 1084 2948 1124 esse
2975 1084 3202 1139 pinnam.
3233 1071 3385 1138 Quod
3411 1073 3623 1143 quidem
3649 1078 3811 1130 etiam

2236 1154 2430 1210 Paulus
2480 1156 2873 1224 demonstrans,
2925 1159 3139 1215 dicebat
3190 1179 3203 1213 :
3249 1162 3314 1216 Et
3342 1164 3618 1219 mercedem
3660 1181 3811 1232 quam

2233 1247 2493 1315 oportebat
2534 1249 2718 1301 erroris
2764 1250 2818 1301 in
2860 1266 2913 1304 se
2952 1252 3243 1319 recipientes
3290 1252 3468 1321 (Rom.
3514 1257 3567 1308 1.
3605 1255 3699 1325 27)
3723 1268 3810 1319 ;et

2232 1335 2449 1390 adducit
2476 1336 2525 1389 in
2557 1338 2790 1393 medium
2806 1355 2899 1395 eos
2918 1341 3006 1409 qui
3025 1351 3261 1396 extrema
3285 1358 3315 1396 a
3342 1345 3470 1399 vitio
3497 1348 3636 1414 passi
3665 1357 3807 1401 sunt.

2236 1426 2365 1492 Quia
2396 1427 2541 1482 enim
2571 1428 2721 1483 multi
2746 1445 2811 1484 ex
2847 1431 3193 1487 erassiorlbus
3221 1441 3346 1489 tunc
3372 1438 3603 1493 maxime
3639 1439 3811 1493 solent

2235 1518 2472 1583 reprimi,
2504 1526 2558 1573 et
2604 1520 2984 1576 moderatiores
3007 1522 3167 1590 eflici,
3189 1526 3404 1594 quando
3432 1542 3527 1582 eos
3550 1530 3640 1598 qui
3669 1531 3808 1599 passi

2232 1620 2358 1663 sunt
2388 1610 2615 1665 viderint
2646 1630 2660 1665 :
2690 1623 2970 1683 propterea
3000 1616 3114 1684 ipse
3149 1633 3361 1688 quoque
3386 1635 3485 1675 eos
3512 1622 3729 1677 adducit
3754 1625 3805 1679 in

2233 1700 2486 1755 medium.
2517 1700 2592 1755 Ita
2610 1703 2770 1758 etiam
2795 1704 2918 1760 facit
2940 1704 3204 1773 Christus,
3226 1709 3314 1778 qui
3337 1725 3455 1765 cum
3480 1712 3547 1767 de
3568 1713 3807 1784 gehenna

2233 1791 2454 1846 multum
2481 1792 2839 1863 disseruisset,
2873 1810 2968 1852 eos
2989 1799 3149 1852 etiam
3170 1801 3260 1869 qui
3282 1802 3404 1856 illuc
3423 1804 3729 1872 mittuntur,
3753 1808 3804 1861 in

2234 1884 2464 1939 tnedium
2506 1886 2743 1953 adducit,
2777 1899 2835 1943 ut
2858 1889 3078 1946 divitem
3105 1892 3197 1962 qui
3223 1903 3336 1948 erat
3362 1902 3603 1965 tempore
3624 1898 3807 1954 Lazari

2232 1976 2481 2048 (Luc.i6.
2511 1980 2755 2051 i9.sqq.)
2775 2024 2790 2048 ,
2825 1984 3056 2053 virgines
3078 1985 3279 2050 fatuas,
3327 2003 3447 2043 eum
3478 1993 3695 2061 insuper
3721 1993 3808 2062 qui

2231 2085 2394 2124 unum
2438 2072 2691 2128 talentum
2721 2076 3071 2131 absconderat
3119 2077 3332 2146 (Matth.
3361 2082 3452 2136 25.
3482 2083 3531 2137 1.
3568 2101 3676 2155 sqq.
3720 2084 3809 2139 24.

2229 2166 2402 2231 sqq);
2446 2172 2501 2215 et
2548 2163 2602 2215 in
2649 2167 2895 2233 pnesenti
2926 2168 3032 2220 vita
3075 2183 3170 2223 eos
3221 2170 3310 2239 qui
3365 2172 3416 2225 in
3464 2174 3597 2229 turri
3640 2176 3809 2230 obruti

2231 2253 2455 2319 fuerant,
2482 2265 2537 2310 et
2576 2271 2801 2326 quorum
2849 2260 3156 2328 sanguinem
3212 2263 3408 2318 Pilatus
3435 2268 3646 2321 miscuit
3692 2283 3809 2323 cum

2228 2343 2503 2399 sacrificiis
2549 2345 2568 2417 (
2594 2345 2717 2400 Luc.
2749 2349 2836 2403 15.
2862 2350 2914 2401 1.
2942 2351 2993 2402 4.
3018 2348 3062 2419 ).
3089 2350 3160 2405 Ita
3187 2353 3343 2406 etiam
3372 2355 3556 2409 Petrus
3598 2373 3717 2412 cum
3745 2360 3812 2415 de

2227 2434 2468 2504 gehenna
2490 2438 2713 2491 multum
2756 2439 3126 2507 disseruisset,
3154 2457 3248 2497 eos
3277 2453 3398 2499 tunc
3426 2449 3657 2503 maxime
3687 2465 3809 2520 per-

2228 2525 2376 2590 culit,
2403 2528 2616 2596 quando
2659 2530 2921 2599 supplicio
2964 2533 3183 2588 allectos
3226 2534 3441 2589 adduxit
3474 2538 3523 2591 in
3557 2541 3807 2606 medium,

2227 2628 2284 2672 et
2321 2632 2445 2673 ante
2483 2620 2669 2676 oculos
2693 2623 2925 2677 ostendit
2969 2625 3190 2679 Ananiae
3219 2634 3274 2680 et
3292 2626 3565 2699 Sapphira:
3607 2636 3812 2705 suppli-

2227 2711 2368 2766 cium
2396 2711 2531 2784 (Act.
2553 2713 2679 2769 5.1.
2712 2715 2871 2787 sqq):
2898 2717 3036 2785 quod
3064 2718 3275 2784 quidem
3296 2720 3418 2775 fecit
3437 2723 3594 2778 etiam
3622 2724 3811 2781 Paulus

2230 2802 2281 2856 in
2313 2818 2468 2874 mago
2494 2802 2631 2877 (Αει.
2662 2807 2748 2861 15.
2791 2808 2849 2861 11
2880 2807 2919 2878 ).
2949 2807 3061 2863 Hoc
3095 2810 3252 2863 etiam
3292 2811 3396 2866 alio
3433 2814 3592 2869 modo
3616 2820 3812 2872 eonhr-

2232 2901 2364 2958 mat,
2388 2894 2601 2963 quando
2631 2909 2815 2950 eorum
2852 2898 2940 2965 qui
2969 2898 3021 2951 in
3058 2900 3344 2956 solitudine
3385 2901 3595 2958 fuerant
3623 2908 3812 2961 memi-

2227 2985 2306 3039 nit
2326 3026 2341 3051 ,
2367 2986 2446 3040 sic
2477 2985 2660 3041 dicens
2689 3004 2702 3039 :
2736 2986 2874 3041 Nolo
2899 3005 2983 3043 vos
3008 2992 3262 3060 ignorare,
3292 2993 3475 3061 fratres
3498 3036 3513 3061 ,
3541 2998 3680 3067 quod
3705 3016 3809 3053 out-

2226 3094 2314 3132 nes
2361 3088 2529 3148 patres
2562 3082 2723 3134 nostri
2750 3081 2838 3135 sub
2872 3083 3000 3137 nube
3041 3087 3266 3155 fuerunt,
3298 3095 3345 3139 et
3391 3102 3559 3143 omnes
3587 3090 3642 3142 in
3669 3090 3811 3145 Moss
3912 3160 3916 3165 θ

2228 3170 2474 3240 baptizati
2497 3181 2638 3237 sunt,
2666 3182 2711 3226 et
2732 3173 2895 3227 cibum
2923 3172 3236 3244 spirituatem
3270 3178 3608 3245 comederunt,
3640 3190 3692 3234 et
3716 3197 3810 3250 po-

2225 3268 2330 3313 tum
2346 3262 2654 3332 spiritualem
2668 3264 2892 3317 biberunt
2908 3280 2926 3318 :
2946 3265 3034 3319 sed
3048 3283 3148 3319 non
3164 3268 3214 3319 in
3232 3268 3458 3337 pluribus
3472 3286 3644 3324 eorum
3670 3288 3807 3326 coni-

2227 3352 2469 3423 ptacilum
2494 3364 2568 3408 est
2592 3354 2718 3420 Deo,
2748 3356 2834 3410 sed
2864 3359 3138 3427 perimat,
3188 3368 3237 3413 et
3282 3361 3561 3415 ceciderunt
3585 3362 3665 3430 (1.
3690 3363 3806 3418 Cor.

2227 3445 2295 3497 10
2326 3443 2486 3515 1.-5).
2537 3443 2668 3512 Quia
2698 3446 2838 3500 enim
2858 3447 3112 3502 disseruit
3129 3450 3196 3503 de
3224 3447 3435 3515 futuris,
3459 3450 3525 3505 de
3542 3451 3806 3521 gebenns,

2227 3535 2464 3605 inquam,
2499 3536 2566 3591 de
2598 3553 2769 3606 paena,
2802 3548 2852 3593 et
2884 3541 3167 3610 supplicio,
3199 3557 3265 3596 ex
3297 3544 3578 3612 praeteritis
3600 3561 3809 3616 quoque

2224 3641 2408 3680 eorum
2441 3626 2595 3682 affert
2642 3630 3027 3698 probationem,
3063 3646 3159 3686 eos
3183 3634 3273 3702 qui
3303 3633 3448 3702 plexi
3476 3645 3602 3689 sunt
3635 3637 3804 3692 addu-

2228 3732 2358 3772 cens
2401 3718 2452 3772 in
2490 3721 2757 3783 medium,
2795 3722 2894 3775 hos
2929 3722 3144 3792 quidem
3195 3740 3223 3777 a
3268 3727 3641 3795 serpentibus,
3689 3730 3805 3784 illos

2222 3823 2353 3863 vero
2380 3809 2449 3864 sb
2484 3813 2915 3867 exterminatore.
2949 3814 3101 3879 Quod
3125 3815 3338 3884 quidem
3373 3817 3458 3871 hic
3492 3834 3704 3889 quoque
3730 3821 3799 3875 fa-

2222 3901 2296 3955 cit
2353 3901 2516 3956 David
2545 3944 2560 3969 ,
2595 3903 2678 3958 vel
2715 3904 2783 3959 de
2812 3906 3166 3975 Acbitophele
3204 3909 3407 3974 dicens,
3438 3912 3520 3964 vel
3547 3911 3616 3966 de
3641 3913 3801 3966 Abso-

2206 3993 2365 4049 lone.
2412 3994 2661 4049 Nonnulli
2711 3996 2887 4066 itaque
2909 3997 3093 4053 dicunt
3132 3999 3273 4054 dicta
3317 4015 3439 4056 esse
3476 4000 3546 4056 de
3586 4003 3800 4059 Acbito-

2224 4085 2400 4154 phele.
2430 4085 2545 4140 Non
2589 4087 2733 4142 enim
2759 4089 2999 4157 ejusdem
3029 4101 3146 4145 erat
3169 4091 3346 4147 dicere
3376 4110 3391 4144 :
3440 4092 3648 4149 Parcite
3683 4097 3804 4149 mila

2222 4179 2385 4247 ﬁliolo
2406 4194 2516 4233 meo
2541 4179 2801 4243 Absaloni,
2831 4189 2888 4236 et
2930 4191 3052 4251 post
3075 4198 3276 4249 casum,
3310 4184 3436 4252 Quis
3459 4186 3655 4240 dederit
3684 4188 3805 4241 mitti

2224 4279 2433 4324 mortem
2474 4286 2567 4341 pro
2592 4281 2640 4325 te
2663 4271 2739 4343 (‘2.
2770 4273 2900 4344 Reg.
2940 4273 3029 4329 18.
3071 4276 3126 4329 5.
3170 4275 3305 4346 33)?
3329 4288 3383 4331 et
3420 4276 3535 4331 inec
3564 4292 3706 4332 nunc
3725 4279 3801 4333 di-

2221 4376 2346 4416 cere
2381 4378 2395 4416 :
2424 4361 2519 4416 sed
2543 4362 2630 4416 illa
2653 4363 2865 4432 quidem
2892 4363 3101 4419 dicebat
3122 4364 3402 4436 instigante
3427 4376 3633 4431 natura,
3662 4383 3802 4422 nunc

2226 4468 2351 4507 vero
2375 4453 2585 4509 afﬂatus
2609 4470 2638 4507 a
2664 4454 2871 4524 spiritu.
2903 4457 3008 4512 Sed
3047 4458 3164 4512 sive
3190 4458 3258 4512 de
3285 4459 3570 4525 Absalone,
3601 4462 3716 4517 sive
3738 4461 3805 4515 de

2220 4544 2570 4614 Achitophele
2607 4546 2744 4602 dicta
2796 4545 3043 4612 fuerunt,
3095 4549 3476 4605 consideranda
3520 4562 3647 4605 sunt
3687 4569 3804 4623 qua:

2223 4634 2362 4689 dicta
2383 4645 2544 4690 sunt:
2574 4652 2744 4708 neque
2782 4640 2924 4693 enim
2952 4639 3020 4693 de
3042 4641 3284 4709 personis
3311 4656 3341 4695 a
3371 4656 3456 4695 me
3481 4656 3805 4713 magnopere

2222 4729 2482 4801 agendum
2514 4742 2616 4786 est.

2292 4827 2381 4882 15.
2399 4825 2542 4893 Quid
2552 4842 2680 4898 ergo
2691 4840 2755 4882 ex
2770 4822 3275 4884 hoclocodiscimus
3287 4828 3582 4896 ?Dstendit,
3608 4829 3722 4887 fore
3749 4841 3806 4886 ut

2222 4916 2311 4986 qui
2339 4917 2636 4985 propinquo
2678 4917 2809 4971 todit
2837 4916 3061 4983 foveam,
3091 4919 3205 4988 ipse
3244 4918 3296 4971 in
3325 4933 3441 4972 eam
3471 4920 3672 4976 incidat
3699 4940 3714 4975 :
3752 4931 3807 4977 et

2220 5007 2665 5077 quemadmodum
2687 5008 2936 5063 mulieres
2960 5012 3312 5077 parturientes
3334 5024 3365 5063 a
3392 5009 3670 5067 doloribus
3689 5012 3806 5067 dis-

2221 5110 2529 5170 cerpuntur,
2553 5102 2621 5154 ita
2639 5103 2795 5155 etiam
2813 5102 2901 5172 qui
2926 5102 3047 5155 facit
3062 5102 3261 5168 dolum,
3279 5103 3579 5172 priusquam
3599 5106 3806 5175 propin-

2221 5206 2380 5261 quum
2404 5193 2592 5260 injuria
2619 5192 2830 5255 afﬁciat,
2856 5195 2968 5262 ipse
2988 5195 3302 5264 discerpitur
3329 5203 3386 5249 et
3427 5198 3715 5264 cruciatur,
3749 5206 3803 5253 et

2221 5299 2328 5337 non
2378 5283 2478 5338 levi
2507 5283 2682 5353 aliquo
2701 5326 2715 5349 ,
2738 5285 2830 5339 sed
2856 5286 3323 5341 vehementissimo
3350 5287 3534 5344 dolore
3554 5288 3805 5344 aﬂicitur.

2221 5373 2479 5440 Quocirca
2525 5389 2644 5428 cmn
2675 5376 2831 5430 vellet
2883 5378 3225 5432 acerbitatem
3269 5379 3470 5434 doloris
3497 5379 3805 5447 ostendam,

2223 5480 2336 5518 rem
2362 5475 2540 5534 partus
2553 5465 2790 5521 dolorem
2809 5468 3111 5537 appellavit.
3127 5470 3350 5536 Quando
3362 5472 3505 5525 enim
3529 5471 3646 5527 vult
3661 5472 3806 5528 Scri-

2224 5566 2379 5627 ptura
2406 5557 2789 5613 intolerabilem
2818 5562 3048 5631 aliquem
3078 5562 3315 5617 dolorem
3341 5565 3653 5629 ostendere,
3688 5579 3798 5633 par-

2224 5658 2310 5703 tus
2329 5648 2532 5704 doloris
2553 5666 2673 5705 eum
2699 5652 2912 5706 nomine
2941 5651 3215 5707 describit.
3240 5654 3473 5707 Proinde
3491 5654 3618 5710 alibi
3641 5654 3801 5708 dicit:

2228 5738 2470 5794 Pariendi
2499 5741 2695 5795 dolores
2718 5753 2954 5810 ceperunt
2982 5744 3262 5799 habitantes
3293 5744 3571 5799 Pliilistiim
3598 5746 3797 5816 (Exod.

2226 5830 2316 5886 15.
2346 5830 2480 5902 is),
2509 5830 2609 5886 hoc
2637 5843 2739 5900 εει,
2767 5833 2926 5889 timor
2945 5874 2961 5903 ,
2993 5845 3212 5903 tremor,
3240 5834 3427 5905 labor,
3458 5848 3513 5891 et
3538 5835 3712 5892 dolor.
3738 5833 3802 5890 Et
