4074 6356
260 359 330 433 1'9
1393 365 1762 424 exposmo
1789 365 1858 422 IN
1895 363 2222 422 PSALML’M
2263 361 2374 426 ιιι.

259 485 340 560 ίιῆ
383 483 640 556 γενέσθαι
689 485 750 539 ἐν
795 486 962 558 πείρα
1003 485 1112 541 τῶν
1152 487 1508 558 πραγμάτων.
1573 480 1673 537 Διά
1728 481 1838 554 γάρ

255 571 423 628 τοῦτο
437 572 694 640 ἐνέτεινε,
711 572 800 628 διά
826 572 984 627 τοῦτο
1007 573 1400 646 ἡτοίμασε,διὰ
1420 573 1579 627 τοῦτο
1607 571 1836 641 ἐνέθηκε

255 660 325 715 τά
355 659 516 732 βέλη,
537 659 624 714 διά
650 659 808 714 τοῦτο
835 661 972 734 πρὸς
997 661 1097 734 τὴν
1127 661 1402 733 τιμωρίαν
1429 659 1834 732 εῦτρεπίζεται,

255 746 350 802 ινα
387 747 466 820 μὴ
493 745 621 820 ἔλθῃ
651 747 791 818 πρὸς
813 746 912 820 τὴν
947 747 1241 820 τιμωρίαν.

326 901 424 955 ιε’.
457 897 569 954 Καὶ
599 900 816 970 ἐξογκοῖ
841 901 931 956 16v
956 900 1134 970 λόγον,
1161 900 1237 973 τῷ
1265 901 1364 974 μὲν
1393 903 1713 956 Στιλϐὠσει
1739 903 1846 974 τὴν

260 987 604 1060 σφοδρότητα
627 989 723 1042 καὶ⁵
739 988 842 1060 τὴν
862 986 1097 1058 ὀξύτητα
1122 988 1219 1060 τῆς
1245 990 1513 1062 τιμωρίας
1533 989 1834 1061 ἐμφαίνων·

260 1075 340 1146 τῷ
374 1077 436 1131 δέ
481 1076 802 1140 Ἔνέτεινε,
840 1075 940 1148 τὴν
971 1076 1278 1149 ἐγγύτητα*
1307 1077 1386 1149 τῷ
1410 1077 1468 1131 δὲ
1505 1077 1834 1146 Ἠτοίμιισε,

261 1164 326 1218 16
353 1165 576 1229 πάντως
601 1165 879 1237 ἐσόμενον,
910 1165 961 1220 εί
985 1164 1062 1237 μὴ
1089 1165 1502 1236 μεταϐάλοιντοο
1523 1160 1605 1233 τῷ
1623 1165 1682 1218 δέ
1709 1164 1838 1232 Τοῖς

262 1251 627 1323 καιομένοις,
655 1255 782 1318 τοὺς
812 1253 1145 1318 ὑπευθύνους
1169 1253 1571 1325 ἐνδεικνύμενος
1591 1292 1610 1319 ,
1639 1252 1728 1307 ἵνα
1749 1251 1841 1306 διὰ

263 1338 488 1394 πάντων
519 1338 915 1406 παιδευθέντες,
941 1339 1294 1396 άναστείλωσι
1321 1342 1420 1413 τὴν
1447 1339 1732 1413 πονηρίαν.
1774 1339 1840 1394 El

264 1426 323 1482 δέ
352 1425 532 1502 θυμοῦ
558 1425 729 1482 ταῦτα
755 1423 826 1499 ἦν
863 1430 962 1484 καὶ
1003 1429 1207 1501 ὀργῆς,
1251 1429 1352 1484 οὐκ
1381 1427 1446 1483 ἂν
1464 1473 1480 1496 ,
1503 1424 1586 1492 οἷς
1615 1427 1839 1500 ἔμελλεν

266 1515 665 1588 ἐπιθήσεσθαι,
695 1517 976 1588 προεῖπεν.
1033 1517 1092 1570 ’0
1114 1515 1223 1589 γάρ
1261 1516 1430 1589 θυμὸς
1466 1516 1566 1571 ούκ
1590 1517 1839 1588 ἀνέχεται

266 1603 460 1658 τοῦτο’
491 1603 631 1658 ἀλλά
653 1604 748 1658 καὶ
775 1603 1086 1659 τούναντίον
1117 1606 1293 1668 ποιεῖ,
1323 1605 1418 1659 καὶ
1443 1603 1678 1675 μάλιστα
1708 1605 1839 1659 ὅταν

271 1693 326 1745 ἐν
357 1692 501 1764 αὐτῇ
530 1686 772 1766 λοιπὺνῇ
803 1693 870 1763 τῇ
897 1692 1049 1764 ἀκμῇ
1068 1730 1085 1754 ,
1133 1691 1230 1746 καὶ
1263 1694 1330 1763 τῇ
1357 1691 1603 1755 κολάσει,
1644 1692 1738 1746 καὶ
1768 1694 1838 1764 τῇ

270 1781 586 1851 κατασκευῇ
631 1779 731 1851 τῆς
774 1778 1062 1850 τιμωρίας.
1113 1780 1178 1832 Of.
1219 1777 1351 1848 γοῦν
1397 1777 1678 1850 πολέμιοι,
1743 1778 1842 1832 καὶ

271 1868 588 1940 βουλόμενοι
633 1868 732 1940 τὴν
775 1869 1045 1940 τιμωρίαν
1099 1869 1423 1938 ἐπαγαγεῖν,
1468 1870 1532 1922 οὐ
1576 1869 1736 1939 μόνον
1775 1867 1840 1922 ού

273 1957 543 2025 λέγουσιν,
563 1955 700 2011 ἀλλὰ
723 1958 820 2010 καὶ
839 1955 1203 2029 κρυπτόμενοι
1224 1956 1575 2022 ἐπιτίθενται,
1590 1953 1734 2010 ὥστε
1763 1955 1862 2027 μὴ’

275 2044 548 2116 μαθόντας
590 2045 718 2109 106;
762 2043 1084 2111 κολάζεσθαι
1141 2045 1434 2117 μέλλοντας
1479 2045 1838 2114 φυλάξασθαι.

286 2134 424 2188 Ἀλλ’
457 2136 559 2207 οὐχ
583 2136 615 2189 6
637 2134 770 2198 Θεὸς
791 2133 984 2201 οὕτως,
1027 2133 1167 2190 ἀλλά
1203 2135 1512 2190 τούναντίον
1535 2135 1682 2189 άπαν
1702 2152 1717 2166 ο
1746 2135 1842 2188 καὶ

273 2223 552 2293 προλέγει,
583 2221 678 2277 καὶ
711 2221 1068 2278 ἀναϐάλλεται
1087 2260 1106 2287 ,
1133 2222 1228 2278 καὶ
1265 2221 1421 2292 φοϐεῖ
1443 2221 1532 2276 διὰ
1559 2221 1840 2294 ῥημάτιον,

275 2314 370 2364 καὶ
417 2311 600 2366 πάντα
626 2313 788 2374 ποιεῖ,
823 2309 964 2364 ὥστε
996 2311 1072 2382 μὴ
1105 2312 1406 2380 ἐπαγαγεῖν
1434 2309 1579 2381 άπερ
1606 2313 1841 2365 ἀπειλεῖ.

274 2397 448 2453 Τοῦτο
469 2401 566 2453 καὶ
589 2400 684 2454 ἐπὶ
706 2399 1274 2471 Νινευῖτῶνέποίησε.
1324 2401 1435 2454 Καὶ
1464 2400 1574 2470 γὰρ
1603 2401 1700 2454 καὶ
1728 2401 1846 2453 ἐκεῖ

276 2487 427 2553 τόξον
451 2487 706 2555 ἐνέτεινε,
741 2488 836 2542 καὶ
865 2488 962 2559 τὴν
991 2487 1264 2560 ῥομφαίαν
1301 2487 1615 2554 ἐστίλϐωσε,
1648 2489 1746 2541 καὶ
1773 2489 1844 2542 τὰ

279 2575 406 2648 βέλη
432 2576 716 2648 ἡτοίμασε,
745 2577 839 2630 καὶ
865 2574 964 2648 τὴν
996 2574 1209 2647 πληγὴν
1234 2575 1652 2647 οὐκέπήγαγεν.
1684 2577 1756 2629 Ἥ
1782 2579 1844 2630 οὐ

276 2663 424 2717 δοκεῖ
470 2681 552 2717 σοι
582 2664 649 2717 τὰ
679 2664 899 2735 ῥήματα
940 2661 1033 2716 τοῦ
1075 2663 1354 2734 προφήτου
1397 2663 1550 2729 τόξον
1578 2658 1718 2718 εἶναι
1753 2664 1848 2718 καὶ

282 2750 434 2821 βέλος
476 2752 570 2805 καὶ
615 2750 888 2822 ῥομφαίαν
922 2751 1288 2823 ἠκονημένην,
1333 2752 1461 2806 ὅταν
1507 2751 1641 2824 λέγῃ
1663 2771 1677 2784 ·
1717 2754 1846 2808 Ἔτι

279 2839 437 2909 τρεῖς
503 2837 742 2908 ἡμέραι,
809 2839 907 2894 καί
972 2839 1190 2907 Νινευῆ
1247 2840 1846 2911 καταστραφήσεταη

293 2928 430 2982 Ἀλλ’
459 2929 563 2982 οῦκ
589 2928 768 2999 ἀφῆκε
797 2927 857 2980 16
897 2927 1047 2998 βέλος
1067 2945 1081 2959 ·
1111 2929 1231 2983 οῦδέ
1270 2929 1380 3001 γὰρ
1423 2929 1515 2983 διὰ
1550 2929 1709 2986 τοῦτο
1745 2931 1848 3002 ηὐ-

279 3017 543 3088 τρέπιστο
567 3017 654 3069 ἵνα
684 3016 880 3090 ἀφεθῇ,
917 3017 1032 3070 ἀλλ’
1064 3017 1150 3070 ἵνα
1179 3017 1498 3088 ἐναποτεθῇ.
1525 3020 1588 3072 Οί
1618 3019 1717 3090 μὲν
1739 3020 1848 3091 γάρ

284 3104 615 3176 στρατιῶται
647 3105 734 3160 διὰ
758 3105 914 3181 τοῦτο
944 3104 1272 3170 ὁπλίζονται,
1312 3106 1399 3159 ἵνα
1447 3106 1782 3162 κολάσωσιν·
1821 3109 1851 3161 6

281 3191 337 3246 δέ
367 3192 503 3256 θεὸς
549 3191 664 3266 [70]
693 3193 791 3264 οὐχ
817 3192 989 3258 οὕτως
1009 3235 1025 3259 ,
1058 3193 1172 3247 ἀλλ’
1203 3195 1290 3247 ἵνα
1326 3193 1405 3266 τῷ
1435 3194 1582 3267 φόϐῳ
1640 3212 1850 3266 σωφρος-

283 3281 569 3353 νεστέρους
594 3282 844 3354 ποιήσας,
877 3281 1086 3353 ἀνάσχῃ
1122 3281 1222 3352 τῆς
1252 3285 1520 3353 τιμωρίας
1547 3283 1648 3355 τὴν
1672 3287 1846 3356 χεῖρα.

283 3359 376 3439 Μὴ
402 3368 587 3421 τοίνυν
610 3364 993 3439 θορυϐώμεῠαο
1028 3369 1434 3441 φιλανθρωπίας
1457 3372 1565 3443 γὰρ
1592 3372 1796 3442 πολλῆς
1824 3375 1852 3426 6

284 3456 391 3509 τῶν
430 3455 691 3528 ῥημάτων
719 3456 901 3528 φόϐος,
929 3457 1022 3510 καὶ
1046 3459 1159 3529 ὅσῳ
1192 3459 1257 3512 ἃν
1284 3459 1658 3532 άπορητότερα
1695 3459 1852 3532 λέγῃ,

285 3546 527 3618 τοσούτῳ
572 3544 682 3599 ἀπὸ
722 3544 922 3614 πολλῆς
953 3545 1290 3618 ἡμερότητος
1333 3547 1506 3602 ταῦτα
1535 3547 1852 3618 φθέγγεται.

300 3635 452 3688 Ἐπεὶ
480 3634 576 3688 καὶ
600 3633 855 3704 πατέρες,
879 3632 1005 3687 ὅταν
1034 3631 1110 3704 μὴ
1130 3631 1424 3703 βούλωνται
1459 3634 1706 3700 κολάζειν
1729 3635 1854 3697 τοὺς

288 3721 506 3786 παῖδας,
541 3720 629 3774 διὰ
659 3720 768 3775 τῶν
799 3719 1060 3791 ῥημάτων
1093 3719 1192 3791 τὴν
1214 3721 1384 3792 ὀργὴν
1410 3720 1657 3792 αἴρουσιν
1675 3737 1690 3752 ο
1713 3720 1856 3774 οὕτω

289 3811 385 3863 καὶ
433 3808 598 3872 αὐτὸς
616 3847 632 3873 ,
666 3808 791 3862 ἐπεὶ
837 3807 913 3880 μὴ
943 3807 1189 3878 βούλεται
1222 3807 1495 3874 κολάζειν,
1525 3808 1742 3877 ἐξογκοῖ
1768 3808 1857 3861 διά

288 3901 399 3955 τῶν
433 3898 695 3969 ῥημάτων
719 3895 811 3950 τὸν
842 3895 1026 3966 φόϐον.
1057 3896 1221 3965 Λέγει
1248 3895 1593 3965 καὶγέενναν
1636 3895 1854 3966 ἑτοιμά-

292 4005 407 4054 σαι,
448 3988 541 4041 ῖνα
585 3985 660 4056 μὴ
705 3983 843 4056 βάλῃ
881 3986 961 4048 είς
997 3984 1258 4052 γέενναν·
1302 3983 1394 4038 διά
1437 4001 1520 4038 τοι
1561 3983 1719 4038 τοῦτο
1763 3985 1860 4038 καὶ

292 4076 480 4130 πολλοὶ
513 4073 663 4142 λόγοι
693 4072 824 4145 περὶ
843 4072 1114 4143 τιμωρίας
1147 4073 1262 4135 τοῖς
1279 4070 1631 4140 Εὑαγγελίοις
1661 4071 1860 4124 ἐναπό-

291 4180 526 4226 κεινται,
567 4162 662 4216 καὶ
686 4160 939 4224 πλείους,
984 4160 1019 4230 ἢ
1049 4161 1100 4213 οἱ
1142 4159 1274 4230 περὶ
1302 4159 1596 4230 βασιλείας.
1644 4159 1860 4232 Ἐπειδὴ

291 4253 404 4324 γὰρ
434 4252 531 4306 ἐπὶ
551 4247 664 4305 τῶν
700 4246 1167 4319 ἀναισθητοτέρων
1207 4247 1308 4317 οὐχ
1331 4245 1504 4310 οὕτως
1529 4248 1566 4318 ή
1598 4245 1704 4300 τῶν
1731 4247 1862 4315 ἀγα-

294 4337 406 4392 θῶν
449 4335 771 4406 ἐπαγγελία,
793 4334 870 4398 ὠς
897 4334 927 4387 6
956 4335 1064 4387 τῶν
1095 4333 1355 4404 λυπηρῶν
1385 4333 1549 4403 φόϐος
1575 4333 1862 4402 ἐφέλκεται

294 4428 434 4500 πρὸς
474 4425 679 4496 ἀρετὴν
695 4466 714 4492 ,
749 4425 845 4479 καί
873 4423 1077 4492 ἀπάγει
1103 4423 1204 4494 τῆς
1231 4424 1430 4488 κακίας
1445 4440 1460 4454 θ
1489 4423 1580 4478 διὰ
1607 4423 1672 4495 δὴ
1705 4423 1864 4478 τοῦτο

293 4516 505 4579 τούτοις
555 4513 717 4568 πλέον
751 4512 1152 4584 ἐμφιλοχωρετ,
1197 4511 1295 4565 καὶ
1331 4510 1571 4582 συνεχῶς
1611 4511 1751 4566 αύτά
1785 4513 1865 4566 τί-

296 4606 446 4677 θησι.
469 4605 565 4676 Μὴ
581 4603 762 4658 τοίνυν
780 4601 1038 4673 ἀλγῶμεν
1064 4601 1352 4665 ἀκούοντες
1375 4601 1649 4675 φορτικῶν
1687 4603 1864 4674 ῥημά.

294 4710 439 4750 των
474 4693 610 4747 πολὺ
639 4692 750 4763 γάρ
779 4690 972 4761 κέρδος
1005 4689 1220 4760 ἔχουσιν
1239 4704 1254 4720 ο
1285 4689 1402 4744 ἀλλ’
1435 4689 1742 4754 ἐννοοῦντες
1766 4691 1868 4744 αὐ-

296 4784 391 4840 τοῦ
438 4787 535 4838 καὶ
568 4783 671 4854 τὴν
715 4778 1093 4852 μακροθυμίαν
1148 4781 1244 4835 καὶ
1297 4780 1398 4852 τὴν
1445 4779 1864 4852 δικαιοκρισίαν,

298 4875 442 4946 μήτε
473 4870 956 4943 ,ἀπογινώσκωμεν
998 4869 1097 4941 τῆς
1147 4869 1419 4941 σωτηρίας
1437 4885 1452 4899 ⁸
1517 4870 1867 4941 μακρόθυμος

297 4963 407 5034 γάρ
453 4963 605 5014 ἔστί-⁸
647 4960 787 5031 μήτε
829 4957 1159 5031 ἀθυμῶμεν
1201 4957 1407 5022 δίκαιος
1436 4958 1544 5030 γάρ
1571 4960 1746 5013 ἐστιν·
1779 4961 1868 5012 ἐν-

297 5049 475 5116 ταῦθα
511 5048 612 5120 μέν
651 5045 852 5118 πολλὴν
881 5047 981 5116 τὴν
1007 5045 1399 5119 μακροθυμίαν,
1428 5046 1833 5118 ἐνδεικνύμενος
1851 5088 1867 5113 ,

299 5141 417 5194 ἐκεῖ
440 5137 506 5211 δέ,
525 5138 650 5211 τοὺς
677 5135 755 5206 μὴ
781 5134 1144 5206 κερδάναντας
1184 5133 1436 5189 ἐντεῦθεν
1473 5139 1542 5208 τῇ
1576 5135 1743 5208 πείρᾳ
1770 5139 1870 5208 τῆς

301 5217 577 5288 κολάσεως
615 5221 968 5294 παραδιδούς·
1008 5224 1144 5294 ὅπερ
1187 5223 1275 5277 ἵνα
1317 5223 1392 5295 μὴ
1439 5224 1683 5296 γένηται,
1731 5225 1870 5279 ἀπο-

299 5311 662 5385 κρουσώμεθα
690 5309 940 5365 ἐντεῦθεν
970 5311 1069 5381 ἤδη
1102 5309 1210 5382 τὴν,
1233 5311 1523 5382 τιμωρίαν.
1563 5311 1709 5366 Ἰδοὺ
1733 5312 1871 5364 ὡδίο

299 5417 494 5471 νησεν
525 5393 782 5455 ἀδικίαν.
833 5399 892 5453 '0
932 5398 988 5452 δὲ
1024 5399 1273 5471 Ἐϐραῖος
1294 5438 1310 5463 ,
1352 5400 1472 5454 ἀντὶ
1501 5400 1596 5454 τοῦ
1649 5399 1868 5468 mm,-

299 5504 435 5554 σεν,
475 5488 658 5543 Ὶέϐαλ
673 5527 688 5551 ,
731 5487 1030 5542 Συνέλαϐε
1062 5488 1272 5541 πόνον.
1319 5486 1532 5553 Ἀλλος,
1577 5489 1686 5546 Καὶ
1733 5489 1872 5559 κυή.

299 5566 440 5642 σας.
477 5575 588 5631 Καὶ
623 5573 830 5629 ἔτεκεν
856 5575 1129 5644 ἀνομίαν.
1158 5573 1382 5639 Ἄλλος,
1424 5573 1674 5642 Ψεῦδος.
1725 5577 1876 5634 Λὰκ·

303 5680 417 5718 κον
442 5662 655 5730 ὤρυξε.
678 5663 780 5716 καί
809 5661 1162 5730 ἀνέσκαψεν
1178 5663 1386 5728 αὑτὸν,
1409 5661 1515 5718 καὶ,
1535 5664 1876 5732 ἐμπεσεῖται

304 5753 392 5820 είς
413 5751 643 5820 βόθρον
671 5750 1108 5819 ὂνιείρτάσατο.
1137 5751 1360 5815 Ἄλλος,
1409 5750 1512 5817 Εῖς
1551 5751 1876 5826 διαφθορὰν

546 5862 816 5923 Ριιτιιοι.
853 5863 969 5923 Gn.
1005 5863 1123 5924 LV.

3398 354 3500 412 ιοο

1941 476 2020 544 ἣν
2042 475 2378 546 ειργάσατο.
2410 469 2575 528 Εῐπεν
2596 473 2678 528 ότι
2700 470 3140 547 παρεσκεύασται
3169 468 3305 544 πρὸς
3330 486 3504 540 τιμω-

1941 565 2059 636 ρίαν
2087 568 2116 618 6
2139 563 2272 627 Θεός
2289 579 2304 595 ⁶
2336 559 2490 618 εἶπεν
2521 562 2604 615 ὅτι
2634 560 2900 630 ἐπαφίησι
2926 559 3026 621 τάς
3047 557 3502 620 κολάσεις.Ἐσωο

1938 653 2157 724 φρόνισε
2190 653 2365 722 τούτῳ
2384 651 2477 705 16v
2504 650 2798 722 ἀκροατὴν,
2822 649 2922 718 τὴν
2945 646 3152 702 άνωθεν
3177 647 3348 719 ὀργὴν
3379 647 3503 700 ἐπι-ι

1937 739 2242 810 κρεμάσας.
2271 737 2524 793 Παιδεύει
2552 736 2737 790 λοιπὸν
2762 736 2856 790 καὶ
2885 735 2994 790 άπὸ
3025 734 3135 788 τῶν
3160 734 3505 807 πραγμάτων

1935 827 2136 893 αὐτῶν,
2165 825 2379 890 δεικνὺς
2401 868 2417 891 ,
2446 825 2529 878 ὅτι
2559 842 2654 880 κα.
2697 823 2806 896 πρὸ
2843 824 2946 894 τῆς
2980 821 3250 893 τιμωρίας
3292 821 3430 892 αῦτη
3467 820 3502 890 ἡ

1937 915 2104 967 κακία
2136 913 2376 976 κόλασις.
2406 913 2584 984 Ὅπερ
2613 909 2708 966 οὗν
2738 912 2832 966 καὶ
2860 913 2889 964 6
2916 909 3124 973 Παῦλος
3156 907 3502 978 ἐνδεικνύμε-

1935 1015 2025 1061 νος
2048 998 2229 1066 ἐλεγε·
2253 997 2362 1053 Καὶ
2391 998 2505 1067 τὴν
2526 998 2924 1066 ἀντιμισθίαν,
2951 994 3030 1064 ἣν
3054 995 3194 1059 ἔδει,
3220 995 3330 1064 τῆς
3350 995 3506 1050 11M-

1936 1099 2048 1152 νης
2071 1084 2141 1137 ἐν
2171 1084 2404 1150 ἑαυτοῖς
2426 1082 2951 1154 ἀπολαμϐάνοντες
2970 1099 2984 1114 ·
3022 1081 3116 1136 καὶ
3142 1083 3264 1151 άγει
3296 1084 3377 1146 είς
3408 1081 3506 1153 μέ-

1939 1187 2030 1223 σον
2077 1171 2203 1235 106;
2251 1169 2323 1224 τά
2373 1169 2574 1241 ἔσχατα
2638 1170 2906 1234 παθόντας
2965 1169 3070 1224 ὑπὸ
3119 1169 3221 1240 τῆς
3281 1170 3503 1232 κακίας.

1951 1257 2168 1330 Ἐπειδὴ
2194 1258 2303 1330 γάρ
2323 1257 2576 1312 είὼθασιν
2603 1259 2654 1311 οί
2684 1257 2868 1312 πολλοὶ
2899 1256 3008 1312 τῶν
3035 1256 3355 1329 παχυτέρων
3379 1256 3502 1311 τότε

1941 1345 2172 1416 μάλιστα
2196 1344 2642 1417 σωφρονίζεσθαι,
2666 1345 2795 1399 ὃταν
2817 1344 2946 1409 106;
2978 1343 3311 1408 πεπονθότας
3331 1344 3500 1398 ἴδωσιο

1937 1433 2024 1488 διὰ
2064 1433 2222 1488 τοῦτο
2257 1434 2352 1488 καὶ
2387 1431 2586 1494 αὐτοὺς
2627 1433 2708 1496 είς
2754 1431 2918 1504 μέσον
2958 1431 3102 1501 άγει.
3141 1430 3299 1485 οὓτω
3337 1431 3437 1485 καὶ
3475 1432 3506 1485 6

1938 1520 2174 1592 Χριστὸς
2209 1522 2383 1584 ποιεῖ,
2427 1519 2597 1574 πολλά
2637 1520 2767 1592 περὶ⁹
2808 1519 3034 1591 γεέννης
3064 1517 3364 1589 διαλεχθεὶς
3411 1518 3507 1572 καὶ

1937 1609 2066 1671 τοὺς
2108 1607 2228 1662 ἐκεῖ
2270 1607 2629 1678 βαλλομένους
2682 1609 2763 1672 είς
2819 1607 2984 1678 μέσον
3027 1606 3186 1676 ἄγει⁹
3239 1601 3372 1669 οἷον,
3413 1605 3508 1660 τὸν

1940 1687 2194 1749 πλούσιον
2219 1695 2312 1749 16v
2340 1697 2434 1751 ἐπὶ
2463 1695 2739 1766 Λαζάρου,
2782 1695 2882 1758 τὰς
2929 1693 3233 1766 παρθένους
3263 1693 3362 1758 τὰς
3393 1710 3508 1764 μω-

1942 1785 2062 1854 ρὰς,
2087 1783 2181 1838 τὸν
2213 1782 2275 1837 16
2309 1781 2569 1837 τάλαντον
2616 1782 2676 1836 16
2721 1783 2780 1837 ἐν
2828 1780 3255 1854 κατακρύψαντα
3274 1798 3289 1814 ’
3321 1783 3416 1835 καὶ
3448 1783 3506 1836 ἐν

1939 1869 2018 1940 τῷ
2043 1870 2271 1940 παρόντι
2301 1869 2432 1942 βίῳ,
2457 1871 2586 1935 106;
2613 1873 2672 1925 ἐν
2708 1870 2787 1942 τῷ
2810 1870 3006 1942 πύργῳ
3033 1869 3505 1941 καταχωσθέντας,

1939 1957 2036 2013 καὶ
2060 1950 2138 2014 ὧν
2159 1957 2222 2011 16
2256 1953 2396 2029 αἷμα
2433 1957 2664 2022 Πιλάτος
2691 1957 2912 2029 ἀνέμιξε
2933 1961 3050 2022 ταῖς
3091 1957 3319 2021 θυσίαις.
3350 1957 3510 2012 Οὕτω

1940 2047 2036 2100 καὶ
2091 2047 2296 2119 Πέτρος
2349 2044 2520 2101 πολλά
2571 2046 2701 2119 περὶ
2743 2045 2967 2118 γεέννης
3017 2044 3337 2116 διαλεχθεὶς,
3387 2045 3511 2101 τότε

1943 2133 2180 2206 μάλιστα
2224 2134 2421 2198 αὐτοὺς
2462 2133 2714 2205 επληξεν,
2741 2134 2833 2187 ὅτε
2863 2133 2990 2196 106;
3033 2133 3392 2196 κολασθέντας
3427 2134 3506 2198 εί..

1945 2223 2108 2293 μέσον
2137 2223 2336 2294 ἤγαγε,
2370 2223 2466 2276 καὶ
2513 2223 2620 2294 πρὸ
2652 2223 2761 2276 τῶν
2790 2221 3082 2294 ὀφθαλμῶν
3108 2223 3206 2292 τὴν
3239 2221 3508 2293 τιμωρίαν

1941 2308 2109 2376 ἔδειξε
2152 2308 2248 2363 τοῦ
2292 2309 2534 2364 Ἀνανίου
2565 2309 2662 2365 καὶ
2702 2311 2803 2380 τῆς
2839 2309 3153 2380 Σαπφείρας
3177 2325 3193 2341 ο
3242 2310 3380 2381 ὅπερ
3415 2306 3510 2362 οὖν

1943 2399 2038 2452 καὶ
2057 2397 2268 2460 Παῦλος
2281 2397 2454 2451 ἐποίει
2471 2397 2565 2450 ἐπί¹
2588 2395 2684 2451 τοῦ
2707 2399 2904 2467 μάγου.
2927 2397 3036 2451 Καὶ
3057 2396 3231 2468 ἐτέρῳ
3251 2395 3307 2448 δέ
3325 2398 3510 2468 τρόπῳ
3625 2400 3628 2404 ’

1943 2483 2344 2547 κατασκευάζει
2369 2483 2429 2538 16
2454 2481 2693 2538 τοιοῦτον
2713 2522 2728 2545 ,
2770 2473 2858 2542 ὅτε
2881 2480 2990 2536 τῶν
3021 2484 3079 2536 ἐν
3103 2485 3168 2552 τῇ
3199 2484 3391 2554 ἐρήμῳ
3419 2485 3512 2554 μέ-

1947 2587 2166 2643 μνηται,
2221 2571 2396 2640 λέγων
2455 2570 2656 2635 οὕτως·
2715 2573 2798 2625 οὐ
2851 2569 3006 2625 θέλω
3050 2567 3206 2638 ὑμᾶς
3251 2571 3510 2640 ἀγνοεῖν.

1945 2661 2212 2731 ἀδελφοὶ,
2243 2661 2333 2715 ὅτι
2358 2665 2413 2717 οί
2436 2660 2686 2729 πατέρες
2712 2660 2882 2730 ἡμῶν
2899 2659 3122 2726 πάντες
3140 2660 3257 2714 ὑπὸ
3280 2659 3394 2725 τὴν
3418 2677 3514 2714 νε-

1947 2749 2141 2818 φέλην
2161 2745 2345 2820 ἦσαν,
2368 2749 2468 2804 καὶ
2487 2748 2712 2814 πάντες
2743 2750 2830 2814 εἰς
2857 2747 2967 2802 τὸν
2997 2746 3268 2816 Μωυσῆν
3285 2747 3517 2800 ἐϐαπτί-

1945 2841 2190 2908 σθησαν
2207 2878 2223 2900 ,
2279 2836 2380 2892 καί
2416 2837 2629 2907 ,ϐρῶμα
2671 2836 3076 2906 πνευματικὸν
3121 2836 3367 2907 ἔφαγον,
3417 2837 3517 2890 καί

1948 2927 2110 2993 πόμα
2141 2923 2548 2995 πνευματικὸν
2585 2923 2700 2996 [71]
2737 2923 2935 2979 ἐπιονη
2969 2924 3109 2977 ἀλλ’
3136 2925 3249 2977 οὐκ
3283 2923 3352 2976 ἐν
3389 2923 3517 2989 τοῖς
3555 2941 3562 2950 ·

1949 3012 2227 3063 πλείοσιν
2279 3007 2477 3063 αὐτῶν
2522 3008 2867 3077 ηὐδόκησεν
2913 3011 2946 3062 ὁ
2995 3009 3158 3075 Θεὸς,
3204 3009 3340 3064 ἀλλ’
3400 3010 3532 3065 ἀει--

1949 3095 2177 3150 ὠλοντο
2215 3096 2314 3149 καί
2355 3095 2708 3150 κατέπεσον.
2745 3094 2961 3166 Ἐπειδὴ
2997 3095 3107 3165 γὰρ
3138 3098 3270 3167 περὶ
3297 3097 3518 3168 μελλόν-

1952 3201 2058 3236 των
2083 3183 2381 3251 διελέγετο,
2409 3183 2631 3253 γεέννης
2661 3182 2824 3251 λέγω,
2851 3183 2944 3235 καὶ
2975 3182 3246 3247 κολάσεως
3263 3222 3280 3247 ,
3313 3185 3407 3238 καὶ
3436 3202 3518 3237 τι-

1957 3272 2186 3342 μωρίας,
2217 3271 2324 3323 ἀπὸ
2351 3271 2460 3326 τῶν
2491 3271 2869 3343 παρελθόντων
2897 3273 2988 3325 καὶ
3013 3273 3111 3343 τὴν
3143 3273 3270 3344 περὶ
3294 3272 3517 3327 ἐκείνων

1953 3358 2224 3422 ἀπόδειξιν
2255 3360 2429 3428 φέρει,
2457 3359 2654 3422 αὐτοὺς
2682 3360 2810 3422 τοὺς
2851 3358 3208 3422 κολασθέντας
3244 3361 3324 3423 είς
3355 3360 3518 3430 μέσον

1952 3449 2119 3515 ἄγων,
2150 3448 2275 3504 τοὺς
2302 3447 2407 3500 ὑπὸ
2432 3446 2540 3499 τῶν
2568 3447 2763 3515 δφεων,
2790 3448 2917 3511 τοὺς
2938 3448 3044 3501 ὑπὸ
3061 3447 3155 3502 τοῦ
3174 3448 3514 3521 ὀλοθρευτοῦ.

1958 3536 2025 3588 ’0
2071 3534 2136 3604 δὴ
2194 3533 2288 3586 καὶ
2330 3533 2563 3588 ἐνταῦθα
2606 3537 2748 3588 ποιεῖ
2784 3535 2814 3587 ό
2864 3534 3065 3600 Δαυῒδ,
3105 3535 3216 3588 είτε
3260 3538 3390 3608 περὶ
3424 3538 3518 3608 τοῦ

1968 3620 2266 3691 Ἀχιτόφελ,
2309 3620 2419 3673 εἴτε
2446 3621 2574 3691 περὶ
2609 3621 2704 3674 τοῦ
2750 3621 3100 3692 Ἀϐεσσαλὼμ
3142 3622 3332 3691 λέγων.
3365 3625 3520 3687 Τινὲς
3627 3609 3635 3618 ’

1961 3706 2060 3777 μέν
2084 3703 2179 3760 οὖν
2209 3709 2339 3780 περὶ
2371 3707 2467 3761 τοῦ
2505 3707 2786 3777 Ἀχιτόφελ
2817 3709 2982 3778 φασιν
3010 3709 3279 3780 εἰρῆσθαι.
3307 3710 3383 3762 Οὐ
3411 3711 3521 3780 γὰρ

1955 3790 2024 3863 ἦν
2068 3792 2161 3847 τοῦ
2179 3792 2363 3848 ἀὑτοῦ
2411 3793 2609 3871 λέγειν,
2625 3793 2925 3850 Φείσασθέ
2945 3811 3049 3863 μοι
3074 3795 3181 3850 τοῦ
3206 3797 3522 3868 παιδαρίου

1970 3882 2375 3954 Ἀ-ϐεσσαλώμο
2415 3884 2510 3938 καὶ
2541 3883 2679 3954 μετά
2702 3883 2764 3936 16
2791 3883 2990 3949 πάθος,
3027 3885 3120 3949 Τίς
3147 3884 3269 3952 δῴη
3297 3904 3400 3956 μοι
3421 3887 3523 3942 θά-

1957 3986 2144 4026 νατον
2167 3971 2304 4026 ἀντί
2328 3970 2446 4026 σοῦ
2465 3989 2486 4037 ;
2508 3972 2600 4025 καὶ
2631 3971 2802 4026 ταῦτα
2833 3970 2929 4026 νῦν
2953 3971 3151 4038 λέγειν·
3184 3973 3297 4027 ἀλλ’
3343 3975 3524 4029 ἐκεῖνα

1964 4059 2063 4129 μὲν
2087 4060 2192 4113 ὑπὸ
2215 4059 2318 4130 τῆς
2345 4060 2560 4129 φύσεως
2606 4059 2966 4130 κατεχόμενος
2991 4059 3145 4128 ἔλεγε
3165 4075 3179 4088 ·
3215 4060 3308 4114 νῦν
3334 4062 3392 4116 δέ
3418 4062 3522 4115 ὑπὸ

1961 4146 2055 4200 τοῦ
2083 4143 2395 4216 Πνεύματος
2418 4145 2604 4212 ἔνθους
2631 4149 2938 4218 γενόμενος.
2975 4147 3122 4219 Πλὴν
3146 4149 3254 4202 είτε
3284 4151 3410 4222 περὶ
3430 4149 3522 4204 τοῦ

1975 4231 2324 4303 Ἀϐεσσαλὼμ
2343 4273 2358 4299 ,
2391 4233 2500 4288 εἴτε
2526 4234 2654 4306 περὶ⁵
2689 4233 2783 4287 τοῦ
2824 4233 3103 4304 Ἀχιτόφελ
3131 4233 3374 4308 εἴρηται,
3404 4254 3527 4290 σκο-

1964 4319 2165 4391 πητέον
2199 4318 2268 4372 τά
2299 4320 2597 4391 εἰρημένα·
2646 4320 2706 4374 οῦ
2740 4321 2848 4393 γὰρ
2895 4319 3062 4384 πολύς
3109 4340 3200 4394 μοι
3244 4326 3372 4395 περὶ
3421 4325 3529 4380 τῶν

1963 4405 2268 4476 προσώπων
2298 4407 2328 4460 6
2353 4405 2530 4475 λόγος.

2035 4540 2126 4604 ιγ’.
2157 4535 2225 4588 Τί
2264 4529 2358 4588 οὖν
2394 4533 2640 4588 ἐντεῦθεν
2679 4534 3053 4605 μανθάνομενς
3081 4537 3383 4600 Δείκνυσιν,
3403 4538 3532 4591 ὄτιό

1963 4622 2207 4695 ὀρύσσων
2227 4621 2415 4692 βόθρον
2433 4620 2511 4691 τῷ
2530 4621 2776 4693 πλησίον,
2793 4623 2871 4686 εἰς
2894 4623 3058 4677 αὐτὸν
3078 4627 3416 4694 ἐμπεσεῖται·
3435 4627 3532 4678 καὶ

1965 4711 2216 4782 καθάπερ
2242 4712 2300 4765 αἱ
2325 4710 2608 4765 ὠδίνουσαι
2639 4713 2893 4780 γυναῖκες
2920 4712 3027 4765 ὑπὸ
3053 4712 3162 4766 τῶν
3189 4711 3392 4768 ὠδίνων
3417 4715 3534 4769 δια-

1967 4805 2280 4865 κόπτονται,
2295 4801 2440 4856 οὕτω
2465 4803 2559 4856 καὶ
2585 4805 2615 4856 6
2631 4801 2781 4856 δόλον
2805 4802 3189 4875 ἐργαζόμενος,
3222 4805 3354 4874 πρὶν
3378 4804 3413 4874 ἢ
3441 4806 3536 4858 τὸν

1968 4889 2195 4962 πλησίον
2224 4890 2502 4960 ἀδικῆσαι,
2549 4890 2712 4954 αὐτὸς
2753 4890 3103 4946 διακόπτεται
3140 4894 3234 4946 καὶ
3261 4893 3534 4961 όδυνᾶται,

1968 4979 2064 5034 καὶ
2097 4977 2197 5049 οὐχ
2223 4978 2301 5041 ὡς
2323 4977 2533 5047 ἔτυχεν,
2577 4977 2714 5033 ἀλλὰ
2747 4977 2886 5049 μετά
2925 4979 3126 5051 πολλῆς
3151 4981 3254 5050 τῆς
3275 4980 3538 5053 δριμύτη-

1967 5083 2081 5131 τος.
2109 5066 2203 5120 Διὺ
2245 5065 2342 5120 καὶ
2365 5065 2426 5120 16
2448 5065 2644 5137 πικρὸν
2689 5067 2789 5138 τῆς
2809 5066 3007 5138 ὀδύνης
3032 5068 3380 5140 παραστῆσαι
3409 5069 3532 5140 βου⁴

1969 5153 2214 5224 λόμενος,
2246 5151 2410 5206 ὠδῖνα
2443 5151 2516 5207 16
2540 5153 2768 5224 πρᾶγμα
2794 5152 3072 5209 ἐκάλεσεν.
3100 5155 3272 5210 Ὅπου
3302 5156 3411 5229 γὰρ
3439 5157 3531 5211 ἐὰν

1974 5239 2227 5311 βούληται
2249 5242 2284 5311 η
2313 5240 2502 5312 Γραφὴ
2530 5240 2800 5312 ἀφόρητόν
2828 5259 2950 5296 τινα
2973 5243 3106 5313 ἡμῖν
3140 5243 3336 5314 ὀδύνην
3374 5245 3536 5299 ἐνδεία-

1973 5327 2198 5393 ξασθαι,
2347 5328 2582 5399 ·ὁνόματι
2619 5327 2720 5398 τῆς
2759 5327 2949 5392 ὠδῖνος
2994 5329 3164 5402 αὐτὴν
3203 5331 3534 5402 ὑπογράφει.

1973 5415 2064 5469 Διὸ
2091 5414 2181 5468 καὶ
2201 5414 2434 5484 ἀλλαχοῦ
2463 5429 2648 5485 φησιν,
2687 5414 2909 5482 Ὠδῖνος
2939 5415 3162 5472 ἔλασαν
3189 5420 3535 5474 κατοικοῦν-

1973 5518 2082 5568 τας
2110 5501 2456 5572 Φυλιστιεὶμ
2474 5543 2490 5569 ,
2537 5502 2812 5566 τουτέστι,
2843 5502 3007 5573 φόϐος
3025 5544 3043 5571 ,
3075 5503 3276 5576 τρόμος
3295 5544 3312 5569 ,
3342 5507 3540 5575 πόνος,

1975 5589 2158 5664 ὀδύνη.
2216 5589 2332 5662 Καὶ⁴
2376 5590 2536 5646 πάλιν
2573 5592 2603 5644 ό
2649 5588 2894 5655 Παῦλοςέ
2938 5592 3115 5649 Ὅταν
3151 5593 3220 5646 δέ
3261 5594 3544 5662 λέγωσιν,

1972 5677 2195 5746 Εἰρήνη
2226 5676 2325 5735 καὶ
2355 5677 2674 5746 ἀσφάλεια,
2709 5689 2841 5734 τότε
2888 5679 3091 5746 αὐτοῖς
3115 5682 3413 5750 αἰφνίδιος
3435 5683 3544 5752 ἐφη

1979 5763 2208 5818 (manu
2231 5765 2496 5834 ὄλεθρος,
2512 5765 2713 5832 ὥσπερ
2731 5767 2768 5833 ἠ
2784 5766 2931 5849 ὠδίν
2949 5765 3022 5836 τῇ
3047 5767 3117 5821 ἐν
3139 5771 3344 5848 γαστρί
3371 5769 3546 5841 6106-

3206 5872 3241 5923 υ
