4074 6356
538 345 634 399 401

525 481 630 531 σῃ.
665 457 931 515 Ἐνταῦθα.
974 454 1068 510 δύο
1116 457 1428 524 αἰνίττεται,
1462 460 1555 512 καὶ
1582 459 1642 511 τὸ
1679 459 1970 530 ἀφόρητον,
2011 457 2104 511 καὶ

521 550 586 604 τὸ
617 545 1038 619 ἀπροσδόκητον.
1071 546 1182 599 Καὶ
1213 547 1242 599 ό
1280 545 1525 620 Ἐζεκίας
1545 563 1559 579 ο
1593 548 1716 600 Ὅτι
1742 548 1874 613 ἥκει
1898 548 1935 614 ἡ
1963 545 2107 598 ὠδὶν

522 637 598 706 τῇ
641 635 948 704 τικτούσῃ,
994 632 1176 703 ἰσχὺν
1208 633 1277 686 δὲ
1310 636 1420 688 οὐκ
1449 636 1572 702 ἔχει
1607 634 1714 688 τοῦ
1760 636 1973 697 τεκεῖν,
2016 633 2105 686 τὸν

520 727 793 796 ἀφόρητον
829 721 994 778 αὐτοῦ
1025 721 1189 790 φόϐον
1230 721 1327 775 καὶ
1353 723 1512 776 πόνον
1543 722 1630 775 διά
1665 723 1764 792 τῆς
1796 723 1982 786 ὠδῖνος
2021 723 2105 773 ἐν·

519 811 886 883 δεικνύμενος.
913 810 1071 863 Οὕτω
1099 809 1162 880 δὴ
1197 809 1290 862 καὶ
1334 808 1570 863 ἐνταῦθα
1595 813 1623 864 ὁ
1646 811 1952 882 προφήτης.
1985 809 2104 863 Κᾶν

519 901 628 971 γάρ
661 900 920 971 μυριάκις
967 897 1197 967 πονηρός
1230 915 1312 960 τις
1339 891 1405 970 ᾖ,
1457 897 1518 950 τὸ
1544 898 1826 969 κριτήριον
1851 897 1945 950 τοῦ
1978 915 2104 950 συν-

519 989 719 1050 ειδὸτος
748 987 806 1039 ού
837 984 1209 1056 διαφθείρεται
1229 1000 1245 1016 ο
1278 984 1504 1052 φυσικὸν
1530 985 1640 1056 γάρ
1671 987 1809 1046 ἐστι,
1834 986 1927 1038 καὶ
1950 985 2106 1056 παρά

517 1076 612 1128 τοῦ
646 1075 780 1127 Θεοῦ
811 1075 940 1145 ἡμῖν
965 1074 1063 1144 τὴν
1098 1071 1273 1145 ἀρχὴν
1304 1072 1538 1128 ἐντεθέν.
1570 1073 1689 1126 Κᾶν
1740 1075 1910 1145 μυρία
1952 1073 2102 1141 φιλο-

516 1165 878 1234 νεικήσωμεν,
917 1161 1219 1229 ἐφέστηκεν
1266 1162 1442 1214 ἐκεῖνο
1480 1159 1795 1224 καταϐοῶν,
1839 1161 2097 1224 κολάζον,

515 1249 897 1316 καταδικάζον,
930 1250 1026 1302 καὶ
1051 1248 1224 1312 οὐδείς
1271 1250 1386 1302 ἐστι
1440 1249 1550 1302 τῶν
1578 1250 1636 1302 ἐν
1661 1249 1830 1320 κακίᾳ
1859 1248 2096 1314 ζώντων,

516 1341 574 1404 ὃς
603 1340 663 1393 ού
697 1337 898 1410 μυρίαν
947 1337 1139 1408 ὀδύνην
1178 1337 1460 1408 ὑπομένει,
1493 1338 1590 1391 καὶ
1618 1337 2003 1409 βουλευόμενος
2030 1338 2100 1392 τά

513 1426 681 1486 κακὰ.
712 1426 805 1480 καὶ
835 1427 916 1489 είς
944 1423 1104 1496 ἔργον
1131 1424 1380 1495 ἐκφέρων
1405 1425 1502 1496 τὴν
1527 1425 1742 1497 βουλήν.
1771 1426 1837 1479 Τί
1866 1426 1974 1498 γὰρ
2000 1426 2098 1480 τοῦ

526 1514 726 1587 Ἀχαὰϐ
761 1513 1155 1585 πονηρότερον;
1199 1513 1338 1566 Ἀλλ’
1375 1514 1522 1584 ὅμως
1567 1516 1775 1578 ἐκεῖνος
1823 1515 2098 1587 ἐπιθυμή-

515 1622 614 1663 σας
654 1603 749 1656 τοῦ
784 1601 1140 1674 ἀμπελῶνος,
1190 1602 1443 1674 ἐννόησον
1492 1612 1665 1675 πόσην
1711 1602 1904 1674 ὀδύνην
1945 1603 2093 1674 ἔσχε.

514 1692 773 1755 Βασιλεὺς
809 1690 941 1759 γοῦν
983 1689 1058 1743 ὢν
1102 1691 1197 1744 καὶ
1244 1690 1462 1744 πάντων
1507 1691 1752 1762 κρατῶν,
1787 1692 1880 1744 καὶ
1904 1691 2096 1745 οὐδένα

511 1783 650 1850 ἔχων
693 1779 1061 1848 ἀντιλέγοντα,
1101 1778 1290 1849 ἐπειδὴ
1325 1778 1420 1832 τοῦ
1455 1779 1752 1844 συνειδότος
1784 1779 1884 1851 τὴν
1913 1779 2095 1850 ψῆφον

510 1871 612 1922 οὐκ
641 1869 892 1939 ἤνεγκεν,
941 1866 1158 1938 εἰσῆλθε
1191 1866 1626 1938 σκυθρωπάζων,
1671 1868 1824 1922 κάτω
1852 1869 2092 1935 κύπτων,

512 1957 935 2029 συγκεχυμένος,
971 1955 1173 2026 πολλὴν
1213 1955 1386 2026 ἀχλὺν
1421 1957 1514 2009 ἐπὶ
1545 1956 1647 2027 τῆς
1679 1956 1853 2028 ὂψεως
1889 1958 2093 2029 φέρων,

509 2047 608 2117 τῆς
644 2045 754 2099 ἀπὸ
783 2044 880 2098 τοῦ
912 2044 1209 2107 συνειδότος
1257 2045 1556 2115 καταδίκης
1597 2045 1690 2098 τὸν
1743 2045 1964 2118 ἔλεγχον
2001 2047 2095 2100 ἐπὶ

508 2132 603 2187 τοῦ
632 2132 926 2204 προσώπου
961 2130 1265 2203 κηρύττων,
1317 2132 1413 2186 καὶ
1445 2133 1504 2185 οὐ
1537 2133 1838 2204 δυνάμενος
1873 2135 2095 2189 συσκιά-

511 2239 599 2275 σαι
629 2222 726 2292 τὴν
759 2220 867 2274 ἀπὸ
900 2219 1001 2290 τῆς
1029 2219 1266 2290 ἀθυμίας
1291 2220 1658 2291 ἐγγενομένην
1687 2221 1838 2292 αύτῷ
1878 2222 2090 2295 ὀδύνην.

508 2309 668 2364 Οὕτω
693 2307 826 2378 γοῦν
852 2308 946 2362 καὶ
964 2307 1072 2360 ἀπὸ
1100 2309 1199 2378 τῆς
1225 2307 1484 2376 γυναικὸς
1510 2308 1726 2377 ἐγένετο
1745 2311 2087 2384 κατάφωρος.

520 2399 578 2451 '0
617 2397 798 2469 μέντοι
824 2395 1110 2467 προδότης,
1153 2398 1182 2448 ό
1209 2396 1344 2468 πρὸς
1373 2396 1639 2469 τοσαύτην
1680 2398 1954 2464 ἐξοκείλας
1994 2417 2086 2452 πο·

508 2487 720 2559 νηρίαν,
757 2485 946 2556 ἐπειδὴ
974 2485 1074 2557 τὴν
1107 2483 1298 2556 ὀδύνην
1330 2485 1430 2539 οὐκ
1463 2487 1662 2558 ήνεγκε
1707 2487 1804 2558 τὴν
1837 2489 1947 2542 ἀπὸ
1993 2487 2090 2542 τοῦ

508 2573 793 2646 κριτηρίου
841 2572 955 2646 [72]
1003 2572 1100 2626 τοῦ
1153 2573 1473 2637 συνειδότος,
1508 2576 1602 2628 καὶ
1654 2575 1847 2648 βρόχον
1889 2576 2088 2648 ἀνῆψε,

508 2663 601 2717 καὶ
633 2662 774 2716 οὕτω
799 2661 890 2716 τὸν
924 2661 1037 2731 βίον
1070 2661 1386 2716 κατέλυσεν.
1421 2663 1632 2736 ’Ὠσπερ
1657 2659 1748 2718 οὖν
1776 2667 1803 2718 ό
1830 2667 1887 2718 ἐν
1917 2684 2087 2739 πονη-

512 2751 600 2822 ρίᾳ
627 2750 867 2805 τοσαῦτα
895 2749 1123 2820 πάσχει,
1149 2747 1322 2813 οὕτως
1353 2749 1383 2801 ό
1409 2751 1466 2804 ἐν
1497 2751 1663 2823 ἀρετῇ
1691 2752 1932 2825 γαλήνης
1955 2755 2089 2808 ἀπο-

505 2839 659 2894 λαύει
688 2840 784 2894 καὶ
815 2837 1092 2911 ἀταράχου
1131 2836 1387 2901 διανοίας.
1418 2838 1616 2892 Σκόπει
1647 2839 1726 2892 δέ.
1760 2842 1821 2893 Εἰ
1849 2840 2084 2916 βουληθῇ

503 2929 590 2992 τίς
639 2945 761 2981 τινα
801 2926 1114 2998 ἀμύνασθαι
1143 2968 1157 2991 ,
1192 2927 1226 2998 ἢ
1271 2926 1433 2998 ἄρξαι
1481 2927 1680 2998 χειρῶν
1712 2929 1932 2996 ἀδίκων,
1985 2933 2089 3004 ὅρα

505 3019 648 3072 πόσα
679 3018 877 3088 πάσχει
919 3016 1086 3071 δεινά.
1127 3015 1439 3087 Π).ηροῦται
1487 3017 1683 3088 θυμοῦ,
1738 3020 2086 3077 διακόπτεται

505 3105 610 3159 ὑπὸ
637 3105 826 3178 ὀργῆς,
868 3105 1036 3177 μυρία
1069 3103 1288 3176 κύματα
1319 3107 1460 3159 κινεῖ
1485 3105 1782 3177 λογισμῶν,
1814 3109 1967 3172 ὁδοὺς
1995 3111 2086 3184 έρ-

503 3212 656 3266 χεται
695 3193 922 3266 μυρίας,
956 3193 1120 3263 φόϐος
1154 3192 1334 3247 ἔπεισι
1366 3194 1460 3247 καὶ
1485 3194 1692 3263 ἀγωνία
1737 3197 1829 3249 καὶ
1860 3199 2081 3270 τρόμος,

502 3283 597 3336 τοῦ
646 3281 818 3353 θυμοῦ
857 3282 1274 3345 διακόπτοντος,
1321 3281 1418 3334 τοῦ
1471 3283 1636 3351 φόϐου
1684 3287 2083 3352 κατασείοντος,

503 3372 622 3435 πῶς
654 3370 909 3442 ἐπιτύχῃ,
943 3369 1059 3432 πῶς
1082 3367 1378 3442 ἐπεξέλθῃο
1414 3371 1511 3422 καὶ
1533 3370 1638 3440 πρὸ
1664 3371 1759 3424 τοῦ
1799 3372 2086 3443 μέλλοντος

503 3457 840 3523 ἀδικεῖσθαι,
873 3458 1064 3511 ἐαυτὸν
1102 3456 1416 3510 ἀπόλλυσιν.
1471 3457 1528 3510 '0
1580 3456 1636 3510 δὲ
1687 3458 1933 3515 ἐκϐαλὼν
1985 3462 2085 3533 τὴν

503 3548 692 3620 ὀργὴν,
721 3548 974 3602 ἁπάντων
1001 3544 1345 3616 ἀπήλλακται
1374 3543 1579 3597 τούτων
1597 3561 1612 3578 ·
1640 3547 1736 3599 καὶ
1772 3547 1916 3618 μάλα
1944 3550 2085 3602 εἰκό-

501 3652 632 3698 τως.
665 3634 868 3688 Τούτου
906 3635 1014 3706 γάρ
1045 3633 1208 3696 αὐτὸς
1246 3630 1436 3704 κύριός
1459 3632 1594 3694 ἐστι,
1628 3635 1723 3686 καὶ
1748 3635 1809 3687 τὸ
1837 3637 1946 3689 πᾶν
1974 3637 2082 3690 ἀπ-

502 3725 757 3794 ήρτισενο
790 3722 996 3778 ἐκείνου
1022 3723 1079 3776 δέ
1108 3722 1208 3775 ούκ
1239 3721 1338 3784 ἔτι,
1372 3719 1507 3775 ἀλλά
1554 3723 1646 3775 καὶ
1680 3722 1872 3794 καιροῦ
1903 3725 2080 3795 χρεία,

503 3813 596 3866 καὶ
625 3813 812 3877 τόπου,
852 3813 945 3868 καὶ
986 3812 1162 3876 δόλου,
1196 3811 1291 3864 καὶ
1339 3811 1710 3882 κακουργίας,
1743 3812 1838 3866 καὶ
1878 3813 2080 3878 ὃπλων,

502 3905 596 3958 καὶ
633 3902 1209 3975 μηχανημάτων,ικαὶ
1258 3902 1722 3974 προσκρουσμῶν,
1771 3903 1865 3955 καὶ
1917 3903 2082 3956 κολαο

502 3993 676 4056 κείας,
716 3994 809 4045 καὶ
844 3991 1107 4054 δουλείας,
1136 3991 1231 4042 καὶ
1260 3989 1619 4061 ὑποκρίσεως.
1667 3991 1831 4062 Ὁρᾷς
1854 3991 1972 4054 πῶς
1998 3990 2082 4043 εῦ-

501 4080 657 4134 κολον
706 4082 740 4151 ή
788 4079 993 4150 ἀρετὴ,
1027 4078 1285 4132 δύσκολον
1324 4078 1380 4131 δέ
1423 4080 1457 4148 ἡ
1501 4078 1703 4144 κακία;
1738 4079 1853 4142 πῶς
1884 4079 1945 4132 τὸ
1982 4081 2081 4149 μὲν

500 4170 791 4240 ἀτάραχον,
818 4169 880 4220 τὸ
909 4167 966 4220 δέ
1005 4166 1249 4237 θορύϐων
1276 4165 1478 4234 γέμον;
1529 4197 1534 4203 ·

571 4284 786 4352 Ταύτην
833 4285 1013 4336 τοίνυν
1063 4282 1396 4353 ὑπογράφων
1447 4282 1475 4333 ὁ
1520 4279 1808 4352 Προφήτης
1857 4281 2075 4352 ἕλεγεψ

514 4369 656 4424 Ἰδοὺ
703 4371 1000 4438 ὼδίνησεν
1049 4368 1309 4433 ἀδικίαν,
1368 4367 1670 4422 συνέλαϐε
1723 4370 1933 4435 πόνον,
1979 4371 2078 4425 καί

498 4459 705 4513 ἔτεκεν
742 4458 1014 4526 ἀνομίαν.
1060 4455 1339 4508 Ἐντεῦθεν
1377 4456 1680 4522 δείκνυται,
1719 4456 1799 4510 ὅτι
1833 4457 1894 4511 οὐ
1937 4458 2078 4511 κατά

501 4547 664 4618 φύσιν
687 4548 818 4620 ἡμῖν
845 4548 878 4618 ή
909 4544 1088 4599 ἀδικία
1111 4587 1125 4609 ,
1158 4545 1296 4599 ἀλλά
1326 4545 1422 4599 καὶ
1439 4546 1719 4617 ἀλλότριόν
1745 4562 1818 4600 τι.
1847 4547 1938 4601 Διὸ
1983 4550 2077 4602 καὶ

499 4637 740 4709 βαρύνει,
767 4636 860 4691 καὶ
889 4635 995 4699 ἐως
1021 4634 1088 4688 ἂν
1115 4633 1538 4705 ἀπαλλαγῶμεν,
1555 4633 1707 4688 ὠδῖσι
1739 4635 2072 4707 περιϐάλλει.

509 4728 660 4782 Ἐπεὶ
683 4727 779 4780 καὶ
803 4727 864 4780 τὸ
892 4725 1129 4797 ἔμϐρυον
1152 4725 1255 4789 ἐως
1283 4725 1350 4778 ἂν
1377 4725 1768 4796 ἀπαρτίζηται,
1799 4726 1944 4781 κατά
1973 4727 2075 4797 φύ-

498 4835 581 4872 σιν
628 4816 872 4886 ἔγκειται
911 4817 979 4886 τῇ
1027 4816 1261 4886 γαστρίο
1291 4813 1380 4867 διὰ
1415 4813 1576 4868 τοῦτο
1610 4815 1707 4868 καὶ
1757 4814 1941 4884 μένει,
1982 4816 2075 4869 καὶ

495 4907 657 4961 πόνον
697 4906 800 4960 οὐκ
843 4903 979 4976 ἔχει.
1020 4903 1174 4957 Μετὰ
1207 4903 1263 4956 δὲ
1308 4903 1369 4956 τὸ
1415 4903 1753 4974 τελεσθῆναι,
1788 4903 1885 4958 ἐὰν
1926 4904 2074 4958 ἐνδον

498 4996 655 5066 μένῃ,
691 4992 841 5064 παρὰ
869 4993 1030 5060 φύσιν
1053 4992 1204 5044 ἐστὶν
1233 4993 1268 5061 ή
1297 4991 1587 5062 διατριϐή·
1609 4990 1734 5044 ὅθεν
1764 4991 1860 5044 καὶ
1886 4992 2074 5056 ὠδῖνες

491 5084 790 5153 γίγνονται.
841 5080 1040 5150 Διόπερ
1088 5080 1123 5151 ἠ
1181 5078 1341 5148 φύσις
1399 5077 1760 5148 ἐνοχλουμένη
1829 5078 2073 5148 βιάζεται

492 5166 892 5240 ἐξωθήσασθαι,
923 5167 1023 5222 ἀτε
1053 5166 1406 5238 ἐργασαμένη
1438 5165 1500 5219 τὸ
1548 5166 1657 5219 πᾶν
1700 5165 1792 5218 καὶ
1840 5166 2073 5237 ἀπαρτί-

493 5273 656 5319 σασα,
702 5255 795 5310 καὶ
833 5254 935 5307 οὐκ
963 5251 1046 5306 ἐτι
1076 5253 1350 5324 δυναμένη
1382 5251 1590 5324 φέρειν.
1633 5251 1773 5306 Ἀλλ’
1822 5255 1938 5306 ἐκεῖ
1973 5256 2072 5324 μὲν

489 5344 711 5416 πρῶτον
741 5341 1002 5413 σύλληψις
1027 5341 1258 5410 γίνεται,
1290 5341 1387 5396 καὶ
1407 5342 1532 5396 τότε
1563 5340 1690 5406 ὡδίς
1712 5358 1726 5372 ·
1761 5341 1993 5396 ἐνταῦθα
2013 5343 2071 5396 δὲ

416 5495 420 5499 ,
489 5431 706 5504 πρῶτον
729 5431 980 5502 ὠδίνησε,
1015 5430 1110 5484 καὶ
1138 5430 1259 5484 τότε
1287 5429 1547 5484 συνέλαϐε
1573 5429 1668 5484 κα)⁸
1696 5428 1870 5484 ἐτεκε.
1892 5431 1957 5484 Τί
1977 5427 2070 5487 οὖν

489 5523 639 5576 ἔστιν
681 5521 888 5584 εἰπεῖν;
923 5520 1044 5574 ’Ότι
1087 5520 1204 5574 ἐκεῖ
1235 5520 1334 5590 μὲν
1379 5520 1438 5574 ἐν
1480 5519 1660 5593 καιρῷ
1700 5517 1797 5572 τοῦ
1830 5519 1994 5573 τόκου
2034 5523 2067 5592 ή

487 5609 654 5673 ὠδὶς,
702 5607 934 5662 ἐνταῦθα
972 5607 1033 5661 δέ
1079 5606 1138 5674 ἐξ
1185 5607 1362 5679 ἀρχῆς
1401 5609 1436 5680 ἡ
1477 5607 1625 5671 ὼδίς.
1665 5605 1834 5677 Ὁμοῦ
1867 5623 1927 5659 τε
1959 5608 2070 5680 γὰρ

488 5697 846 5752 ἐϐουλεύσατό
875 5697 961 5762 τίς
995 5714 1048 5750 τι
1093 5697 1348 5769 πονηρὸν,
1395 5697 1491 5751 καὶ
1535 5698 1664 5769 πρὶν
1714 5695 1746 5766 ἢ
1794 5695 1964 5766 πῆξαι
1999 5703 2066 5772 τῇ

486 5787 716 5860 διανοίᾳ,
749 5786 975 5860 θόρυϐος
999 5788 1093 5843 καὶ
1120 5789 1333 5860 ταραχὴ
1359 5787 1501 5844 κατὰ
1523 5785 1619 5858 τὴν
1645 5775 1903 5842 διάνοιαν.
1941 5785 2066 5845 Ἐπὶ

1249 337 1306 393 S.
1345 338 1633 396 SOANNIS
1673 337 2170 395 CIIRYSOSTOMI
2204 336 2528 395 ARCIIIEP.
2563 340 3110 398 CONSTANTINOP.

3691 349 3794 408 102

2219 458 2316 528 μέν
2349 458 2457 533 γὰρ
2483 462 2581 532 τῆς
2615 461 2872 530 γυναικὸς
2914 462 2972 514 τὸ
3004 460 3342 532 καταϐληθὲν
3388 460 3539 527 ἀπαξ
3563 462 3789 535 σπέρμα

2209 553 2339 606 αὐτὸ
2362 555 2453 608 καὶ
2483 555 2864 610 διαπλάττεται
2900 556 3037 627 πρὸς
3067 555 3166 628 τὴν
3201 554 3460 609 σύστασιν
3490 553 3583 608 τοῦ
3609 571 3790 611 τικτο-

2211 646 2372 717 μένου
2391 664 2406 678 ο
2449 649 2542 701 ἐπὶ
2569 648 2626 702 δὲ
2648 649 2755 701 τῶν
2788 648 2972 712 δόλους
3005 649 3321 720 βαπτόντων
3349 649 3589 721 σήμερον
3630 646 3788 714 οὗτος

2207 739 2511 812 κατεϐλήθη
2546 742 2574 794 ὁ
2602 741 2880 812 λογισμὸς,
2915 742 3008 794 καὶ
3041 742 3203 796 πάλιν
3231 741 3418 814 αὔριον
3445 742 3660 814 ἕτερος·
3691 743 3792 798 καὶ

2211 832 2401 904 μυρίαι
2430 833 2724 887 καταϐολαλ⁸
2752 833 2860 887 τῶν
2899 832 3150 905 πονηρῶν
3183 834 3386 888 τούτων
3417 836 3785 906 πραγμάτων,

2205 927 2299 979 καὶ
2332 925 2454 980 καθ’
2493 926 2730 998 ἑκάστην
2762 927 2976 1000 ἡμέραν
3007 925 3294 998 συλλήψεις
3325 925 3422 980 καὶ
3450 926 3636 992 ὠδῖνες
3668 928 3786 983 δια-

2204 1017 2518 1089 φθείρουσαι
2565 1020 2664 1092 τὴν
2706 1021 2877 1074 ταῦτα
2919 1019 3210 1074 τίκτουσαν
3257 1019 3512 1076 διάνοιαν.
3561 1022 3634 1075 Ού
3674 1018 3787 1096 γὰρ

2201 1109 2437 1173 τοιοῦτος
2469 1112 2497 1164 ό
2522 1112 2698 1176 τόκος,
2723 1106 2836 1176 οἷος
2865 1112 2956 1166 ἐπὶ
2983 1111 3089 1165 τῶν
3107 1111 3380 1182 γυναικῶν
3399 1129 3412 1142 '
3441 1112 3558 1167 ἀλλ’
3589 1113 3778 1186 ὥσπερ

2201 1202 2294 1256 ἐπὶ
2347 1202 2456 1256 τῶν
2507 1203 2751 1274 ἐχιδνῶν,
2805 1203 2901 1276 τὴν
2951 1206 3165 1277 μήτραν
3217 1205 3523 1269 διασπῶσι,
3571 1204 3664 1259 καὶ
3717 1207 3785 1261 τά

2201 1296 2410 1369 πλευρά
2456 1297 2818 1351 διακόπτοντα
2844 1297 2912 1352 τά
2942 1298 3128 1352 παιδία
3161 1298 3408 1370 πρόεισιν
3428 1310 3453 1338 ει
3473 1313 3490 1329 ο
3517 1297 3660 1350 οῦτω
3689 1301 3784 1354 καί⁵

2198 1386 2290 1438 ἐπὶ
2320 1385 2427 1440 τῶν
2459 1386 2752 1462 δόλωνααὶ
2776 1387 2868 1441 ἐπὶ
2898 1388 2994 1459 τῆς
3020 1387 3252 1452 ἀδικίας.
3293 1387 3453 1442 Ἀλλά
3482 1389 3584 1443 κᾶν
3614 1389 3784 1461 μυρία

2200 1480 2705 1552 φιλονεικήσωμεν,
2764 1482 2824 1535 οὐ
2884 1481 3226 1552 δυνησόμεθα
3296 1483 3644 1554 παραστῆσαι
3704 1482 3781 1553 τῷ

2198 1572 2341 1645 λόγῳ
2387 1575 2486 1646 τὴν
2527 1574 2816 1645 ἀλγηδόνα,
2849 1574 2914 1645 ἢν
2961 1575 3323 1645 ὑπομένουσιν
3370 1576 3418 1627 οί
3466 1574 3642 1627 κακοί.
3689 1575 3781 1628 Διὸ

2197 1667 2293 1720 καί
2316 1666 2399 1730 τίς
2427 1679 2610 1737 φησιν’
2629 1665 2770 1719 Ὀδὲ
2791 1667 2976 1732 κακὸς
3000 1668 3188 1737 μόνος
3209 1667 3500 1732 ἀντλήσει
3516 1665 3588 1720 τὰ
3603 1667 3776 1720 κακά.

2198 1759 2264 1812 Τί
2311 1760 2420 1830 γὰρ
2452 1758 2831 1832 χαλεπώτερον
2863 1762 2954 1814 καὶ
2999 1761 3372 1830 ἀλγεινότερον
3418 1759 3512 1813 τοῦ
3553 1759 3779 1830 βασκαί-

2197 1869 2399 1917 νοντος,
2432 1852 2525 1906 τοῦ
2555 1852 3021 1915 ἐπιϐουλεύοντος,
3049 1853 3142 1907 τοῦ
3175 1853 3281 1908 τῶν
3310 1853 3607 1926 ἀλλοτρίων
3632 1857 3780 1925 ἐφιε-

2198 1944 2396 2014 μένου;
2445 1945 2651 2015 Δημίου
2691 1945 2892 2009 παντὸς
2917 1945 3296 2018 χαλεπώτερον
3329 1945 3396 1999 τά
3428 1947 3577 2018 πάθη
3603 1947 3777 2002 ταῦτα

2194 2035 2292 2106 τὴν
2320 2036 2496 2107 ψυχὴν
2529 2035 2861 2101 καταξαίνει.

2266 2127 2344 2180 ιδ’.
2369 2126 2482 2200 [ΤΞ]
2502 2129 2663 2182 Ὥστε
2680 2128 2901 2192 εἰκότως
2917 2131 3109 2195 ὠδῖνας
3125 2131 3347 2186 ἐκάλεσε
3362 2132 3487 2198 τοὺς
3502 2131 3777 2196 τοιούτους

2193 2215 2504 2288 λογισμούς.
2552 2218 2690 2272 Ἀλλ’
2721 2217 2911 2289 ὥσπερ
2939 2219 2995 2272 αἱ
3037 2221 3294 2286 γυναῖκες
3339 2219 3447 2272 ἀπὸ
3489 2218 3775 2282 συνουσίας

2191 2309 2458 2374 τίκτουσι,
2503 2311 2609 2366 κᾶν
2664 2311 2762 2382 μὲν
2817 2311 3027 2380 ὑγιεινά
3076 2313 3145 2366 τὰ
3186 2311 3416 2382 σώματα
3450 2307 3508 2386 ᾗ,
3548 2310 3777 2365 τοιαῦτα

2193 2400 2418 2465 εἰκότως
2455 2401 2482 2441 δ
2515 2401 2610 2455 καὶ
2651 2401 2720 2455 τὰ
2752 2402 3061 2473 τικτόμενα·
3092 2403 3156 2456 ἀν
3175 2401 3231 2455 δὲ
3255 2399 3644 2471 διεφθαρμένα,
3681 2417 3775 2470 9.:-

2195 2496 2376 2562 μεῖται
2416 2493 2525 2546 τῶν
2553 2493 2756 2562 γονέων
2782 2493 2880 2564 τὴν
2912 2494 3074 2563 φύσιν
3093 2511 3104 2523 ·
3139 2491 3282 2545 οὓτω
3311 2493 3406 2546 καὶ
3436 2491 3660 2545 ἐπὶτῶν
3687 2491 3774 2545 λο-

2192 2584 2427 2656 γισμῶν.
2448 2585 2568 2640 Κᾶν
2594 2585 2692 2656 μὲν
2714 2586 2937 2654 ἀγαθοῖς
2961 2587 3218 2659 συγγένῃ,
3247 2584 3470 2640 τοιαῦτα
3503 2584 3654 2638 ἔσται
3678 2586 3778 2639 καὶ

2188 2677 2259 2730 τὰ
2287 2677 2486 2748 ἔκγονα
2505 2695 2518 2710 ·
2545 2678 2612 2734 ἂν
2633 2678 2690 2732 δὲ
2711 2681 2988 2750 πονηροῖς,
3010 2678 3104 2733 καὶ
3135 2679 3210 2751 μὴ
3244 2679 3539 2750 προσέχῃς,
3573 2676 3778 2746 πολλὴν

2190 2770 2401 2824 ἐκεῖθεν
2447 2771 2594 2845 λήψῃ
2635 2772 2734 2842 τὴν
2755 2770 2953 2842 λύμην.
2991 2773 3257 2825 ’Ἄκουσον
3278 2771 3408 2840 γοῦν
3430 2773 3457 2824 ὁ
3485 2770 3771 2842 προφήτης

2190 2859 2242 2912 τί
2261 2876 2424 2930 φησιν
2443 2877 2457 2893 ο
2491 2860 2625 2914 Ἀπὸ
2645 2860 2752 2914 τοῦ
2781 2863 2970 2930 φόϐου
2991 2876 3106 2915 σου
3121 2861 3190 2914 ὲν
3204 2862 3415 2930 γαστρί
3446 2860 3770 2928 ἐλάϐομεν,

2190 2955 2284 3006 καί
2308 2953 2706 3022 ὼδινήσαμεν,
2733 2955 2830 3008 καί
2867 2953 3148 3023 ἐτέκομεν
3182 2954 3418 3023 πνεῦμα
3445 2954 3764 3020 σωτηρίας.

2203 3045 2324 3100 Ἐπὶ
2345 3046 2402 3100 δέ
2419 3047 2525 3100 τῶν
2554 3048 2618 3100 ἐκ
2639 3046 2731 3100 τοῦ
2753 3043 2999 3099 διαϐόλου
3017 3062 3031 3076 ο
3065 3045 3166 3099 Ὠὰ
3185 3043 3461 3099 ἀσπίδιον
3480 3044 3768 3113 ἕρῤηξαν,

2189 3139 2287 3192 καὶ
2343 3139 2517 3194 ἱστὸν
2551 3139 2820 3208 ἀράχνης
2869 3138 3220 3208 ὑφαίνουσι.
3263 3136 3556 3206 Φεύγωμεν
3588 3135 3772 3189 τοίνυν

2187 3233 2313 3296 τοὺς
2345 3231 2635 3303 πονηρούς.
2673 3231 2794 3295 Πῶς
2819 3242 2840 3270 ο
2870 3230 2978 3302 γὰρ
3003 3229 3102 3283 οὐκ
3138 3229 3354 3292 ἄτοπον,
3386 3229 3504 3294 ἐξὸν
3532 3227 3639 3282 ἀπὸ
3659 3227 3772 3281 τῶν

2186 3323 2279 3376 τοῦ
2310 3322 2444 3376 Θεοῦ
2504 3324 2938 3393 προσταγμάτων
2976 3321 3069 3374 καὶ
3119 3319 3400 3374 συλλαϐεῖν
3435 3319 3528 3372 καὶ
3561 3321 3766 3383 τεκεῖν,

2191 3415 2264 3487 μὴ
2295 3415 2598 3486 βούλεσθαι,
2631 3415 2765 3469 ἀλλὰ
2785 3415 2883 3479 τὰς
2914 3414 3024 3467 τῶν
3043 3411 3296 3484 πονηρῶν
3325 3411 3610 3476 συνουσίας
3645 3411 3768 3464 διώ·

2187 3520 2322 3567 κειν,
2359 3503 2554 3557 ταύτὸν
2592 3502 2898 3568 ποιοῦντας,
2940 3503 3129 3573 ῶσπερ
3161 3503 3226 3556 ἂν
3249 3504 3503 3571 γυναῖκα,
3537 3501 3769 3572 ἔχουσαν

2187 3598 2432 3668 ἐξουσίαν
2495 3603 2704 3674 βασιλεῖ
2755 3601 3110 3673 συναφθῆναι,
3171 3602 3247 3672 μὴ
3293 3599 3602 3670 ἀνέχεσθαι,
3648 3599 3762 3652 ἀλλ’

2186 3697 2300 3750 ἀντ’
2329 3697 2536 3750 ἐκείνου
2565 3695 2768 3770 λῃστὴν
2805 3697 2899 3749 καὶ¹
2926 3694 3258 3768 τοιχωρύχον
3282 3693 3550 3768 αἱρεῖσθαι
3580 3693 3766 3745 λαϐεῖν

2187 3789 2465 3856 σύνοικον;
2494 3788 2734 3844 Λάκκον
2779 3788 2988 3858 ὤρυξε,
3025 3789 3122 3841 καὶ
3159 3789 3511 3854 ἀνέσκαψεν
3555 3787 3763 3847 αὺτίῗν,

2186 3881 2286 3935 καὶ
2308 3880 2650 3950 ἐμπεσεῖται
2704 3882 2791 3947 εὶς
2815 3880 3066 3948 βόθρον,
3108 3879 3180 3933 ὃν
3209 3878 3544 3948 εἰργάσατο.
3596 3878 3765 3930 Πάλιν

2183 3978 2302 4037 ταῖς
2327 3979 2662 4047 μεταφοραῖς
2693 3975 2977 4046 κέχρηται,
3006 3973 3195 4044 ὥσπερ
3226 3972 3314 4025 διά
3339 3973 3438 4042 τῆς
3463 3971 3648 4034 ὠδῖνος
3673 3972 3765 4025 τὸν

2185 4067 2345 4120 πόνον
2363 4065 2558 4137 δηλῶν,
2587 4065 2729 4120 οὕτω
2756 4065 2842 4119 διὰ
2869 4064 2963 4118 τοῦ
2995 4065 3197 4118 λάκκου
3228 4064 3288 4117 τὸ
3317 4063 3764 4119 δυσαπάλλακτον

2183 4157 2608 4229 ἐνδεικνύμενος.
2631 4157 2737 4212 Καὶ
2759 4156 3101 4227 ἐμπεσεῖται
3121 4159 3208 4220 είς
3221 4157 3472 4226 βόθρον,
3493 4156 3564 4208 δν
3579 4154 3765 4225 εἰργάι

2181 4266 2351 4306 σατο.
2385 4252 2562 4321 Ὅπερ
2617 4250 2803 4320 ἐτερός
2857 4267 3055 4320 φησιν*
3122 4251 3182 4302 '0
3226 4250 3765 4318 ὀρύσσωνεβόθρον

2180 4343 2260 4409 τῷ
2298 4344 2566 4411 πλησίον
2601 4342 2810 4408 αὐτοῦ,
2873 4342 3218 4412 ἐμπεσεῖται
3266 4344 3349 4408 είς
3402 4344 3608 4395 αὐτόν.
3653 4341 3762 4394 Kal

2179 4436 2338 4490 τοῦτο
2377 4436 2433 4489 δὲ
2488 4436 2587 4506 τῆς
2631 4436 2726 4490 τοῦ
2763 4434 2899 4488 Θεοῦ
2953 4433 3386 4506 φιλανθρωπίας,
3414 4433 3477 4487 τὸ
3503 4433 3765 4504 τοιαύτην

2183 4526 2568 4598 συγκληρῶσαι
2600 4529 2664 4599 τῇ
2719 4526 2979 4597 ἐπιϐουλῇ
3014 4527 3115 4596 τὴν
3143 4525 3328 4596 φύσιν,
3362 4525 3504 4579 ῶστε
3533 4527 3612 4588 είς
3634 4527 3765 4588 τοὺς

2179 4619 2627 4683 ἐπιϐουλεύοντας
2674 4617 3100 4689 περιτρέπεσθαι
3146 4617 3215 4671 τὰ
3265 4616 3490 4681 δίκτυα,
3544 4617 3632 4671 ἴνα
3666 4616 3764 4668 καὶ

2179 4712 2428 4766 ἐντεῦθεν
2455 4710 2735 4768 ἀποστῶσι
2762 4713 2864 4781 τῆς
2902 4709 3042 4765 κατὰ
3069 4709 3160 4765 τοῦ
3192 4709 3419 4782 πλησίον
3452 4709 3641 4781 μάχης
3664 4709 3759 4764 καὶ

2181 4805 2447 4876 μηχανῆς.
2489 4803 2660 4858 Τοῦτο
2709 4804 2805 4857 καὶ
2847 4803 2940 4856 ἐπὶ
2981 4801 3074 4856 τοῦ
3107 4803 3383 4866 Μωῦσέως
3411 4801 3655 4871 γέγονεν.
3701 4802 3759 4856 '0

2181 4899 2279 4966 μὲν
2330 4897 2439 4968 γὰρ
2491 4896 2702 4968 μέλλων
2741 4897 3081 4969 ἀναιρεῖσθαι
3113 4893 3345 4966 διεσώθη
3371 4912 3386 4926 ·
3419 4895 3449 4946 ό
3471 4893 3526 4947 δέ
3556 4892 3759 4964 Φαραὼ

2176 4991 2263 5044 διὰ
2289 4987 2390 5062 τῆς
2413 4989 2556 5055 ὁδοῦ,
2587 4985 2656 5062 ἧς
2676 4990 2820 5044 κατά
2869 4989 2978 5044 τῶν
3004 4989 3211 5042 παίδων
3255 4988 3656 5058 ἐμηχανήσατο,
3687 4983 3758 5038 δι’

2177 5079 2348 5150 αὐτῆς
2369 5076 2634 5132 ἀπώλετο.
2661 5077 2934 5142 Κελεύσας
2952 5077 3062 5150 γὰρ
3084 5075 3422 5148 ἀναιρεῖσθαι
3450 5074 3520 5128 τά
3543 5074 3755 5138 παιδία,

2175 5173 2451 5241 ἐνάγκασε
2477 5172 2575 5244 τὴν
2613 5173 2828 5244 μητέρα
2851 5172 3130 5236 Μωῦσέως
3165 5170 3384 5224 ἐκθετον
3414 5168 3503 5223 διὰ
3545 5172 3608 5222 τὸ
3635 5168 3758 5232 δέος

2237 5373 2263 5435 ἔ
2301 5371 2438 5435 Unus
2456 5371 2517 5420 τά
2537 5371 2717 5435 πλευρά
2742 5369 3048 5435 διορύσσουσι
3073 5370 3134 5418 τὰ
3153 5368 3338 5417 παιδία.

2231 5433 2262 5474 b
2289 5434 2498 5490 Εἰκότως
2518 5433 2730 5482 όεεεῐίιι
2756 5433 2908 5481 tribus
2934 5445 3050 5480 mss.

2235 5499 2258 5527 ο
2288 5497 2398 5546 Duo
2419 5507 2531 5544 mss.
2561 5497 2694 5544 inter
2712 5508 2838 5556 quos
2859 5501 2937 5542 est
2959 5493 3082 5555 Reg.
3098 5493 3212 5556 Πῶς
3233 5493 3323 5556 γὰρ
3342 5491 3430 5556 οὐκ
3451 5490 3650 5556 ἄτοπον,
3671 5504 3758 5556 γυ-

2172 5558 2313 5625 ναῖκα
2335 5551 2883 5625 μὲν-ἐξουσίανέχρυσαν
2921 5551 3442 5625 βασιλεῖ-συηνίνεοςθαι,
3577 5554 3648 5625 μή
3669 5551 3756 5625 ἀν-

2173 5612 2382 5682 έχεσθαι,
2395 5612 2829 5689 ἀλλ’-ἀντ’ἐκῖίνρυ
2841 5612 3022 5689 λῃέτῂν
3045 5618 3126 5686 καὶ
3147 5612 3440 5689 τοιχωρύχον
3463 5612 3623 5689 λαϐεῖν
3639 5612 3755 5689 σύν-

2172 5675 2320 5728 οικον·
2334 5675 2472 5729 σοὶδέ
2497 5681 2596 5735 ἐξὸν
2617 5679 2711 5727 ἀπὸ
2730 5680 2826 5726 τῶν
2849 5675 2935 5726 τοῦ
2947 5677 3072 5726 Θεοῦ
3083 5675 3462 5741 προσταγμάτων
3482 5675 3563 5723 καὶ
3575 5675 3755 5741 συλλα-

2171 5743 2269 5791 ϐεῖν
2293 5744 2374 5793 καὶ
2403 5742 2692 5805 τίκτειν,τὰς
2710 5743 3033 5800 τῶνπονηοῶν
3066 5738 3320 5795 συνουσίας
3339 5740 3546 5788 διώκειν·
3575 5738 3754 5788 λάκκον

2171 5805 2360 5862 ὤρυξεν.
