4074 6356
303 405 393 461 101
1425 402 1787 460 EXPOSITIO
1826 403 1893 459 IN
1930 404 2253 464 PSALMUM
2295 409 2405 466 VII.

294 548 484 589 rursus
508 532 702 589 Paulus
730 549 743 585 :
770 532 988 598 Qumtdo
1022 541 1193 585 autem
1218 529 1435 583 dixerint
1465 568 1481 592 ,
1508 526 1627 582 Pax
1651 536 1697 579 et
1726 542 1873 579 secu-

292 626 443 690 ritas,
492 635 612 679 tunc
652 626 724 678 eis
764 626 1053 693 repentinus
1096 622 1321 674 imminet
1359 619 1609 685 interitus,
1644 616 1886 687 quemad-

289 716 505 769 modum
531 716 679 769 dolor
703 715 935 786 pariendi
976 716 1022 768 ei
1047 729 1161 783 quae
1204 722 1402 766 uterum
1442 711 1568 782 gerit
1594 709 1672 779 (1.
1700 707 1881 762 Thess.

287 806 335 861 5.
370 807 455 875 3).
502 804 600 861 Hic
624 807 731 861 duo
754 806 1034 875 signiﬁcat,
1066 814 1120 858 et
1161 818 1280 859 esse
1304 790 1655 866 intolerabile,
1686 808 1741 855 et
1764 812 1884 854 esse

288 898 645 967 inopinatum.
675 897 742 951 Et
762 896 1018 952 Ezechias
1043 912 1057 948 :
1095 894 1239 949 Venit
1255 894 1401 948 dolor
1428 891 1760 963 parturienti,
1782 907 1881 943 non

286 991 438 1045 habet
461 1001 632 1045 autem
659 991 893 1044 virtutem
945 988 1175 1059 pariendi
1215 986 1236 1060 (
1253 985 1383 1041 Isai.
1411 986 1500 1041 57.
1531 985 1566 1039 5
1589 983 1607 1054 )
1630 1026 1645 1050 ,
1690 983 1882 1039 intole—

286 1083 513 1138 rabilem
534 1082 650 1153 ejus
674 1083 921 1137 timorem
948 1091 1004 1135 et
1042 1080 1278 1135 laborem
1302 1094 1398 1149 per
1433 1077 1669 1132 dolorem
1700 1083 1882 1145 partus

285 1174 556 1229 indicans.
583 1174 661 1229 lta
688 1174 850 1229 etiam
880 1172 968 1227 hic
994 1172 1272 1244 propheta.
1316 1171 1429 1225 Etsi
1477 1169 1620 1225 enim
1664 1168 1734 1223 sit
1762 1166 1880 1238 quis

286 1267 482 1320 millies
506 1266 800 1335 improbus,
846 1280 955 1320 non
986 1261 1446 1331 interitjudicium
1487 1259 1873 1315 conscientiae:

284 1368 368 1412 cst
385 1359 532 1412 enim
560 1356 820 1421 naturale,
850 1366 905 1411 et
946 1372 977 1411 a
1005 1356 1116 1410 Deo
1146 1353 1299 1408 nobis
1327 1352 1395 1406 ab
1441 1351 1591 1406 initio
1637 1351 1874 1404 insitum.

284 1449 507 1503 Etiamsi
551 1449 601 1502 in
631 1448 892 1501 inﬁnitum
921 1444 1326 1508 contendamus,
1358 1444 1521 1498 instat
1569 1440 1696 1495 illud
1725 1441 1877 1495 voci-

284 1544 483 1606 ferans.
504 1544 791 1613 castigans,
810 1541 1193 1605 condemnans,
1218 1546 1273 1593 et
1305 1552 1465 1593 nemo
1479 1546 1561 1591 est
1585 1551 1767 1591 eorum
1785 1533 1876 1605 qui

282 1636 547 1690 scelerate
573 1635 776 1699 vivunt,
803 1634 893 1704 qui
919 1648 1023 1688 non
1053 1628 1468 1686 innumerabiles
1496 1627 1707 1683 dolores
1720 1625 1877 1680 susti-

281 1735 424 1789 neat,
468 1736 672 1780 etcum
707 1725 775 1781 de
821 1726 973 1779 malis
1018 1722 1305 1789 consultat,
1349 1730 1549 1778 etcum
1593 1720 1873 1775 consilium

282 1820 333 1872 in
364 1834 501 1886 opus
546 1818 741 1873 educit.
789 1817 923 1884 Quid
953 1816 1096 1871 enim
1140 1814 1357 1870 Achabo
1396 1810 1873 1869 sceleratius?Sed

280 1921 459 1964 tamen
494 1926 617 1963 eum
648 1911 737 1965 ille
764 1910 970 1963 vineam
999 1907 1357 1977 concupisset,
1399 1904 1677 1960 considera
1706 1918 1875 1975 quan.

280 2012 387 2055 tum
415 2001 658 2055 dolorem
689 2001 918 2056 senserit
945 2000 1022 2070 (5.
1045 2000 1173 2071 Reg.
1202 2000 1295 2054 21.
1316 1998 1396 2069 4).
1423 1996 1606 2067 Itaque
1630 2011 1751 2051 cum
1779 2011 1873 2051 rex

276 2103 443 2157 esset,
471 2102 527 2146 et
550 2093 728 2146 omnia
753 2091 1026 2146 dominatu
1071 2099 1298 2159 teneret,
1325 2104 1424 2145 nec
1450 2089 1589 2143 ullus
1615 2097 1760 2144 esset
1783 2087 1873 2159 qui

275 2184 324 2236 ei
371 2183 793 2249 cuntradicerct,
838 2183 1089 2253 quoniam
1142 2180 1485 2238 conscientia:
1515 2195 1619 2235 non
1670 2179 1872 2235 ferebat

275 2274 621 2337 sententiam,
651 2274 921 2341 ingressus
958 2281 1044 2328 est
1071 2272 1259 2337 tristis,
1288 2271 1539 2327 deorsum
1567 2268 1868 2334 inclinatus,

272 2366 551 2430 confusus,
581 2367 631 2419 in
661 2365 777 2434 ipso
802 2374 1018 2435 aspectu
1048 2365 1329 2433 caliginem
1358 2363 1559 2427 ferens,
1593 2363 1872 2417 conscien-

274 2459 360 2509 tia:
377 2456 789 2510 condenmantis
817 2456 1069 2511 indicium
1096 2458 1243 2510 vultu
1270 2454 1610 2515 denuntians.
1646 2467 1747 2509 nec
1776 2469 1867 2506 va-

272 2548 389 2602 lens
420 2558 619 2616 tegere,
670 2563 831 2617 quam
875 2547 1055 2601 animo
1080 2555 1418 2617 conceperat,
1473 2546 1761 2600 tristitiam.
1795 2543 1870 2598 Ita

270 2654 399 2709 ergo
425 2638 524 2692 fuit
558 2639 639 2693 vel
665 2639 734 2692 ab
776 2654 940 2693 uxore
968 2639 1351 2707 deprehensus.
1383 2637 1630 2692 Proditor
1653 2635 1868 2706 quidem

269 2742 435 2797 certe,
462 2732 552 2801 qui
581 2732 633 2785 in
672 2740 874 2785 tantum
905 2730 1080 2786 scelus
1104 2730 1417 2801 impegerat,
1448 2745 1570 2785 cum
1610 2745 1713 2783 non
1739 2743 1866 2798 pos-

271 2832 355 2876 set
414 2821 557 2877 icrre
623 2822 811 2892 judicii
873 2822 1218 2877 conscientiae
1268 2820 1549 2886 dolorem,
1620 2820 1868 2890 adaptato

269 2906 369 2968 sibi
420 2914 613 2984 laqueo
678 2916 841 2969 vitam
893 2915 1063 2969 ﬁnivit
1114 2915 1273 2985 (Act.
1324 2915 1377 2969 1.
1435 2916 1521 2970 18.
1560 2912 1663 2986 5).
1719 2913 1869 2971 Sicut

266 3023 395 3077 ergo
424 3009 515 3077 qui
554 3008 795 3077 improbe
835 3008 980 3071 vivit,
1036 3018 1177 3061 tanta
1207 3008 1400 3077 patitur
1442 3024 1457 3061 :
1496 3008 1565 3062 ita
1593 3007 1681 3078 qui
1703 3009 1865 3062 vitam

267 3115 334 3152 ex
379 3100 573 3154 virtute
624 3100 879 3165 instituit,
938 3099 1316 3169 tranquillitate
1357 3109 1410 3153 et
1451 3099 1633 3154 sedata
1685 3108 1866 3154 mente

265 3191 479 3245 fruitur.
530 3191 818 3247 Considera
856 3204 1054 3246 autem.
1107 3191 1165 3246 Si
1230 3190 1458 3246 voluerit
1503 3191 1624 3261 quis
1679 3190 1863 3245 ulcisci

266 3282 594 3353 quempiam,
622 3283 705 3337 vel
738 3283 884 3351 prior
918 3282 1164 3352 injuriatn
1189 3281 1384 3345 facere,
1415 3281 1539 3337 vide
1566 3289 1700 3352 quot
1726 3281 1864 3337 mala

268 3375 488 3442 patitur.
514 3373 715 3428 Furore
739 3374 994 3443 repletur,
1016 3373 1082 3429 ab
1104 3373 1181 3428 ira
1210 3372 1549 3443 discerpitur,
1579 3383 1756 3428 movet
1780 3374 1863 3427 in-

265 3466 625 3521 numerabiles
638 3466 828 3520 lluctus
845 3466 1243 3536 cogitationum,
1262 3466 1406 3520 mille
1418 3466 1529 3520 vias
1542 3465 1861 3536 ingreditur;

266 3559 470 3612 invadit
500 3558 647 3611 illum
699 3557 879 3623 timor,
914 3573 1078 3627 pavor
1106 3572 1170 3611 ac
1198 3567 1429 3621 tremor;
1454 3556 1724 3626 quomodo
1748 3571 1860 3611 rem

264 3648 511 3718 perficiet
532 3691 546 3714 ,
570 3648 838 3719 quomodo
872 3649 1183 3713 ulciscetur;
1222 3657 1277 3703 et
1317 3656 1440 3702 ante
1460 3663 1581 3701 eum
1606 3663 1763 3718 quem
1782 3657 1863 3702 est

266 3742 459 3811 injuria
513 3742 821 3811 affecturus,
863 3742 1096 3811 seipsum
1142 3740 1337 3811 perdit.
1389 3739 1687 3808 Quiautem
1727 3740 1860 3795 iram

264 3832 491 3903 expulit,
524 3832 593 3887 ab
628 3833 714 3887 his
743 3833 991 3887 munibus
1030 3832 1163 3886 liber
1185 3840 1296 3894 est;
1326 3840 1381 3884 et
1403 3831 1525 3899 jure
1547 3840 1715 3885 certe.
1749 3831 1862 3885 lloc

264 3927 406 3979 enim
434 3935 519 3978 cst
547 3925 599 3978 in
626 3926 741 3993 ejus
759 3933 1040 3995 potestate,
1072 3932 1126 3977 et
1155 3922 1466 3976 universum
1492 3920 1724 3975 confecit
1752 3938 1765 3975 :
1800 3932 1859 3975 at

267 4016 398 4071 illud
424 4031 534 4070 non
574 4015 779 4081 itidem,
833 4015 928 4070 sed
975 4013 1373 4083 opportunitate
1403 4027 1539 4081 opus
1581 4020 1685 4078 est,
1719 4012 1857 4078 loco,

266 4107 553 4175 maleﬁcio,
584 4108 746 4161 annis
771 4149 786 4171 ,
821 4104 1323 4168 machinationibus,
1371 4112 1425 4158 et
1452 4102 1854 4167 offensionibus,

264 4201 596 4265 adulatione,
642 4199 897 4252 servitute
922 4239 938 4263 ,
978 4207 1035 4253 et
1082 4194 1440 4250 simulalione.
1502 4192 1659 4248 Vides
1699 4209 1857 4262 quant

268 4293 438 4347 facilis
467 4306 556 4346 res
574 4291 645 4345 sit
672 4290 860 4357 virtus,
887 4304 1043 4359 quam
1069 4287 1303 4342 difﬁcilis
1331 4286 1556 4341 vitium?
1585 4285 1855 4356 quomodo

266 4384 352 4438 illa
370 4381 586 4453 quidem
616 4392 699 4437 est
738 4380 1046 4451 tranquilla,
1081 4380 1183 4433 hoc
1217 4393 1345 4433 vero
1373 4378 1525 4433 turba
1555 4387 1609 4433 et
1633 4376 1860 4433 tumultu

267 4472 527 4533 refertum
545 4472 568 4527 3

344 4565 433 4621 Vis
474 4565 754 4629 verborum,
804 4563 1140 4634 parturiit....
1188 4560 1524 4630 concepit....
1564 4562 1856 4631 peperit....

267 4657 345 4714 De
389 4657 731 4724 peccatoribus
779 4656 1110 4725 prolaturum.
1173 4652 1422 4723 lniquitas
1458 4662 1634 4723 partus
1674 4654 1857 4722 viperi-

262 4767 380 4805 nus.
428 4779 505 4790 ——
551 4749 666 4802 lloc
731 4763 859 4818 ergo
914 4745 1223 4801 describens
1274 4744 1486 4799 dicebat
1539 4744 1795 4813 propheta
1842 4761 1857 4799 :

264 4842 397 4897 Ecce
423 4841 659 4912 parturiit
702 4839 1019 4909 injustitiam,
1049 4837 1273 4908 concepit
1310 4836 1556 4900 dolerent,
1599 4845 1643 4889 et
1672 4836 1862 4906 peperit

263 4934 601 5005 iniquitatem.
649 4931 729 4985 Ex
780 4931 878 4983 hoc
905 4930 1204 4984 ostenditur
1251 4928 1560 4997 injustitiam
1590 4942 1696 4981 non
1741 4941 1862 4983 esse

264 5027 422 5083 nobis
476 5024 768 5080 secundum
817 5032 1082 5088 naturam,
1129 5020 1223 5076 sed
1268 5034 1390 5075 esse
1434 5018 1562 5090 quid
1604 5019 1857 5073 alienum.

265 5118 499 5189 ldeoagne
519 5131 683 5188 grave
707 5127 809 5181 est,
841 5124 895 5169 et
932 5115 1103 5169 donec
1130 5113 1197 5167 ab
1225 5127 1291 5167 eo
1321 5110 1581 5166 fuerimus
1625 5109 1855 5175 liberati,

265 5214 422 5269 nobis
445 5211 663 5265 dolores
705 5208 958 5263 immittit.
993 5206 1125 5261 Nam
1177 5205 1316 5260 fetus
1342 5204 1500 5259 etiam
1532 5204 1705 5258 donec
1734 5218 1859 5273 per-

265 5308 495 5369 ﬁciatur,
525 5301 818 5357 secundum
841 5309 1084 5354 naturam
1114 5296 1287 5351 ventri
1315 5295 1554 5351 adhznret
1575 5313 1586 5347 :
1610 5306 1860 5364 pr0pter-

263 5414 325 5455 ea
354 5408 409 5452 et
437 5404 638 5458 manet,
662 5402 719 5448 et
748 5390 988 5448 dolorem
1024 5404 1129 5443 non
1164 5387 1341 5442 habet.
1373 5386 1660 5456 Postquam
1680 5396 1859 5441 autem

263 5490 535 5563 perlectus
577 5486 757 5551 fuerit,
794 5485 842 5540 si
888 5484 1033 5539 intus
1056 5488 1294 5547 maneat,
1337 5493 1489 5534 mora
1530 5487 1614 5534 est
1664 5486 1860 5549 praeter

268 5595 546 5647 naturam;
588 5578 730 5635 unde
768 5577 931 5633 etiam
962 5576 1095 5629 ﬁunt
1126 5586 1308 5644 partus
1345 5571 1579 5627 dolores.
1611 5570 1858 5641 Quapro-

268 5685 383 5742 pter
426 5679 618 5728 vexata
648 5679 837 5725 natura
863 5682 985 5724 eum
1032 5676 1259 5720 conatur
1285 5662 1573 5719 extrudere
1598 5702 1611 5723 .
1644 5670 1703 5716 ut
1737 5677 1859 5732 qua:

270 5766 572 5818 universum
620 5760 802 5816 fecerit
831 5775 894 5814 ac
942 5758 1241 5828 perfecerit,
1288 5765 1341 5810 et
1368 5755 1508 5809 ferre
1535 5770 1639 5807 non
1692 5754 1861 5822 possit

267 5853 512 5924 amplius.
547 5850 655 5908 Sed
678 5850 781 5906 illic
812 5851 1024 5921 quidem
1042 5850 1185 5920 prius
1206 5848 1263 5903 ﬁt
1290 5847 1586 5917 conceptio,
1608 5859 1671 5900 ac
1693 5844 1849 5900 dein~

3484 418 3587 471 102

1994 541 2121 597 ceps
2154 528 2307 585 dolor
2342 538 2526 602 partus
2557 549 2569 587 :
2603 530 2690 586 hic
2719 540 2897 586 autem
2945 531 3176 601 primum
3210 535 3489 601 parturiit,
3521 552 3583 591 ac

1993 618 2186 676 deinde
2205 620 2448 693 concepit
2470 632 2523 677 et
2548 624 2774 695 peperit.
2800 624 2936 691 Quid
2966 638 3142 680 autem
3175 625 3277 681 hoc
3304 627 3405 682 sibi
3429 629 3583 682 vult?

1992 709 2145 777 Quod
2201 712 2308 766 illic
2363 713 2575 783 quidem
2609 714 2660 768 in
2708 724 2950 785 tempore
2983 730 3164 785 partus
3205 719 3274 772 sit
3298 718 3467 785 dolor,
3498 719 3584 775 hic

1990 811 2167 856 autem
2205 802 2360 859 dolor
2391 804 2459 858 sit
2487 820 2516 858 a
2546 805 2825 875 principio.
2853 806 3019 861 Simul
3054 824 3117 862 ac
3144 808 3286 863 enim
3316 811 3580 880 quispiam

1988 891 2057 947 de
2110 894 2250 949 malo
2300 896 2700 963 consultaverit,
2739 899 2898 952 etiam
2956 900 3257 969 priusquam
3302 903 3351 955 in
3379 904 3581 973 cogitn—

1991 982 2189 1039 tionem
2223 985 2486 1051 deﬁxerit,
2518 989 2773 1042 tumultus
2794 1004 2855 1042 ac
2874 989 3023 1044 turba
3053 1001 3134 1045 est
3160 992 3209 1045 in
3236 995 3577 1062 cogitatione.

1991 1074 2048 1130 In
2076 1078 2296 1133 muliere
2324 1079 2467 1133 enim
2497 1079 2763 1150 dejectum
2794 1082 2961 1137 semel
2992 1098 3173 1137 semen
3206 1085 3376 1154 ipsum
3417 1088 3578 1142 etiam

1990 1164 2251 1221 formatur
2280 1167 2346 1222 ad
2373 1170 2805 1225 constitutionem
2848 1182 3030 1241 partus
3060 1191 3072 1227 :
3098 1172 3149 1227 in
3184 1176 3245 1228 iis
3274 1188 3450 1233 autem
3482 1179 3570 1248 qui

1985 1255 2138 1312 dolos
2154 1270 2468 1313 construunt
2482 1259 2596 1315 hme
2607 1260 2763 1316 hodie
2776 1261 2981 1330 dejecta
2998 1271 3080 1317 est
3094 1266 3361 1335 cogitatio,
3389 1276 3444 1323 et
3459 1285 3578 1324 cras

1988 1364 2173 1403 rursus
2193 1351 2295 1403 alia
2323 1369 2337 1418 ;
2368 1362 2421 1405 ct
2446 1354 2999 1409 suntinnumerabiles
3028 1356 3286 1411 malorum
3311 1359 3575 1413 seminum

1983 1442 2327 1511 dejectiones,
2360 1454 2415 1499 et
2438 1455 2563 1500 sunt
2594 1447 2817 1516 singulis
2841 1447 3031 1502 diebus
3074 1450 3452 1520 conceptiones
3474 1494 3488 1515 ,
3522 1465 3578 1507 et

1985 1544 2166 1601 partus
2193 1534 2409 1590 dolores
2436 1537 2524 1606 qui
2553 1538 2819 1607 perimunt
2846 1539 3241 1609 cogitationem,
3285 1556 3314 1595 a
3336 1558 3439 1612 qua
3470 1543 3570 1597 ista

1986 1627 2279 1695 pariuntur.
2306 1627 2426 1682 Non
2455 1629 2600 1683 enim
2628 1630 2747 1684 talis
2778 1641 2981 1698 partus,
3011 1632 3185 1700 qualis
3204 1633 3360 1689 estin
3389 1634 3573 1689 mulie-

1982 1718 2161 1785 ribus;
2196 1719 2289 1775 sed
2326 1721 2773 1791 quemadmodum
2803 1723 2855 1777 in
2884 1722 3103 1792 viperis,
3136 1737 3345 1781 uterum
3368 1727 3573 1783 discer-

1982 1820 2133 1879 punt,
2162 1821 2216 1865 et
2244 1811 2409 1867 latera
2432 1811 2752 1867 dilaniantes
2779 1813 2918 1868 fetus
2950 1816 3244 1884 procedunt
3271 1835 3282 1868 :
3314 1817 3383 1872 ita
3409 1818 3572 1875 etiam

1980 1900 2035 1955 in
2060 1900 2333 1957 fraudibus
2359 1912 2414 1958 et
2439 1904 2488 1957 in
2521 1904 2797 1972 injustitia.
2848 1904 2953 1960 Sed
2984 1909 3325 1975 quantumvis
3347 1919 3574 1966 conten-

1978 1992 2187 2060 damus,
2222 2010 2327 2049 non
2359 1997 2656 2066 poterimus
2682 1998 2922 2052 oratione
2949 1999 3218 2068 explicare
3271 2002 3569 2059 molestiam

1976 2101 2040 2143 ac
2067 2087 2330 2151 dolorem,
2358 2105 2521 2160 quem
2568 2091 2796 2161 improbi
2840 2090 3125 2145 sustinent.
3170 2092 3237 2146 Et
3269 2094 3387 2149 ideo
3443 2096 3574 2152 dicit

1976 2180 2272 2250 quispiam:
2304 2180 2477 2238 Malus
2513 2199 2629 2237 vero
2666 2184 2805 2239 solus
2834 2184 3092 2239 exhauriet
3115 2189 3249 2240 mala
3272 2187 3465 2260 (Prov.
3511 2192 3569 2247 9.

1978 2272 2103 2342 l2).
2133 2274 2271 2343 Quid
2306 2275 2448 2329 enim
2492 2290 2559 2330 eo
2587 2276 2676 2347 qui
2706 2276 2907 2331 invidet
2928 2279 3164 2348 gravius,
3197 2289 3251 2335 et
3280 2282 3563 2339 miserabi-

1976 2366 2075 2420 lius
2100 2382 2166 2421 eo
2209 2366 2298 2437 qui
2344 2366 2643 2433 insidiatur,
2675 2378 2730 2423 et
2775 2384 2842 2424 eo
2878 2371 2967 2439 qui
3005 2370 3173 2425 aliena
3206 2375 3571 2445 concupiscit?

1975 2457 2173 2523 Quovis
2215 2459 2465 2515 carniﬁce
2500 2460 2712 2529 gravius
2738 2462 3165 2530 perturbationes
3212 2463 3296 2520 lue
3331 2478 3568 2523 mentem

1974 2548 2301 2604 excruciant.

2046 2639 2132 2694 11».
2157 2639 2344 2696 Merito
2369 2657 2496 2711 ergo
2520 2642 2731 2698 dolores
2766 2653 2947 2713 partus
2994 2646 3090 2700 luas
3119 2657 3326 2701 vocavit
3365 2651 3569 2720 cogita-

1975 2730 2166 2785 tiones.
2187 2730 2291 2786 Sed
2316 2732 2763 2801 quemadmodum
2800 2734 3048 2791 mulieres
3080 2752 3144 2791 ex
3192 2743 3571 2810 congressione

1974 2824 2204 2891 pariunt,
2234 2833 2289 2879 et
2313 2824 2359 2877 si
2398 2835 2527 2879 sunt
2564 2840 2695 2881 sana
2740 2826 2954 2896 quidem
2992 2843 3238 2899 corpora,
3273 2834 3394 2887 talia
3435 2845 3564 2890 sunt

1972 2915 2132 2969 etiam
2164 2931 2283 2985 quae
2322 2924 2633 2983 nascuntur,
2658 2916 2739 2970 sin
2770 2927 2945 2972 autem
2989 2930 3258 2989 corrupta,
3286 2934 3567 2992 parentum

1971 3015 2215 3060 naturam
2262 3007 2535 3061 imitantur
2577 3023 2592 3061 :
2634 3007 2706 3060 ita
2749 3008 2908 3061 etiam
2949 3008 3003 3062 in
3047 3010 3471 3079 cogitationibus.
3508 3014 3568 3070 Si

1970 3113 2092 3152 cum
2138 3098 2292 3153 bonis
2329 3099 2577 3166 verseris,
2611 3098 2743 3153 tales
2766 3114 2975 3169 quoque
3001 3110 3156 3154 erunt
3185 3102 3257 3155 tui
3281 3103 3447 3169 fctus;
3481 3106 3564 3161 sin

1970 3199 2149 3243 autem
2190 3204 2313 3244 cum
2355 3188 2530 3255 malis,
2558 3197 2744 3244 etnon
2794 3191 3078 3255 attendas,
3121 3208 3369 3263 magnum
3420 3196 3566 3253 illinc

1969 3294 2178 3350 quoque
2194 3279 2443 3335 damnum
2459 3279 2658 3350 capies.
2673 3281 2808 3334 Audi
2827 3296 2957 3352 ergo
2973 3281 3095 3351 quid
3117 3283 3257 3336 dicat
3275 3287 3561 3355 propheta:

1970 3374 2014 3427 Α
2042 3374 2219 3427 timore
2246 3385 2331 3427 tuo
2372 3374 2427 3428 in
2470 3383 2613 3429 utero
2656 3376 2996 3443 concepimus,
3026 3387 3069 3429 et
3115 3379 3492 3444 parturivintus,
3516 3392 3565 3435 et

1970 3467 2254 3535 peperimus
2297 3467 2533 3535 spiritum
2570 3467 2747 3522 salutis
2771 3465 2919 3539 (Isai.
2949 3468 3038 3523 26.
3074 3470 3184 3541 18).
3216 3470 3274 3525 ln
3301 3472 3364 3525 iis
3384 3484 3561 3528 autem

1967 3557 2055 3626 qui
2082 3573 2146 3610 ex
2174 3557 2385 3612 diabolo
2416 3576 2429 3611 :
2465 3556 2572 3612 Ova
2617 3561 2853 3629 aspidum
2893 3564 3169 3631 fregerunt,
3198 3572 3243 3616 et
3271 3581 3471 3619 araneae
3492 3576 3565 3621 te-

1968 3649 2072 3701 lam
2113 3658 2287 3703 texunt
2324 3648 2475 3721 (Isai.
2504 3650 2592 3706 59.
2640 3651 2720 3721 5).
2762 3651 3046 3723 Fugiamus
3093 3672 3221 3725 ergo
3268 3657 3558 3727 improbos.

1967 3742 2248 3808 Quomodo
2273 3743 2414 3797 enim
2445 3759 2551 3798 non
2578 3756 2662 3799 eSt
2682 3745 2990 3811 absurdum,
3022 3762 3143 3801 cum
3186 3750 3341 3805 liceat
3374 3768 3435 3805 ex
3468 3754 3559 3808 Uei

1970 3835 2248 3904 praeceptis
2282 3836 2563 3906 concipere
2589 3845 2644 3890 et
2664 3851 2869 3905 parere,
2902 3838 2952 3891 id
2979 3840 3150 3915 nolle,
3171 3841 3266 3895 sed
3289 3841 3559 3912 improbo-

1968 3944 2083 3981 rum
2120 3929 2367 3998 pcrsequi
2413 3929 2840 3998 congressiones,
2872 3940 2925 3984 et
2954 3931 3173 3999 perinde
3220 3931 3395 3988 facere
3422 3950 3486 3989 ac
3514 3938 3564 3993 si

1969 4021 2179 4087 mulier,
2208 4022 2261 4076 in
2290 4021 2443 4091 cujus
2467 4030 2550 4077 est
2575 4030 2840 4092 potestate
2858 4038 2979 4077 cum
3009 4038 3133 4093 rege
3157 4025 3430 4096 conjungi,
3451 4043 3559 4085 non

1967 4114 2245 4179 sustineat,
2271 4114 2366 4170 sed
2389 4130 2484 4183 pro
2517 4114 2609 4168 illo
2656 4114 2917 4169 latronem
2946 4123 3002 4168 et
3029 4131 3301 4171 murorum
3350 4118 3559 4187 perfos-

1967 4220 2144 4261 sorem
2190 4206 2317 4260 velit
2343 4206 2541 4262 habere
2564 4207 2890 4277 conjugem?
2921 4209 3006 4262 16.
3033 4206 3225 4262 Lacum
3253 4212 3483 4279 aperuit‘
3513 4224 3562 4268 et

1967 4296 2143 4365 e/fodit
2184 4313 2322 4365 eum,
2353 4308 2400 4351 et
2422 4297 2607 4352 incidet
2630 4298 2685 4352 in
2715 4300 2911 4368 foveam
2949 4314 3101 4369 quam
3133 4301 3270 4370 fecit.
3302 4300 3443 4358 Usus
3474 4314 3564 4361 est

1969 4404 2157 4445 rursus
2188 4390 2645 4457 translationibus,
2691 4390 3135 4459 quemadmodum
3184 4408 3280 4461 per
3325 4396 3560 4463 parturi-

1971 4484 2189 4548 tionem,
2217 4481 2487 4546 dolorem;
2520 4481 2588 4536 ita
2621 4496 2715 4551 per
2754 4482 2951 4546 lacum,
2982 4481 3253 4538 difﬁcilem
3282 4484 3557 4539 liberatio-

1973 4590 2095 4628 nem
2126 4572 2388 4628 indicans.
2418 4572 2488 4626 Et
2509 4573 2697 4626 incidet
2724 4574 2778 4627 in
2820 4577 3017 4643 foveam
3040 4590 3194 4643 quant
3236 4577 3373 4645 fecit.
3406 4575 3563 4641 Quod

1968 4667 2103 4720 alius
2130 4664 2261 4721 dicit
2290 4682 2304 4719 :
2335 4664 2436 4731 Qui
2474 4666 2603 4735 fodit
2631 4665 2825 4734 foveant
2857 4666 3088 4735 proximo
3122 4682 3215 4720 suo
3239 4708 3254 4733 ,
3289 4668 3475 4722 incidet
3507 4669 3564 4724 itt

1969 4758 2131 4825 ipsam
2148 4754 2435 4827 (Prov.26.
2458 4754 2572 4826 27).
2598 4756 2761 4810 Porro
2788 4756 2890 4811 hoc
2912 4772 3124 4828 quoque
3154 4757 3250 4813 Dei
3273 4758 3565 4831 benignita-

1971 4848 2038 4901 lis
2058 4856 2142 4903 est
2168 4855 2225 4902 et.
2246 4847 2566 4911 clementiae,
2600 4847 2806 4902 insidiis
2840 4848 2996 4903 talem
3020 4849 3252 4905 tribuere
3280 4862 3523 4906 naturam
3542 4893 3561 4920 ,

1970 4949 2029 4994 ut
2071 4939 2205 4995 retia
2262 4948 2538 4996 vertantur
2579 4939 2632 4993 in
2677 4941 2822 5010 ipsos
2882 4940 3259 5010 insidiatores,
3306 4952 3366 4998 ut
3422 4945 3544 5001 ideo

1968 5032 2228 5088 desistant
2260 5047 2383 5087 cum
2424 5033 2669 5103 proximo
2704 5032 3037 5102 belligerare,
3075 5046 3127 5089 et
3145 5034 3196 5090 ei
3214 5050 3403 5105 parare
3443 5038 3558 5094 insi-

1968 5125 2105 5181 dias.
2156 5126 2269 5181 Hoc
2310 5125 2473 5181 etiam
2510 5127 2562 5179 in
2589 5124 2732 5180 Mosa
2760 5126 2972 5180 accidit.
3001 5125 3103 5194 Qui
3128 5129 3271 5182 enim
3296 5139 3413 5184 erat
3437 5145 3562 5201 per.

1972 5219 2240 5287 imendus,
2272 5228 2620 5276 conservatus
2656 5232 2738 5274 est
2773 5238 2788 5274 :
2819 5218 3028 5275 Pharao
3073 5231 3252 5276 autem
3298 5237 3394 5293 per
3421 5227 3563 5279 viam

1969 5327 2128 5382 quam
2156 5311 2414 5367 adversus
2438 5311 2667 5366 infantes
2683 5311 3019 5367 machinatus
3042 5320 3143 5379 est,
3174 5328 3273 5384 per
3289 5328 3409 5368 eam
3435 5329 3565 5385 per-

1970 5403 2049 5457 iit.
2078 5401 2208 5457 Cum
2238 5403 2380 5459 enim
2406 5402 2659 5472 jussissel.
2686 5402 2915 5459 infantes
2943 5403 3199 5472 interimi,
3249 5404 3427 5476 coegit
3453 5421 3557 5460 ma-

2031 5602 2052 5637 ⁸
2075 5609 2178 5653 Duo
2196 5607 2323 5661 Mss,
2343 5598 2584 5661 Quomodo
2603 5599 2731 5650 enim
2748 5611 2843 5663 non
2859 5603 2929 5650 est
2936 5598 3205 5663 absurdum
3219 5600 3467 5663 ﬂaminum
3490 5600 3569 5654 cui

1969 5663 2110 5728 copia
2131 5665 2276 5714 datur
2291 5675 2402 5715 cum
2422 5675 2535 5726 rege
2556 5661 2797 5731 coniungi,
2822 5674 2917 5731 non
2926 5661 3166 5731 essent“,
3190 5661 3278 5731 sed
3296 5676 3386 5727 pro
3401 5663 3544 5714 ittola

1972 5722 2157 5777 tronem
2177 5733 2223 5775 et
2246 5722 2497 5775 murorum
2535 5722 2852 5834 perlossdrettt
2872 5722 3050 5787 eligere
3089 5722 3343 5794 conjugcnt
3363 5764 3379 5787 ,
3404 5732 3455 5777 te
3476 5740 3569 5775 au-

1974 5796 2086 5834 tem.
2110 5800 2220 5834 cunt
2242 5800 2305 5834 ea:
2326 5791 2577 5834 placentis
2634 5798 2776 5834 tonus
2798 5785 2937 5834 liceat
2955 5790 3000 5834 et
3031 5797 3283 5834 concinere
3304 5794 3350 5834 et
3374 5801 3566 5834 nat-ere.

1974 5796 2087 5845 tem,
2110 5800 2220 5836 cum
2242 5800 2305 5836 ea:
2325 5785 2577 5849 pt‘tzceptis
2599 5785 2776 5836 divinis
2798 5785 3000 5849 liceat'et
3031 5785 3283 5844 concipefe
3304 5794 3350 5836 et
3363 5785 3566 5849 parere,

1974 5852 2299 5913 improborum
2322 5845 2546 5912 prosequi
2565 5845 2963 5913 congresst'oues?
2986 5855 3158 5899 Lucum
3184 5845 3390 5913 aperuit,
3418 5862 3514 5901 etc.
