4074 6356
473 403 573 458 103

470 527 604 572 trem
628 511 786 568 Hosis
811 507 1063 565 infantem
1091 513 1306 578 propter
1333 491 1531 558 metum
1557 509 1858 569 exponere;
1897 491 2041 566 [eum

469 619 646 666 autem
671 607 775 662 filia
802 603 1092 660 Pharaonis
1119 600 1368 655 ﬁscellam
1391 597 1649 666 scirpeam
1665 592 1732 647 de
1751 590 1912 645 fluvio
1935 600 2046 641 sus-

469 702 698 764 tulisset,
726 707 781 755 et
804 699 1060 754 infantem
1101 693 1411 756 invenisset,
1440 703 1560 743 eum
1601 680 1866 755 nutrivit‘]
1907 695 2042 734 :au-

466 973 618 1043 giunt
643 969 906 1041 voluptas.
936 966 1013 1021 Ita
1039 965 1198 1018 etiam
1221 961 1275 1015 in
1306 959 1558 1030 praeclaro
1594 952 1794 1023 Joseph
1829 949 2042 1043 accidit.

467 1042 600 1116 Cum
645 1057 788 1116 enim
836 1071 957 1112 eum
1007 1053 1196 1108 fratres
1226 1056 1280 1110 in
1324 1048 1630 1104 servitutem
1670 1042 2042 1114 conjecissent,

467 1151 631 1208 multa
656 1148 794 1222 passi
818 1154 959 1211 sunt,
982 1155 1036 1200 et
1056 1159 1177 1197 eum
1215 1140 1426 1212 quidem
1475 1137 1604 1193 nihil
1647 1136 1918 1196 lzcserunt,
1948 1130 2043 1187 sed

465 1245 623 1299 etiam
645 1243 915 1312 juverunt,
943 1235 1043 1308 ipsi
1084 1244 1258 1292 autem
1280 1230 1586 1302 tragoediam
1612 1228 1755 1283 illam
1777 1225 2044 1282 sustinue-

466 1345 610 1392 runt.
631 1335 764 1390 Cum
797 1331 959 1387 multa
981 1339 1155 1384 autem
1177 1327 1382 1398 possint
1403 1323 1505 1380 dici
1531 1319 1814 1393 ejusmodi,
1870 1317 2047 1373 consi-

465 1425 596 1484 dera
622 1425 780 1480 etiam
804 1423 855 1478 in
881 1420 1020 1477 aliis.

541 1517 642 1583 Qui
668 1516 833 1570 aliena
868 1511 1079 1578 invadit,
1105 1511 1322 1581 seipsum
1350 1505 1532 1580 perdit.
1553 1535 1624 1562 -.
1648 1503 1833 1558 Aliena
1855 1500 2048 1557 invasit

467 1605 688 1678 aliquis?
713 1603 958 1674 Seipsum
1003 1600 1250 1672 perdidit.
1278 1599 1412 1653 Eum
1439 1596 1604 1660 enim,
1633 1595 1688 1650 in
1713 1593 1866 1663 cujus
1907 1592 2046 1647 bona

472 1699 683 1762 invasit,
707 1712 847 1766 saepe
874 1696 1031 1750 etiam
1055 1693 1188 1763 juvit
1219 1709 1235 1746 :
1263 1705 1411 1746 suam
1450 1699 1624 1744 autem
1665 1686 1894 1741 animam
1921 1698 2047 1754 pro-

469 1783 622 1847 didit.
651 1788 800 1844 Fecit
838 1785 1028 1858 aliquis
1059 1783 1341 1856 injuriam?
1365 1781 1507 1837 Ense
1533 1780 1764 1850 seipsum
1789 1776 2043 1833 confodit.

466 1873 581 1936 Non
611 1880 750 1934 enim
781 1877 917 1932 male
942 1876 1187 1931 affectum
1217 1889 1356 1938 esse,
1375 1871 1470 1927 sed
1497 1871 1636 1926 male
1658 1869 1916 1934 affecisse,
1945 1866 2047 1922 hoc

465 1970 730 2043 praecipue
755 1979 836 2024 est
863 1968 998 2023 male
1038 1965 1165 2038 pati.
1195 1965 1263 2020 Et
1287 1964 1406 2020 ideo
1437 1962 1624 2018 Paulus
1670 1975 1880 2031 quoque
1918 1973 2036 2013 sua-

465 2063 645 2129 debat,
660 2061 848 2134 injuria
871 2061 1050 2132 potius
1071 2058 1233 2124 affici,
1251 2072 1406 2128 quam
1431 2056 1644 2110 afficere
1665 2053 1742 2123 (1.
1762 2051 1881 2107 Cor.
1897 2051 1952 2108 6.
1968 2052 2043 2122 7):

469 2160 526 2209 et
549 2150 809 2216 Christus,
829 2149 995 2220 alapis
1013 2148 1216 2219 impeti,
1234 2157 1288 2203 et
1316 2163 1422 2202 non
1447 2155 1629 2201 contra
1659 2145 1934 2213 impetere,
1953 2140 2048 2198 sed

463 2244 622 2299 etiam
645 2243 874 2313 seipsum
897 2241 962 2296 ad
978 2239 1280 2310 patiendum
1300 2239 1490 2294 offerre
1508 2236 1714 2310 (Matth.
1734 2236 1786 2292 5.
1803 2233 1917 2306 59).
1939 2235 2050 2290 Hoc

463 2321 547 2392 est
566 2335 808 2389 maximae
823 2332 1050 2399 virtutis,
1069 2331 1170 2386 hoc
1189 2331 1348 2387 efficit
1365 2330 1718 2394 tolerantiam,
1743 2327 1842 2382 hoc
1858 2328 2046 2381 fortem

468 2423 646 2480 reddit
685 2423 935 2487 animam,
956 2422 1056 2478 hoc
1092 2421 1339 2476 omnibus
1363 2420 1523 2474 animi
1567 2417 2048 2490 perturbationibus

470 2516 820 2586 potentiorem
860 2513 1042 2568 efficit.
1075 2513 1173 2580 Qui
1202 2513 1342 2566 enim
1382 2513 1470 2566 alii
1505 2512 1748 2580 injuriam
1784 2511 1925 2577 facit,
1959 2510 2047 2565 vel

470 2622 592 2661 eum
613 2605 876 2671 verberat,
896 2612 986 2658 aut
1010 2604 1327 2658 contumelia
1354 2602 1514 2658 afﬁcit
1536 2604 1647 2673 ipse
1669 2604 1813 2672 prius
1840 2602 1905 2656 ab
1929 2602 2048 2656 ani-

471 2700 541 2753 mi
588 2699 984 2768 perturbatione
1027 2699 1216 2760 victus,
1247 2697 1376 2751 etin
1419 2697 1728 2750 servitutem
1775 2695 2042 2761 redactus,

467 2801 592 2844 tunc
612 2789 822 2843 videtur
837 2789 1075 2858 proximo
1099 2787 1340 2858 injuriam
1359 2785 1530 2842 facere
1560 2805 1572 2841 :
1606 2787 1718 2857 ipse
1736 2795 1909 2842 autem
1929 2801 2048 2858 gra-

465 2881 609 2936 viora
638 2895 827 2951 passus
855 2889 953 2945 est,
973 2879 1024 2932 in
1042 2888 1329 2934 extremam
1352 2879 1596 2932 redactus
1610 2879 1936 2932 servitutem.
1956 2879 2043 2932 l7.

465 2975 786 3033 Convertetur
804 2975 949 3029 dolor
964 2975 1070 3046 ejus
1084 2974 1137 3027 in
1156 2981 1304 3045 caput
1327 2974 1457 3043 ejus,
1492 2981 1538 3025 et
1565 2972 1616 3024 in
1642 2971 1869 3024 verticem
1891 2971 2048 3042 ipsius

463 3071 698 3141 iniquitas
722 3076 832 3140 ejus
859 3067 1138 3122 descendet.
1170 3065 1238 3120 Et
1265 3066 1334 3121 de
1357 3063 1700 3134 Acbitopbele
1724 3073 1777 3118 et
1795 3063 1860 3118 de
1881 3063 2046 3117 Absa-

464 3161 588 3215 lone
613 3161 724 3214 bzec
769 3159 906 3214 dicta
948 3174 1067 3214 esse
1103 3165 1291 3228 putant
1344 3174 1357 3211 τ
1392 3157 1667 3226 utriusque
1704 3155 1845 3210 enim
1888 3165 2045 3224 caput

464 3252 738 3307 descendit
760 3251 825 3306 ad
852 3251 1186 3320 supplicium.
1209 3248 1303 3304 ille
1330 3249 1471 3303 enim
1511 3249 1700 3317 laqueo
1729 3262 1855 3302 usus
1875 3247 2042 3301 vitam

463 3343 632 3398 finivit
663 3361 676 3396 :
705 3342 791 3397 hic
818 3357 946 3395 vero
965 3357 1083 3395 cum
1107 3340 1206 3395 sub
1227 3343 1468 3394 arborem
1499 3342 1732 3394 venisset
1759 3380 1772 3403 ,
1811 3347 1865 3393 et
1893 3353 2043 3393 coma

463 3434 649 3488 fuisset
689 3446 999 3502 suspensus,
1043 3432 1148 3486 illic
1194 3431 1351 3500 longo
1393 3439 1632 3502 tempore
1670 3429 1933 3500 pependit.
1971 3430 2044 3485 lta

461 3525 622 3581 etiam
651 3522 814 3579 ludas
852 3524 1042 3594 laqueo
1083 3524 1241 3578 vitam
1278 3524 1463 3589 finivit,
1486 3523 1658 3578 sciens
1684 3538 1742 3578 se
1769 3522 1883 3579 haec
1925 3540 2043 3580 om-

470 3617 562 3670 nia
606 3613 799 3669 fecisse
843 3614 896 3668 in
925 3613 1212 3683 perniciem
1263 3614 1345 3668 sui
1381 3614 1586 3682 capitis.
1631 3614 1697 3669 Et
1729 3616 2043 3686 AcbitOphel

463 3706 800 3774 conspicatus
842 3706 1060 3760 omnino
1103 3703 1334 3758 futurum
1367 3714 1423 3758 ut
1453 3705 1620 3759 David
1669 3706 1931 3771 vinceret,
1959 3723 2042 3762 se-

463 3798 636 3869 ipsum
663 3797 1010 3866 strangulavit
1037 3814 1050 3849 :
1085 3795 1316 3850 Absalon
1342 3805 1516 3851 autem
1543 3797 1735 3852 invitus
1769 3799 2039 3869 pependit,

461 3899 515 3944 et
553 3905 658 3945 non
701 3889 875 3943 statim
905 3887 972 3942 de
997 3887 1171 3942 medio
1205 3887 1442 3943 sublatus
1479 3897 1588 3950 est,
1635 3888 1727 3943 sed
1773 3897 2040 3959 tamquam

461 3981 514 4036 in
558 3980 759 4052 judicio
797 3979 943 4050 prius
986 3994 1274 4048 suspensus
1316 3991 1417 4044 cst,
1464 3989 1518 4033 et
1557 3979 1696 4049 ligno
1742 3980 2040 4046 affixus;et

460 4076 570 4131 Deo
597 4091 627 4131 e
653 4076 860 4145 superis
907 4076 1107 4129 ferente
1129 4074 1446 4128 sententiam
1489 4074 1645 4144 longo
1667 4083 1904 4143 tempore
1944 4091 2036 4144 pe-

459 4169 708 4240 pendit,a
735 4169 1057 4223 conscientia
1098 4166 1346 4236 deinceps
1388 4166 1698 4236 flagellatus.
1737 4167 1854 4237 Ipse
1894 4168 2035 4222 enim

458 4259 700 4328 cupiebat
728 4258 781 4313 in
813 4258 974 4327 patris
1003 4266 1183 4328 guttur
1220 4257 1491 4312 dexteram
1538 4256 1842 4328 intingere;
1888 4268 2039 4328 pater

457 4361 634 4402 autem
665 4347 745 4402 vel
778 4347 855 4403 sic
875 4347 1091 4417 rogabat
1112 4347 1324 4413 milites,
1350 4357 1408 4402 ut
1429 4348 1478 4402 ei
1508 4359 1804 4417 parcerent.
1838 4351 1876 4403 A
1903 4365 2037 4405 vana

456 4449 633 4494 autem
656 4438 817 4507 gloria
847 4445 961 4491 erat
987 4437 1121 4491 adeo
1149 4437 1375 4506 alienus,
1396 4438 1624 4494 utetiam
1655 4449 1771 4508 post
1810 4449 2036 4496 mortem

458 4544 580 4584 eum
604 4529 821 4599 lugeret.
848 4529 914 4583 Et
941 4539 997 4584 ut
1022 4529 1159 4584 scias
1203 4530 1344 4599 quod
1386 4529 1581 4586 factum
1613 4539 1695 4586 est
1724 4546 1827 4587 non
1873 4531 2035 4588 fuisse

465 4621 708 4675 humana:
728 4620 1016 4686 industrize,
1040 4620 1134 4677 sed
1166 4629 1331 4676 totum
1357 4622 1520 4678 fuisse
1547 4622 1708 4677 divini
1731 4624 1931 4694 judicii,
1949 4639 2038 4680 ca-

457 4711 568 4783 pilli
601 4720 656 4767 et
690 4711 885 4782 ligtium
924 4728 1046 4768 eum
1083 4712 1382 4782 alligarunt,
1417 4723 1471 4768 et
1513 4714 1722 4768 brutum
1762 4729 1883 4770 eum
1921 4717 2059 4770 ani-—

457 4801 563 4858 mal
591 4803 819 4866 tradidit,
848 4813 900 4857 et
929 4819 1024 4872 pro
1061 4802 1187 4858 fune
1213 4803 1425 4874 quidem
1451 4819 1623 4870 coma,
1650 4820 1750 4875 pro
1781 4807 1920 4876 ligno
1949 4823 2037 4862 ar-

453 4894 550 4948 bor
591 4895 820 4958 exstitit;
864 4909 961 4964 pro
1004 4897 1170 4950 milite
1205 4903 1382 4950 autem
1417 4910 1537 4951 eum
1581 4897 1799 4952 adduxit
1836 4901 2032 4954 mulus.

455 4985 746 5041 Considera
784 5001 896 5041 rem
941 4985 1327 5042 admirandam.
1357 4987 1487 5041 Cum
1531 4991 1647 5044 haec
1691 5004 1881 5058 passus
1928 5000 2030 5060 est,

449 5071 866 5135 nemo'suorum
902 5079 968 5134 ad
995 5095 1114 5135 eum
1155 5081 1409 5136 accedere
1427 5097 1587 5137 ausus
1621 5092 1722 5148 est,
1756 5083 2034 5156 ipsumque

448 5171 573 5228 inde
590 5173 890 5239 detrahere,
912 5166 1033 5228 cum
1059 5181 1258 5228 tantum
1285 5173 1470 5229 fuisset
1499 5175 1753 5245 temporis
1782 5179 2030 5248 spatium.

447 5263 560 5321 Hoc
579 5273 756 5320 autem
770 5264 916 5319 Deus
933 5264 1252 5335 providerat,
1269 5275 1330 5320 ut
1345 5281 1516 5337 neque
1531 5265 1916 5332 detraheretur.
1933 5285 2032 5326 nec

446 5357 654 5410 vinctus
666 5355 733 5410 ad
751 5353 952 5427 patrem
969 5355 1264 5424 aﬂ‘erretur,
1282 5357 1530 5428 quoniam
1561 5368 1779 5430 paterna
1825 5361 2030 5416 viscera

511 5519 526 5550 ί
548 5525 662 5576 Quae
683 5519 874 5568 uncinis
903 5516 1191 5579 clauduntur
1232 5516 1409 5579 omissa
1453 5525 1567 5568 sunt
1597 5531 1626 5569 a
1656 5519 1786 5570 Colb.
1813 5528 1864 5571 et
1885 5521 2025 5579 Savil.

443 5585 541 5627 \‘nx
766 5593 895 5651 quae,
932 5574 1553 5651 ﬁscellamfcirpeumhest
1574 5583 1910 5651 interpretata,
1932 5574 2027 5651 est,

443 5651 562 5701 oms.
608 5644 735 5690 Circa
785 5640 942 5689 illam'
967 5654 1130 5690 vocem
1163 5647 1339 5689 arma;
1363 5641 1604 5696 lectiones
1648 5640 1850 5694 variant.
1883 5640 2023 5695 savii;

442 5715 496 5750 et
520 5701 680 5750 Morel.
709 5703 912 5769 habent.
943 5714 1056 5762 οιίειιν
1075 5742 1086 5760 ,
1107 5704 1418 5769 Septuaginta
1450 5703 1634 5756 habent
1654 5745 1667 5763 ,
1702 5718 1823 5765 eis”,
1861 5709 2026 5769 Aquila

443 5771 493 5828 ει
512 5764 816 5828 ξςιῃιιδεοῠυε
837 5763 1037 5828 habent,
1063 5763 1242 5821 κιϐωτὸν,
1263 5763 1404 5828 alius,
1424 5777 1542 5824 θήκην.
1569 5774 1616 5816 tu
1637 5763 1860 5828 Hebraeo,
1878 5763 2024 5820 Eicod.

441 5801 493 5870 ἐξ
509 5801 1542 5889 ἐζ’ἰὲἒῖἴιῖέῐπὲξῖπῖνῖἶᾶἑ“ἷὶὲίἷξιὶ›ἴέ’ἦῦἒῖἑὲι’ἶ¹”
1569 5801 1616 5816 “’
1639 5801 1757 5817 ““’“
1769 5801 1840 5833 ’ψ

1187 392 1246 446 s.
1285 386 1562 446 JOANNIS
1598 371 2076 443 cunvsos'rout
2105 376 2418 435 ARCHIEP.
2456 378 2990 437 consummes.

3625 387 3727 442 ὀι

2149 492 2199 546 el
2227 493 2367 562 parci
2391 491 2527 546 velle
2546 492 2684 548 ultra
2715 490 2933 549 modum
2951 493 3337 550 indicaveraut'
3385 506 3441 553 et
3475 500 3730 569 Quod-ess

2151 584 2535 650 admirabilius,
2562 586 2652 656 qui
2682 594 2888 656 patrem
2909 585 2958 641 ei
2986 587 3365 654 reconciliavit,
3393 590 3439 646 is
3463 591 3636 660 ipsum
3653 594 3728 649 in-

2151 673 2378 742 terfecit,
2425 675 2807 746 propemodum
2849 677 3054 733 instans
3085 678 3375 736 vehemens
3405 692 3719 738 accusator:

2153 767 2246 822 sed
2287 768 2333 822 is
2372 768 2586 839 quidem
2629 783 2751 824 eum
2788 769 3001 836 occidit,
3039 769 3182 826 Deus
3215 779 3394 827 autem
3438 772 3558 828 tulit
3598 787 3726 829 scn-

2152 859 2388 914 tentiam.
2682 864 2685 866 ’

2199 951 2311 1006 ‘15.
2349 950 2502 1019 Quod
2546 951 2689 1006 enim
2719 964 2754 1006 e
2793 951 3001 1022 superis
3038 950 3143 1007 lata
3170 950 3241 1008 sit
3281 953 3565 1022 sententia,
3602 955 3726 1011 audi

2149 1041 2415 1112 quomodo
2445 1042 2494 1098 id
2523 1043 2635 1112 ipse
2658 1042 2950 1099 ostenderit
2971 1060 2986 1097 :
3011 1057 3131 1098 cum
3154 1044 3296 1100 enim
3319 1044 3562 1115 dixisset,
3581 1044 3648 1100 Et
3673 1050 3730 1102 in

2151 1135 2380 1188 verticem
2399 1135 2558 1206 ipsius
2582 1137 2819 1206 iniquitas
2842 1137 2952 1201 eius
2975 1134 3262 1203 descendet,
3285 1135 3411 1192 dicit
3435 1155 3448 1192 :
3478 1137 3567 1193 i8.
3589 1137 3726 1192 ϐοη-
3772 1187 3778 1195 ,

2151 1225 2327 1294 ﬁtebor
2351 1221 2571 1280 ι)οήιίηο
2599 1227 2872 1280 secundum
2898 1228 3146 1296 iustitiam
3166 1229 3295 1300 ejus,
3320 1239 3368 1284 et
3388 1229 3605 1300 psallam
3629 1247 3726 1284 no-

2151 1319 2278 1372 mini
2314 1316 2523 1373 Domini
2565 1319 2814 1373 altissimi.
2855 1318 3062 1375 Gratias
3090 1334 3308 1390 agamus
3329 1361 3344 1384 ,
3374 1321 3543 1391 inquit
3563 1363 3580 1389 ,
3618 1336 3728 1378 non

2150 1411 2374 1465 aliorum
2403 1409 2638 1480 gaudens
2662 1411 2896 1466 caedibus
2915 1454 2930 1479 ,
2962 1412 3055 1467 sed
3082 1412 3176 1468 Dei
3205 1415 3520 1468 sententiam
3559 1417 3726 1471 susci-

2150 1502 2322 1574 piens.
2345 1501 2414 1557 Et
2437 1503 2555 1573 quis
2579 1511 2754 1574 potest
2780 1502 2831 1559 ei
2855 1503 3051 1574 gratias
3075 1519 3232 1575 agere
3260 1505 3549 1560 secundum
3571 1507 3728 1576 justi-

2151 1597 2278 1652 tiam
2305 1596 2420 1666 ejus
2439 1597 2464 1649 τ
2489 1602 2609 1668 quis
2650 1604 2826 1652 autem
2850 1612 2970 1652 eum
2998 1597 3266 1665 laudabit,
3291 1598 3428 1654 sicut
3453 1599 3577 1654 est?
3598 1599 3728 1654 Nul-

2151 1687 2252 1745 ius.
2279 1687 2417 1756 Quid
2443 1697 2524 1743 est
2541 1687 2830 1744 Secundum
2845 1688 3102 1757 justitiam
3133 1690 3242 1758 ejus
3261 1689 3288 1743 ?
3308 1687 3363 1744 id
3386 1697 3484 1755 est,
3513 1699 3744 1759 propter.

2146 1781 2404 1852 justitiam
2431 1781 2568 1851 ejus.
2589 1779 2658 1836 Et
2687 1781 2905 1851 psallam
2931 1781 3156 1837 Domino
3180 1782 3460 1837 altissimo.
3493 1783 3621 1852 Ejus
3646 1790 3730 1838 est

2150 1874 2292 1930 enim
2319 1873 2558 1938 victoria,
2584 1872 2700 1942 ejus
2719 1881 2941 1944 tropea,
2972 1887 3079 1928 non
3105 1888 3245 1928 mea.
3271 1873 3728 1941 Quemadmodum

2151 1967 2293 2022 enim
2324 1967 2377 2022 in
2403 1965 2554 2022 bellis
2581 1981 2702 2021 cum
2727 1981 2824 2020 rex
2851 1967 2995 2034 vicit,
3017 1965 3208 2022 choros
3234 1965 3488 2022 ducentes
3507 1979 3728 2034 canunt,

2151 2057 2333 2114 laudes
2362 2057 2413 2113 in
2438 2073 2560 2113 eum
2586 2057 2922 2113 conferentes
2950 2075 2964 2112 :
2996 2058 3068 2112 ita
3103 2072 3203 2127 ego
3243 2071 3454 2128 quoque
3500 2057 3730 2123 faciam,

2152 2151 2342 2222 inquit.
2375 2150 2659 2220 Propterea
2687 2165 2794 2205 non
2823 2149 2999 2215 dixit,
3018 2149 3290 2204 Confiteor
3307 2190 3323 2215 ,
3347 2148 3440 2204 sed
3465 2190 3480 2216 ,
3507 2147 3729 2217 Conﬁte-

2152 2244 2242 2298 bor
2262 2259 2282 2297 :
2305 2242 2608 2314 significans
2633 2256 2693 2298 se
2717 2257 2817 2296 nec
2841 2250 3118 2312 postquam
3143 2251 3224 2297 est
3261 2251 3596 2312 assequutus,
3627 2241 3727 2296 bo-

2153 2348 2341 2389 norum
2387 2334 2624 2390 oblivisci
2653 2350 2667 2386 :
2695 2348 2794 2388 nec
2823 2333 3254 2403 negligentioretn
3293 2347 3413 2387 esse
3432 2373 3447 2397 ,
3475 2333 3568 2387 sed
3598 2332 3730 2402 vigi-

2152 2425 2263 2480 lare
2290 2442 2303 2478 :
2336 2440 2442 2479 non
2467 2424 2607 2496 quod
2635 2425 2774 2480 Dens
2814 2425 2880 2480 iis
2925 2424 3190 2494 indigeat,
3221 2425 3314 2481 sed
3345 2425 3482 2494 quod
3525 2425 3626 2479 hoc
3659 2427 3727 2479 sit

2151 2516 2304 2571 nobis
2324 2516 2451 2571 utile
2475 2525 2531 2572 et
2552 2516 2911 2570 commodum.
2937 2516 3390 2584 Quemadmodum
3417 2517 3559 2570 enim
3589 2517 3730 2570 acci-

2152 2607 2331 2676 piebat
2356 2607 2610 2662 sacriﬁcia
2637 2649 2651 2671 ,
2684 2623 2788 2661 non
2828 2622 2990 2677 egens
3027 2608 3298 2662 sacrificiis
3325 2608 3342 2676 (
3368 2607 3429 2662 Si
3452 2607 3592 2662 enim
3619 2624 3729 2661 esu-

2151 2700 2301 2761 riero,
2326 2700 2514 2768 inquit,
2533 2716 2634 2754 non
2660 2700 2826 2753 dicam
2847 2700 2932 2752 tibi
2955 2698 3122 2770 [PsaL
3154 2700 3243 2753 49.
3270 2699 3405 2771 12]),
3435 2697 3529 2753 sed
3559 2699 3728 2753 bomi-
3773 2727 3779 2736 ι

2151 2806 2247 2846 nes
2273 2790 2541 2846 deducens
2578 2790 2645 2844 ad
2688 2791 2852 2860 ipsius
2891 2789 3147 2845 honorem
3175 2806 3195 2844 :
3226 2791 3294 2844 ita
3320 2790 3477 2844 etiam
3504 2790 3728 2861 hymnos

2151 2881 2404 2950 suscipit,
2431 2889 2615 2935 nostra
2655 2880 2954 2934 laudatione
2998 2894 3103 2934 non
3133 2894 3297 2950 egens
3320 2920 3336 2946 ,
3367 2880 3460 2934 sed
3493 2892 3727 2935 nostram

2150 2971 2372 3026 salutem
2417 2971 2745 3026 desiderans.
2775 2971 2885 3026 Deo
2913 2971 3054 3026 enim
3083 2985 3288 3041 magna:
3312 2985 3455 3026 curae
3486 2981 3568 3026 est
3594 2973 3727 3029 utin
3776 2983 3811 3012 η·

2149 3063 2340 3118 virtute
2359 3077 2680 3118 crescamus.
2740 3093 2744 3097 -
3384 3065 3391 3070 ’

2220 3153 2536 3225 Colloquium
2569 3171 2685 3208 cum
2709 3154 2814 3209 Deo
2839 3154 3071 3208 virtutem
3101 3161 3269 3224 auget.
3291 3183 3362 3194 —
3389 3152 3526 3208 Nihil
3553 3163 3728 3210 autem

2149 3262 2301 3318 aeque
2325 3248 2390 3302 ad
2427 3249 2678 3302 virtutem
2709 3255 3020 3318 promovet,
3049 3253 3206 3316 atque
3231 3261 3351 3300 cum
3384 3245 3492 3300 Deo
3515 3246 3728 3302 assidue

2148 3341 2351 3399 versari
2381 3350 2436 3397 et
2477 3339 2745 3411 colloqui,
2769 3339 2926 3410 eique
2968 3347 3224 3409 perpetuo
3265 3339 3460 3408 gratias
3491 3353 3648 3408 agere
3673 3349 3729 3395 et

2151 3435 2395 3508 psallere.
2428 3433 2611 3490 Psallit
2636 3441 2811 3488 autem
2844 3432 2954 3488 Deo
2977 3432 3175 3502 justum
3210 3430 3324 3502 ejus
3343 3430 3598 3500 judicium
3634 3432 3728 3486 ad-

2149 3528 2347 3582 mirans
2368 3535 2420 3580 et
2447 3522 2853 3595 patientiam.Et
2873 3523 2982 3590 ubi,
3012 3523 3198 3593 inquit,
3226 3522 3342 3592 ejus
3370 3531 3449 3578 est
3480 3525 3726 3593 patientia

2148 3620 2427 3674 interfecto
2455 3616 2714 3690 tyranno?
2739 3616 2918 3685 Longe
2937 3625 3081 3672 certe
3110 3617 3357 3670 maxims.
3381 3615 3563 3688 Longo
3583 3618 3727 3672 enim

2149 3719 2385 3780 tempore
2411 3725 2530 3764 eum
2557 3708 2753 3762 dimisit
2779 3748 2794 3771 ,
2823 3715 2880 3761 ut
2909 3707 3114 3762 veniret
3138 3705 3204 3760 ad
3234 3707 3592 3774 paenitentiam
3627 3726 3642 3762 :
3672 3716 3728 3763 et

2147 3804 2342 3874 regiam
2385 3801 2666 3857 tenendam
2716 3801 2881 3866 dedit,
2911 3809 2969 3854 ut
2997 3815 3117 3854 cum
3158 3799 3362 3855 videret
3408 3799 3624 3855 domum
3672 3802 3726 3855 in

2145 3911 2247 3966 qua
2275 3905 2513 3950 creverat
2555 3903 2609 3950 et
2633 3893 2886 3948 educatus
2917 3893 3118 3958 fuerat,
3147 3901 3200 3946 et
3239 3893 3404 3963 patris
3440 3895 3586 3964 signa
3611 3936 3626 3956 ,
3657 3895 3725 3948 ad

2146 3986 2508 4057 paenitentiam
2529 3984 2750 4039 veniret.
2775 3983 2830 4039 Si
2856 3985 2997 4038 enim
3024 3998 3129 4037 non
3159 3982 3346 4038 fuisset
3367 3984 3611 4039 immanis
3635 3984 3726 4038 be-

2145 4081 2264 4144 stia,
2297 4093 2396 4133 nec
2425 4093 2520 4133 cor
2548 4077 2822 4132 habuisset
2848 4076 3134 4146 lapideum,
3165 4077 3343 4130 omnia
3371 4076 3459 4132 illa
3489 4075 3724 4132 sufficie-

2142 4169 2272 4226 bant
2298 4170 2364 4224 ad
2402 4169 2548 4224 illum
2573 4169 2933 4224 reducendum
2962 4185 2976 4221 :
3018 4182 3200 4223 mensa
3239 4168 3390 4237 cujus
3426 4182 3546 4222 cum
3572 4178 3726 4237 patre

2142 4271 2258 4320 erat
2277 4261 2774 4334 particeps,domus,
2805 4261 3008 4326 sedilia,
3037 4261 3128 4316 ubi
3155 4261 3313 4316 verba
3339 4275 3460 4315 eum
3484 4261 3724 4316 reconci-

2142 4354 2423 4420 liaverant,
2445 4369 2566 4410 cum
2590 4354 2750 4408 talem
2771 4351 2970 4408 caedem
3000 4360 3262 4422 patrasset
3286 4369 3298 4405 :
3326 4366 3444 4406 cum
3467 4351 3552 4406 his
3572 4361 3726 4406 erant

2142 4449 2301 4503 etiam
2347 4447 2468 4514 alia,
2499 4461 2618 4517 quae
2661 4444 2729 4500 ad
2778 4461 2900 4499 eum
2946 4443 3322 4500 emolliendum
3365 4442 3724 4499 sufficiebant.

2142 4541 2398 4596 Audierat
2425 4540 2568 4596 enim
2591 4554 2712 4596 eum
2753 4537 2992 4594 exsulem
3017 4537 3237 4593 sedibus
3263 4535 3479 4591 incertis
3500 4550 3686 4592 errare
3705 4578 3722 4602 ,

2141 4645 2195 4689 et
2223 4633 2358 4688 mala
2383 4633 2562 4704 gravia
2588 4633 2833 4687 tolerare.
2863 4631 3014 4699 Quod
3043 4631 3087 4686 si
3130 4647 3195 4685 ne
3226 4629 3338 4685 bare
3359 4629 3572 4701 quidem
3597 4645 3723 4685 eum

2143 4720 2465 4791 molliebant,
2499 4723 2780 4796 oportebat
2807 4739 2870 4779 ea
2893 4739 3014 4793 quae
3043 4722 3376 4792 Achitopheli
3404 4732 3721 4787 evenerant,

2141 4834 2261 4875 eum
2292 4819 2568 4890 castigare,
2591 4817 2832 4888 laqueum
2851 4830 3041 4885 nempe
3063 4824 3118 4870 et
3144 4823 3391 4880 mortem,
3415 4823 3472 4870 ut
3491 4829 3588 4885 per
3607 4813 3725 4870 haec

2141 4911 2316 4967 omnia
2344 4911 2550 4966 veniret
2571 4909 2637 4964 ad
2661 4907 3046 4979 paenitentiam.
3071 4906 3250 4977 Neque
3275 4907 3416 4962 enim
3444 4907 3724 4977 ignorabat

2139 5019 2258 5075 qua:
2284 5005 2455 5058 amico
2478 5002 2799 5059 acciderant.
2819 5002 2986 5070 Quam
3007 5011 3184 5056 antem
3206 5001 3413 5071 culpam
3441 5002 3493 5055 in
3514 5009 3722 5071 patrem

2139 5095 2438 5159 conferens,
2465 5093 2582 5150 haec
2610 5092 2874 5148 faciebat?
2891 5091 3042 5160 Quod
3064 5107 3187 5148 eum
3214 5091 3283 5147 ab
3301 5100 3518 5162 aspectu
3541 5105 3726 5148 reluc-

2139 5188 2340 5243 visset?
2365 5187 2472 5244 Sed
2500 5201 2567 5242 eo
2593 5186 2808 5242 nomine
2837 5185 3065 5241 debebat
3093 5200 3215 5241 eum
3244 5185 3496 5240 admirari
3531 5193 3587 5241 et
3623 5199 3722 5240 su-

2138 5280 2382 5348 spicere,
2413 5277 2554 5348 quod
2594 5292 2714 5332 cum
2760 5277 2977 5333 fratrem
3021 5275 3408 5342 interfecisset,
3439 5291 3561 5332 eum
3614 5275 3722 5331 leni

2137 5370 2315 5424 animo
2345 5369 2571 5424 tulisset.
2614 5367 2721 5424 Sed
2748 5383 2868 5423 cum
2899 5368 3028 5423 nihil
3057 5368 3106 5424 ei
3137 5380 3314 5438 posset
3343 5368 3456 5424 dari
3485 5368 3718 5434 crimini,

2137 5443 2230 5515 sed
2258 5459 2553 5529 importuna
2586 5468 2854 5514 teneretur
2891 5459 3196 5529 cupiditate,-
3230 5459 3390 5530 idque
3417 5474 3538 5514 (llll‘l
3568 5467 3720 5529 pater

2137 5560 2279 5606 esset
2311 5551 2420 5620 jam
2455 5538 2651 5615 senex,
2681 5560 2734 5606 et
2776 5560 2919 5605 esset
2946 5551 3272 5620 exspectatio
3297 5551 3348 5605 in
3380 5551 3582 5606 foribus
3603 5589 3620 5616 ,
3650 5564 3719 5605 ne

2136 5644 2399 5698 tantillum
2446 5641 2658 5713 quidem
2695 5644 3040 5711 exspectavit.
3068 5641 3347 5708 Quomodo
3394 5651 3571 5697 autem
3610 5653 3717 5696 non

2203 5779 2219 5841 ξ
2247 5785 2347 5845 nuo
2363 5783 2490 5845 Mss?
2509 5775 2732 5845 quoniam
2754 5781 2956 5845 paterna
2987 5773 3171 5845 viscera
3199 5773 3397 5827 nimiam
3416 5781 3464 5828 et
3484 5774 3712 5840 itttetnpe-

2135 5835 2303 5894 stivam
2328 5835 2673 5901 indulgentiam
2690 5835 3040 5888 indicaverunt.
