4090 6346
366 423 480 483 103

362 542 591 613 ποιῆσαι
622 535 948 610 τδ-βρέφος·
983 536 1102 610 [καὶ
1118 537 1334 593 ἀπδτοῦ
1360 536 1607 608 ποταμοῦ
1624 535 1941 607 ἀνελομένη

370 630 466 701 τὴν
494 628 672 698 θήγην
714 628 746 697 ἡ
786 625 1033 697 θυγάτηρ
1072 624 1167 679 τοῦ
1205 623 1421 696 Φαραὼ,
1460 623 1556 679 καὶ
1588 623 1824 695 εὑροῦσα
1878 622 1941 676 τὸ

368 716 574 787 βρέφος
613 711 928 786 ὰνέθρεψε,]
976 713 1068 767 καὶ
1088 712 1343 785 αὐξηθεὶς
1371 714 1575 775 ἐκεῖνος
1602 711 1809 775 πάντας
1836 711 1944 764 ἀπ·-

363 803 590 858 ὡλεσεν.
608 801 889 856 Ἐντεῦθεν
920 802 1015 856 καὶ
1045 799 1078 872 ἠ
1103 799 1411 871 εὐμηχανία
1437 800 1530 852 τοῦ
1553 796 1688 853 Θεοῦ
1707 796 1943 871 μάλιστα

360 890 687 961 διαλάμπει,
732 887 826 942 καὶ
851 890 981 952 τοῖς.
1004 889 1259 960 πονηροῖς
1292 887 1461 950 πολὺς
1488 886 1517 939 6
1544 886 1940 958 σωφρονισμὸς,

362 980 464 1034 καὶ
520 981 633 1042 τοῖς
683 977 1067 1047 διαφεύγουσιν
1117 977 1151 1048 ή
1195 977 1378 1049 ἡδονή.
1412 974 1573 1031 Οὕτω
1604 976 1700 1031 καὶ
1730 976 1823 1030 ἐπὶ
1845 976 1941 1030 τοῦ

362 1066 652 1138 παγκάλου
666 1065 865 1137 Ἰωσήφ
887 1065 1126 1135 γέγονεν.
1158 1063 1517 1135 Ἐμϐαλόντες
1541 1062 1650 1134 7&9
1677 1063 1841 1119 αὐτὸν
1863 1064 1944 1127 εἰς

361 1154 606 1209 δουλείαν
631 1154 683 1207 οἱ
709 1153 949 1223 ἀδελφοὶ,
976 1151 1176 1206 ἔπαθον
1202 1151 1345 1222 άπερ
1366 1148 1587 1213 ἔπαθον,
1607 1148 1812 1203 καὶτὸν
1843 1149 1943 1221 μὲν

359 1242 607 1312 ἔϐλαψαν
634 1240 816 1305 οὐδὲν,
844 1239 981 1294 ἀλλά
1003 1238 1098 1294 καὶ
1126 1237 1361 1309 ὤνησαν
1384 1239 1539 1292 αὐτοὶ
1561 1236 1617 1290 δὲ
1639 1236 1737 1309 τὴν
1770 1253 1940 1308 τραγ-

361 1329 529 1399 ῳδίαν
562 1329 776 1398 ἐκείνην
806 1326 1123 1398 ὑπέμειναν.
1179 1325 1290 1379 Kal
1317 1323 1489 1378 πολλά
1509 1323 1729 1379 τοιαῦτα
1764 1324 1942 1395 λέγειν

359 1418 507 1485 ἐξδν,
531 1417 722 1471 σκόπει
739 1415 836 1471 καὶ
860 1416 953 1469 ἐπὶ
983 1413 1092 1469 τῶν
1120 1413 1317 1470 ἀλλων.

446 1515 1002 1589 Ἐπλεονέκτησέτις;
1034 1515 1258 1570 Ἑαυτὸν
1283 1513 1552 1570 ἀπώλεσε.
1584 1512 1690 1567 Τὸν
1722 1512 1943 1585 μὲνγὰρ

360 1606 826 1676 πλεονεκτηθέντα
857 1604 1118 1667 πολλάκις
1145 1603 1241 1657 καὶ
1280 1602 1477 1673 ὤνησε,
1517 1601 1615 1672 τὴν
1656 1600 1713 1655 δὲ
1746 1600 1941 1656 ἑαυτοῦ

359 1693 537 1765 ψυχὴν
572 1691 905 1764 προύδωκεν.
942 1690 1197 1760 Ἦδίκησέ
1252 1706 1374 1757 τις;
1426 1688 1634 1759 Ἑαυτῷ
1684 1689 1746 1743 τὸ
1792 1688 1941 1757 ξίφος

359 1784 730 1853 περιέπειρεν.
761 1781 835 1835 Οὐ
852 1781 961 1851 7&9
976 1780 1035 1833 τὸ
1060 1780 1251 1833 παθεῖν
1272 1778 1477 1843 κακῶς,
1494 1779 1630 1832 ἀλλά
1642 1779 1700 1831 τὸ
1716 1778 1940 1850 ποιῆσαι

359 1871 566 1936 κακῶς,
604 1870 764 1922 τοῦτο
796 1868 1031 1940 μάλιστά
1064 1869 1180 1920 ἐστι
1220 1866 1281 1919 τδ
1326 1866 1554 1936 πάσχειν
1604 1866 1810 1930 κακῶς.
1840 1864 1940 1918 Διὰ

357 1956 518 2011 τοῦτο
542 1957 638 2010 καί
667 1957 876 2020 Παῦλος
892 1956 1125 2027 παρῄνει
1155 1954 1351 2025 μᾶλλον
1383 1953 1704 2016 ἀδικεῖσθαι,
1741 1953 1835 2005 καὶ
1864 1953 1939 2026 μη

358 2047 564 2100 ἀδικεῖν
589 2066 603 2079 ·
630 2044 725 2099 καὶ
753 2044 782 2098 6
809 2043 1061 2116 Χριστὸς,
1103 2041 1427 2115 ῥαπίζεσθαι
1456 2042 1549 2095 καὶ
1578 2040 1651 2113 μὴ
1683 2041 1941 2113 ἀντιρρα-

357 2133 571 2205 πίζειν,
612 2131 753 2185 ἀλλά
808 2132 902 2185 καὶ
933 2132 1193 2201 παρέχειν
1253 2130 1445 2183 ἑαυτὸν
1479 2130 1559 2191 είς
1594 2128 1655 2181 τὸ
1687 2128 1937 2198 πάσχειν.

357 2220 530 2273 Τοῦτο
562 2220 825 2291 μεγίστης
866 2218 1068 2290 ἰσχύος,
1099 2218 1256 2272 τοῦτο
1301 2218 1577 2289 ὑπομονὴν
1628 2217 1937 2287 ἐργάζεται,

354 2307 518 2361 τοῦτο
553 2308 782 2379 ἰσχυρὰν
818 2307 915 2380 τὴν
952 2307 1129 2379 ψυχὴν
1164 2305 1582 2372 κατασκευάζει,
1625 2305 1741 2378 [74]
1781 2305 1939 2359 τοῦτο

352 2394 469 2448 τῶν
501 2395 691 2449 παθῶν
750 2393 1021 2465 ἀνώτερον
1063 2397 1225 2449 ποιεῖ.
1269 2390 1331 2449 '0
1360 2394 1467 2464 7&9
1494 2392 1697 2447 ἀδικῶν
1729 2393 1935 2464 ἕτερον,

352 2483 385 2552 ἤ
420 2481 691 2552 τύπτωνῆ
718 2480 976 2552 ὑϐρίζων,
1006 2482 1275 2553 ,πρότερον
1295 2480 1459 2543 αὐτὸς
1486 2480 1592 2533 ὐπὸ
1611 2478 1704 2533 τοῦ
1733 2479 1940 2545 πάθους

350 2569 662 2639 χειρωθεὶς,
695 2568 791 2622 καὶ
821 2568 1164 2639 αἰχμάλωτος
1188 2573 1500 2641 γενόμενος,
1524 2568 1643 2621 τότε
1664 2568 1813 2622 δοκεῖ
1844 2568 1937 2623 τὸν

350 2658 584 2728 πλησίον
624 2659 830 2713 ἀδικεῖν
848 2675 862 2689 ·
897 2658 1058 2722 αὐτὸς
1081 2659 1137 2712 δὲ
1169 2658 1524 2730 χαλεπώτερα
1546 2657 1806 2723 πέπονθε,
1836 2657 1936 2728 τὴν

350 2746 596 2818 ἐσχάτην
630 2746 875 2801 δουλείαν
906 2745 1216 2810 δουλεύσας.
1260 2746 1636 2816 Ἐπιστρέψει
1671 2749 1704 2801 ό
1748 2746 1938 2812 πόνος

347 2833 542 2886 αὑτοῦ
564 2834 658 2899 εἰς
678 2833 952 2902 κεφαλὴν
971 2834 1178 2898 αὑτοῦ,
1197 2834 1297 2887 καὶ
1315 2832 1413 2887 ἐπὶ
1442 2833 1718 2903 κορυφὴν
1745 2832 1936 2888 αὐτοῦ

349 2920 393 2987 ἡ
431 2920 633 2974 ἀδικία
662 2921 849 2975 αὐτοῦ
888 2919 1307 2988 καταϐήσεται.
1347 2922 1459 2975 Kal
1490 2920 1739 2992 περὶτοῦ
1788 2922 1937 2992 Ἀχι-

345 3007 529 3075 τόφελ
543 3009 639 3062 καὶ
653 3010 781 3080 περὶ
794 3009 888 3062 τοῦ
905 3008 1257 3080 ’Δϐεσσαλὼμ
1279 3007 1449 3062 ταῦτα
1479 3008 1729 3080 εἰρῆσθαί
1752 3025 1936 3077 φασιν·

348 3094 681 3164 ἀμφοτέρων
724 3094 834 3166 7&9
872 3096 906 3167 ή
955 3095 1164 3167 κεφαλὴ
1200 3098 1281 3158 εἰς
1308 3094 1575 3166 τιμωρίαν
1611 3095 1836 3166 κατέϐη.
1878 3095 1938 3148 '0

352 3183 458 3250 μὲν
497 3181 608 3253 γὰρ
634 3183 841 3255 ἀγχόνῃ
877 3183 1243 3254 χρησάμενος,
1272 3181 1415 3237 οὕτω
1439 3182 1529 3237 τὸν
1568 3182 1681 3253 βίον
1711 3183 1939 3237 κατέλυ-

352 3286 450 3321 σεν
468 3285 481 3297 '
507 3269 715 3331 ἐκεῖνος
735 3269 791 3323 δὲ
814 3269 919 3323 ὐπὸ
955 3269 1016 3322 τὸ
1043 3270 1256 3342 δένδρον
1284 3269 1473 3334 ἐλθὼν,
1505 3271 1598 3324 καὶ
1620 3270 1938 3343 ἐξαρτηθεὶς

352 3355 464 3409 ὑπὸ
495 3356 595 3425 τῆς
628 3356 825 3426 κόμης,
868 3356 1034 3410 πολὺν
1080 3357 1355 3431 ἐκρέματο
1396 3357 1605 3429 χρόνον.
1654 3356 1808 3412 Οὕτω
1842 3359 1937 3412 καὶ

360 3443 569 3507 Ἰούδας
624 3443 831 3516 ἀγχόνῃ
879 3444 970 3498 τὸν
1020 3443 1133 3515 βίον
1174 3445 1492 3510 κατέλυσεν,
1538 3444 1692 3510 εἰδὼς
1725 3447 1805 3499 ὅτι
1841 3447 1936 3500 ἐπι

347 3532 508 3603 κακῷ
560 3532 664 3603 τῆς
713 3531 878 3586 αὐτοῦ
924 3532 1167 3604 κεφαλῆς
1201 3533 1378 3587 πάντα
1424 3534 1739 3606 εἰργάσατο.
1769 3534 1879 3587 Kal
1908 3537 1937 3587 6

360 3619 647 3690 ’Δχιτόφελ
699 3622 898 3691 νοήσας
952 3621 1032 3674 ὅτι
1085 3621 1304 3686 πάντως
1359 3623 1640 3693 περιέσται
1674 3625 1704 3676 6
1748 3614 1931 3686 Δαυῖδ,

343 3708 601 3764 ἀπελθὼν
654 3710 970 3780 ἀπήγξατο·
1011 3712 1107 3765 καὶ
1135 3712 1163 3764 6
1204 3711 1561 3784 Ἀϐεσσαλὼμ
1596 3713 1744 3767 ἄκων
1776 3714 1935 3785 ἐκρέ-

348 3814 508 3867 ματο,
542 3799 639 3851 καὶ
657 3797 759 3850 οὐκ
791 3796 992 3862 εὐθέως
1023 3798 1297 3872 ἀνῃρεῖτο,
1332 3800 1446 3854 ἀλλ’
1478 3801 1666 3873 ὥσπερ
1696 3803 1754 3856 ἐν
1778 3803 1933 3856 δικα-

347 3886 555 3957 στηρίῳ
575 3887 843 3959 πρότερον
858 3887 1158 3959 ἀνηρτήθη,
1182 3890 1275 3943 καὶ
1298 3890 1376 3962 τῷ
1401 3890 1543 3963 ξύλῳ
1563 3892 1889 3964 προσηλώθη
1912 3908 1928 3922 ⁶

346 3973 443 4027 καὶ
466 3973 561 4027 τοῦ
583 3974 723 4028 Θεοῦ
754 3975 854 4044 τὴν
881 3973 1062 4046 ψῆφον
1085 3976 1290 4033 ἄνωθεν
1331 3978 1606 4050 φέροντος,
1638 3980 1731 4033 ἐπὶ
1762 3980 1932 4033 πολὺν

344 4060 621 4131 ἐκρέματο
668 4060 881 4131 χρόνον,
930 4062 1035 4116 ὑπὸ
1066 4060 1162 4117 τοῦ
1198 4063 1497 4129 συνειδότος
1516 4064 1704 4119 λοιπὸν
1736 4082 1932 4137 μαστιο

345 4146 573 4217 ξάμενος
585 4160 613 4189 α
625 4189 639 4201 .
652 4149 825 4213 Αὐτὸς
843 4149 942 4219 μὲν
961 4148 1069 4221 γὰρ
1081 4149 1344 4221 ἐπεθύμει
1358 4150 1456 4223 τὴν
1468 4149 1647 4217 δεξιὰν
1660 4152 1738 4223 τῷ
1750 4150 1929 4224 λαιμῷ

347 4234 614 4304 βαπτίσαι
659 4236 738 4307 τῷ
788 4236 1041 4308 πατρικῴ
1059 4254 1075 4270 ο
1111 4238 1138 4291 6
1165 4239 1223 4293 δὲ
1251 4238 1433 4310 πατὴρ
1456 4238 1548 4292 καὶ
1570 4238 1712 4294 οὕτω
1740 4240 1928 4310 φείσα-

348 4324 472 4380 σθαι
502 4325 674 4381 αὐτοῦ
708 4328 939 4401 παρῄνει
957 4331 1071 4393 τοῖς
1093 4328 1470 4401 στρατιώταις.
1504 4331 1613 4384 Kal
1636 4330 1809 4395 οὕτως
1829 4330 1930 4387 οὐκ

345 4406 415 4482 ἦν
464 4414 773 4481 κενοδοξίας
817 4415 878 4468 τὸ
916 4414 1230 4487 λεγόμενον,
1274 4417 1358 4471 ὅτι
1402 4418 1497 4472 καὶ
1532 4418 1670 4489 μετά
1702 4418 1930 4473 θάνατον

345 4501 699 4572 ἀποδύρεται.
737 4504 847 4556 Kal
898 4504 986 4558 ῖνα
1019 4504 1199 4576 μάθῃς
1235 4504 1315 4559 δτι
1352 4505 1454 4560 οὐκ
1486 4506 1835 4577 ἀνθρωπίνης
1860 4503 1930 4579 ἦν

345 4588 589 4661 σπουδῆς
639 4589 701 4641 τὸ
752 4590 1057 4662 γινόμενον,
1096 4591 1214 4644 ἀλλ’
1253 4591 1374 4646 ὅλον
1405 4591 1548 4646 θεῖον
1586 4587 1656 4665 ἦν
1680 4593 1741 4647 τὸ
1777 4594 1931 4649 δικα-

348 4676 593 4746 στήριον,
653 4677 840 4749 τρίχες
884 4677 980 4732 καὶ
1019 4678 1173 4743 ξύλον
1210 4678 1373 4733 αὐτὸν
1407 4678 1625 4751 ἔδησαν,
1660 4680 1755 4735 καὶ
1792 4680 1931 4747 ζῶον

347 4763 543 4828 ἄλογον
567 4763 879 4833 παρέδωκε,
898 4764 995 4818 καὶ
1019 4765 1143 4819 ἀντὶ
1174 4766 1272 4837 μὲν
1296 4766 1530 4837 σχοινίου
1559 4768 1594 4838 ὴ
1623 4767 1791 4839 κόμη,
1807 4769 1929 4823 ἀντὶ

346 4847 402 4899 δὲ
425 4848 587 4912 ξύλου
604 4848 669 4901 τὸ
695 4850 911 4922 δένδρον
924 4850 1171 4919 γέγονεν,
1201 4853 1321 4907 ἀντὶ
1337 4852 1394 4906 δὲ
1412 4852 1742 4925 στρατιώτου
1762 4872 1929 4925 προσ-ε

345 4936 556 5003 ήγαγεν
588 4936 755 4990 αὐτὸν
784 4939 820 5008 η
861 4939 1105 5010 ἡμίονος.
1136 4940 1247 4995 Kal
1286 4943 1479 4995 σκόπει
1507 4940 1569 4995 τὺ
1600 4942 1921 5014 παράδοξον.

346 5022 536 5076 Ταῦτα
591 5023 880 5091 παθόντος,
935 5026 1110 5089 οὐδεὶς
1163 5026 1432 5098 ἐτόλμησε
1473 5029 1791 5100 προσελθεῖν
1812 5030 1925 5086 τῶν

344 5109 537 5174 αὐτοῦ,
564 5111 660 5165 καὶ
686 5110 936 5167 καθελεῖν
960 5112 1141 5178 αὐτὸν,
1177 5111 1447 5184 τοσαύτης
1473 5115 1768 5188 γενομένης
1798 5134 1923 5187 σχο-

343 5194 464 5267 λῆς.
501 5198 615 5252 Kal
651 5197 812 5254 τοῦτο
840 5198 897 5253 δὲ
922 5200 951 5252 6
979 5198 1109 5263 Θεὸς
1131 5198 1420 5271 ᾠκονόμει,
1448 5199 1590 5255 ὥστε
1622 5204 1760 5274 μήτε
1791 5203 1925 5257 καθ·-

349 5285 661 5357 αιρεθῆναι,
718 5289 858 5361 μήτε
888 5287 1172 5360 δεδεμένον
1232 5289 1601 5361 ἀπενεχθῆναι
1627 5291 1706 5363 τῷ
1732 5294 1921 5364 πατρὶ,

340 5374 532 5443 ἐπειδὴ
577 5376 649 5430 τὰ
694 5376 937 5448 πατρικά
969 5377 1253 5449 σπλάγχνα
1288 5376 1431 5449 πέρα
1469 5377 1565 5432 τοῦ
1597 5380 1799 5453 μέτρου
1825 5381 1922 5453 τὴν

342 5462 513 5531 φειδὼ
546 5464 895 5519 ἐπεδείκνυτο
914 5465 943 5506 δ
964 5481 981 5498 ο
1013 5465 1108 5520 καὶ
1130 5465 1193 5520 τδ
1222 5464 1286 5538 δὴ
1316 5463 1775 5541 θαυμαστότερον,
1793 5470 1873 5525 ὅτι
1894 5471 1923 5526 6

341 5549 684 5618 καταλλάξας
734 5551 887 5624 αὐτῷ
923 5551 1016 5607 τὸν
1040 5552 1291 5625 πατέρα,
1323 5546 1477 5619 οὗτος
1519 5556 1682 5610 αὐτὸν
1708 5558 1917 5630 ἀνῄρει,

774 5728 1125 5798 μοιστιζὸμενος.
1167 5728 1301 5781 Editi
1343 5730 1733 5794 μαστιγούμενος.
1781 5730 1920 5784 Prior

339 5783 495 5833 lectio
517 5789 739 5837 usitatior
764 5783 859 5837 ést.

372 5848 375 5849 ⁷
401 5844 434 5886 δ
456 5847 565 5896 Duo
591 5864 687 5899 mss
718 5849 804 5900 τοῦ
822 5852 996 5906 μέτρου
1008 5854 1093 5912 τὴν
1118 5853 1314 5917 ἄκαιρον
1332 5852 1629 5904 ἐπεδείκνυτο
1648 5856 1913 5916 φειδωλίαν.

1508 420 1878 479 EXPOSITIO
1912 420 1981 478 IN
2015 421 2347 481 PSALMUM
2375 426 2488 484 VII.

3516 440 3620 499 I03

2047 542 2333 629 μονονουχὶ
2372 543 2675 615 κατήγορος
2723 547 2950 618 σφοδρὸς
2996 550 3253 615 ἐπιστάς⁶’
3282 551 3395 606 ἀλλ’
3425 554 3618 629 ἀνῄρει

2046 625 2147 698 μὲν
2170 624 2348 697 οὗτος,
2374 630 2670 704 ἐψηφίζετο
2698 634 2757 689 δὲ
2788 637 2817 689 6
2846 636 2998 701 Θεός.

2119 814 2200 864 ιε’.
2232 809 2356 863 Ὅτι
2376 811 2487 883 7&9
2512 809 2719 867 ἀνωθεν
2744 814 2778 887 ή
2809 813 2990 887 ψῆφος
3014 820 3363 894 κατεφέρετο,
3385 824 3618 881 ἄκουσον

2042 900 2209 955 αὐτοῦ
2230 902 2390 957 τοῦτο
2418 903 2535 969 πῶς
2564 905 2874 981 παρέστησε
2891 925 2909 942 ο
2936 907 3106 966 εἰπὼν
3126 913 3254 985 γὰρ,
3284 915 3414 970 Ἐπὶ
3444 934 3619 988 κορυ-

2044 993 2173 1064 φὴν
2196 995 2235 1063 ἡ
2257 990 2458 1050 ἀδικία
2481 997 2667 1052 αὐτοῦ
2687 1001 3109 1071 καταϐήσεται,
3140 1007 3303 1078 φησίν
3326 1024 3339 1039 ·
3374 1009 3618 1080 Ἐξομο-

2042 1082 2381 1154 λογήσομαι
2396 1084 2476 1151 τῷ
2494 1086 2688 1157 Κυρίῳ
2703 1089 2853 1146 κατὰ
2867 1090 2980 1161 τὴν
2998 1090 3390 1165 δικαιοσύνην
3406 1098 3616 1165 αὐτοῦ,

2044 1174 2142 1228 καί
2174 1174 2351 1244 ψαλῶ
2379 1175 2459 1244 τῷ
2487 1178 2729 1249 ὀνόματι
2747 1183 2971 1251 Κυρίου
2999 1184 3105 1241 τοῦ
3129 1188 3410 1257 ὑψίστου.
3443 1192 3618 1263 Εὐχα-

2032 1264 2410 1338 ⁷ριστήσωμεν,
2435 1269 2620 1340 φησὶν,
2654 1270 2716 1324 οὐ
2747 1276 2868 1338 ταῖς
2893 1273 3097 1348 ἐτέρων
3128 1279 3331 1352 χαίρων
3358 1286 3615 1352 σφαγαῖς,

2044 1353 2179 1409 ἀλλά
2197 1355 2290 1410 τοῦ
2320 1357 2455 1413 Θεοῦ
2489 1361 2588 1433 τήν
2615 1360 2795 1433 ψῆφον
2828 1365 3241 1442 ἀποδεχόμενος.
3276 1373 3388 1426 Kal
3415 1374 3498 1439 τίς
3528 1375 3619 1430 δύο

2042 1463 2199 1502 ναται
2228 1448 2375 1521 αὐτῷ
2391 1452 2784 1524 εὐχαριστῆσαι
2809 1460 2950 1514 κατά
2960 1458 3057 1531 τὴν
3074 1461 3418 1535 δικαιοσύνην
3429 1464 3615 1534 αὐτοῦς

2042 1536 2128 1601 τίς
2151 1538 2207 1593 δὲ
2238 1540 2397 1595 αὐτὸν
2419 1542 2644 1610 αίνέσει,
2668 1544 2745 1610 ὡς
2769 1545 2917 1601 ἔστιν
2942 1566 2957 1616 ;
2982 1551 3191 1617 Οὐδείς.
3214 1552 3279 1607 Τί
3302 1556 3437 1621 ἐστι,
3456 1558 3620 1611 Κατά

2045 1629 2161 1699 τὴν
2177 1631 2569 1704 δικαιοσύνην
2591 1638 2775 1693 αὑτοῦ
2788 1657 2808 1706 ;
2822 1640 2967 1694 Ἀντὶ
2980 1641 3095 1707 τοῦ,
3112 1643 3204 1696 ἐπὶ
3218 1646 3284 1717 τῇ
3305 1645 3619 1721 δικαιοσύνῃ

2043 1721 2230 1776 αὐτοῦ.
2278 1724 2387 1777 Kal
2435 1726 2551 1798 ᾀσω
2589 1727 2668 1799 τῷ
2702 1730 2890 1802 Κυρίῳ
2933 1733 3011 1804 τῷ
3050 1733 3276 1806 ὑψίστῳ.
3304 1736 3480 1791 Αὐτοῦ
3509 1740 3619 1813 γάρ

2041 1814 2157 1869 ἐστι
2178 1816 2247 1870 τά
2265 1820 2577 1891 νικητήρια,
2604 1821 2769 1876 αὐτοῦ
2787 1823 2854 1877 τά
2884 1825 3139 1897 τρόπαια,
3156 1828 3257 1881 οὐκ
3283 1829 3409 1900 ἐμά.
3431 1832 3619 1887 Καθά-

2042 1925 2147 1981 περ
2178 1911 2286 1981 7&9
2332 1912 2423 1965 ἐπὶ
2484 1912 2593 1966 τῶν
2650 1914 2921 1986 πολέμων,
2979 1916 3241 1988 βασιλέως
3275 1924 3616 1994 νικήσαντος,

2040 2003 2236 2073 χοροὺς
2266 2006 2559 2075 στήσαντες
2599 2006 2839 2077 ᾄδουσιν,
2869 2011 2950 2075 είς
2970 2012 3176 2066 ἐκεῖνον
3214 2014 3313 2078 τὰς
3341 2017 3619 2088 εὐφημίας

2042 2093 2405 2164 ἀναφέροντες
2429 2110 2443 2126 ·
2493 2096 2635 2152 οὐτω
2685 2098 2840 2169 κάγὼ
2868 2102 3098 2173 ποιήσω,
3150 2106 3301 2178 φησί.
3332 2108 3430 2162 Διὰ
3462 2109 3620 2165 τοῦτο

2040 2185 2140 2238 οὐκ
2178 2181 2848 2261 εἷπεν,Ἐξομολογοῦμαι,
2892 2193 3005 2247 ἀλλ’
3052 2195 3616 2271 Ἐξομολογήσομαιο

2040 2277 2239 2347 δηλῶν,
2272 2280 2356 2332 ὅτι
2383 2280 2504 2334 οὐδέ
2532 2285 2671 2352 μετά
2704 2284 2762 2337 τὸ
2794 2289 2976 2356 τυχεῖν
3010 2287 3118 2340 τῶν
3149 2289 3368 2357 ἀγαθῶν
3395 2293 3618 2348 ἐπιλαν-

2042 2364 2279 2432 θάνεται,
2314 2367 2429 2441 [75]
2454 2371 2572 2424 οὐδὲ
2614 2373 2825 2440 γίνεται
2857 2376 3247 2450 ῥᾳθυμότερος,
3281 2381 3417 2436 ἀλλά
3459 2385 3618 2455 νήφει

2040 2458 2137 2517 καὶ
2176 2459 2476 2531 ἐγρήγορεν
2496 2479 2509 2492 '
2538 2464 2639 2518 οὐκ
2668 2467 2854 2539 ἐπειδὴ
2880 2471 2907 2522 6
2928 2469 3060 2534 Θεὸς
3077 2472 3265 2525 τούτου
3290 2473 3481 2538 δεῖται,
3502 2476 3616 2531 ἀλλ’

2034 2550 2226 2642 ἐπειδὴ
2259 2555 2388 2622 ἡμῖν
2415 2554 2573 2609 τοῦτο
2611 2559 2882 2631 χρήσιμον
2925 2563 3362 2642 καὶηκερδαλέον.
3406 2567 3616 2642 Ὥσπερ

2041 2641 2149 2714 γὰρ
2171 2643 2359 2709 θυσίας
2389 2647 2602 2715 ἐλαϐεν,
2636 2652 2758 2723 οὐχὶ
2799 2653 3052 2725 δεόμενος
3081 2657 3281 2712 θυσιῶν
3310 2660 3482 2730 (Ἐὰν

2039 2735 2328 2805 πεινάσω,
2350 2740 2535 2812 φησὶν,
2560 2745 2634 2799 οὐ
2663 2744 2747 2813 μή
2780 2761 2879 2800 σοι
2907 2748 3096 2819 εἴπω),
3122 2750 3236 2804 ἀλλ’
3257 2752 3467 2821 ὲνάγων
3491 2754 3617 2820 τούς

2041 2828 2360 2901 ἀνθρώπους
2375 2834 2454 2897 είς
2481 2834 2581 2906 τὴν
2607 2836 2771 2891 αὐτοῦ
2800 2839 2987 2910 τιμὴν,
3010 2839 3154 2895 οὕτω
3186 2844 3279 2896 καὶ
3305 2843 3507 2915 ὕμνους
3525 2845 3617 2899 δέ-

2041 2939 2214 2993 χεται,
2244 2926 2307 2979 οὐ
2370 2926 2622 2999 δεόμενος
2665 2931 2764 3001 τῆς
2805 2934 2938 3003 παρ’
2983 2934 3140 3004 ήμῶν
3174 2935 3466 3009 εὐφημίας,
3500 2938 3615 2993 ἀλλ’

2039 3015 2323 3090 ἐπιθυμῶν
2365 3022 2465 3092 τῆς
2504 3021 2662 3093 ἡμῶν
2694 3025 2987 3095 σωτηρίας.
3029 3025 3147 3098 Θεῷ
3179 3028 3284 3102 γὰρ
3315 3030 3617 3103 περισπού-

2038 3106 2233 3164 δαστον
2268 3112 2427 3183 ήμῶν
2455 3112 2696 3179 ἐπίδοσις
2724 3117 2759 3187 ή
2780 3117 2901 3170 κατ’
2923 3117 3144 3190 ἀρετήν.

2109 3284 2272 3343 Οὐδὲν
2296 3289 2353 3343 δὲ
2384 3289 2555 3356 οὕτως
2601 3290 2891 3346 ἐπιδιδόναι
2918 3297 3060 3348 ποιεῖ
3090 3295 3168 3359 είς
3190 3295 3409 3368 ἀρετὴν,
3441 3297 3518 3363 ὡς
3553 3299 3615 3353 τὸ

2040 3380 2277 3451 συνεχῶς
2298 3381 2502 3452 ὁμιλεῖν
2535 3381 2675 3454 Θεῷ,
2718 3385 2811 3438 καὶ
2843 3386 3106 3457 διηνεκῶς
3153 3388 3495 3460 εὐχαριστεῖν
3519 3391 3614 3445 καὶ

2037 3471 2257 3542 ψάλλειν
2282 3472 2361 3544 τῷ
2409 3473 2555 3544 Θεῷ’
2579 3473 2770 3544 ψάλλει
2806 3476 2864 3530 δὲ
2892 3476 2970 3550 τῷ
3002 3478 3139 3550 Θεῷ,
3180 3480 3614 3551 ἐκπληττόμενος

2037 3564 2201 3619 αὐτοῦ
2222 3566 2319 3638 τὴν
2344 3565 2759 3639 δικαιοκρισίαν,
2790 3570 2889 3641 τὴν
2916 3570 3320 3642 μακροθυμίαν.
3351 3574 3461 3626 Kal
3484 3572 3610 3639 ποῦ,

2036 3657 2219 3727 φησιν,
2252 3659 2306 3729 ιή
2351 3658 2721 3729 μακροθυμία,
2761 3660 3134 3732 ἀναιρεθέντος
3173 3659 3267 3714 τοῦ
3302 3661 3611 3732 τυράννους

2034 3749 2210 3822 Πολλὴ
2262 3749 2362 3822 μὲν
2410 3745 2504 3805 οὖν
2529 3752 2623 3805 καὶ
2651 3751 2883 3824 μεγάλη.
2924 3752 3036 3807 Καὶ
3071 3751 3179 3825 7&9
3208 3753 3419 3823 ἀφῆκεν
3450 3753 3612 3807 αὐτὸν

2035 3842 2202 3896 πολὺν
2262 3842 2476 3914 χρόνον,
2528 3840 2670 3897 ὥστε
2730 3842 2811 3907 εἰς
2862 3842 3148 3914 μετάνοιαν
3172 3842 3373 3897 ἐλθεῖν⁶
3407 3843 3504 3897 καὶ
3542 3843 3613 3897 τά

2037 3934 2280 4006 βασίλεια
2326 3936 2619 4006 κατασχεῖν
2659 3933 2878 4000 ἔδωκεν,
2914 3935 3001 3990 ῖνα
3033 3933 3122 4006 τὴν
3149 3933 3322 3988 οἰκίαν
3352 3932 3496 3995 ίδὼν,
3530 3936 3609 4000 είς

2033 4026 2102 4097 ἢν
2123 4024 2335 4097 ηὐξήθη
2359 4026 2454 4080 καὶ
2476 4025 2710 4097 ἐτράφη,
2744 4026 2840 4080 καὶ
2864 4025 2934 4079 τὰ
2965 4024 3060 4078 τοῦ
3094 4023 3302 4096 πατρὸς
3337 4023 3605 4094 σύμϐολα,

2032 4120 2113 4182 είς
2147 4117 2433 4190 μετάνοιαν
2453 4116 2598 4191 ἔλθῃ.
2628 4119 2694 4173 El
2716 4117 2825 4190 7&9
2856 4119 2930 4190 μὴ
2964 4118 3152 4190 θηρίον
3168 4113 3258 4191 ἦν,
3292 4118 3386 4171 καὶ
3398 4116 3608 4189 λιθίνην

2031 4205 2145 4281 εἶχε
2164 4210 2363 4283 ψυχὴν,
2395 4210 2557 4265 ίκανά
2583 4210 2760 4265 πάντα
2787 4211 2972 4264 ἐκεῖνα
3013 4209 3174 4263 αὐτὸν
3198 4210 3496 4279 ἐπαγαγεῖν
3516 4224 3530 4239 ·
3570 4208 3607 4281 ή

2028 4300 2296 4372 τράπεζα,
2342 4301 2464 4355 καθ’
2508 4302 2577 4372 ἢν
2609 4300 2883 4354 ἐκοινώνει
2926 4297 3004 4372 τῷ
3041 4298 3230 4370 πατρὶ,
3258 4301 3287 4353 ὁ
3317 4293 3487 4365 οἶκος,
3536 4298 3608 4354 τὰ

2032 4390 2305 4463 συνέδρια,
2334 4390 2463 4446 ἔνθα
2494 4393 2544 4446 οἱ
2582 4391 2730 4460 λόγοι
2755 4391 2917 4445 αὐτὸν
2938 4390 3277 4463 κατήλλαξαν
3307 4390 3467 4460 φόνον
3494 4406 3609 4445 τοι·

2028 4482 2185 4539 οὓτον
2217 4483 2553 4556 πεποιηκότα
2574 4497 2589 4512 ·
2623 4482 2763 4554 μετά
2794 4483 2998 4537 τούτων
3026 4484 3120 4537 καὶ
3153 4483 3317 4555 ἕτερα
3349 4478 3418 4553 ἦν
3440 4482 3603 4538 ἰκανὰ

2028 4576 2191 4631 αὐτὸν
2215 4575 2468 4647 μαλάξαι.
2486 4575 2597 4630 Kal
2617 4574 2726 4647 7&9
2743 4576 2975 4647 ήκουσεν
3001 4577 3086 4629 ὅτι
3123 4575 3300 4646 φυγάς
3332 4576 3427 4629 καὶ
3461 4574 3599 4646 ἀλή-

2026 4688 2127 4740 της
2169 4670 2517 4742 περιήρχετο,
2551 4667 2635 4724 δτι
2657 4667 2730 4722 τά
2757 4667 2961 4739 έσχατα
2995 4667 3199 4739 ἔπασχε
3244 4668 3414 4723 δεινά.
3446 4668 3511 4723 El
3540 4667 3602 4723 δὲ

2030 4763 2106 4835 μὴ
2157 4762 2331 4819 ταῦτα
2372 4762 2698 4833 ἐμάλαττεν,
2745 4760 2853 4816 ἔδει
2888 4760 3049 4815 αὐτὸν
3092 4761 3161 4816 τὰ
3186 4761 3279 4816 τοῦ
3322 4760 3605 4833 ’Δχιτόφελ

2028 4856 2377 4927 σωφρονίσαι,
2416 4854 2516 4927 τὴν
2563 4856 2821 4927 ἀγχόνην,
2852 4857 2944 4909 τὸν
2991 4854 3220 4910 θάνατον
3260 4866 3310 4921 ο,
3351 4853 3488 4909 ὥστε
3514 4854 3609 4909 διὰ

2025 4948 2244 5002 πάντων
2295 4947 2469 5002 ἐλθεῖν
2506 4949 2587 5012 είς
2615 4948 2922 5019 μετάνοιαν.
2959 4944 3096 5000 Οὐδὲ
3130 4946 3241 5017 γὰρ
3268 4946 3504 5018 ἠγνόησε
3531 4946 3601 4999 τὰ

2024 5041 2119 5098 τοῦ
2150 5041 2326 5111 φίλου.
2363 5041 2428 5094 Τί
2450 5040 2507 5094 δὲ
2530 5041 2625 5095 καὶ
2659 5040 2799 5111 ἔχων
2838 5042 3090 5111 ἐγκαλεῖν
3114 5040 3193 5114 τῷ
3213 5042 3399 5113 πατρὶ,
3426 5040 3603 5095 ταῦτα

2024 5134 2232 5201 ἐποίεις
2266 5134 2387 5188 Ὅτι
2436 5133 2497 5199 ἐξ
2541 5132 2716 5203 ὅψεως
2741 5133 2904 5189 αὐτὸν
2936 5134 3275 5205 πεποίηκεν;
3322 5132 3461 5186 Ἀλλ’
3490 5132 3598 5187 ἔδει

2021 5225 2113 5280 διὰ
2133 5225 2289 5279 τοῦτο
2316 5223 2409 5278 καὶ
2442 5224 2720 5296 θαυμάσαι
2779 5226 2868 5280 καὶ
2896 5225 3283 5291 ἀποδέξασθαι.
3326 5225 3409 5279 ὅτι
3440 5223 3596 5278 ἀδελ-

2022 5316 2280 5384 φοκτόνον
2295 5317 2586 5389 γενόμενον
2612 5320 2832 5392 ήμέρως
2848 5321 3099 5392 ήνεγκεν.
3127 5319 3264 5373 Ἀλλ’
3291 5318 3441 5371 οὐδὲν
3458 5315 3597 5388 ἔχων

2020 5409 2293 5477 ἐγκαλεῖν,
2355 5410 2470 5464 ἀλλ’
2511 5411 2775 5483 ἐπιθυμίᾳ
2812 5410 2975 5474 ἀλούς
3022 5410 3256 5481 ἀκαίρῳ,
3293 5408 3388 5462 καὶ
3423 5404 3596 5462 ταῦτα

2020 5501 2206 5555 λοιπὸν
2266 5502 2519 5573 γέροντος
2561 5502 2714 5568 ὄντος
2756 5502 2851 5557 τοῦ
2885 5503 3113 5575 πατρὸς,
3158 5502 3253 5555 καὶ
3283 5500 3373 5554 ἐπὶ
3403 5498 3594 5571 θύραις

2020 5592 2120 5663 τῆς
2163 5592 2488 5664 προσδοκίας
2513 5591 2700 5664 οὐσης,
2735 5592 2837 5647 οὐκ
2868 5591 3155 5664 ἀνέμεινεν
3177 5591 3300 5646 οὐδὲ
3341 5588 3613 5662 σμικρόν.’

2079 5796 2106 5826 ⁸
2132 5760 2213 5844 έίο
2232 5810 2358 5844 unus
2377 5760 2531 5845 c0dex
2555 5800 2711 5845 recte.
2738 5795 2838 5845 Alii
2867 5805 3039 5844 omnes
3057 5795 3088 5850 ἡ
3109 5792 3307 5857 ἀγχόνη,
3335 5794 3362 5840 ὁ
3381 5790 3594 5857 θάνατος.

2022 5855 2123 5906 Sed
2142 5857 2222 5906 hic
2243 5860 2546 5909 accusativus
2564 5870 2765 5914 prorsus
2782 5858 3068 5917 requiritur,
3083 5862 3139 5907 ιιι
3159 5855 3306 5906 nemo
3324 5866 3422 5904 non
3441 5855 3597 5905 νὸύει.

4040 5400 4044 5519 ι
