4074 6356
467 424 576 487 ’106

467 543 592 608 Πῶς
611 539 668 596 δέ
687 536 787 594 οὐκ
813 535 1113 611 ἐνενόησεν,
1141 540 1222 594 ὅτι
1241 540 1335 594 καὶ
1357 541 1584 612 νικήσας
1616 541 1833 594 πάντων
1849 534 2041 590 ἀθλιώ-

464 655 624 710 τερον
651 635 762 703 ἐξει
795 633 930 705 βίον,
986 634 1188 706 ἐναγὴς
1219 635 1296 690 ὢν
1333 639 1425 690 καί
1448 636 1776 706 ἀκάθαρτος,
1817 634 1910 688 καὶ
1939 633 2046 686 ἀπὸ

477 734 572 790 τοῦ
605 733 867 804 τροπαίου
887 748 902 796 ;
1310 806 1313 810 Ι

533 833 630 895 ις’.
650 826 760 882 Ποῦ
786 826 881 881 νῦν
896 828 1035 882 εἰσιν
1050 828 1100 881 οί
1116 826 1309 881 πενίαν
1319 827 1635 899 ὀδυρόμενοι
1649 845 1664 892 ;
1681 827 1862 898 Πόσης
1875 825 2047 880 ταῦτα

465 926 654 990 πενίας
682 925 743 978 οὐ
770 923 1154 996 χαλεπώτερα;
1184 924 1356 997 πόσης
1393 925 1586 990 νόσους
1621 924 1792 995 πόσης
1818 924 2042 996 όδύνης;

468 1022 585 1075 οὐκ
610 1018 764 1074 εἶπεν
785 1019 936 1074 οὐδὲν
957 1013 1196 1075 τοιοῦτον
1232 1021 1366 1093 πρὸς
1399 1023 1608 1086 ἐαυτὸν,
1639 1023 1751 1075 ἀλλ’
1774 1021 1893 1100 οὐδὲ
1943 1023 2047 1074 ἀπ-

465 1116 847 1187 εδυσπέτησεν,
867 1116 986 1170 οὐδέ
1007 1118 1275 1190 ἐθρὴνησε
1303 1117 1496 1188 λέγων’
1514 1119 1698 1184 Καλάς
1719 1136 1782 1188 γε
1800 1119 2046 1189 ἀπολαμ-

466 1210 613 1266 ϐάνω
640 1212 740 1276 τὰς
761 1212 1013 1283 ἀμοιϐὰς,
1042 1215 1071 1266 ό
1091 1215 1148 1266 ἐν
1170 1213 1247 1283 τῷ
1279 1215 1426 1285 νόμῳ
1451 1214 1613 1267 αὐτοῦ
1652 1214 1889 1285 μελετῶν
1909 1213 2046 1284 ἡμέ-

473 1325 580 1379 ρας
601 1309 694 1363 καὶ
725 1307 936 1372 νυκτὸς,
974 1310 1002 1361 6
1028 1311 1086 1362 ἐν
1110 1307 1379 1380 ἀξιώματι
1421 1311 1665 1382 τοιούτῳ,
1703 1311 1918 1364 πάντων
1953 1327 2045 1379 γε-

463 1399 698 1482 νόμενος
730 1405 1138 1477 ταπεινότερος’
1175 1408 1202 1459 ὁ
1227 1406 1332 1459 τῶν
1369 1406 1578 1478 ἐχθρῶν
1601 1409 1944 1478 φεισάμενος,
1965 1409 2045 1470 είς

467 1508 654 1576 χεῖρας
701 1505 1002 1559 ἀκολάστου
1055 1506 1242 1568 παιδὸς
1292 1505 1558 1571 ἐξεδόθην.
1601 1505 1767 1560 Οὐδὲν
1804 1505 2044 1560 τοιοῦτον

466 1591 566 1642 οὐκ
595 1585 765 1653 εἶπεν,
793 1588 894 1642 οὐκ
935 1589 1236 1658 ἐνενόησεν,
1273 1589 1384 1641 ἀλλ’
1423 1589 1614 1659 ἔφερεν
1653 1588 1868 1642 ἅπαντα
1901 1588 2044 1659 μετὰ

468 1683 803 1753 φιλοσοφίας,
849 1684 976 1756 μίαν
1019 1685 1157 1754 έχων
1201 1685 1548 1755 παραμυθίαν
1590 1687 1647 1738 ἐν
1676 1688 1784 1750 τοῖς
1819 1686 2042 1757 γινομέ-

467 1795 602 1846 νοις,
634 1780 696 1833 τὸ
735 1779 828 1834 τοῦ
863 1779 999 1832 Θεοῦ
1029 1780 1201 1834 ταῦτα
1239 1781 1437 1845 εἰδότος
1476 1783 1740 1850 γίνεσθαι.
1774 1783 2042 1853 Καθάπερ

469 1877 563 1930 καὶ
607 1877 657 1929 οί
704 1878 850 1948 τρεῖς
887 1875 1076 1940 παῖδες
1098 1875 1280 1942 ἔλεγον
1307 1893 1318 1905 ·
1347 1877 1456 1932 Καὶ
1492 1879 1599 1932 ἐὰν
1629 1877 1740 1946 μὴ,
1766 1877 2044 1943 γνωστὸν

469 1971 624 2024 ἔστω
643 1987 761 2036 σοι,
779 1971 1069 2038 βασιλεῦ,
1091 1972 1178 2026 ὅτι
1212 1972 1335 2037 τοῖς
1363 1974 1513 2040 θεοῖς
1541 1988 1657 2027 σου
1668 1977 1739 2027 οὐ
1759 1973 2044 2042 λατρεύο-

463 2083 599 2135 per,
626 2064 740 2138 [76]
765 2067 865 2122 καί
893 2066 969 2136 τῇ
1014 2070 1200 2123 εικόνι
1233 2069 1310 2138 τῇ
1341 2069 1564 2140 χρυσῇ,
1588 2066 1948 2142 ᾔ·ἐστησας,
1971 2070 2043 2122 οὐ

470 2163 965 2233 ,προσκυνοῦμεν-ο
1017 2167 1066 2217 εί
1117 2165 1176 2218 δέ
1231 2183 1315 2230 τις
1351 2163 1469 2219 εἷπε
1520 2167 1658 2232 πρὸς
1688 2165 1900 2228 αὐτούς·
1936 2165 2044 2217 Καὶ

470 2258 602 2330 ποίᾳ
653 2258 832 2313 ἐλπίδι
881 2260 1294 2332 ἀποθνήσκετε;
1346 2263 1418 2314 τί.
1451 2261 1870 2333 προσδοκῶντες,
1901 2261 1953 2313 τί
1985 2260 2044 2313 δὲ

472 2355 782 2421 ἐλπίζοντες
824 2357 961 2428 μετά
1000 2356 1092 2410 τὸν
1143 2356 1392 2424 θάνατον,
1425 2358 1562 2429 μετά
1589 2359 1651 2412 τὸ
1672 2358 1784 2428 πῦρ
1815 2358 2046 2430 (οὐδέπω

470 2454 580 2524 γὰρ
609 2453 708 2522 τῆς
751 2453 1100 2518 ἀναστάσεως
1131 2450 1200 2525 ἦν
1231 2455 1264 2525 ἡ
1295 2455 1646 2525 προσδοκία);
1699 2455 1926 2526 ἡκουσεν
1955 2453 2042 2515 ἂν,

473 2549 556 2601 δτι
606 2548 756 2619 Αῦτη
807 2551 1038 2621 μεγίστη
1067 2553 1203 2622 ἡμῖν
1226 2551 1514 2615 ἀντίδοσις,
1544 2551 1606 2604 τὸ
1640 2551 1729 2604 διὰ
1761 2550 1893 2604 Θεὸν
1919 2551 2048 2603 ἀπο-

473 2644 653 2697 θανεῖν
673 2661 686 2675 °
711 2644 852 2698 οὕτω
872 2648 964 2700 καὶ
985 2646 1147 2710 αὐτὸς
1166 2647 1429 2716 μεγίστην
1452 2645 1654 2716 ταύτην
1677 2647 1862 2717 ἡγεῖτο
1877 2662 2047 2716 παρα-

475 2739 698 2808 μυθίαν,
733 2740 792 2794 τὸ
835 2741 924 2794 τὸν
967 2742 1100 2794 Θεὸν
1131 2742 1310 2794 εἰδότα
1339 2739 1511 2795 ταῦτα
1549 2741 1623 2812 μὴ
1654 2741 1900 2795 κωλύειν.
1934 2741 2046 2794 Kal

472 2836 582 2906 γάρ
610 2835 845 2908 ἐραστὴς
873 2837 1132 2908 μυριάκις
1149 2835 1216 2890 ἂν
1229 2835 1401 2890 ἐλοιτο
1424 2835 1565 2907 ὑπὲρ
1585 2836 1864 2909 ἐρωμένης
1886 2853 2047 2891 κατα-

475 2932 774 3002 σφαγῆναι,
793 2933 970 2986 καίτοι
983 2933 1134 2986 οὐδὲν
1157 2935 1293 3003 μετά
1317 2934 1545 2988 θάνατον
1574 2936 1890 3007 προσδοκῶν
1914 2938 2045 3008 παρ’

475 3027 713 3100 ἐκείνης.
746 3028 902 3082 Οὕτω
925 3029 989 3100 δὴ
1019 3031 1111 3082 καὶ
1140 3031 1284 3099 ἡμᾶς
1311 3030 1411 3094 δεῖ,
1447 3029 1522 3102 μὴ
1563 3029 1838 3100 βασιλείας
1874 3048 2046 3103 προσ-

474 3125 646 3190 δοκίᾳ,
681 3126 815 3197 μηδὲ
842 3126 973 3198 ἄλλῃ
1005 3127 1112 3180 τινὶ
1130 3129 1238 3181 τῶν
1264 3128 1560 3199 μελλόντων
1583 3129 1806 3198 ἀγαθῶν
1833 3130 2041 3194 ἐλπίδι,

474 3219 700 3295 άλλάᾚδϋ
725 3222 884 3277 αὐτὸν
912 3224 1004 3276 τὸν
1043 3224 1176 3278 Θεὸν
1210 3224 1386 3279 πάντα
1418 3225 1668 3296 πάσχειν.
1715 3225 1852 3279 Ἀλλ’
1873 3227 2048 3290 οὕτως

477 3313 584 3368 εἰσὶ
615 3314 799 3368 πολλοὶ⁸
833 3317 928 3370 καὶ
967 3318 1048 3371 ἐτι
1086 3320 1562 3384 ἀναπεπτωκότες,
1604 3323 1698 3375 καὶ
1724 3321 1942 3394 νωθροὶ,
1965 3323 2046 3376 ὅτι

474 3411 596 3464 οὐδὲ
655 3412 791 3481 μετὰ
852 3413 1044 3482 μισθοῦ
1085 3416 1182 3486 τῆς
1227 3417 1426 3488 ἀρετῆς
1454 3417 1713 3486 ἐφίενται.
1746 3418 1856 3470 Kal
1885 3418 1913 3470 6
1950 3417 2046 3488 μὲν

474 3506 609 3571 Θεὸς
647 3509 741 3560 καὶ
787 3508 1062 3578 βασιλείαν
1092 3511 1586 3582 ἐπαγγελλόμενος,
1617 3513 1717 3564 οὐκ
1751 3511 2003 3565 ἀκούεται
2029 3527 2043 3540 ·

476 3607 506 3658 6
534 3605 589 3658 δὲ
615 3605 858 3670 διάϐολος
894 3607 1116 3674 γέενναν
1139 3608 1433 3680 προξενῶν,
1465 3610 1716 3678 φιλεῖται.
1751 3608 1815 3660 Τί
1844 3608 2048 3678 ταύτης

474 3703 574 3772 τῆς
603 3701 799 3772 μανίας
825 3703 1232 3774 χαλεπώτερον;
1269 3705 1374 3758 Kal
1405 3705 1618 3774 τίλέγω
1653 3706 1876 3774 γέενναν
1904 3707 2047 3769 ;Kal

476 3798 584 3870 πρὸ
608 3799 708 3870 τῆς
737 3801 962 3872 γεέννης
1006 3802 1237 3855 ἐνταῦθα
1267 3801 1482 3872 ὀδύνην,
1514 3802 1604 3854 καὶ
1636 3800 1919 3872 αἰσχύνην,
1953 3802 2047 3854 καὶ

474 3894 690 3962 γέλωτα
724 3896 945 3965 ἐπάγων
977 3898 1070 3952 καὶ
1117 3899 1316 3969 μυρίας
1370 3898 1642 3964 κολάσεις,
1681 3897 1906 3961 πολλοὺς
1935 3898 2046 3967 ἔχει

473 3992 601 4056 τοὺς
634 3993 1086 4064 προστρέχοντας.
1111 3995 1392 4068 Ἐννόησον
1415 3995 1545 4063 γοῦν
1576 3995 1666 4048 τὸν
1701 3995 1906 4066 μοιχὸν,
1930 3994 2047 4057 πῶς

475 4089 804 4162 ἀθλιώτερον
831 4091 1068 4158 ,πάντων
1111 4089 1202 4161 ζῇ,
1233 4092 1328 4144 καὶ
1371 4091 1476 4162 πρὸ
1504 4095 1602 4162 τῆς
1621 4091 1847 4162 γεέννης
1867 4092 2047 4144 πάντα.

476 4183 817 4249 ὑποπτεύων,
853 4186 948 4238 καὶ⁸
980 4185 1078 4250 τάς
1105 4186 1261 4250 σκιάς
1288 4187 1504 4258 τρέμων
1524 4227 1540 4252 ,
1567 4190 1659 4241 καὶ
1688 4187 1824 4258 πρὸς
1859 4189 2047 4241 οὐδένα

475 4279 779 4350 ἐλευθέροις
825 4280 1163 4334 ἀντιϐλέπων
1199 4281 1516 4352 ὀφθαλμοῖς,
1557 4283 1694 4337 ἀλλὰ
1730 4285 1935 4346 πάντας
1955 4285 2046 4337 δε-

473 4373 688 4437 δοικὼς,
719 4377 845 4440 τοὺς
885 4378 1111 4441 εἰδότας,
1143 4377 1269 4441 τοὺς
1303 4378 1402 4430 οὐκ
1421 4379 1644 4443 εἰδότας,
1679 4380 1808 4450 ξίφη
1836 4379 2048 4450 βλέπων

473 4472 805 4543 ἠκονημένα,
841 4473 1101 4537 θανάτους
1155 4475 1585 4546 ἐπηρτημένους,
1621 4477 1844 4547 δημίους
1883 4486 1932 4541 ⁸,
1968 4477 2047 4529 δι-

475 4572 769 4639 καστήρια.
813 4569 878 4621 Τί
926 4568 1164 4622 τοιοῦτον
1199 4571 1233 4640 ἡ
1266 4571 1590 4642 σωφροσύνη
1630 4572 1764 4642 ἔχει,
1803 4573 1909 4627 κᾶν
1940 4591 2050 4644 μυ-

477 4665 631 4736 ρίους
660 4666 852 4730 πόνους
884 4666 1013 4740 Em;
1060 4669 1173 4722 οὐκ
1215 4669 1302 4722 ἀεὶ
1332 4671 1389 4722 ἐν
1417 4670 1578 4742 ἡδονῇ
1609 4673 1638 4724 6
1676 4671 1928 4741 σώφρων,
1958 4673 2048 4725 ἀεὶ

473 4759 533 4814 δὲ
564 4761 625 4814 ἐν
653 4760 811 4836 ὀδύνῃ
861 4764 890 4814 6
929 4764 1116 4834 μοιχὸς
1151 4765 1246 4817 xal
1294 4765 1352 4818 ἐν
1393 4765 1604 4836 σκότῳ;
1641 4767 1797 4821 Οῦτω
1830 4768 1926 4821 καί
1953 4768 2050 4821 ἐπὶ

474 4857 585 4910 τῶν
618 4858 791 4912 ἄλλων
819 4859 965 4914 ἐστιν
999 4860 1146 4924 ἰδεῖν,
1173 4861 1282 4914 τῶν
1309 4863 1635 4934 ἡττωμένων
1665 4865 1833 4934 ὀργῆς
1860 4863 1910 4926 δ,
1950 4864 2046 4917 καὶ

473 4954 586 5008 τῶν
623 4956 965 5028 κρατούντων
1011 4959 1206 5033 ὀργῆςο
1241 4959 1348 5012 τῶν
1391 4960 1763 5030 ἁρπαζόντων,
1809 4961 1902 5014 καὶ
1937 4961 2048 5013 τῶν

475 5053 544 5108 τά
576 5054 784 5107 ἑαυτῶν
817 5054 1065 5108 διδόντων
1104 5054 1192 5108 διὰ
1231 5056 1321 5109 τὸν
1351 5055 1504 5121 Θεὸν,
1543 5057 1577 5128 ἡ
1623 5057 1825 5128 μᾶλλον
1868 5051 2056 5112 εἰπεῖν’

476 5152 794 5224 προῖέντων.
817 5152 878 5204 Οί
927 5150 1023 5221 μὲν
1044 5150 1150 5222 γὰρ
1190 5152 1246 5204 ἐν
1275 5150 1454 5222 λιμένι
1477 5153 1740 5223 κάθηνται
1769 5169 1784 5185 ⁶
1817 5155 1868 5206 οἱ
1888 5152 1945 5206 δὲ
1967 5155 2047 5217 είς

473 5247 565 5301 τὸν
587 5245 808 5319 εῦριπον
833 5246 942 5299 τῶν
975 5247 1255 5316 παρόντων
1282 5248 1648 5319 ἐξενεχθέντες
1683 5249 1890 5313 κακῶν,
1921 5251 2051 5304 καθ’

474 5345 714 5416 ἑκάστην
741 5344 1122 5415 περιέρχονται
1147 5344 1246 5416 τὴν
1273 5345 1502 5416 ἡμέραν.
1532 5346 1716 5418 Χωρίς
1743 5347 1797 5400 δὲ
1840 5347 2048 5400 τούτων

474 5441 604 5494 ὅταν
637 5440 850 5512 ἡλικίαν
905 5441 1301 5511 προδαίνουσαν
1349 5442 1378 5493 ό
1423 5441 1705 5514 πλεονεξίᾳ
1749 5443 1926 5506 συζῶν
1953 5444 2048 5497 καὶ

474 5539 770 5592 ἀκολασίαν
799 5538 900 5592 οὐκ
931 5537 1208 5612 ἀρκοῦσαν
1255 5538 1403 5610 αὐτῷ
1434 5541 1567 5610 πρὸς
1593 5541 1890 5596 ἀπόλαυσιν
1926 5543 2046 5616 ἔχη,

540 5719 567 5747 ⁸
591 5716 715 5767 Tres
736 5730 852 5765 mss.
877 5722 930 5765 et
966 5717 1117 5767 Savil.
1143 5717 1431 5779 ἠκονημένα,
1465 5719 1572 5775 τοὺς
1596 5720 1943 5784 ἑπηρτημένους
1963 5722 2046 5778 δη-

476 5777 624 5839 vim.

535 5837 566 5880 δ
587 5840 698 5890 Duo
717 5852 833 5890 mss.
853 5840 1134 5901 ἡττωμένων
1155 5839 1294 5901 ὀργῇ.

1165 427 1222 482 S.
1256 421 1541 484 JOANNIS
1567 415 2056 480 CHRYSOSTOMI
2095 420 2413 480 ARCHIEP.
2452 423 2997 484 CONSTANTINOP.

3615 433 3718 490 106

2151 536 2246 590 καί⁸
2266 537 2359 592 τοῦ
2386 535 2618 594 θανάτου
2645 537 2736 593 τὸν
2769 539 2930 608 φόϐον
2970 537 3330 609 ἐπικείμενον,
3362 541 3615 613 ἐννόησον
3627 541 3718 598 οἵα

2147 633 2348 706 πάσχει
2369 635 2534 691 δεινά.
2575 637 2711 690 Ἀλλ’
2730 637 2828 706 οὐχ
2855 639 2883 690 6
2903 637 2960 689 ἐν
2987 637 3156 708 ἀρετῇ
3175 654 3189 670 ο
3212 638 3346 692 ἀλλά
3370 640 3489 693 τότε
3516 641 3716 711 μᾶλλον

2148 731 2327 803 χαίρει
2358 734 2451 786 καὶ
2495 719 2867 806 εὐφραίνεται,
2920 736 3047 788 ὅταν
3087 737 3192 814 είς.
3221 736 3398 807 γῆρας
3421 735 3610 808 ἐλάσῃ,
3649 741 3714 792 οὐ

2145 831 2694 903 καταμαραινομένης
2721 830 2869 903 αὐτῷ
2895 831 2995 902 τῆς
3023 831 3392 898 ἀπολαύσεως,
3425 833 3561 888 ἀλλά
3589 836 3718 906 μᾶλ-

2138 913 2236 979 ’λον
2258 927 2541 992 ἀνθούσης.
2575 931 2701 994 Τοῖς
2733 929 2833 1000 μὲν
2865 927 2958 983 οὖν
2987 932 3214 1000 μοιχοῖς,
3247 932 3342 984 καὶ
3371 931 3712 996 ἀκολάστοις,

2146 1024 2241 1075 καὶ
2289 1021 2654 1086 πλεονέκταις,
2714 1024 2808 1077 καὶ
2833 1023 3265 1094 γαστριμάργοις
3308 1024 3579 1090 ἔκπτωσις
3617 1028 3714 1096 τῆς

2146 1117 2492 1182 ἀπολαύσεως
2508 1118 2729 1172 ἐκείνων
2745 1119 2804 1172 τὸ
2819 1119 2996 1189 γῆρας
3013 1135 3029 1148 ο
3062 1122 3173 1183 τοῖς
3199 1119 3256 1172 δὲ
3285 1119 3484 1190 ἀρετὴν
3509 1119 3717 1190 μετιοῦ-

2148 1229 2231 1266 σιν
2267 1214 2516 1278 ἐπίτασις
2546 1216 2642 1285 τῆς
2664 1214 3014 1280 ἀπολαύσεως
3041 1216 3160 1270 τότε
3189 1217 3589 1284 γίνεται.Ὢστε
3617 1215 3715 1271 καὶ

2145 1309 2251 1371 πρὸ
2277 1310 2379 1374 τῆς
2394 1311 2638 1380 γεέννης,
2667 1312 2760 1365 καὶ
2773 1309 2880 1382 πρὸ
2906 1311 3014 1364 τῶν
3040 1311 3285 1365 ἐντεῦθεν
3310 1311 3568 1382 ἀνιαρῶν,
3590 1314 3708 1365 ἰκα-

2145 1405 2234 1460 νὸν
2253 1409 2344 1460 καὶ
2371 1405 2529 1461 τοῦτο
2553 1411 2867 1461 κατασεῖσαι
2890 1407 2988 1480 τὴν
3019 1408 3276 1462 διάνοιαν.
3303 1408 3491 1462 Ταῦτα
3509 1403 3601 1460 οὖν
3627 1409 3715 1461 ἐν-

2143 1502 2408 1568 νοοῦντες,
2451 1505 2737 1575 φεύγωμεν
2771 1504 2989 1569 κακίαν,
3021 1502 3268 1575 ἑλώμεθα
3300 1505 3517 1576 ἀρετὴν,
3544 1505 3712 1574 φιλῶ-

2147 1618 2246 1670 μεν
2265 1600 2354 1654 τὸν
2375 1601 2526 1664 Θεὸν,
2562 1603 2635 1673 μὴ
2665 1601 2752 1655 διά
2779 1602 2847 1655 τὰ
2881 1601 3064 1666 αὐτοῦ,
3087 1603 3221 1656 άλλά
3247 1603 3315 1656 δι’
3343 1604 3526 1656 αὐτόν.
3559 1603 3713 1658 Οῦτω

2143 1697 2283 1751 κστά
2314 1697 2403 1750 τὸν
2425 1697 2663 1769 παρόντα
2700 1697 2812 1767 βίον
2851 1699 2944 1751 καὶ
2981 1697 3081 1769 τὴν
3118 1679 3242 1752 κατ’
3271 1699 3473 1771 ἀρετὴν
3504 1698 3714 1752 ὀδεύσο-

2147 1809 2247 1860 μεν
2272 1791 2408 1856 ὁδὸν,
2443 1793 2635 1865 στενὴν
2681 1794 2780 1864 μὲν
2809 1790 2974 1848 οὖσαν
3019 1798 3086 1866 τῇ
3123 1795 3302 1864 φύσει,
3330 1796 3542 1866 εὐρεῖαν
3568 1797 3623 1849 δὲ
3644 1792 3713 1867 τῇ

2145 1888 2460 1960 προαιρέσει
2480 1890 2587 1942 τῶν
2604 1891 2896 1962 ὁδοιπόρων
2911 1891 3203 1962 γινομένην
3223 1907 3240 1922 ο
3263 1887 3332 1963 ἦς
3353 1893 3559 1961 γένοιτο
3578 1899 3714 1946 πάν-

2143 2000 2241 2046 τας
2266 1983 2412 2054 ἡμᾶς
2431 1984 2508 2049 είς
2530 1985 2591 2038 τὸ
2604 1987 2770 2059 ἀκρον
2786 1987 2980 2052 ἐλθεῖν,
3005 1989 3189 2059 χάριτι
3219 1989 3315 2042 καὶ
3334 1988 3525 2057 φιλανθ
3534 1990 3715 2060 ρωπίᾳ

2143 2080 2237 2160 τοῦ
2273 2081 2474 2152 Κυρίου
2509 2083 2665 2153 ἡμῶν
2715 2083 2889 2154 Ἰησοῦ
2915 2085 3172 2156 Χριστοῦ·
3201 2078 3246 2154 ᾧ
3271 2087 3304 2157 ἡ
3329 2085 3452 2153 δόξα
3476 2088 3555 2151 είς
3586 2069 3715 2153 τοὺς

2144 2178 2341 2242 αίῶνας
2370 2179 2476 2233 τῶν
2495 2179 2726 2235 αἰώνων.
2769 2182 2964 2253 Ἀμήν.

2491 2349 2600 2401 ΕΙΣ
2637 2348 2774 2402 TON
2806 2349 2866 2403 H'
2897 2351 3196 2405 ΨΑΛΜΟΝ
3226 2349 3366 2423 [771.

2139 2475 2243 2558 Εἰς
2269 2474 2333 2558 τό
2359 2476 2534 2556 τέζος
2552 2476 2713 2558 ύπὲο
2729 2476 3341 2558 τῶτλῃνῶκζᾎλλος,
3393 2481 3717 2558 Ἐρξινίκιον

2213 2545 2366 2613 ὑπὲρ
2402 2546 2521 2599 τῶν
2557 2547 2782 2611 ληνῶν.
2817 2545 3030 2610 Ἄλλος,
3083 2548 3172 2614 Τῷ
3215 2549 3516 2616 νικοποιῷ,
3561 2551 3715 2618 ὑπὲρ

2216 2615 2323 2640 -.2-
2357 2617 2681 2640 Π--ΛΙ--Ω·-,
2739 2617 2797 2640 οίὶ
2829 2617 2878 2640 τις.
2915 2617 3160 2640 ου2-κ9κ-
3226 2621 3566 2640 Αυγνκημῇᾼε
3641 2621 3712 2640 In.

2216 2617 2705 2740 ἒῆςθῧῗῦθίτιδος.
2739 2617 2798 2670 '0
2825 2617 2881 2672 δὲ
2915 2617 3182 2688 Ἑῦραῖος,
3209 2621 3604 2690 Λαμανιισσὴ,
3633 2617 3716 2676 El

2258 2703 2322 2753 γε
2460 2725 2474 2740 .
3326 2737 3331 2742 .

2144 2811 2340 2877 Κύριε,
2360 2813 2392 2863 c‘
2411 2811 2621 2880 Κύριος
2630 2810 2822 2879 ἡμῶν,
2845 2811 2924 2877 ὡς
2941 2813 3285 2879 θαυμαστὸν
3299 2813 3364 2865 τὸ
3388 2811 3577 2880 ὄνομά
3597 2827 3718 2866 σου

2179 2881 2248 2933 ἐν
2273 2881 2440 2949 πάσῃ
2471 2879 2544 2949 τῇ
2572 2880 2683 2950 τῇ]
2715 2881 2926 2945 Ἀλλος,
2965 2883 3025 2935 Τί
3047 2882 3201 2952 μέγα
3229 2883 3292 2936 τὸ
3316 2879 3502 2952 ὄνομά
3519 2883 3675 2936 σου]

2215 3013 2284 3062 α’.
2324 3009 2412 3061 Ἐν
2439 3008 2516 3079 τῷ
2536 3008 2640 3079 πρὸ
2664 3006 2851 3062 τούτου
2876 3007 3073 3080 ψαλμῷ
3088 3009 3289 3078 ἔλεγεν·
3319 3008 3711 3078 Ἐξομολογή-

2146 3117 2323 3171 σομαι
2343 3101 2422 3168 τῷ
2447 3104 2640 3172 Κυρίῳ
2657 3103 2805 3159 κατὰ
2830 3102 2946 3172 τὴν
2969 3103 3360 3173 δικαιοσύνην
3384 3105 3590 3170 αὐτοῦ,
3612 3101 3712 3158 καί

2145 3198 2322 3266 ’ψαλῶ
2346 3197 2425 3265 τῷ
2454 3201 2697 3270 ὀνόματι
2740 3201 2960 3268 Κυρίου
2994 3199 3104 3256 τοῦ
3148 3200 3413 3270 ὑψίστου
3433 3218 3446 3232 °
3477 3201 3714 3256 ἐνταῦθα

2145 3296 2245 3365 τὴν
2267 3295 2556 3366 ὑπόσχεσιν
2587 3296 2805 3368 πληροῖ,
2835 3296 3004 3368 ῦμνον
3029 3297 3314 3370 ἀναφέρων
3337 3297 3504 3368 αὐτῷ.
3532 3300 3641 3352 Kal
3656 3299 3715 3352 ἐν

2147 3389 2339 3461 ἐκείνῳ
2366 3390 2486 3460 μὲν,
2522 3390 2598 3454 ὡς
2627 3389 2688 3456 ἐξ
2711 3393 2828 3456 ἑνός
2859 3394 2977 3446 ἐστι
3003 3393 3290 3465 προσώπου
3324 3392 3394 3446 τὰ
3429 3393 3712 3463 λεγόμενα·

2147 3489 2323 3557 Κύριε
2377 3488 2487 3558 γὰρ
2542 3491 2577 3542 ό
2615 3491 2757 3556 Θεός
2791 3507 2934 3559 μου,
2977 3490 3163 3561 φησὶν,
3190 3490 3289 3543 ἐπὶ
3328 3489 3428 3544 σοί
3461 3489 3718 3557 ἤλπισα,

2147 3581 2352 3637 σῶσόν
2396 3600 2492 3652 με.
2525 3583 2788 3638 Ἐνταῦθα
2830 3584 2908 3651 δὲ,
2931 3584 3006 3649 ὡς
3031 3587 3096 3638 ἐκ
3124 3585 3352 3640 πολλῶν.
3377 3585 3554 3654 Κύριε
3584 3584 3714 3655 γὰρ,

2147 3680 2330 3749 φησὶν,
2353 3683 2385 3734 ὀ
2397 3681 2609 3748 Κύριος
2633 3679 2822 3750 ἡμῶν,
2838 3682 2918 3747 ὡς
2936 3682 3280 3750 θαυμαστὸν
3294 3680 3362 3734 τὸ
3375 3680 3562 3750 ὄνομὰ
3577 3697 3716 3736 σου.

2160 3775 2316 3828 Ἀλλά
2333 3776 2595 3846 παρέχετε
2617 3777 2794 3850 σιγὴν,
2809 3777 2902 3831 καὶ
2923 3777 3062 3848 μετά
3083 3779 3364 3850 ἀκριὸείας
3375 3779 3618 3832 ἀκούετε.
3653 3779 3720 3834 Εἰ

2147 3871 2256 3941 γὰρ
2276 3871 2332 3922 ἐν
2354 3871 2566 3942 θεάτρῳ
2591 3871 2768 3942 χορῶν
2789 3873 3020 3944 ᾀδόντων
3045 3872 3365 3938 σατανικῶν,
3383 3873 3551 3945 πολλὴ
3573 3874 3720 3942 γίνε-¹

2143 3968 2465 4038 ταιὴσυχία,
2483 3967 2703 4022 ὥστετά
2728 3969 2944 4039 ὀλέθρια
2961 3959 3403 4034 ἐκεῖναδέξασθαι
3431 3970 3566 4040 μέλη
3583 3986 3598 4001 ·
3622 3972 3717 4023 καὶ

2145 4062 2318 4118 ταῦτα
2341 4063 2434 4117 τοῦ
2463 4065 2562 4133 μὲν
2583 4063 2746 4134 χοροῦ
2764 4066 2828 4116 ἐκ
2855 4064 3037 4135 μίμων
3052 4064 3146 4118 καὶ
3166 4065 3448 4136 ὀρχηστῶν
3470 4083 3717 4120 συνιστα-

2151 4161 2312 4233 μένου
2335 4160 2562 4232 ἀνδρῶν,
2587 4159 3038 4231 χοροστατοῦντος
3051 4159 3108 4212 δὲ
3133 4164 3263 4233 παρ’
3283 4163 3464 4223 αὐτοῖς
3485 4163 3715 4234 βεϐήλου

2144 4256 2290 4320 τινὸς
2320 4258 2412 4310 καὶ
2438 4255 2759 4327 κιθαρῳδοῦ,
2781 4255 2872 4309 τοῦ
2888 4255 2944 4310 δὲ
2962 4257 3160 4327 μέλους
3189 4259 3473 4313 σατανικοῦ
3491 4260 3582 4313 καὶ
3597 4260 3714 4313 ὀλε-

2147 4351 2299 4423 θρίου
2335 4353 2710 4423 τυγχάνοντος,
2742 4353 2999 4424 ᾀδομένου
3024 4354 3082 4409 δὲ
3117 4355 3313 4426 μιαροῦ
3344 4354 3437 4409 καὶ
3477 4357 3715 4428 πονηροῦ

2145 4449 2396 4519 δαίμονος
2412 4466 2424 4478 ’
2456 4448 2708 4514 ἐνταῦθα,
2721 4447 2849 4503 ἔνθα
2868 4451 2896 4504 ὀ
2925 4451 3022 4522 μὲν
3041 4451 3199 4522 χορὸς
3214 4451 3272 4517 ἐξ
3291 4453 3461 4521 ἀγίων
3485 4453 3720 4525 ἀνδρῶν,

2148 4546 2178 4599 6
2208 4545 2264 4599 δὲ
2297 4544 2627 4617 χοροστάτης
2679 4547 2826 4599 ἐστὶν
2852 4547 2883 4598 6
2916 4541 3222 4618 Προφήτης,
3248 4549 3309 4601 τὸ
3333 4549 3389 4602 δέ
3422 4550 3577 4620 μέλος
3599 4552 3721 4621 οὐχὶ

2149 4643 2213 4696 ἐκ
2230 4642 2522 4712 σατανικῆς
2541 4641 2840 4714 ἐνεργείας,
2864 4641 2977 4695 ἀλλ’
2997 4643 3062 4695 ἐκ
3082 4647 3458 4714 πνευματικῆς
3472 4648 3713 4720 χάριτος,

2146 4740 2176 4791 6
2228 4737 2285 4790 δὲ
2330 4738 2607 4808 ᾁδόμενος,
2659 4738 2780 4809 οὐχὶ
2833 4738 3060 4810 δαίμων,
3095 4739 3230 4794 ἀλλά
3285 4741 3446 4805 Θεός·
3500 4746 3614 4806 πῶς
3655 4745 3720 4796 οὐ

2150 4833 2350 4904 πολλὴν
2389 4833 2471 4887 δεῖ
2504 4834 2762 4905 παρέχειν
2809 4835 2906 4904 τὴν
2934 4835 3184 4905 ἡσυχίαν,
3231 4837 3324 4889 xal
3355 4838 3490 4906 μετά
3520 4839 3718 4909 φρίκης

2149 4929 2400 4994 ἀκούειν;
2452 4931 2562 4983 Kal
2599 4929 2708 4999 γάρ
2747 4933 3102 5001 συγχορευταὶ
3139 4932 3442 5002 γεγόναμεν
3462 4934 3571 4986 τῶν
3607 4935 3719 4988 ἀνω

2147 5025 2448 5095 δυνάμεων.
2484 5027 2594 5079 Kal
2620 5027 2728 5097 γὰρ
2758 5025 2853 5079 καὶ
2887 5029 2934 5078 οί
2959 5026 3072 5080 ἀνω
3104 5029 3277 5098 χοροὶ,
3302 5030 3394 5082 καί
3420 5030 3488 5084 τά
3511 5032 3686 5101 Χερου
3703 5061 3719 5070 -

2149 5120 2251 5191 6lp.
2282 5121 2373 5174 καί
2401 5121 2468 5174 τά
2502 5103 2754 5191 ΣεραιρίμΔ
2778 5119 2934 5174 τοῦτο
2963 5121 3121 5192 έργον
3149 5134 3184 5196 ὶο
3221 5124 3422 5194 έχουσι,
3452 5126 3512 5178 τὸ
3541 5127 3719 5194 διηνε-

2149 5216 2260 5280 κῶς
2288 5217 2477 5287 ὑμνεῖν
2501 5216 2591 5269 τὸν
2622 5216 2773 5269 Θεόν.
2814 5217 2908 5270 Ἐκ
2939 5216 3146 5272 τούτων
3170 5219 3278 5273 τῶν
3307 5221 3483 5292 χορῶν
3515 5223 3607 5275 καὶ
3630 5223 3724 5274 ἐπὶ

2146 5315 2245 5384 τῆς
2274 5315 2375 5384 γῆς
2396 5313 2674 5382 ἐφάνησαν
2705 5313 2843 5384 μετά
2867 5313 2976 5366 τῶν
3003 5315 3416 5386 ἀγραυλούντων
3447 5318 3718 5386 ποιμένων

2147 5409 2382 5480 ᾄδοντες.
2431 5409 2778 5480 ’Δκούσωμεν
2799 5410 2977 5464 τοίνυν
3007 5413 3101 5465 καὶ
3125 5413 3325 5484 ταύτης
3346 5414 3444 5484 τῆς
3463 5414 3628 5484 ᾠδῆς.
3659 5412 3723 5467 υἱ

2151 5506 2248 5574 μὲν
2274 5501 2365 5557 οὖν
2404 5504 2626 5573 βασιλέα
2657 5504 2955 5576 ὑμνοῦντες
2986 5507 3078 5560 τὸν
3110 5510 3203 5562 ἐπὶ
3235 5511 3357 5581 γῆς,
3393 5511 3519 5582 περὶ
3546 5512 3723 5582 ἀρχῆς

2147 5601 2295 5672 αὐτῷ
2318 5601 2670 5670 διαλέγονται,
2686 5599 2933 5672 περὶτῶν
2950 5608 3244 5675 τροπαίων,
3277 5609 3401 5678 περὶ
3423 5609 3522 5680 τῆς
3541 5608 3718 5679 νίκης,

2213 5776 2404 5847 ξιυηυξ
2413 5778 2499 5847 ,καὶ
2524 5777 2612 5847 γαρ
2745 5777 2868 5847 *ἄνω
2886 5782 3028 5847 ,χοροὶ
3066 5782 3124 5830 τὰ
3143 5783 3384 5847 χερουδὶμ,
3405 5782 3476 5830 ’τὰ
3496 5783 3722 5847 σιραφὶμ,

2151 5840 2229 5888 καί
2246 5839 2494 5902 ὐμνῳδίαι,
2513 5839 2596 5889 καί
2612 5841 2818 5904 χιλιάδες
2834 5839 3075 5905 χιλιάδων·
3098 5839 3177 5891 καί
3200 5839 3344 5892 τοῦτο
3362 5839 3509 5907 inqu.
