4090 6346
250 378 278 430 \

291 449 392 510 105

288 569 546 644 cogitavit,
574 583 635 626 se
655 566 860 625 etiamsi
885 565 1117 630 vicisset,
1141 562 1495 616 miserrimam
1521 558 1759 612 omnium
1785 555 1863 610 vi-

290 683 386 724 tam
415 665 580 720 fuisse
607 670 871 724 acturum,
895 672 1014 712 cum
1037 663 1180 710 esset
1199 651 1510 717 sceleratus,
1533 647 1860 715 immundus,

284 767 333 813 et
357 752 710 811 exsecrandus
729 751 892 807 etiam
915 764 946 803 a
972 745 1216 818 tropaeo?

353 845 436 902 16.
467 844 569 902 ini
592 857 733 898 nilne
752 849 877 897 sunt
903 839 993 910 qui
1020 843 1382 908 paupertatem
1403 829 1726 903 deplorant?
1749 828 1863 898 Qua

290 955 383 994 non
407 943 740 1008 paupertate,
759 949 867 1004 quo
886 948 992 988 non
1017 929 1228 994 morbo,
1251 945 1358 999 quo
1392 941 1498 982 non
1528 925 1714 982 dolore
1741 931 1867 979 sunt

293 1031 394 1086 base
431 1025 904 1099 longe'graviora?
939 1024 1080 1080 Nihil
1108 1022 1217 1078 tale
1239 1021 1374 1077 dixit
1401 1019 1543 1091 apud
1581 1034 1662 1082 se,
1691 1031 1866 1086 neque

292 1123 584 1195 indignatus
606 1129 837 1187 est,‘nec
857 1118 1175 1173 lamentatus
1208 1121 1294 1170 est
1331 1113 1552 1168 dicens:
1583 1108 1863 1180 Egregiam

290 1213 588 1272 verorefero
605 1209 932 1276 mercedem,
947 1209 1036 1280 qui
1063 1208 1116 1262 in
1137 1207 1254 1277 ejus
1269 1205 1385 1275 lege
1402 1203 1491 1259 die
1509 1210 1564 1258 et
1590 1210 1746 1256 nocte
1760 1215 1866 1256 mc-

290 1307 454 1362 ditor:
482 1305 575 1376 qui
601 1318 721 1360 cum
760 1301 814 1356 in
840 1311 986 1356 tanta
1013 1307 1189 1355 essem
1215 1296 1548 1358 auctoritate,
1581 1308 1721 1348 nunc
1745 1306 1864 1348 sum

292 1398 514 1452 omnium
545 1389 970 1464 abjectissimus;
997 1391 1082 1460 qui
1113 1387 1328 1459 peperci
1355 1385 1600 1452 inimicis,
1628 1384 1681 1439 in
1714 1393 1866 1454 petu-

295 1493 437 1547 lantis
483 1491 575 1544 lilii
619 1505 737 1544 sum
768 1501 958 1543 manus
985 1483 1229 1539 traditus.
1256 1482 1399 1538 Nihil
1425 1482 1530 1536 tale
1570 1479 1738 1545 dixit,
1767 1493 1866 1534 nec

293 1585 550 1656 cogitavit,
579 1581 692 1638 sed
711 1579 890 1636 omnia
929 1577 1154 1648 sapienti
1183 1583 1238 1628 et
1264 1573 1385 1629 forti
1414 1573 1593 1627 animo
1620 1570 1861 1628 ferebat:

294 1679 339 1732 iu
368 1678 427 1731 iis
449 1691 568 1744 quae
601 1674 814 1738 ﬁebant,
849 1685 1010 1725 unam
1035 1668 1240 1722 habens
1259 1663 1700 1730 consolationem,
1722 1662 1863 1734 quod

295 1770 390 1825 Deo
419 1769 534 1823 haec
562 1768 766 1822 sciente
795 1764 1002 1819 ﬁerent.
1033 1755 1492 1829 Quemadmodum
1517 1765 1628 1812 tres
1655 1770 1866 1828 quoque

295 1861 428 1930 pueri
451 1859 704 1914 dicebant
730 1872 745 1910 :
780 1857 876 1910 Sin
907 1855 1090 1918 minus,
1129 1863 1305 1907 notum
1339 1853 1402 1908 sit
1429 1850 1552 1918 tibi,
1581 1865 1700 1912 rex,
1731 1847 1866 1918 quod

294 1954 400 2007 deos
417 1963 528 2007 tuos
555 1969 656 2006 non
684 1951 895 2004 colimus
912 1991 928 2016 ,
953 1960 1000 2004 et
1034 1958 1255 2004 statuam
1280 1957 1419 2000 tuam
1446 1959 1684 2008 auream,
1711 1957 1866 2013 quant

293 2047 518 2112 statuisti,
545 2061 647 2098 non
670 2041 1120 2112 adoramus(Dan.
1147 2038 1310 2110 5.18)
1332 2055 1346 2092 :
1373 2037 1418 2092 si
1443 2035 1562 2107 quis
1582 2044 1757 2088 autem
1785 2033 1864 2088 eis

265 2137 499 2191 'dixisset
528 2153 544 2190 :
572 2136 754 2206 Ecqua
782 2135 995 2190 tandem
1027 2147 1120 2202 spe
1145 2139 1371 2185 mortem
1402 2127 1599 2183 obitis?
1618 2123 1746 2194 quid
1771 2139 1864 2178 ex-

294 2238 580 2299 spectantes
600 2271 617 2292 ,
641 2228 768 2299 quid
797 2243 928 2282 vero
965 2234 1242 2296 sperantes
1283 2229 1404 2291 post
1451 2228 1712 2284 mortem,
1746 2224 1864 2286 post

295 2319 599 2394 ignem([a]
637 2319 1048 2377 resurrectionis
1087 2317 1228 2372 enim
1267 2313 1500 2368 nondum
1536 2319 1650 2366 erat
1674 2325 1862 2376 exSpc-

293 2415 442 2470 ctatio
463 2414 525 2486 )?
564 2413 856 2468 audivisset
884 2429 898 2465 :
931 2410 1059 2466 Haec
1088 2419 1170 2465 est
1199 2408 1428 2462 maxima
1469 2402 1859 2464 remuneratio,

294 2508 415 2561 mori
442 2515 656 2576 prepter
677 2504 846 2561 Deum
877 2519 891 2557 :
925 2503 995 2557 ita
1031 2500 1118 2556 hic
1154 2501 1313 2556 etiam
1347 2496 1637 2550 maximum
1675 2492 1860 2548 existi-

295 2597 456 2653 mabat
484 2596 732 2651 solatium
751 2635 768 2662 ,
801 2594 968 2649 Deum
995 2593 1110 2648 haec
1137 2591 1392 2646 scientem
1419 2603 1524 2642 non
1553 2583 1857 2656 prohibere.

295 2689 499 2743 Amator
517 2687 657 2742 enim
678 2686 766 2742 vel
795 2685 990 2740 millies
1018 2700 1114 2754 pro
1134 2683 1303 2737 amica
1333 2687 1653 2744 moreretur,
1675 2690 1864 2747 quam-

294 2784 363 2832 vis
387 2787 501 2848 post
519 2786 747 2833 mortem
771 2776 903 2831 nihil
930 2777 997 2830 ab
1017 2790 1082 2831 ea
1102 2781 1452 2843 exspectaret.
1474 2769 1549 2823 ita
1575 2768 1735 2823 etiam
1763 2781 1863 2820 uos

294 2880 487 2941 oportet
511 2885 617 2924 non
647 2878 866 2940 propter
907 2868 1056 2938 regni
1081 2865 1529 2934 eXSpectationem
1551 2903 1565 2924 ,
1593 2876 1693 2916 nec
1733 2874 1861 2931 pro-

296 2974 400 3033 pter
427 2963 647 3033 aliquam
674 2977 824 3032 spem
863 2959 1158 3015 futurorum
1197 2959 1481 3019 bonorum,
1509 2953 1603 3009 sed
1647 2963 1865 3025 propter

296 3057 452 3122 ipsum
474 3055 634 3109 Deum
659 3053 836 3109 omnia
857 3051 985 3121 pati.
1011 3050 1114 3106 Sed
1141 3059 1261 3104 sunt
1285 3049 1434 3104 multi
1459 3047 1593 3103 adeo
1619 3047 1790 3117 ignavi
1808 3055 1864 3101 et

271 3137 471 3214 'supini,
489 3153 546 3199 ut
567 3160 636 3200 ue
659 3159 784 3200 cum
805 3140 1054 3198 mercede
1075 3141 1290 3211 quidem
1315 3141 1562 3195 virtutem
1591 3146 1860 3208 expetant.

297 3235 354 3288 Et
382 3236 511 3290 Deus
535 3233 774 3305 quidem,
803 3232 894 3304 qui
924 3247 1143 3302 regnum
1171 3230 1446 3300 promittit,
1476 3244 1583 3284 non
1606 3229 1818 3284 auditur
1843 3244 1860 3283 :

296 3325 373 3394 qui
407 3324 698 3391 gehennam
725 3331 902 3377 autem
932 3330 1180 3392 procurat
1199 3320 1443 3376 diabolus
1471 3327 1700 3374 amatur.
1721 3317 1862 3386 Quid

296 3414 384 3469 hac
421 3426 499 3471 est
531 3415 740 3470 insania
773 3412 1033 3484 gravius?
1057 3411 1195 3480 Quid
1231 3421 1409 3466 autem
1435 3410 1544 3465 dixi
1574 3423 1862 3480 procurare

295 3509 605 3578 gehennam?
627 3507 801 3562 Etiam
827 3515 950 3561 aute
969 3505 1267 3577 gehennam
1300 3504 1387 3558 hic
1411 3503 1674 3570 dolorem,
1693 3502 1860 3557 risum

295 3613 345 3657 et
364 3603 716 3674 ignominiam,
743 3610 800 3656 et
823 3601 1100 3656 innumera
1126 3598 1396 3653 adducens
1421 3596 1698 3666 supplicia,
1725 3594 1864 3648 mul-

297 3707 371 3751 tos
395 3697 564 3762 habet,
596 3695 686 3766 qui
727 3694 797 3748 ad
850 3693 1023 3763 ipsum
1065 3698 1372 3747 accurrunt.
1399 3688 1691 3744 Considera
1725 3701 1860 3756 quo-

299 3787 438 3843 modo
455 3787 660 3842 adulter
678 3787 762 3841 vel
791 3795 915 3840 ante
930 3784 1226 3854 gehennam
1253 3791 1338 3837 est
1360 3781 1598 3835 omnium
1625 3778 1864 3834 miserri-

297 3895 420 3947 mus,
438 3880 614 3934 omnia
639 3879 920 3947 suspicans
941 3875 1023 3932 vel
1052 3875 1118 3930 ad
1151 3874 1390 3930 umbram
1420 3873 1860 3938 contremiscens,

296 3970 356 4024 ad
382 3971 570 4026 nullum
603 3969 790 4025 liberis
815 3967 1108 4039 respiciens
1134 3965 1332 4032 oculis,
1359 3963 1455 4019 sed
1478 3976 1668 4019 omnes
1691 3963 1863 4033 perti-

299 4076 540 4127 mescens,
564 4069 622 4116 et
641 4059 733 4130 qui
761 4058 936 4114 sciunt
957 4065 1012 4114 et
1035 4055 1128 4129 qui
1173 4055 1441 4121 nesciunt,
1467 4062 1654 4110 acutos
1673 4053 1864 4108 videns

300 4152 499 4220 gladios,
527 4158 730 4206 mortes
755 4149 1146 4220 impendentes,
1173 4147 1389 4203 lictores
1415 4146 1456 4212 ',
1476 4144 1694 4215 judicia.
1721 4143 1862 4211 Quid

300 4244 392 4298 tale
415 4245 568 4300 habet
593 4242 964 4314 temperantia,
986 4243 1084 4296 etsi
1109 4242 1318 4296 labores
1337 4238 1526 4294 habeat
1554 4237 1861 4292 innumera-

301 4332 452 4390 biles?
470 4335 654 4391 Nonue
669 4349 884 4405 semper
902 4333 954 4387 in
979 4335 1248 4402 voluptate
1267 4341 1346 4386 est
1367 4331 1645 4386 continens
1666 4330 1827 4384 homo
1845 4345 1860 4394 ;

303 4426 349 4479 in
366 4425 534 4482 dolore
553 4436 732 4482 autem
756 4439 969 4495 semper
987 4433 1070 4480 est
1090 4423 1316 4488 adulter,
1338 4432 1498 4492 atque
1521 4422 1572 4475 in
1594 4421 1863 4477 tenebris?

305 4515 369 4572 ita
404 4517 554 4573 etiam
593 4518 777 4574 videre
804 4531 1087 4586 possumus
1116 4515 1169 4570 in
1202 4515 1342 4581 aliis,
1368 4515 1457 4584 qui
1484 4513 1769 4568 vincuntur
1795 4511 1865 4566 ab

304 4607 392 4674 ira,
408 4620 459 4664 et
479 4610 562 4680 qui
586 4610 718 4666 iram
745 4610 996 4674 vincunt;
1020 4607 1074 4662 in
1092 4608 1156 4662 iis
1177 4607 1268 4678 qui
1290 4607 1520 4676 rapiunt,
1541 4606 1663 4660 etin
1691 4605 1754 4660 iis
1773 4605 1862 4674 qui

305 4712 386 4751 sua
407 4709 609 4769 propter
635 4700 801 4754 Deum
827 4699 1048 4764 donant,
1081 4697 1163 4752 vel
1191 4705 1248 4751 ut
1279 4698 1456 4751 verius
1498 4696 1706 4760 dicam,
1739 4712 1862 4764 pro-

308 4788 526 4845 fundunt.
546 4791 608 4845 ili
632 4790 775 4845 enim
805 4788 1068 4864 sedentin
1098 4797 1273 4858 portu,
1297 4787 1373 4842 illi
1402 4803 1534 4842 vero
1556 4788 1607 4841 iu
1630 4803 1867 4858 praisen-

307 4881 420 4934 tium
446 4882 698 4936 malorum
741 4882 981 4950 euripum
1009 4880 1242 4946 detrusi,
1271 4879 1508 4949 quotidie
1535 4879 1864 4936 circumcur-

305 4981 428 5030 sant.
471 4975 666 5030 Praeter
709 4973 824 5028 inec
867 4983 1076 5038 autem,
1118 4971 1332 5042 quando
1367 4970 1458 5041 qui
1503 4977 1586 5026 est
1636 4970 1866 5027 maxime

307 5077 496 5128 avarus,
516 5081 573 5121 se
592 5067 702 5137 jam
725 5063 919 5119 viderit
940 5078 1061 5118 esse
1083 5072 1347 5131 provectas
1366 5062 1558 5125 aetatis,
1579 5077 1751 5131 neque
1774 5076 1868 5116 cu-

309 5157 516 5224 pidiuem
556 5172 708 5212 suam
755 5156 853 5211 sibi
880 5155 990 5226 jam
1018 5153 1264 5209 sufﬁcere
1298 5153 1365 5207 ad
1395 5152 1700 5219 fruendutn,
1726 5167 1868 5206 mor-

309 5255 399 5301 tem
427 5250 611 5304 timens
662 5249 1061 5312 imminentem,
1093 5246 1372 5301 considera
1404 5255 1598 5315 quanta
1647 5245 1863 5316 patitur.

308 5341 366 5393 At
401 5357 498 5396 non
526 5343 613 5412 qui
641 5353 725 5398 est
753 5343 947 5398 virtute
977 5343 1270 5413 praeditus;
1303 5342 1396 5397 sed
1427 5353 1552 5396 tunc
1592 5342 1788 5412 gaudet
1814 5349 1871 5396 et

307 5429 580 5488 oblectatur
602 5449 725 5489 cum
751 5434 816 5489 ad
838 5442 1168 5491 senectutem
1196 5435 1521 5506 pervenerit,
1544 5449 1665 5488 cum
1686 5433 1736 5488 ei
1762 5447 1867 5487 non

307 5583 509 5694 Nlalt-es
531 5591 637 5635 Mss.
665 5592 718 5635 et
739 5584 900 5647 saril.,
924 5593 1087 5638 acutos
1126 5593 1291 5638 videns
1331 5584 1539 5651 gladios,
1565 5582 1754 5636 lictores
1775 5583 1868 5635 mi-

355 5727 426 5802 ,(9)
447 5730 570 5802 Quod
585 5729 674 5778 ‘hic
696 5730 765 5802 ait
787 5730 1146 5802 chrysostomtts
1189 5731 1582 5802 resurrectionis
1611 5743 1750 5802 spem
1774 5743 1870 5802 non

309 5782 441 5857 false
460 5782 681 5852 tenuiore
708 5791 850 5857 legis
872 5782 1057 5843 veteris
1074 5829 1087 5851 ,
1107 5796 1198 5845 hoc
1222 5795 1377 5857 ipsum
1404 5800 1456 5857 et
1473 5793 1587 5842 alibi
1610 5782 1777 5857 dicere
1802 5794 1870 5840 vi-

308 5846 447 5923 ξξὲυς-
599 5867 720 5923 γει-ο
737 5846 829 5923 illa
847 5867 994 5902 unum
1012 5846 1108 5923 sui)
1125 5846 1373 5922 aspectum
1405 5856 1516 5907 alibi
1535 5856 1869 5919 subjiciuntur,

227 5963 230 5966 .
311 5911 378 5960 tibi
391 5914 449 5963 de
469 5915 682 5966 doctrina
701 5917 1038 5977 Chrysostouu.

1381 441 1744 500 EXPOSITIO
1782 439 1848 495 ΙΝ
1887 435 2208 495 PSALMUM
2249 433 2382 492 Vill.

3458 439 3552 498 106

1970 562 2197 625 pereat,
2249 553 2343 609 sed
2391 554 2564 623 potius
2601 556 2865 623 germinet
2910 564 2964 611 et
3013 546 3310 613 emorescat
3357 560 3554 618 fruitio.

1971 645 2236 701 Adulteris
2262 646 2439 716 itaque
2462 688 2477 712 ,
2503 647 2950 705 incontinentibus
2969 690 2984 714 ,
3010 651 3184 706 avaris
3210 663 3262 707 et
3292 652 3556 710 helluoni-

1968 737 2065 793 bus
2081 748 2328 794 senectus
2347 738 2521 804 affert,
2549 748 2602 794 ut
2631 740 2700 795 ab
2721 741 2823 796 illis
2842 743 3076 799 fruendis
3100 745 3345 800 excidam
3363 790 3375 802 .
3402 749 3553 805 bonis

1968 837 2144 885 autem
2173 829 2430 900 majorem
2461 841 2569 886 tum
2600 831 2809 888 fruendi
2835 833 3158 892 facultatem.

2038 921 2304 977 Conclusio
2324 924 2718 992 paraenetica.—
2744 925 2918 994 Quare
2939 937 3064 985 ante
3088 929 3386 998 gehennam
3415 931 3550 1002 ejus-

1969 1028 2073 1083 que
2099 1013 2341 1070 miserias
2367 1056 2380 1079 ,
2413 1014 2515 1072 hoc
2543 1017 2607 1071 ad
2634 1028 2866 1072 mentem
2895 1020 3232 1076 cruciandam
3262 1024 3550 1083 suiieccrit.

1972 1105 2095 1160 Haec
2119 1121 2247 1176 ergo
2267 1107 2580 1177 cogitantes,
2612 1107 2872 1178 fugiamus
2899 1110 3082 1166 vitium
3109 1154 3123 1178 ,
3152 1122 3418 1169 sectemur
3443 1117 3553 1171 vir-

1971 1206 2157 1264 tutem,
2182 1197 2347 1253 Deum
2373 1212 2634 1266 amemus,
2657 1217 2760 1255 non
2791 1213 3008 1272 propter
3035 1219 3095 1259 ea
3127 1221 3246 1276 quze
3269 1216 3391 1261 sunt
3413 1208 3552 1278 ejus,

1967 1286 2064 1343 sed
2110 1298 2336 1359 propter
2365 1289 2560 1360 ipsum.
2592 1291 2668 1346 ita
2695 1293 2836 1348 enim
2867 1293 2920 1349 in
2949 1296 3199 1365 prazseuti
3229 1298 3333 1353 vita
3373 1299 3552 1370 ingre-

1968 1379 2179 1436 diemur
2202 1383 2361 1448 viam,
2390 1398 2509 1454 quae
2529 1384 2673 1441 ducit
2697 1385 2764 1442 ad
2794 1387 3060 1454 virtutem,
3085 1406 3204 1460 qum
3222 1399 3305 1447 est
3329 1404 3550 1462 augusta

1969 1470 2179 1540 quidem
2209 1481 2415 1538 natura,
2443 1477 2540 1532 sed
2569 1477 2828 1534 viatorum
2871 1480 3091 1538 arbitrio
3129 1483 3233 1539 lata
3262 1484 3504 1540 redditur
3535 1505 3548 1540 :

1969 1562 2035 1616 ad
2055 1562 2205 1634 cujus
2233 1565 2423 1638 fastigii
2449 1581 2702 1625 cacumen
2733 1570 3070 1629 nobis'detur
3099 1575 3395 1644 pervenire,
3427 1592 3552 1647 gra-

1972 1655 2042 1710 tia
2071 1665 2124 1712 et
2149 1658 2431 1714 clementia
2458 1659 2667 1717 Domini
2701 1664 2870 1719 nostri
2893 1663 3020 1721 Jesu
3039 1664 3256 1736 Christi,
3278 1668 3360 1722 cui
3385 1668 3551 1739 gloria

1971 1745 2021 1799 in
2048 1747 2240 1802 saecula
2263 1750 2602 1806 sazculorum.
2633 1751 2826 1809 Amen.

2263 1929 2627 1989 EXPOSITIO
2665 1933 2731 1990 ΙΝ
2768 1933 3093 1994 PSALMUM
3131 1937 3265 1995 Vill.

1970 2111 2020 2164 1.
2053 2109 2120 2164 In
2148 2111 2302 2179 finem
2336 2129 2429 2182 pro
2479 2114 2837 2170 torcularibus.
2868 2115 3053 2182 Alius,
3084 2116 3415 2188 Triumphale
3459 2127 3558 2190 pro’

2041 2205 2391 2262 torcularibus.
2423 2207 2592 2274 Alius,
2627 2207 2858 2265 Victoria:
2884 2213 3099 2279 auctori,
3133 2230 3225 2283 pro
3257 2213 3548 2270 Getthitide.

2038 2298 2292 2356 Hebraeus
2319 2311 2519 2368 autem,
2547 2300 2874 2370 Lamanasse,
2903 2305 2956 2357 al
2971 2304 3248 2375 Itagettltith
3274 2304 3370 2376 (a).

1963 2389 2017 2443 2.
2055 2388 2268 2444 Domine
2289 2432 2305 2457 ,
2331 2390 2585 2448 Dominus
2608 2405 2804 2460 noster,
2836 2411 2985 2466 quam
3020 2397 3316 2452 admirabile
3346 2409 3415 2453 est
3454 2415 3550 2453 no-

2037 2497 2146 2536 men
2176 2490 2318 2536 tuum
2341 2484 2394 2538 in
2422 2485 2653 2540 universa
2675 2497 2807 2540 terra
2827 2487 2849 2540 !
2879 2489 3028 2544 Alius
3053 2530 3066 2556 ,
3103 2491 3268 2557 Quam
3307 2508 3552 2563 magnum

2036 2581 2109 2627 est
2136 2589 2314 2628 nomen
2352 2585 2492 2630 tuum
2514 2577 2536 2631 !

2038 2751 2091 2805 1.
2131 2751 2190 2807 in
2213 2752 2390 2821 priore
2419 2753 2630 2808 Psalmo
2649 2753 2858 2808 dixerat
2883 2772 2896 2808 :
2923 2755 3212 2824 Conﬁtel‘or
3230 2754 3451 2812 Domino
3471 2775 3552 2812 se-

1965 2841 2188 2897 cundum
2208 2845 2463 2914 justitiam
2495 2848 2624 2916 ejus,
2657 2855 2705 2898 et
2751 2845 2970 2915 psallam
3010 2849 3198 2902 nomini
3232 2848 3440 2903 Domini
3465 2850 3548 2904 al-

1966 2935 2144 2990 tissimi
2171 2935 2342 3007 (Psal.
2366 2937 2421 2992 7.
2454 2938 2543 3009 18)
2571 2955 2586 2991 :
2617 2939 2703 2993 hic
2732 2939 2916 3009 implet
2947 2939 3088 3011 quod
3129 2943 3466 3011 promiserat,
3498 2945 3547 2999 ei

1967 3027 2222 3099 hymnum
2251 3028 2502 3085 oﬂ'erens.
2534 3030 2600 3085 Et
2629 3031 2679 3084 in
2720 3031 2810 3084 illo
2846 3031 3059 3101 quidem
3085 3041 3210 3088 sunt
3236 3049 3298 3088 ea
3329 3050 3446 3104 qua:
3470 3035 3548 3088 di-

1966 3127 2178 3186 cuntur,
2204 3129 2470 3190 tamquam
2492 3137 2556 3176 ex
2595 3137 2698 3176 uua
2727 3137 2974 3191 persona.
3006 3121 3224 3177 Domine
3243 3125 3388 3180 enim
3412 3123 3556 3180 Deus

1967 3229 2125 3279 meus,
2151 3214 2339 3283 inquit,
2369 3214 2423 3267 in
2452 3223 2500 3268 te
2525 3214 2741 3284 speravi,
2765 3213 2962 3268 salvum
2987 3214 3066 3268 me
3095 3220 3177 3286 {ac
3198 3215 3360 3284 (Ibid.
3390 3233 3439 3272 υ.
3464 3218 3546 3287 2).

1965 3304 2063 3360 llic
2104 3313 2284 3360 autem
2310 3315 2576 3375 tamquam
2610 3321 2676 3360 ex
2706 3320 2928 3374 persona
2953 3306 3262 3360 multorum.
3296 3307 3506 3362 Domine
3531 3351 3548 3374 ,

1966 3398 2166 3469 inquit,
2207 3398 2460 3454 Dominus
2502 3407 2686 3460 noster,
2717 3415 2869 3469 quant
2901 3399 3209 3455 admirabile
3258 3413 3330 3454 est
3370 3418 3558 3457 nouae»

1967 3492 2146 3546 tuum!
2170 3492 2276 3548 Sed
2306 3490 2542 3563 praebete
2568 3490 2881 3556 silentium,
2918 3498 2974 3547 et
3013 3501 3214 3548 attente
3263 3493 3460 3550 audite.
3492 3494 3556 3549 Si

1965 3584 2107 3639 enim
2129 3598 2249 3639 cum
2271 3583 2326 3638 in
2350 3583 2558 3638 theatro
2584 3583 2732 3637 chori
2760 3591 2958 3637 canunt
2975 3583 3219 3650 satanici,
3238 3599 3444 3640 summa
3469 3595 3557 3640 est

1964 3674 2138 3746 quies,
2155 3684 2207 3730 et
2233 3675 2521 3729 maximum
2547 3672 2842 3740 silentium,
2859 3681 2920 3728 ut
2937 3674 3231 3744 perniciosa
3257 3675 3552 3744 percipian-

1966 3774 2054 3821 tur
2079 3765 2164 3821 illa
2193 3766 2400 3821 cantica
2432 3781 2448 3819 :
2479 3763 2637 3835 idque
2683 3779 2803 3820 cum
2834 3779 2903 3821 ex
2928 3764 3104 3820 mimis
3135 3775 3188 3821 et
3211 3766 3552 3822 Saliaturibus

1965 3855 2225 3912 conﬂatus
2248 3855 2318 3911 sit
2335 3855 2551 3922 chorus,
2569 3854 2823 3926 profanus
2843 3864 3019 3911 autem
3045 3856 3254 3926 quidam
3272 3857 3411 3926 apud
3433 3857 3559 3914 illos

1966 3947 2293 4003 cithartedus
2311 3947 2536 4002 chorum
2562 3947 2750 4014 ducat,‘
2771 3946 2898 4002 dum
2925 3961 3138 4001 carmen
3166 3949 3458 4003 satanicum
3489 3967 3552 4005 ac

1966 4037 2323 4110 perniciosum
2363 4036 2684 4104 concinitur,
2724 4053 2833 4108 quo
2880 4037 3113 4092 nefarius
3152 4052 3216 4093 ac
3262 4039 3552 4096 sceleratus

1967 4130 2176 4186 dzemon
2201 4127 2535 4184 celebratur:
2565 4127 2650 4182 hic
2671 4126 2759 4182 ubi
2781 4126 2974 4182 chorus
2995 4127 3209 4198 quidem
3234 4136 3315 4184 est
3334 4145 3400 4184 ex
3425 4131 3552 4186 viris

1967 4221 2162 4277 sanctis
2185 4237 2200 4275 :
2233 4220 2323 4292 qui
2343 4230 2519 4275 autem
2541 4220 2763 4274 chorum
2780 4219 2944 4286 ducit,
2964 4229 3046 4274 est
3070 4220 3356 4290 projihcta:
3385 4224 3554 4278 cauti-

1967 4327 2194 4384 cumque
2221 4327 2285 4367 ac
2305 4311 2530 4367 melodis
2558 4325 2662 4365 non
2685 4318 2768 4365 est
2789 4326 2853 4366 ex
2874 4311 3183 4380 operatione
3207 4322 3427 4379 satanze,
3456 4314 3551 4371 sed

1967 4415 2052 4460 cst
2071 4421 2132 4459 ex
2157 4405 2320 4475 gratia
2347 4403 2610 4473 Spiritus:
2641 4402 2729 4472 qui
2752 4414 2928 4458 autem
2949 4403 3176 4470 canitur,
3201 4421 3305 4460 non
3332 4416 3414 4460 est
3437 4407 3552 4462 da:-

1967 4512 2115 4561 mon,
2149 4495 2240 4550 sed
2272 4496 2446 4549 Deus:
2475 4493 2740 4564 quomodo
2771 4509 2876 4548 non
2902 4503 2985 4550 est
3006 4509 3268 4550 summum
3297 4497 3554 4554 adhiben-

1968 4587 2094 4642 dum
2124 4586 2394 4640 silentium
2419 4626 2433 4648 ,
2464 4594 2520 4640 et
2551 4600 2674 4640 cum
2703 4587 3046 4642 veneratione
3072 4597 3126 4642 et
3154 4604 3358 4642 summa
3398 4607 3551 4646 reve-

1970 4677 2142 4732 rentia
2177 4675 2540 4731 audiendum?
2569 4675 2802 4731 Chorum
2845 4677 2988 4731 enim
3029 4677 3272 4734 ducimus
3302 4696 3404 4735 una
3430 4697 3552 4736 cum

1969 4767 2216 4838 superuis
2269 4766 2641 4837 potestatibus.
2674 4765 3037 4836 Supemorum
3081 4768 3221 4822 enim
3261 4771 3551 4826 chororum

1969 4861 2255 4917 Cherubim
2281 4868 2336 4915 et
2362 4858 2642 4929 Seraphim
2685 4858 2788 4916 hoc
2811 4867 2898 4916 est
2922 4876 3114 4916 munus
3145 4863 3187 4929 ‘,
3221 4863 3386 4918 Deum
3416 4865 3522 4918 assi
3540 4897 3554 4906 -

1969 4954 2075 5009 due
2116 4953 2328 5024 hymnis
2363 4949 2656 5007 celebrare.
2680 4950 2759 5006 Ex
2785 4951 2869 5006 his
2899 4950 3085 5008 choris
3124 4952 3284 5010 etiam
3319 4955 3375 5011 iu
3410 4963 3568 5012 terra

2037 5089 2054 5120 ι
2083 5085 2238 5142 Unus,
2262 5087 2372 5148 sunt
2413 5078 2540 5148 enim
2567 5083 2615 5132 et
2654 5079 2706 5130 in
2739 5075 2858 5129 caelo
2877 5075 3014 5148 chori
3047 5079 3333 5148 quosagunt
3352 5075 3550 5148 ,φενα-

1971 5134 2391 5208 ὁὶηιζεενάρὴὶνη,
2422 5149 2470 5192 et
2507 5141 2798 5205 hymnorum
2826 5145 3016 5200 cantus,
3040 5134 3085 5190 et
3106 5134 3265 5190 millia
3293 5134 3505 5187 millium
3529 5151 3550 5188 :

1971 5215 2018 5261 et
2042 5208 2239 5259 illorum
2259 5208 2346 5256 hoc
2377 5211 2448 5257 est
2471 5217 2662 5263 manus,
2693 5211 2790 5252 etc.

2036 5296 2108 5358 (a)
2135 5293 2377 5358 liebrraica
2399 5263 3061 5358 sunt,1'ljl'l}4'l'47}l_l_'l_¥g73‘7.
3089 5287 3250 5337 Prima
3270 5285 3419 5335 lectio
3443 5287 3549 5358 (Gr.

1976 5349 2052 5413 εἰς’
2073 5349 2206 5410 έὲλος
2233 5357 2350 5416 ὑπὲρ
2382 5358 2478 5403 τῶν
2497 5355 2671 5416 ληνῷν)
2697 5359 2772 5416 est
2796 5351 2915 5400 LXX
2937 5351 3272 5416 interpretum
3291 5349 3553 5416 {secunda

1977 5408 2091 5480 (Gr.
2118 5408 2444 5480 autumabas.
2467 5432 2516 5462 1:.
2538 5408 2608 5480 Σ..)
2629 5408 2709 5480 est
2726 5414 3020 5480 Symmachi.
3044 5408 3098 5458 in
3121 5408 3362 5480 Hexaplis
3381 5411 3552 5458 Graece

1977 5473 2209 5530 aet'ibitur
2230 5477 2471 5534 ἐπινίκιος,
2495 5473 2920 5532 ευῠέιυόὶιτνοοθ,
2960 5475 3120 5533 ὕμνος,
3145 5473 3355 5532 optime,
3379 5484 3554 5534 quam-

1976 5554 2123 5605 quam
2154 5532 2928 5605 €1ttviattoclr(li‘itttnplttlleieiianl
2973 5536 3101 5605 bene
3137 5534 3342 5605 habeat.
3382 5532 3549 5604 Tertia

1981 5595 2130 5652 Vectio
2158 5608 2236 5648 est
2257 5595 2480 5663 Aquilae,
2506 5595 2601 5663 uoti
2630 5595 2901 5663 bic‘allata,
2936 5597 3022 5662 sed
3059 5595 3186 5663 forte
3230 5597 3435 5663 iniussa,
3482 5596 3553 5663 τῷ

1976 5665 2206 5724 νιχοποιῷ
2237 5653 2403 5724 ὑπῖγτ.
2452 5653 2493 5709 Χ.
2523 5659 2767 5724 (tectoria:
2805 5656 2988 5709 aut'lort
3031 5653 3552 5724 p_t'o_lurculari_bus_)';

1979 5731 2154 5786 quarta
2183 5717 2288 5786 tesi.
2313 5717 2683 5786 _Theodoti_onis
2700 5758 2712 5778 ,
2736 5724 2835 5786 frcis
2860 5717 3096 5786 protonat?
3269 5722 3354 5773 τῆς
3395 5717 3554 5786 Fertu-

1982 5776 2106 5843 τ’ἰδος
2130 5782 2368 5839 tvictoria:
2387 5782 2576 5834 auctori
2599 5795 2688 5845 pro
2701 5776 2991 5841 'Get'tltitide)
3019 5793 3031 5826 :
3063 5776 3411 5845 l-lcbraizautes
3433 5779 3555 5845 hanc

1984 5837 2278 5911 postremam
2315 5855 2368 5911 ut
2413 5837 2677 5906 plurimum
2719 5837 3004 5911 prael'erutt",
3033 5849 3303 5904 putatttquc
3341 5837 3560 5890 Gcltlttt/t

1983 5909 2095 5961 esse
2130 5921 2310 5960 nomen
2340 5910 2652 5958 instrumenti
2689 5909 2878 5955 musici.
