4074 6356
414 347 518 406 ηπ

413 465 774 534 apparuerunt
819 470 942 514 cum
996 452 1337 527 vigilantibus
1387 449 1688 521 pastoribus
1745 454 2001 518 canentes

413 554 566 620 (late.
587 550 642 606 2.
672 551 788 620 15).
815 547 1108 606 Audiamus
1151 559 1284 616 ergo
1319 543 1420 600 hoc
1457 554 1670 611 quoque
1714 535 2002 593 canticum.

414 648 518 715 Qui
543 653 816 704 .lértenutn
839 641 1056 715 quidem
1076 653 1256 710 regem
1288 635 1523 699 laudant,
1544 649 1668 690 cum
1695 647 1763 688 eo
1787 631 2010 700 loquuno

417 750 506 794 tur
520 737 590 793 de
615 734 860 807 imperio,
889 732 958 790 de
988 731 1223 802 tropaeis,
1247 729 1318 784 de
1349 727 1570 784 victoria
1592 767 1610 793 ,
1629 733 1687 780 et
1703 730 2009 778 memorant

419 839 605 901 gentes
641 827 710 882 ab
737 840 806 882 eo
846 827 1047 888 victas,
1077 831 1329 877 vocantes
1364 832 1460 874 eos
1500 823 1888 886 expugnatores
1909 851 1928 876 ,
1953 820 2011 866 et

421 921 768 978 barbarorum
796 918 1048 980 victores.
1077 925 1133 970 et
1169 914 1254 968 itis
1292 912 1506 967 similia.
1541 907 1850 978 Hujusmodi
1876 921 2007 960 can-

421 999 586 1070 ticum
612 1013 758 1070 canit
783 1013 946 1068 etiam
975 1009 1062 1065 hic
1095 1008 1303 1064 beatus.
1333 1004 1529 1061 Narrat
1561 1002 1708 1060 enim
1734 999 2008 1056 victoriam

417 1116 472 1160 et
499 1114 758 1174 tropmum
779 1143 796 1167 ,
823 1087 877 1156 et
904 1100 1042 1156 bella
1071 1097 1334 1161 conlecta,
1366 1110 1472 1150 non
1499 1092 1716 1166 quidem
1744 1091 1888 1160 talia,
1913 1088 2010 1145 sed

421 1199 505 1253 his
549 1197 718 1270 multo
755 1175 1074 1250 difﬁciliora.
1099 1191 1232 1246 Vide
1257 1199 1433 1244 autem
1477 1185 1746 1258 quomodo
1782 1183 1966 1255 incipit
1995 1199 2011 1238 :

424 1289 672 1358 Domine,
705 1269 956 1341 Dominus
993 1292 1182 1338 noster.
1215 1281 1451 1358 Aliorum
1475 1279 1617 1334 enim
1639 1277 1728 1344 qui
1755 1290 1860 1330 non
1889 1289 2008 1329 cre-

422 1382 555 1445 dunt
587 1383 642 1437 in
666 1381 878 1451 ipsum,
903 1390 1016 1435 uno
1037 1375 1198 1431 modo
1225 1383 1314 1430 est
1333 1373 1590 1428 Dominus
1631 1388 1644 1423 :
1675 1379 1856 1425 noster
1883 1381 2013 1423 vero

421 1472 621 1546 duplici
642 1472 870 1535 ratione,
898 1478 955 1525 et
981 1466 1122 1538 quod
1149 1481 1247 1521 nos
1269 1481 1335 1521 ex
1365 1463 1431 1519 iis
1449 1479 1570 1535 qua:
1599 1477 1710 1517 non
1731 1467 1908 1527 erant,
1931 1460 2012 1512 le-

421 1567 590 1632 cerit,
617 1573 672 1620 et
708 1560 851 1633 quod
888 1566 1207 1631 agnoscatur
1229 1555 1464 1611 anubis.
1493 1554 1573 1608 Ac
1595 1552 1717 1608 vide
1743 1549 2014 1623 quomodo

425 1658 603 1714 statim
631 1671 660 1708 τι
693 1652 956 1725 principio
995 1648 1446 1726 ponitsummam
1475 1643 1742 1700 beneficii.
1769 1642 1826 1698 Si
1867 1641 2012 1707 enim

424 1747 676 1803 didiceris
706 1741 976 1816 quomodo
1001 1740 1258 1795 Dominus
1277 1748 1398 1793 tuus
1416 1736 1589 1792 factus
1613 1736 1702 1798 sit,
1736 1732 1878 1805 quod
1921 1732 2015 1787 ab-

423 1841 685 1895 alienatos
708 1847 763 1912 et
788 1836 1039 1908 inimicos
1054 1839 1293 1890 etmorte
1307 1829 1545 1894 allectos,
1572 1827 1861 1898 familiares
1885 1823 2017 1881 ell‘e-

423 1934 560 1988 cerit
587 1940 642 1987 et
667 1927 1053 1996 vivilicaverit,
1091 1923 1313 1990 pulchre
1358 1922 1563 1978 videbis
1601 1921 1709 1980 hoc
1750 1934 2014 1976 summam

426 2041 548 2083 esse
567 2021 838 2080 beneficii.
897 2046 900 2048 τ
945 2085 947 2087 ,

494 2117 686 2172 Contra
710 2117 999 2171 Anomneas.
1017 2111 1220 2168 Nomen
1235 2109 1332 2164 Dei
1349 2107 1650 2175 admirabile
1663 2123 1777 2162 cum
1792 2105 2014 2161 Christo.

427 2191 498 2250 4-
518 2209 633 2263 lloc
659 2222 788 2278 ergo
826 2205 1099 2260 admirans
1130 2202 1419 2273 propheta,
1451 2198 1621 2256 dicit:
1653 2200 1820 2266 Quam
1847 2198 2018 2252 admi-

428 2299 588 2367 rabile
629 2309 705 2353 est
753 2313 938 2351 nomen
978 2294 1164 2350 tuum!
1191 2293 1297 2349 hoc
1320 2301 1432 2358 est,
1481 2289 2015 2349 valde-admirabile.

429 2394 602 2462 Quam
640 2375 956 2446 admirabile
979 2395 1158 2444 autem
1201 2386 1307 2454 sit,
1333 2399 1439 2440 non
1467 2383 1602 2440 dixit
1627 2401 1642 2438 :
1673 2399 1846 2453 neque
1872 2384 2016 2440 enim

432 2483 612 2541 metiri
638 2483 832 2560 potuit,
855 2480 952 2536 sed
999 2487 1205 2534 tantum
1232 2477 1696 2549 ampliﬁcationem
1735 2485 1792 2534 et
1827 2477 2021 2548 hyper-

431 2577 593 2632 bolen
651 2574 844 2628 attulit.
889 2571 992 2629 Ubi
1032 2582 1158 2627 sunt
1206 2569 1298 2642 qui
1342 2569 1437 2625 Dei
1477 2569 1766 2625 essentiam
1810 2568 2021 2624 curiose

436 2665 834 2738 pervestigant?
853 2662 909 2719 Si
937 2663 1081 2718 enim
1106 2677 1233 2718 cum
1251 2676 1448 2719 nomen
1471 2660 1588 2731 ejus
1612 2661 1862 2729 dixisset,
1885 2661 2022 2716 adeo

432 2757 727 2813 admiratus
751 2763 836 2811 est
877 2763 934 2809 ut
962 2754 1367 2824 obstupesceret
1397 2769 1410 2805 :
1441 2752 1710 2822 quomodo
1748 2753 1904 2808 venia
1943 2753 2030 2806 eis.

434 2848 647 2904 dabitur
679 2846 770 2918 qui
809 2861 870 2902 se
904 2845 1091 2902 dicunt
1138 2859 1299 2900 nosse
1329 2843 1425 2899 Dei
1453 2843 1773 2909 essentiam,
1802 2857 1925 2898 cum
1955 2858 2024 2898 ne

435 2937 697 3010 propheta
725 2936 939 3008 quidem
969 2951 1131 3007 quam
1161 2936 1233 2989 sit
1273 2934 1594 2990 admirabile
1631 2934 1750 3004 ejus
1799 2949 2020 3000 nomen,

435 3045 762 3103 cognoscere
823 3029 1099 3100 potuerit?
1155 3029 1320 3094 Quam
1367 3027 1669 3082 admirabile
1710 3037 1784 3082 est
1838 3045 2033 3082 nomen.

435 3123 619 3178 tuum!
645 3122 701 3177 In
729 3122 946 3177 nomine
971 3120 1115 3176 enim
1155 3128 1247 3175 tuo
1290 3134 1437 3175 mors
1465 3120 1604 3178 victa
1631 3128 1686 3174 et
1711 3118 1876 3174 fracta
1900 3127 1984 3176 est
2005 3159 2022 3185 ,

439 3214 605 3270 vincti
633 3221 758 3268 sunt
784 3213 1085 3275 daemones,
1103 3210 1290 3267 ctelum
1313 3220 1556 3281 apertum
1579 3220 1682 3270 est.
1710 3210 1852 3266 fores
1875 3225 2028 3281 para-

438 3309 541 3364 disi
594 3314 916 3377 patuerunt,
966 3305 1200 3374 Spiritus
1250 3305 1517 3360 demissus
1563 3314 1646 3360 est
1672 3323 1686 3360 :
1715 3305 1856 3362 servi
1900 3304 2028 3360 lacti

438 3406 564 3453 sunt
592 3397 776 3455 liberi:
811 3395 1010 3462 inimici
1032 3429 1050 3466 ε
1079 3394 1206 3457 ﬁlii;
1235 3394 1390 3449 alieni
1408 3436 1423 3459 ,
1453 3394 1718 3460 heredes;
1757 3394 2034 3460 homines,

439 3487 635 3559 angeli.
666 3485 803 3552 Quid
835 3484 990 3550 dico,
1021 3484 1240 3555 angeli?
1266 3485 1404 3540 Deus
1431 3485 1594 3540 homo
1631 3485 1803 3540 lactus
1825 3495 1944 3554 est,
1973 3495 2026 3541 et

440 3579 604 3633 homo
634 3577 814 3643 Deus;
845 3577 1035 3632 cadum
1079 3575 1294 3647 accepit
1335 3585 1578 3631 naturam
1618 3591 1651 3632 e
1689 3586 1832 3631 terra
1883 3591 2028 3632 sum-

442 3680 586 3740 ptam
611 3687 627 3737 ;
659 3679 800 3725 terra
823 3685 947 3726 eum
977 3669 1217 3740 suscepit
1236 3669 1328 3740 qui
1354 3669 1508 3726 sedet
1546 3684 1710 3740 super
1735 3669 2029 3726 Cherubim

441 3779 563 3819 cum
588 3763 827 3818 exercitu
853 3762 1116 3834 angelico.
1143 3761 1276 3830 Quae
1301 3761 1673 3818 intercedebat
1691 3764 1921 3819 maceria
1947 3764 2044 3819 di-.

358 3890 363 3897 ι
442 3865 562 3911 ruta
591 3864 704 3920 est,
733 3854 907 3910 soluta
951 3863 1039 3911 est
1082 3869 1272 3925 sepes;
1304 3870 1425 3926 qua:
1465 3854 1638 3910 divisa
1670 3864 1728 3912 et
1765 3856 2043 3927 disjuncta.

443 3955 629 4010 erant,
660 3946 808 4000 unita
856 3953 1022 4012 sunt;
1054 3946 1292 4001 tenebra:
1335 3955 1462 4001 sunt
1493 3946 1790 4014 exstinctae,
1821 3947 1913 4004 lux
1941 3964 2042 4004 re-‘

444 4037 736 4113 splenduit,
763 4051 910 4092 mors
932 4038 1184 4108 absorpta
1207 4045 1310 4093 est.
1341 4037 1468 4094 Hac
1490 4038 1952 4109 omnia'eogitans,
1978 4048 2033 4096 et

448 4129 604 4200 longe
645 4128 731 4183 bis
770 4129 922 4199 plura
945 4170 962 4196 ,
992 4128 1256 4199 propheta
1299 4129 1564 4184 clamabat
1609 4129 1833 4186 dicens:
1866 4131 2032 4199 Quam

446 4222 744 4276 admirabile
763 4231 834 4278 est
861 4238 1046 4277 nomen
1063 4231 1204 4276 tuum
1227 4223 1283 4276 in
1307 4223 1540 4278 universa
1567 4233 1701 4277 terra
1725 4224 1746 4278 !
1767 4223 1866 4280 Ubi
1891 4242 2033 4282 nunc

447 4322 575 4368 stitit
599 4312 898 4384 ludmi,qui
913 4321 1040 4368 sunt
1065 4313 1405 4384 impudentes
1425 4313 1682 4370 adversus
1710 4315 2034 4372 veritatem?

451 4403 723 4458 Lubenter
750 4402 894 4459 enim
933 4418 1031 4458 eos
1071 4402 1460 4474 interrogarem
1505 4403 1576 4460 de
1628 4419 1864 4475 quonam
1917 4406 2032 4463 hinc

451 4495 724 4549 dicuntur.
764 4493 840 4550 De
869 4493 1272 4564 Omnipotente,
1300 4495 1564 4566 inquient.
1609 4495 1717 4552 Sed
1765 4512 1870 4552 non
1918 4507 2036 4554 erat

450 4602 650 4644 nomen
696 4586 817 4657 ejus
857 4587 1174 4646 admirabile
1214 4589 1271 4646 in
1320 4589 1567 4646 universa
1596 4600 1758 4646 tem.
1787 4590 2036 4648 Testatur

448 4680 612 4737 Isaias
650 4678 870 4736 dicens:
904 4678 1128 4751 Propter
1152 4696 1244 4744 sos
1265 4681 1642 4752 blasphematur
1670 4699 1850 4738 nomen
1871 4700 2036 4740 meum

451 4776 584 4829 inter
609 4781 778 4844 gentes
805 4771 957 4845 (lsai.
987 4773 1077 4829 52.
1106 4773 1187 4842 5).
1212 4772 1269 4829 Si
1295 4783 1473 4829 autem
1502 4774 1595 4845 qui
1623 4789 1744 4830 eum
1787 4775 2038 4831 colebant

448 4866 510 4922 in
527 4881 686 4934 causa
711 4875 865 4931 erant
889 4874 954 4920 ut
971 4865 1084 4936 ipse
1111 4863 1595 4935 hlasphemaretur,
1613 4866 1704 4921 ubi
1724 4874 1841 4922 erat
1862 4866 2036 4922 admi-

449 4958 818 5026 rabile2Quod
845 4959 989 5014 enim
1020 4969 1206 5014 natura
1232 4959 1302 5014 sit
1327 4960 1664 5025 admirabile,
1689 4962 1892 5018 clarum
1917 4973 2032 5020 est:

452 5049 594 5120 apud
618 5048 866 5106 homines
891 5057 1071 5106 autem
1092 5065 1200 5106 non
1226 5062 1342 5107 erat
1370 5059 1497 5107 tunc
1523 5052 1762 5122 pluribus
1796 5053 2034 5110 admira-

449 5143 596 5207 hile,
625 5141 721 5198 sed
763 5149 820 5197 et
843 5141 952 5197 vile
989 5152 1045 5198 et
1077 5141 1407 5213 despectum.
1447 5143 1556 5200 Sed
1588 5159 1696 5200 non
1734 5146 1813 5202 sic
1852 5161 2034 5203 nunc:

447 5235 571 5304 quia
594 5232 808 5303 quando
835 5233 1062 5288 accessit
1085 5232 1388 5305 unigenitus
1412 5234 1598 5300 Filius,
1620 5235 1816 5308 ubique
1841 5253 2035 5294 nomen

451 5330 572 5398 ejus
597 5337 684 5384 est
708 5327 1024 5384 admirabile
1048 5343 1170 5384 cum
1195 5327 1432 5383 Christo.
1453 5327 1529 5382 Ab
1548 5339 1666 5383 ortu
1683 5330 1825 5394 solis,
1845 5331 2034 5404 inquit,

449 5439 608 5488 usque
627 5423 697 5476 ad
716 5437 952 5477 occasum
980 5421 1318 5494 gloriﬁcatum
1335 5430 1408 5474 est
1429 5437 1612 5476 nomen
1630 5439 1798 5478 meum
1829 5423 1886 5478 in
1908 5440 2036 5496 gen-

454 5516 585 5569 tibus
614 5514 771 5584 (Mal.
802 5516 855 5571 1.
881 5513 994 5586 11).
1030 5514 1098 5569 Et
1119 5529 1306 5569 rursus
1334 5531 1348 5566 :
1377 5511 1446 5568 In
1490 5515 1632 5569 omni
1671 5515 1784 5570 loco
1826 5515 2038 5585 offertur

449 5608 708 5662 incensum
735 5608 926 5664 nomini
947 5624 1080 5674 meo,
1107 5618 1152 5663 et
1180 5608 1496 5676 sacriﬁcium
1514 5610 1779 5666 mundum.
1816 5611 1918 5666 Vos
1946 5629 2050 5678 au-,

454 5709 553 5750 tem
601 5699 784 5768 ipsum.
805 5699 1090 5771 profanatis
1115 5697 1275 5769 (Ibid.
1301 5715 1348 5753 ν.
1383 5699 1494 5768 12).
1523 5700 1594 5756 Et
1611 5702 1784 5758 alius:
1816 5703 2039 5775 lmpleta

452 5797 524 5842 est
556 5791 786 5846 uniuersa
830 5799 965 5846 terra
996 5791 1280 5862 cognitione
1318 5789 1528 5846 Domini
1555 5790 1708 5865 (lsai.
1743 5793 1827 5853 ll.
1858 5794 1935 5870 9).
1970 5798 2038 5857 Et

1143 339 1202 398 S.
1241 335 1518 396 JOANNIS
1553 329 2028 402 οηιινεθετοω
2067 327 2382 389 ARCHIEP.
2420 328 2964 388 CONSTANTINOP.

2116 459 2346 502 rursus:
2387 443 2600 500 Venient
2617 444 2837 500 dicentes
2855 488 2871 514 ,
2886 441 3073 500 Patres
3095 445 3254 500 nostri
3272 445 3406 518 falsa
3426 445 3564 501 idola
3584 463 3699 514 pos-

2108 537 2346 606 sederunt
2370 540 2386 570 ¹
2421 537 2555 610 (Jer.
2580 537 2666 594 16.
2693 535 2806 610 19).

2179 629 2234 684 2.
2261 629 2423 686 Vides
2460 631 2576 687 hate
2602 634 2780 687 omnia
2826 631 2974 687 dicta
3007 645 3128 686 esse
3169 630 3240 688 de
3281 630 3459 688 Filio?
3478 631 3698 690 Factum

2110 732 2196 780 est
2242 723 2386 780 enim
2428 723 2546 792 ejus
2574 739 2769 780 nomen
2795 723 3112 780 admirabile
3151 724 3204 778 in
3247 724 3501 780 universa
3533 733 3697 781 tura.

2115 815 2370 880 Quoniam
2419 817 2613 871 eleuata
2653 825 2728 872 est
2785 816 3166 886 magniﬁcentia
3201 825 3291 869 tua
3333 831 3486 886 super
3522 817 3697 870 oculos.

2111 909 2284 977 Alius,
2322 909 2424 976 Qui
2469 909 2681 981 posuisti
2717 909 2926 970 laudent
2973 919 3113 966 tuam
3162 925 3317 979 super
3364 909 3537 966 calas.
3565 908 3700 978 Quia

2111 1005 2255 1059 enim
2305 1011 2463 1060 terrae
2506 1003 2772 1071 meminit,
2802 1002 3056 1060 transfert
3104 1003 3266 1064 etiam
3307 1005 3606 1062 orationem
3645 1006 3702 1062 ll

2113 1095 2346 1160 ctelum;
2377 1093 2522 1166 quod
2571 1110 2790 1165 semper
2832 1096 3118 1154 consuevit
3149 1094 3328 1152 facere
3343 1129 3366 1162 ,ς
3395 1095 3703 1156 .ostendeus

2115 1190 2424 1250 universum
2446 1189 2632 1248 orbem
2658 1198 2922 1246 terrarum
2951 1189 3171 1245 laudare
3200 1188 3488 1246 Dominum
3520 1203 3702 1248 suum.

2117 1281 2227 1337 Iloc
2270 1281 2430 1342 etiam
2469 1280 2558 1336 hic
2606 1279 2897 1338 ostendens
2945 1280 3074 1342 dicit
3103 1298 3120 1334 ι
3149 1278 3477 1335 Admirabile
3526 1277 3704 1345 intra,

2115 1373 2435 1429 admirabile
2494 1388 2678 1444 supra.
2731 1371 2847 1432 Non
2889 1373 3062 1427 solum
3107 1373 3254 1428 enim
3303 1371 3578 1437 homines,
3607 1371 3703 1428 Sed

2115 1467 2276 1528 etiam
2320 1464 2498 1538 angeli
2532 1464 2750 1527 laudant
2777 1480 2840 1521 ea
2869 1480 2990 1534 quae
3017 1464 3152 1520 facta
3179 1472 3341 1530 sunt,
3368 1472 3425 1520 et.
3463 1477 3563 1534 pro
3587 1465 3706 1534 ejus

2119 1558 2171 1612 in
2198 1557 2446 1620 homines
2465 1557 2740 1614 beneﬁciis
2759 1564 2927 1629 agunt
2947 1555 3146 1627 gratias
3169 1573 3186 1624 ;
3215 1556 3359 1626 quod
3383 1556 3544 1612 etiam
3572 1556 3706 1612 lece-

2118 1659 2242 1705 runt
2262 1649 2314 1704 in
2336 1649 2626 1720 principio,
2655 1665 2780 1704 cum
2811 1649 2863 1703 in
2893 1649 3051 1704 terris
3073 1647 3273 1704 choros
3299 1647 3588 1703 duxerunt.
3610 1646 3704 1704 Vel

2119 1742 2222 1799 hoc
2245 1757 2375 1814 ergo
2410 1742 2562 1808 dicit,
2590 1742 2753 1797 etiam
2799 1741 3024 1812 angelos
3069 1755 3264 1796 canere
3283 1781 3298 1806 ,
3323 1740 3408 1795 vel
3449 1740 3566 1794 vult
3589 1741 3706 1810 ejus

2116 1833 2401 1889 ostendere
2454 1832 2894 1904 magnitudinem.
2951 1830 3176 1906 Quando
3235 1832 3378 1886 enim
3432 1831 3707 1901 Scriptura

2116 1926 2231 1982 vult
2254 1923 2460 1995 aliquid
2497 1940 2745 1996 magnum
2773 1923 2956 1979 dicere
2977 1965 2990 1989 ,
3023 1922 3330 1979 distantiam
3368 1923 3560 1977 borum
3591 1923 3710 1987 eleg

2007 2061 2011 2064 .
2117 2025 2422 2074 mentorum
2464 2015 2683 2072 adducit
2710 2015 2766 2071 in
2795 2015 3027 2070 medium
3049 2053 3064 2078 ,
3094 2024 3151 2069 ut
3177 2013 3390 2085 quando
3417 2014 3546 2069 dicit
3569 2032 3583 2068 :
3605 2013 3706 2068 Se-

2118 2113 2342 2166 cundum
2369 2110 2692 2166 altitudinem
2714 2109 2826 2164 caeli
2855 2126 2888 2164 a
2907 2119 3063 2164 terra.
3086 2109 3154 2164 Et
3180 2124 3406 2177 rursus:
3447 2108 3711 2176 Quantum

2119 2205 2272 2258 distat
2313 2213 2456 2258 ortus
2492 2204 2558 2258 ab
2587 2219 2805 2268 occasu,
2833 2203 2984 2273 longe
3003 2202 3119 2271 fecit
3155 2219 3188 2255 a
3232 2203 3376 2257 nobis
3416 2202 3708 2273 iniquitates

2120 2307 2321 2352 nostras
2343 2296 2515 2368 (Psal.
2535 2295 2660 2352 102.
2695 2296 2782 2352 11.
2817 2295 2929 2364 12).
2961 2295 3059 2351 Hic
3083 2309 3212 2365 ergo
3234 2293 3529 2354 admiratur
3546 2309 3714 2364 quam.

2121 2403 2312 2459 magna
2356 2389 2465 2445 sint
2490 2396 2548 2444 et
2571 2402 2733 2457 quam
2759 2386 2978 2458 grandia
3006 2403 3128 2458 qum
3157 2387 3290 2442 facta
3329 2395 3454 2441 sunt
3479 2388 3656 2440 omnia
3688 2403 3704 2438 :

2123 2495 2246 2535 nam
2289 2479 2528 2535 omnium
2566 2479 2802 2535 inﬁmam
2845 2480 3197 2536 substantiam
3247 2478 3424 2536 eﬂ’ecit
3457 2479 3710 2534 omnibus

2121 2574 2477 2641 superiorem.
2505 2574 2559 2630 5.
2588 2572 2673 2628 Ea:
2699 2588 2787 2627 ore
2803 2573 3078 2646 infantium
3118 2581 3167 2626 et
3207 2571 3498 2627 iacientium
3538 2575 3709 2644 perfe-

2122 2665 2234 2720 cisti
2264 2665 2488 2720 laudem.
2510 2664 2664 2720 Alius
2685 2705 2701 2728 ,
2731 2664 2815 2718 Ea:
2838 2679 2926 2718 ore
2949 2664 3222 2734 infantium
3244 2663 3469 2734 fundasti
3497 2663 3708 2735 fortitu-

2124 2759 2314 2814 dinem.
2338 2759 2486 2816 Alius
2511 2757 2612 2829 (a),
2632 2757 2947 2814 Constituisti
2973 2755 3145 2812 robur.
3172 2755 3323 2824 Quod
3344 2765 3522 2812 autem
3549 2753 3701 2819 dicit,

2123 2859 2209 2905 est
2253 2848 2517 2919 ejusmodi
2564 2864 2580 2904 :
2633 2848 2930 2904 Potentiam
2985 2859 3130 2902 tuam
3191 2863 3260 2902 ex
3309 2846 3414 2902 hoc
3479 2846 3718 2902 maxime

2125 2939 2442 3005 ostendisti,
2469 2939 2616 3011 quod
2643 2942 2788 2996 vires
2814 2940 3057 2995 imbelles
3098 2939 3330 2994 moveris
3348 2980 3364 3007 ,
3387 2945 3445 2993 et
3477 2939 3708 3008 linguam

2126 3032 2511 3100 balbutientem
2536 3032 2603 3096 ad
2629 3031 2852 3102 gloriam
2881 3029 3230 3096 reddendam,
3246 3031 3444 3086 claram
3472 3040 3526 3084 et
3549 3045 3714 3097 cxpe-

2125 3125 2292 3181 dilam
2328 3125 2522 3186 feceris
2545 3126 2566 3156 '
2585 3123 2798 3197 (Matth.
2821 3123 2912 3179 21.
2945 3124 3060 3196 15).
3087 3123 3216 3192 Quae
3235 3124 3383 3182 enim
3413 3121 3550 3178 facta
3579 3131 3656 3179 est
3676 3137 3714 3176 a

2129 3219 2315 3289 pueris,
2331 3219 2384 3274 in
2416 3218 2615 3289 templo
2639 3218 2964 3290 hymnorum
2988 3217 3421 3274 derantationem
3447 3216 3534 3272 hic
3572 3231 3710 3284 przev

2131 3310 2280 3367 dicit.
2312 3311 2380 3366 Et
2402 3325 2564 3382 quam
2599 3309 2669 3366 ob
2695 3324 2936 3375 causam,
2975 3309 3096 3365 aliis
3125 3307 3498 3379 praetermissis
3545 3307 3709 3363 mira.

2128 3403 2283 3469 culis,
2315 3410 2647 3458 mortuorum
2675 3401 3102 3465 resurrectione,
3129 3401 3465 3471 leprosorum
3491 3397 3714 3454 mundae

2131 3499 2296 3560 tione,
2324 3495 2628 3550 daemonum
2655 3495 2994 3565 expulsione,
3025 3509 3168 3550 nunc
3215 3508 3504 3564 puerorum
3550 3492 3732 3546 mira-.

2129 3591 2238 3644 culi
2267 3589 2552 3645 meminit?
2580 3589 2843 3656 Quoniam
2875 3589 2960 3644 illa
2989 3587 3204 3659 quidem
3234 3589 3393 3644 etiam
3421 3596 3548 3643 ante
3579 3586 3713 3641 facta

2131 3691 2279 3746 sunt,
2307 3690 2363 3736 et
2383 3683 2428 3737 si
2455 3695 2560 3736 non
2586 3681 2686 3746 sic,
2711 3689 2887 3736 tamen
2913 3679 3048 3736 facta
3079 3689 3238 3746 sunt,
3269 3688 3326 3735 et
3350 3678 3550 3750 aliquid
3579 3679 3719 3733 inter

2132 3790 2192 3841 se
2216 3787 2499 3831 commune
2530 3774 2852 3837 habuerunt,
2878 3772 3006 3828 licet
3029 3787 3136 3827 non
3163 3771 3402 3827 modum.
3419 3770 3732 3826 Suscitatus

2130 3880 2219 3926 est
2241 3870 2388 3937 enim
2422 3878 2667 3924 mortuus
2696 3867 2798 3924 sub
2825 3867 3020 3923 Elisteo
3051 3867 3129 3936 (6.
3162 3865 3290 3936 Reg.
3321 3867 3377 3922 4.
3407 3865 3520 3935 55).
3553 3874 3607 3920 ct
3642 3864 3734 3919 le—.

2137 3977 2330 4032 prosus
2343 3961 2630 4020 mundatus
2644 3959 2808 4030 (Ibid.
2841 3961 2897 4016 5.
2923 3977 2974 4013 ο.
2997 3959 3113 4030 il),
3132 3969 3186 4013 et
3205 3959 3414 4014 damon
3438 3971 3532 4027 per
3554 3957 3734 4012 David;

2133 4053 2390 4124 expulsus
2433 4061 2539 4118 est,
2568 4050 2784 4122 quando
2833 4049 2964 4106 Saitl
3011 4049 3357 4104 invadebatur
3409 4064 3440 4102 a
3475 4047 3722 4104 daemone

2137 4147 2214 4215 (l.
2241 4144 2369 4217 Reg.
2396 4143 2486 4200 16.
2513 4144 2608 4213 25)
2643 4161 2658 4198 :
2685 4144 2884 4199 chorus
2904 4150 3084 4198 autem
3112 4141 3388 4197 infantium
3413 4142 3724 4197 Iuctentiunt

2136 4253 2280 4293 nunc
2323 4236 2553 4307 primum
2591 4235 2840 4307 loquutus
2886 4243 2990 4292 est.
3035 4233 3114 4290 Ne
3134 4248 3264 4306 ergo
3295 4231 3638 4304 impudenter
3662 4245 3724 4288 se

2135 4339 2351 4402 gereret
2373 4329 2610 4396 Judaeus,
2634 4329 2854 4396 dicens,
2887 4327 3002 4385 haec
3040 4328 3181 4383 dicta
3220 4342 3342 4383 esse
3380 4326 3451 4382 de
3490 4326 3558 4382 iis
3601 4342 3724 4398 qua!

2139 4422 2275 4478 laeta
2299 4431 2424 4478 sunt
2448 4422 2502 4477 in
2531 4421 2736 4488 Veteri,
2751 4421 2912 4492 elegit
2940 4421 3150 4492 signum
3166 4418 3309 4490 quod
3338 4427 3463 4474 tunc
3489 4417 3722 4489 primum

2138 4525 2196 4572 et
2235 4517 2408 4571 solum
2452 4514 2651 4572 factum
2691 4524 2796 4572 est.
2823 4515 2893 4570 Et
2918 4515 3112 4585 alioqui
3154 4529 3273 4584 qua
3320 4512 3541 4578 ﬂebant,
3570 4519 3736 4568 erant.

2141 4620 2300 4682 typus
2323 4611 2691 4680 apostolorum
2726 4627 2741 4665 :
2768 4625 2891 4665 nam
2931 4625 3053 4664 cum
3089 4609 3125 4664 ii
3151 4619 3337 4666 essent
3362 4608 3520 4664 valde
3552 4607 3727 4664 infan-

2141 4713 2243 4767 tes,
2273 4713 2328 4760 et
2373 4704 2548 4774 magis
2602 4702 2738 4758 muti
2781 4717 2944 4773 quam
2993 4701 3093 4772 ipsi
3144 4700 3358 4772 pisces,
3415 4701 3723 4756 universum

2139 4798 2328 4854 orbem
2379 4805 2644 4852 terrarum
2695 4795 3022 4850 irretierunt.
3076 4792 3231 4860 Quod
3275 4801 3454 4849 autem
3501 4793 3605 4848 hoc
3656 4793 3724 4848 sit

2141 4891 2374 4946 maxime
2421 4887 2519 4944 Dei
2552 4887 2724 4942 virtus
2758 4895 2815 4943 et
2841 4887 3080 4958 potentia
3105 4927 3121 4952 ,
3152 4885 3275 4941 vide
3298 4886 3460 4942 etiam
3493 4884 3723 4956 prophe-

2143 4996 2251 5042 tam
2278 4987 2381 5042 hoc
2400 4984 2472 5041 de
2495 4985 2657 5041 Patre
2681 4982 2974 5041 dicentem.
2996 4981 3130 5037 Cum
3156 4981 3303 5038 Mose
3327 4983 3469 5038 enim
3501 4981 3729 5052 loquens

2209 5207 2224 5238 ί
2251 5205 2487 5269 Hiclocus
2522 5204 2617 5254 alio
2651 5203 2793 5269 modo
2829 5205 2961 5269 jacet
3000 5204 3430 5269 apud_Jeremiam,
3463 5199 3733 5269 Veniemub

2141 5267 2376 5318 extremis
2395 5273 2560 5330 terra;
2579 5273 2625 5316 et
2645 5264 2948 5330 dicentfete.
2973 5264 3065 5316 sed
3086 5267 3452 5330 chrysostomus
3472 5279 3605 5328 saepe
3631 5264 3731 5314 loca

2142 5343 2241 5379 non
2265 5330 2456 5394 integra
2476 5328 2710 5394 δῦθι-ψη
2729 5330 2831 5391 jam
2853 5328 3075 5394 vidimus.
3142 5388 3152 5394 _
3184 5328 3192 5330 ‘
3272 5389 3283 5394 _
3303 5387 3331 5394 __
3436 5389 3446 5394 _
3697 5389 3706 5394 _
3743 5365 3746 5370 .

2208 5393 2229 5424 ³
2263 5387 2397 5441 υιιιιέ
2412 5405 2424 5440 :
2447 5390 2706 5441 Potentiam
2723 5387 2856 5440 luam
2875 5395 2923 5441 et
2943 5388 3037 5440 vim
3055 5387 3406 5440 ineluctabilem
3427 5389 3478 5440 in
3494 5401 3550 5438 eo
3571 5389 3729 5438 mari-

2143 5465 2221 5504 me
2241 5452 2503 5515 ostendisti,
2525 5452 2654 5515 quod
2675 5451 2989 5503 tenerritnam
3020 5459 3211 5502 (etatem
3243 5452 3311 5503 ad
3353 5452 3423 5502 sic
3457 5449 3734 5515 gloriﬁcan-

2144 5515 2263 5567 dum
2284 5514 2562 5579 expedition
2583 5515 2776 5578 feceris.

2208 5620 2283 5682 (α)
2301 5628 2349 5670 In
2369 5619 2588 5687 margine
2608 5619 3058 5687 Codicisttarbsrini
3079 5617 3306 5687 scribitur
3325 5623 3395 5687 ε..
3417 5628 3519 5687 quo
3537 5623 3732 5687 notauit

2147 5679 2633 5754 esseSymmaébum,
2663 5679 2986 5754 similiterque
3020 5679 3070 5730 in
3111 5680 3332 5754 margine
3364 5679 3548 5751 codicis
3576 5679 3732 5738 cujus-

2143 5745 2255 5793 dam
2277 5757 2304 5793 a
2327 5742 2496 5793 sartho
2517 5742 2577 5792 ad
2597 5742 2864 5792 sditionem
2886 5755 3024 5791 suam
3044 5741 3244 5792 adbtbttt
3267 5749 3316 5790 ε.
3340 5749 3572 5793 scriptum
3598 5745 3736 5789 erat:

2147 5749 2255 5794 dam
2277 5757 2304 5795 a
2327 5749 2496 5795 savilio
2517 5749 2577 5792 ad
2597 5749 2864 5792 Ballionem
2886 5755 3024 5791 suam
3044 5749 3244 5792 adhibiti
3267 5749 3316 5790 ε.
3340 5749 3572 5803 scriptum
3598 5749 3704 5789 erat
3721 5749 3737 5782 ὅ

2147 5819 2243 5872 qua
2265 5807 2331 5858 de
2352 5819 2410 5858 re
2434 5806 2557 5857 hanc
2579 5811 2742 5856 notam
2779 5804 2863 5854 ille
2884 5803 3020 5854 dedit
3048 5817 3059 5853 :
3091 5823 3115 5854 ι
3145 5803 3212 5853 ω
3241 5815 3396 5868 marg.
3433 5810 3584 5860 est-c,
3609 5809 3736 5864 Sym-
