4140 6356
524 408 644 479 1.09

530 522 636 577 καί
694 520 923 590 κωφὸν.
970 519 1287 584 ,βλέποντα
1330 520 1435 576 καί
1469 522 1703 591 τυφλόν
1716 539 1738 591 ;
1774 522 1885 576 Kal
1925 520 2110 576 πάλιν·

530 612 745 681 Διδοῦς
780 612 1065 684 γλώσσας
1103 614 1322 682 τρανὰς
1347 614 1725 685 μογιλάλοις.
1764 615 1879 670 Kal
1926 614 2110 670 πάλιν·

531 709 748 778 Κύριος
762 706 986 772 ,δίδωσι
994 725 1100 778 μοι
1122 707 1414 778 γλῶσσαν
1434 708 1728 775 παιδείας,
1757 709 1865 765 τοῦ
1892 708 2112 780 γνῶναι

527 796 716 865 ἡνίκα
742 795 838 873 δεῖ
849 792 1041 854 εἰπεῖν·
1062 798 1266 867 λόγον.
1295 798 1406 852 Kal
1427 797 1486 851 ἐν
1504 798 1645 869 ἀρχῇ
1670 797 1728 852 δέ
1758 814 1941 870 φησιν’
1968 796 2114 852 Δεῦ-

527 903 621 951 τε.
646 886 1011 955 καταϐάντες
1046 888 1401 958 συγχέωμεν
1427 890 1629 945 αὐτῶν
1667 889 1777 957 τὰς
1805 889 2111 961 γλώσσας.

526 977 761 1050 Μεγάλη
795 979 973 1035 τοίνυν
991 980 1087 1033 καὶ
1116 980 1309 1053 ἰσχυρά
1328 982 1363 1053 ἠ
1388 980 1686 1048 ἀπόδειξις.
1726 983 1849 1037 Ἑπί
1880 983 1980 1055 μὲν
2003 983 2111 1058 γάρ

530 1068 640 1122 τῶν
674 1069 870 1136 ἀλλων,
897 1071 943 1123 εί
967 1070 1061 1124 καὶ
1092 1070 1437 1143 παραλόγως,
1464 1073 1615 1144 ὅμως
1642 1072 1963 1129 ὑπώπτευόν
1989 1091 2112 1131 τινα

530 1157 672 1216 εἶναι
708 1163 1203 1233 ἀναισχυντοῦντες·
1247 1163 1482 1218 ἐνταῦθα
1515 1163 1571 1218 δὲ
1606 1164 1760 1220 οὐδὲν
1800 1177 1825 1206 ι
1854 1161 1999 1237 εἶχον
2031 1167 2110 1219 εἰ-

530 1254 675 1316 πεῖν,
709 1252 882 1322 αὐτῆς
911 1253 1035 1307 καθ’
1060 1253 1257 1326 ἑαυτὴν
1290 1257 1389 1327 τῆς
1417 1256 1633 1325 φύσεως
1669 1257 1882 1327 γυμνῆς
1907 1258 2106 1326 ἀγωνι-

526 1344 783 1417 ζομένης.
811 1345 910 1400 Διά
935 1344 1180 1419 δήτοῦτο
1200 1346 1320 1401 οὐδὲ
1340 1346 1527 1411 ἀπλῶς
1560 1343 1702 1409 εἷπε.
1726 1350 1992 1416 Νηπίων.
2025 1350 2110 1404 ἵνα

530 1439 605 1509 μή
656 1454 737 1502 τις
771 1440 898 1504 τοὺς
931 1438 1174 1504 ἀκάκους
1216 1440 1379 1493 αὐτὸν
1423 1440 1517 1494 καὶ
1537 1443 1664 1506 τοὺς
1706 1442 2109 1514 ἁπλουστέρους

529 1528 643 1603 [80]
673 1530 852 1600 λέγειν
882 1531 1100 1605 νομίσῃ·
1131 1531 1245 1585 ἀλλ’
1276 1533 1547 1603 ἐπήγαγε,
1574 1534 1685 1588 Καὶ
1706 1532 2104 1603 θηλαζόντων,

526 1625 594 1694 τῇ
636 1622 924 1697 προσθήκῃ
953 1622 1054 1693 τῆς
1089 1622 1369 1695 τραπέζης
1401 1624 1500 1695 τὴν
1527 1624 1746 1697 ἠλικίαν
1774 1626 2108 1698 χαρακτηρί-

526 1713 656 1779 ζων.
687 1716 800 1786 οὐχ
821 1714 1007 1780 ἀπλῶς
1034 1715 1144 1787 γάρ
1170 1733 1323 1787 φησι,
1354 1718 1621 1785 Νηπίων,
1647 1717 1805 1784 ἀλλά,
1831 1718 1941 1772 τῶν
1970 1719 2106 1773 ὐπο-

527 1804 759 1876 μαζίων,
781 1805 886 1860 τῶν
907 1806 1175 1878 μηδέποτε
1203 1809 1427 1880 στερεᾶς
1447 1809 1651 1881 τροφῆς
1673 1807 2106 1882 μεταλαϐόντων.

526 1896 602 1949 υύ
629 1896 809 1951 τοίνυν
839 1897 998 1953 τοῦτο
1026 1899 1187 1971 μόνον
1215 1900 1335 1955 ἐστὶ
1365 1901 1424 1955 τὸ
1452 1902 1786 1974 θαυμαστὸν,
1812 1904 1896 1957 ὅτι
1917 1904 2107 1978 φωνὴν

524 1994 765 2065 ἀφῆκαν,
794 1996 890 2049 καὶ
922 1995 1107 2068 φωνὴν
1134 1996 1568 2070 τετρανωμένην,
1602 1997 1716 2052 ἀλλ’
1748 1999 1831 2052 ὅτι
1868 1999 1966 2053 καὶ
2006 2016 2107 2071 μυ-

525 2086 656 2156 ρίων
705 2086 982 2157 γέμουσαν
1029 2087 1270 2156 ἀγαθῶν.
1326 2090 1506 2160 "Amp
1560 2089 1669 2162 γάρ
1722 2093 1772 2145 οἰ
1816 2090 2104 2145 ἀπόστολοι

522 2177 735 2230 οὐδέπω
757 2177 975 2248 ᾔδεσαν,
1000 2179 1174 2233 ταῦτα
1198 2178 1268 2233 τά
1290 2180 1481 2235 παιδία
1504 2179 1725 2252 ὕμνουν.
1762 2182 1895 2235 Ἀπὸ
1912 2182 2105 2236 τούτου

523 2268 619 2321 καὶ
649 2269 836 2337 ἕτερόν
857 2286 928 2322 ’τι
957 2270 1274 2334 αίνίττεται,
1302 2271 1364 2324 τὸ
1396 2272 1506 2324 δεῖν
1530 2274 1642 2337 τοῖς
1678 2271 1910 2343 δόγμασι
1938 2290 2109 2345 προσ-ο

488 2348 494 2353 ’
524 2361 707 2424 ιόντας
750 2361 939 2415 παιδία
989 2362 1235 2431 γίνεσθαι
1276 2366 1341 2434 τῇ
1373 2363 1597 2436 διανοίᾳ.
1633 2366 1731 2418 Ἂν
1756 2364 1867 2437 γάρ
1899 2365 1974 2438 μή
2021 2383 2105 2430 τις

520 2450 744 2523 δέξηται
781 2453 879 2525 τὴν
907 2452 1183 2523 βασιλείαν
1212 2455 1319 2507 τῶν
1344 2454 1590 2527 οὐρανῶν
1632 2455 1709 2519 ὼς
1737 2456 1968 2523 παιδίον,
1999 2474 2109 2529 φη·-

520 2544 632 2610 σὶν,
679 2544 741 2597 οὐ
770 2543 993 2599 δύναται
1028 2545 1286 2599 εἰσελθεῖν
1326 2549 1408 2610 εἰς
1444 2548 1634 2620 αὐτην.
1664 2548 1911 2605 Ἕνεκεν
1928 2548 2049 2605 τῶν
2074 2550 2105 2593 h

518 2619 756 2703 ἑχθρῶιί
776 2649 917 2690 σου.
937 2636 1102 2705 Λέγει
1121 2638 1216 2691 καὶ
1235 2637 1333 2708 τὴν
1355 2638 1533 2692 αἰτίαν
1554 2619 1620 2692 δι’
1647 2638 1714 2711 ἢν
1732 2638 1891 2695 τοῦτο
1913 2640 2105 2711 γέγονε

519 2725 582 2779 τὸ
612 2725 815 2799 θαῦμα·
850 2725 928 2779 ,τά
959 2726 1059 2797 μὲν
1094 2727 1202 2800 γάρ
1248 2728 1382 2782 ἄλλα
1415 2729 1474 2782 οὐ
1521 2729 1630 2784 τῶν
1660 2730 1868 2802 ἐχθρῶν
1918 2732 2107 2787 ἐνεκεν

519 2816 750 2887 ἐγίνετο,
779 2818 893 2873 ἀλλ’
916 2817 1057 2872 ὥστε
1090 2819 1414 2889 προσιόντας
1438 2820 1732 2875 ἀπολαύειν
1759 2823 2101 2896 εὐεργεσίας,

519 2912 614 2966 καὶ
644 2912 866 2984 ἐτέρους
910 2911 1288 2966 παιδεύεσθαι.
1317 2913 1489 2968 Τοῦτο
1528 2914 1583 2968 δὲ
1614 2915 1675 2968 οὐ
1706 2913 1797 2969 διά
1821 2915 1980 2970 τοῦτο
2007 2919 2097 2987 γέ-

517 3020 644 3072 γονε
707 3003 891 3075 μόνον,
947 3002 1063 3056 ἀλλ’
1122 3002 1265 3056 ὥστε
1318 3004 1414 3057 καὶ
1467 3005 1916 3078 ἐπιπομισθῆναι
1976 3007 2103 3072 τοὺς

517 3095 766 3166 ἐχθρούς·
802 3094 894 3158 οὓς
936 3095 1029 3149 καὶ
1065 3094 1251 3167 ἕτερος
1279 3105 1327 3161 ε,
1352 3096 1741 3169 ἀκριϐέστερον
1774 3098 1972 3164 αὐτοὺς
2006 3099 2105 3171 δηο

518 3187 649 3248 λῶν,
690 3189 842 3262 φησί·
872 3189 977 3244 Διά
1008 3188 1151 3255 τοὺς
1187 3188 1633 3260 ἑνδεσμοῦντάς
1668 3207 1762 3247 σε.
1802 3191 1969 3246 Αὐτοὶ
1992 3192 2103 3264 γὰρ

515 3276 659 3352 ἦσαν
678 3281 940 3352 δήσαντες
971 3281 1132 3334 αὐτὸν
1171 3281 1265 3333 ἐπὶ
1289 3280 1379 3335 τὸν
1413 3283 1645 3354 σταυρὸν
1666 3284 1953 3355 ἀγόμενον.
1988 3286 2102 3341 Τοῦ

517 3370 856 3427 καταλῦσαι
884 3371 1104 3440 ἐχθρὸν
1149 3372 1246 3425 καὶ
1287 3371 1634 3442 ἐκδικητήν.
1666 3374 1876 3440 Ἄλλος·
1914 3376 2102 3434 ’Ὥστε

518 3462 751 3517 παῦσαι
779 3458 1016 3530 ἐχθρὸν,
1053 3461 1151 3516 καί
1189 3462 1556 3531 τιμωροῦντα
1595 3464 1806 3532 ἐαυτῷ,
1837 3467 1929 3521 τὸν
1972 3469 2101 3523 λαὸν

518 3554 611 3609 τὸν
646 3553 936 3608 Ἰουδαϊκὸν
965 3553 1198 3608 ἐνταῦθα
1225 3554 1418 3624 λέγων.
1448 3556 1718 3610 Ἤλαυνον
1758 3559 1857 3629 μὲν
1888 3558 1997 3632 γὰρ
2025 3560 2102 3625 ὡς

519 3645 614 3717 ἐχο
625 3646 714 3718 ρδν
742 3647 832 3699 τὸν
853 3646 1104 3718 Χριστὸν,
1130 3645 1548 3717 προσεποιοῦντο
1568 3649 1625 3703 δὲ
1652 3649 1741 3705 τὸν
1775 3652 1984 3724 πατέρα
2005 3654 2102 3706 ἐκ-

519 3737 798 3801 δικοῦντες
817 3738 979 3791 τοῦτο
1003 3742 1192 3793 ποιεῖν.
1216 3739 1317 3793 Διά
1343 3739 1501 3794 τοῦτο
1521 3740 1723 3812 ταύτης
1743 3742 1939 3807 αὐτοὺς
1969 3745 2103 3798 ἀπο-

523 3827 731 3898 στερῶν
780 3828 879 3900 τῆς
924 3827 1241 3897 ἀπολογίας,
1286 3828 1491 3898 ἐλεγενι
1533 3832 1588 3884 '0
1616 3831 1722 3901 ἐμὲ
1747 3831 1965 3902 μισῶν,
2001 3834 2100 3888 καὶ

520 3922 630 3976 τὸν
656 3921 889 4009 Πατέρα
906 3938 1025 3990 μου
1046 3922 1234 3991 μισεῖ·
1266 3923 1361 3976 καὶ
1389 3922 1568 3976 πάλιψ
1612 3924 1665 3976 '0
1690 3926 1991 3980 πιστεύων
2014 3928 2104 3993 είς

518 4012 647 4084 ἐμὲ,
678 4013 949 4069 πιστεύει
976 4016 1064 4079 είς
1086 4013 1193 4067 τὸν
1224 4012 1545 4083 πέμψαιτά
1564 4033 1659 4081 με·
1687 4016 1799 4070 ἄνω
1826 4017 1919 4070 καὶ⁵
1952 4018 2103 4071 κάτω

525 4106 811 4161 συνάπτων
837 4108 904 4177 τῇ
928 4105 1065 4177 πρὸς
1098 4106 1290 4160 ἐαυτὸν
1326 4109 1459 4178 τιμῇ
1491 4107 1585 4161 καὶ
1620 4107 1776 4180 ὕϐρει
1806 4109 1896 4161 τὸν
1931 4110 2105 4164 Πατέ-

524 4216 613 4272 ρα.
641 4198 752 4252 Kal
774 4199 879 4271 ὅρα
915 4197 1013 4269 τὴν
1041 4197 1327 4270 ἀκρίϐειαν
1355 4196 1449 4251 τοῦ
1477 4199 1784 4269 Προφήτου.
1808 4200 1931 4253 Ὀὐκ
1957 4196 2102 4267 εἷπε,

524 4292 632 4347 Τοῦ
655 4292 903 4358 κολάσαι,
938 4290 1095 4355 ἀλλὰ,
1136 4289 1247 4346 Τοῦ
1278 4289 1635 4346 καταλῦσαιο
1657 4292 1795 4364 ὅπερ
1845 4293 1875 4346 ό
1921 4292 2104 4367 ἕτερος

526 4386 866 4457 σαφέστερον
908 4374 1078 4455 δηλοῖ,
1110 4382 1306 4453 λέγων,
1341 4384 1451 4438 Τοῦ
1483 4383 1714 4439 παῦσαι
1734 4383 1785 4450 ἀ,
1830 4386 2099 4455 τουτέστι,

521 4480 622 4551 τὴν
667 4462 1050 4551 ἀναισχυντίαν
1099 4479 1277 4534 αὐτῶν
1335 4479 1564 4544 ἀνελεῖν,
1613 4481 1674 4533 οὐ
1718 4480 1814 4536 τοῦ
1871 4482 2101 4550 διδάξαιο

525 4572 825 4645 ἀδιόρθωτα
848 4571 959 4644 γὰρ
989 4572 1227 4627 ἐνόσουν.
1262 4572 1531 4645 Ὀρῶντες
1551 4572 1681 4643 γοῦν
1708 4575 1947 4632 τοιοῦτον
1969 4578 2102 4632 θαῦ-

525 4683 626 4737 μα,
664 4667 761 4720 καὶ
818 4665 985 4737 μηδὲν
1035 4664 1249 4736 ἔχοντες
1289 4665 1587 4734 ἀντειπεῖν,
1617 4666 1754 4739 πρὸς
1792 4669 1959 4723 αὐτὸν
1997 4673 2103 4724 ἐπ-

522 4759 847 4831 εστρέφοντο
868 4757 1135 4828 λέγοντες·
1171 4762 1295 4815 Οὐκ
1328 4759 1567 4825 ἀκούεις
1603 4761 1661 4814 τί
1695 4756 1862 4817 οὗτοι
1887 4761 2103 4832 λέγου-

522 4865 589 4906 σι
612 4866 633 4915 ;
659 4850 789 4907 Δέον
812 4852 997 4908 λοιπὸν
1022 4854 1394 4926 προσκυνῆσαι
1422 4855 1518 4909 καὶ
1550 4856 1850 4927 θαυμάσαι,
1876 4857 1925 4910 οἱ
1957 4855 2015 4909 δὲ
2046 4858 2102 4910 ἐν

524 4943 805 5016 ἀμηχανίᾳ
830 4941 971 5017 ἦσαν
999 4944 1191 5018 πολλῇ,
1213 4947 1308 5002 καὶ
1326 4946 1629 5017 ὀφείλοντες
1650 4946 1901 5019 ἀλλήλοις
1922 4946 2103 5017 λέγειν

522 5035 751 5099 ἕκαστος
780 5035 859 5106 τῷ
886 5035 1132 5107 πλησίον,
1162 5037 1276 5090 Οὐκ
1297 5036 1515 5099 ἀκούεις
1543 5036 1594 5089 τί
1629 5031 1777 5091 οὗτοι
1814 5035 2098 5104 λέγουσιν;

523 5126 753 5197 ἀφέντες
784 5128 1010 5192 ἑαυτοὺς
1025 5127 1102 5198 τῷ
1126 5125 1346 5199 Χριστῷ
1368 5127 1571 5195 ἔλεγον.
1599 5127 1708 5181 Kal
1743 5126 1888 5191 τίνος
1911 5129 2100 5182 ἕνεκεν

522 5218 624 5272 οὐκ
677 5216 925 5288 ἀγγέλων
966 5216 1166 5290 ἠνέχθη
1213 5219 1402 5288 φωνῆς
1446 5217 1569 5270 Ὅτι
1606 5219 1782 5271 ἐκεῖνο
1826 5218 1926 5289 μὲν
1968 5219 2105 5289 φάν-

548 5476 563 5492 .
586 5414 613 5441 ⁸
647 5412 784 5492 Ullus
795 5413 850 5492 εξ
965 5409 1320 5492 ’ἠναισχύντουν
1360 5409 1702 5467 ὑποπτεύοντές
1730 5427 1837 5460 τινα
1852 5411 2104 5471 ὑπόκρισιν

524 5474 1075 5611 mf‘gngam
1090 5534 1249 5598 τυχεῖν
1278 5532 1377 5582 τῶν
1409 5533 1765 5598 ἐπηγγελμένων
1791 5535 2103 5598 ἀγαθῶν-ἔνε-

808 5658 935 5732 εξτα.
957 5659 1133 5732 ξτερος.
1158 5657 1249 5732 Ηίρ
1270 5657 1741 5732 ἰηιειριςεειιοιειιιι·
1856 5660 1909 5732 in_
1933 5659 2105 5732 ggdice

527 5718 814 5771 Burberfno.
835 5720 935 5771 Sed
959 5718 1060 5771 dub
1079 5734 1195 5771 mss.
1219 5721 1344 5770 hanc
1368 5718 1629 5769 lécuonem
1652 5719 1846 5781 Aquila
1864 5726 1919 5770 et
1939 5721 2105 5772 Theo.

526 5781 717 5842 dolioni
740 5781 1052 5842 adscribunt,
1075 5789 1133 5833 ιιι
1150 5783 1319 5833 videas
1341 5781 1390 5831 in
1411 5781 1514 5831 He:
1524 5781 1650 5842 aplis
1666 5789 1865 5842 ιιοειιιε.

587 5840 623 5885 (ι
655 5843 709 5897 In
730 5841 969 5909 Hexaplis
988 5840 1169 5897 ndslris
1190 5845 1293 5896 haec
1316 5844 1465 5894 lectio
1486 5840 1680 5906 Aquilae
1701 5841 1954 5895 tribuitur.

1120 405 1181 463 S.
1220 404 1512 463 .IOANNIS
1565 403 2062 471 CHRYSOSTOIII
2096 403 2423 465 ARCHIEP.
2456 405 3012 466 CONSTANTINOP.

3681 408 3791 466 Ἠίι

2215 537 2406 592 τασμα
2434 523 2619 587 αὐτοῖς
2657 523 2835 592 ἔδοξεν
2872 524 2942 580 ἀν
2975 521 3135 579 εἶναι’
3168 523 3306 598 πρὸς
3336 521 3499 580 τοῦτο
3528 523 3597 581 δὲ
3637 526 3792 582 οὐᾶν

2210 609 2362 684 εἶχον
2394 616 2690 671 ἀντειπεῖν.
2713 616 2778 670 Τί
2802 616 2859 671 δέ
2891 616 3076 686 ἔλεγον
3103 615 3175 671 τά
3199 616 3423 684 παιδία;
3452 617 3620 673 Οὐδὲν
3651 634 3789 690 φορ-

2214 705 2389 771 τικὸν,
2413 706 2533 760 οὐδὲ
2566 707 2823 779 ἐπαχθὲς,
2848 707 2971 763 οὐδὲ
3001 708 3185 764 ἱκανὸν
3204 709 3399 773 αὐτοὺς
3417 707 3636 780 πλῆξαι,
3659 708 3797 763 ἀλλά

2210 797 2454 868 μάλιστα
2483 799 2583 872 τὴν
2605 799 2923 872 συμφωνίαν
2940 801 3041 874 τὴν
3060 801 3197 875 πρὸς
3217 800 3310 857 τὸν
3328 801 3547 875 Πατέρα
3574 801 3788 874 δηλοῦν.

2212 892 2660 964 Εὐλογημένος,
2708 893 2915 966 ἔλεγον,
2964 898 3001 951 ὀ
3046 895 3369 965 ἐρχόμενος
3428 894 3499 950 ἐν
3542 895 3790 966 ὀνόματι

2209 985 2458 1054 Κυρίου.

2282 1145 2353 1216 γ’.
2369 1147 2499 1202 Τότε
2521 1147 2621 1220 μὲν
2633 1143 2726 1204 οῦν
2738 1150 3031 1206 κατέλυσεν
3042 1149 3221 1206 αὐτῶν
3235 1151 3334 1223 τὴν
3345 1152 3726 1225 ἀναισχυντίαν
3743 1165 3791 1218 α,

2208 1226 2440 1307 ὕστερον
2468 1235 2526 1289 δέ
2556 1236 2731 1303 πόλιν,
2762 1237 2856 1292 καὶ⁵
2890 1238 3054 1311 μέρος
3077 1237 3229 1294 οὐδέν
3262 1241 3377 1294 ἐστι
3414 1240 3511 1312 τῆς
3539 1241 3788 1312 οἰκουμέ-

2212 1338 2312 1391 νης
2351 1323 2460 1377 τῶν
2498 1325 2803 1380 Ἰουδαϊκῶν
2830 1326 3057 1399 ἄπειρον
3089 1328 3402 1400 συμφορῶν·
3455 1327 3572 1382 ἀλλ’
3601 1328 3788 1400 ὥσπερ

2213 1413 2373 1486 σῶμα
2405 1415 2705 1490 ἀνάπηρον,
2738 1418 3013 1489 πανταχοῦ
3036 1417 3350 1478 διαδέδοται,
3391 1417 3459 1472 τά
3498 1417 3788 1489 τραύματα

2204 1503 2672 1578 ἐπιδεικνύμενονο
2700 1506 2791 1560 καὶ
2814 1505 3063 1579 καθάπερ
3090 1507 3140 1560 οἱ
3159 1506 3408 1561 δικασταὶ
3435 1505 3661 1570 πολλοὺς
3681 1504 3788 1558 τῶν

2210 1592 2549 1664 ἀνδροφόνων
2575 1595 2796 1651 ἐπειδάν
2820 1596 3100 1662 ἀνέλωσιν,
3123 1596 3219 1650 ἕνα
3249 1595 3785 1660 ἀνασκολοπίζουσιν,

2206 1677 2297 1732 Ῑνα
2318 1680 2411 1733 καὶ
2430 1680 2867 1753 τελευτησάντων
2879 1682 3078 1749 αὐτῶν,
3097 1681 3212 1756 [81]
3227 1681 3414 1754 ὥσπερ
3429 1683 3621 1737 νεωστὶ
3639 1699 3789 1751 γεγε-

2207 1782 2271 1838 νη
2281 1767 2441 1838 μένον
2458 1768 2521 1822 τὸ
2537 1770 2709 1834 πάθος
2733 1771 3038 1844 σωφρονίζῃ
3060 1772 3186 1835 τοὺς
3203 1770 3433 1837 ζῶνταςο
3446 1770 3592 1826 οὐτω
3610 1770 3673 1843 δὴ
3688 1770 3786 1827 καὶ

2207 1854 2441 1912 ἐνταῦθα
2467 1859 2529 1912 οὐ
2563 1858 3009 1931 τελευτήσαντας,
3039 1858 3177 1913 ἀλλά
3204 1858 3411 1924 ζῶντας
3442 1859 3789 1931 παράδειγμα

2209 1945 2377 1999 πᾶσιν
2399 1944 2644 2018 ἐποίησε,
2666 1945 2989 2019 διασπείρας
3013 1945 3231 2011 αὐτούς’
3258 1946 3351 2000 καὶ
3365 1947 3415 2001 οἱ
3438 1947 3565 2018 μίαν
3587 1944 3790 2001 οἰκοῦν-

2203 2048 2296 2096 τες
2319 2031 2526 2105 χώραν,
2549 2033 2646 2088 νῦν
2677 2034 2954 2106 πανταχοῦ
2988 2036 3085 2106 τῆς
3112 2034 3217 2105 γῆς
3244 2037 3349 2088 εἰσι
3373 2032 3781 2106 διεσπαρμένοι.

2204 2119 2325 2172 Κᾶν
2354 2121 2638 2195 ἐρωτήσῃς
2660 2120 2758 2193 τὴν
2780 2122 2980 2184 αἰτίαν,
3008 2120 3270 2192 οὐδεμίαν
3302 2120 3471 2192 ἀλλην
3502 2121 3780 2192 εὑρήσεις,

2203 2205 2319 2259 ἀλλ’
2349 2207 2382 2278 ἦ
2406 2207 2469 2261 τὸ
2502 2208 2815 2281 σταυρῶσαι
2836 2208 2929 2263 τὸν
2961 2208 3214 2280 Χριστόν.
3244 2207 3346 2262 Διά
3361 2207 3414 2261 τί
3445 2206 3556 2280 γὰρ
3592 2205 3787 2273 οὕτως,

2206 2296 2327 2349 είπέ
2353 2313 2464 2367 μοι,
2491 2297 2648 2351 τοῦτο
2670 2297 2745 2370 μὴ
2771 2298 3027 2368 γέγονεν;
3067 2297 3206 2350 Ἀλλ’
3231 2298 3281 2350 εἰ
3304 2297 3398 2352 καὶ
3417 2294 3610 2366 γέγονέ
3630 2312 3785 2361 ποτε,

2203 2384 2285 2448 εἰς
2320 2383 2474 2449 ἔθνος
2515 2385 2577 2439 ἐν
2619 2385 3028 2459 ἀφωρίσθησαν,
3070 2386 3167 2440 καὶ
3204 2385 3298 2440 ἐπὶ⁷
3335 2384 3515 2440 ἐτεσιν
3561 2384 3785 2453 ὀλίγοις

2204 2472 2322 2526 νυνὶ
2355 2472 2414 2526 δέ
2448 2473 2548 2543 οὐχ
2583 2471 2776 2539 οὓτως,
2822 2473 2939 2528 ἀλλ’
2971 2471 3254 2545 ἀπέραντα
3291 2471 3632 2536 κολάζονται.
3664 2472 3790 2526 Κᾶν

2201 2559 2487 2632 ἐρωτήσῃς
2526 2561 2747 2624 αὐτοὺς,
2780 2559 2881 2615 Διά
2910 2559 2964 2614 τί
2986 2559 3487 2632 ἐσταυρώσατετὸν
3514 2557 3785 2630 Χριστόνς

2202 2645 2471 2716 λέγουσιν,
2513 2648 2601 2712 Ὠς
2619 2648 2818 2703 πλάνον
2854 2650 2952 2704 καὶ
2982 2649 3154 2721 γόητα
3182 2649 3331 2703 ὄντα.
3374 2646 3585 2703 Οὐκοῦν
3638 2646 3782 2718 ὑπὲρ

2202 2734 2391 2791 τούτου
2439 2736 2736 2808 τιμηθῆναι
2787 2737 2917 2800 ἔδει,
2954 2737 3050 2792 καὶ
3086 2737 3307 2792 πλείονα
3338 2735 3522 2809 χώραν
3547 2735 3787 2807 προσλα-

2203 2824 2339 2892 ϐεῖν,
2358 2823 2434 2889 ὡς
2457 2825 2759 2896 ἀρέσαντας
2783 2825 2863 2896 τῷ
2885 2825 3023 2896 Θεῷ.
3061 2826 3117 2879 '0
3143 2825 3250 2896 γὰρ
3279 2823 3477 2878 πλάνον
3503 2823 3599 2876 καὶ
3614 2822 3791 2893 γόητα.

2202 2913 2296 2968 καὶ
2334 2912 2577 2968 ἀντίθεον
2606 2913 2831 2977 ἀνελὼν,
2860 2913 3053 2985 ἐχθρὸν
3098 2913 3192 2967 τοῦ
3236 2911 3371 2966 Θεοῦ
3411 2912 3610 2971 ἀνεῖλε·
3656 2912 3685 2964 ό
3720 2910 3786 2963 δέ

2202 3000 2396 3074 ἐχθρὸν
2427 2999 2652 3068 ἀνελὼν,
2680 3001 2982 3072 εὐδοκιμεῖν
3022 2999 3089 3056 ἂν
3131 3000 3219 3071 εἴη
3245 3000 3471 3064 δίκαιος.
3505 2997 3619 3052 Νῦν
3662 2997 3719 3051 δὲ
3754 2999 3785 3051 ὁ

2206 3089 2304 3161 μὲν
2329 3088 2533 3154 Φινεὲς,
2565 3090 2652 3144 ἵνα
2684 3090 2813 3160 μίαν
2848 3088 3014 3161 ἀνέλῃ
3052 3088 3276 3162 πόρνην,
3303 3086 3476 3152 οὕτως
3495 3086 3784 3159 εὐδοκίμη-

2204 3192 2264 3229 σε
2294 3175 2443 3248 παρὰ
2483 3174 2562 3248 τῷ
2599 3175 2738 3248 Θεῷ,
2764 3177 2839 3241 ὡς
2872 3176 2966 3231 καὶ
2999 3174 3296 3250 ἱερωσύνης
3339 3173 3657 3245 ἀξιωθῆναι,
3688 3174 3784 3227 καὶ

2200 3262 2470 3334 τοσαύτης
2502 3266 2687 3335 τιμῆς·
2725 3264 2880 3333 ὑμεῖς
2901 3263 2978 3325 δὲ.
3001 3263 3051 3318 οί
3075 3262 3273 3335 μᾶλλον
3305 3262 3515 3316 ἐκείνου
3543 3261 3787 3330 ὀφείλον-

2201 3367 2290 3414 τες
2321 3350 2628 3421 εὐδοκιμεῖν
2665 3349 2864 3421 πολὶῷ,
2895 3350 3010 3419 εἴγε
3046 3348 3246 3404 πλάνον
3281 3348 3540 3412 ἀνείλετε,
3584 3348 3786 3418 ἀλῆται

2203 3438 2298 3492 καὶ
2337 3437 2591 3502 ἀπόλιδες
2618 3439 2909 3510 περιάγετε
2940 3437 3234 3509 πανταχοῦ,
3267 3435 3433 3490 Ὥστε
3458 3435 3526 3489 οὐ
3553 3433 3621 3489 δι’
3654 3435 3785 3489 ἀλλο

2201 3544 2255 3580 τι
2277 3525 2452 3580 ταῦτα
2483 3525 2808 3587 πεπόνθατε,
2846 3524 2961 3580 ἀλλ’
2986 3526 3019 3596 ἦ
3045 3527 3128 3580 ὅτι
3166 3524 3475 3600 προστάτην
3512 3524 3605 3580 καὶ
3627 3525 3787 3593 εὐερ-

2201 3614 2366 3686 γέτην
2396 3613 2490 3668 καὶ
2510 3613 2765 3685 ἀληθείας
2791 3612 3108 3668 διδάσκαλον
3139 3609 3541 3685 ἐσταυρώσατε.
3575 3612 3639 3665 Εἰ
3672 3612 3782 3682 γάρ

2202 3704 2402 3769 πλάνος
2426 3702 2493 3778 ἦν
2527 3704 2621 3758 καὶ
2646 3703 2908 3767 ἀντίθεος,
2941 3703 3055 3767 καί,
3097 3702 3171 3776 μὴ
3206 3702 3283 3757 ὣν
3309 3702 3463 3766 Θεὸς,
3489 3701 3619 3765 Θεὸς
3643 3699 3782 3757 εἶναι

2201 3791 2473 3856 ἐϐούλετο,
2503 3793 2599 3846 καὶ
2648 3789 2711 3845 τὸ
2750 3790 2845 3844 τοῦ
2881 3790 3095 3862 Πατρὸς
3129 3790 3295 3855 σέϐας
3335 3790 3416 3852 εἰς
3445 3789 3636 3843 ἐαυτὸν
3685 3791 3786 3843 ἐπ-

2181 3881 2425 3944 εσπᾶτο,
2458 3877 2666 3933 καὶτοῦ
2694 3878 2898 3943 Φινεὲς,
2922 3876 3127 3932 καὶτοῦ
3151 3877 3422 3950 Σαμουὴλ,
3446 3878 3541 3931 καὶ
3565 3878 3784 3931 πάντων

2202 3968 2427 4022 ἐκείνων
2485 3967 2683 4039 μᾶλλον
2730 3967 2875 4038 ὑμᾶς
2927 3966 3280 4038 εὐδοκιμῆσαι
3340 3966 3469 4033 ἔδει,
3529 3964 3784 4019 τοσοῦτον

2202 4057 2343 4129 ὑπὲρ
2366 4055 2459 4110 τοῦ
2489 4057 2650 4128 νόμου
2678 4054 3047 4128 ζηλώσαντας.
3072 4055 3210 4110 Νυνὶ
3230 4053 3310 4120 δέ,
3329 4052 3366 4109 ἃ
3395 4053 3661 4125 μηδέποτε
3688 4071 3784 4105 πε-

2206 4144 2441 4200 πόνθατε
2471 4142 3000 4215 εἰδωλολατροῦντες,
3031 4142 3374 4208 ἀσεϐοῦντες,
3410 4143 3607 4205 παῖδας
3646 4141 3784 4210 σφά-

2205 4232 2410 4301 ζοντες,
2437 4232 2614 4289 ταῦτα
2635 4233 2936 4287 πεπόνθατε
2965 4232 3081 4297 νῦν,
3117 4231 3213 4286 καὶ
3241 4230 3394 4295 λύσις
3415 4229 3639 4302 οὐδεμία
3669 4231 3781 4283 τῶν

2202 4323 2411 4388 δεινῶν,
2438 4321 2534 4375 καὶ
2559 4319 2757 4391 ἀλῆται
2801 4320 2894 4374 καὶ
2933 4319 3173 4390 φυγάδες
3206 4319 3301 4373 καὶ
3338 4318 3529 4373 πλάνοι
3576 4317 3671 4371 καὶ
3698 4318 3786 4372 νό-

2206 4427 2328 4482 μοις
2373 4408 2657 4479 Ῥωμαίων
2681 4407 3044 4473 δουλεύοντες,
3080 4405 3407 4484 μετέρχεσθε
3433 4405 3537 4477 γῆν
3560 4407 3656 4460 καὶ
3682 4405 3781 4459 θά-

2203 4493 2422 4560 λατταν,
2484 4495 2816 4566 μετανάσται
2870 4495 2967 4548 καὶ
3020 4493 3294 4561 ἀπόλιδες,
3337 4496 3514 4548 ἄοικοι
3563 4494 3661 4548 καὶ
3696 4493 3785 4559 ἐξ·

2203 4583 2712 4658 ηνδραποδισμένοι,
2738 4581 3050 4652 ἐλευθερίας
3081 4582 3174 4636 καὶ
3201 4581 3459 4654 πατρίδος
3501 4581 3599 4636 καὶ
3626 4583 3785 4654 ἱερω-

2205 4673 2369 4743 σύνης
2392 4672 2483 4724 καὶ
2503 4671 2718 4724 πάντων
2739 4669 2847 4723 τῶν
2869 4668 3061 4741 πρώην
3084 4668 3496 4740 ἐκϐεϐλημένοι,
3519 4670 3579 4724 ἐν
3595 4669 3783 4740 μέσοι,

2204 4760 2500 4833 βαρϐάροις
2537 4762 2631 4814 καὶ
2674 4761 2888 4830 μυρίοις
2928 4758 3105 4812 ἔθνεσι
3142 4757 3554 4831 διεσπαρμένοι,
3601 4758 3788 4829 μισού-

2205 4868 2357 4921 μενοι
2386 4848 2537 4919 παρὰ
2575 4848 2798 4903 πάντων
2835 4847 3156 4921 ἀνθρώπων,
3192 4847 3457 4918 βδελυροὶ,
3488 4846 3585 4901 xal
3615 4847 3785 4900 πᾶσιν

2202 4941 2282 5003 είς
2328 4941 2389 4993 τὸ
2414 4937 2599 5002 κακῶς
2642 4936 2832 4991 παθεῖν
2863 4936 3232 5008 προκείμενοι.
3267 4935 3416 4989 Πάνυ
3448 4951 3534 5004 γε’
3584 4936 3647 4989 οὐ
3675 4933 3783 5006 γάρ

2203 5028 2426 5082 ἐλάϐετε
2454 5027 2521 5080 τὰ
2548 5024 2777 5087 ἔπαθλα,
2813 5025 2894 5078 ὅτι
2922 5024 3015 5079 τοῦ
3042 5023 3177 5078 Θεοῦ
3203 5023 3295 5077 τὸν
3319 5022 3513 5096 ἐχθρὸν
3540 5022 3783 5092 ἐσφάξα-

2202 5137 2282 5174 τεο
2314 5119 2480 5190 μανία
2511 5117 2684 5171 ταῦτα
2713 5117 2806 5172 καὶ
2838 5115 3021 5188 λῆρος.
3060 5115 3126 5168 Ἀ
3151 5113 3260 5187 γὰρ
3296 5114 3534 5185 πάσχετε
3568 5114 3682 5177 νῦν,
3721 5115 3784 5167 οὐ

2202 5209 2309 5264 τῶν
2342 5208 2569 5281 ἐχθροὺς
2599 5206 2692 5260 τοῦ
2733 5204 2870 5260 Θεοῦ
2905 5203 3271 5277 ἀναιρούντων
3301 5204 3468 5269 ἐστὶν,
3506 5201 3644 5256 ἀλλά
3674 5202 3785 5257 τῶν

2202 5298 2390 5371 φίλους
2420 5295 2824 5368 διαχρωμένων.
2873 5294 3033 5358 Ἀλλ’,
3064 5287 3110 5347 ὧ
3140 5294 3275 5356 "adv,
3314 5290 3488 5345 ταῦτα
3529 5292 3592 5345 οὐ
3630 5290 3791 5360 λέγοσ

2205 5405 2326 5459 μεν,
2360 5385 2492 5456 φασί
2515 5383 2560 5423 ί·
2585 5382 2674 5438 διὰ
2699 5385 2795 5446 τὰς
2831 5381 3106 5453 ἁμαρτίας
3142 5380 3315 5436 ταῦτα
3339 5380 3639 5451 πάσχομεν.
3665 5379 3785 5433 Νῦν

2203 5472 2615 5547 ἐξομολογεῖσθε
2644 5473 2696 5526 οἱ
2724 5471 3003 5539 ἀπειθεῖς;
3040 5468 3138 5525 καὶ
3170 5468 3331 5533 ποίας
3365 5469 3675 5540 ἀμαρτίας;
3704 5469 3787 5522 εἰ·-

2271 5666 2293 5693 c
2318 5652 2439 5723 Ριξξι
2479 5647 2905 5723 ἀναισχυντίαν-βυ
2946 5644 3141 5723 λίριξῖι.Δ
3170 5644 3379 5723 additur
3401 5640 3496 5692 ἀπὸ
3531 5647 3617 5701 τῆς
3662 5642 3787 5707 χρή-

2202 5733 2346 5774 σεως,
2367 5716 2416 5763 id
2435 5713 2566 5775 quod
2588 5707 2855 5761 id'caeteris
2878 5722 2979 5759 non
2997 5707 3226 5758 habetur.

2270 5777 2290 5817 ί
2326 5778 2409 5827 Sic
2433 5775 2543 5824 cod.
2568 5773 2624 5823 Β.
2649 5777 2704 5820 ει
2725 5770 2900 5835 Morel,
2919 5769 3044 5835 Reg.
3069 5775 3123 5819 et
3139 5768 3301 5831 Colb.,
3320 5770 3375 5818 el
3397 5763 3549 5817 Savil.
3573 5763 3787 5817 ΕΛράὶῖ

2205 5841 2317 5891 ὅταν
2338 5836 2491 5888 ταῦτα
2509 5836 2739 5899 λέγωμεν,
2766 5832 2903 5898 φασί.
