4140 6356
264 463 370 520 I09

266 577 343 629 ait
374 593 388 628 :
420 572 547 641 Quis
576 571 695 643 fecit
725 581 925 626 mutum
953 579 1002 625 et
1026 570 1235 624 surdum
1260 609 1273 629 .
1299 566 1549 621 videntem
1584 572 1630 617 et
1659 573 1850 615 cacant

260 664 465 733 (Exod.
491 664 543 718 4.
577 663 710 733 ll)?
738 661 808 717 Et
837 677 1018 716 rursus
1048 680 1062 715 :
1095 660 1197 727 Qui
1224 659 1311 712 dat
1349 658 1554 727 linguas
1591 650 1853 722 expeditas

262 758 327 810 iis
348 796 368 822 ,
390 756 481 825 qui
507 764 625 810 sunt
646 753 977 824 impeditioris
1015 752 1203 822 lingua:
1222 748 1373 817 (Isai.
1401 748 1490 803 55.
1522 745 1601 817 6).
1633 745 1699 799 Et
1729 757 1851 797 rur-

262 860 358 901 sus
392 865 406 900 :
436 845 686 899 Dominus
714 846 803 898 dat
832 844 956 898 mihi
994 844 1222 913 linguam
1262 839 1548 910 disciplima
1567 878 1582 903 ,
1616 844 1670 889 ut
1697 833 1854 889 sciant

261 937 497 1007 quando.
523 945 721 1008 oportet
771 936 909 1006 loqui
957 950 1233 990 sermonem
1290 931 1403 1004 (Id.
1447 928 1538 985 50.
1581 926 1661 997 4).
1718 925 1855 979 Dicit

260 1029 431 1084 etiam
480 1028 530 1082 in
574 1026 835 1097 principio
869 1042 885 1081 :
922 1025 1125 1090 Venite,
1157 1022 1538 1087 descendamus,
1566 1027 1615 1074 et
1640 1020 1861 1088 confun-

264 1121 453 1173 damus
486 1120 717 1189 ipsorum
759 1119 959 1190 linguas
989 1117 1142 1186 (Gen.
1177 1117 1265 1171 ll.
1296 1116 1375 1186 7).
1403 1115 1590 1184 Magna
1615 1125 1744 1181 ergo
1774 1118 1859 1165 est

263 1225 322 1267 et
342 1212 518 1267 valida
547 1211 954 1267 demonstratio.
985 1210 1039 1263 In
1071 1210 1190 1263 aliis
1216 1207 1383 1271 enim,
1407 1205 1508 1260 etsi
1539 1212 1735 1274 praeter
1770 1216 1859 1255 ra-

270 1300 497 1361 tionem,
524 1296 699 1365 aliqua
728 1306 904 1349 tamen
943 1302 1190 1364 suspecta
1217 1291 1484 1345 habebant
1522 1286 1871 1359 impudentes

270 1388 350 1443 illi
378 1406 392 1441 :
424 1387 513 1442 hic
539 1396 718 1442 autem
750 1385 881 1441 nihil
913 1392 1201 1456 potuerunt
1225 1383 1424 1447 dicere,
1452 1395 1575 1435 cum
1620 1379 1733 1448 ipsa
1765 1391 1860 1447 per

271 1495 332 1535 se
364 1490 555 1534 natura
583 1476 722 1533 nuda
752 1476 1117 1531 contenderet.
1145 1475 1209 1529 Et
1244 1474 1363 1528 ideo
1406 1487 1512 1527 non
1554 1470 1690 1525 dixit
1731 1468 1861 1522 sim-

272 1572 506 1641 pliciter,
533 1568 851 1639 Infantiam,
891 1585 960 1623 ne
1010 1568 1131 1637 quis
1178 1567 1492 1620 innocentes
1550 1571 1605 1618 et
1653 1561 1862 1631 simpli-

272 1664 452 1719 ciores
476 1677 600 1717 eum
626 1661 809 1716 dicere
833 1669 1041 1730 putaret
1066 1677 1081 1725 ;
1113 1659 1207 1714 sed
1236 1658 1507 1727 subjunxit
1533 1699 1547 1722 ,
1581 1656 1648 1709 Et
1671 1656 1863 1709 lacten-

275 1756 436 1818 titun,
468 1764 682 1809 aetatem
710 1752 816 1807 cibi
844 1751 1146 1822 adjectione
1185 1752 1515 1820 exprimens.
1553 1747 1669 1803 Non
1719 1746 1862 1801 enim

272 1845 413 1900 dixit
454 1843 835 1910 solummodo,
862 1840 1180 1912 Infantiam,
1221 1840 1316 1896 sed
1348 1841 1509 1895 etiam
1558 1838 1718 1893 ubera
1768 1851 1864 1891 su-

273 1938 547 2008 gentiuru,
587 1936 677 2007 qui
722 1935 957 1991 nondum
986 1935 1143 1990 solidi
1172 1935 1277 1990 cibi
1304 1934 1518 1989 fuerunt
1553 1930 1864 2003 participes.

274 2031 393 2087 Non
442 2039 530 2085 est
570 2044 700 2100 ergo
742 2029 847 2084 hoc
891 2028 1065 2084 solum
1109 2027 1446 2093 admirabile,
1477 2024 1619 2096 quod
1653 2038 1865 2091 vocem,

275 2139 509 2193 eamque
536 2122 734 2177 claram
776 2131 834 2177 et
876 2136 1186 2192 expressam
1234 2120 1535 2185 emiserint,
1560 2120 1656 2175 sed
1703 2119 1867 2174 etiam

277 2215 424 2287 quod
452 2215 665 2284 plenam
691 2214 845 2269 bonis
874 2212 1373 2270 innumerabilibus.
1403 2213 1535 2281 Qua:
1558 2212 1702 2267 enim
1739 2226 1870 2282 apo-

282 2306 409 2361 stoli
434 2302 671 2361 nondum
694 2314 975 2371 noverant,
1006 2319 1071 2360 ea
1096 2304 1246 2375 pueri
1278 2304 1491 2376 hymnis
1505 2302 1866 2359 celebrabant.

280 2396 370 2451 Ex
396 2396 505 2450 hoc
534 2395 695 2449 etiam
739 2394 935 2465 aliquid
966 2395 1113 2449 aliud
1138 2394 1439 2464 signiﬁcat,
1479 2409 1672 2464 nempe
1712 2408 1874 2464 apor-

282 2496 401 2540 tere
430 2500 564 2550 eos,
592 2486 685 2555 qui
730 2484 801 2541 ad
846 2484 1096 2555 dogmata
1136 2484 1430 2548 accedunt,
1458 2484 1638 2539 animo
1675 2497 1873 2554 pueros

284 2574 454 2630 efﬁci.
485 2574 543 2630 Si
569 2576 689 2646 quis
713 2575 857 2630 enim
880 2590 985 2630 non
1013 2575 1309 2646 susceperit
1352 2590 1574 2645 regnum
1620 2575 1873 2629 caelorum

285 2678 347 2722 ut
368 2665 602 2735 puellus,
618 2667 808 2736 inquit,
828 2681 934 2721 non
955 2677 1128 2737 pOleSt
1152 2667 1204 2721 in
1234 2666 1408 2735 ipsum
1438 2665 1641 2736 ingredi
1659 2666 1873 2737 (Matth.

288 2758 378 2811 18.
407 2757 490 2826 5).
517 2754 735 2827 Propter
755 2757 983 2811 inimicos
1010 2766 1143 2811 tuos.
1172 2757 1309 2811 Dicit
1336 2758 1497 2811 etiam
1527 2771 1740 2810 causam
1780 2772 1879 2811 cur

289 2848 395 2902 hoc
433 2847 751 2901 miraculum
806 2845 1008 2902 factum
1054 2848 1144 2903 sit.
1174 2847 1290 2902 Alia
1328 2848 1471 2903 enim
1522 2863 1628 2901 non
1660 2857 1879 2917 propter

291 2938 545 3013 inimicos
591 2936 731 2992 facta
774 2946 932 3003 sunt,
966 2937 1062 2993 sed
1106 2946 1162 2993 ut
1200 2937 1518 2994 accedentes
1555 2938 1878 2994 beneﬁcium

290 3031 626 3099 acciperent.
657 3039 708 3085 et
737 3030 826 3084 alii
856 3029 1210 3085 docerentur:
1234 3032 1334 3086 hoc
1358 3041 1536 3087 autem
1572 3048 1677 3087 non
1703 3032 1878 3088 solum

290 3131 581 3193 propterea
602 3120 795 3177 factum
825 3129 935 3188 est,
962 3121 1056 3178 sed
1082 3133 1140 3176 ut
1168 3123 1546 3179 obturarentur
1574 3139 1664 3180 ora
1694 3124 1879 3179 inimi-

292 3230 481 3270 corum
502 3232 517 3268 :
536 3229 669 3285 quos
692 3215 849 3270 etiam
874 3214 1011 3270 alius
1029 3216 1225 3270 clarius
1240 3215 1562 3286 signiﬁcans,
1580 3216 1727 3282 dicit,
1748 3215 1884 3271 Pro-

293 3317 404 3379 pter
433 3308 687 3378 ittigantes
726 3317 792 3362 te.
825 3307 864 3363 li
894 3308 1036 3363 enim
1082 3323 1205 3363 eum
1244 3309 1528 3380 alligarunt
1556 3309 1771 3365 ductum
1813 3310 1880 3365 ad

291 3416 535 3455 crucem.
570 3399 638 3456 Ut
683 3401 914 3455 destruas
951 3402 1213 3456 inimicum
1246 3412 1293 3456 et
1336 3404 1568 3458 ultorem.
1595 3404 1744 3459 Alius
1766 3445 1782 3470 ,
1813 3404 1883 3460 Ut

292 3509 585 3564 compescas
621 3494 912 3559 inimicum,
936 3502 983 3548 et
1010 3495 1098 3564 qui
1130 3495 1353 3564 seipsum
1394 3497 1675 3564 ulciscitur,
1716 3511 1885 3567 popu-

294 3586 408 3640 lum
436 3585 525 3640 hic
554 3584 1052 3641 dicensludaicum.
1080 3586 1350 3641 Christum
1377 3588 1518 3641 enim
1546 3588 1887 3658 cxpellebant

294 3686 359 3731 ut
386 3676 682 3742 inimicum,
706 3692 818 3746 prae
846 3692 905 3732 se
934 3675 1176 3733 ferebant
1201 3688 1377 3733 autem
1407 3678 1510 3734 hoc
1540 3678 1717 3735 facere
1744 3688 1883 3733 tam-

295 3783 459 3837 quam
485 3768 697 3823 Patrem
726 3769 1064 3824 ulciscentes.
1094 3770 1157 3824 Et
1188 3769 1310 3825 ideo
1342 3773 1478 3826 hanc
1517 3772 1621 3826 illis
1663 3787 1884 3827 excusa-

299 3861 500 3915 tionem
525 3860 796 3927 auferens,
818 3862 1069 3919 dicebat:
1101 3864 1199 3930 Qui
1215 3882 1291 3918 nte
1307 3865 1434 3932 odit,
1461 3866 1567 3919 odit
1600 3875 1647 3920 et
1676 3864 1886 3920 Patrem

296 3968 469 4004 meum
483 3950 664 4019 (Joan.
696 3953 783 4008 15.
812 3953 905 4024 25)
930 3969 947 4018 ;
976 3961 1031 4009 et
1070 3969 1258 4009 rursus
1287 3972 1301 4009 :
1332 3954 1432 4022 Qui
1476 3956 1634 4010 credit
1677 3957 1732 4011 in
1772 3972 1883 4023 me,

296 4042 461 4096 credit
494 4043 550 4096 in
577 4059 690 4097 eum
714 4043 799 4114 qui
828 4060 907 4098 me
936 4045 1071 4098 misit
1100 4044 1121 4117 (
1147 4043 1239 4100 1d.
1273 4045 1361 4100 I2.
1393 4046 1464 4101 44
1485 4046 1505 4118 )
1529 4064 1544 4102 :
1568 4047 1761 4102 honori
1789 4062 1887 4103 suo

296 4142 357 4187 et
381 4132 591 4201 injuriae
637 4148 852 4204 semper
903 4134 1118 4192 Patrem
1157 4137 1507 4209 conjungens.
1545 4138 1679 4195 Vide
1726 4155 1886 4210 quam

294 4234 550 4279 accurate
577 4225 827 4294 loquutus
852 4226 922 4280 sit
949 4228 1231 4298 propheta.
1261 4228 1377 4284 Non
1401 4229 1553 4295 dixit,
1580 4230 1650 4287 Ut
1674 4233 1885 4301 punias,

294 4313 399 4368 sed
430 4312 498 4368 Ut
524 4315 949 4387 destruas:qu0d
983 4317 1120 4373 alius
1140 4320 1343 4375 clarius
1369 4320 1649 4392 signiﬁcat,
1680 4323 1885 4390 dicens,

300 4405 371 4461 lit
398 4423 598 4461 cessare
626 4408 809 4480 facias,
836 4408 940 4465 hoc
969 4419 1087 4478 est,
1106 4419 1165 4465 ut
1203 4426 1390 4467 eorum
1429 4412 1498 4467 de
1523 4413 1701 4468 medio
1732 4415 1889 4470 tollas

306 4498 709 4569 impudentiam,
732 4516 837 4555 non
867 4512 925 4556 ut
944 4501 1137 4557 doceas
1161 4521 1175 4557 :
1199 4502 1510 4559 laborabant
1530 4505 1674 4559 enim
1701 4505 1889 4561 morbo

304 4589 608 4645 incurabili.
625 4590 759 4645 Cum
789 4607 918 4663 ergo
949 4595 1053 4649 tale
1080 4594 1321 4649 viderent
1348 4596 1664 4651 miraculum
1686 4638 1700 4659 ,
1725 4607 1781 4653 et
1809 4599 1890 4652 ni-

304 4680 379 4736 hil
408 4692 631 4751 possent
657 4692 844 4738 contra
870 4683 1050 4740 dicere
1069 4726 1087 4751 ,
1128 4686 1182 4739 in
1210 4686 1385 4754 ipsum
1415 4689 1884 4755 convertebantur,

302 4771 544 4827 dicentes
571 4788 586 4826 :
617 4771 738 4826 Non
778 4775 926 4829 audis
953 4776 1076 4847 quid
1100 4777 1155 4829 Iti
1179 4778 1351 4831 dicant
1382 4777 1596 4848 (Manli.
1626 4780 1717 4835 21.
1752 4782 1889 4852 I6)?

303 4862 373 4917 Et
397 4878 518 4917 cum
542 4873 815 4932 oporteret
839 4864 1087 4935 deinceps
1114 4867 1341 4923 adorare
1366 4878 1419 4923 et
1448 4869 1722 4937 admirari,
1738 4882 1890 4926 erant

300 4954 461 5009 valde
488 4956 727 5025 perplexi
750 4966 805 5010 et
838 4957 1022 5011 incerti
1051 4958 1177 5028 quid
1206 4969 1456 5029 agerent,
1485 4972 1540 5016 et
1567 4977 1689 5016 cum
1724 4962 1885 5017 debe-

302 5054 426 5100 rent
452 5046 592 5100 inter
629 5063 688 5101 se
726 5048 1057 5114 dicere,Non
1115 5052 1266 5107 audis
1316 5053 1443 5122 quid
1484 5054 1535 5107 hi
1584 5054 1888 5110 dicunt?id

302 5138 499 5208 seipsis
540 5140 777 5195 dimissis
812 5138 1023 5197 Christo
1047 5142 1312 5199 dicebant.
1344 5145 1411 5199 Et
1440 5161 1535 5199 cur
1562 5162 1668 5201 non
1694 5147 1888 5202 emissa

304 5242 390 5286 est
411 5247 512 5286 vox
538 5233 891 5302 angelorum?
911 5235 1062 5302 Quod
1102 5236 1229 5291 illud
1251 5237 1467 5306 quidem
1501 5249 1770 5309 spectrum
1810 5241 1890 5295 eis

302 5323 569 5393 potuisset
594 5322 761 5379 videri
784 5341 799 5389 ;
822 5325 887 5379 ad
918 5326 1018 5380 hoc
1041 5339 1216 5381 autem
1244 5330 1374 5382 nihil
1400 5339 1646 5399 poterant
1672 5339 1890 5387 contra-

300 5415 507 5469 dicere.
532 5414 668 5481 Quid
712 5425 890 5473 autem
926 5418 1173 5475 dicebant
1220 5422 1407 5491 pueri?
1432 5422 1568 5478 Nihil
1604 5439 1766 5494 grave
1799 5435 1891 5481 aut

303 5508 693 5576 importunum,
722 5526 821 5565 nec
841 5512 980 5581 quod
1001 5528 1094 5568 eos
1116 5502 1229 5583 iure
1257 5526 1435 5584 posset
1461 5519 1773 5587 percellere,
1795 5521 1889 5577 sed

302 5597 451 5668 quod
478 5598 596 5668 ejus
636 5616 759 5657 cum
786 5602 945 5659 Patre
977 5608 1385 5662 consensionem
1423 5612 1652 5667 maxime
1693 5615 1889 5684 signiﬁo

569 5832 624 5877 ιιι
654 5831 842 5893 opinor,
866 5834 907 5883 si

569 5833 624 5877 ut
653 5833 842 5942 apinor,
866 5833 1155 5897 signiﬁcans.
1182 5840 1339 5890 Liter:
1362 5842 1491 5893 enim
1520 5852 1552 5895 c
1583 5843 1740 5897 literae
1762 5855 1887 5899 Grat-

1363 445 1725 509 EXPOSITIO
1764 439 1830 498 IN
1866 438 2192 496 PSALMUM
2232 440 2369 497 VIII.

3446 438 3546 493 ΗΟ

1962 564 2131 612 caret.
2155 555 2484 620 Benedictus,
2512 555 2792 622 dicebant,
2822 555 2907 627 qui
2950 554 3083 610 venit
3115 554 3169 607 in
3213 550 3415 607 nomine
3443 551 3549 606 Do-

1960 648 2084 702 mini
2112 647 2322 719 (Matth.
2348 647 2442 703 2t.
2468 647 2544 718 9).

1990 758 2001 765 ·
2032 740 2087 796 3.
2125 739 2296 795 [ιιάωί
2342 757 2433 794 cur
2470 749 2580 811 post
2608 737 2796 795 Christi
2822 734 3031 793 mortem
3064 735 3545 793 miserabiliores.“-

1962 833 2114 889 'l-'unc
2156 849 2288 903 ergo
2335 848 2524 889 eorum
2564 833 2803 888 coercuit
2856 829 3240 899 impudentiam
3269 829 3288 861 ¹
3313 868 3332 895 ,
3360 840 3547 898 postea

1963 933 2140 980 autem
2164 924 2352 979 urbem
2378 938 2590 995 quoque
2614 938 2800 978 eorum
2827 919 3041 983 evertit,
3074 932 3175 974 nec
3192 928 3277 974 est
3296 918 3399 973 ulla
3423 932 3549 987 pars

1964 1018 2127 1073 totius
2146 1017 2290 1073 orbis
2312 1027 2571 1072 terrarum
2591 1056 2607 1083 ,
2635 1030 2756 1086 qua:
2790 1016 2861 1069 sit
2888 1012 3196 1069 Judzeorum
3228 1010 3551 1065 calamitatis

1963 1126 2157 1180 expers
2186 1129 2200 1166 :
2235 1111 2327 1167 sed
2356 1108 2804 1181 quemadmodum
2834 1106 2924 1177 qui
2957 1104 3183 1176 corpore
3210 1113 3293 1159 est
3338 1104 3547 1167 mutila,

1965 1205 2199 1274 undique
2218 1202 2601 1258 circumcursat
2617 1216 2710 1256 sua
2736 1202 2952 1255 vulnera
2970 1205 3265 1262 ostentans,
3290 1205 3345 1252 et
3365 1210 3554 1267 quein—

1965 1294 2250 1350 admodum
2285 1294 2491 1364 judices
2530 1308 2651 1349 cum
2686 1292 2885 1347 multos
2927 1288 3222 1345 homicidas
3257 1286 3327 1342 de
3374 1285 3555 1340 medio

1967 1387 2301 1450 sustulerint,
2326 1400 2489 1439 unum
2539 1384 2701 1439 furem
2753 1382 2997 1452 afﬁgunt,
3037 1389 3093 1434 nt
3148 1379 3276 1448 ipsis
3329 1376 3561 1431 mortuis

1970 1489 2237 1549 tamquam
2280 1477 2536 1533 inﬁictum
2575 1476 2895 1547 supplicium
2940 1476 3089 1528 vivos
3142 1481 3391 1527 coerceat
3415 1479 3468 1525 et
3499 1470 3553 1523 in

1968 1570 2145 1627 ofﬁcio
2169 1571 2438 1626 contineat
2471 1586 2485 1623 :
2524 1572 2596 1624 ita
2626 1569 2713 1624 hic
2738 1569 2897 1624 etiam
2926 1584 3031 1621 non
3057 1575 3332 1631 mortuos;
3359 1565 3451 1617 sed
3482 1564 3551 1616 vi-

1968 1678 2066 1717 vos
2095 1663 2345 1717 omnibus
2372 1662 2674 1731 exemplum
2715 1659 3026 1731 proposuit,
3060 1673 3154 1711 eos
3205 1657 3554 1724 dispergens:

1970 1764 2025 1810 et
2048 1756 2137 1825 qui
2167 1770 2323 1808 unam
2354 1752 2661 1807 habitabant
2688 1752 2958 1821 regionem
2980 1791 2993 1812 ,
3019 1762 3157 1804 nunc
3186 1757 3309 1802 sunt
3333 1745 3560 1816 dispersi

1972 1862 2067 1918 per
2095 1855 2265 1901 totum
2301 1846 2485 1899 urbem
2515 1855 2797 1899 terrarum.
2838 1843 2904 1897 Et
2933 1841 2978 1896 si
3003 1854 3215 1895 causam
3263 1838 3557 1907 rogaveris,

1972 1939 2169 1993 nullam
2199 1938 2356 1991 aliam
2384 1936 2641 2001 invenies,
2672 1949 2829 2005 quam
2859 1931 2999 2003 quod
3039 1930 3307 1985 Christum
3342 1928 3561 1983 cruciﬁ—

1973 2029 2221 2084 ﬁxerunt.
2244 2027 2351 2083 Cur
2371 2026 2536 2093 enim,
2564 2026 2651 2081 dic
2672 2025 2823 2092 mihi,
2848 2024 2949 2079 hoc
2979 2022 3052 2079 ita
3082 2022 3278 2077 factum
3304 2036 3407 2075 non
3437 2019 3561 2075 est?

1972 2121 2077 2179 Sed
2106 2130 2160 2176 et
2196 2121 2241 2175 si
2271 2119 2323 2175 id
2348 2118 2634 2190 aliquando
2675 2116 2872 2173 factum
2897 2124 3001 2184 est,
3048 2116 3100 2170 in
3145 2124 3301 2169 unam
3346 2122 3558 2186 gentem

1974 2213 2187 2270 abducti
2212 2221 2364 2279 sunt,
2392 2219 2447 2267 et
2473 2211 2539 2266 ad
2570 2225 2766 2281 paucos
2810 2225 2979 2265 annos
3012 2227 3026 2263 :
3058 2224 3198 2264 nunc
3234 2217 3412 2263 autem
3457 2223 3562 2263 non

1977 2305 2074 2371 sic,
2103 2303 2197 2359 sed
2220 2302 2427 2358 inﬁnito
2446 2302 2708 2373 supplicio
2733 2302 3042 2373 puniuntur.
3069 2300 3138 2354 Et
3161 2300 3206 2354 si
3232 2314 3323 2353 eos
3344 2312 3566 2368 rogave-

1977 2399 2096 2453 ris:
2124 2394 2230 2450 Cur
2254 2394 2526 2451 Christum
2554 2393 2930 2449 cruciﬁxistis?
2970 2392 3156 2447 dicunt
3191 2389 3373 2459 :Quod
3422 2396 3565 2443 esset

1978 2488 2232 2557 deceptor
2248 2494 2303 2541 et
2323 2485 2692 2556 praestigiator.
2709 2483 2819 2539 Vos
2833 2498 2958 2553 ergo
2974 2482 3253 2553 oportebat
3279 2488 3563 2550 propterea

1980 2579 2313 2646 honorari,et
2330 2578 2463 2633 ﬁnes
2478 2586 2683 2632 vestros
2696 2574 3158 2646 pr0pagari,utqui
3178 2573 3288 2626 Deo
3310 2571 3568 2631 fecissetis

1980 2687 2093 2727 rem
2125 2680 2346 2741 gratam.
2376 2668 2475 2736 Qui
2506 2667 2651 2722 enim
2679 2666 3016 2736 deceptorem
3046 2672 3101 2719 et
3129 2662 3565 2733 pncstigiatorcm

1980 2779 2044 2819 ac
2070 2763 2164 2818 Dei
2185 2761 2547 2817 adversarium
2569 2758 2638 2814 de
2662 2758 2838 2813 medio
2854 2756 3147 2822 sustulerit,
3169 2755 3215 2808 is
3243 2753 3335 2808 Dei
3361 2752 3566 2807 hostem

1984 2854 2198 2910 sustulit
2227 2870 2241 2905 :
2272 2853 2366 2922 qui
2410 2860 2587 2906 autem
2615 2849 2824 2905 hostem
2864 2848 3094 2911 sustulit,
3133 2846 3177 2899 is
3210 2845 3332 2916 jure
3365 2843 3569 2913 optimo

1982 2945 2245 3001 laudetur.
2286 2944 2439 2999 Nunc
2474 2952 2651 2997 autem
2690 2941 2921 2996 Phinees
2962 2937 3105 3009 quod
3130 2953 3291 2991 unam
3321 2933 3568 2990 meretri-

1983 3051 2101 3091 cem
2134 3033 2458 3090 interfecerit
2483 3031 2671 3102 (Num.
2700 3031 2793 3087 25.
2826 3031 2911 3086 12.
2945 3030 3057 3100 15),
3082 3038 3280 3082 tantam
3300 3026 3507 3081 laudent
3536 3040 3568 3079 a

1987 3128 2096 3183 Deo
2121 3136 2205 3183 est
2241 3133 2602 3196 consequutus
2626 3165 2642 3189 ,
2669 3132 2727 3178 ut
2763 3120 3064 3178 sacerdotio
3089 3129 3143 3175 et
3179 3127 3325 3173 tanto
3369 3118 3571 3173 honore

1984 3220 2177 3290 dignus
2202 3218 2363 3273 fuerit
2392 3232 2409 3269 :
2442 3232 2538 3271 vos
2565 3224 2764 3278 autem,
2791 3227 2927 3284 quos
2948 3211 3117 3266 multo
3145 3208 3335 3280 majori
3366 3208 3571 3263 honore

1986 3311 2125 3366 afﬁci
2156 3316 2459 3381 oporteret,
2484 3307 2530 3363 si
2554 3306 2713 3361 modo
2737 3306 3075 3375 deceptorem
3102 3302 3451 3365 occidissetis,
3480 3314 3571 3355 er-

1986 3416 2149 3458 rones
2170 3409 2226 3455 et
2248 3400 2788 3468 exsules,nu||amqne
2815 3406 3015 3453 certam
3042 3395 3223 3452 sedem
3243 3402 3335 3448 aut
3348 3393 3573 3463 patriam

1989 3493 2248 3548 habentes
2267 3535 2281 3557 ,
2314 3492 2417 3545 huc
2442 3500 2496 3546 et
2526 3490 2650 3544 illuc
2684 3489 2863 3543 obitis.
2906 3488 3017 3543 Hoc
3063 3502 3192 3557 ergo
3215 3485 3359 3541 nulla
3386 3484 3485 3539 alia
3506 3483 3573 3539 de

1989 3602 2147 3642 causa
2177 3585 2315 3654 passi
2342 3584 2493 3650 estis,
2522 3599 2678 3653 quam
2706 3582 2845 3653 quod
2874 3593 3156 3652 patronum
3182 3595 3245 3635 ac
3264 3578 3573 3634 benefacto-

1988 3694 2137 3745 rem,
2169 3686 2222 3732 et
2261 3677 2503 3731 veritatis
2543 3674 2816 3730 doctorem
2868 3672 3229 3728 cruciﬁxistis.
3279 3670 3335 3726 Si
3390 3669 3576 3724 fuisset

1989 3773 2129 3828 enim
2151 3771 2420 3836 seductor,
2456 3779 2511 3826 et
2540 3770 2632 3824 Dei
2658 3768 2993 3824 adversarius
3011 3808 3028 3834 ,
3059 3778 3111 3823 et
3140 3782 3259 3820 cum
3307 3764 3446 3818 Deus
3468 3776 3573 3817 non

1989 3873 2152 3931 esset,
2181 3863 2436 3919 voluisset
2463 3877 2583 3917 esse
2606 3862 2767 3927 Deus,
2809 3868 2862 3915 et
2888 3859 3061 3914 Patris
3087 3859 3344 3912 honorem
3382 3854 3451 3909 ad
3479 3868 3569 3908 se-

1990 3955 2166 4027 ipsum
2193 3955 2519 4021 attraxisset,
2538 3961 2593 4009 et
2612 3952 2812 4007 Phinee
2845 3958 2900 4006 et
2920 3949 3168 4005 Samuele
3196 3956 3251 4003 et
3272 3946 3375 4001 illis
3402 3944 3577 4000 omni-

1990 4047 2092 4104 bus
2118 4046 2466 4119 oportuitvos
2492 4044 2661 4113 magis
2690 4039 3053 4110 honorari,qui
3074 4039 3204 4108 legis
3225 4034 3574 4092 defendenda:

1994 4148 2197 4195 tantum
2234 4140 2407 4195 zelum
2437 4136 2815 4195 ostenderetis.
2871 4134 3021 4190 Nunc
3046 4142 3224 4188 autem
3252 4130 3393 4201 quod
3422 4144 3575 4184 num-

1992 4248 2149 4302 quam
2171 4232 2312 4301 passi
2339 4230 2491 4296 estis,
2517 4243 2638 4284 cum
2657 4227 2795 4282 idola
2820 4225 3085 4286 coleretis,
3112 4237 3235 4279 cum
3256 4221 3403 4292 impii
3423 4235 3573 4277 esse-

1992 4325 2081 4389 tis,
2103 4337 2222 4377 cum
2244 4322 2381 4377 ﬁlios
2405 4317 2778 4376 interﬁceretis
2798 4359 2813 4383 ,
2846 4316 2948 4372 hoc
2978 4315 3119 4385 passi
3150 4315 3279 4370 estis
3303 4354 3317 4379 ,
3348 4321 3404 4368 et
3431 4312 3575 4366 nulla

1991 4413 2149 4469 datur
2172 4413 2310 4467 ratio
2329 4427 2426 4467 vos
2450 4409 2709 4467 liberandi
2736 4424 2767 4463 a
2798 4407 2972 4473 malis,
2990 4416 3045 4462 et
3071 4420 3315 4472 errones,
3338 4403 3570 4465 exsules,

1993 4507 2310 4580 vagabundi,
2339 4516 2395 4562 et
2417 4506 2780 4561 Romanorum
2808 4502 3015 4572 legibus
3032 4500 3346 4563 servientes,
3374 4505 3575 4552 terram

1992 4609 2051 4656 et
2076 4615 2223 4655 mare
2247 4598 2431 4667 obitis,
2449 4598 2761 4669 migrantes,
2786 4594 2960 4649 nullas
2989 4602 3165 4648 certas
3191 4592 3350 4648 sedes
3367 4631 3382 4656 ,
3410 4590 3574 4645 urbes

1991 4700 2086 4747 aut
2119 4691 2309 4745 domos
2338 4689 2594 4744 habentes
2616 4729 2633 4757 ,
2664 4694 2719 4742 et
2744 4686 2799 4741 in
2818 4684 3131 4740 servitutem
3170 4682 3367 4737 redacti
3392 4723 3409 4749 ,
3438 4696 3467 4734 a
3509 4679 3577 4734 lic

1992 4783 2219 4847 bertate,
2246 4798 2274 4834 a
2314 4780 2505 4851 patria,
2548 4796 2579 4835 a
2607 4778 2907 4835 sacerdotio
2928 4817 2945 4844 ,
2972 4783 3029 4832 et
3068 4775 3135 4831 ab
3163 4775 3429 4842 omnibus,
3458 4789 3579 4844 qua:

1993 4875 2143 4945 prius
2177 4874 2450 4929 habebatis
2468 4913 2486 4939 ,
2528 4872 2742 4944 expulsi
2781 4871 2934 4939 estis,
2963 4871 3017 4925 in
3044 4869 3236 4924 mediis
3256 4868 3497 4924 barbaris
3525 4877 3581 4922 et

1993 4967 2241 5037 gentibus
2320 4965 2610 5021 innumeris
2663 4962 2919 5034 dispersi,
2973 4961 3222 5017 omnibus
3274 4959 3580 5015 hominibus

1994 5059 2171 5125 exosi,
2206 5058 2515 5114 exsecrandi
2541 5101 2556 5125 ,
2578 5068 2634 5113 et
2651 5056 2895 5113 omnibus
2915 5054 2981 5110 ad
3002 5053 3248 5123 iniuriam
3270 5052 3577 5122 opportuni.

1994 5149 2064 5204 Et
2107 5150 2302 5204 merito
2354 5149 2616 5218 quidem:
2653 5164 2758 5203 non
2810 5147 2954 5203 enim
3008 5145 3227 5217 przentia
3274 5142 3577 5213 accepistis,

1995 5242 2137 5311 quod
2165 5242 2258 5296 Dei
2288 5241 2557 5296 inimicum
2601 5240 2902 5296 occideritis
2941 5256 2957 5293 :
3001 5238 3106 5292 hoc
3148 5251 3297 5291 mera
3321 5244 3406 5290 est
3434 5236 3577 5289 insa-

1997 5334 2083 5388 nia
2112 5341 2168 5389 et
2185 5348 2358 5402 nugae.
2391 5332 2522 5401 Qua:
2547 5333 2690 5387 enim
2722 5346 2862 5386 nunc
2883 5330 3161 5401 patimini,
3192 5343 3301 5383 non
3329 5335 3454 5382 sunt
3481 5340 3580 5380 eo-

1996 5442 2112 5481 rum
2134 5426 2222 5496 qui
2256 5426 2346 5479 Dei
2388 5425 2633 5481 inimicos
2660 5423 2940 5489 occidunt,
2978 5421 3075 5477 sed
3112 5436 3295 5476 eorum
3326 5419 3414 5488 qui
3442 5419 3580 5472 ami-

1996 5533 2090 5574 cos
2128 5518 2456 5574 interimunt.
2512 5518 2640 5585 Sed,
2686 5533 2720 5572 o
2756 5516 2949 5583 amice,
2992 5515 3271 5584 inquiunt,
3313 5512 3429 5567 hu'c
3474 5527 3580 5565 non

1996 5612 2222 5666 dicimus
2255 5628 2266 5663 :
2296 5620 2511 5683 propter
2531 5622 2709 5666 nostra
2729 5619 2941 5681 peccata
2966 5607 3082 5662 haec
3113 5605 3343 5678 patimur
3368 5605 3410 5657 '.
3434 5602 3584 5658 Nunc

2062 5792 2077 5855 ξ
2102 5797 2208 5839 Post
2226 5803 2415 5855 vocem,
2437 5789 2798 5855 impudentiam,
2820 5790 2870 5838 in
2906 5784 3070 5838 moral.
3093 5782 3300 5844 additur,
3322 5778 3584 5846 Scriptura

1997 5850 2147 5902 allato
2168 5852 2443 5902 testimonio.

2065 5917 2085 5947 ³
2119 5920 2228 5964 Haec
2249 5923 2326 5965 est
2347 5912 2493 5967 lectio
2520 5914 2701 5967 codicis
2723 5919 2790 5974 8.,
2816 5912 3016 5976 probata
3048 5924 3077 5962 a
3108 5910 3277 5962 Savilio
3299 5911 3346 5961 in
3366 5912 3509 5972 notis,
3529 5916 3580 5959 et
