4140 6356
542 538 873 601 eontltemini
928 534 1232 596 increduli?
1282 542 1633 603 et-quaensm
1693 525 1995 599 peccastis?
2041 524 2125 580 An

544 653 689 695 nunc
730 635 958 707 primum
1013 628 1314 702 peecastis?
1352 626 1501 681 Nunc
1540 631 1689 685 certe
1738 619 2149 676 moderatiores.

542 726 811 785 evnsisus.
851 723 960 781 Sed
996 721 1233 778 nondum
1265 718 1368 774 hoc
1394 717 1604 787 agimus
1636 736 1649 771 :
1678 722 1737 769 at
1776 726 1874 768 vos
1911 710 2039 767 illud
2067 710 2132 766 li-

544 821 1191 888 benter-interrogarem,
1236 826 1334 869 cur
1378 811 1778 881 priussemper
1825 811 2132 877 peccantes,

546 914 643 969 Dei
670 909 1053 982 benignitatem
1081 916 1136 963 et
1165 903 1504 961 clementiam
1547 899 1820 966 sensistis,
1851 910 1993 951 nunc
2036 909 2137 949 au-

545 1014 656 1060 tem
672 1018 781 1059 non
798 1000 1006 1066 itidem,
1026 1007 1080 1055 et
1105 996 1247 1068 quod
1276 1004 1361 1051 est
1383 991 1771 1054 admirabilius,
1790 1003 1932 1045 nunc
1956 985 2135 1042 mino-

546 1114 604 1153 ra
621 1104 841 1170 peccata
850 1091 1283 1151 committentes?
1298 1089 1450 1145 Tunc
1462 1087 1604 1143 enim
1622 1094 1678 1140 et
1695 1081 2023 1153 Beelpbegor
2053 1079 2155 1170 inm

550 1168 842 1245 itiabamini
863 1184 1050 1257 (Num.
1071 1183 1191 1252 25),
1206 1191 1265 1237 et
1279 1179 1503 1236 vitulum
1522 1175 1785 1233 adorastis
1802 1171 1994 1243 (Exod.
2016 1168 2133 1242 52),

548 1291 604 1337 et
631 1280 766 1335 ﬁlios
784 1277 1079 1344 cecidistis,
1108 1284 1164 1334 et
1185 1275 1322 1331 ﬁlias
1346 1274 1415 1329 de
1440 1271 1619 1328 medio
1644 1269 1936 1325 sustulistis
1961 1265 2134 1338 (Psal.

549 1372 676 1428 105.
703 1372 794 1427 37.
826 1370 939 1441 58),
966 1368 1125 1439 idque
1149 1383 1271 1423 cum
1294 1364 1447 1421 vobis
1474 1363 1622 1435 signa
1650 1361 1860 1417 abunde
1886 1368 2137 1430 suppete-

550 1474 672 1517 rent
704 1479 719 1515 :
747 1476 888 1516 nunc
916 1469 1095 1515 autem
1113 1474 1236 1514 cum
1264 1473 1363 1514 nec
1400 1456 1623 1512 videatis
1654 1469 1802 1509 mare
1830 1451 2014 1517 dividi,
2039 1465 2140 1506 nec

554 1563 756 1624 petram
788 1552 975 1622 frangi,
1002 1566 1103 1607 nec
1115 1550 1303 1607 adesse
1326 1548 1612 1620 prophetas
1637 1546 1831 1618 (Exod.
1856 1546 1923 1601 M
1949 1554 1997 1600 et
2025 1545 2137 1615 i7),

554 1662 652 1701 nec
696 1646 859 1700 vestri
899 1652 1207 1699 consuetam
1256 1641 1499 1698 sentiatis
1530 1640 1938 1712 providentiam,
1970 1638 2142 1708 major

554 1747 735 1792 tamen
768 1744 1021 1806 appareat
1060 1734 1298 1805 probitas
1327 1751 1339 1787 :
1372 1748 1616 1803 quamam
1650 1742 1730 1787 est
1770 1746 1931 1787 causa
1951 1772 1966 1796 ,
1998 1728 2142 1801 quod

554 1827 768 1899 quando
790 1828 963 1881 minus
991 1826 1241 1896 peccatis,
1262 1836 1317 1883 et
1334 1825 1503 1895 major
1521 1834 1606 1879 est
1629 1838 1802 1878 vestra
1823 1823 2149 1889 moderatio,

556 1920 728 1990 major
756 1920 824 1975 sit
853 1936 1007 1990 paena
1034 1936 1096 1975 ac
1115 1919 1471 1990 supplicium?
1491 1920 1683 1973 Annon
1711 1918 1791 1973 vel
1831 1917 2006 1973 stultis
2028 1917 2145 1973 cla-

557 2026 676 2067 rum
706 2022 806 2077 est,
848 2013 901 2068 id
949 2013 1069 2068 ideo
1111 2012 1246 2078 ﬁeri,
1270 2013 1521 2083 quoniam
1558 2012 1729 2082 majus
1774 2020 1856 2066 cst
1907 2020 2145 2066 vestrum

558 2121 700 2160 nunc
733 2115 1005 2176 peccatum
1028 2106 1051 2159 ?
1078 2104 1341 2172 Quamdiu
1380 2104 1525 2158 enim
1571 2104 1623 2157 in
1654 2117 1838 2157 servos
1866 2103 2153 2172 peccastis,

560 2202 770 2257 veniam
796 2203 926 2256 estis
954 2201 1245 2269 assequuti,
1275 2208 1334 2254 ut
1357 2215 1477 2254 cum
1507 2198 1793 2269 prophetas
1817 2197 2151 2252 interficerer

562 2294 630 2347 tis
657 2304 711 2347 et
736 2293 997 2362 lapidibus
1026 2291 1353 2361 impeteretis
1378 2308 1391 2353 ;
1426 2291 1521 2346 sed
1554 2300 1831 2361 postquam
1873 2304 2066 2343 manus
2096 2290 2151 2343 in

565 2384 846 2439 Dominum
878 2385 1164 2452 injecistis,
1195 2383 1347 2439 Vobis
1372 2383 1626 2453 deinceps
1651 2384 1824 2438 evasit
1862 2382 2015 2437 ulcus
2051 2381 2150 2435 im-

565 2475 899 2531 medicabile.
932 2475 1002 2530 Et
1049 2475 1171 2530 ideo
1195 2474 1563 2546 quadringenti
1585 2475 1699 2545 jam
1729 2474 1854 2529 anni
1888 2474 2153 2543 praeterie~

563 2572 710 2629 runt,
733 2581 799 2619 ex
824 2580 931 2636 quo
949 2565 1178 2620 civitatis
1203 2566 1286 2621 vel
1312 2565 1484 2635 ipsum
1515 2564 1689 2620 solum
1714 2563 1873 2635 periit
1891 2561 1989 2637 (a),
2020 2563 2151 2619 sub-

566 2658 730 2713 latum
756 2668 837 2713 est
866 2658 1222 2715 sacerdotium
1247 2701 1261 2720 .
1294 2673 1516 2728 regnum
1557 2658 1873 2729 abruptum,
1914 2656 2153 2712 confusa:

568 2752 766 2814 tribus,
800 2752 1053 2820 prmclara
1086 2752 1172 2806 illa
1202 2760 1258 2806 et
1294 2751 1570 2821 magniiica
1604 2759 1968 2816 evanuerunt,
1991 2757 2047 2804 et
2086 2762 2156 2804 ne

567 2844 845 2916 vestigium
869 2844 1082 2913 quidem
1110 2852 1193 2898 est
1218 2843 1356 2913 apud
1376 2859 1475 2899 vos
1501 2842 1762 2913 reliquum
1788 2858 1802 2896 :
1826 2841 1968 2913 quod
1993 2857 2153 2895 num-

567 2952 727 3007 quam
756 2946 880 2991 ante
903 2936 1095 2990 factum
1117 2945 1221 2991 est.
1262 2935 1368 2992 Sed
1396 2937 1450 2990 in
1478 2934 1740 3005 principio
1766 2933 1982 3005 quidem
2030 2948 2154 2989 cum

569 3027 805 3083 dirutum
860 3038 1004 3102 esset
1057 3028 1353 3098 templum,
1394 3026 1742 3082 remanebant
1769 3024 2074 3096 prophetae,
2103 3034 2160 3081 et

568 3119 797 3189 Spiritus
825 3118 986 3184 dona,
1013 3128 1069 3173 et
1094 3118 1345 3174 miracula
1370 3136 1385 3172 :
1414 3132 1556 3174 nunc
1572 3125 1750 3173 autem
1775 3157 1790 3184 ,
1819 3127 1876 3173 ut
1902 3118 2046 3174 clare
2072 3118 2157 3173 in—

571 3209 822 3280 telligatis
853 3210 1017 3265 Dettm
1050 3225 1145 3264 vos
1168 3224 1290 3266 esse
1318 3219 1578 3281 perpetuo
1596 3219 1919 3274 aversatum,
1936 3225 2001 3265 ea
2026 3224 2161 3280 quo-

579 3320 685 3375 que
729 3304 935 3359 sublata
992 3314 1117 3359 sunt
1148 3324 1162 3360 :
1199 3320 1263 3359 ac
1301 3305 1532 3359 servitus
1580 3303 1755 3369 adest,
1784 3303 2065 3374 captivitas
2105 3310 2163 3358 et

572 3410 753 3452 rerum
780 3396 1017 3453 omnium
1047 3397 1274 3459 eversio,
1307 3404 1363 3451 et
1381 3395 1522 3467 quod
1539 3405 1621 3452 est
1645 3396 1885 3452 omnium
1910 3396 2164 3467 gravissi-

572 3500 741 3553 mum,
778 3487 867 3541 Dei
897 3502 926 3539 a
957 3488 1107 3542 vobis
1136 3489 1391 3543 recessio.

644 3582 700 3634 4.
744 3582 821 3634 Ac
848 3581 1067 3649 perinde
1091 3581 1216 3636 fecit
1236 3583 1393 3646 Deus,
1417 3591 1473 3637 ut
1509 3582 1554 3637 si
1585 3582 1703 3651 quis
1729 3597 1940 3638 servum
1983 3583 2162 3654 ingrao

574 3679 718 3737 tum,
746 3687 887 3741 saepe
918 3670 1095 3742 ﬂagris
1121 3687 1319 3727 caesum
1349 3683 1403 3728 et
1428 3689 1534 3729 non
1562 3682 1862 3729 correctum
1882 3716 1895 3738 ,
1922 3675 2161 3729 vestibus

572 3775 815 3829 exutum,
844 3764 1041 3819 nudum
1062 3807 1077 3830 ,
1105 3764 1398 3834 desertum,
1431 3765 1801 3837 vagabundmn
1829 3783 2010 3823 errare
2039 3783 2162 3837 per-

575 3856 833 3921 mitteret,
885 3855 1276 3912 mendicantem
1311 3867 1367 3912 et
1416 3857 1650 3929 undique
1686 3858 1935 3927 ejectum.
1991 3860 2163 3915 Antea

577 3956 757 4001 autem
786 3959 875 4002 res
902 3953 1095 4002 vestrae
1125 3962 1232 4001 non
1260 3947 1331 4001 ita
1356 3962 1416 4003 se
1442 3947 1728 4012 habebant,
1755 3948 1850 4004 sed
1886 3949 2026 4016 apttd
2065 3960 2162 4005 vos

575 4048 735 4094 erant
762 4036 1038 4109 prophetae
1069 4056 1082 4092 :
1113 4038 1165 4093 in
1186 4037 1442 4110 IEgypto,
1482 4039 1750 4110 Babylone
1765 4041 1882 4095 etin
1908 4040 2157 4097 deserto:

574 4130 751 4187 Moses
778 4132 832 4186 in
862 4131 1114 4203 Egypto,
1141 4131 1194 4185 in
1224 4131 1495 4203 Babylone
1526 4132 1708 4187 Daniel
1735 4141 1790 4188 et
1809 4132 2075 4197 Ezechiel,
2109 4133 2161 4187 in

576 4224 814 4297 Egypto
834 4238 1020 4280 rursus
1042 4224 1302 4280 Jeremias
1331 4241 1345 4279 :
1370 4232 1425 4280 et
1445 4223 1697 4278 miracula
1714 4224 1921 4294 adjecta
1935 4225 2165 4280 miracu-

583 4317 671 4381 lis,
700 4316 1003 4388 clariorque
1029 4326 1085 4371 et
1109 4315 1367 4371 illustrior
1386 4330 1519 4388 gens
1542 4316 1743 4379 evasit,
1764 4331 1887 4372 cum
1916 4331 1981 4372 es
2009 4317 2164 4372 vobis

576 4410 669 4479 qui
695 4409 891 4478 captivi
913 4417 1067 4463 erant
1088 4408 1299 4480 regibus
1325 4416 1507 4464 essent
1527 4407 1856 4479 superiores.
1883 4407 1989 4465 Sed
2021 4422 2165 4466 nunc

576 4503 666 4559 illa
696 4506 876 4559 omnia
904 4504 1205 4573 perierunt,
1236 4510 1290 4558 et
1323 4501 1645 4574 supplicium
1669 4510 1753 4556 est
1780 4502 1995 4573 gravius
2018 4502 2166 4572 prio-

577 4597 747 4663 ribus,
775 4612 882 4651 non
910 4596 1083 4651 solum
1112 4602 1329 4666 propter
1352 4592 2040 4666 longitudinem‘tetnporis,
2066 4593 2164 4650 sed

576 4687 884 4758 etiaquuia
907 4685 1040 4742 estis
1072 4686 1308 4757 undique
1337 4684 1599 4741 derelicti.
1635 4684 1879 4754 Quanam
1926 4700 2057 4757 ergo
2097 4685 2167 4742 de

572 4792 757 4841 causa.
796 4778 904 4843 dic,
951 4792 1159 4849 quaeso,
1190 4776 1402 4848 quando
1446 4777 1600 4848 plura
1649 4776 1970 4848 peecabatis,
2018 4784 2167 4832 tanta

577 4873 742 4927 vestri
767 4878 889 4927 erat
917 4884 1044 4925 cura
1074 4884 1139 4925 ac
1196 4868 1526 4941 providentia
1560 4886 1574 4924 :
1603 4869 1820 4940 quando
1847 4878 2027 4926 autem
2064 4882 2168 4941 pro

575 4964 698 5037 lege
734 4964 852 5021 zelo
876 4964 1088 5020 accensi
1116 4966 1250 5019 estis
1269 5002 1286 5031 ,
1312 4963 1455 5033 passi
1483 4963 1616 5020 estis
1642 4964 1928 5035 graviora?
1954 4965 2035 5019 Ex
2065 4964 2166 5020 hoc

575 5058 721 5115 enim
772 5055 940 5113 Deum
975 5053 1243 5111 damnatis
1292 5054 1600 5125 iniustitiae,
1656 5054 1799 5125 quod
1852 5064 2166 5125 peccatores

575 5147 796 5221 quidem
824 5146 1117 5204 honorant
1136 5187 1153 5210 ,
1185 5161 1281 5202 eos
1306 5154 1487 5202 autem
1515 5144 1607 5216 qui
1631 5159 1693 5199 se
1726 5152 1878 5201 recte
1896 5155 1951 5201 et
1968 5160 2037 5202 ex
2059 5144 2168 5200 vir-

576 5249 690 5297 tute
718 5239 976 5311 gerebant
1009 5236 1301 5310 ignominia
1325 5234 1585 5293 an‘ecerit.
1628 5234 1687 5289 Si
1729 5236 1875 5290 enim
1906 5234 2168 5305 imposta-

578 5347 716 5397 rem,
750 5339 809 5386 ut
854 5328 1054 5397 dicitis,
1108 5328 1419 5397 sustulistis,
1466 5342 1565 5384 vos
1617 5336 1765 5383 recte
1806 5340 1871 5381 ac
1910 5325 2167 5398 praeclare

587 5456 779 5527 plorem
808 5470 821 5505 :
850 5458 998 5527 Reg,
1022 5457 1183 5527 @9th
1220 5463 1287 5527 et_
1304 5455 1456 5527 Savil.
1487 5455 1617 5506 Edit.
1643 5471 1655 5505 :
1681 5457 1783 5508 Sed
1804 5469 1912 5527 cum
1935 5454 2057 5527 talia
2076 5472 2165 5511 nos

578 5517 848 5629 gignimur,
890 5517 988 5582 ipsi
1015 5517 1181 5571 dicunt
1201 5532 1219 5568 ε
1243 5517 1455 5581 Propter
1494 5527 1661 5569 nostra
1698 5526 1898 5582 peccata
1933 5520 2036 5572 haec
2074 5533 2167 5584 pa-

667 5658 717 5700 a)
751 5654 835 5695 Par
860 5652 1073 5695 erratum
1096 5643 1301 5694 exhibet
1335 5642 1697 5700 (:hrysostomus
1739 5643 1788 5693 in
1826 5642 1961 5694 libris
1997 5649 2164 5696 contra

586 5704 786 5767 Iudaeos,
810 5708 923 5771 quia
959 5705 1319 5769 chronologiam
1341 5704 1441 5756 ille'
1461 5718 1556 5753 non
1580 5704 1784 5754 multum
1813 5708 2028 5756 curabat.
2049 5714 2164 5756 Cum

580 5773 714 5824 enim
750 5768 841 5833 has
875 5769 1207 5833 “positiones
1224 5769 1276 5833 in
1296 5765 1506 5817 Psalmos
1528 5766 1805 5833 antiochus,
1828 5774 1891 5833 ut
1904 5770 1953 5816 in
1992 5769 2162 5833 Prasiae

579 5801 716 5883 ἔοῖὲ
735 5801 1207 5891 mmmam?
1218 5801 1312 5879 ὅτι(
1328 5801 1557 5879 ῐὲὲὲῖᾱ
1563 5801 1894 5891 Εὲξῖἕιῗὲωῖί
1907 5801 2161 5881 ’ἕυέιὶἆὲῐῖ

580 5900 808 5959 ναίει-ιιι
822 5892 887 5944 ab
908 5891 1100 5945 esetdio
1121 5888 1205 5944 iﬂo
1226 5888 1646 5956 Jerosolymorum.

1252 414 1311 476 8.
1351 413 1631 475 JOANNIS
1664 406 2146 469 CHRYSOSTOIII
2181 405 2498 467 ARCHIEP.
2538 404 3075 481 CONSTANTINOP.

2239 521 2480 593 gessistis
2518 537 2535 579 :
2562 522 2675 587 vel,
2702 522 2749 578 si
2770 521 2945 595 justus
2965 533 3047 578 est
3070 522 3233 590 Deus,
3262 533 3319 578 ut
3345 533 3492 580 certe
3516 533 3600 581 est
3621 524 3823 596 jusms,

2239 614 2506 671 honorare
2556 628 2654 671 vos
2687 614 2991 685 oportebat,
3033 629 3140 670 non
3191 616 3458 686 castigare
3484 634 3509 671 ς
3546 618 3591 671 si
3641 630 3823 674 autem

2237 708 2480 779 castigat,
2508 706 2709 763 clarum
2729 716 2813 763 est
2832 716 3009 763 vestra
3032 722 3172 762 nunc
3187 722 3308 764 esse
3324 708 3565 780 graviora
3583 719 3820 781 peccata.

2239 801 2297 858 Si
2324 816 2453 856 vero
2472 815 2615 856 nunc
2640 815 2743 857 nec
2766 800 2911 871 impii
2933 801 3066 856 estis
3087 841 3104 869 ,
3135 816 3233 857 nec
3258 800 3415 865 ﬁlios,
3448 810 3506 856 ut
3549 812 3693 867 ante,
3718 817 3823 867 sa-

2239 893 2511 961 crilicatis,
2542 892 2807 964 quodnam
2833 902 2915 950 est
2935 894 3077 949 aliud
3106 903 3381 964 peceatum
3401 931 3418 961 ,
3448 904 3664 965 propter
3684 894 3825 964 quod

2239 988 2481 1057 graviora
2506 986 2646 1057 passi
2674 988 2841 1042 estis?
2869 988 3061 1042 Annon
3096 997 3180 1043 est
3229 986 3474 1055 evidens,
3508 988 3688 1047 crucis
3707 1002 3831 1045 ere-

2242 1088 2349 1135 cta:
2374 1080 2547 1133 scelus
2592 1092 2717 1134 esse
2757 1078 2922 1135 veluti
2958 1077 3244 1150 quemdam
3280 1076 3633 1150 colophonem
3669 1078 3835 1137 malo-

2242 1170 2401 1225 rum?
2447 1170 2559 1227 Hoc
2585 1171 2756 1242 magis
2784 1186 2881 1227 vos
2905 1172 3141 1243 perdidit
3181 1186 3341 1243 quam
3369 1172 3632 1230 idolorum
3658 1183 3714 1230 et
3748 1175 3832 1229 vi-

2244 1261 2339 1317 tuli
2369 1262 2546 1319 cultus
2571 1272 2627 1319 et
2673 1264 2901 1320 filiorum
2924 1266 3143 1322 occisio.
3192 1265 3309 1321 Non
3339 1267 3485 1323 enim
3528 1267 3677 1337 paria
3704 1276 3836 1324 sunt

2245 1352 2381 1421 lucc,
2410 1355 2575 1411 filium
2596 1372 2751 1412 suum
2779 1356 3103 1425 interﬁcere,
3129 1368 3185 1415 et
3219 1360 3501 1416 Dominum
3528 1376 3684 1416 suum
3706 1377 3836 1417 eruo

2244 1448 2480 1520 ciiigere.
2518 1450 2809 1522 Propterea
2829 1451 3042 1522 quando
3070 1453 3207 1508 tilios
3221 1452 3521 1519 occidebas,
3542 1456 3749 1510 veniam
3770 1469 3834 1509 es

2245 1552 2605 1615 consequutus
2633 1563 2647 1599 :
2677 1544 2770 1600 sed
2797 1543 3008 1616 quando
3043 1547 3135 1601 Dei
3164 1546 3358 1600 Filium
3383 1555 3439 1601 et
3467 1556 3613 1601 tuum
3638 1546 3825 1603 Domi-

2247 1652 2373 1692 num
2400 1637 2664 1704 occidisti,
2696 1638 2971 1710 castigaris
2998 1638 3255 1709 deinceps
3280 1640 3483 1707 absque
3513 1641 3620 1695 ulla
3645 1643 3818 1696 venia.

2323 1729 2455 1797 Quot
2480 1731 2601 1784 anni
2620 1730 2681 1784 ab
2705 1730 2841 1784 exitu
2865 1747 2926 1784 at:
2944 1729 3175 1801 Egypto
3200 1733 3267 1784 ad
3286 1730 3560 1787 Christum.
3590 1763 3663 1774 ——
3685 1734 3836 1800 Quot

2248 1829 2377 1875 sunt
2427 1821 2550 1875 anni
2591 1821 2660 1876 ab
2691 1823 2835 1878 exitu
2870 1839 2933 1878 ex
2965 1822 3198 1894 Egypto
3244 1839 3410 1894 usque
3453 1825 3519 1881 ad
3547 1825 3837 1882 adventum

2250 1914 2492 1969 Christi?
2518 1915 2661 1971 Mille
2689 1926 2743 1971 et
2768 1918 3038 1987 quingenti
3066 1928 3213 1987 puto,
3239 1927 3294 1973 et
3314 1919 3516 1988 plures.
3556 1920 3841 1987 Quomodo

2251 2022 2379 2078 ergo
2402 2008 2451 2062 in
2482 2007 2562 2062 his
2590 2009 2839 2064 omnibus
2854 2024 2948 2064 vos
2978 2022 3263 2079 peccantes
3295 2026 3487 2081 passus
3525 2022 3609 2067 est
3641 2031 3655 2068 :
3696 2028 3839 2069 nunc

2251 2111 2429 2154 autem
2458 2114 2551 2155 vos
2576 2100 2789 2170 abjecit.
2821 2102 3033 2172 quando
3054 2102 3282 2157 maxime
3298 2116 3557 2159 coronare
3580 2106 3838 2173 oportuit,

2254 2194 2353 2247 etsi
2379 2194 2541 2247 multa
2569 2194 2922 2264 peccassctis?
2948 2194 3265 2250 Prteclarum
3282 2197 3423 2251 enim
3440 2205 3583 2252 esset
3601 2204 3840 2253 vestrum

2254 2286 2482 2352 facinus,
2510 2287 2553 2341 si
2580 2287 2922 2357 deceptorem
2951 2288 3303 2344 occidissetis.
3331 2288 3464 2344 Cum
3516 2289 3618 2344 hoc
3660 2301 3843 2343 autem

2256 2395 2397 2434 nunc
2450 2380 2668 2434 sabbata
2713 2380 3001 2435 observare
3040 2379 3311 2445 videmini,
3337 2389 3391 2435 et
3442 2380 3579 2435 idola
3622 2381 3845 2437 minime

2255 2471 2508 2536 adoratis,
2538 2468 2747 2543 aliaque
2785 2486 3003 2527 servare
3045 2486 3238 2541 magno
3278 2471 3454 2527 studio
3497 2471 3840 2527 contenditis.

2256 2565 2483 2633 Quando
2511 2581 2640 2637 ergo
2668 2575 2723 2621 et
2748 2566 2853 2620 vita
2892 2576 3071 2621 veSIra
3097 2575 3180 2621 est
3210 2565 3400 2620 melior
3419 2607 3434 2628 ,
3465 2575 3517 2620 et
3553 2573 3659 2619 tam
3699 2580 3845 2635 pra:-

2257 2660 2484 2726 clarum,
2510 2669 2566 2713 ut
2590 2658 2787 2723 dicitis,
2815 2658 3017 2712 facinus
3036 2658 3255 2725 fecistis,
3277 2665 3405 2711 tunc
3429 2658 3611 2711 ultima
3635 2656 3848 2725 patimi-

2259 2752 2333 2807 ni.
2362 2752 2496 2821 Quid
2540 2751 2639 2806 hac
2685 2750 2889 2806 insania
2932 2750 3091 2805 fuerit
3137 2750 3408 2805 deterius?
3438 2749 3564 2819 quid
3610 2748 3707 2802 hac
3746 2748 3849 2801 de-

2259 2844 2479 2910 mentia,
2521 2843 2661 2914 quod
2691 2858 2811 2899 cum
2845 2857 2942 2898 vos
2991 2841 3280 2897 defendere
3331 2840 3523 2905 velitis,
3552 2837 3850 2894 maledictis

2262 2937 2432 2993 Deum
2470 2936 2841 2992 inscctamini?
2869 2934 2927 2991 Si
2954 2936 3095 2991 enim
3122 2934 3265 3006 quod
3293 2932 3549 2988 adversus
3578 2932 3851 2987 Christum

2262 3031 2560 3103 peccastis,
2601 3046 2708 3084 non
2746 3038 2830 3085 est
2875 3028 2977 3083 illis
3008 3028 3257 3083 omnibus
3286 3026 3541 3089 deterius,
3570 3023 3665 3079 sed
3712 3024 3765 3078 id
3816 3038 3851 3077 a

2261 3125 2434 3192 vobis,
2459 3134 2518 3179 ut
2554 3123 2750 3188 dicitis,
2790 3123 2932 3193 juste
2969 3122 3163 3177 factum
3208 3132 3286 3175 ρει
3322 3138 3335 3174 :
3365 3136 3460 3176 cur
3507 3134 3604 3175 vos
3632 3120 3851 3190 quidem

2264 3221 2413 3290 punit
2437 3261 2450 3282 ,
2483 3219 2560 3272 sic
2584 3227 2730 3273 recte
2754 3231 2849 3271 vos
2877 3226 3122 3286 gerentes
3142 3256 3158 3281 ,
3188 3214 3532 3285 peccantibus
3556 3224 3732 3269 autem
3759 3229 3853 3282 pe—

2265 3313 2474 3383 percit?
2494 3312 2605 3366 Hoc
2658 3326 2763 3365 non
2815 3310 2986 3364 solum
3037 3309 3195 3374 heus,
3232 3306 3324 3362 sed
3366 3322 3465 3361 nec
3503 3307 3639 3363 ullus
3688 3306 3853 3361 homo

2266 3407 2460 3462 mentis
2489 3420 2710 3476 compos
2744 3403 2917 3458 facere
2938 3403 2989 3456 in
3010 3401 3246 3455 animum
3278 3399 3563 3455 induxerit.
3587 3397 3693 3454 Sed
3722 3397 3852 3469 quid

2265 3496 2332 3551 ad
2362 3497 2477 3552 hmc
2500 3496 2716 3551 dicunt?
2746 3493 2961 3563 Disjecti
2986 3508 3190 3557 sumus,
3221 3500 3279 3545 ut
3303 3505 3543 3546 essemus
3571 3490 3717 3545 orbis
3746 3502 3854 3545 ter-

2267 3605 2342 3644 ra;
2371 3589 2638 3643 doctores.
2672 3586 2834 3656 Nugae
2861 3592 2986 3640 sunt
3020 3585 3153 3649 haec,
3183 3592 3238 3638 et
3276 3582 3508 3651 ineptiaa.
3566 3582 3673 3636 Eos
3707 3582 3853 3637 enim

2266 3681 2356 3751 qui
2388 3679 2549 3734 futuri
2570 3680 2695 3733 sunt
2716 3676 2985 3742 doctores,
3014 3690 3072 3730 se
3103 3675 3249 3744 prius
3274 3683 3420 3728 recte
3443 3675 3675 3745 gessisse
3692 3689 3854 3743 Opor-

2268 3772 2387 3837 tuit,
2421 3779 2475 3825 et
2496 3780 2621 3824 tunc
2644 3768 2713 3823 ad
2734 3768 2788 3825 id
2813 3766 2988 3822 mitti:
3017 3764 3316 3836 cujusmodi
3345 3764 3560 3821 fuerunt
3578 3766 3855 3837 pr0pheta:

2268 3870 2323 3921 et
2347 3864 2597 3936 apostoli.
2648 3861 2782 3917 Cum
2823 3868 3000 3916 autem
3040 3860 3140 3931 ipsi
3183 3860 3292 3915 sint
3318 3859 3594 3931 perversi,
3622 3868 3678 3914 et
3705 3860 3854 3914 omni

2266 3956 2396 4011 vitio
2418 3953 2634 4021 referti,
2663 3951 2934 4024 quomodo
2960 3950 3028 4007 ad
3060 3949 3361 4007 docendum
3388 3950 3536 4007 missi
3563 3951 3727 4007 sunt?
3758 3950 3856 4006 Vi.

2268 4048 2490 4103 deamus
2517 4061 2646 4117 ergo
2673 4044 2845 4116 qualis
2878 4058 3064 4101 eorum
3093 4043 3255 4100 fuerit
3280 4044 3385 4099 vita
3411 4059 3531 4115 qua:
3557 4046 3854 4115 pmcessit‘.

2269 4140 2605 4196 Inveniemus
2628 4139 2770 4194 enim
2800 4152 2894 4193 eos
2922 4135 3116 4193 belluis
3136 4136 3301 4192 fuisse
3325 4136 3690 4192 immaniores.
3715 4136 3855 4192 Nam

2267 4240 2325 4288 et
2350 4230 2647 4301 parricidae,
2677 4238 2731 4285 et
2759 4229 3048 4285 liberorum
3065 4226 3454 4292 interfectores,
3484 4227 3859 4299 idolorumque

2268 4324 2520 4389 cultores,
2555 4330 2610 4377 et
2637 4321 2932 4376 alienorum
2966 4319 3229 4375 bonorum
3269 4328 3619 4389 oceupatores
3664 4321 3857 4389 fuere;

2268 4430 2453 4470 eorum
2482 4422 2660 4470 autem
2688 4422 2813 4469 sunt
2833 4412 3007 4483 plenae
3034 4410 3348 4483 prophetia.
3369 4414 3449 4467 Ac
3476 4421 3708 4468 vestram
3735 4412 3859 4483 qui-

2269 4508 2391 4564 dem
2417 4506 2691 4563 libidinem
2720 4503 3024 4576 signiﬁcans
3048 4502 3331 4570 Jeremias,
3358 4502 3569 4560 dicebat
3597 4520 3613 4558 :
3643 4503 3777 4574 Equi
3799 4505 3857 4559 in

2270 4615 2424 4669 equas
2451 4598 2755 4653 insanientes
2778 4596 2906 4666 facti
2943 4603 3063 4651 sunt
3090 4611 3111 4650 :
3137 4595 3479 4664 unusquisque
3507 4594 3764 4650 hinniebat
3786 4596 3859 4649 ad

2269 4709 2479 4749 uxorem
2529 4691 2746 4763 proximi
2798 4688 2932 4760 (Jer.
2963 4688 3017 4745 5.
3043 4689 3124 4759 8).
3180 4687 3318 4757 Quid
3364 4687 3467 4744 hac
3500 4687 3661 4745 fuerit
3705 4691 3860 4762 pejus

2270 4785 2605 4844 immunditia
2625 4784 2651 4838 ?
2688 4784 2805 4841 Non
2831 4783 2975 4841 enim
2994 4792 3056 4838 ut
3081 4781 3324 4839 homines
3348 4798 3470 4839 cum
3493 4785 3606 4840 suis
3630 4785 3858 4842 invicem

2271 4880 2529 4936 uxoribus
2555 4877 2805 4934 coibant:
2836 4885 2892 4933 et
2926 4875 3047 4932 ideo
3074 4890 3259 4932 eorum
3307 4875 3542 4932 furorem
3572 4878 3861 4947 appellavit

2273 4972 2557 5028 hinnitum.
2575 4970 2685 5026 Nec
2712 4984 2806 5025 eos
2834 4969 3006 5023 solum
3030 4968 3205 5039 arguit
3232 4968 3615 5036 fornicationis,
3641 4970 3737 5026 sed
3765 4987 3862 5027 eos

2270 5065 2431 5120 etiam
2455 5073 2669 5118 accusat
2687 5060 2954 5126 adulterii,
2985 5059 3129 5130 quod
3148 5060 3309 5116 etiam
3330 5060 3398 5116 ab
3417 5062 3497 5118 eis
3518 5062 3861 5134 impudenter

2270 5155 2654 5212 admittebatur
2679 5193 2696 5220 ,
2722 5151 3168 5223 quemadmodum
3189 5152 3243 5209 in
3274 5152 3466 5209 brutis.
3499 5153 3651 5211 Alius
3676 5164 3858 5211 autem

2271 5248 2530 5321 propheta
2551 5246 2680 5302 dicit
2713 5264 2726 5302 :
2756 5244 2981 5315 lngressi
3005 5253 3122 5298 sunt
3136 5244 3207 5298 ad
3225 5243 3486 5299 mulierem
3505 5245 3743 5317 [adeum
3757 5263 3861 5302 au-

2271 5342 2388 5405 la'a,
2419 5340 2555 5410 ﬁlius
2575 5347 2624 5391 et
2652 5348 2794 5408 pater
2816 5336 2885 5390 ad
2904 5335 3130 5390 eamdem
3157 5335 3381 5402 puellam
3404 5334 3685 5408 (a)(Antos.
3701 5336 3759 5393 2.
3773 5338 3854 5409 7).

2271 5430 2560 5502 Propterea
2613 5444 2762 5501 ergo,
2791 5428 2898 5494 dic,
2922 5442 3126 5498 quaeso,
3158 5441 3254 5482 vos
3300 5427 3448 5483 misit
3498 5427 3769 5496 doctores,
3798 5438 3858 5486 ut

2271 5522 2649 5578 fornicationes
2672 5530 2729 5576 et
2766 5518 3028 5576 adulteria
3060 5518 3409 5586 disceremus,
3441 5528 3496 5576 et
3522 5520 3664 5591 quod
3696 5536 3855 5593 opor-

2270 5624 2379 5671 teat
2408 5624 2612 5685 patrem
2644 5621 2701 5668 et
2733 5611 2900 5668 ﬁlium
2935 5610 3075 5667 idem
3099 5610 3237 5667 inire
3265 5611 3488 5667 cubile?
3538 5611 3675 5680 Quid
3724 5625 3853 5669 vett:

2269 5706 2563 5763 Ezechiel?
2600 5702 2685 5760 Ne
2715 5703 2992 5759 secundum
3017 5704 3243 5776 gentium
3286 5703 3488 5775 quidem
3522 5705 3750 5777 legitima
3774 5708 3851 5775 [ε-

2326 5822 2406 5886 (α)
2438 5827 2552 5871 Haec
2581 5818 2786 5886 omnino
2804 5817 3008 5886 diverse
3025 5814 3324 5886 fefean
3345 5830 3397 5869 tu
3417 5822 3557 5871 testu
3581 5814 3723 5872 Anius
3743 5833 3853 5885 ιω-

2270 5877 2452 5952 pheta,
2471 5890 2526 5935 ut
2548 5882 2714 5933 videas
2727 5880 2777 5931 in
2800 5885 3004 5931 Romana
3024 5877 3263 5930 Editione.
3478 5902 3483 5907 -
