4140 6356
284 394 383 451 HI

278 510 351 595 aet
393 525 505 589 μοι.
550 508 643 583 Μὴ
671 511 780 585 γάρ
807 513 903 569 νῦν
940 515 1153 586 πρῶτον
1176 520 1566 593 ήμαρτήκατες
1600 525 1714 579 Νῦν
1761 525 1861 595 μὲν

275 594 377 654 οὖν
414 602 509 654 καὶ
540 602 935 677 ἐπιεικέστεροι
972 609 1252 678 γεγόνατε.
1290 612 1449 668 Ἀλλά
1489 616 1655 687 μήπω
1682 594 1859 670 τοῦτο·

275 691 399 746 ἀλλ’
436 693 612 747 ἐκεῖνο
641 693 709 749 ἀν
732 696 877 767 ὑμᾶς
911 698 1157 773 ἐροίμην·
1177 702 1334 768 Τίνος
1355 704 1541 760 ἕνεκεν
1574 707 1660 761 ἀεὶ
1683 709 1860 780 ἀμαρ-

273 785 534 848 ςάνοντες
575 786 839 857 πρότερον
876 789 1198 863 ἐτυγχάνετε
1252 796 1664 869 φιλανθρωπίας
1706 800 1862 872 παρὰ

276 871 420 927 Θεοῦ
446 886 495 939 ι,
526 876 620 929 νῦν
648 876 705 930 δέ
739 878 941 944 οὐκέτι,
970 882 1064 935 καὶ
1092 882 1153 936 τὸ
1188 882 1252 956 δὴ
1282 886 1731 960 παραδοξότερον,
1777 871 1862 942 δτι

280 963 548 1021 ἐλάττονα
580 967 677 1023 νῦν
717 969 1153 1043 ἀμαρτάνοντες;
1194 974 1329 1029 Τότε
1360 976 1464 1049 μέν
1499 977 1608 1051 γάρ
1644 979 1739 1033 καὶ
1786 979 1866 1053 τῷ

278 1055 605 1130 Βεελφεγὼρ
657 1058 949 1128 ἐτελεῖσθε,
1004 1062 1099 1117 καὶ
1156 1064 1355 1137 μόσχον
1396 1070 1864 1141 προσεκυνήσατε,

280 1148 383 1201 καὶ
434 1149 559 1212 τοὺς
600 1150 752 1215 υἱοὺς
794 1151 1082 1222 ἐσφάξατε,
1128 1154 1247 1229 [82]
1281 1158 1377 1210 xal
1414 1159 1515 1225 τάς
1558 1160 1866 1234 θυγατέρας

283 1240 443 1311 ὑμῶν
478 1240 738 1303 ἀνείλετε.
772 1245 1055 1299 καὶταῦτα
1085 1249 1326 1319 σημείων
1355 1251 1740 1318 ἀπολαύοντες·
1769 1255 1867 1311 νῦν

281 1330 346 1385 δὲ
366 1332 426 1386 οὒ
448 1331 715 1387 θάλατταν
735 1335 969 1406 δρῶντες
993 1337 1333 1411 σχιζομένην,
1356 1342 1416 1396 οὐ
1443 1343 1647 1418 πέτραν
1668 1347 1869 1418 ῥηγνυο

286 1423 482 1495 μένην,
525 1426 588 1479 ού
632 1429 921 1499 προφήτας
968 1434 1457 1505 παραγινομένους,
1493 1436 1556 1490 οὐ
1598 1437 1698 1509 τῆς
1743 1455 1869 1493 συν-

282 1514 456 1587 ήθους
493 1516 857 1585 ἀπολαύοντες
904 1518 1183 1595 προνοίας,
1224 1525 1374 1597 ὅμως
1416 1527 1637 1597 μείζονα
1667 1530 1869 1585 ἐπιδεί-

284 1610 489 1664 κνυσθε
540 1610 642 1682 τὴν
677 1613 998 1669 ἐπιείκειαν·
1029 1616 1083 1670 τί
1126 1616 1327 1690 δήποτε
1381 1615 1493 1685 οῦν,
1542 1621 1633 1675 ὅτε
1667 1624 1764 1678 καὶ
1798 1622 1871 1678 τά

285 1700 662 1773 ἁμαρτήματα
714 1702 994 1771 ἐλάττονα,
1035 1708 1129 1762 xal
1180 1710 1215 1782 ή
1274 1711 1595 1784 σωφροσύνη
1640 1712 1865 1779 πλείων,

288 1793 495 1865 μείζων
526 1796 561 1866 ή
594 1795 817 1861 κόλασις
849 1798 942 1851 καὶ
988 1790 1333 1872 ⁴ήάτιμωρία;
1368 1805 1483 1858 υύκ
1509 1802 1731 1877 εῦδηλον
1774 1805 1869 1861 καὶ

284 1887 403 1949 τοῖς
436 1888 641 1958 σφόδρα
671 1889 937 1961 ἀνοήτοις,
961 1891 1043 1945 ὅτι
1068 1893 1253 1965 ἐπειδὴ
1276 1894 1458 1965 μεῖζον
1486 1896 1547 1950 τὸ
1573 1896 1668 1952 νῦν
1688 1898 1869 1971 ἀμάρ-

286 1995 483 2048 τημα;
518 1980 665 2046 Ἕως
708 1981 811 2052 μὲν
849 1982 956 2056 γὰρ
983 1986 1062 2049 είς
1094 1987 1220 2050 τοὺς
1245 1972 1463 2052 δούλους
1502 1990 1867 2061 ήμαρτάνετε,

288 2071 614 2141 ἐτυγχάνετε
658 2074 1004 2147 συγγνώμης,
1060 2080 1345 2151 προφήτας
1380 2080 1731 2153 ἀναιροῦντες
1775 2083 1871 2137 καὶ

288 2164 621 2230 λιθάζοντες·
649 2168 835 2242 ἐπειδὴ
880 2170 938 2225 δὲ
974 2172 1055 2236 είς
1094 2172 1185 2226 τὸν
1229 2173 1508 2245 Δεσπότην
1542 2173 1642 2240 τάς
1685 2176 1872 2248 χεῖρας

290 2258 617 2326 ἐξετείνατε,
671 2260 888 2317 ἀνίατον
936 2263 1156 2335 γέγονεν
1195 2266 1324 2337 ὑμῖν
1369 2266 1430 2321 τὸ
1460 2266 1618 2333 ἐλκος
1662 2267 1868 2327 λοιπόν.

291 2349 386 2403 Διὸ
424 2352 749 2423 τετρακόσια
786 2351 971 2408 λοιπὸν
1029 2353 1124 2429 ἐτη
1176 2356 1477 2429 παρῆλθον,
1523 2358 1616 2429 ἀφ’
1674 2351 1736 2414 οὗ
1776 2358 1871 2413 καὶ

293 2441 428 2495 αὐτὸ
461 2441 562 2511 τῆς
589 2442 800 2507 πόλεως
826 2443 887 2497 τὸ
926 2443 1120 2514 ἔδαφος
1152 2447 1469 2516 ἠφάνισται,
1515 2450 1551 2522 ἡ
1602 2448 1873 2523 ἱερωσύνη

294 2534 583 2607 ἀνῄρηται,
628 2538 663 2611 η
715 2536 958 2607 βασιλεία
994 2538 1232 2605 λέλυται,
1278 2540 1348 2595 τά
1384 2540 1494 2594 τῶν
1521 2542 1701 2611 φυλῶν
1739 2560 1872 2613 συγ-

295 2628 544 2697 κέχυται,
578 2629 754 2685 πάντα
784 2630 853 2684 τά
880 2631 1051 2703 σεμνά
1083 2633 1263 2687 ἐκεῖνα
1303 2614 1397 2687 καὶ
1426 2634 1655 2707 λαμπρά
1681 2635 1875 2707 ήφάνι-

298 2736 446 2784 σται,
473 2722 567 2774 καὶ
593 2722 714 2775 ούδὲ
745 2721 889 2793 ἴχνος
925 2727 1054 2797 παρ’
1081 2725 1226 2797 ύμῖν·
1257 2725 1393 2798 ὅπερ
1420 2726 1676 2781 οὐδέποτε
1714 2727 1875 2798 γέγο-

296 2829 407 2867 νεν.
446 2814 585 2867 Ἀλλ’
615 2815 674 2867 ἐν
704 2818 847 2888 ἀρχῇ
881 2816 1000 2888 μὲν,
1031 2819 1125 2872 καὶ
1166 2818 1261 2872 τοῦ
1296 2819 1424 2874 ναοῦ
1462 2820 1873 2893 καθῃρημένου,

297 2904 350 2955 οἱ
380 2906 654 2974 προφῆται
698 2907 1028 2977 παρέμενον,
1086 2908 1181 2962 καὶ
1227 2909 1544 2982 Πνεύματος
1597 2912 1872 2984 χορηγίαι,

297 2993 393 3046 καὶ
422 2992 697 3064 θαύματα·
725 2996 843 3048 νυνὶ
874 2996 951 3061 δὲ,
989 2996 1075 3050 ἵνα
1110 2999 1294 3070 σαφῶς
1333 3000 1539 3072 μάθητε
1567 3002 1649 3056 ὃτι
1685 3004 1714 3056 6
1743 3003 1874 3068 Θεὸς

304 3084 451 3155 ὑμᾶς
483 3085 860 3159 ἀπέστραπται
913 3088 1195 3160 διηνεκῶς,
1239 3092 1330 3145 καὶ
1366 3092 1537 3147 ταῦτα
1583 3093 1871 3167 ἀνῄρηταιο

300 3178 398 3230 καὶ
428 3177 665 3243 δουλεία,
706 3180 800 3234 καὶ
832 3182 1200 3251 αίχμαλωσία,
1229 3184 1324 3237 καὶ
1351 3186 1567 3240 πάντων
1608 3186 1877 3251 ἔκπτωσις

301 3270 593 3337 κατέλαϐε,
618 3272 711 3326 καὶ
740 3273 800 3325 τὸ
825 3275 1037 3329 πάντων
1060 3275 1458 3349 χαλεπώτερον,
1482 3278 1618 3333 Θεοῦ
1644 3280 1879 3349 ἐγκατά-

299 3362 501 3433 λειψις.

372 3473 437 3529 δ’.
473 3474 585 3529 Kal
605 3474 802 3530 ταύτὸν
834 3476 1129 3551 πεποίηκεν
1152 3480 1180 3534 6
1197 3479 1328 3544 Θεὸς
1344 3521 1362 3549 ,
1384 3474 1496 3535 οἷον
1514 3479 1581 3535 ἂν
1598 3480 1746 3548 είτις
1763 3476 1883 3535 δοῦέ

302 3567 395 3621 λον
424 3566 715 3640 ἀγνώμονα
740 3568 997 3635 πολλάκις
1032 3571 1401 3643 μαστιχθέντα
1425 3573 1516 3626 καὶ
1553 3573 1630 3645 μὴ
1657 3572 1883 3645 διορθω-

307 3662 471 3716 θέντα
498 3662 774 3727 ἀποδύσας
802 3663 909 3717 τῶν
949 3663 1201 3735 ἱματίων,
1231 3664 1457 3738 γυμνὸν,
1494 3666 1720 3737 ἔρημον,
1754 3665 1886 3740 ἀλή-

306 3772 408 3827 την
436 3757 548 3826 ἀφῇ
588 3754 921 3822 πλανᾶσθαι,
964 3756 1362 3829 προσαιτοῦντα
1396 3758 1491 3812 καὶ
1526 3757 1883 3830 ἐλαυνόμενον

307 3846 612 3916 πανταχοῦ.
644 3845 917 3919 Πρότερον
943 3846 999 3901 δὲ
1027 3847 1088 3903 οὐ
1111 3847 1334 3903 τοιαῦτα
1360 3850 1428 3903 τά
1458 3850 1719 3924 ὑμέτερα,
1742 3849 1883 3907 ἀλλὰ

307 3938 406 3992 καὶ
437 3937 716 4009 προφῆται
762 3940 891 4011 παρ’
938 3939 1098 4011 ὑμῖν,
1136 3941 1232 3993 καὶ
1273 3942 1332 3995 ἐν
1364 3940 1659 4015 Αἰγύπτῳ,
1692 3941 1789 3998 καὶ
1826 3943 1886 3997 ἐν

305 4028 592 4083 Βαϐυλῶνι
611 4070 627 4095 ,
661 4030 754 4082 καὶ
795 4030 852 4082 ἐν
881 4030 1071 4101 ἐρήμῳ
1091 4045 1107 4061 ·
1144 4032 1385 4103 Μωῦσῆς
1412 4033 1470 4086 ὲν
1496 4031 1755 4105 Αἰγύπτῳ
1776 4073 1792 4099 ,
1821 4034 1882 4087 ἐν

306 4120 590 4175 Βαὸυλῶνι
632 4120 829 4192 Δανιὴλ
878 4122 971 4177 καὶ
1016 4122 1308 4196 Ἰεζεκιὴλ,
1348 4126 1406 4178 ὲν
1435 4123 1695 4196 Αἰγύπτῳ
1725 4124 1887 4181 πάλιν

321 4213 620 4283 Ἱερεμίας*
648 4215 743 4267 καὶ
777 4212 1029 4285 θαύματα
1067 4215 1160 4269 ἐπὶ
1204 4214 1474 4287 θαύμασι,
1504 4217 1599 4271 καὶ
1636 4217 1886 4288 λαμπρό-

309 4321 474 4373 τερον
503 4305 566 4358 τὸ
602 4304 753 4371 ἔθνος
788 4306 999 4375 ἐγίνετο
1018 4346 1035 4374 ,
1073 4307 1183 4361 τῶν
1222 4308 1351 4380 παρ’
1376 4309 1501 4380 ὑμῖν
1525 4309 1885 4380 αἰχμαλώτων

312 4397 581 4467 βασιλέων
622 4398 969 4472 ὑψηλοτέρων
1006 4401 1331 4473 γενομένων.
1373 4401 1535 4457 Ἀλλά
1577 4401 1670 4457 νῦν
1707 4402 1887 4457 πάντα

312 4492 503 4546 ἐκεῖνα
568 4491 803 4563 οἴχεται,
860 4493 956 4546 καὶ
1000 4495 1034 4565 ή
1084 4493 1322 4566 τιμωρία
1373 4493 1728 4567 χαλεπωτέρα
1779 4494 1888 4548 τῶν

317 4584 626 4655 προτέρων,
649 4584 709 4637 ού
746 4583 908 4655 μόνον
939 4582 1017 4656 τῷ
1043 4586 1207 4656 μήκει
1232 4585 1325 4640 τοῦ
1365 4586 1556 4658 χρόνου
1576 4628 1593 4656 ,
1614 4586 1752 4642 ἀλλά
1792 4586 1891 4642 καὶ

314 4679 385 4748 τῇ
417 4675 586 4746 πολλῇ
626 4674 1031 4746 ἐγκαταλείψει.
1070 4676 1227 4741 Τίνος
1259 4673 1351 4731 οῦν
1379 4677 1585 4745 ἕνεκεν,
1624 4677 1746 4731 εἰπέ
1776 4695 1890 4749 μοι,

313 4764 406 4819 ὅτε
441 4764 662 4836 μείζονα
702 4767 1045 4839 ήμαρτάνετε
1067 4805 1084 4832 ,
1121 4767 1383 4839 τοσαύτης
1418 4767 1721 4823 ἀπελαύετε
1750 4786 1888 4840 προ-

313 4855 501 4919 νοίας·
538 4855 626 4909 ὅτε
668 4855 760 4924 δὲ,
793 4855 868 4921 ῶς
902 4874 1072 4926 φατε,
1127 4856 1224 4913 καὶ
1266 4857 1574 4930 ἐζηλώσατε
1608 4859 1748 4931 ὑπὲρ
1793 4858 1889 4913 τοῦ

316 4948 486 5018 νόμου
506 4989 526 5014 ,
571 4947 791 5021 χείρονα
826 4949 1089 5016 ἐπάθετε;
1116 4950 1119 4953 ⁷
1153 4950 1284 5005 Ἀπὸ
1316 4950 1424 5023 γάρ
1457 4950 1648 5006 τούτου
1678 4951 1890 5006 ἀδικίαν

316 5037 759 5108 καταγινώσκετε
806 5038 899 5094 τοῦ
958 5039 1130 5105 Θεοῦ,
1182 5041 1265 5099 ὅτι
1319 5042 1729 5113 ἁμαρτάνοντας
1790 5043 1890 5113 μὲν

316 5131 515 5203 ἐτίμα,
560 5130 956 5205 κατορθοῦντας
996 5133 1054 5188 δὲ
1085 5133 1370 5206 ἠτίμασεν.
1418 5134 1481 5188 El
1531 5134 1640 5206 γὰρ
1688 5133 1889 5189 πλάνον

316 5210 579 5287 ἀνείλετε,
603 5223 678 5288 ῶς
705 5241 862 5292 φατε,
887 5224 981 5281 καὶ
1009 5224 1438 5297 κατωρθώσατε’
1469 5225 1525 5299 ἢ,
1555 5227 1603 5279 εί
1632 5226 1840 5292 δίκαιος
1862 5227 1893 5281 6

317 5314 472 5380 Θεὸς,
506 5313 693 5389 ὥσπερ
717 5310 812 5371 οῦν
843 5316 935 5372 καὶ
970 5302 1196 5385 δίκαιος,
1230 5320 1391 5389 τιμᾷν
1421 5318 1563 5390 ὑμᾶς
1595 5318 1737 5387 ἔδει,
1771 5320 1893 5391 οὐχὶ

321 5405 574 5472 κολάζειν
593 5425 607 5439 ·
641 5410 691 5462 εί
713 5406 771 5462 δέ
822 5406 1059 5474 κολάζει,
1081 5408 1304 5479 εῦδηλον
1326 5410 1407 5464 ὅτι
1434 5409 1503 5464 τὰ
1528 5409 1621 5465 νῦν
1645 5412 1896 5485 ἀμαρτή-

324 5515 472 5568 ματα
504 5497 659 5569 ὑμῶν
694 5498 1068 5579 χαλεπώτερα.
1121 5499 1186 5555 El
1215 5500 1272 5581 δέ
1319 5500 1442 5556 οὔτε
1489 5502 1743 5582 ιὶσεῦεῖτε⁴
1774 5503 1894 5579 νῦν,

321 5588 451 5645 οὔτε
481 5590 648 5646 τέκνα
677 5576 871 5660 θύετε,
903 5592 979 5657 ὡς
1010 5591 1115 5666 πρὸ
1136 5578 1347 5658 τούτου,
1377 5595 1527 5677 ποῖον
1547 5593 1674 5651 ἀλλο
1704 5576 1894 5675 ἀμάρ-

320 5768 753 5883 nu:nSentenuem
785 5774 836 5821 in
859 5773 1003 5822 editis
1022 5764 1239 5821 mancam
1265 5773 1333 5823 είς
1353 5784 1414 5823 ex
1438 5786 1536 5823 uno
1559 5776 1726 5827 codice
1748 5780 1897 5830 resti-

453 5846 524 5882 ηε,
916 5872 917 5875 η
1474 5866 1477 5869 .
1547 5868 1552 5872 .
1888 5855 1897 5864 -

1388 408 1754 469 EXPOSITIO
1785 408 1857 467 IN
1895 406 2226 467 PSALMUM
2270 412 2403 468 VIII.

3424 425 3537 483 H2

1968 527 2120 597 τημά
2152 526 2269 581 ἐστι
2301 527 2370 581 δι’
2411 527 2440 581 6
2478 529 2835 604 χαλεπώτερα
2862 532 3129 601 ἐπάθετες
3182 537 3251 591 Ἦ
3284 537 3538 611 εὔδηλον,

1964 621 2047 676 δτι
2075 620 2138 676 τὸ
2167 621 2262 675 τοῦ
2298 624 2532 695 σταυροῦ
2569 625 2825 698 τόλμημα
2846 630 2876 681 6
2906 630 3148 701 κολοφὼν
3175 632 3285 687 τῶν
3315 636 3538 706 κακῶν;

1964 716 2137 772 Τοῦτο
2164 719 2258 773 καὶ
2284 718 2741 792 είδωλολατρείας,
2772 721 2887 796 [83]
2918 725 3016 779 καὶ
3045 730 3419 799 μοσχοποιίας,
3444 734 3541 788 καὶ

1964 815 2343 880 παιδοκτονίας
2375 816 2576 888 μᾶλλον
2607 818 2753 890 ὑμᾶς
2796 820 3095 879 ἀπώλεσεν.
3144 826 3222 880 Οὐ
3260 828 3371 901 γάρ
3393 830 3547 886 ἐστιν

1968 910 2106 974 ἴσον.
2156 912 2270 968 υἱὸν
2323 913 2526 985 σφάξαι
2556 914 2649 968 τὸν
2688 916 2925 983 ἑαυτοῦ,
2972 920 3069 974 καὶ
3114 922 3391 997 Δεσπότην
3450 929 3547 983 τὸν

1972 1003 2168 1058 ἐαυτοῦ
2217 1005 2547 1077 σταυρῶσαι.
2594 1008 2696 1062 Διά
2719 1006 2898 1073 τοῦτο,
2941 1010 3032 1064 ὅτε
3081 1011 3181 1083 μὲν
3222 1016 3347 1080 τοὺς
3392 1019 3545 1085 υἱοὺς

1965 1099 2248 1170 ισφαττες,
2279 1100 2688 1173 φιλανθρωπίας
2718 1100 2991 1170 ἀπέλαυες
3008 1121 3023 1136 ·
3057 1108 3147 1161 ὅτε
3190 1109 3255 1164 δὲ
3282 1111 3377 1165 τοῦ
3405 1113 3544 1168 Θεοῦ

1963 1195 2057 1249 τὸν
2086 1196 2217 1250 Υίδν
2246 1198 2341 1250 καὶ
2373 1196 2465 1250 σὸν
2492 1198 2804 1270 Δεσπότην,
2843 1200 3206 1271 ἀσύγγνωστα
3236 1204 3421 1263 λοιπὸν
3447 1227 3543 1263 κο.

1968 1289 2123 1364 mn.

2036 1399 2186 1455 Πόσα
2214 1398 2307 1472 ἐτη
2346 1400 2456 1455 ἀπὸ
2491 1400 2590 1472 τῆς
2622 1401 2803 1466 ἐξόδου
2835 1404 2935 1473 τῆς
2965 1406 3086 1460 κατ’
3132 1410 3409 1479 Αἴγυπτον
3436 1414 3545 1478 ἐως

1966 1495 2067 1565 τῆς
2092 1493 2186 1549 τοῦ
2215 1493 2452 1568 Χριστοῦ
2478 1498 2810 1570 παρουσίας;
2836 1496 3003 1571 Οἶμαι
3031 1503 3177 1574 χίλια
3209 1510 3545 1562 πεντακόσια

1966 1585 2108 1645 εἶναι
2140 1591 2235 1646 καὶ
2262 1590 2502 1649 πλείονα.
2530 1592 2657 1657 Πῶς
2693 1590 2786 1650 οὖν
2814 1595 2873 1650 ἐν
2900 1596 3108 1664 τούτοις
3139 1602 3345 1677 ἅπασιν¹
3364 1604 3548 1677 ἀμαρ-

1965 1684 2228 1750 τάνοντας
2268 1686 2411 1759 ὑμᾶς
2438 1687 2620 1761 ἔφερε,
2650 1690 2746 1749 νῦν
2772 1691 2830 1745 δὲ
2869 1693 3013 1764 ὑμᾶς
3039 1694 3285 1768 ἔρριψεν,
3316 1700 3405 1753 ὅτε
3438 1702 3549 1771 pa-

1967 1781 2122 1836 λιστα
2182 1783 2521 1854 στεφανῶσαι
2582 1785 2719 1856 ἔδει,
2772 1787 2875 1845 κᾶν
2926 1791 3096 1847 πολλὰ
3161 1795 3548 1867 ἡμαρτηκότες

1967 1874 2101 1951 ﬁte;
2148 1879 2221 1933 Τὸ
2264 1879 2374 1951 γὰρ
2415 1880 2749 1954 κατόρθωμα
2795 1884 2948 1957 ὑμῶν
2991 1887 3125 1941 πολὺ
3168 1889 3423 1959 μέγιστον
3453 1885 3545 1961 ἦν,

1970 1978 2086 2046 εἴγε
2114 1977 2313 2032 πλάνον
2351 1977 2651 2049 ἐσφάξατε.
2682 1980 2838 2034 Μετά
2862 1982 2917 2035 δὲ
2955 1983 3147 2037 τούτου
3178 1986 3270 2039 καὶ
3302 1986 3548 2042 σάδὸατα

1969 2068 2173 2127 δοκεῖτε
2212 2072 2502 2145 φυλάττειν
2530 2074 2645 2139 νῦν,
2678 2077 2772 2130 καὶ
2810 2076 3005 2133 είδωλα
3048 2080 3111 2135 ού
3156 2084 3508 2153 προσκυνεῖτε
3531 2121 3546 2148 ,

1970 2170 2066 2224 καὶ
2095 2169 2165 2225 τὰ
2199 2169 2335 2226 ἀλλα
2373 2171 2725 2241 φιλονεικεῖτε
2752 2172 3046 2245 διατηρεῖν.
3084 2176 3212 2230 Ὄτε
3240 2176 3420 2231 τοίνυν
3455 2180 3550 2231 καὶ

1970 2267 2000 2321 6
2028 2265 2142 2338 βίος
2175 2266 2330 2340 ὑμῶν
2372 2266 2622 2339 βελτίων,
2654 2270 2749 2323 καὶ
2782 2268 2845 2323 τὸ
2874 2271 3203 2343 κατόρθωμα
3226 2311 3241 2339 ,
3272 2273 3348 2338 ὥς
3376 2292 3511 2345 φατε
3532 2318 3548 2340 ,

1971 2364 2257 2433 τοσοῦτον,
2285 2365 2407 2421 τότε
2445 2364 2516 2419 τά
2558 2365 2764 2437 ἔσχατα
2806 2366 3061 2439 πάσχετε.
3100 2370 3167 2422 Τί
3209 2371 3411 2445 ταύτης
3454 2374 3551 2443 τῆς

1975 2462 2173 2534 μανίας
2189 2462 2381 2531 γένοιτ’
2408 2461 2473 2516 ἂν
2488 2464 2697 2535 χεῖρον;
2721 2464 2773 2517 τί
2794 2464 2893 2539 τῆς
2910 2465 3117 2531 ἀνοίας,
3135 2468 3217 2522 ὅτι
3237 2468 3377 2540 ὑπὲρ
3398 2469 3552 2541 ὑμῶν

1974 2544 2152 2626 αὐτῶν
2183 2558 2625 2631 ἀπολογήσασθαι
2665 2559 2996 2637 βουλόμενοι,
3041 2565 3122 2628 είς
3146 2565 3239 2619 τὸν
3266 2564 3397 2619 Θεὸν
3425 2565 3552 2637 βλα-

1976 2659 2279 2729 σφημεῖτε;
2311 2656 2376 2711 Εἰ
2409 2657 2517 2731 γὰρ
2554 2658 2615 2712 οὐ
2663 2657 2845 2729 μεῖζον
2885 2659 2948 2713 τὸ
2987 2660 3293 2734 ἁμάρτημα
3320 2662 3381 2715 τὸ
3413 2664 3557 2716 κατά

1974 2753 2213 2825 Χριστοῦ
2259 2754 2478 2809 πάντων
2518 2754 2780 2820 ἐκείνων,
2820 2755 2959 2811 ἀλλὰ
3007 2758 3103 2811 καὶ
3135 2758 3442 2829 δικαίωμα,
3476 2758 3553 2822 ὥς

1978 2868 2114 2922 φατε
2133 2891 2149 2915 ,
2192 2852 2288 2907 καὶ
2320 2851 2684 2923 κατόρθωμα,
2707 2853 2759 2908 τί
2793 2854 2993 2925 δήποτε
3027 2854 3422 2926 κατορθοῦντας
3456 2857 3555 2927 μὲν

1977 2948 2199 3013 κολάζει
2216 2989 2233 3014 ,
2263 2949 2683 3020 ἁμαρτανόντων
2713 2949 2769 3002 δέ
2801 2949 3071 3019 ἐφείδετος
3100 2950 3272 3004 Τοῦτο
3304 2952 3418 3023 γὰρ
3446 2944 3554 3021 οὐχ

1975 3048 2007 3101 6
2036 3046 2205 3111 Θεὸς,
2234 3044 2350 3099 ἀλλ’
2378 3045 2500 3099 οὐδέ
2530 3044 2817 3117 ἄνθρωπος
2845 3046 2996 3111 ὅστις
3033 3046 3233 3118 δήποτε
3261 3046 3384 3102 νοῦν
3417 3047 3556 3117 ἔχων

1976 3141 2266 3212 ἀνάσχοιτο
2294 3140 2362 3196 ἃν
2405 3141 2649 3212 ποιῆσαι.
2697 3142 2856 3196 Ἀλλά
2891 3142 2946 3196 τί
3002 3158 3135 3213 φασι
3177 3142 3312 3213 πρὸς
3346 3139 3553 3206 ταῦτα;

1990 3239 2351 3310 Ἐρῤίφημεν,
2401 3240 2484 3294 ἵνα
2528 3240 2626 3292 καὶ
2667 3238 2976 3293 διδάσκαλοι
3019 3239 3306 3311 γενώμεθα
3348 3239 3447 3310 τῆς
3480 3242 3555 3291 οξ-

1981 3336 2272 3407 κουμένης.
2322 3336 2503 3408 Λῆρος
2539 3334 2738 3402 ταῦτα,
2783 3338 2879 3389 καὶ
2925 3335 3202 3408 φλυαρίαι.
3260 3335 3401 3400 Τοὺς
3452 3336 3558 3404 γὰρ

1983 3432 2279 3504 μέλλοντας
2306 3427 2447 3485 εἶναι
2467 3431 2819 3497 διδασκάλους
2842 3433 3104 3504 πρότερον
3131 3433 3325 3497 αὐτοὺς
3348 3450 3561 3503 κατωρ-

1983 3530 2219 3586 θωκέναι
2262 3530 2374 3599 δεῖ,
2429 3530 2523 3584 καὶ
2570 3531 2691 3584 τότε
2737 3530 3053 3601 πέμπεσθαι
3101 3530 3181 3593 είς
3231 3524 3423 3583 τοῦτο’
3458 3524 3562 3585 οἷοι

1981 3624 2123 3701 ἦσαν
2150 3630 2200 3683 οί
2237 3627 2547 3701 προφῆται,
2575 3628 2627 3681 οί
2677 3627 2983 3683 ἀπόστολοι.
3018 3628 3187 3682 Ὅταν
3215 3627 3272 3681 δὲ
3300 3628 3453 3681 αὐτοὶ
3478 3626 3562 3680 δι-

1983 3726 2348 3800 εστραμμένοι
2376 3720 2500 3792 ὦσι,
2540 3726 2634 3779 καὶ
2677 3726 2857 3799 πάσης
2877 3726 3137 3797 γέμοντες
3181 3725 3412 3790 κακίας,
3444 3725 3564 3791 πῶς

1986 3825 2053 3879 ἀν
2078 3825 2159 3888 είς
2181 3823 2241 3877 τὸ
2270 3823 2539 3878 διδάσκειν
2560 3822 2959 3895 ἐξηνέχθησαν;
2987 3823 3217 3896 Ἰδωμεν
3250 3822 3429 3877 τοίνυν
3450 3817 3563 3888 οἷος

1984 3921 2168 3976 αὐτῶν
2193 3921 2285 3975 καὶ
2312 3920 2341 3973 6
2366 3920 2472 3993 πρὸ
2499 3922 2689 3976 τούτου
2716 3919 2850 3992 βίος.
2880 3921 3202 3993 Εύρήσομεν
3226 3920 3335 3993 γὰρ
3357 3920 3565 3994 θηρίων

1984 4018 2143 4082 ὄντας
2183 4018 2617 4091 χαλεπωτέρους.
2649 4019 2760 4073 Καὶ
2788 4017 2898 4091 γὰρ
2935 4018 3281 4091 πατραλοῖαι,
3309 4018 3404 4072 καὶ
3436 4033 3564 4072 παι-

1985 4114 2244 4191 δοκτόνοι,
2269 4115 2363 4169 καὶ
2385 4114 2788 4187 εἰδωλολάτραι,
2813 4115 2907 4169 καὶ
2932 4114 3251 4169 πλεονέκται
3273 4113 3563 4184 γεγόνασιο

1985 4214 2084 4269 καὶ
2105 4211 2306 4267 τούτων
2336 4212 2473 4268 εἰσιν
2513 4214 2570 4268 αἱ
2604 4214 2931 4283 προφητεῖαι
2956 4211 3205 4284 πλήρεις.
3233 4212 3345 4265 Kal
3374 4210 3437 4265 τὸ
3464 4209 3565 4281 μὲν

1988 4310 2182 4381 λάγνον
2211 4310 2365 4383 ὑμῶν
2404 4310 2673 4382 Ἱερεμίας
2699 4308 2895 4380 δηλῶν,
2926 4309 3129 4379 ἔλεγεν·
3156 4310 3351 4365 "laxae
3381 4312 3567 4378 θηλυ-

1983 4386 2196 4480 μανεῖς
2234 4408 2644 4479 ἐγενήθησαν·
2698 4408 2958 4475 ἕκαστος
2993 4407 3095 4462 ἐπὶ
3155 4407 3271 4477 τὴν
3309 4407 3567 4476 γυναῖκα

1987 4507 2095 4563 τοῦ
2126 4507 2397 4576 πλησίον
2436 4504 2787 4576 ἐχρεμέτιζε.
2820 4506 2887 4560 Τί
2932 4505 3138 4576 ταύτης
3192 4506 3292 4576 τῆς
3317 4505 3566 4579 ἀκαθαρ-

1990 4604 2114 4669 σίας
2140 4606 2354 4676 χεῖρονς
2392 4605 2468 4659 Οὐ
2499 4605 2609 4675 γάρ
2647 4604 2726 4667 ὡς
2754 4603 3033 4676 ἀνθρωττοι
3076 4603 3417 4672 συνεγίνοντο
3443 4607 3563 4669 ταῖς

1990 4700 2234 4773 ἀλλήλων
2279 4698 2519 4769 γυναιξίο
2552 4700 2633 4755 διὸ
2670 4702 2762 4754 καὶ
2787 4701 2888 4773 τὴν
2919 4701 3116 4773 μανίαν
3146 4701 3327 4755 αὐτῶν
3354 4718 3560 4775 χρεμεο

1988 4794 2184 4863 τισμὸν
2210 4794 2457 4850 ἐκάλεσε.
2488 4796 2599 4848 Kal
2641 4795 2761 4865 οὐχὶ
2803 4795 3060 4867 πορνείαν
3088 4795 3269 4867 μόνον,
3300 4794 3438 4850 ἀλλὰ
3469 4798 3567 4851 καὶ

1993 4892 2242 4963 μοιχείαν
2276 4893 2457 4956 αὐτοῖς
2492 4890 2734 4960 ἐγκαλεῖ,
2774 4891 2867 4944 καὶ
2896 4892 3101 4964 ταύτην
3127 4893 3320 4966 ἀνέδην
3346 4894 3567 4965 γινομέο

1990 5005 2111 5064 νην,
2139 4989 2392 5060 καθάπερ
2418 4990 2512 5043 ἐπὶ
2535 4987 2641 5042 τῶν
2670 4988 2901 5058 ἀλόγων.
2936 4989 3161 5061 Ἕτερος
3181 4991 3237 5044 δὲ
3278 4992 3566 5063 προφήτης

1992 5097 2192 5162 φησίν·
2232 5088 2541 5160 Είσῆλθον
2588 5089 2739 5158 πρὸς
2786 5087 2903 5158 τὴν
2954 5089 3209 5160 γυναῖκα
3252 5089 3567 5157 ποιοῦντες

1992 5190 2521 5261 παραπετάσματα,
2552 5192 2681 5255 υίὸς
2705 5188 2805 5243 καί
2836 5178 3033 5257 πατὴρ
3055 5188 3205 5257 πρὸς
3227 5186 3345 5257 τὴν
3370 5188 3566 5256 αὐτὴν

1993 5292 2343 5359 παιδίσκην.
2388 5289 2489 5343 Διά
2528 5288 2687 5343 τοῦτο
2726 5283 2819 5343 οὖν
2862 5286 3234 5351 διδασκάλους,
3274 5283 3400 5339 είπέ
3441 5298 3569 5356 μοι,

1995 5388 2242 5461 ἔπεμψεν
2260 5388 2427 5459 ὑμᾶς,
2454 5386 2543 5441 ἶνα
2572 5383 2834 5458 μάθωμεν
2862 5383 3135 5456 πορνείας,
3152 5380 3261 5437 καὶ
3289 5382 3532 5454 μοιχείας
3549 5423 3562 5444 ,

1996 5488 2092 5543 καὶ
2108 5490 2190 5543 δτι
2209 5487 2292 5542 δεῖ
2304 5487 2420 5559 τὴν
2440 5484 2613 5556 αὐτὴν
2631 5483 2790 5557 εὐνὴν
2812 5482 2955 5556 ἔχειν
2982 5480 3196 5553 πατέρα
3218 5480 3313 5534 καὶ
3333 5479 3480 5545 υἱόνς
3499 5478 3566 5533 τί

1996 5588 2054 5651 δὲ
2088 5591 2117 5644 6
2160 5587 2453 5661 ’Ῑεζεκιήλς
2490 5584 2645 5641 Οὐδὲ
2674 5582 2827 5640 κατὰ
2849 5582 2922 5637 τὰ
2942 5581 3160 5651 νόμιμα
3184 5575 3306 5632 τῶν
3334 5574 3571 5631 ἐθνῶν-δ

2008 5767 2168 5877 mth
2211 5761 2471 5819 Ezechiele
2514 5748 2701 5826 legum
2728 5760 2838 5810 ούδέ
2879 5742 3002 5807 διατά
3040 5738 3573 5815 τὰδ’δικαιώματίτῦν

2008 5845 2029 5877 ε
2079 5846 2166 5877 ων.
2934 5842 2937 5843 ⁷

2003 5845 2166 5879 ευνων.
