4140 6356
337 362 441 416 115

328 476 472 527 cistis
497 468 709 542 (Ezech.
741 470 796 525 5.
826 468 907 540 7),
940 468 1127 539 inquit.
1157 468 1263 524 Eos
1291 482 1419 539 ergo
1458 468 1550 537 qui
1588 478 1740 523 erant
1763 468 1916 523 dete-

326 564 501 619 riores
522 563 790 634 gentibus,
823 562 909 616 dic
935 563 1086 628 mihi,
1112 562 1360 617 doctores
1389 562 1574 617 misit?
1604 562 1791 617 Factas
1828 576 1922 615 au-

326 670 439 713 tem
467 658 534 712 ab
564 657 642 713 eis
679 656 855 711 cmdes
884 656 1003 726 quis
1024 656 1164 711 ferre
1191 656 1402 726 possit?
1453 655 1619 711 Filios
1669 656 1812 710 enim
1866 664 1922 708 et

327 754 467 807 tilias
496 760 798 807 mactarunt
827 750 1125 815 daemoniis,
1156 761 1211 804 et
1233 765 1328 804 eos
1347 750 1777 805 combusseruut.
1808 749 1921 804 Hoc

326 852 507 897 autem
540 842 705 897 David
735 856 947 912 quoque
980 839 1235 906 ostendit,
1276 842 1461 895 dicens
1493 839 1601 894 :Et
1627 849 1916 893 mactarunt

329 936 466 1001 ﬁlios
484 951 601 988 suos
625 944 672 988 et
692 934 827 1001 ﬁlias
851 950 970 988 suas
999 932 1259 987 dtemoniis
1287 931 1457 1001 (Psal.
1492 931 1613 987 105.
1648 932 1757 1001 57).
1785 930 1917 985 Pro-

330 1038 513 1098 pterea
538 1042 667 1098 ergo
710 1026 878 1090 misit,
915 1035 973 1080 ut
997 1025 1098 1080 hoc
1121 1024 1358 1080 disceret
1387 1035 1575 1078 natura
1619 1022 1917 1089 homimun,

327 1119 472 1190 quod
499 1128 744 1188 oporteat
768 1118 907 1173 ﬁlios
935 1127 989 1174 et
1012 1119 1148 1173 ﬁlias
1172 1128 1408 1173 mactare
1437 1116 1763 1172 daemoniis?
1802 1116 1914 1171 Non

327 1210 667 1277 erubescitis,
689 1224 787 1265 nec
814 1208 1016 1280 pudore
1042 1208 1225 1264 suﬁ‘usi
1248 1224 1344 1265 vos
1365 1209 1559 1279 tegitis,
1590 1224 1712 1263 cum
1736 1207 1918 1277 hujus-

328 1301 476 1356 modi
535 1316 703 1371 nugas
758 1300 1275 1356 comminiscimini?
1318 1302 1466 1356 Alius
1518 1301 1662 1355 enim
1706 1299 1835 1355 dicit
1895 1315 1911 1353 :

329 1392 647 1464 Sanguinem
670 1395 880 1447 miscent
913 1394 1149 1464 sanguini
1177 1408 1197 1448 ε
1222 1404 1267 1447 et
1291 1394 1566 1449 exsecratio
1588 1436 1603 1460 ,
1636 1403 1683 1447 et
1712 1394 1921 1449 mendu-

327 1487 488 1550 cium,
511 1496 558 1539 et
577 1489 769 1557 furtum
788 1526 804 1549 ,
832 1494 879 1539 et
909 1485 1215 1541 adulterium
1246 1488 1415 1558 fusum
1440 1496 1514 1541 est
1542 1504 1697 1556 super
1725 1496 1914 1541 terram

331 1578 505 1648 (Osee.
537 1580 591 1633 4.
617 1579 673 1649 2)
691 1578 950 1650 (a).Alius
971 1588 1148 1634 autem
1178 1597 1192 1633 :
1226 1578 1471 1637 Factaest
1493 1580 1745 1652 tibifacies
1759 1598 1919 1635 mere~

329 1671 490 1736 tricis,
524 1687 647 1741 erga
670 1686 843 1725 omnes
873 1670 1014 1741 fuisti
1038 1670 1304 1741 impudens
1355 1671 1486 1741 (Jer.
1532 1673 1585 1726 5.
1631 1672 1710 1741 5).
1767 1672 1918 1727 Alius

329 1777 516 1816 rursus
570 1778 584 1816 :
635 1760 902 1832 Principes
953 1764 1104 1816 vestri
1159 1773 1417 1833 tamquam
1444 1764 1552 1834 lupi
1593 1764 1793 1819 Arabia
1836 1765 1913 1837 (b)

322 1854 544 1922 (Ezech.
566 1852 653 1907 22.
683 1853 800 1924 27).
826 1854 975 1908 Alius
998 1870 1216 1909 rursus:
1248 1854 1370 1909 Non
1397 1865 1469 1909 est
1492 1856 1794 1926 intelligens,
1814 1873 1916 1910 non

330 1955 403 1998 est
455 1948 710 2013 requirens
759 1945 922 1999 Deum
965 1946 1152 2017 (Soph.
1199 1949 1253 2002 5.
1299 1949 1377 2018 5).
1427 1947 1612 2004 Omnes
1633 1950 1917 2004 declinave-

331 2046 473 2102 runt,
492 2038 646 2090 simul
670 2038 871 2091 inutiles
897 2039 1021 2109 facti
1045 2049 1163 2092 sunt
1184 2039 1354 2111 (Psal.
1385 2042 1472 2096 15.
1496 2042 1554 2096 2.
1580 2042 1662 2112 5).

400 2130 455 2184 5.
500 2131 710 2200 Egressi
751 2146 879 2202 ergo
919 2132 1049 2187 estis
1080 2144 1136 2187 ut
1165 2134 1280 2197 haec
1308 2134 1608 2199 doceretis,
1634 2135 1919 2205 impuden-

332 2220 481 2284 tiam,
539 2222 866 2287 amentiam,
918 2223 1326 2289 fornicationes,
1359 2225 1647 2291 adulteria,
1701 2227 1913 2295 caedes,

333 2326 549 2365 omnem
572 2312 709 2367 viam
737 2313 1091 2383 improbitatis
1108 2316 1132 2369 ?
1148 2315 1263 2370 Non
1286 2318 1509 2373 cessatis
1534 2333 1633 2372 nos
1651 2333 1843 2389 cogere
1863 2330 1921 2375 ut

332 2412 511 2482 vestra
532 2403 675 2457 mala
705 2404 1078 2463 traducamus?
1135 2407 1240 2463 Vos
1259 2410 1388 2463 estis
1418 2409 1517 2475 Qui
1540 2413 1814 2482 portamini
1858 2430 1920 2467 ea:

332 2481 503 2559 utero,
536 2505 582 2547 et
606 2495 858 2551 docemini
899 2514 1056 2568 usque
1095 2498 1164 2552 ad
1204 2511 1504 2555 senectutem
1524 2500 1677 2573 (Isai.
1708 2504 1798 2558 46.
1824 2504 1913 2574 5);

333 2600 428 2640 vos
456 2588 586 2641 estis
637 2589 802 2656 caeci,
837 2591 928 2660 qui
974 2604 1074 2645 vos
1099 2590 1328 2647 invicem
1370 2592 1423 2648 in
1467 2593 1675 2648 foveam
1727 2598 1919 2665 prmci-

332 2678 535 2746 pitatis.
572 2678 745 2733 Cacus
782 2680 922 2735 enim
947 2722 964 2749 ,
996 2682 1199 2752 inquit,
1220 2684 1265 2738 si
1290 2700 1479 2738 circum
1499 2685 1672 2752 ducat,
1702 2688 1921 2743 amboin

334 2769 531 2839 foueam
561 2772 738 2826 cadent
778 2770 988 2845 (Matth.
1034 2775 1125 2830 15.
1150 2775 1395 2841 14;Ι.ιιε.
1431 2778 1486 2832 6.
1516 2779 1632 2851 59).
1664 2779 1763 2848 Qui
1798 2796 1919 2850 pro-

333 2862 524 2932 phetas
549 2879 762 2934 semper
783 2865 1041 2923 habuistis
1058 2908 1076 2934 ,
1106 2878 1159 2925 et
1184 2886 1471 2942 numquam
1499 2872 1621 2929 laeti
1645 2877 1775 2929 estis
1803 2891 1920 2932 me-

334 2955 517 3019 liores,
550 2955 715 3014 futuri
761 2960 889 3014 estis
929 2961 1153 3017 aliorum
1193 2962 1486 3019 doctores?
1536 2966 1653 3022 Non
1697 2971 1919 3025 cessatis

335 3046 451 3102 hac
503 3050 712 3119 nugari,
746 3066 845 3106 nec
897 3062 1129 3107 vestram
1168 3057 1457 3125 agnoscitis
1506 3060 1760 3129 culpam?
1805 3061 1925 3117 Hoc

333 3139 478 3192 enim
509 3155 723 3209 semper
747 3156 841 3196 vos
868 3143 1118 3213 perdidit,
1152 3147 1291 3216 quod
1318 3160 1614 3205 vestrorum
1654 3154 1914 3209 malorum

334 3231 516 3285 nolitis
545 3231 946 3288 fundamentum
973 3252 1313 3307 cognoscere.
1344 3241 1652 3311 Propterea,
1681 3245 1822 3315 quod
1844 3246 1922 3299 la-

334 3325 483 3378 ciunt
506 3325 737 3393 judices,
766 3329 854 3397 qui
878 3327 1069 3398 jubent
1100 3341 1218 3399 post
1242 3348 1356 3399 eos,
1381 3336 1470 3404 qui
1494 3322 1675 3404 ﬂagris
1702 3339 1921 3395 caedun-

337 3424 442 3478 tur,
472 3419 619 3487 sequi
647 3420 781 3473 alios
810 3422 896 3491 qui
926 3422 1158 3477 clament
1178 3434 1233 3479 et
1261 3426 1458 3493 dicant,
1493 3444 1590 3483 cur
1609 3431 1917 3503 caedantur,

336 3524 463 3562 num
516 3508 685 3576 fures,
713 3528 838 3565 num
870 3523 1109 3582 raptores
1132 3517 1239 3570 sint
1267 3533 1280 3568 :
1312 3518 1379 3572 ita
1424 3521 1583 3576 etiam
1637 3523 1777 3579 Deus
1823 3540 1925 3581 vos

334 3618 741 3672 quoquoversus
801 3607 1110 3668 traducens,
1130 3610 1291 3676 jussit
1314 3614 1464 3682 sequi
1493 3614 1796 3683 prophetas,
1828 3619 1921 3688 qui

336 3707 549 3746 causam
580 3694 820 3749 dicerent
846 3699 1108 3767 supplicii.
1136 3698 1340 3769 Ubique
1364 3704 1507 3757 enim
1527 3714 1787 3761 terrarum
1817 3724 1920 3763 una

337 3784 611 3838 vobiscum
645 3787 807 3840 vincti
855 3800 1012 3854 sunt,
1045 3792 1135 3860 qui
1173 3795 1333 3848 etiam
1375 3811 1515 3850 nunc
1552 3798 1729 3854 adhuc
1769 3801 1921 3856 vobis

335 3878 640 3933 inclamant.
674 3880 738 3933 Et
768 3882 811 3934 si
848 3882 899 3934 in
927 3899 1220 3954 synagogas
1248 3887 1563 3957 ingrediaris
1583 3932 1597 3955 ,
1626 3892 1810 3948 audies
1835 3908 1927 3948 as-

335 3970 490 4024 sidue
511 3985 605 4024 eos
631 3971 745 4025 haec
767 3974 926 4027 verba
957 3976 1156 4030 dicere.
1184 3978 1248 4031 Et
1279 3979 1442 4034 David
1473 3982 1688 4050 quidem
1720 3983 1924 4039 descri-

337 4062 472 4115 bens
498 4062 646 4127 illud,
672 4064 812 4133 quod
847 4066 1110 4123 latrocinii
1142 4070 1310 4125 instar
1331 4072 1563 4129 habebat
1589 4075 1807 4145 Caiphae
1826 4079 1922 4148 ju-

334 4152 557 4221 dicium,
584 4155 712 4211 dicit
735 4173 830 4213 vos
855 4170 1131 4230 propterea
1157 4164 1397 4233 periisse.
1427 4166 1560 4221 Cum
1592 4170 1735 4225 enim
1757 4170 1929 4227 dixis-

334 4256 440 4308 set,
466 4246 837 4317 Dirumpamus
862 4254 1063 4308 vincula
1088 4272 1260 4310 eorum
1286 4300 1299 4316 .
1324 4268 1372 4313 et
1396 4259 1701 4331 abjiciamus
1720 4282 1753 4319 a
1778 4268 1923 4323 nobis

335 4339 517 4407 iugum
550 4342 779 4407 ipsorum
820 4342 989 4412 (Psal.
1018 4345 1073 4401 2.
1106 4348 1185 4417 5),
1216 4350 1530 4419 subjunxit:
1564 4352 1707 4409 Tunc
1747 4357 1923 4428 loque-

336 4438 424 4482 tur
446 4430 516 4483 ad
541 4448 624 4485 eos
644 4433 699 4486 in
733 4433 813 4487 ira
837 4452 929 4489 sua
948 4476 962 4497 ,
990 4446 1039 4490 et
1065 4438 1119 4491 in
1148 4440 1323 4510 furore
1359 4459 1456 4496 suo
1484 4445 1803 4502 conturbabit
1838 4466 1924 4504 eos

342 4519 516 4589 (Ibid.
544 4540 591 4577 υ.
615 4522 705 4590 5).
765 4525 925 4581 Isaias
965 4538 1142 4583 autem
1192 4547 1311 4586 cum
1343 4533 1595 4602 dixisset,
1621 4554 1742 4593 eum
1788 4534 1925 4598 sicut

338 4628 495 4665 ovem
522 4613 739 4669 ductum
764 4631 886 4672 esse
914 4620 979 4673 ad
1006 4622 1328 4678 occisionem
1346 4666 1363 4691 ,
1390 4627 1662 4697 subjunxit
1689 4646 1704 4684 :
1732 4630 1803 4685 Et
1827 4633 1926 4687 da-

340 4704 684 4776 boimprobos
722 4725 816 4777 pro
860 4714 1127 4781 sepultura
1167 4717 1296 4786 ejus,
1330 4730 1377 4772 et
1421 4720 1601 4777 divites
1633 4740 1727 4793 pro
1768 4736 1930 4782 morte

340 4800 456 4887 ejus
492 4797 647 4865 (Isai.
676 4802 765 4858 55.
790 4803 883 4874 9);
914 4814 970 4860 et
1004 4822 1189 4863 rursus
1219 4810 1343 4865 alibi
1372 4811 1439 4866 de
1469 4814 1626 4869 vinea
1656 4816 1879 4887 loquens
1909 4835 1927 4871 :

342 4884 650 4957 Exspectaui
668 4933 685 4956 ,
717 4902 775 4946 ut
792 4894 980 4963 faceret
1009 4896 1266 4966 justitiam
1293 4918 1311 4955 :
1345 4903 1465 4972 fecit
1498 4915 1669 4959 autem
1695 4884 1930 4976 iniquita-

344 4990 466 5044 tem,
491 4992 539 5035 et
558 4999 659 5036 non
673 4985 950 5054 justitiam,
992 4989 1080 5041 sed
1109 4991 1383 5045 clamorem
1416 4993 1531 5063 (Id.
1558 4996 1610 5051 5.
1632 4997 1711 5058 7).
1732 4998 1938 5066 Quem-

344 5086 471 5126 nam
498 5084 677 5129 autem
703 5076 1039 5134 clamorem?
1063 5079 1317 5153 Cruciﬂge
1337 5126 1353 5149 ,
1381 5087 1622 5158 cruei/ige
1649 5087 1802 5160 (Luc.
1834 5090 1929 5147 25.

343 5163 460 5236 2t).
491 5167 558 5221 Et
597 5168 871 5240 subjungit
897 5188 912 5223 :
943 5170 1218 5243 Propterea
1258 5176 1460 5231 diruam
1499 5196 1669 5249 sepem
1708 5186 1820 5253 ejus
1841 5226 1855 5251 ,
1886 5194 1933 5239 et

347 5260 441 5311 erit
486 5260 540 5314 in
589 5263 1019 5319 conculcationem
1051 5283 1070 5320 :
1092 5279 1137 5321 et
1184 5270 1437 5325 mandabo
1476 5275 1719 5338 nubibus,
1750 5287 1803 5331 ut
1832 5295 1937 5333 non

1404 354 1760 413 EXPOSITIO
1797 354 1865 412 ῙΝ
1905 354 2228 413 PSALMUM
2274 356 2405 413 VIII.

3521 368 3618 427 1η

2032 468 2199 534 estis;
2232 467 2389 538 idque
2418 468 2758 525 manifestum
2790 481 2871 526 est
2896 486 2961 527 es
2990 471 3283 543 prophetis.
3319 472 3387 530 Et
3406 489 3618 534 unctas

2028 558 2224 615 Christi
2250 563 2521 625 virtutem,
2548 573 2708 631 atque
2732 574 2787 617 ut
2806 580 2871 619 ex
2896 567 3046 621 vobis
3072 567 3199 636 ipsis
3233 567 3473 635 discetis,
3500 587 3619 640 quae

2028 668 2135 706 non
2161 652 2419 707 didicistis
2445 670 2473 707 a
2496 656 2792 723 prophetis,
2837 657 2956 711 vide
2997 672 3085 713 res
3126 675 3338 730 quoque
3376 662 3521 730 ipsas
3566 662 3618 716 id

2028 753 2302 800 testantes.
2331 746 2482 813 Quod
2507 750 2648 800 enim
2673 762 2765 800 vos
2796 749 2875 802 les
2900 764 3005 803 non
3036 750 3236 816 docuit,
3266 751 3368 806 hoc
3387 770 3451 806 ex
3489 753 3615 807 red-

2028 835 2248 890 undanti
2287 835 2411 890 fecit
2451 836 2652 890 Christi
2697 838 2953 907 potentia.
2985 840 3245 908 Quamdiu
3266 843 3407 896 enim
3439 844 3613 914 legem

2028 926 2309 993 habuistis,
2337 928 2663 983 occidebatis
2684 971 2696 993 ,
2727 931 2862 985 lilios
2894 933 3204 987 mactabatis
3223 975 3237 998 ,
3267 944 3323 989 et
3347 934 3609 990 adultera-

2024 1018 2163 1073 batis
2191 1035 2203 1070 :
2231 1027 2508 1089 postquam
2536 1030 2710 1073 autem
2743 1021 2913 1075 illuxit
2942 1025 3022 1076 sol
3046 1022 3264 1091 justitiaa
3284 1066 3297 1086 ,
3333 1025 3400 1079 de
3421 1030 3612 1081 vestris

2026 1112 2181 1165 malis
2197 1113 2419 1166 multum
2438 1113 2682 1175 decessit,
2702 1124 2756 1167 et
2772 1115 3094 1169 moderatius
3107 1117 3267 1171 vitam
3286 1118 3613 1185 instituistis,

2024 1205 2249 1259 correcti
2274 1220 2372 1274 per
2396 1217 2629 1259 vestram
2657 1207 2710 1260 in
2740 1222 2838 1260 nos
2864 1208 3281 1263 anitulationem.

2094 1297 2267 1352 ειυάωὶ
2306 1316 2396 1352 cur
2438 1300 2672 1369 dispersi.
2696 1301 3069 1369 —Propterea
3108 1318 3202 1356 vos
3242 1302 3515 1369 dispersit,
3556 1313 3614 1358 ut

2022 1395 2232 1449 sciretis
2268 1404 2520 1465 quantam
2550 1395 2601 1450 in
2650 1396 2802 1449 terris
2830 1395 3080 1465 plantarit
3108 1397 3487 1467 rempublicam
3513 1414 3529 1462 ;
3557 1407 3612 1452 et

2023 1491 2277 1559 templum
2315 1492 2507 1557 solvit,
2540 1507 2634 1546 vos
2677 1491 2759 1545 vel
2790 1492 2983 1545 invitos
3007 1507 3035 1545 a
3066 1492 3195 1545 vitio
3222 1491 3511 1546 abducens.
3548 1492 3613 1545 Et

2024 1583 2112 1637 ubi
2154 1583 2409 1652 templum
2448 1580 2547 1636 fuit
2586 1583 2862 1647 solutum,
2906 1582 3014 1636 illic
3050 1583 3208 1636 etiam
3246 1582 3487 1637 Christus
3528 1597 3614 1637 se-

2023 1674 2203 1744 pultus
2245 1684 2356 1738 est,
2388 1684 2441 1727 ut
2490 1683 2705 1744 propter
2744 1674 2884 1728 illius
2928 1673 3230 1743 sepulcrum
3276 1673 3610 1737 recedentes,

2024 1766 2269 1821 viderent
2311 1766 2471 1821 etiam
2510 1778 2768 1836 tropaeum
2808 1766 2952 1820 illius
2990 1764 3260 1836 petentitn,
3294 1777 3347 1821 et
3388 1767 3610 1822 verbum

2022 1864 2166 1911 stare
2186 1855 2326 1925 quod
2353 1857 2478 1911 dicit
2505 1876 2519 1910 :
2551 1855 2673 1910 Non
2702 1856 2918 1910 manebit
2946 1856 3027 1908 hic
3057 1856 3187 1927 lapis
3211 1873 3361 1926 super
3389 1855 3612 1926 lapidem

2026 1946 2237 2019 (Matth.
2260 1949 2372 2020 24).
2404 1949 2609 2020 Ubique
2646 1950 2789 2004 enim
2831 1959 2956 2003 sunt
2981 1948 3098 2018 ejus
3126 1958 3322 2017 tropaea
3350 1958 3405 2003 et
3441 1948 3614 2004 moni-

2023 2052 2200 2096 menta
2225 2043 2492 2111 potentiae.
2520 2043 2614 2099 Sin
2642 2053 2820 2098 autem
2844 2052 2981 2104 erat.
3009 2052 3069 2095 ut
3095 2040 3289 2107 dicitis,
3322 2041 3534 2111 impius.
3557 2050 3614 2096 et

2025 2134 2115 2187 Dei
2144 2134 2503 2201 adversarius,
2530 2136 2627 2189 etsi
2652 2134 3056 2188 innumerabilia
3083 2142 3298 2203 peccata
3328 2132 3608 2198 fecissetis,

2024 2240 2091 2279 ne
2111 2225 2188 2278 sic
2208 2224 2419 2294 quidem
2449 2225 2617 2293 puniri
2641 2225 2951 2294 oportebat:
2979 2224 3079 2277 etsi
3106 2224 3403 2292 oportebat,
3426 2234 3475 2277 at
3503 2239 3609 2278 non

2025 2326 2183 2371 tunc:
2225 2333 2291 2372 ne
2320 2318 2437 2385 quis
2474 2317 2803 2371 existimaret
2834 2330 2930 2369 VOS
2960 2331 3057 2385 pro
3101 2316 3188 2368 illo
3213 2328 3399 2384 pmnas
3438 2314 3607 2369 luero.

2024 2408 2215 2462 Annon
2250 2407 2474 2462 audistis
2518 2409 2685 2462 Deum
2729 2408 3031 2471 dicentem,
3080 2407 3297 2477 quando
3341 2406 3505 2461 eratis
3554 2407 3608 2460 in

2023 2501 2363 2568 captivitate:
2398 2499 2519 2553 Non
2548 2508 2753 2569 propter
2777 2514 2863 2553 vos
2892 2499 3046 2569 facio,
3073 2498 3162 2551 sed
3188 2508 3396 2567 propter
3425 2514 3521 2563 me,
3549 2513 3614 2549 ne

2022 2609 2189 2647 meum
2214 2609 2395 2646 nomen
2420 2596 2717 2664 profanetur
2756 2592 2966 2665 (Ezech.
2995 2591 3085 2647 56.
3116 2590 3253 2661 22)?
3282 2590 3442 2659 Atqui
3482 2598 3610 2644 tunc

2023 2693 2139 2739 erat
2162 2684 2334 2754 major
2356 2692 2531 2739 vestra
2562 2685 2890 2754 improbitas.
2920 2683 3024 2739 Sed
3054 2695 3229 2739 tamen
3255 2726 3270 2749 ,
3305 2683 3468 2753 inquit
3494 2725 3509 2748 ,
3542 2698 3613 2737 ne

2023 2776 2329 2832 existiment
2354 2776 2559 2830 barbari
2585 2792 2669 2831 me
2688 2791 2809 2831 esse
2832 2776 3176 2841 imbecillum,
3202 2775 3410 2829 dimitto
3430 2784 3611 2829 vestra

2023 2877 2261 2938 peccata,
2285 2878 2338 2921 et
2365 2882 2625 2922 conservo
2648 2882 2767 2923 vos.
2795 2866 2940 2922 itane
2961 2878 3086 2921 tunc
3111 2866 3323 2937 quidem
3352 2880 3471 2932 vos,
3503 2865 3608 2919 ini-

2024 2975 2131 3030 que
2156 2975 2253 3014 vos
2277 2966 2543 3029 gerentes,
2570 2960 2819 3023 servavit,
2850 2974 2918 3013 ne
2940 2960 3058 3027 ejus
3083 2974 3275 3011 nomen
3303 2958 3612 3027 profanare-

2022 3062 2147 3109 tur:
2196 3066 2337 3106 nunc
2374 3064 2549 3105 autem
2597 3051 2696 3105 hoc
2745 3068 2849 3105 non
2906 3051 3152 3105 fecisset?
3191 3050 3301 3104 Etsi
3341 3050 3482 3103 enim
3524 3047 3610 3103 vel

2024 3147 2299 3199 innumera
2325 3155 2538 3214 peccata
2566 3144 2932 3209 admisissetis,
2964 3160 3057 3197 vos
3085 3142 3210 3197 nihil
3238 3142 3474 3212 oportuit
3502 3142 3609 3211 pati

2022 3238 2318 3308 ejusmodi,
2348 3237 2391 3290 si
2424 3236 2609 3291 fuisset
2637 3237 2895 3305 impostor
2921 3236 3165 3291 Christus
3190 3278 3203 3301 ,
3236 3251 3302 3289 ne
3342 3234 3462 3305 quis
3489 3234 3609 3288 exi-

2025 3330 2267 3385 stimaret
2285 3344 2381 3383 vos
2406 3328 2493 3383 illa
2514 3338 2733 3399 propter
2755 3332 2925 3397 ipsum
2954 3343 3072 3382 CSSe
3098 3342 3302 3397 passos,
3332 3326 3425 3380 sed
3448 3328 3610 3380 etiam

2024 3431 2367 3477 conservatos
2390 3436 2483 3476 vos
2506 3436 2626 3475 esse
2651 3421 2910 3490 oportuit;
2943 3431 2996 3474 et
3024 3420 3065 3472 si
3086 3460 3104 3487 ,
3136 3430 3190 3472 ut
3212 3419 3320 3487 jam
3352 3418 3482 3483 dixi,
3513 3432 3609 3471 vos

2026 3512 2136 3584 pati
2176 3512 2444 3582 Oportuit,
2479 3523 2536 3565 at
2566 3527 2670 3565 non
2703 3522 2846 3564 tunc.
2886 3510 3035 3565 Nunc
3074 3520 3252 3565 autem
3293 3510 3406 3564 haec
3452 3509 3613 3563 simul

2025 3607 2163 3659 facta
2186 3614 2327 3659 sunt.
2372 3602 2597 3672 Quando
2632 3604 2774 3657 enim
2805 3619 2931 3657 crux
2963 3604 3259 3673 processit,
3305 3603 3460 3671 paulo
3489 3611 3611 3671 post

2023 3698 2271 3753 exierunt
2297 3697 2556 3767 apostoli,
2588 3705 2643 3751 et
2685 3696 2899 3751 difﬁcile
2937 3697 3132 3751 bellum
3168 3698 3423 3751 adxersus
3468 3694 3612 3751 illaut

2026 3790 2294 3844 civitatem
2324 3790 2635 3844 suscitatum
2659 3799 2779 3849 est;
2809 3803 2861 3847 et
2888 3790 3026 3859 quod
3060 3798 3141 3844 est
3180 3790 3229 3842 in
3265 3790 3563 3858 Evangeliis
3596 3809 3610 3844 :

2035 3880 2124 3936 γω
2147 3880 2445 3935 lactantibus
2464 3889 2510 3935 et
2530 3880 2906 3952 prtegnantibus
2922 3879 3130 3953 (Matth.
3155 3881 3245 3934 ει.
3274 3880 3384 3951 19),
3410 3880 3617 3933 omnia-

2027 3988 2131 4043 que
2158 3972 2245 4026 illa
2284 3973 2482 4026 exitum
2510 3972 2697 4027 sortita
2727 3981 2890 4026 sunt:
2916 3980 2971 4025 et
2998 3971 3145 4032 illud,
3175 3969 3317 4023 Tunc
3342 3972 3431 4023 erit
3455 3969 3612 4022 tribu-

2028 4065 2151 4120 latio
2170 4106 2186 4130 ,
2212 4064 2376 4134 qualis
2400 4080 2674 4134 numquam
2700 4075 2816 4118 ante
2840 4065 2935 4133 fuit
2969 4064 3118 4136 (Luc.
3150 4063 3240 4118 2i.
3269 4063 3366 4131 25)
3390 4104 3403 4127 ,
3428 4063 3614 4133 imple-

2029 4167 2140 4212 tum
2165 4164 2275 4212 est.
2302 4154 2436 4211 Nam
2467 4166 2524 4211 et
2566 4156 2815 4211 mulieres
2854 4156 2993 4212 ﬁlios
3021 4157 3398 4221 comederunt,
3433 4156 3613 4212 hostes

2028 4249 2397 4322 perfregerunt
2419 4259 2637 4304 ventres
2668 4258 2996 4303 mortuorum
3018 4291 3031 4313 ,
3065 4257 3119 4303 et
3145 4249 3280 4319 ignis
3306 4248 3612 4304 barbaricus

2027 4352 2112 4398 est
2150 4342 2331 4396 omnia
2376 4340 2745 4412 depOpulatus,
2776 4341 3061 4410 omniaque
3101 4350 3248 4393 erant
3294 4340 3446 4409 plena
3490 4356 3617 4395 san-

2027 4435 2206 4505 guine,
2228 4443 2283 4488 et
2308 4449 2458 4488 novae
2482 4431 2772 4502 tragmdiaz,
2799 4443 2853 4486 et
2878 4412 3159 4486 universus
3186 4431 3328 4492 orbis
3356 4442 3615 4487 terrarum

2028 4528 2258 4583 refertus
2270 4534 2384 4581 erat
2396 4525 2795 4580 malisJudaicis
2820 4525 3047 4595 (Ioseph.
3068 4525 3129 4579 de
3146 4524 3274 4579 Bell.
3298 4523 3447 4589 Iud.)
3458 4566 3471 4578 .
3495 4524 3567 4579 lla
3587 4539 3620 4579 c

2029 4635 2160 4690 ergo
2200 4618 2339 4688 apud
2370 4632 2464 4673 vos
2494 4618 2788 4687 cogitantes
2812 4659 2827 4683 ,
2859 4626 3094 4671 vestrum
3129 4618 3406 4671 Dominum
3446 4631 3613 4687 agno-

2030 4714 2183 4769 scite.
2228 4714 2419 4766 Annou
2466 4711 2751 4781 prophetas
2798 4709 3113 4765 occidistis?
3158 4725 3283 4764 num
3341 4710 3444 4763 tale
3493 4709 3618 4779 quid

2030 4803 2177 4876 passi
2218 4804 2385 4858 estis?
2411 4802 2599 4858 Nonne
2643 4801 2827 4856 altaria
2876 4802 3161 4857 diruistis?
3204 4800 3459 4871 numquid
3500 4801 3621 4855 talis

2030 4898 2183 4953 vobis
2228 4896 2449 4967 contigit
2503 4896 2817 4950 calamitas?
2859 4895 3045 4949 Nonne
3092 4893 3315 4948 vitulum
3360 4893 3623 4948 adorastis

2034 4988 2229 5059 (Exod.
2258 4987 2372 5057 52),
2401 4999 2456 5043 et
2478 4986 2807 5057 Beelphegor
2832 4988 2960 5041 estis
2988 4986 3175 5041 initiati
3195 4984 3387 5054 (Num.
3418 4984 3509 5040 25.
3540 4985 3625 5052 5),

2033 5090 2383 5150 naturamque
2408 5078 2689 5150 ignorastis
2714 5080 2737 5133 ?
2765 5079 3018 5150 numquid
3048 5070 3182 5134 tales
3211 5078 3393 5134 hostes
3416 5078 3627 5149 esperti

2035 5174 2207 5229 estis?
2232 5174 2422 5228 Annon
2460 5172 2544 5228 vel
2589 5172 2641 5227 in
2685 5173 2875 5228 mediis
2902 5172 3171 5229 beneﬁciis
3199 5172 3541 5228 immemores
3575 5183 3625 5227 et

2036 5266 2229 5335 ingrati
2253 5265 2446 5320 servati
2471 5265 2638 5320 estis?
2664 5263 2815 5320 Unde
2839 5279 2969 5335 ergo
2992 5265 3267 5320 innumera
3288 5264 3342 5319 in
3366 5279 3465 5318 vos
3490 5263 3627 5318 mala
3662 5276 3665 5279 '

349 5350 533 5420 pluunt
571 5369 726 5422 super
745 5353 914 5423 ipsum
950 5357 1175 5428 pluuium
1200 5359 1350 5431 (hat.
1381 5363 1435 5418 5.
1464 5366 1517 5419 5,
1542 5366 1619 5437 6),
1651 5367 1766 5423 Non
1814 5370 1943 5427 ideo
2039 5354 2272 5427 profecta
2291 5353 2459 5409 sunt?
2482 5354 2666 5410 Nonne
2685 5356 2887 5411 clarum
2908 5363 3075 5411 estex
3097 5372 3181 5419 eo,
3206 5356 3346 5426 quod
3374 5357 3426 5410 in
3452 5355 3630 5410 Domi.

352 5455 481 5513 ergo
506 5442 737 5515 dispersi
754 5447 917 5517 estis,
952 5449 1048 5504 sed
1070 5463 1291 5522 propter
1314 5470 1376 5509 ea
1409 5473 1527 5527 qua:
1554 5460 1605 5513 in
1631 5476 1790 5518 cruce
1820 5464 1935 5520 ausi

2040 5466 2165 5504 num
2190 5448 2305 5504 ausi
2334 5446 2461 5503 estis
2492 5464 2731 5519 peccare,
2766 5465 2871 5503 non
2901 5449 2955 5503 in
2984 5448 3210 5504 servos?
3239 5447 3392 5504 Unde
3422 5462 3522 5503 nec
3548 5455 3633 5502 est

2039 5542 2192 5598 vobis
2221 5556 2252 5596 a
2279 5540 2453 5610 malis,
2482 5557 2601 5613 qua:
2630 5556 2726 5597 vos
2767 5544 3040 5607 invasere,
3073 5542 3315 5597 liberatio
3337 5581 3354 5608 ,
3382 5556 3485 5595 nec
3508 5541 3631 5597 erit.

414 5625 633 5721 llaec
654 5630 773 5680 item
796 5630 995 5721 inverso
1012 5632 1156 5682 modo
1190 5633 1489 5688 referuntur.
1514 5639 1633 5690 vide
1655 5642 1783 5691 hunc
1801 5649 1943 5693 Osca!
2043 5637 2101 5694 Si
2130 5638 2274 5692 enim
2299 5644 2466 5704 esset,
2497 5651 2616 5692 eam
2642 5636 3018 5708 pra'dixissent
3036 5634 3330 5706 prophetae.
3359 5633 3511 5689 Nunc
3532 5649 3631 5688 au-

653 5753 825 5826 verba,
1129 5755 1234 5828 lupi
1245 5760 1452 5828 __.trabite
1469 5802 1481 5817 ,
1507 5771 1621 5828 sunt
1658 5765 1705 5813 in
1730 5766 1933 5827 Saphon.

357 5808 407 5862 5.
422 5808 479 5877 5,
498 5816 561 5865 ita
579 5821 633 5865 ut
653 5819 805 5881 prima
817 5808 935 5883 pars
959 5808 1022 5869 ait
1042 5808 1840 5891 maeis‘gééninisbpnbﬁig

2046 5738 2153 5784 tem
2180 5728 2429 5784 dixerunt
2448 5729 2663 5799 quidem
2690 5730 3070 5799 captivitatem,
3101 5728 3195 5783 sed
3225 5744 3331 5783 non
3361 5728 3632 5784 redit"m:

2050 5822 2175 5879 licet
2204 5821 2354 5886 bona
2369 5820 2641 5894 suppliciis
2684 5820 2894 5876 assidue
2920 5820 3276 5888 admisceant,
3307 5829 3362 5875 et
3394 5834 3633 5894 tempora
