4140 6356
484 351 591 404 {lii

476 463 749 520 deﬁniant.
782 462 989 517 Etenim
1023 458 1282 516 Ieremia:
1321 456 1559 513 deﬁnivit
1584 456 1914 527 scptuaginta
1953 469 2052 509 an-

477 572 578 613 nos
602 556 739 629 (Jer.
767 553 859 610 29.
888 551 978 625 10)
997 594 1013 617 ,
1043 562 1097 608 et
1137 550 1320 607 Daniel
1359 547 2061 618 similitertresannos(a)et

478 647 760 705 dimidium
835 648 856 722 (
877 650 1014 706 Dan.
1069 650 1126 707 9.
1186 644 1278 700 25.
1305 642 1482 714 sqq.);
1523 642 1649 713 quin
1675 641 1835 696 etiam
1866 637 2063 709 praedi-

478 750 622 799 ctum
675 750 759 796 est
802 752 900 794 eos
944 735 1348 809 quadringentis
1409 744 1465 789 et
1518 733 1734 803 triginta
1801 731 1956 785 annis
2008 730 2062 785 in

476 831 709 904 Egypto
735 831 1026 886 servituros
1054 826 1207 903 (Gen.
1237 826 1323 882 15.
1358 825 1471 897 l3).
1498 824 1667 891 Hujus
1691 833 1867 878 autem
1892 821 2064 891 capti-

478 924 653 980 vitatis
670 938 928 993 nusquam
950 920 1110 977 situm
1134 928 1217 975 est
1239 926 1469 986 tempus,
1494 931 1590 970 nec
1606 913 1747 980 ﬁnis,
1774 913 1867 969 sed
1883 913 2064 968 relicta

475 1027 561 1071 est
590 1025 763 1069 vestra
798 1014 989 1068 domus
1028 1010 1262 1076 deserta,
1293 1017 1349 1063 et
1367 1006 1605 1078 quotidie
1644 1020 1732 1061 res
1771 1013 1963 1060 vestra:
2011 1004 2064 1058 in

476 1108 715 1165 deterius
744 1103 1043 1176 procedunt
1070 1102 1283 1172 (Matth.
1314 1100 1407 1158 25.
1435 1099 1549 1170 58).

549 1198 603 1253 ϐ.
645 1197 769 1253 Haec
806 1196 984 1250 omnia
1013 1201 1217 1249 attente
1256 1191 1396 1261 apud
1422 1206 1518 1246 vos
1544 1188 1980 1254 considerantes,
2011 1197 2068 1243 et

476 1304 598 1360 qua:
637 1288 871 1343 breviter
909 1287 1050 1341 dicta
1091 1293 1218 1341 sunt
1254 1282 1422 1339 fusius
1463 1289 1752 1337 tractantes
1780 1279 1886 1352 (Da
1921 1280 2068 1334 enim

476 1382 691 1452 sapienti
722 1381 1064 1445 occasionem,
1099 1386 1149 1432 et
1188 1376 1283 1432 erit
1326 1375 1604 1445 sapientior
1627 1372 1810 1447 [Proin
1846 1371 1900 1429 9.
1926 1369 1983 1444 9]
2004 1370 2026 1442 )
2044 1411 2061 1438 ,

479 1472 688 1526 illorum
730 1469 1109 1540 impudentiam
1138 1468 1507 1537 ingratumque
1544 1464 1781 1518 animum
1825 1461 2069 1532 poteritis

479 1562 743 1617 refellere.
771 1562 824 1616 4.
851 1560 1101 1626 Quoniam
1121 1556 1293 1612 videbo
1312 1556 1461 1610 stelas
1482 1565 1594 1609 tuos
1620 1570 1773 1625 opera
1793 1553 2068 1623 digitorum

477 1665 697 1711 tuorum.
721 1652 890 1717 Alius,
926 1650 1081 1705 Video
1105 1649 1237 1703 enim
1257 1648 1427 1701 cwlos.
1455 1646 1653 1699 Lunam
1674 1652 1720 1699 et
1746 1645 1938 1710 stellas,
1955 1658 2070 1715 qua

478 1752 533 1798 tu
556 1744 801 1815 fundasti.
826 1743 972 1799 Alius
992 1782 1007 1807 ,
1042 1739 1267 1794 Parasti.
1296 1739 1444 1794 Alius
1462 1780 1478 1804 ,
1509 1738 1780 1794 Stabiliisti
1810 1736 1906 1805 (lo).
1932 1735 2064 1791 Cum

479 1835 718 1898 dixisset,
736 1831 1049 1888 Destruxisti
1072 1830 1333 1896 inimicos,
1348 1827 1639 1899 splendida:
1656 1827 1813 1896 hujus
1832 1826 2067 1881 νίθιοινίω

477 1924 631 1980 affert
649 1923 1035 1994 probationem.
1060 1921 1137 1977 Tu
1158 1923 1324 1983 enim,
1352 1921 1540 1991 inquit,
1563 1920 1652 1988 qui
1674 1917 1963 1975 cruciﬁxus
1982 1933 2067 1982 es,

477 2016 567 2085 qui
597 2013 664 2070 de
696 2013 875 2069 medio
914 2012 1154 2067 sublatus
1175 2027 1269 2077 es,
1300 2010 1589 2080 apparuisti
1616 2010 1761 2064 orbis
1802 2019 2067 2064 terrarum

477 2107 697 2167 Creator
716 2113 772 2159 et
792 2104 999 2174 Opifex.
1023 2104 1312 2175 Propterea
1333 2102 1463 2159 dicit
1485 2120 1499 2157 :
1542 2102 1725 2157 Videbo
1743 2101 1895 2156 stelas
1914 2112 2025 2155 tuos
2046 2117 2067 2156 :

478 2199 784 2267 signiﬁcans
811 2199 1003 2253 multos
1033 2212 1138 2252 non
1178 2207 1333 2252 antea
1359 2197 1705 2264 cognovisse.
1741 2205 1920 2265 postea
1951 2197 2068 2266 qui-

478 2288 601 2348 dem
626 2297 773 2344 certe
811 2302 998 2343 omnes
1027 2287 1217 2343 scient.
1249 2287 1312 2343 Et
1339 2303 1435 2342 cur
1472 2303 1577 2341 non
1618 2287 1891 2343 universas
1919 2287 2065 2343 orbis

479 2388 636 2439 terra:
663 2391 842 2450 partes
866 2389 1218 2450 persequutus
1238 2380 1356 2435 est?
1379 2380 1529 2448 Quod
1558 2394 1742 2434 eorum
1771 2396 1891 2449 qua:
1919 2380 2065 2435 vide-

480 2472 674 2527 bantur
696 2474 1076 2543 Opportuniora
1107 2481 1476 2544 persequutus,
1503 2471 1571 2527 de
1602 2473 1720 2527 aliis
1745 2473 1937 2529 docere
1958 2475 2065 2528 mi-

479 2564 623 2619 nime
646 2578 781 2633 Opus
802 2563 1065 2620 habuerit.
1093 2563 1244 2618 Adeo
1264 2580 1390 2635 ergo
1412 2563 1667 2619 destructi
1695 2573 1821 2618 sunt
1840 2564 2060 2627 inimici,

479 2654 647 2725 utqui
673 2655 741 2709 ab
760 2654 838 2710 eis
863 2655 1245 2724 expellebatur,
1268 2667 1321 2710 et
1342 2657 1409 2711 ab
1436 2660 1514 2711 eis
1536 2657 1608 2712 de
1628 2654 1805 2711 tnedio
1825 2656 2065 2711 sublatus

477 2756 578 2809 est,
622 2745 859 2801 omnium
884 2761 1003 2815 quae
1036 2745 1350 2801 videbantur
1391 2748 1696 2815 apparuerit
1734 2744 1945 2816 Opifcx.
1997 2745 2066 2800 Et

477 2853 651 2907 quare
671 2854 775 2892 non
822 2837 983 2904 dicit,
1029 2838 1276 2893 Mannum
1321 2848 1563 2905 tuarum,
1601 2840 1735 2905 sed,
1770 2839 2064 2912 Digitorum

478 2930 716 2983 tuorum?
741 2929 968 2984 Minima:
1005 2930 1329 2998 operationis
1370 2947 1502 3001 opus
1528 2931 1816 2987 Ostendens
1852 2947 1913 2987 ea
1942 2948 2063 3004 quas

476 3022 755 3085 videntur,
809 3030 862 3076 et
912 3021 1222 3076 admirabile
1265 3021 1554 3089 opiﬁcium,
1595 3022 1739 3091 quod
1788 3037 2063 3093 suspensae

474 3112 642 3170 stella:
665 3127 769 3167 non
788 3112 982 3167 cadant
1005 3130 1020 3167 :
1046 3113 1146 3167 etsi
1172 3121 1358 3168 natura
1382 3112 1844 3168 fundamentorum
1862 3115 2058 3184 exigat,

476 3213 535 3258 nt
561 3203 787 3268 inferne,
819 3218 923 3257 non
951 3217 1184 3271 superne
1203 3203 1468 3270 jaciantur
1492 3221 1504 3257 :
1535 3203 1629 3258 sed
1658 3204 1891 3273 optimus
1920 3206 2062 3259 Arti-

477 3296 584 3360 fax,
616 3296 704 3364 qui
728 3294 853 3349 facit
881 3295 1246 3360 admirabilia,
1280 3296 1333 3349 in
1361 3295 1441 3350 his
1469 3311 1590 3366 qua:
1627 3306 1884 3365 apparent
1909 3298 2060 3367 plura

475 3388 600 3445 fecit
624 3402 786 3456 supra
813 3396 1015 3441 natura:
1040 3386 1500 3456 consequentiam.
1538 3387 1603 3441 Et
1626 3403 1791 3457 quare
1821 3388 1950 3443 nilnl
1974 3388 2061 3443 di-

472 3479 546 3541 cit
570 3478 639 3533 de
666 3477 1014 3548 potestatibus
1037 3478 1380 3547 incorporeis,
1414 3488 1471 3533 ut
1497 3479 1852 3550 indeqnoque
1879 3491 2062 3536 osten-

473 3569 563 3633 dat
598 3568 715 3637 ejus
743 3569 1110 3624 creationem?
1137 3567 1288 3636 Quod
1338 3569 1587 3627 nimirum
1628 3574 1729 3627 hoc
1768 3572 1978 3626 interim
2008 3573 2058 3627 ei
2102 3600 2105 3603 η

475 3662 527 3717 in
556 3661 830 3731 praposito
858 3660 1035 3726 fuerit,
1062 3670 1121 3714 ut
1146 3660 1244 3730 ipsi
1273 3660 1543 3717 discerent
1571 3662 1638 3718 de
1665 3663 1730 3717 iis
1748 3678 1870 3733 qua:
1897 3678 2060 3734 appa-

472 3754 684 3821 rebant.
713 3753 779 3808 Et
818 3763 1096 3823 propterea
1127 3753 1243 3822 ejus
1271 3769 1484 3825 quoque
1516 3755 1674 3811 Pater
1699 3771 1821 3811 cum
1863 3771 2060 3828 susque

473 3846 648 3914 tleQue
686 3860 807 3900 cum
852 3844 1049 3900 Iudaeis
1088 3845 1414 3916 loqueretur,
1453 3861 1556 3902 non
1585 3847 1752 3903 dicit:
1797 3849 1909 3918 Ego
1956 3848 2059 3905 feci

471 3937 693 4007 angelos
719 3947 775 3993 et
802 3936 1092 3992 Cherubim
1117 3953 1131 4002 ;
1162 3936 1282 4001 sed,
1329 3936 1444 4008 Ego
1470 3938 1648 3993 cretum
1677 3940 1874 3993 extendi
1900 3954 1921 3994 :
1944 3956 2057 3993 ma-

472 4046 567 4085 nus
591 4046 701 4083 mea
725 4039 909 4091 terram
933 4030 1185 4097 fundavit,
1211 4030 1389 4084 dextra
1408 4046 1518 4086 mea
1546 4032 1765 4100 [innuit
1787 4031 1838 4103 (1
1843 4034 1940 4087 sai.
1964 4033 2055 4089 48.

472 4126 562 4193 l5)
593 4144 605 4179 :
636 4137 689 4179 et
709 4139 921 4178 omnem
945 4138 1158 4192 semper
1175 4124 1468 4178 orationem
1490 4126 1754 4180 consumit
1774 4128 1824 4180 in
1856 4126 1918 4180 iis
1937 4143 2058 4196 qua

472 4228 750 4286 apparent,
782 4218 960 4271 omnia
998 4230 1161 4285 agens
1190 4215 1256 4270 ad
1302 4216 1527 4270 salutem
1572 4218 1894 4272 auditorum.
1923 4218 2054 4272 Cum

473 4306 617 4363 euitn
649 4314 829 4361 essent
856 4307 1181 4370 crassiores,
1212 4306 1378 4375 magis
1410 4305 1742 4373 ducebantur
1762 4306 1829 4361 ab
1853 4308 2057 4378 iisquae

472 4398 741 4465 videntur,
782 4414 940 4471 quam
986 4399 1054 4453 ab
1096 4399 1160 4453 iis
1185 4415 1304 4469 qua:
1346 4400 1445 4459 sub
1472 4400 1643 4454 vismn
1689 4415 1795 4455 non
1836 4402 2052 4456 cadunt.

472 4492 762 4561 Propterea
803 4492 997 4545 Paulus
1018 4508 1231 4561 quoque
1270 4508 1483 4562 semper
1516 4493 1818 4562 ingrediens
1845 4503 1900 4549 et
1926 4509 2057 4549 con-

470 4585 691 4639 ciouans
714 4625 729 4647 ,
757 4582 904 4638 ducit
932 4584 1207 4638 exordium
1253 4598 1283 4637 a
1309 4595 1550 4639 creatura
1594 4600 1713 4655 quas
1741 4584 1950 4641 videtur
1975 4584 2058 4640 di-

471 4690 638 4737 cens:
668 4674 801 4731 Deus
824 4675 910 4743 qui
931 4675 1046 4745 fecit
1070 4674 1250 4729 cretum
1274 4684 1322 4729 et
1346 4685 1532 4729 terram
1558 4684 1607 4729 et
1634 4692 1794 4741 mare,
1812 4686 1858 4730 et
1886 4677 2057 4731 omnia
2094 4726 2097 4729 λ

469 4768 653 4839 quain
675 4768 747 4822 eis
770 4777 888 4820 sunt
914 4766 1047 4837 (Act.
1073 4768 1161 4822 l7.
1185 4766 1278 4835 24)
1301 4784 1316 4833 ;
1344 4777 1399 4822 et
1417 4785 1448 4823 a
1475 4768 1663 4837 pluviis
1688 4770 1877 4824 annuis
1897 4779 2057 4839 atque

469 4875 500 4913 a
521 4874 716 4929 genere
747 4859 1021 4913 hominum
1049 4874 1267 4928 semper
1293 4859 1439 4914 ducit
1468 4860 1747 4915 exordium
1777 4862 2053 4917 orationis.
2094 4886 2099 4889 -

471 4950 529 5005 Si
559 4950 702 5004 enim
724 4949 909 5005 dixero
929 4965 1051 5003 eum
1075 4949 1266 5005 fecisse
1286 4949 1599 5012 Cherubim,
1620 4951 1727 5005 duo
1751 4962 1906 5011 erunt
1926 4953 2056 5009 mihi

469 5041 765 5113 probanda,
794 5040 935 5111 quod
959 5040 1065 5095 sint
1087 5040 1375 5097 Cherubim
1394 5081 1411 5107 ,
1440 5051 1497 5097 et
1521 5040 1662 5110 quod
1686 5057 1749 5097 ea
1772 5042 1886 5111 ipse
1911 5042 2060 5099 fece-

468 5133 574 5189 rit:
606 5131 661 5187 in
682 5130 749 5187 iis
774 5137 953 5187 autem
981 5146 1100 5202 qua:
1119 5131 1366 5188 videntur
1389 5146 1552 5201 cogor
1576 5131 1751 5189 solum
1773 5133 2058 5191 ostendere

468 5238 593 5285 eum
633 5222 725 5278 illa
758 5221 973 5280 fecisse.
1003 5222 1263 5292 Quocirca
1289 5231 1375 5281 est
1408 5225 1572 5280 etiam
1609 5224 1783 5281 oratio
1808 5223 2054 5292 facilior;

518 5372 521 5373 ν
544 5321 616 5385 ta)
642 5319 725 5370 Sic
752 5333 886 5385 unus
911 5321 959 5375 (ὁ
978 5321 1031 5385 cf:
1054 5317 1231 5385 AaM}
1253 5318 1362 5385 rpigt
1386 5318 1491 5385 ἔτη)
1510 5331 1549 5385 ;_
1571 5314 1658 5385 alii
1680 5330 1855 5367 omnes
1877 5321 1931 5365 et
1972 5316 2065 5366 Sa-

476 5378 716 5444 vil.,'tres
732 5379 1089 5448 hebdomadas
1106 5380 1248 5443 (τρεῖς
1271 5378 1578 5448 ἕϐδομᾲδας).
1607 5378 2064 5448 Neutrumsequu-

479 5442 681 5497 tus'est
724 5444 1020 5504 Gentianus
1045 5442 1315 5504 Hervetus,
1356 5442 1447 5492 sed
1505 5445 1698 5504 posuit,
1754 5442 2065 5504 septuaginta

476 5506 807 5561 hebdomadas
830 5510 876 5556 et
897 5502 1178 5555 dimidium.
1206 5500 1401 5563 Omnia,
1427 5509 1483 5553 ut
1503 5500 1735 5561 diximus,
1756 5500 2065 5564 eiemplaria

476 5569 815 5629 Cbrysostomi
850 5566 1020 5617 Graeca
1053 5567 1241 5616 habent
1283 5566 1407 5629 τρεῖς
1451 5567 1641 5625 ἑϐδομη,
1672 5578 1788 5629 Διιηο
1822 5571 2060 5629 excepto,

478 5633 530 5681 in
567 5626 684 5693 quo
708 5631 911 5693 legitur,
950 5634 1050 5693 tres
1076 5640 1267 5693 annos:
1295 5626 1461 5677 utrum
1496 5641 1615 5676 vero
1640 5626 1709 5676 sit
1750 5639 1890 5676 error
1909 5626 2093 5688 Chr)“:

481 5688 688 5743 sostiuni
708 5688 783 5742 ad
809 5688 1017 5753 librarii,
1039 5688 1297 5753 quaeritur.

781 5740 1099 5824 ράρςαεεὶίβέῐ.
1113 5752 1252 5824 juxta
1272 5747 2065 5824 iu_terpretati_t_i_nem_Symmachi;
2084 5740 2090 5745 ’

480 5810 608 5875 νοῇ
629 5810 893 5876 stabiliisti,
918 5810 1060 5876 ju'xta
1085 5810 1553 5876 interpretationem
1576 5810 1952 5863 Theodotiouis.

1189 343 1251 400 S.
1291 339 1571 401 JOANNIS
1600 336 2072 397 CHRYSOSTOMI
2112 334 2432 395 ARCHIEP.
2469 332 3008 396 CONSTANTINOP.

2173 454 2332 512 habet
2366 454 2561 526 quippe
2601 456 2806 521 visum,
2850 464 3042 511 testem
3089 468 3275 511 eorum
3319 468 3438 526 qua:
3484 454 3750 513 dicuntur.

2169 544 2327 602 Videt
2370 552 2513 603 enim
2546 547 2757 603 auditor
2792 545 3232 618 magnitudinem,
3282 546 3751 617 pulchritudinem,

2167 652 2322 694 usum
2349 646 2406 695 et
2434 640 2748 709 positionem
2773 681 2791 706 ,
2829 650 3270 709 oonstantemque
3306 654 3370 695 ac
3409 654 3753 697 numerosum

2166 743 2406 786 cursum.
2434 730 2493 786 ln
2523 730 2624 786 hoc
2648 732 2827 802 itaque
2851 746 2960 787 uno
2997 741 3081 787 est
3108 730 3245 787 mibi
3279 732 3511 788 studium
3550 744 3755 802 ponen-

2168 821 2318 887 dum,
2348 832 2408 878 ut
2430 823 2710 879 ostendam
2734 823 2785 879 id
2814 824 2978 880 Deum
3006 824 3217 880 fecisse.
3242 825 3310 880 Et
3328 839 3495 895 quare
3517 840 3620 880 non
3644 842 3755 882 me-

2170 914 2324 969 minit
2343 914 2476 969 solis
2496 956 2513 981 ,
2555 915 2649 970 sed
2677 915 2838 982 lunae,
2862 924 2917 970 et
2947 915 3260 971 stellarum?
3286 916 3398 971 Hoc
3431 930 3551 971 cum
3578 914 3713 971 dixit
3737 958 3756 981 ,

2170 1005 2298 1061 illud
2337 1021 2550 1077 quoque
2583 1005 2919 1077 signiﬁcavit.
2964 1006 3227 1074 Quoniam
3257 1006 3401 1062 enim
3445 1006 3685 1061 nonnulli
3724 1021 3755 1059 a

2172 1098 2266 1154 Dei
2293 1097 2507 1168 opiﬁcio
2530 1108 2739 1153 noctem
2769 1107 3052 1169 separant,
3095 1112 3192 1168 per
3216 1097 3396 1152 lunam
3422 1113 3541 1153 eam
3572 1106 3757 1153 osten-

2168 1187 2281 1254 dit,
2311 1188 2498 1243 dicens
2524 1204 2646 1243 eum
2685 1190 2845 1244 etiam
2878 1189 3038 1258 hujus
3075 1202 3196 1243 esse
3227 1187 3503 1257 Opiﬁcem.
3536 1187 3650 1243 Non
3672 1196 3757 1242 est

2170 1290 2346 1334 autem
2369 1294 2528 1350 parva
2551 1282 2837 1336 stellarum
2857 1281 3105 1347 varietas,
3138 1289 3194 1336 et
3214 1280 3477 1335 lunarium
3500 1295 3753 1335 cursuum

2169 1370 2575 1430 demonstratio.
2602 1374 2654 1429 5.
2687 1373 2826 1441 Quid
2854 1383 2925 1428 est
2963 1373 3113 1428 homo
3152 1373 3288 1444 quod
3312 1388 3505 1427 memor
3530 1389 3581 1426 es
3608 1373 3717 1443 ejus
3735 1415 3751 1437 ,

2170 1474 2258 1519 aut
2282 1465 2421 1532 ﬁlius
2462 1464 2679 1519 hominis
2715 1465 2849 1535 quod
2880 1465 3055 1518 visitas
3094 1479 3207 1518 eum
3229 1463 3256 1518 .’
3298 1463 3482 1529 Alius,
3523 1463 3659 1530 Quid
3684 1474 3761 1517 est

2169 1556 2506 1625 unusquisque
2548 1554 2719 1622 homo,
2764 1554 2915 1627 quod
2940 1555 3052 1625 ejus
3087 1552 3413 1608 recordaris?
3453 1553 3603 1607 Alius
3633 1567 3753 1624 pro,

2181 1645 2365 1700 Visitas
2389 1663 2505 1701 eum
2525 1688 2541 1712 ,
2572 1647 2734 1713 dicit,
2775 1645 3030 1700 Visitaln's.
3054 1645 3348 1715 Postquam
3386 1644 3525 1699 dixit
3550 1643 3620 1699 de
3641 1644 3756 1713 opi-

2171 1738 2310 1805 ﬁcio,
2342 1747 2399 1794 et
2425 1739 2731 1794 universum
2759 1754 2825 1795 es
2854 1749 3006 1809 parte
3031 1739 3365 1809 signiﬁcavit,
3399 1738 3583 1794 inserit
3607 1738 3761 1795 deina

2169 1845 2297 1902 ceps
2342 1846 2646 1886 sermonem
2692 1831 2762 1887 de
2801 1829 3129 1902 providentia
3176 1830 3471 1885 hominum.
3499 1829 3630 1884 Nam
3668 1829 3753 1884 illa

2168 1925 2330 1981 etiam
2353 1964 2370 1991 ,
2397 1939 2517 1995 qua:
2543 1922 2685 1979 dicta
2716 1931 2878 1989 sunt,
2902 1932 3023 1978 sunt
3047 1929 3263 1992 propter
3298 1935 3465 1992 geuus
3493 1932 3751 1987 nostrum,

2166 2018 2458 2090 quinetiam
2499 2031 2582 2082 ea,
2612 2030 2732 2087 qua:
2765 2013 2833 2070 ad
2873 2013 3256 2085 providentiam
3295 2013 3410 2081 ejus
3452 2013 3752 2082 pertinent:

2169 2109 2417 2165 universa
2450 2108 2605 2185 enim
2649 2114 2894 2163 creatura
2940 2115 3159 2177 prepter
3202 2105 3491 2160 hominem.
3557 2104 3751 2159 Verum

2167 2202 2311 2257 aliud
2337 2182 2547 2273 quoque
2567 2214 2737 2271 genus
2759 2206 3047 2269 pertractat
3072 2197 3438 2269 providentiae,
3470 2196 3523 2251 et
3549 2211 3653 2250 non
3678 2182 3767 2250 te?

2169 2309 2317 2350 mere
2338 2294 2406 2351 de
2426 2293 2510 2348 his
2533 2293 2712 2348 dicere
2738 2290 3066 2362 aggreditur,
3096 2289 3190 2345 sed
3212 2287 3365 2344 valde
3395 2289 3679 2375 prudenter
3701 2298 3752 2341 et

2169 2389 2355 2457 probe,
2383 2402 2479 2458 pro
2502 2394 2614 2441 toto
2634 2385 2765 2440 orbe
2794 2395 3055 2439 terrarum
3092 2398 3255 2453 agens
3286 2382 3508 2452 gratias,
3538 2384 3751 2435 univer-

2167 2492 2285 2532 sum
2331 2491 2635 2532 memorans
2665 2474 2978 2530 beneﬁcium
2999 2515 3014 2540 ,
3043 2481 3096 2529 et
3123 2472 3411 2527 ostendens
3441 2470 3749 2541 magnitudi-

2167 2585 2290 2625 nem
2324 2570 2442 2640 ejus
2472 2568 2886 2639 dispensationis
2912 2568 2965 2621 in
3011 2566 3305 2620 hominem.
3345 2565 3399 2621 Si
3440 2567 3580 2620 enim
3622 2564 3751 2621 nihil

2166 2671 2284 2718 erat
2308 2671 2486 2726 antea,
2508 2661 2678 2716 multo
2697 2660 2865 2729 magis
2885 2657 3099 2729 quando
3124 2657 3369 2712 Christus
3389 2659 3614 2713 accessit
3635 2667 3752 2728 post

2168 2763 2245 2809 tot
2267 2763 2322 2808 et
2343 2761 2484 2808 tanta
2506 2759 2740 2821 peccatu.
2772 2750 2838 2804 Et
2859 2749 3093 2804 ostendit
3115 2749 3313 2803 Christi
3338 2749 3622 2804 adventum
3645 2765 3777 2802 non-

2166 2861 2199 2899 a
2226 2845 2379 2900 venia
2405 2845 2635 2899 alienum
2676 2841 2856 2908 fuisse,
2889 2842 2996 2896 imo
3023 2857 3052 2894 a
3080 2856 3287 2894 summa
3310 2841 3607 2911 profectum
3633 2855 3771 2895 esse.

2164 2935 2471 2993 clementia.
2507 2932 2643 2987 Nam
2673 2942 2939 3003 tamquam
2972 2932 3204 3001 optimus
3248 2931 3438 3002 aliquis
3474 2931 3711 2986 medicus
3733 2973 3750 2998 ,

2163 3029 2310 3085 sanis
2338 3027 2556 3091 relictis,
2586 3024 2732 3080 venit
2752 3026 2815 3077 ad
2847 3038 2977 3091 nos,
3005 3025 3097 3095 qui
3122 3023 3311 3078 morbo
3337 3024 3706 3079 Iaborabamus
3732 3066 3747 3088 ,

2163 3123 2251 3192 qui
2280 3122 2410 3175 nihil
2435 3132 2671 3178 eramus.
2705 3117 2816 3172 Hoc
2842 3131 2970 3187 ergo
2998 3117 3308 3180 Oslelldcns,
3338 3116 3579 3172 dicebat:
3616 3117 3751 3186 Quid
3776 3120 3779 3125 ’

2163 3224 2234 3269 est
2252 3213 2445 3268 homo?
2472 3227 2571 3283 pro
2598 3225 2666 3268 eo
2684 3209 2825 3279 quod
2846 3220 2948 3273 est,
2975 3207 3111 3261 Nihil
3136 3218 3237 3274 est,
3265 3217 3349 3262 est
3372 3207 3496 3278 quid
3524 3208 3645 3262 vile.
3669 3208 3749 3261 Ad

2166 3317 2364 3362 tantam
2390 3306 2532 3361 enim
2568 3302 2863 3374 respiciens
2898 3300 2992 3355 Dci
3020 3316 3200 3353 curam
3239 3308 3294 3354 et
3323 3299 3707 3369 providentiam
3733 3341 3749 3361 .
3778 3310 3781 3313 '

2162 3408 2218 3455 et
2245 3398 2311 3452 ad
2345 3413 2407 3452 ea
2432 3412 2551 3467 quae
2588 3396 2712 3451 fecit
2739 3410 2834 3465 pro
2862 3391 3034 3450 salute
3060 3391 3331 3445 hominum
3349 3432 3364 3455 ,
3396 3390 3549 3445 valde
3572 3399 3752 3460 stupet

2163 3501 2218 3544 et
2269 3489 2579 3553 admiratur,
2618 3502 2714 3541 cur
2746 3502 2867 3541 eum
2921 3495 3065 3541 tanta
3097 3484 3166 3537 sit
3206 3482 3536 3551 providentia
3566 3482 3750 3552 digna—

2164 3590 2268 3635 tus.
2292 3580 2476 3649 Cogita
2501 3579 2644 3634 enim
2663 3618 2677 3642 ,
2708 3587 2925 3649 propter
2958 3577 3134 3647 ipsum
3164 3588 3285 3628 esse
3311 3573 3488 3628 omnia
3524 3588 3643 3643 qua:
3668 3573 3750 3625 vi~

2161 3672 2372 3726 dentur.
2403 3671 2627 3739 Propter
2654 3670 2857 3739 ipsum,
2887 3685 3005 3738 qua:
3034 3670 3101 3723 ab
3130 3666 3300 3722 Adam
3334 3679 3501 3733 usque
3538 3664 3605 3718 ad
3630 3663 3748 3733 ejus

2161 3762 2442 3817 adventum
2482 3762 2784 3830 dispensata
2829 3769 2884 3815 et
2924 3760 3290 3814 administrata
3338 3764 3497 3821 sunt;
3530 3765 3748 3825 propter

2163 3855 2358 3926 ipsum,
2389 3855 2663 3922 paradisus
2699 3862 2756 3909 et
2799 3864 3088 3924 prmeepta,
3134 3868 3307 3922 poena:
3356 3861 3410 3905 et
3449 3849 3701 3905 miracula
3728 3892 3743 3911 ,

2161 3948 2525 4018 suppliciaque
2552 3956 2608 4002 et
2637 3946 2892 4003 beneﬁcia
2938 3955 3059 4016 post
3094 3945 3300 4015 legem;
3332 3955 3548 4014 propter
3571 3942 3744 4012 ipsum

2162 4039 2255 4095 Dei
2285 4039 2451 4093 Filius
2486 4038 2650 4093 homo
2674 4037 2844 4093 factus
2883 4045 2986 4092 est.
3025 4036 3157 4092 Nam
3193 4036 3318 4107 quid
3347 4036 3536 4090 attinet
3564 4034 3745 4089 dicere

2162 4129 2382 4185 futura?
2419 4128 2544 4184 Haec
2574 4144 2704 4200 ergo
2740 4129 2918 4184 omnia
2947 4138 3217 4199 reputans,
3257 4128 3424 4183 dicit:
3457 4126 3593 4194 Quid
3634 4135 3747 4179 tam

2161 4236 2411 4291 magnum
2440 4229 2523 4275 est
2564 4220 2727 4275 homo
2746 4262 2762 4288 ,
2794 4220 2935 4292 quod
2978 4229 3055 4274 tot
3082 4230 3137 4276 et
3162 4220 3325 4275 tantis
3356 4218 3512 4275 bonis
3552 4218 3743 4289 dignus

2158 4310 2319 4367 fuerit
2346 4311 2595 4368 habitus?

2230 4406 2283 4461 7.
2299 4404 2354 4461 Si
2375 4405 2495 4475 quis
2517 4405 2657 4460 enim
2673 4405 3090 4462 consideraverit
3107 4413 3237 4475 quot
3248 4414 3303 4461 et
3318 4415 3510 4476 quanta
3528 4412 3745 4476 propter

2160 4495 2334 4567 ipsum
2362 4496 2496 4551 facta
2524 4505 2647 4551 sunt
2671 4505 2726 4552 et
2758 4496 2916 4561 ﬁant,
2944 4505 2998 4551 et
3024 4505 3220 4567 quanta
3250 4497 3320 4551 sit
3344 4508 3526 4566 postea
3553 4511 3742 4565 perce-

2157 4598 2365 4659 pturus,
2393 4589 2563 4643 multo
2581 4588 2801 4642 horrore
2827 4588 3147 4657 implehitur,
3171 4597 3226 4643 et
3242 4598 3366 4642 tunc
3381 4588 3523 4643 clare
3544 4586 3745 4642 videbit

2157 4687 2369 4749 quanta
2383 4692 2526 4733 cura:
2549 4678 2658 4732 Deo
2682 4678 2873 4733 sithoc
2895 4678 3110 4732 animal.
3130 4677 3186 4732 6.
3204 4677 3430 4732 Minuisti
3450 4694 3563 4732 eum
3586 4677 3743 4749 paulo

2160 4772 2324 4831 minus
2364 4771 2428 4825 ab
2471 4773 2687 4842 angelis.
2733 4770 2907 4835 Alius,
2945 4770 3114 4824 Paulo
3151 4772 3317 4825 minus
3341 4787 3373 4823 a
3398 4768 3526 4824 Deo.
3568 4769 3740 4833 Alius.

2163 4863 2443 4918 Paululum
2460 4863 2702 4932 quiddam
2720 4878 2753 4915 a
2775 4861 2899 4917 Deo.
2929 4861 3184 4917 Hebraeus
3206 4870 3407 4927 autem,
3429 4859 3745 4915 Outltasreou

2158 4962 2264 5007 mat
2287 4971 2366 5009 me
2393 4954 2562 5008 elot'm.
2589 4952 2687 5008 Hic
2712 4952 2954 5008 meminit
2971 4952 3450 5018 condetnnationis,
3470 4961 3527 5007 et
3546 4952 3743 5007 veteris

2160 5045 2385 5114 peccati,
2407 5054 2634 5100 mortem
2659 5045 2713 5098 in
2741 5045 2972 5099 medium
2994 5045 3282 5099 adducens.
3307 5045 3373 5099 At
3393 5059 3513 5099 eam
3532 5059 3744 5115 quoque

2158 5134 2315 5199 solvit
2338 5176 2355 5201 ,
2380 5150 2502 5191 cum
2530 5135 2762 5191 venisset
2793 5135 3123 5205 Unigenitus.
3170 5134 3347 5190 Gloria
3366 5144 3414 5190 et
3442 5136 3633 5189 honore
3657 5151 3741 5188 σοι

2158 5227 2349 5281 ronasti
2370 5243 2504 5282 eum.
2535 5224 2709 5293 Alius,
2735 5226 2913 5282 Gloria
2931 5237 2977 5281 et
3000 5228 3246 5299 dignitate
3270 5228 3534 5282 coronabis
3557 5228 3739 5299 ipsum.

2159 5317 2310 5374 Licet
2335 5316 2551 5389 quidem
2576 5316 2694 5374 haec
2715 5327 2771 5374 et
2798 5318 3080 5385 historice,
3111 5318 3238 5374 licet
3258 5326 3318 5374 et
3341 5319 3631 5391 anagogice
3655 5332 3733 5372 ac-

2159 5410 2359 5480 cipere.
2388 5409 2525 5465 Dicit
2549 5409 2693 5465 enim
2719 5418 2777 5466 et
2802 5410 2918 5481 ejus
2946 5410 3249 5480 imperium,
3271 5410 3417 5483 quod
3443 5411 3495 5467 ei
3517 5424 3641 5467 cum
3668 5410 3719 5464 fa

2158 5512 2281 5559 ctus
2313 5510 2425 5568 est,
2460 5502 2713 5557 traditum
2741 5513 2857 5569 est;
2898 5503 3029 5559 dicit
3050 5503 3213 5560 etiam
3239 5519 3361 5576 quas
3386 5503 3525 5559 bona
3551 5516 3716 5560 conse

2158 5602 2353 5665 quutus
2380 5593 2452 5648 sit
2475 5602 2596 5664 post
2618 5592 2909 5651 adventura
2941 5594 3160 5651 Christi.
3208 5596 3265 5651 In
3305 5594 3567 5666 principio
3599 5594 3740 5650 etiim

2157 5685 2362 5742 audivit
2418 5684 2624 5741 Tremor
2641 5697 2691 5741 et
2718 5696 2877 5743 metus
2898 5689 3045 5742 uestri
3062 5688 3157 5742 erit
3185 5703 3339 5758 super
3363 5703 3536 5742 omnes
3563 5685 3745 5741 bestias
3788 5672 3791 5677 ’

2161 5789 2309 5837 ιιι-ηε
2333 5776 2485 5853 (Gen.
2514 5779 2567 5836 9.
2594 5778 2684 5850 2);
2710 5788 2785 5844 et,
2811 5779 3067 5854 [tument
3090 5781 3305 5852 piscibus
3331 5781 3486 5836 maris
3513 5777 3661 5853 (Gen.
3689 5779 3741 5835 ι.
