4090 6346
502 370 608 434 147

501 495 718 564 φόπος
746 494 905 563 ὑμῶν
939 493 1039 549 καί
1068 494 1101 548 ὀ
1128 496 1312 563 φόϐος
1344 494 1510 564 ὑμῶν
1532 494 1631 549 ἐπὶ
1658 495 1853 548 πάντα
1878 491 1950 545 τὰ
1974 492 2077 555 θη-

499 580 602 648 ρία
644 576 754 646 τῆς
796 576 928 646 τῆς.
969 578 1100 641 Kal,
1143 577 1508 647 Ἀρχέτωσαν
1538 578 1656 632 τῶν
1707 577 1925 646 ἰχθύων
1971 571 2081 641 τῆς

507 661 842 728 θαλάσσης.
875 662 1029 715 Μετὰ
1055 661 1111 714 δὲ
1135 661 1337 714 ταῦτα’
1377 661 1622 716 Πατεῒτε
1655 661 1854 714 ἐπάνω
1885 658 2079 727 ὄφεων

504 745 602 798 καὶ
634 746 961 813 σκορπίων.
996 745 1156 799 Ἀλλὰ
1188 745 1359 799 ταῦτα
1386 747 1565 814 ἀφεὶς,
1594 747 1703 799 ἀπὸ
1741 744 1852 798 τῶν
1887 759 2079 797 ταπει-

508 828 739 898 νοτέρων
766 828 981 897 ὑφαίνει
1013 829 1105 882 τὸν
1136 827 1314 898 λόγον,
1346 831 1528 883 ἐκεῖνα
1564 829 1790 883 συνιδεῖν
1819 826 2082 895 καταλιμ-

508 911 692 966 πάνων
719 913 829 977 τοῖς
858 911 1110 985 ὀξύτερον
1138 912 1455 984 δυναμένοις
1480 916 1631 985 ὁρᾷν.
1663 914 1727 965 Ἦ
1766 913 1872 984 γὰρ
1895 911 2020 976 δόξα
2043 910 2077 979 ή

507 993 708 1067 μείζων
735 998 829 1049 καὶ
860 997 893 1066 ἡ
923 996 1078 1067 τιμὴ,
1103 997 1172 1051 τὰ
1196 999 1287 1050 ἐπὶ
1318 998 1416 1067 τῆς
1450 996 1659 1066 Καινῆς
1680 995 1957 1065 Διαθήκης
1982 1009 2082 1059 γε·

503 1077 730 1148 νόμενα,
762 1079 890 1133 ὅταν
927 1081 1168 1150 κεφαλήν
1202 1079 1300 1152 ἔχῃ
1325 1081 1413 1134 τὸν
1452 1080 1706 1153 Χριστὸν,
1746 1079 1874 1132 ὅταν
1907 1078 1986 1141 είς
2020 1075 2082 1129 τὸ

506 1159 667 1232 σῶμα
694 1162 860 1215 αὐτοῦ
897 1163 1022 1234 τελῇ
1044 1205 1057 1227 ,
1085 1164 1211 1218 ὅταν
1253 1164 1479 1233 ἀδελφὸς
1514 1165 1608 1218 καὶ
1642 1162 2083 1233 συγκληρονόμος

504 1243 730 1314 γένηται
768 1245 862 1298 καὶ
909 1245 1231 1317 σύμμορφος
1270 1246 1362 1300 τοῦ
1415 1246 1665 1317 σώματος
1714 1244 1903 1309 αὐτοῦ,
1953 1244 2081 1296 ὅταν

507 1325 729 1394 μείζονα
760 1327 1038 1391 Μωῦσέως
1081 1328 1332 1400 λαμϐάνῃ
1361 1328 1539 1394 δόξαν,
1583 1329 1773 1399 ὥσπερ
1809 1329 1839 1380 ὁ
1870 1324 2083 1388 Παῦλος

504 1406 763 1478 ἐδήλωσε,
785 1409 998 1474 δεικνὺς
1030 1412 1113 1465 ὅτι
1157 1413 1219 1464 οὐ
1251 1411 1502 1484 καθάπερ
1530 1412 1770 1481 Μωῦσῆς
1798 1409 1963 1463 ἐτίθει
1992 1406 2085 1462 κά·

505 1492 715 1563 λυμμα,
748 1492 882 1547 ἀλλά
910 1495 1113 1559 πάντες
1144 1495 1652 1567 ἀνακεκαλυμμένῳ
1680 1493 1959 1567 προσώπῳ
1983 1491 2084 1563 τὴν

503 1574 663 1641 δόξαν
701 1576 794 1629 τοῦ
823 1573 960 1632 Θεοῦ
995 1579 1494 1652 κατοπτριζόμεθα.
1524 1581 1618 1634 Διὸ
1645 1581 1739 1634 καὶ
1775 1578 1954 1647 λέγει’
1998 1576 2083 1630 Οὐ

504 1657 615 1726 τὰρ
638 1657 996 1724 δεδόξασται
1015 1662 1082 1716 τὸ
1108 1661 1555 1733 δεδοξασμένον
1575 1664 1647 1717 ἐν
1670 1663 1860 1729 τούτῳ
1883 1659 1962 1726 τῷ
1980 1657 2085 1730 μέ-

498 1756 612 1809 ρει,
641 1739 849 1795 ἕνεκεν
876 1741 986 1812 τῆς
1008 1745 1512 1814 ὑπερϐαλλούσης
1538 1744 1973 1813 δόξης.Ταύτην
1992 1737 2084 1795 οὖν

504 1838 670 1891 φησιν
701 1824 1036 1897 ὁΠροφήτης
1061 1826 1159 1899 τὴν
1183 1828 1344 1892 δόξαν
1370 1829 1514 1882 κατὰ
1544 1828 1858 1899 ἀναγωγήν.
1882 1827 1948 1879 Τί
1976 1825 2085 1896 γὰρ

503 1906 710 1978 ταύτης
741 1908 873 1972 ἴσον,
918 1910 1044 1962 ὅταν
1080 1910 1498 1983 συγχορεύωμεν
1541 1912 1813 1981 ἀγγέλοις,
1848 1911 1977 1964 ὅταν
2004 1910 2083 1973 είς

508 1989 782 2044 υἱοθεσίαν
807 1991 1094 2064 ἀγώμεθα,
1131 1995 1261 2049 ὅταν
1295 1996 1431 2068 μηδέ
1462 1995 1559 2050 τοῦ
1586 1995 1920 2065 Μονογενοῦς
1945 1993 2084 2067 ὑπὲρ

508 2074 665 2145 ήμῶν
688 2076 971 2147 φείδηται;
1003 2078 1170 2140 Ποίας
1200 2079 1537 2151 ἁλουργίδας,
1571 2080 1727 2135 ποίου
1756 2080 2085 2151 διαδήματος

507 2155 680 2212 ταῦτα
723 2159 786 2212 οὐ
819 2159 1196 2234 λαμπρότερα,
1235 2164 1364 2217 ὅταν
1404 2163 1634 2218 θανάτου
1673 2162 2085 2233 καταγελῶμεν,

506 2243 635 2296 ὅταν
677 2243 815 2314 πρὸς
857 2246 956 2315 τὴν
1002 2245 1111 2300 τῶν
1164 2247 1474 2319 ἀσωμάτων
1503 2247 1786 2319 δυνάμεων
1818 2246 2087 2301 ἀπάθειαν

508 2325 991 2398 μεθορμιζώμεθα,
1018 2330 1068 2382 οί
1097 2331 1437 2402 ἠτιμωμένοι
1467 2331 1576 2401 πρὸ
1604 2331 1816 2398 τούτου,
1848 2332 1943 2386 καὶ
1967 2330 2087 2384 ἀδο-

509 2408 610 2474 ξοι,
636 2409 731 2463 καὶ
751 2408 1031 2481 βδελυροί;
1070 2411 1128 2464 '0
1154 2412 1327 2484 Ἀδὰμ
1354 2413 1480 2468 οὔτε
1510 2415 1680 2469 κακόν
1700 2432 1775 2479 τι,
1801 2412 1925 2469 οὔτε
1950 2414 2088 2483 ἀγα-

509 2491 599 2545 θὸν
643 2492 1039 2564 ἐργασάμενος,
1073 2496 1310 2568 ἐτιμήθη
1356 2498 1561 2563 εὐθέως
1607 2498 1915 2570 γενόμενος.
1962 2497 2088 2561 Πῶς

506 2574 617 2647 7&9
644 2576 711 2630 ἂν
745 2578 1038 2648 εἰργάσατο
1066 2582 1095 2634 ὁ
1132 2579 1207 2652 μὴ
1240 2580 1349 2649 ὥν;
1392 2583 1584 2653 Ἡμεῖς
1610 2583 1668 2636 δὲ
1716 2583 1885 2655 μυρία
1921 2583 2089 2657 ἐργα⁴

509 2659 733 2731 σάμενοι
762 2661 943 2729 δεινὰ,
974 2661 1155 2735 πολλῷ
1188 2664 1430 2729 πλείονος
1466 2665 1853 2736 ἀπελαύσαμεν
1895 2665 2083 2737 τιμῆς.

504 2742 741 2809 Οὐκέτι,
781 2747 936 2816 φησι,
968 2746 1125 2817 λέγω
1148 2747 1305 2819 ὑμᾶς
1328 2748 1619 2818 δούλους·
1649 2751 1820 2821 ὑμεῖς
1856 2749 1967 2822 γὰρ
1993 2751 2089 2819 φι-

508 2830 604 2879 λοι
629 2845 752 2896 μου
792 2829 954 2885 ἐστέ.
983 2831 1179 2886 Οὐκέτι
1220 2833 1366 2903 ἡμᾶς
1400 2833 1817 2905 ἐπαισχύνονται
1844 2833 2086 2904 ἄγγελοι,

507 2910 644 2964 ἀλλὰ
687 2913 783 2966 καὶ
810 2912 1115 2968 διακονοῦσι
1162 2915 1299 2989 πρὸς
1333 2916 1430 2988 τὴν
1457 2918 1734 2989 ἡμετέραν
1791 2917 2084 2990 σωτηρίαν.

510 2995 622 3048 Kal
651 2994 760 3068 7&9
788 2997 925 3069 πρὸς
951 2998 1218 3052 Φίλιππον
1238 2996 1401 3071 ἦλθεν
1422 3000 1672 3069 ἄγγελος.
1696 3002 1789 3056 καὶ
1811 3000 1947 3072 πρὸς
1981 3000 2091 3055 ἐτέ-

461 3131 465 3135 .
508 3086 641 3150 ’ρους
666 3081 923 3146 πολλούς’
951 3083 1045 3136 καὶ
1070 3083 1485 3156 εὐηγγελίζοντο
1513 3083 1843 3157 ἀνθρώποις.
1862 3086 1975 3140 Οὐκ
1997 3086 2091 3138 ἐπὶ

509 3162 613 3236 γῆς
633 3164 692 3219 δὲ
711 3165 1059 3238 κληρονόμοι.
1085 3167 1223 3222 ἀλλά
1256 3168 1501 3223 κοινωνοὶ
1531 3168 1641 3223 τῶν
1669 3169 1936 3239 οὐρανίων
1954 3169 2091 3238 ἀγα⁹

514 3246 624 3301 θῶν
658 3249 847 3319 ἐσμεν,
876 3251 971 3304 καὶ
1011 3250 1228 3323 μέτοχοι
1256 3251 1352 3306 τοῦ
1373 3253 1632 3324 Χριστοῦ,
1668 3255 1760 3308 καὶ
1788 3255 1869 3318 είς
1901 3270 2091 3313 κοινω-

515 3329 635 3383 νίαν
668 3330 982 3402 καλούμεθα
1012 3333 1107 3387 τοῦ
1161 3335 1521 3404 Μονογενοῦς.
1556 3335 1765 3405 Ταῦτα,
1788 3337 1963 3391 πάντα
2002 3336 2092 3390 διὰ

513 3411 613 3481 τῆς
651 3411 811 3482 δόξης
841 3414 937 3467 καὶ
973 3416 1073 3487 τῆς
1106 3416 1274 3488 τιμῆς
1302 3419 1619 3474 αἰνίττεται.
1657 3420 1748 3472 Διὸ
1775 3420 1871 3474 καὶ
1914 3418 2090 3489 ἔλεγε,

514 3492 671 3563 Δόξῃ
700 3496 797 3549 καὶ
835 3495 973 3566 τιμῇ
1012 3497 1258 3567 στέψεις
1288 3500 1496 3566 αὐτὸν,
1539 3500 1599 3555 τὸ
1638 3502 1828 3573 μέλλον
1853 3519 2092 3574 προανα-

506 3576 728 3645 νφωνῶν.
745 3578 855 3632 Καὶ
881 3580 1260 3649 κατέστησας
1280 3583 1466 3639 αὐτὸν
1476 3583 1575 3637 ἐπὶ
1590 3584 1662 3639 τὰ
1673 3584 1818 3655 ἔργα
1834 3585 1953 3639 τῶν
1969 3603 2091 3657 κει-

508 3660 639 3729 ρῶν
658 3662 1017 3727 σου.Ἀλλος,
1035 3665 1431 3729 Ὲξουσιάζέιν
1446 3668 1740 3737 ἐποίησας
1765 3670 1952 3724 αὑτὸν
1975 3669 2093 3726 τῶν

515 3745 706 3813 ἔργων
745 3745 865 3800 τῶν
916 3747 1131 3816 χειρῶν
1173 3764 1311 3807 σου.
1354 3749 1560 3808 Πάντα
1594 3752 1900 3820 ὑπέταξας
1942 3756 2093 3809 ὐπο-

516 3826 676 3882 κάτω
705 3827 824 3883 τῶν
852 3830 1054 3886 ποδῶν
1080 3833 1288 3888 αὐτοῦ.
1320 3836 1590 3904 Πρόϐατα
1625 3834 1722 3890 καὶ
1756 3837 1913 3903 ,βόας
1939 3836 2094 3892 ἀπά-

516 3925 654 3977 σας,
680 3912 864 3966 ἐτι-δὲ
889 3914 988 3968 καὶ
1022 3914 1096 3969 τὰ
1125 3916 1315 3985 κτήνη
1353 3917 1460 3972 τοῦ
1491 3919 1723 3973 πεδίου.
1756 3918 1968 3985 Ἀλλος,
2016 3919 2094 3975 Τὰ

515 3991 689 4062 ἄποια
706 4007 756 4048 ι.
795 3994 870 4051 Τὰ
899 4000 1140 4052 πετεινὰ
1164 3999 1273 4054 τοῦ
1293 4003 1573 4069 οὐρανοῦ,
1598 4003 1696 4058 καὶ
1719 4002 1862 4070 τοὺς
1885 4005 2093 4074 ἰχθύας

514 4077 627 4145 τῆς
652 4078 989 4149 θαλάσσης,
1014 4081 1087 4136 τὰ
1106 4081 1574 4154 διαπορευόμενα
1602 4087 1841 4154 τρίϐους
1868 4090 2095 4141 θαλασ-

516 4158 664 4215 σῶν.
683 4162 863 4231 Κύριε
891 4167 923 4217 ὁ
952 4166 1165 4235 Κύριος
1189 4167 1377 4236 ἡμῶν,
1400 4168 1479 4234 ὡς
1502 4169 1849 4238 θαυμαστὸν
1866 4169 1932 4223 τὸ
1963 4170 2095 4224 δνο-

509 4243 599 4312 μά
618 4261 678 4326 ,θ’
680 4262 751 4299 ου
793 4246 864 4300 ἐν
892 4249 1060 4319 πάσῃ
1090 4249 1165 4319 τῇ
1191 4249 1289 4320 γῇ.
1337 4252 1545 4323 Ὥσπερ
1580 4254 1706 4324 περὶ
1737 4253 2094 4326 δημιουργίας

520 4325 635 4398 [89]
663 4327 1070 4401 διαλεγόμενος,
1117 4334 1178 4387 οὐ
1213 4331 1322 4388 τῶν
1366 4335 1478 4389 ἄνω
1528 4335 1808 4406 δυνάμεων
1863 4325 2094 4392 ἅπτεται

521 4412 703 4495 μόνον,
732 4413 868 4467 ἀλλά
903 4417 997 4469 καὶ
1033 4417 1126 4470 ἐπὶ
1150 4417 1220 4471 τὰ
1252 4417 1486 4495 αἰσθητά
1524 4421 1751 4489 κατάγει
1783 4421 1875 4475 τὸν
1900 4421 2089 4491 λόγον·

517 4493 662 4549 οῦτω
682 4497 776 4551 καὶ
806 4498 935 4569 περὶ
963 4500 1132 4570 τιμῆς
1151 4504 1251 4571 τῆς
1275 4493 1357 4566 είς
1378 4502 1698 4574 ἀνθρώπους
1720 4496 2096 4577 γεγενημένης

518 4580 807 4644 διδάσκων,
835 4583 1180 4655 αἰνιξάμενος
1208 4587 1394 4638 ἐκεῖνα
1413 4586 1482 4640 τὰ
1507 4587 1796 4660 ἀπόρρητα
1827 4590 1921 4643 καὶ
1949 4590 2093 4643 ἀσώ-

523 4681 690 4734 ματα,
728 4666 873 4737 ἆπερ
898 4668 1276 4740 ἁπηρίθμησε,
1320 4669 1415 4723 νῦν
1455 4674 1568 4736 τοῖς
1605 4672 1886 4743 αἰσθητοῖς
1915 4674 2092 4728 ἐνδια-

519 4748 696 4821 τρίϐει
740 4749 919 4814 πλέον,
960 4752 1104 4823 ἅπερ
1143 4752 1454 4824 σαφέστερα
1484 4753 1706 4808 ἐκείνων
1736 4751 1804 4826 ἦν
1839 4759 1952 4820 τοῖς
1990 4773 2096 4812 πα-

520 4833 788 4905 χυτέροις.
824 4834 956 4888 Τίνα
987 4835 1041 4889 δὲ
1070 4835 1245 4890 ταῦτα
1264 4832 1332 4907 ἦν
1357 4853 1371 4902 ;
1410 4836 1476 4889 Ἠ
1500 4837 1643 4909 ἀρχὴ
1672 4840 1705 4908 ή
1728 4839 1965 4907 ἐπίγειος
1996 4842 2093 4894 αὐ-

519 4916 599 4987 τῷ
630 4916 865 4972 δοθεῖσα.

591 5001 701 5054 Καὶ
732 5001 793 5054 τὸ
923 5001 1254 5074 θαυμαστὸν,
1284 5004 1378 5057 καὶ
1407 5005 1436 5055 ὃ
1476 5004 1709 5074 μάλιστα
1736 5005 1974 5076 ᾐνίξατο,
2012 5007 2092 5059 ὅτι

517 5084 817 5154 τιμηθέντα
866 5086 1030 5140 αὐτὸν
1073 5086 1177 5158 πρὸ
1223 5088 1321 5158 τῆς
1360 5088 1756 5156 παραϐάσεως,
1805 5089 1924 5141 οὐδὲ
1958 5091 2095 5159 μετὰ

518 5168 618 5240 τὴν
654 5170 925 5240 ἁμαρτίαν
951 5169 1170 5238 ἐξέϐαλε
1206 5171 1306 5242 τῆς
1336 5171 1521 5243 τιμῆς.
1558 5171 1926 5239 Ἡλίὶττωσας
1963 5173 2092 5245 γὰρ,

520 5252 706 5319 φησὶν,
737 5254 1133 5323 αὐτὸνβραχύ
1151 5273 1202 5309 τι
1219 5258 1353 5323 παρ’
1378 5255 1689 5326 ἀγγέλους,
1716 5256 1981 5321 τουτέστι,
2000 5261 2102 5316 Θα-

519 5335 666 5404 νάτῳ
692 5335 1056 5400 κατεδίκασας
1078 5338 1393 5409 ἁμαρτόντα
1414 5355 1427 5367 ο
1453 5340 1513 5391 οὐ
1538 5339 1643 5409 μὴν
1670 5339 1857 5407 ἐπειδὴ
1880 5338 2095 5408 θανάτῳ

521 5417 908 5484 κατεδίκασας,
939 5419 1264 5490 ἐγύμνωσας
1301 5420 1462 5474 αὐτὸν
1491 5421 1589 5492 τῆς
1614 5422 1840 5491 δωρεᾶς.
1878 5423 1980 5476 Διά
2012 5440 2094 5476 τοι

525 5601 693 5678 ἔιξ
735 5599 1385 5678 ﬂexap‘i§-9°§£tisj}§'3s»
1409 5598 1665 5678 ﬁrm
1688 5600 1753 5678 :35
1762 5598 2094 5678 ﬁxes-,1???

522 5660 765 5723 itaqueea
785 5662 818 5709 ἆ
877 5660 927 5712 ια
953 5669 1035 5711 est
1071 5660 1385 5721 ad'eclivum,
1405 5661 1535 5722 quod
1561 5673 1673 5710 cum
1695 5674 1793 5709 non
1809 5660 2097 5713 adverteret

524 5723 797 5793 gentiam}!
817 5677 1084 5793 Ifervqtus,
1112 5675 1242 5793 ﬁer-as
1277 5719 1443 5793 veg-ti}.
1488 5722 1803 5793 Hangporro
1827 5723 2091 5775 lectionem

526 5782 799 5844 Symmachi
841 5796 952 5834 esse
975 5784 1023 5833 in
1041 5782 1261 5848 margine
1280 5788 1476 5834 notatur
1495 5784 1541 5833 iu
1565 5782 1724 5833 editis.

1145 376 1201 431 S.
1241 373 1525 433 JOANNIS
1557 369 2049 434 CHRYSOSTOMI
2084 367 2400 424 ARCIIIEP.
2445 368 2992 426 CONS'IANTINOP.

2131 5803 2134 5807 ν
2200 5785 2317 5844 quia
2334 5781 2589 5845 quamdam
2612 5792 2642 5832 ε

3649 373 3740 433 H8

2182 485 2360 552 τοῦτο,
2394 489 2570 540 ἐκεῖνο
2597 486 2786 550 εἰπὼν,
2811 487 2933 540 τότε
2964 484 3122 539 τοῦτο
3145 484 3346 557 τίθησι,
3374 487 3584 552 δεικνὺς
3610 489 3753 559 ἄφα-

2182 592 2273 628 τον
2293 574 2387 627 τοῦ
2411 573 2545 627 Θεοῦ
2577 576 2675 646 τὴν
2704 573 3129 646 φιλανθρωπίαν,
3150 573 3230 629 ὅτι
3270 575 3364 627 καὶ
3385 574 3753 630 ἐλαττωθέντα

2182 666 2346 720 αὑτὸν
2367 666 2456 720 διὰ
2491 666 2590 738 τὴν
2624 669 2831 721 οἰκείαν
2866 668 3176 739 παράϐασιν
3209 667 3424 738 ἀφῆκεν
3446 668 3752 738 ἐστεφανῶο

2184 760 2310 815 σθαι
2332 763 2400 833 τῇ
2428 764 2559 833 τιμῇ
2581 762 2682 832 τῆς
2702 760 2879 833 δόξης,
2903 763 2996 815 καὶ
3024 762 3122 832 τῆς
3143 762 3314 833 ἀρχῆς
3336 761 3399 815 οὐ
3426 761 3750 833 παρέλυσεν.

2184 855 2249 909 Εἰ
2280 853 2337 906 δὲ
2371 853 2566 924 μικρόν
2602 869 2658 906 τι
2700 853 2917 922 ὑφείλε,
2948 853 3043 906 xal
3084 852 3242 906 τοῦτο
3291 852 3387 923 τῆς
3430 852 3756 923 κηδεμονίας

2182 943 2365 997 αὐτοῦ.
2386 943 2500 1015 Πρὸ
2526 943 2625 1014 μὲν
2650 942 2759 1013 γὰρ
2781 944 2881 1014 τῆς
2907 943 3216 1015 παρακοῆς,
3240 943 3336 996 καὶ
3363 941 3568 1013 θηρίων
3586 943 3755 1013 ἐκρά-

2182 1050 2291 1087 τει·
2329 1032 2467 1104 μετὰ
2504 1033 2562 1087 δέ
2587 1033 2688 1105 τὴν
2731 1033 3013 1105 παρακοήν
3049 1032 3227 1102 ὀλίγον
3267 1032 3333 1104 δὴ
3377 1032 3477 1101 τῆς
3510 1029 3758 1098 ἐξουσίας

2182 1124 2387 1196 ταύτης
2414 1124 2769 1196 ὑπετέμνετο.
2812 1125 3018 1196 Κρατεῖ
3049 1125 3149 1195 μὲν
3174 1124 3286 1196 γὰρ
3316 1124 3496 1178 αὐτῶν
3527 1124 3623 1179 καὶ
3658 1123 3755 1178 νῦν

2182 1215 2402 1288 τέχναις
2433 1217 2565 1281 τισὶ,
2600 1217 2738 1287 μετὰ
2778 1215 2943 1286 φόϐου
2987 1215 3045 1268 δὲ
3081 1216 3176 1270 καὶ
3214 1216 3439 1287 τρόμου.
3468 1215 3608 1270 Οὔτε
3644 1216 3755 1289 7&9

2185 1309 2366 1362 πᾶσαν
2396 1306 2648 1378 ἀφείλετο
2682 1308 2782 1379 τὴν
2823 1307 3018 1378 ἀρχὴν,
3040 1305 3163 1359 οὔτε
3193 1309 3375 1362 πᾶσαν
3404 1307 3607 1372 είασεν,
3636 1307 3753 1362 ἀλλ’

2182 1400 2283 1454 ὅσα
2310 1398 2408 1470 μὲν
2441 1398 2591 1470 αύτῷ
2619 1399 2756 1470 πρὸς
2796 1400 3000 1472 τροφήν
3031 1400 3125 1454 καὶ
3167 1400 3430 1472 ἐργασίαν
3459 1395 3527 1471 ἦν
3562 1402 3747 1471 ἐπιτή-

2182 1493 2321 1557 δεια,
2348 1492 2528 1546 εἴασεν
2552 1491 2873 1545 ὑποκεῖσθαι
2892 1507 2907 1521 ο
2929 1491 2998 1545 τὰ
3023 1491 3082 1545 δὲ
3110 1491 3511 1564 θηριωδέστερα
3546 1493 3752 1557 οὐκέτι,

2185 1586 2273 1640 ἵνα
2299 1585 2782 1657 ύπομιμνήσκηται
2815 1587 2880 1639 ἐκ
2900 1585 2998 1656 τῆς
3026 1584 3231 1639 τούτων
3258 1584 3494 1653 ἀγωνίας
3520 1583 3620 1656 τῆς
3652 1601 3755 1637 πα-

2184 1681 2343 1744 λαιᾶς
2384 1678 2658 1751 ἁμαρτίας
2714 1678 2815 1749 τῆς
2851 1676 2947 1731 τοῦ
2986 1677 3328 1749 προπάτορος
3368 1676 3555 1746 Ἀδάμ.
3589 1675 3754 1729 Ὥστε

2184 1771 2279 1825 καὶ
2323 1770 2432 1825 ἀπὸ
2480 1768 2575 1824 τοῦ
2629 1768 2703 1840 μὴ
2751 1768 2955 1840 σφόδρα
3002 1770 3134 1839 ήμῖν
3173 1768 3564 1823 ὑποτάττεσθαι
3612 1767 3755 1839 μέγα

2184 1861 2373 1934 κέρδος
2420 1860 2644 1931 ἐγίνετο.
2678 1859 2743 1913 Τί
2777 1860 2885 1933 γὰρ
2915 1860 3104 1932 ὄφελος
3150 1862 3215 1914 ἐκ
3250 1860 3344 1915 τοῦ
3384 1860 3571 1916 λέοντα
3612 1860 3757 1932 ἔχειν

2185 1955 2496 2027 ὑποχείριον
2529 1954 2626 2009 καὶ
2657 1954 2954 2026 χειροήθη;
2986 1955 3040 2007 τί
3068 1953 3126 2007 δὲ
3154 1952 3318 2006 πλέον
3351 1953 3460 2007 ἀπὸ
3481 1951 3573 2006 τοῦ
3611 1953 3756 2024 πάρ-

2182 2048 2332 2105 δαλιν
2359 2049 2504 2120 ἔχειν
2529 2046 2815 2113 τιθασσόν;
2843 2047 3027 2115 Ούδέν,
3072 2046 3185 2101 ἀλλ’
3214 2045 3248 2118 ἢ
3279 2043 3562 2110 ἀλαζονεία
3596 2043 3757 2115 μόνον

2186 2142 2283 2195 καὶ
2310 2141 2556 2195 ἀπόνοια.
2582 2140 2681 2195 Διά
2702 2141 2766 2212 δὴ
2796 2139 2956 2195 τοῦτο
2984 2139 3157 2194 ταῦτα
3193 2140 3292 2211 μὲν
3320 2139 3499 2193 εἴασεν
3527 2135 3628 2204 ἔξω
3658 2138 3754 2209 μέ-

2185 2248 2296 2286 νειν
2327 2233 2426 2304 τῆς
2469 2232 2666 2304 ἀρχῆς,
2703 2230 2773 2284 τὰ
2799 2231 2857 2284 δὲ
2903 2231 3147 2303 χρήσιμα
3186 2231 3320 2301 ήμῖν
3352 2227 3610 2301 χειροήθη
3652 2244 3752 2282 πε-

2185 2325 2404 2399 ποίηκε,
2434 2324 2562 2395 βοῦν
2589 2323 2846 2396 ἀροῦντα,
2882 2324 2978 2378 καὶ
3003 2323 3274 2395 πρόϐατον
3304 2320 3626 2395 περιϐάλλον
3654 2321 3756 2392 τὴν

2184 2417 2281 2471 τοῦ
2319 2417 2570 2488 σώματος
2613 2415 2926 2487 γύμνωσιν,
2976 2416 3069 2470 καὶ
3113 2417 3288 2487 κτήνη
3344 2415 3479 2486 πρὸς
3519 2415 3615 2486 τὴν
3646 2413 3757 2467 τῶν

2185 2509 2482 2580 ἀγωγίμων
2503 2507 2867 2581 μετακομιδὴν
2885 2509 3180 2580 ἐπιτήδεια,
3197 2506 3415 2580 δρνιθας
3430 2507 3525 2561 xal
3546 2506 3754 2579 ίχθύας,

2186 2603 2330 2657 ὥστε
2360 2603 2456 2658 καὶ
2479 2603 2760 2675 τράπεζαν
2783 2604 2916 2675 ήμτν
2943 2597 3083 2658 εἷναι
3113 2601 3525 2672 δαψιλεστέραν.

2255 2771 2323 2836 η’.
2346 2762 2613 2834 Καθάπερ
2636 2761 2745 2833 γάρ
2765 2778 2851 2826 τις
2878 2760 2996 2815 υἱὸν
3015 2758 3458 2830 ἀποκληρονόμον
3478 2757 3664 2821 ποιῶν,
3692 2757 3754 2811 οὐ

2188 2856 2406 2911 πάντων
2434 2853 2706 2919 ἐκϐάλλει,
2734 2853 2871 2907 ἀλλὰ
2896 2853 3096 2925 μέρους
3120 2851 3284 2916 τινὸς,
3312 2850 3402 2905 ἵνα
3425 2849 3754 2922 σωφρονίση,

2185 2947 2329 3002 οὑτω
2358 2946 2424 3018 δή
2447 2946 2542 3002 καὶ
2577 2947 2606 3000 ὸ
2628 2945 2790 3011 Θεός·
2824 2945 3023 3017 μᾶλλον
3052 2945 3109 2998 δὲ
3144 2945 3243 3015 οὐχ
3275 2942 3468 3008 οὑτως,
3492 2943 3607 2998 ἀλλ’
3651 2944 3754 2997 ἀπ-

2188 3040 2457 3104 εναντίας.
2472 3039 2531 3093 Ὀ
2553 3039 2651 3110 μὲν
2666 3037 2775 3109 γὰρ
2801 3036 3086 3110 άνθρωπος
3106 3035 3546 3108 ἀποκληρονόμον
3566 3035 3756 3101 ποιῶν,

2186 3130 2280 3185 τοῦ
2309 3130 2551 3195 πλείονος
2573 3130 2823 3184 ἐκϐάλλει
2858 3130 3075 3202 μέρους,
3098 3128 3159 3183 τὸ
3185 3128 3241 3182 δὲ
3266 3128 3483 3183 ἔλαττον
3502 3126 3723 3198 ἀφίησιν
3739 3142 3754 3155 °

2186 3223 2215 3275 ὁ
2246 3223 2303 3277 δέ
2340 3222 2473 3286 Θεὸς
2502 3222 2564 3277 τὸ
2590 3221 2750 3276 πλέον
2788 3222 2968 3292 ἀφεὶς,
2991 3220 3172 3289 ὀλίγου
3209 3220 3353 3284 τινὸς
3392 3214 3631 3284 ἐξέϐαλε,
3662 3217 3758 3272 καὶ

2187 3314 2346 3369 τοῦτο
2371 3316 2508 3388 πρὸς
2546 3314 2835 3386 ὠφέλειαν,
2863 3314 2952 3369 ἵνα
2981 3313 3057 3386 μὴ
3090 3315 3304 3368 πάντων
3338 3312 3573 3376 εὐκόλως
3604 3327 3758 3383 περι-

2189 3408 2443 3479 γίγνηται
2477 3407 2587 3461 τῶν
2625 3407 2820 3462 ἄλλων.
2850 3406 3013 3460 Ἀλλὰ
3053 3407 3144 3460 καὶ
3172 3404 3332 3459 τοῦτο
3360 3405 3457 3475 τῆς
3496 3403 3591 3458 τοῦ
3622 3401 3759 3457 Θεοῦ

2190 3497 2514 3570 κηδεμονίας
2539 3514 2551 3528 ο
2586 3500 2686 3570 τήν
2725 3496 2834 3569 γὰρ
2878 3496 3067 3567 σοφίαν
3111 3495 3277 3550 αὐτοῦ
3321 3495 3524 3567 θήγων,
3567 3494 3661 3549 καὶ
3696 3495 3759 3548 τὸ

2191 3593 2445 3664 φρόνημα
2463 3590 2757 3663 καθαιρῶν,
2778 3591 2872 3644 καί
2889 3590 2987 3661 τὴν
3006 3590 3232 3662 ἄκαιρον
3262 3589 3458 3660 σχολὴν
3477 3589 3759 3643 ἐκκόπτων

2191 3683 2413 3756 (ἐπειδὴ
2442 3683 2621 3737 πάντα
2663 3683 2779 3753 μετ’
2824 3682 3073 3744 εὐκολίας
3107 3680 3246 3751 ἔχων
3278 3678 3757 3751 ἐξετραχηλίσθη),

2190 3775 2414 3846 ἀνέμιξέ
2450 3791 2573 3828 τινα
2607 3775 2700 3827 καὶ
2737 3772 3020 3827 δυσκολίαν
3053 3773 3117 3844 τῇ
3157 3772 3349 3843 χρήσει
3380 3771 3473 3826 τοῦ
3500 3772 3634 3843 βίου,
3664 3770 3762 3825 καὶ

2189 3865 2314 3919 οῦτε
2342 3865 2519 3919 πάντα
2547 3864 2685 3935 μετά
2712 3864 2981 3936 καμάτου,
3006 3862 3129 3917 οὔτε
3160 3863 3334 3918 πάντα
3360 3863 3487 3916 ἄνευ
3513 3863 3760 3934 καμάτου

2192 3956 2536 4030 καρποῦσθαι
2579 3955 2740 4011 αὐτὸν
2784 3957 3001 4010 εἴασεν*
3037 3954 3148 4027 [90]
3189 3954 3322 4010 ἀλλὰ
3354 3954 3422 4009 τὰ
3477 3954 3578 4026 μὲν
3622 3953 3762 4025 πρὸς

2192 4050 2380 4123 χρείαν
2420 4051 2450 4091 ἰ)
2499 4050 2661 4104 πόνου
2710 4051 2879 4124 χωρὶς
2916 4050 3008 4104 καὶ
3051 4049 3287 4120 ἱδρώτων
3338 4049 3548 4120 ἀφῆκεν
3600 4048 3761 4101 αὐτὸν

2191 4141 2366 4212 ἔχειν,
2401 4140 2470 4195 τὰ
2495 4141 2552 4196 δέ
2599 4141 2736 4213 πρὸς
2771 4142 2974 4214 τρυφὴν
3009 4142 3146 4213 μετὰ
3183 4143 3344 4196 πόνου
3386 4145 3479 4196 καὶ
3515 4141 3760 4213 ἱδρῶτος.

2193 4233 2513 4306 βουλόμενος
2534 4234 2626 4288 καὶ
2650 4232 2851 4306 ταύτην
2879 4235 3009 4306 ήμῖν
3024 4233 3419 4305 ὑποτέμνεσθαι
3440 4234 3538 4304 τὴν
3562 4231 3761 4304 πολλὴν

2192 4325 2396 4381 ἄδειαν.

2263 4419 2327 4470 Εἰ
2371 4417 2429 4470 δὲ
2469 4417 2616 4486 λέγοι
2647 4433 2763 4480 τιςο
2792 4416 2857 4469 Τί
2894 4416 2951 4469 δὲ
2978 4415 3086 4470 τῶν
3124 4414 3329 4487 ἀγρίων
3354 4414 3543 4484 ὄφελος
3571 4413 3762 4482 ζώωνς

2192 4508 2445 4581 ἐροῦμεν·
2480 4507 2701 4580 Πρῶτον
2732 4509 2833 4580 μὲν
2867 4508 3045 4580 ψυχῆς
3075 4507 3575 4580 ταπεινοφροσύνην
3598 4508 3764 4581 ἐργά-

2192 4601 2343 4666 ζεται
2361 4643 2377 4670 ,
2423 4604 2518 4656 καὶ
2564 4601 2853 4671 ἐναγώνιον
2891 4605 3030 4655 ποιεῖ
3072 4601 3162 4656 τὸν
3210 4601 3514 4674 ἄνθρωπον,
3549 4601 3767 4657 καὶτὸν

2194 4694 2401 4766 σφόδρα
2444 4692 2681 4758 ἀλαζόνα
2727 4692 2828 4763 τῆς
2855 4692 3061 4755 οίκείας
3085 4692 3491 4763 ἀναμιμνήσκει
3525 4691 3760 4762 φύσεως,

2191 4786 2318 4839 ὅταν
2348 4784 2411 4838 τὺ
2442 4784 2634 4853 ἄλογον
2674 4783 2824 4856 αὐτῷ
2868 4784 3094 4857 φοϐερὸν
3215 4783 3393 4837 Πολλά
3422 4784 3478 4837 δὲ
3516 4783 3610 4837 καὶ
3654 4782 3766 4836 σώ-

2182 4895 2330 4949 μασι
2373 4878 2671 4948 κάμνουσιν
2698 4879 2763 4931 ἐκ
2802 4876 3010 4931 τούτων
3038 4876 3306 4948 φάρμακα
3342 4876 3570 4946 γίνεται.
3605 4876 3661 4929 ’0
3704 4875 3764 4929 δὲ

2190 4971 2367 5025 ταῦτα
2409 4970 2647 5043 ἐρωτῶν,
2677 4969 2729 5022 τί
2777 4968 2977 5041 δήποτε
3016 4971 3207 5039 γέγονε
3252 4969 3322 5023 τὰ
3366 4970 3533 5041 ἄγρια
3573 4968 3759 5040 θηρία.

2193 5064 2460 5135 ἐρωτήσει
2494 5065 2586 5118 καὶ
2607 5062 2660 5116 τί
2690 5080 2820 5117 ποτε
2850 5064 3065 5135 φλέγμα
3090 5067 3184 5119 καὶ
3214 5066 3343 5136 χολὴ
3371 5066 3429 5119 ἐν
3456 5067 3621 5138 ήμῖν;
3650 5066 3767 5122 Καὶ

2194 5159 2302 5231 γὰρ
2338 5161 2431 5213 καὶ
2468 5160 2661 5225 ταῦτα,
2698 5160 2765 5215 ἂν
2806 5160 3138 5232 παροξυνθῇ,
3170 5159 3359 5231 θηρίου
3387 5159 3765 5231 χαλεπώτερον

2194 5252 2383 5319 ἔξεισι,
2412 5255 2507 5306 καὶ
2542 5253 2618 5324 τῷ
2647 5252 2860 5323 σώματι
2896 5253 3059 5306 παντὶ
3093 5251 3427 5323 λυμαίνεται.
3458 5252 3569 5307 Kal
3595 5253 3764 5324 θυμὸς

2193 5344 2251 5398 δὲ
2294 5347 2424 5416 ἡμῖν
2464 5346 2742 5414 ἔγκειται,
2786 5345 2881 5399 καὶ
2918 5343 3181 5414 ἐπιθυμία
3211 5343 3405 5398 πάλινο
3451 5343 3546 5398 καὶ
3591 5342 3767 5397 ταῦτα

2194 5438 2399 5508 θηρίων
2441 5438 2818 5509 χαλεπώτερον
2857 5436 3226 5508 λυμαινόμενα
3260 5436 3335 5508 μὴ
3378 5436 3768 5507 κατείργοντας

2190 5532 2331 5584 αὐτὰ
2358 5532 2451 5584 καὶ
2478 5530 2844 5600 χαλινοῦντας.
2866 5531 2975 5583 Kal
3001 5529 3053 5583 τί
3080 5529 3220 5598 λέγω
3246 5529 3415 5598 θυμὸν
3446 5528 3541 5583 καὶ
3570 5529 3766 5598 ὀργήν,

2256 5718 2286 5760 b
2318 5718 2452 5769 Unus
2496 5719 2613 5782 πρὸς
2653 5720 2981 5782 τροφὴνίιιοιε
3000 5721 3141 5782 cette
3161 5717 3313 5767 lectio
3347 5729 3445 5782 non
3463 5713 3767 5782 speranda,

2713 5777 2815 5832 ilict
2835 5777 3061 5831 anfrin
3083 5781 3213 5832 inter
3228 5780 3401 5843 τροφὴν
3412 5784 3462 5827 el
3479 5777 3669 5841 τρυφήν.
