4140 6356
376 385 474 438 117

367 495 479 567 26).
519 497 644 550 Post
668 494 783 550 lucc
813 505 987 549 autem
1013 513 1032 546 ⁴;
1066 494 1262 549 Calcate
1287 511 1438 564 super
1462 505 1713 564 serpentes
1733 505 1780 546 et
1807 510 1947 546 scor-

368 591 540 658 piones
560 587 713 660 (Luc.
741 587 828 643 10.
854 585 1113 657 l9)..Sed
1141 586 1224 641 his
1260 586 1494 640 dimissis
1513 627 1528 650 ,
1559 585 1794 641 contexit
1824 600 1948 638 ora-

369 681 562 734 tionem
594 696 660 734 ex
687 678 1090 744 humilioribus,
1123 679 1428 749 relinquens
1454 678 1538 732 illa
1565 677 1950 734 consideranda

367 772 429 827 iis
452 773 542 842 qui
571 781 788 842 possunt
814 773 1020 826 acutius
1044 787 1284 826 cernere.
1321 770 1501 826 Gloria
1530 772 1674 826 enim
1700 770 1868 840 major
1894 779 1951 826 et

364 864 536 919 honor
555 880 617 920 ea
643 873 786 929 sunt,
813 848 932 934 quae
952 863 1085 918 fiunt
1111 863 1166 917 in
1187 862 1335 918 Novo
1356 863 1716 929 Testamento,
1734 862 1949 932 quando

361 955 521 1011 habet
561 955 830 1011 Christum
870 963 1061 1026 caput,
1102 954 1312 1024 quando
1336 954 1452 1024 ejus
1478 969 1669 1024 corpus
1698 955 1942 1021 efficitur,

359 1047 574 1117 quando
619 1046 678 1101 fit
723 1047 885 1102 frater
929 1055 982 1101 et
1019 1045 1262 1111 coheres,
1295 1053 1349 1100 et
1375 1045 1662 1099 conformis
1684 1048 1800 1114 ejus
1824 1061 1946 1101 cor-

356 1141 500 1211 pori,
529 1139 741 1211 quando
770 1139 1028 1208 majorem
1062 1153 1218 1208 quam
1260 1137 1432 1192 Moses
1467 1137 1661 1206 accipit
1697 1138 1942 1208 gloriam,

357 1234 497 1288 sicut
520 1231 833 1303 signiﬁcavit
864 1231 1056 1286 Paulus
1080 1273 1096 1296 ,
1123 1231 1438 1296 ostendens,
1479 1245 1576 1285 nos
1608 1245 1714 1284 non
1755 1245 1944 1299 quem-

357 1326 647 1382 admodum
689 1324 862 1380 Moses
903 1324 1206 1394 imponebat
1239 1323 1499 1388 velamen,
1529 1321 1622 1378 sed
1649 1338 1837 1378 omnes
1862 1338 1948 1379 re-

358 1419 532 1474 velata
575 1419 707 1474 facie
744 1417 954 1472 Domini
984 1417 1208 1488 gloriam
1238 1417 1688 1486 contemplaturos
1713 1431 1832 1472 esse
1863 1417 1939 1486 (2.

354 1509 476 1565 Cor.
500 1513 554 1566 5.
589 1511 676 1565 15.
705 1510 794 1578 18)
823 1527 838 1563 :
869 1520 922 1564 et
946 1509 1066 1564 ideo
1091 1510 1218 1564 dicit
1247 1528 1260 1562 :
1292 1509 1412 1563 Non
1445 1511 1578 1563 enim
1605 1511 1944 1581 glori/ictuum

353 1611 446 1666 est,
475 1601 610 1672 quod
636 1602 972 1672 gloriﬁcatum
1001 1610 1072 1656 est
1092 1603 1145 1655 in
1165 1602 1260 1654 hac
1285 1610 1447 1670 parte,
1473 1612 1678 1670 propter
1705 1602 1943 1656 excellen-

354 1702 455 1744 tem
479 1693 693 1762 gloriam
721 1691 882 1757 (Ibid.
907 1707 954 1745 υ.
975 1690 1085 1758 10).
1121 1691 1266 1746 Hanc
1282 1706 1409 1762 ergo
1429 1691 1650 1762 gloriam
1671 1693 1799 1747 dicit
1817 1708 1942 1762 pro-

353 1783 514 1852 pheta
543 1798 638 1853 per
661 1799 953 1854 anagogcn.
985 1783 1121 1851 Quid
1146 1784 1286 1840 enim
1319 1792 1400 1839 est
1427 1798 1546 1839 cum
1575 1800 1638 1839 ea
1665 1786 1942 1840 conferen-

352 1876 501 1940 dum,
549 1877 758 1946 quando
797 1878 953 1932 simul
1001 1893 1120 1932 cum
1165 1878 1375 1948 angelis
1423 1877 1616 1933 choros
1663 1878 1937 1943 ducimus,

352 1969 570 2040 quando
614 1970 668 2024 in
715 1969 852 2024 filios
893 1970 1225 2039 adoptamur,
1259 1969 1472 2037 quando
1512 1986 1611 2025 nec
1653 1970 1940 2042 Unigenito

349 2062 569 2133 quidem
609 2079 704 2133 pro
739 2063 895 2118 nobis
941 2064 1211 2133 parcitur?
1260 2064 1371 2131 Qua
1409 2079 1516 2118 non
1557 2079 1810 2134 purpura,
1833 2078 1938 2133 quo

352 2169 461 2208 non
505 2153 803 2210 diademate
829 2162 954 2210 sunt
979 2155 1093 2210 hare
1119 2157 1275 2226 longe
1303 2156 1664 2224 splendidiora
1683 2198 1698 2219 ,
1726 2156 1938 2226 quando

351 2254 580 2299 mortem
608 2244 926 2311 irridemus,
955 2247 1166 2316 quando
1208 2247 1274 2302 ad
1317 2256 1638 2316 potestatum
1688 2247 1935 2316 incorpo-

348 2349 567 2390 rearum
590 2336 1031 2406 impatibilitatem
1055 2337 1278 2391 traducti
1305 2351 1508 2402 sumus,
1533 2337 1623 2406 qui
1654 2338 1800 2407 prius
1826 2353 1936 2392 era-

346 2445 470 2485 mus
498 2431 824 2501 contempti,
857 2431 1063 2501 inglorii
1087 2472 1104 2497 ,
1136 2442 1186 2485 et
1216 2430 1567 2485 exsecrandi?
1605 2430 1773 2484 Adam
1813 2444 1933 2484 cum

346 2536 450 2576 nec
477 2521 604 2577 boni
633 2538 730 2577 nec
752 2523 875 2575 mali
905 2522 1032 2592 quid
1054 2522 1296 2587 fecisset,
1329 2524 1507 2576 statim
1534 2521 1826 2576 honoratus
1852 2531 1936 2576 est

346 2627 471 2667 cum
499 2614 728 2682 primum
762 2613 930 2668 factus
955 2621 1069 2672 est.
1088 2612 1366 2680 Quomodo
1395 2613 1538 2668 enim
1565 2611 1816 2678 fecisset,
1843 2613 1934 2681 qui

346 2719 456 2758 non
493 2704 642 2759 erat?
684 2704 793 2759 Nos
831 2714 1009 2758 autem
1056 2705 1144 2774 qui
1188 2704 1328 2759 mala
1371 2703 1593 2759 fecimus
1632 2706 1929 2769 innumera,

344 2797 506 2865 longe
544 2812 729 2852 sumus
769 2797 1024 2868 majorem
1067 2797 1323 2854 honorem
1351 2798 1641 2868 assequuti.
1672 2797 1792 2851 Non
1817 2814 1932 2850 am-

342 2891 480 2959 plius
496 2933 511 2954 ,
543 2890 742 2960 inquit,
769 2891 882 2944 dico
907 2905 993 2944 vos
1014 2907 1184 2945 servos
1211 2906 1232 2943 :
1254 2906 1344 2943 eos
1363 2891 1494 2943 enim
1521 2890 1672 2943 amici
1692 2891 1791 2943 mei
1813 2890 1931 2943 estis

342 2979 525 3052 (Joan.
551 2983 639 3037 15.
673 2983 759 3036 15.
793 2983 907 3053 14).
949 2981 1063 3036 Non
1093 2981 1320 3050 amplius
1342 2981 1509 3034 nostri
1538 2995 1697 3035 causa
1729 2980 1930 3050 pudore

339 3074 724 3130 sulIunduntur
751 3075 959 3146 angeli,
999 3076 1093 3130 sed
1129 3075 1290 3129 etiam
1331 3082 1528 3128 nostra:
1557 3074 1711 3128 saluti
1743 3074 1928 3128 deser-

342 3167 512 3220 viunt.
540 3166 673 3221 Nam
697 3176 749 3222 et
777 3167 842 3220 ad
868 3167 1165 3237 Philippum
1189 3165 1330 3220 venit
1371 3165 1608 3235 angelus,
1629 3174 1685 3220 et
1704 3165 1768 3219 ad
1792 3165 1930 3220 mul-

341 3271 426 3315 tos
455 3259 590 3314 alios
622 3259 758 3330 (Act.
793 3260 846 3314 8.
874 3259 999 3331 25),
1029 3269 1083 3315 et
1109 3259 1448 3329 Evangelium
1479 3259 1792 3314 nuntiabant
1826 3257 1928 3314 ho-

339 3351 574 3405 minibus
599 3349 750 3422 (Luc.
771 3351 827 3405 2.
851 3351 964 3421 10).
992 3350 1106 3405 Non
1128 3366 1180 3404 in
1204 3360 1344 3406 terra
1366 3361 1542 3406 autem
1565 3350 1810 3416 heredes,
1833 3350 1930 3406 sed

339 3443 604 3497 bonorum
634 3441 924 3496 caelestium
964 3455 1147 3496 sumus
1169 3483 1186 3508 ,
1216 3452 1271 3496 et
1297 3439 1495 3496 Christi
1521 3441 1806 3511 participes
1827 3483 1843 3506 ,
1874 3449 1930 3496 et

337 3549 594 3590 vocamur
615 3533 684 3588 ad
707 3535 1135 3592 communionem
1176 3533 1443 3604 Unigeniti
1475 3534 1565 3608 (1.
1590 3533 1708 3590 Cor.
1742 3535 1793 3590 1.
1823 3533 1922 3607 9).

337 3627 466 3682 Hrec
487 3627 664 3682 omnia
688 3644 786 3699 per
811 3627 1034 3698 gloriam
1056 3637 1110 3683 et
1131 3627 1386 3682 honorem
1414 3626 1697 3697 signiﬁcat.
1729 3626 1927 3692 Quam-

335 3718 524 3773 obrem
549 3719 680 3773 dicit
705 3719 865 3773 etiam
890 3718 1026 3774 alius
1056 3717 1154 3790 (a),
1181 3718 1358 3773 Gloria
1383 3727 1428 3771 et
1451 3719 1640 3771 honore
1663 3717 1925 3771 coronabis

334 3827 472 3874 eum,
502 3811 797 3881 praedicens
834 3809 975 3882 quod
1016 3810 1246 3866 futurum
1277 3819 1411 3866 erat.
1444 3811 1495 3864 7.
1530 3808 1598 3863 Et
1624 3808 1925 3863 constituisti

335 3920 453 3957 eum
480 3921 632 3974 super
651 3920 806 3975 opera
830 3919 1070 3956 manuum
1098 3910 1318 3956 tuarum.
1349 3901 1498 3955 Alius
1527 3901 1622 3971 (b),
1656 3899 1846 3954 Fecisti
1869 3907 1925 3952 ut

333 3995 539 4048 haberet
567 4003 860 4063 potestatem
893 4010 1098 4064 operum
1131 4009 1373 4046 manuum
1400 4001 1621 4046 tuarum.
1651 3991 1706 4046 8.
1739 3990 1925 4044 Omnia

332 4087 594 4158 subjecisti
614 4086 704 4140 sub
721 4087 928 4157 pedibus
947 4087 1090 4156 ejus;
1119 4100 1230 4140 oves
1255 4094 1301 4139 et
1322 4085 1466 4138 boves
1484 4085 1760 4145 universas,
1776 4084 1922 4136 insu-

335 4198 433 4252 per
471 4188 520 4235 et
561 4197 740 4252 pecora
777 4180 962 4251 campi.
1006 4179 1158 4233 Alius
1188 4175 1284 4248 (c),
1311 4177 1563 4247 Agrestia.
1587 4175 1641 4230 9.
1679 4175 1923 4229 Voiucres

332 4273 471 4339 ccli,
503 4283 548 4326 et
582 4273 738 4343 pisces
775 4273 951 4339 maris,
990 4272 1076 4342 qui
1120 4271 1468 4342 perambulant
1509 4271 1710 4324 semitas
1745 4269 1918 4322 maris.

333 4363 430 4418 10.
458 4362 948 4430 Domine,Dominus
984 4373 1151 4418 noster
1171 4405 1187 4430 ,
1221 4380 1372 4434 quam
1411 4362 1707 4416 admirabile
1729 4371 1800 4415 est
1824 4377 1920 4414 no-

333 4473 454 4510 men
490 4468 628 4511 tuum
670 4457 724 4510 in
753 4457 983 4511 uniuersa
1021 4455 1192 4510 terra!
1225 4455 1680 4524 Quemadmodum
1707 4469 1827 4509 cum
1855 4453 1922 4508 de

333 4550 609 4604 creatione
639 4549 890 4619 loquitur,
917 4563 1027 4603 non
1049 4549 1218 4602 solum
1240 4561 1496 4616 supernas
1523 4546 1732 4616 attingit
1769 4554 1920 4615 pote-

333 4648 522 4706 states,
548 4637 642 4693 sed
669 4639 828 4694 etiam
849 4639 1144 4693 orationem
1175 4637 1387 4692 deducit
1415 4635 1481 4690 ad
1507 4634 1775 4691 sensibilia
1807 4653 1818 4688 :
1850 4635 1920 4688 ita

335 4731 498 4785 etiam
530 4745 653 4787 cum
681 4730 838 4785 docet
863 4730 932 4784 de
959 4729 1163 4784 honore
1198 4728 1501 4784 hominibus
1535 4728 1760 4794 collato,
1799 4742 1920 4782 cum

338 4832 545 4878 tantum
595 4822 983 4878 subindicasset
1007 4823 1092 4877 illa
1121 4836 1312 4876 arcana
1355 4831 1410 4876 et
1455 4820 1764 4890 incorporea
1802 4833 1922 4888 quae

335 4917 700 4982 cnumeravit,
732 4931 873 4971 nunc
896 4916 1123 4984 amplius
1144 4916 1454 4970 immoratur
1482 4915 1534 4969 in
1559 4912 1916 4978 sensibilibus,
1944 4931 1951 4940 -

335 5024 458 5078 qua:
483 5007 784 5063 rudioribus
805 5007 1031 5062 clariora
1051 5015 1199 5062 sunt.
1216 5007 1468 5076 Quianam
1489 5015 1662 5062 autem
1681 5021 1742 5062 ea
1759 5006 1920 5060 sunt?

336 5102 634 5156 Terrenum
665 5101 738 5155 illi
766 5100 946 5156 datum
973 5101 1276 5171 imperium.
1337 5153 1339 5155 ,

409 5193 535 5248 Post
560 5202 820 5264 peccatum
856 5193 997 5248 Deus
1034 5195 1210 5248 datum
1243 5194 1433 5248 homini
1464 5194 1726 5266 imperium
1749 5193 1920 5246 inuni-

333 5284 467 5349 nttit,
489 5301 593 5338 non
618 5285 865 5355 abrogat;
890 5302 982 5338 cur
1007 5285 1223 5339 hominis
1246 5285 1511 5356 imperium
1531 5286 1586 5338 in
1614 5285 1795 5338 bestias
1819 5285 1920 5336 im-

335 5378 590 5430 minutum
619 5379 703 5430 sit.
726 5378 966 5444 —Quod
1009 5387 1184 5432 autem
1227 5388 1311 5432 est
1346 5376 1674 5442 admirabile,
1706 5385 1760 5430 et
1780 5377 1918 5446 quod

335 5469 568 5524 maxime
593 5469 966 5534 subindicavit,
996 5484 1117 5523 eum
1146 5469 1459 5524 honoratum
1483 5477 1604 5522 ante
1625 5478 1922 5538 transgres-

334 5561 564 5624 sionem,
597 5576 667 5615 ne
706 5569 827 5630 post
869 5570 1142 5630 peccatum
1181 5559 1395 5633 quidem
1436 5560 1656 5632 privavit
1695 5560 1916 5618 honore.

399 5715 474 5835 (ag
508 5714 691 5779 Aquila.

402 5778 451 5835 (b
503 5776 691 5826 'rheode

423 5776 474 5827 bi
503 5776 783 5827 'rlieodotio.

425 5839 476 5902 ε)
509 5841 828 5904 Symmachus.

1495 379 1851 436 EXPOSITIO
1888 378 1956 435 IN
1993 375 2317 436 PSALMUM
2358 381 2494 439 VIII.

3537 394 3637 451 118

2059 493 2290 551 Minuisti
2315 499 2481 567 enim,
2508 501 2697 572 inquit,
2725 521 2837 560 eum
2864 510 3015 574 paulo
3039 509 3203 564 minus
3220 510 3283 565 ab
3304 513 3513 582 angelis.
3535 512 3636 570 hoc

2055 597 2157 654 est,
2188 602 2359 648 morte
2399 595 2765 652 condemnasti
2813 614 2932 654 cum
2977 612 3275 672 peccasset;
3317 619 3422 659 non
3458 615 3632 662 tamen

2056 691 2330 753 postquam
2367 701 2489 741 eum
2532 698 2708 744 morte
2753 691 3151 759 condemnasti,
3193 693 3334 750 dono
3359 711 3480 752 eum
3505 711 3632 767 spo-

2056 776 2194 832 liasti
2229 797 2242 833 :
2271 788 2324 834 et
2350 790 2632 850 propterea
2656 794 2934 856 postquam
2964 785 3092 841 illud
3121 787 3273 855 dixit,
3311 789 3413 844 hoc
3445 791 3630 858 ponit,
3676 821 3683 832 -

2054 870 2339 926 ostendens
2383 873 2791 930 inenarrabilem
2843 876 2936 932 Dei
2979 878 3336 947 clementiam,
3365 881 3506 952 quod
3546 882 3631 938 vel

2053 962 2370 1020 diminutum
2416 977 2631 1037 propter
2676 985 2826 1024 suam
2873 975 3342 1043 transgressionem
3390 975 3634 1045 permisit

2052 1072 2171 1112 esse
2209 1059 2391 1128 gloria:
2417 1059 2620 1116 honore
2651 1072 2959 1117 coronatum
2980 1105 2994 1127 ,
3025 1079 3122 1119 nec
3147 1065 3195 1119 ei
3225 1066 3494 1136 abrogavit
3527 1067 3632 1123 im-

2053 1150 2278 1218 perium.
2306 1150 2361 1205 Si
2391 1161 2566 1207 autem
2592 1169 2772 1222 parum
2800 1155 2924 1224 quid
2952 1154 3210 1222 detraxit,
3239 1156 3339 1212 hoc
3361 1167 3442 1212 est
3469 1159 3628 1214 etiam

2051 1241 2167 1310 ejus
2194 1243 2557 1311 providentiae.
2583 1244 2714 1300 Nam
2739 1255 2861 1300 ante
2887 1245 3294 1302 inobedientiam
3322 1248 3632 1306 dominaba-

2050 1342 2136 1388 tur
2165 1335 2969 1408 bestiis:postinobedientiatn
3008 1351 3189 1396 autem
3232 1341 3300 1398 de
3343 1342 3441 1399 hac
3483 1354 3631 1413 pote-

2048 1430 2187 1474 state
2233 1421 2557 1491 aliquantum
2608 1424 2898 1479 detractum
2954 1434 3052 1479 est.
3104 1425 3236 1480 Nam
3285 1442 3426 1482 nunc
3469 1430 3628 1484 etiam

2047 1511 2348 1568 dominatur
2392 1514 2470 1568 eis
2507 1514 2768 1586 aliquibus
2811 1516 3033 1584 artibus,
3061 1517 3156 1573 sed
3193 1533 3313 1573 cum
3356 1520 3543 1574 timore
3565 1536 3630 1576 ac

2049 1611 2300 1659 tremore.
2347 1604 2526 1676 Neque
2563 1607 2706 1662 enim
2742 1616 2906 1663 totum
2948 1608 3228 1678 imperium
3254 1611 3498 1678 sustulit,
3527 1625 3629 1666 nec

2047 1704 2212 1751 totum
2241 1697 2473 1767 reliquit,
2500 1698 2593 1754 sed
2621 1715 2971 1770 quaecumque
3009 1711 3162 1755 erant
3206 1702 3253 1755 ei
3298 1702 3510 1771 quidem
3557 1704 3624 1757 ad

2045 1789 2354 1844 alimentum
2399 1800 2453 1846 et
2494 1790 2560 1845 ad
2615 1806 2749 1861 opus
2790 1793 3143 1860 necessariae,
3190 1793 3455 1863 subjectas
3507 1808 3627 1849 esse

2046 1884 2286 1952 permisit
2314 1900 2327 1936 :
2355 1900 2474 1953 qua:
2514 1892 2690 1939 autem
2733 1893 2858 1939 sunt
2896 1884 3244 1952 elferatiores,
3275 1900 3377 1940 non
3419 1885 3623 1952 itidem,

2045 1985 2104 2031 ut
2145 1993 2212 2033 ex
2251 1993 2344 2032 sua
2383 1992 2505 2032 cum
2546 1977 2648 2032 illis
2682 1978 3021 2032 contentione
3049 1977 3204 2046 primi
3234 1977 3466 2046 parentis
3492 1976 3626 2032 Adae

2043 2071 2240 2127 veteris
2269 2071 2471 2141 peccati
2502 2069 2897 2125 admoneretur.
2932 2068 3083 2124 Unde
3107 2069 3268 2123 etiam
3289 2084 3354 2124 ex
3375 2083 3461 2135 eo,
3481 2068 3626 2138 quod

2043 2185 2147 2223 non
2178 2168 2330 2222 valde
2358 2167 2512 2223 nobis
2536 2167 2886 2236 subjiciuntur
2911 2207 2925 2231 ,
2963 2180 3212 2236 magnum
3239 2165 3445 2220 lucrum
3470 2178 3628 2220 acce-

2041 2263 2138 2317 dit.
2184 2261 2321 2330 Quid
2359 2261 2502 2316 enim
2531 2275 2632 2316 nos
2651 2260 2864 2330 juvaret
2887 2300 2902 2325 ,
2933 2258 2979 2313 si
3007 2259 3217 2313 leonem
3244 2266 3442 2313 nostrae
3472 2265 3626 2327 pote-

2040 2357 2162 2410 stati
2208 2356 2494 2410 obnoxium
2539 2363 2594 2409 et
2633 2353 3054 2410 mansuefactum
3099 2352 3454 2408 haberemus?
3491 2350 3622 2422 quid

2039 2447 2193 2502 nobis
2246 2447 2556 2516 prodesset,
2605 2445 2650 2500 si
2701 2445 2926 2517 pardum
2976 2445 3294 2500 haberemus
3343 2443 3620 2500 cicurem?

2036 2540 2180 2596 Nihil
2208 2541 2307 2595 nisi
2334 2540 2401 2594 ad
2432 2539 2788 2610 arrogantiam
2814 2547 3016 2593 tantum
3043 2546 3099 2592 et
3122 2536 3447 2607 superbiam.
3480 2536 3615 2591 Pro-

2039 2642 2220 2703 ptcrea
2249 2632 2345 2686 has
2373 2631 2586 2702 quidem
2617 2631 2860 2702 permisit
2885 2645 3005 2686 esse
3030 2637 3307 2700 exemptas
3343 2627 3411 2684 ab
3448 2629 3620 2699 impe-

2037 2727 2116 2779 rio
2149 2742 2161 2778 :
2191 2741 2310 2796 quae
2335 2734 2460 2778 sunt
2482 2732 2659 2779 autem
2687 2722 2842 2778 nobis
2863 2723 3049 2790 utiles,
3079 2721 3254 2778 effecit
3277 2729 3580 2776 mansuetas
3599 2761 3616 2787 ,

2035 2817 2222 2873 bovem
2252 2825 2490 2872 arantem
2510 2858 2527 2884 ,
2562 2824 2620 2872 et
2655 2830 2809 2871 ovem
2847 2815 3180 2870 amicientem
3207 2813 3376 2869 nostri
3405 2812 3618 2868 nudita-

2036 2919 2142 2964 tem
2183 2911 2441 2980 corporis,
2480 2918 2537 2964 et
2568 2909 2802 2979 jumenta
2846 2917 2965 2978 apta
3008 2908 3075 2962 ad
3119 2922 3184 2963 ea
3211 2906 3452 2962 vehenda
3495 2921 3616 2976 qua:

2034 3002 2308 3071 importari
2355 3011 2445 3056 aut
2486 3001 2753 3070 exportari
2800 3007 3042 3070 possunt,
3069 3013 3195 3054 aves
3234 3007 3290 3054 et
3332 2999 3525 3068 pisces,
3557 3006 3616 3054 ut

2031 3104 2175 3150 esset
2203 3095 2358 3150 nobis
2380 3109 2566 3150 mensa
2594 3094 2804 3148 lautior.

2100 3190 2154 3245 8.
2183 3187 2639 3258 Quemadmodum
2660 3187 2800 3241 enim
2824 3200 2944 3240 cum
2965 3184 3084 3255 quis
3103 3182 3392 3240 exheredat
3419 3183 3606 3251 ﬁlium,

2031 3298 2136 3336 non
2165 3282 2335 3351 privat
2359 3293 2481 3334 eum
2511 3279 2778 3343 omnibus,
2802 3278 2896 3333 sed
2918 3287 3066 3347 parte
3089 3262 3284 3347 aliqua,
3315 3285 3372 3331 ut
3399 3291 3459 3331 se
3481 3290 3628 3344 cora

2031 3374 2185 3442 rigat,
2214 3370 2284 3426 ita
2311 3371 2468 3425 etiam
2494 3369 2673 3424 Deus:
2697 3369 2803 3422 imo
2827 3381 2933 3422 non
2959 3367 3055 3433 sic,
3079 3366 3173 3422 sed
3197 3373 3380 3422 contra
3410 3366 3606 3436 potius.

2029 3463 2200 3518 Homo
2219 3463 2381 3528 enim,
2409 3461 2500 3533 qui
2526 3459 2813 3517 exheredat
2831 3500 2846 3524 ,
2879 3459 3064 3528 majori
3093 3465 3241 3528 parte
3264 3458 3471 3528 privat,
3502 3457 3607 3513 mi-

2029 3569 2217 3608 norem
2257 3567 2387 3608 vero
2432 3552 2682 3622 relinquit
2716 3569 2728 3605 :
2762 3552 2900 3606 Deus
2937 3558 3113 3606 autem
3154 3549 3342 3620 majori
3380 3549 3566 3604 relicta
3589 3587 3627 3614 ,ρ

2027 3648 2214 3719 exigua
2246 3646 2465 3717 privavit
2498 3645 2850 3715 portiuncula,
2880 3643 3038 3714 idque
3067 3643 3132 3698 ad
3157 3645 3274 3713 ejus
3301 3643 3627 3709 utilitatem,§

2028 3762 2096 3802 ne
2132 3748 2236 3803 alia
2271 3746 2447 3801 omnia
2495 3744 2650 3801 facile
2682 3751 2976 3814 superaret.
3022 3740 3128 3796 Sed
3173 3741 3274 3794 hoc
3311 3740 3482 3809 ipsum
3522 3747 3608 3793 est

2027 3841 2184 3896 etiam
2211 3840 2302 3898 Dei
2333 3837 2674 3909 providentia:
2692 3877 2706 3901 ,
2739 3835 2828 3906 qui
2871 3833 3100 3888 hominis
3123 3831 3436 3902 sapientiam
3459 3829 3608 3884 exci-

2028 3942 2166 3999 tans,
2187 3931 2542 4002 arrogantiam
2568 3930 2894 3999 deprimens,
2917 3937 2972 3982 et
2991 3922 3416 3993 intempestivum
3437 3922 3604 3975 otium

2027 4026 2419 4093 interrumpens
2447 4023 2516 4092 (si
2547 4022 2688 4076 enim
2708 4021 2758 4075 ei
2787 4017 2964 4073 omnia
2989 4031 3111 4073 cum
3141 4014 3394 4070 facilitate
3421 4025 3595 4068 succe-
3620 4013 3626 4072 I

2025 4118 2232 4181 derent,
2267 4115 2488 4185 supinus
2515 4121 2568 4168 et
2591 4113 2881 4168 dissolutus
2906 4107 3215 4176 evasisset),
3244 4101 3604 4174 comparando

2025 4226 2204 4267 rerum
2235 4210 2350 4264 usui
2375 4206 2656 4262 admiscuit
2683 4202 2967 4276 quamdam
2993 4200 3355 4256 difficultatem
3375 4239 3390 4264 ,
3423 4204 3479 4250 et
3504 4209 3604 4250 nec

2025 4303 2273 4359 omnibus
2301 4317 2422 4356 cum
2449 4300 2662 4364 labore,
2709 4313 2808 4352 nec
2846 4293 3092 4350 omnibus
3127 4292 3243 4346 sine
3278 4290 3459 4344 labore
3497 4286 3602 4342 frui

2026 4395 2265 4467 permisit
2308 4395 2382 4448 illi
2412 4411 2426 4448 :
2459 4393 2552 4448 sed
2592 4407 2710 4461 quae
2737 4389 2803 4445 ad
2833 4404 2984 4443 usum
3020 4384 3234 4456 quidem
3274 4381 3457 4447 sunt‘,
3485 4380 3604 4434 sine

2025 4492 2207 4546 labore
2232 4499 2284 4544 et
2310 4487 2506 4543 sudore
2537 4485 2733 4538 habere
2759 4481 2999 4552 permisit
3031 4496 3044 4532 :
3072 4492 3192 4548 quae
3220 4490 3348 4531 vero
3376 4481 3500 4528 sunt
3532 4471 3600 4526 ad

2023 4588 2240 4642 delicias
2263 4626 2278 4650 ,
2310 4599 2429 4638 cum
2456 4581 2638 4635 labore
2661 4587 2715 4633 et
2741 4577 2934 4632 sudore
2963 4593 2976 4628 :
3007 4575 3192 4629 volens
3224 4570 3363 4625 hanc
3392 4579 3603 4639 quoque

2025 4679 2178 4734 nobis
2199 4676 2415 4732 nimiam
2446 4670 2660 4743 praecidi
2683 4668 3043 4724 securitatem.

2097 4770 2345 4825 Ferarum
2368 4781 2492 4821 usus
2517 4765 2650 4834 quis.
2667 4791 2742 4804 ——
2761 4761 2818 4817 Si
2842 4759 2960 4830 quis
2981 4764 3158 4813 autem
3183 4755 3326 4810 dicat
3351 4771 3366 4808 :
3392 4751 3462 4808 Et
3485 4750 3606 4822 quis

2023 4873 2104 4920 est
2145 4863 2299 4918 nobis
2338 4873 2466 4915 usus
2511 4855 2778 4912 ferarum?
2806 4853 3043 4909 dicemus
3075 4868 3088 4906 :
3121 4849 3357 4905 Primum
3387 4843 3603 4918 quidem

2023 4957 2213 5010 anima:
2243 4951 2592 5008 humilitatem
2615 4946 2872 5011 efficiunt,
2904 4953 2958 4999 et
2982 4950 3043 4997 ut
3065 4941 3227 4996 homo
3249 4954 3308 4995 se
3331 4945 3601 5001 exerceat,

2024 5056 2078 5102 et
2107 5046 2171 5101 ad
2199 5054 2469 5100 certamen
2499 5046 2792 5110 comparet,
2820 5036 2875 5090 in
2901 5048 3056 5090 causa
3079 5040 3223 5096 sunt,
3254 5045 3318 5086 ac
3341 5029 3494 5083 valde
3518 5041 3608 5082 ar-

2024 5145 2298 5207 rogantem
2322 5133 2548 5206 proprite
2572 5141 2776 5186 natura:
2796 5127 3086 5182 admonent
3105 5165 3122 5192 ,
3153 5120 3365 5194 quando
3390 5120 3605 5176 brutum

2024 5242 2106 5289 est
2157 5232 2207 5287 ei
2252 5229 2507 5286 terribile.
2560 5227 2678 5282 Jam
2716 5237 2844 5279 vero
2886 5217 3249 5278 laborantibus
3291 5213 3602 5286 corporibus

2025 5325 2192 5381 multa
2225 5339 2292 5379 ex
2325 5322 2408 5376 his
2445 5320 2578 5375 fiunt
2613 5317 3018 5372 medicamenta.
3051 5311 3154 5379 Qui
3179 5310 3293 5365 haec
3319 5317 3497 5363 autem
3524 5306 3601 5360 in-

2026 5425 2290 5488 terrogat,
2321 5429 2416 5469 cur
2440 5412 2566 5467 ferae
2587 5411 2738 5465 facta:
2767 5409 2892 5472 sint,
2921 5402 3267 5474 interrogabit
3293 5400 3476 5464 etiam,
3507 5410 3598 5452 cur

2027 5511 2078 5564 in
2109 5509 2261 5564 nobis
2291 5507 2359 5561 sit
2385 5504 2508 5560 bilis
2535 5513 2588 5559 et
2617 5500 2840 5572 pituita?
2881 5498 3012 5553 Nam
3037 5511 3102 5552 ea
3127 5507 3358 5566 quoque,
3383 5493 3429 5547 si
3452 5489 3605 5546 exci—

2028 5611 2132 5656 tata
2154 5599 2369 5664 fuerint,
2393 5606 2590 5652 exeunt
2619 5595 2732 5650 fera
2757 5589 3142 5656 vehementius,
3166 5588 3367 5657 totique
3393 5583 3603 5654 corpori
3631 5643 3639 5672 2

2025 5693 2243 5749 exitium
2271 5690 2518 5747 aﬂ‘erunt.
2548 5688 2714 5744 Porro
2742 5686 2895 5741 nobis
2919 5698 3127 5756 quoque
3154 5681 3289 5737 inest
3325 5679 3403 5734 ira
3431 5685 3484 5733 et
3510 5688 3606 5730 cu-

2090 5836 2107 5866 ί
2145 5838 2287 5894 vatis,
2310 5827 2397 5881 sed
2420 5837 2531 5887 quc
2550 5822 2615 5876 ad
2635 5822 2806 5875 victum
2827 5820 3078 5885 perlinat.

3339 5926 3454 5952 «In...
