4140 6356
476 409 577 467 "9

473 524 695 596 piditas,
724 534 842 592 qua:
880 517 1008 590 ipsis
1041 531 1250 588 quoque
1277 516 1403 570 feris
1436 513 1646 584 gravius
1672 507 1823 564 nobis
1850 507 2052 560 incom-

468 615 688 670 mmlum
723 613 981 676 afferunt,
1010 609 1110 664 nisi
1138 623 1229 664 eas
1252 617 1595 662 coerceamus
1623 613 1676 656 et
1701 599 2048 654 refrenemus.

473 707 609 775 Quid
657 715 832 760 autem
871 704 990 757 dico
1026 702 1258 755 animum
1293 707 1347 754 et
1390 699 1545 761 iram,
1577 709 1700 750 cum
1745 692 1858 760 ipse
1891 688 2049 741 etiam

471 806 651 853 noster
678 795 863 850 oculus
906 794 957 847 in
1001 791 1229 861 pejores,
1258 803 1414 858 quam
1442 786 1589 848 ferre,
1616 781 1924 837 affectiones
1955 792 2050 832 nos

470 889 783 960 pra-cipitet,
815 896 872 940 ut
898 885 986 955 qui
1015 897 1114 937 nos
1140 883 1190 936 in
1219 895 1454 934 amorem
1478 877 1726 932 acerbum
1756 881 1894 927 totos
1917 885 2051 924 con-

469 981 631 1051 ligat?
657 980 760 1036 Sed
788 992 892 1033 non
925 977 1043 1030 ideo
1066 975 1326 1037 dicemus,
1352 971 1463 1026 Cur
1483 971 1596 1023 hzec
1615 967 1749 1023 facta
1766 963 1929 1020 sunt?
1957 960 2048 1016 sed

469 1074 627 1128 etiam
677 1087 772 1142 pro
811 1070 1056 1125 omnibus
1107 1066 1328 1121 Domino
1373 1063 1571 1134 gratias
1615 1073 1850 1131 agemus.
1897 1055 2048 1122 Quod

469 1165 612 1219 enim
639 1173 718 1218 est
748 1177 912 1232 puero
935 1158 1132 1216 scutica
1153 1200 1169 1224 ,
1203 1157 1303 1211 hoc
1349 1165 1431 1210 est
1472 1154 1581 1208 fera
1624 1150 1946 1206 hominibus.
1993 1146 2048 1201 Si

470 1257 610 1309 enim
641 1270 760 1309 cum
787 1255 868 1308 vel
895 1260 972 1307 tot
996 1251 1156 1306 rebus
1178 1249 1380 1320 asperis
1399 1247 1793 1309 contineantur,
1815 1241 2050 1312 plerique

469 1355 648 1402 tamen
696 1347 747 1400 in
797 1352 993 1398 tantam
1039 1341 1366 1397 extolluntur
1408 1338 1763 1410 arrogantiam
1803 1353 1817 1387 :
1860 1333 1902 1386 si
1949 1332 2049 1385 hoc

467 1438 624 1494 etiam
669 1438 875 1492 frenum
925 1435 1209 1498 ademeris,
1251 1430 1531 1487 considera
1572 1443 1682 1500 quo
1727 1427 1796 1480 sit
1837 1424 2048 1479 tandem

470 1543 781 1598 processura
824 1526 1153 1596 improbitas.
1196 1523 1269 1578 Ea
1299 1522 1366 1577 de
1395 1535 1552 1576 causa
1581 1519 1760 1574 datum
1787 1525 1869 1570 est
1898 1515 2050 1569 nobis

466 1633 659 1688 corpus
686 1617 819 1672 adeo
850 1615 1049 1670 morbis
1073 1613 1381 1677 obnoxium,
1413 1609 1650 1681 patibile,
1677 1607 1817 1678 quod
1839 1604 2050 1661 obside-

469 1717 554 1764 tur
576 1724 605 1762 a
637 1709 788 1763 malis
818 1707 1291 1762 innumerabilibus
1320 1722 1333 1757 :
1358 1714 1410 1758 et
1442 1713 1602 1768 terra,
1635 1716 1752 1770 quae
1779 1700 1873 1753 su'a
1901 1706 2046 1764 sunt,

467 1798 710 1868 producit
750 1812 872 1852 cum
917 1796 1225 1851 laboribus:
1254 1802 1308 1848 et
1351 1795 1593 1847 universa
1630 1793 1736 1843 vita
1777 1789 1929 1859 plena
1967 1795 2050 1841 est

465 1889 770 1944 sudoribus.
807 1888 1066 1956 Quoniam
1087 1899 1326 1957 praesens
1355 1886 1457 1936 vita
1480 1896 1566 1938 cst
1590 1881 1752 1936 veluti
1779 1879 2047 1950 quodnam

465 1980 820 2052 gymnasium,
866 1979 1140 2047 otiumque
1173 1985 1228 2031 et
1269 1975 1514 2030 remissio
1559 1973 1838 2044 plerosque
1877 1969 2050 2039 perdit

464 2070 709 2128 homines
729 2113 742 2136 ,
781 2079 1059 2141 propterea
1089 2067 1354 2137 negotium
1385 2074 1438 2119 et
1467 2064 1701 2118 laborem
1727 2061 2046 2126 admiscuit,

466 2169 526 2217 ut
561 2171 825 2232 tamquam
854 2176 885 2214 a
909 2159 1222 2231 quibusdam
1250 2157 1410 2212 frenis
1436 2157 1722 2225 castigetur
1755 2153 2046 2208 acrimonia

465 2251 680 2306 mentis.
728 2251 806 2305 Tu
848 2261 1024 2305 autem
1055 2248 1330 2304 considera
1357 2246 1627 2318 quomodo
1651 2261 1713 2300 ea
1743 2245 1902 2300 etiam
1930 2259 2048 2313 qum

465 2351 652 2397 natant
673 2359 766 2414 per
785 2341 1194 2412 profunditatem
1221 2355 1496 2410 aquarum,
1519 2349 1574 2395 et
1594 2354 1711 2410 quae
1737 2339 1790 2393 in
1821 2339 2048 2392 sublime

467 2432 754 2498 tolluntur,
800 2449 892 2503 per
929 2441 1098 2486 artem
1130 2431 1221 2485 tibi
1255 2433 1504 2486 Dominus
1528 2431 1832 2499 subiecerit.
1861 2430 1926 2484 Et
1951 2445 2048 2484 cur

466 2536 574 2578 non
586 2524 762 2578 omnia
777 2539 897 2595 quae
923 2523 1191 2589 videntur,
1206 2531 1552 2592 persequutus
1580 2531 1681 2590 est,
1704 2521 1928 2591 plantas,
1955 2537 2043 2576 ar-

466 2615 645 2683 bores,
663 2625 718 2671 et
743 2615 985 2671 semina?
1023 2616 1099 2670 Ex
1129 2624 1277 2685 parte
1298 2623 1462 2669 totum
1491 2616 1824 2686 significavit,
1856 2623 1910 2670 et
1936 2625 2040 2670 stu-

467 2704 633 2761 diosis
655 2714 848 2761 caetera
872 2705 1096 2761 dicenda
1125 2706 1361 2776 reliquit.
1405 2706 1473 2760 Et
1509 2721 1692 2762 rursus
1719 2707 1770 2760 in
1795 2705 2042 2761 eumdem

467 2796 663 2852 desinit
687 2797 864 2863 finem,
895 2813 960 2853 ex
988 2813 1096 2869 quo
1119 2808 1357 2868 cmperat
1382 2817 1396 2852 :
1429 2799 1642 2853 Domine
1678 2798 1928 2854 Dominus
1948 2816 2042 2854 no-

465 2897 568 2942 ster
589 2903 608 2942 :
622 2896 677 2944 et
695 2898 819 2944 ante
837 2889 1222 2959 probationem,
1245 2900 1300 2945 et
1327 2900 1445 2960 post
1465 2891 1832 2962 probationem
1855 2892 2043 2947 eadem

465 2981 626 3037 verba
651 2997 876 3053 ponens.
909 2983 1320 3047 Perseveremus
1348 2999 1476 3056 ergo
1501 3000 1600 3041 nos
1617 3002 1828 3057 quoque
1855 2987 2042 3042 eadem

464 3073 678 3130 assidue
702 3075 898 3142 dicere,
919 3076 1244 3133 admirantes
1270 3077 1388 3148 ejus
1416 3078 1845 3146 sollicitudinem,
1871 3079 2044 3152 διιερί-

464 3165 666 3223 cientes
709 3169 1058 3239 sapientiam,
1105 3170 1440 3226 clementiam
1464 3211 1481 3237 ,
1526 3179 1580 3226 et
1624 3171 1740 3241 ejus
1781 3187 1906 3243 erga
1945 3188 2044 3228 nos

464 3256 867 3326 providentiam.
924 3259 991 3314 Et
1037 3259 1150 3314 haec
1186 3261 1400 3330 quidem
1429 3276 1459 3315 a
1487 3261 1639 3316 nobis
1663 3261 1800 3317 dicta
1826 3273 1950 3318 sunt
1975 3265 2042 3319 ad

464 3348 970 3419 interpretationem.
1000 3352 1056 3408 Si
1086 3363 1264 3408 autem
1286 3355 1462 3421 vultis,
1489 3370 1601 3410 rem
1622 3355 1809 3426 majori
1832 3372 2047 3432 quoque

464 3441 806 3496 contentione
828 3456 1066 3512 agamus,
1090 3454 1145 3499 et
1167 3443 1381 3499 Judaeos
1410 3461 1675 3516 rogemus.
1707 3447 1924 3507 ubinam
1952 3469 2046 3508 vo-

465 3543 588 3586 cem
609 3531 767 3601 puelli
786 3533 1098 3589 emiserint?
1122 3536 1208 3592 ubi
1231 3537 1502 3596 inimicum
1526 3539 1646 3597 talis
1661 3559 1762 3598 vox
1778 3544 2048 3600 destruxe-

463 3625 579 3681 rit?
604 3627 816 3696 quando
840 3627 958 3700 ejus
983 3643 1176 3687 nomen
1207 3633 1363 3690 fuerit
1387 3634 1736 3692 admirabile?
1771 3635 1878 3692 Sed
1903 3638 2045 3694 aliud

464 3724 676 3789 tempus
697 3759 714 3788 ,
753 3735 914 3793 quam
946 3723 1047 3779 hoc
1070 3765 1086 3789 ,
1118 3739 1222 3779 non
1261 3734 1510 3795 poterunt
1535 3726 1735 3797 dicere,
1766 3729 1905 3800 quod
1932 3731 2048 3787 sole

463 3809 658 3866 clarius
682 3815 1039 3882 ostenditvim
1057 3817 1313 3872 veritatis.
1339 3818 1408 3872 Et
1426 3817 1547 3873 ideo
1569 3819 1714 3886 dicit,
1731 3819 1920 3876 Videbo
1943 3839 2040 3877 cae-

468 3905 547 3960 los
568 3923 723 3977 opera
742 3909 1017 3981 digitorum
1043 3920 1243 3964 tuorum
1269 3927 1288 3964 :
1317 3919 1372 3966 et
1391 3920 1565 3966 tamen
1587 3913 1698 3982 jam
1719 3912 1924 3970 dixerat
1940 3915 2050 3970 Mo-

466 4013 554 4055 ses
577 3999 673 4055 :In
685 4002 934 4073 principio
946 4003 1063 4074 fecit
1091 4001 1227 4058 Deus
1251 4005 1432 4060 celum
1458 4013 1506 4058 et
1534 4013 1720 4058 terram
1753 4006 2046 4081 (GenJJ).

538 4091 760 4148 Paulum
785 4095 1169 4150 Samosatenum
1189 4096 1436 4152 adoritur.
1458 4128 1531 4138 —
1548 4099 1652 4154 Sed
1673 4099 1929 4156 adversus
1948 4102 2048 4158 Ju-

469 4182 616 4239 daaos
643 4185 857 4255 quidem
879 4187 1148 4243 sufficiunt
1177 4188 1320 4252 haec,
1348 4198 1540 4260 etquae
1559 4200 1684 4246 ante
1709 4191 1852 4247 dicta
1881 4205 2004 4249 sunt
2033 4215 2046 4251 :

467 4272 563 4330 sed
605 4277 854 4346 quonia
898 4280 986 4349 qui
1031 4280 1242 4335 illorum
1285 4281 1562 4352 dogmata,
1595 4283 1640 4336 si
1676 4283 1920 4338 dematur
1940 4287 2049 4340 cir-

468 4368 756 4431 cumcisio,
798 4371 1148 4439 aemulantur,
1180 4369 1327 4427 Pauli
1357 4372 1688 4429 Samosateni
1722 4377 1943 4432 asoeclae
1971 4377 2054 4433 di-

469 4468 595 4514 cunt
620 4459 888 4514 Christum
911 4461 1071 4517 fuisse
1090 4464 1158 4518 ab
1183 4478 1249 4518 eo
1273 4473 1512 4534 tempore
1528 4507 1542 4531 ,
1575 4481 1638 4520 ex
1670 4482 1775 4536 quo
1799 4456 1863 4522 ex
1889 4468 2052 4524 Maria

471 4549 733 4619 processit
765 4549 985 4622 (a),i|los
1009 4552 1169 4608 etiam
1201 4569 1449 4624 rogemus
1474 4573 1487 4610 :
1513 4555 1790 4623 Quomodo
1819 4559 1864 4612 si
1892 4560 1960 4614 ab
1987 4576 2053 4614 eo

473 4651 715 4712 tempore
739 4651 854 4698 erat
871 4642 1140 4712 Christus,
1162 4646 1324 4701 caelos
1341 4647 1629 4703 fabricatus
1654 4658 1735 4704 est
1755 4649 1777 4703 ?
1795 4648 2050 4706 Eumdem

477 4733 616 4789 enim
662 4733 748 4791 hic
785 4749 905 4791 esse
940 4735 1099 4804 dicit,
1130 4737 1220 4807 qui
1249 4752 1320 4792 ex
1350 4753 1446 4794 ore
1470 4737 1747 4796 infantium
1772 4750 1826 4796 et
1850 4742 2055 4798 lacten-

475 4825 604 4880 timn
635 4824 844 4882 laudem
876 4826 1137 4896 perfecit,
1168 4837 1224 4884 et
1250 4829 1340 4899 qui
1367 4829 1526 4885 czelos
1554 4829 1844 4887 fabricatus
1866 4842 1968 4888 est.
1998 4833 2054 4890 Si

472 4925 654 4972 autem
689 4925 772 4974 est
805 4918 1060 4974 cazlorum
1101 4919 1307 4989 opifex,
1345 4928 1513 4976 restat
1537 4929 1594 4974 ut
1620 4919 1781 4976 fuerit
1806 4931 1931 4978 ante
1953 4939 2056 4978 ca:-

475 5009 596 5066 los:
637 5027 736 5067 nec
771 5011 920 5068 duxit
955 5012 1162 5069 initium
1197 5028 1262 5069 ex
1287 5013 1482 5082 Maria,
1523 5014 1632 5070 imo
1659 5024 1775 5070 erat
1803 5026 1927 5072 ante
1950 5016 2061 5070 Ma-

473 5105 630 5160 riam.
674 5105 962 5162 Considera
1013 5116 1192 5162 autem
1239 5109 1512 5177 propheta:
1561 5109 1894 5179 sapientiam.
1943 5109 2057 5166 Non

475 5200 620 5256 enim
664 5215 788 5256 eum
825 5201 1163 5257 solummodo
1201 5201 1400 5256 inducit
1440 5201 1685 5271 opificem
1709 5241 1726 5267 ,
1767 5201 1863 5258 sed
1897 5203 2056 5260 etiam

477 5289 825 5347 fabricantem
855 5307 977 5347 cum
1007 5307 1198 5362 magna
1220 5292 1489 5348 facilitate.
1519 5293 1584 5346 Et
1608 5291 1732 5348 ideo
1757 5293 1886 5349 dicit
1913 5311 1925 5347 :
1968 5294 2059 5348 Vi-

477 5382 604 5437 debo
640 5383 790 5438 celos
826 5399 980 5453 Opera
1007 5383 1276 5454 digitorum
1304 5393 1538 5450 tuorum,
1569 5398 1674 5440 non
1700 5384 1839 5454 quod
1872 5384 2064 5441 habeat

477 5474 621 5532 Deus
640 5474 834 5550 digitos
856 5515 874 5544 ,
901 5475 996 5531 sed
1023 5476 1256 5530 minimae
1278 5489 1398 5535 esse
1425 5476 1750 5545 operationis
1777 5477 2062 5536 ostendens

544 5606 621 5672 (a)
648 5605 826 5672 (Paulus
847 5612 1185 5672 Samosatenus
1204 5605 1401 5672 dicebat
1428 5606 1684 5672 Christum,
1722 5608 1869 5656 etiam
1887 5612 2084 5670 (τηειρ-θ

477 5669 575 5720 nus
599 5669 755 5720 Filius
777 5676 883 5720 erat
899 5671 1002 5728 Dei,
1025 5676 1144 5719 tunc
1165 5669 1411 5730 exsistere
1436 5669 1644 5730 omnisse
1689 5683 1802 5719 cum
1837 5683 1903 5719 ex
1925 5672 2065 5719 uaria

479 5731 734 5794 processit,
760 5735 817 5794 et
835 5731 902 5781 ita
932 5729 1409 5794 consubstantialem,
1436 5742 1619 5794 graece,
1665 5743 1873 5793 ὁμοσῦσιον,
1914 5731 2066 5781 fuisse

480 5792 626 5853 Patri,
649 5793 855 5857 utnulla
875 5801 1009 5843 esset
1031 5804 1344 5857 personarum
1365 5793 1638 5857 distinctio;
1663 5792 1762 5857 quo
1781 5807 1928 5843 sensu
1951 5807 2065 5856 vox,

478 5867 693 5921 punctum,
715 5855 936 5906 damnata
961 5854 1102 5906 estin
1123 5854 1308 5918 Synodo
1322 5855 1633 5904 Antiochena.

1215 401 1271 456 S.
1299 395 1575 456 JOANNIS
1604 386 2074 449 CIIRYSOSTOMI
2115 387 2430 444 ARCHIEP.
2461 387 2992 444 CONSTANTINOP.

3640 383 3743 444 1Ξο

2164 517 2280 571 qum
2307 502 2578 568 videntur,
2624 503 2969 557 familiaribus
2997 498 3150 555 nobis
3179 497 3480 554 nominibus
3505 499 3702 556 docens
3726 544 3742 567 ,

2161 607 2277 660 qum
2291 601 2583 660 suntsupra
2612 608 2728 646 nos.
2749 592 2878 646 Nam
2897 593 3054 647 etiam
3081 591 3290 660 quando
3315 590 3442 644 dicit
3474 607 3487 643 :
3510 591 3609 657 Qui
3637 608 3744 645 me-

2161 682 2282 734 titur
2323 683 2502 736 cazlum
2539 683 2736 752 palmo,
2773 691 2822 735 et
2863 692 3047 735 terram
3075 681 3267 752 pugillo
3296 680 3446 752 (Isai.
3479 681 3568 736 40.
3601 682 3695 753 12)

2159 787 2265 826 non
2305 774 2557 844 pugillnm
2588 782 2642 826 et
2670 774 2904 842 palmum
2934 773 3239 842 significans
3259 814 3274 839 ,
3306 773 3420 826 lucc
3448 771 3613 837 dicit,
3645 773 3737 831 sed

2157 863 2344 917 volens
2397 864 2492 918 Dei
2538 863 2794 918 infinitam
2827 862 3113 917 ostendere
3135 863 3443 931 potentiam.
3464 863 3738 930 Quomodo

2155 966 2285 1022 ergo
2333 953 2534 1008 audent
2581 954 2819 1008 nonnulli
2867 953 3056 1008 Filium
3103 953 3283 1008 dicere
3328 953 3739 1012 administrum?

2155 1043 2257 1110 Qui
2288 1044 2427 1097 enim
2461 1061 2526 1098 ne
2553 1045 2852 1100 universam
2882 1045 3095 1116 quidem
3117 1061 3266 1099 suam
3289 1049 3453 1100 movit
3471 1048 3739 1116 operatio-

2157 1149 2280 1188 nem
2300 1174 2317 1200 ,
2358 1135 2570 1204 quando
2612 1136 2800 1190 caelum
2845 1136 3018 1191 facere
3046 1137 3280 1204 oportuit
3312 1155 3326 1191 :
3355 1139 3480 1208 quid
3510 1139 3629 1194 dico
3654 1150 3738 1194 tn-

2155 1235 2264 1278 tam
2289 1225 2425 1281 ?scd
2449 1227 2536 1296 qui
2568 1242 2635 1281 ne
2661 1227 2930 1282 minimam
2956 1229 3166 1298 quidem
3194 1271 3211 1296 ,
3238 1228 3332 1284 sed
3357 1231 3495 1301 quod
3521 1242 3635 1286 erat
3653 1233 3738 1287 vel

2157 1319 2388 1372 maxime
2433 1319 2678 1388 pusillum
2718 1337 2731 1373 :
2771 1319 3036 1389 quomodo
3063 1320 3219 1374 fuerit
3239 1321 3741 1394 administer?quo-

2155 1413 2315 1466 modo
2343 1413 2687 1477 administer,
2715 1413 2758 1466 si
2790 1412 2916 1477 Quae
2944 1413 3066 1483 facit
3096 1410 3283 1478 Pater,
3310 1430 3370 1468 ea
3398 1431 3592 1483 quoque
3613 1418 3738 1486 facit

2155 1503 2326 1558 Filius
2366 1506 2597 1558 similiter
2637 1505 2812 1576 (Joon.
2855 1506 2910 1560 5.
2938 1503 3070 1576 i9)?
3099 1504 3199 1560 Ubi
3231 1516 3310 1560 est
3334 1507 3474 1560 enim
3503 1508 3630 1562 illud
3653 1508 3740 1562 Si-

2155 1596 2368 1661 militer,
2414 1597 2459 1651 si
2504 1596 2590 1651 hic
2628 1596 2838 1666 quidem
2867 1604 2948 1650 est
2975 1595 3315 1661 administer,
3349 1597 3436 1651 ille
3466 1613 3591 1652 vero
3620 1600 3737 1668 epi-

2155 1688 2240 1743 fex
2260 1687 2282 1740 ‘l
2308 1687 2588 1753 Quomodo
2616 1697 2792 1742 autem
2824 1687 2952 1742 dicit
2979 1687 3095 1756 ejus
3115 1702 3232 1742 esse
3253 1704 3436 1757 opera,
3457 1689 3740 1760 aliquando
3807 1672 3811 1678 ’

2155 1779 2365 1849 quidem
2393 1779 2576 1834 dicens
2601 1821 2614 1844 ,
2647 1779 2894 1847 Domine,
2928 1788 2982 1834 tu
3011 1781 3071 1833 ab
3093 1781 3236 1834 initio
3264 1789 3448 1834 terram
3477 1783 3703 1852 fundasti
3720 1825 3734 1842 .

2155 1881 2200 1924 et
2237 1887 2391 1941 Opera
2420 1887 2658 1924 manuum
2684 1880 2884 1924 tuarum
2909 1881 3028 1925 sunt
3053 1872 3164 1925 caeli
3192 1888 3211 1925 :
3242 1871 3327 1926 hic
3355 1887 3480 1926 vero
3499 1914 3513 1933 .
3551 1872 3738 1928 Videbo

2154 1965 2305 2016 cwlos
2349 1977 2502 2031 Opera
2544 1962 2817 2032 digitorum
2863 1971 3063 2015 tuorum
3097 1961 3267 2032 (Psal.
3312 1963 3432 2018 lOl.
3460 1963 3553 2035 Q6)
3575 1965 3598 2018 ?
3621 1964 3736 2020 Non

2152 2054 2297 2107 enim
2339 2052 2768 2107 administrorum
2791 2061 2917 2106 sunt
2940 2067 3098 2121 Opera
3121 2095 3134 2118 ,
3167 2053 3258 2107 sed
3284 2053 3530 2123 opificum
3566 2071 3579 2106 :
3610 2065 3665 2110 et
3692 2058 3736 2112 si

2153 2147 2272 2218 quis
2315 2147 2381 2201 sit
2422 2147 2766 2210 administer,
2796 2162 2900 2200 non
2933 2147 3005 2200 illi
3036 2146 3342 2200 attribuitur
3365 2161 3498 2216 opus
3523 2190 3538 2213 ,
3566 2148 3658 2202 sed
3686 2151 3734 2202 ei

2152 2239 2243 2310 qui
2287 2237 2592 2293 fabricatur.
2618 2238 2758 2307 Ergo
2788 2251 2849 2292 ea
2881 2239 3041 2292 etiam
3073 2253 3189 2307 qua:
3216 2245 3338 2291 ante
3367 2253 3396 2291 a
3424 2237 3569 2293 Mose
3596 2238 3735 2293 dicta

2153 2339 2278 2386 sunt
2308 2330 2374 2384 de
2411 2329 2580 2398 Filio,
2626 2344 2819 2398 nempe
2857 2328 3026 2382 illud:
3060 2326 3124 2382 In
3164 2328 3411 2399 principio
3457 2329 3572 2397 fecit
3597 2327 3736 2384 Dens

2153 2423 2331 2476 ctutum
2367 2431 2412 2475 et
2457 2430 2670 2484 terram,
2701 2429 2755 2475 et
2782 2420 2908 2472 illud
2940 2441 2951 2472 :
2985 2418 3320 2474 Dominentur
3344 2419 3559 2489 piscibus
3582 2424 3739 2477 maris

2154 2511 2306 2584 (Gen.
2354 2513 2405 2566 l.
2451 2512 2499 2566 Ι.
2537 2519 2584 2564 et
2625 2509 2739 2580 26).
2786 2508 2833 2563 Is
2861 2509 3036 2574 enim,
3074 2510 3162 2578 qui
3194 2509 3411 2577 perfecit
3432 2510 3642 2568 laudem
3671 2531 3737 2568 ex

2151 2617 2246 2658 ore
2264 2602 2540 2655 infantium
2566 2609 2619 2655 et
2641 2600 2946 2654 lactentium
2964 2641 2979 2664 ,
3013 2601 3057 2653 is
3084 2599 3312 2654 visitavit
3337 2599 3628 2660 hominem.

2221 2695 2276 2749 9.
2304 2692 2552 2764 xEquales
2573 2703 2754 2745 natura
2780 2691 2930 2744 Pater
2951 2701 2996 2743 et
3012 2689 3198 2749 Filius.
3222 2689 3388 2749 Filius
3407 2711 3439 2749 a
3461 2695 3613 2748 Patre
3627 2695 3734 2749 dis-

2151 2788 2394 2859 tinguitur
2419 2785 2902 2857 Ιιῃροειαδίμ-ρυω
2924 2799 3050 2860 ergo
3065 2787 3131 2842 de
3159 2789 3314 2843 Patre
3328 2787 3653 2851 dicitMoses,
3671 2803 3736 2843 ea

2151 2881 2346 2936 Paulus
2372 2880 2440 2934 de
2470 2880 2606 2938 Filio
2634 2882 2860 2953 accipit,
2890 2896 3136 2952 magnam
3161 2881 3518 2960 :equalitatem
3549 2883 3735 2936 esten-

2150 2971 2305 3027 dens.
2351 2971 2488 3029 Cum
2516 2989 2644 3045 ergo
2669 2975 2825 3029 liceat
2861 2973 3059 3028 sanctis
3079 3013 3094 3038 ,
3125 2989 3244 3044 qua:
3271 2973 3338 3028 de
3365 2973 3521 3028 Patre
3547 2973 3736 3027 dicun-

2149 3075 2237 3120 tur
2254 3107 2269 3132 ,
2293 3065 2752 3124 iudiscriminatim
2785 3066 2922 3122 Filio
2946 3065 3180 3120 tribuere
3201 3107 3217 3132 ,
3249 3075 3302 3120 et
3329 3081 3448 3136 qua:
3474 3066 3542 3120 de
3566 3064 3733 3129 Filio,

2149 3156 2294 3214 Patri
2325 3159 2536 3230 (Omnia
2564 3160 2706 3214 enim
2733 3174 2822 3228 per
2844 3158 3010 3228 ipsum
3039 3160 3175 3228 facta
3201 3166 3316 3210 sunt
3347 3155 3525 3228 [Joan.
3558 3158 3612 3212 1.
3631 3155 3733 3228 5]).

2153 3251 2244 3307 ubi
2287 3250 2588 3306 administri
2631 3263 2828 3304 nomen
2871 3248 3089 3302 omnino
3118 3248 3277 3302 situm
3316 3248 3439 3302 est?
3469 3247 3580 3302 Hoc
3606 3264 3736 3302 nus—

2152 3359 2309 3415 quam
2335 3342 2529 3398 viderit
2551 3341 2833 3413 quispiam.
2866 3340 3011 3408 lmo,
3034 3340 3234 3410 inquit,
3264 3338 3460 3395 dictum
3487 3349 3599 3407 est,
3631 3340 3740 3394 Per

2149 3436 2333 3506 ipsum.
2365 3433 2502 3502 Quid
2522 3475 2538 3500 ,
2569 3433 2710 3504 quod
2737 3433 2838 3487 hoc
2863 3432 3036 3503 ipsum
3060 3431 3222 3487 etiam
3251 3431 3318 3486 de
3344 3430 3500 3486 Patre
3529 3430 3731 3486 dictum

2151 3527 2279 3581 est?
2317 3525 2452 3581 Audi
2494 3535 2672 3578 autem
2707 3522 2996 3591 quomodo.
3040 3521 3236 3576 Fidelis
3271 3521 3408 3576 Deus
3439 3537 3458 3576 :
3484 3539 3572 3592 per
3594 3540 3740 3594 quem

2151 3621 2314 3675 vocati
2328 3619 2447 3673 estis
2461 3619 2514 3671 in
2534 3618 2815 3671 societatem
2832 3615 2955 3669 Filii
2970 3616 3048 3670 sui
3064 3616 3114 3681 (l
3126 3654 3140 3668 .
3154 3613 3305 3670 Con!
3317 3654 3332 3669 .
3349 3613 3426 3685 9).
3439 3614 3508 3669 Et
3525 3629 3737 3670 rursus:

2151 3711 2351 3767 Paulus
2379 3711 2638 3780 apostolus
2671 3707 2796 3763 Iesu
2838 3707 3022 3762 Christi
3064 3724 3152 3776 per
3191 3708 3497 3762 voluntatem
3525 3707 3621 3762 Dei
3647 3709 3736 3781 (2.

2156 3805 2288 3860 Tim.
2316 3807 2368 3860 1.
2398 3803 2473 3877 1).
2505 3803 2572 3858 Et
2598 3815 2819 3858 rursus:
2848 3801 3100 3869 Quoniam
3136 3819 3223 3871 per
3241 3803 3431 3872 ipsum,
3447 3812 3494 3856 et
3521 3803 3730 3874 eatipso,
3828 3793 3832 3801 ’

2153 3909 2201 3954 et
2241 3900 2295 3952 in
2333 3899 2444 3969 ipso
2479 3898 2648 3952 omnia
2693 3895 2878 3968 (Rom.
2915 3897 3002 3949 ll.
3033 3894 3160 3964 56).
3229 3895 3470 3964 Quanam
3504 3910 3632 3965 ergo
3671 3896 3740 3951 de

2153 4003 2313 4045 causa
2341 4004 2462 4044 cum
2501 3987 2676 4042 dicitis
2703 3985 3116 4040 administrum?
3153 3984 3223 4040 Ut
3267 3985 3478 4040 Patrem
3512 3987 3741 4041 honore-

2154 4097 2306 4146 mus,
2346 4081 2611 4151 inquiunt.
2642 4080 2796 4148 Atqui
2821 4078 2946 4132 dicit
2969 4078 3138 4132 Filius
3168 4096 3180 4130 :
3213 4076 3281 4132 Ut
3307 4095 3476 4132 omnes
3497 4081 3740 4134 honorent

2156 4174 2369 4240 Filium,
2393 4175 2520 4228 sicut
2548 4176 2797 4226 honorant
2827 4169 3032 4225 Patrem
3060 4169 3236 4243 (Joan.
3262 4171 3317 4226 5.
3359 4171 3478 4243 ‘25).
3511 4171 3610 4240 Qui
3639 4187 3738 4226 au-

2157 4279 2262 4324 tcm
2292 4281 2396 4320 non
2419 4265 2648 4319 honorat
2671 4262 3100 4328 Filium,clarum
3117 4270 3200 4316 est
3216 4261 3356 4333 quod
3388 4278 3486 4318 nec
3505 4263 3738 4317 Patrem.

2156 4359 2291 4427 Quid
2335 4373 2494 4428 ergo,
2553 4357 2754 4428 inquit,
2798 4355 3010 4410 Patrem
3057 4354 3232 4409 dicam
3275 4348 3511 4409 Filium?
3529 4354 3741 4424 Nequa-

2157 4467 2336 4524 quam.
2379 4450 2492 4504 Non
2530 4449 2672 4504 enim
2715 4445 2886 4501 dicit:
2919 4445 2991 4503 Ut
3031 4462 3118 4502 me
3141 4445 3329 4501 dicatis
3358 4447 3568 4501 Patrem
3606 4446 3741 4502 :scd

2155 4543 2323 4616 quid?
2347 4541 2414 4598 Ut
2435 4541 2626 4595 Filium
2648 4550 2949 4593 manentem
2975 4537 3246 4592 honoretis
3263 4545 3323 4591 ut
3341 4537 3570 4592 Patrem.
3589 4537 3741 4603 Quod
3767 4559 3769 4562 ⁴

2159 4638 2202 4690 si
2227 4636 2438 4691 Putrem
2467 4631 2671 4686 dixeris
2695 4629 2911 4693 Filium,
2941 4629 3119 4683 omnia
3142 4626 3469 4683 confoderis.
3497 4629 3742 4685 Maneule

2158 4746 2287 4801 ergo
2316 4729 2414 4783 hac
2439 4726 2766 4797 proprietate
2783 4766 2798 4790 ,
2818 4731 2901 4778 est
2923 4721 3095 4777 honor
3118 4722 3435 4776 communis.
3455 4722 3744 4792 Propterea

2158 4824 2300 4879 enim
2329 4820 2461 4876 dixit
2485 4817 2676 4872 Filium
2701 4823 2754 4870 et
2781 4815 2994 4869 Patrem
3019 4852 3033 4878 ,
3067 4827 3132 4866 ne
3157 4811 3552 4868 confunderetis
3573 4813 3745 4884 hypo-

2160 4925 2350 4970 Stases.
2401 4909 2458 4966 Si
2502 4916 2680 4964 autem
2725 4921 2829 4960 non
2873 4911 3016 4958 esset
3049 4903 3233 4958 eadem
3260 4903 3583 4969 substantia,
3615 4920 3769 4974 quo-5

2161 5005 2322 5061 modo
2351 5004 2610 5073 aequalem
2637 4999 2892 5053 honorem
2921 4995 3228 5066 exegisset?
3257 4993 3496 5062 Quanam
3527 5010 3655 5066 ergo
3681 4996 3771 5050 de.

2163 5111 2322 5154 causa
2371 5094 2500 5151 dicit
2543 5089 2787 5148 Christus
2830 5087 2994 5143 multa
3042 5085 3250 5155 abiecta
3281 5095 3333 5140 et
3359 5085 3750 5140 humiliatNos

2164 5190 2366 5244 docens
2396 5184 2750 5240 humilitatem
2775 5223 2791 5248 ,
2818 5189 2874 5234 et
2900 5187 3120 5250 propter
3145 5177 3512 5233 indumentum
3534 5179 3708 5232 carnis
3729 5219 3747 5245 ,

2165 5296 2228 5338 ac
2277 5291 2493 5351 propter
2535 5285 2805 5346 stuporem
2853 5271 3197 5338 Iudaeorum,
3229 5281 3282 5326 et
3323 5271 3465 5341 quod
3505 5279 3747 5342 oporteat

2166 5386 2333 5444 genus
2372 5369 2647 5424 hominum
2684 5365 2948 5420 deducere
2979 5363 3227 5432 paulatim
3264 5361 3330 5416 ad
3358 5363 3747 5432 cognitionem,

2167 5479 2221 5524 et
2259 5465 2399 5536 quod
2428 5469 2613 5519 essent
2648 5455 2944 5528 imperfecti
2972 5455 3241 5510 auditores
3261 5495 3276 5520 ,
3309 5464 3362 5509 et
3385 5455 3581 5522 alioqui
3609 5470 3755 5525 saepe

2169 5561 2402 5631 loquitur
2440 5556 2508 5611 ad
2550 5553 2851 5610 auditorum
2891 5549 3219 5621 opinionem.
3267 5547 3584 5603 Sublimiora
3610 5553 3754 5606 enim
3835 5605 3838 5608 .

2170 5660 2294 5708 sunt
2323 5665 2385 5706 ea
2427 5663 2546 5720 quae
2590 5653 2716 5702 sunt
2739 5643 2905 5699 solius
2931 5639 3238 5712 dignitatis;
3269 5640 3352 5694 vel
3385 5641 3560 5711 potius
3586 5643 3756 5712 quod-

2171 5761 2400 5816 cumque
2419 5743 2487 5798 de
2512 5743 2621 5796 Deo
2639 5737 2838 5794 dixeris
2857 5778 2873 5804 ,
2894 5743 2977 5791 est
3003 5734 3160 5804 longe
3181 5733 3270 5788 illa
3295 5733 3587 5788 subsuutia
3618 5735 3757 5792 infe-

2173 5842 2289 5900 rius
2309 5880 2325 5910 ,
2354 5844 2408 5893 et
2439 5835 2504 5892 ad
2531 5831 2830 5889 auditorum
2857 5835 3072 5899 captum
3097 5825 3312 5882 dicitur.
3341 5823 3480 5893 Quid
3506 5826 3586 5884 vis
3609 5828 3758 5884 enim
