4090 6346
264 459 367 515 “9

260 573 389 624 ὅπου
415 587 478 639 γε
500 572 592 624 καὶ
612 571 888 642 ὀφθαλμὸς
912 572 940 624 6
962 570 1224 640 ἡμέτερος
1246 570 1450 641 θηρίων
1477 574 1654 642 χεῖρον
1678 588 1828 642 περι-

261 662 414 715 έδαλε
449 662 699 727 πάθεσιν,
730 664 810 726 είς
839 661 1016 732 ἔρωτα
1055 661 1252 731 πικρὸν
1283 662 1646 732 περιπείρας;
1689 661 1828 714 Ἀλλ’

259 757 320 809 οὑ
341 755 428 808 διὰ
453 755 610 807 τοῦτο
633 753 882 824 ἐροῦμεν·
918 752 1017 804 Διὰ
1043 752 1095 804 τί
1138 749 1313 804 ταῦτα
1358 753 1621 820 γέγονεν;
1666 752 1831 806 Ἀλλά

261 848 348 898 καὶ
371 846 531 916 χάριν
553 843 812 915 εἰσόμεθα
834 843 1046 896 πάντων
1065 843 1248 896 ἕνεκεν
1275 841 1349 913 τῷ
1372 843 1633 914 Δεσπότῃ.
1656 845 1831 914 Ὅπερ

260 938 364 1008 γάρ
400 939 549 990 ἐστιν
591 935 718 1006 ἱμὰς
757 935 834 1006 τῷ
867 934 1048 1000 παιδὶ,
1079 933 1236 987 τοῦτο
1279 934 1462 1006 θηρίον
1501 934 1828 1006 ἀνθρώποις.

262 1029 321 1082 Εἰ
359 1029 470 1101 γάρ
502 1029 778 1092 τοσούτοις
811 1028 1155 1098 συνεχόμενοι
1208 1029 1397 1091 δεινοῖς
1442 1029 1521 1092 εἰς
1565 1027 1832 1099 τοσαύτην

251 1124 516 1176 ἀπόνοιαν
543 1123 594 1174 οἱ
618 1120 834 1183 πλείους
862 1120 1126 1189 αἴρονται,
1150 1117 1214 1172 ἂν
1243 1118 1336 1172 καὶ
1362 1118 1549 1171 τοῦτον
1578 1117 1833 1189 περιέλῃς

263 1219 346 1268 τὸν
371 1213 607 1283 χαλινὸν,
631 1212 880 1282 ἐννόησον
903 1210 1006 1263 ποῦ
1033 1209 1104 1263 τὰ
1125 1211 1224 1280 τῆς
1251 1210 1450 1273 κακίας
1476 1208 1830 1280 προϐήσεται.

263 1307 359 1360 Διά
396 1306 556 1361 τοῦτο
598 1305 784 1358 καὶτὸ
827 1304 986 1375 σῶμα
1027 1305 1158 1375 ἡμῖν
1196 1301 1337 1356 οὕτω
1380 1301 1830 1366 κατεσκεύασται,

265 1400 527 1462 ἐπίνοσον,
565 1397 820 1468 παθητὸν,
860 1397 964 1450 ὑπὸ
995 1397 1204 1467 μυρίων
1241 1393 1691 1465 πολιορκούμενον
1735 1410 1835 1446 κα-

266 1492 405 1544 κῶν·
439 1492 534 1544 καὶ
564 1493 597 1562 ἡ
633 1492 704 1560 γῆ
741 1490 878 1560 μετά
917 1490 1093 1543 πόνων
1133 1489 1202 1540 τὰ
1247 1487 1415 1557 αὑτῆς
1447 1486 1660 1539 δίδωσι·
1684 1485 1778 1538 καὶ
1806 1485 1835 1536 6

268 1585 374 1653 βίος
417 1585 563 1647 ἆπας
621 1581 861 1654 ἱδρώτων
898 1581 1081 1653 γέμει.
1123 1579 1339 1650 Ἐπειδὴ
1387 1577 1766 1646 παιδευτήριον
1805 1577 1834 1628 ὁ

267 1675 450 1745 παρὼν
481 1674 594 1746 βίος
624 1675 760 1738 ἐστί,
784 1673 878 1726 καὶ
903 1673 1086 1736 ἄνεσις
1115 1673 1208 1726 καὶ
1239 1672 1399 1741 σχολὴ
1421 1672 1547 1733 τοὺς
1584 1668 1834 1731 πλείονας

263 1769 365 1820 τῶν
385 1767 688 1839 ἀνθρώπων
717 1766 1001 1831 ἀπόλλυσι,
1029 1766 1117 1819 διὰ
1142 1763 1298 1817 τοῦτο
1328 1763 1420 1817 καὶ
1460 1761 1712 1832 ἀσχολίαν
1741 1761 1835 1814 καὶ

265 1860 421 1912 πόνον
455 1859 588 1928 ἡμῖν
626 1857 897 1926 ἀνέμιξεν,
930 1859 1016 1910 ἵνα
1042 1855 1228 1926 ῶσπερ
1259 1855 1362 1908 ὑπό
1399 1872 1558 1908 τινων
1603 1853 1834 1924 χαλινῶν

264 1953 320 2004 :6
347 1952 716 2022 ἐγηγερμένον
745 1951 842 2020 τῆς
866 1949 1103 2012 διανοίας
1123 1949 1436 2019 κολάζηται.
1465 1949 1537 2001 Σὺ
1561 1947 1618 2000 δέ
1643 1947 1833 2000 σκόπει

265 2040 445 2093 καὶτὰ
473 2041 750 2110 νηχόμενα
781 2039 868 2092 διὰ
899 2037 995 2092 τοῦ
1033 2037 1228 2108 βάθους
1248 2036 1355 2091 τῶν
1380 2036 1610 2102 ὑδάτων,
1639 2037 1733 2089 καὶ
1765 2035 1835 2090 τὰ

265 2132 338 2193 εἰς
359 2131 494 2200 ὕψος
529 2131 792 2202 αίρόμενα
823 2129 1057 2194 ὑπέταξέ
1081 2146 1164 2182 σοι
1205 2128 1295 2182 διὰ
1331 2129 1430 2199 τῆς
1455 2129 1651 2199 τέχνης
1681 2131 1709 2180 6
1735 2130 1832 2181 Δε-

266 2223 485 2292 σπότης.
518 2223 627 2275 Kal
654 2221 705 2274 τί
736 2223 935 2292 δήποτε
961 2221 1021 2274 οὑ
1046 2220 1221 2274 πάντα
1245 2219 1444 2290 ἐπῆλθε
1468 2220 1536 2272 τὰ
1557 2220 1831 2290 ὁρώμενα,

267 2313 352 2366 καί
375 2312 524 2380 φυτὰ
555 2312 649 2365 καὶ
677 2311 968 2383 σπέρματα
996 2312 1088 2365 καὶ
1113 2311 1302 2382 δένδρα
1327 2328 1341 2376 ;
1380 2310 1512 2364 ’A::6
1547 2311 1742 2382 μέρους
1773 2312 1834 2364 :6

267 2406 368 2456 πᾶν
411 2403 654 2474 ᾐνίξατο,
690 2403 785 2457 καὶ
821 2406 934 2467 τοῖς
967 2401 1287 2474 φιλομαθέσι
1324 2402 1416 2456 τὸν
1457 2403 1585 2474 περὶ
1631 2402 1833 2456 τούτων

267 2497 442 2565 ἀφῆκε
471 2496 646 2564 λόγον.
688 2497 798 2550 Kal
824 2496 985 2550 πάλιν
1015 2497 1094 2560 εἰς
1121 2495 1182 2549 :6
1210 2496 1342 2551 αὑτὸ
1374 2495 1632 2550 καταλύει
1660 2497 1831 2562 τέλος,

265 2589 380 2642 ὅθεν
425 2589 522 2642 καὶ
550 2587 754 2659 ἠρξατο
773 2605 787 2618 ·
843 2589 1020 2657 Κύριε
1048 2592 1081 2643 ό
1112 2591 1329 2658 Κύριος
1368 2589 1568 2660 ἡμῶν·
1603 2591 1696 2644 καὶ
1727 2590 1834 2662 πρὸ

267 2681 357 2748 τῆς
407 2680 764 2746 ἀποδείξεως,
809 2679 904 2733 καὶ
943 2679 1083 2751 μετά
1126 2681 1224 2752 τὴν
1270 2681 1542 2747 ἀπόδειξιν
1592 2681 1663 2734 τά
1695 2681 1836 2736 αὑτὰ

269 2770 430 2833 τιθεὶς
470 2772 708 2842 ῥήματα.
740 2771 1010 2842 Μένωμεν
1045 2771 1223 2825 τοίνυν
1258 2771 1520 2842 διηνεκῶς
1546 2773 1641 2825 καὶ¹
1673 2775 1833 2844 ἡμεῖς

267 2860 332 2914 τὰ
370 2859 514 2914 αὑτά
560 2860 828 2929 λέγοντες,
869 2861 1238 2932 θαυμάζοντες
1276 2860 1441 2915 αὑτοῦ
1474 2862 1572 2934 τὴν
1604 2863 1834 2933 κηδεμο-

269 2955 398 3019 νίαν,
429 2953 854 3024 ἐκπληττόμενοι
890 2954 988 3024 τὴν
1024 2954 1238 3022 σοφίαν,
1263 2954 1362 3026 τὴν
1400 2955 1831 3026 φιλανθρωπίαν,

267 3046 358 3116 τὴν
387 3046 531 3118 ὑπὲρ
577 3046 734 3117 ⁴ἡμῶν
780 3045 1052 3116 πρόνοιαν.
1093 3047 1203 3099 Kal
1240 3045 1410 3100 ταῦτα
1435 3046 1534 3117 μὲν
1579 3048 1710 3118 ἡμῖν
1753 3048 1833 3110 εἰς

269 3137 561 3208 ἑρμηνείαν
590 3137 825 3206 είρηται.
850 3136 914 3190 EI
940 3135 996 3189 66
1030 3134 1304 3206 βούλεσθε,
1343 3138 1437 3190 καὶ
1464 3137 1834 3206 ἀγωνιστικῶ-

267 3245 418 3300 τερον
445 3229 540 3282 τὸν
567 3227 724 3295 λόγον
755 3226 1246 3298 μεταχειρίσωμεν,
1286 3227 1380 3280 καὶ
1419 3227 1670 3298 ἐρώμεθα
1707 3228 1834 3282 Ἰου-

267 3322 464 3387 δαίους,
502 3319 602 3374 ποῦ
647 3319 834 3373 παιδία
877 3319 1059 3391 φωνὴν
1092 3315 1191 3394 ᾖσε
1214 3330 1240 3358 ι
1266 3335 1282 3380 ;
1310 3319 1411 3374 ποῦ
1449 3322 1506 3374 66
1539 3322 1832 3375 κατέλυσεν

267 3411 456 3482 ἐχθρὸν
482 3413 517 3482 ἡ
549 3408 767 3480 τοιαύτη
799 3409 947 3478 φωνή
970 3426 985 3474 ;
1011 3408 1141 3461 πότε
1180 3409 1237 3462 66
1270 3407 1580 3479 θαυμαστὸν
1613 3410 1834 3478 γέγονεν

268 3501 426 3558 αὐτοῦ
451 3502 515 3555 :6
548 3501 754 3571 ῦνομας
812 3498 950 3552 Ἀλλ’
976 3499 1076 3552 οὐκ
1102 3499 1168 3553 ἂν
1201 3498 1372 3568 ἔχοιεν
1417 3498 1600 3570 ἓτερον
1643 3499 1833 3571 καιρὸν

269 3595 457 3656 εἰπεῖν,
499 3593 534 3664 ἢ
581 3591 790 3654 τοῦτον,
821 3589 881 3653 δς
920 3589 1070 3661 ἡλίου
1115 3589 1408 3662 φανότερον
1459 3589 1695 3644 δείκνυσι
1735 3591 1835 3662 τῆς

268 3686 517 3758 ἀληθείας
546 3686 649 3756 τὴν
689 3683 936 3754 δύναμιν.
994 3682 1091 3736 Διὰ
1131 3682 1286 3736 τοῦτό
1337 3700 1534 3753 φησιν·
1572 3685 1834 3753 Ὅψομαι

268 3780 403 3846 τοὺς
423 3779 722 3848 οίφανοὺς
751 3777 896 3846 ἔργα
916 3775 1033 3830 τῶν
1053 3775 1364 3830 δακτύλων
1387 3791 1502 3831 σου
1520 3794 1533 3807 ·
1567 3777 1740 3831 καίτοι
1769 3794 1832 3846 γε

269 3871 508 3942 Μωῦσῆς
543 3871 644 3942 ἥδη
673 3866 844 3933 εἶπεν,
877 3870 958 3922 ὅτι
1000 3869 1096 3921 Ἑν
1120 3865 1276 3938 ἀρχῇ
1315 3867 1603 3937 ἐποίησεν
1630 3873 1662 3923 ὀ
1690 3868 1833 3935 Θεὸς

271 3963 371 4018 τὸν
395 3965 658 4029 οὐρανὸν
677 3963 774 4015 καὶ
797 3963 912 4026 τὴν
943 3958 1076 4032 γῆν.

337 4117 448 4190 [9|]
468 4118 629 4172 Ἀλλά
652 4116 786 4189 πρὸς
806 4117 905 4187 μὲν
919 4116 1208 4180 Ἰουδαίους
1227 4117 1388 4187 άρκεῑ
1414 4120 1508 4170 καὶ
1524 4115 1718 4178 ταῦτα,
1737 4119 1832 4172 καὶ

267 4212 332 4264 τὰ
353 4209 660 4281 ἔμπροσθεν
692 4209 981 4280 εἰρημένα·
1019 4207 1204 4280 ἐπειδὴ
1241 4209 1298 4260 66
1328 4211 1376 4262 οἰ
1421 4211 1586 4280 χωρὶς
1619 4226 1834 4280 περιτο-

271 4303 374 4374 μῆς
393 4300 466 4354 τὰ
487 4301 712 4354 ἐκείνων
741 4301 1068 4371 μιμούμενοι
1091 4301 1186 4353 καὶ
1209 4299 1520 4371 ζηλοῦντες,
1543 4302 1592 4354 οἱ
1621 4300 1831 4354 Παύλου

265 4394 356 4446 τοῦ
393 4392 770 4463 Σαμοσατέως.
807 4393 870 4444 ἐκ
900 4392 1021 4444 τότε
1073 4391 1236 4460 φασὶν
1277 4386 1416 4445 εἶναι
1451 4391 1542 4446 τὸν
1573 4392 1831 4463 Χριστὸν,

267 4486 322 4552 ἐξ
361 4481 424 4541 οὗ
473 4485 579 4538 ἀπὺ
629 4483 844 4556 Μαρίας
890 4484 1190 4556 προῆλθεν,
1224 4482 1477 4554 ἐρώμεθα
1509 4485 1829 4549 κάκείνους,

267 4577 401 4641 πῶς,
432 4579 484 4630 εί
516 4579 579 4630 ἐκ
619 4577 740 4630 τότε
773 4573 840 4648 ἦν
879 4578 908 4630 6
950 4576 1201 4647 Χριστὸς,
1242 4577 1368 4640 τοὺς
1407 4577 1667 4648 οὐρανοὺς
1711 4576 1833 4645 ἐδη-

270 4669 598 4741 μιούργησε;
622 4669 723 4722 Τὸν
744 4668 851 4740 γὰρ
892 4669 1052 4722 αὐτόν
1084 4685 1246 4739 φησιν
1279 4663 1417 4722 εἶναι
1444 4667 1694 4731 ἐνταῦθα,
1739 4667 1832 4720 τὸν

266 4763 327 4814 ἐκ
355 4762 620 4831 στόματος
657 4761 864 4830 νηπίων
905 4762 998 4814 καὶ
1044 4759 1381 4830 θηλαζόντων
1430 4762 1833 4832 καταρτίσαντα

266 4851 431 4917 αἶνον,
479 4854 571 4906 καὶ
610 4852 703 4906 τὸν
744 4853 1114 4923 ἐργασάμενον
1157 4853 1282 4917 τοὺς
1333 4853 1611 4923 οὐρανούς.
1656 4855 1719 4908 Et
1774 4853 1830 4907 66

265 4944 591 5016 δημιουργὸς
633 4945 741 4998 τῶν
783 4944 1056 5014 οὐρανῶν,
1093 4945 1355 5017 πρότερος
1389 4945 1454 4997 ἂν
1485 4945 1569 5017 εῐη
1601 4943 1708 4999 τῶν
1737 4946 1828 4999 οὑ-

270 5034 444 5104 ρανῶν
501 5035 720 5088 λοιπόν·
798 5036 891 5087 καὶ
943 5035 1041 5087 οὐκ
1103 5035 1211 5088 ἀπὸ
1268 5034 1483 5106 Μαρίας
1557 5036 1681 5108 ἔσχε
1729 5038 1830 5108 τὴν

265 5126 438 5197 ἀρχὴν
470 5127 521 5192 δ,
554 5125 691 5179 ἀλλὰ
717 5126 812 5179 καὶ
853 5126 958 5197 πρὸ
997 5127 1095 5197 τῆς
1124 5127 1338 5197 Μαρίας
1375 5123 1464 5198 ἦν.
1496 5129 1607 5181 Kal
1639 5129 1832 5183 σκόπει

265 5215 354 5267 τοῦ
384 5214 666 5285 Προφήτω
690 5216 788 5285 τὴν
821 5217 1031 5284 σοφίαν.
1059 5217 1133 5269 06
1159 5218 1264 5288 γὰρ
1293 5217 1477 5281 ἁπλῶς
1500 5218 1829 5290 δημιουργὸν

265 5307 424 5365 αὑτὸν
473 5308 700 5376 εἰσάγει,
743 5307 878 5361 ἀλλὰ
908 5309 1002 5361 καὶ
1042 5310 1182 5379 μετά
1217 5309 1416 5381 πολλῆς
1445 5314 1544 5382 τῆς
1582 5312 1829 5376 εὐκολίας

263 5399 712 5471 δημιουργοῦντα.
742 5401 833 5453 Διό
869 5417 1030 5471 φησιν
1050 5419 1063 5430 ·
1099 5403 1348 5470 Ὀψομαι
1371 5404 1513 5470 τοὺς
1531 5405 1829 5474 οὐρανοὺς

263 5491 408 5560 ἔργα
449 5492 566 5545 τῶν
607 5493 922 5547 δακτύλων
950 5507 1096 5546 σου·
1142 5496 1241 5564 οὐχ
1270 5495 1351 5548 6::
1386 5496 1680 5562 δακτύλους
1714 5499 1827 5570 εχει

263 5580 291 5632 6
334 5580 491 5644 Θεὸς,
525 5581 660 5635 ἀλλὰ
687 5581 790 5652 τῆς
831 5582 1117 5654 ἐλαχίστης
1160 5584 1520 5656 ἐνεργείαςτὰ
1535 5591 1822 5662 ὁρώμεναο

321 5751 353 5814 ξ
379 5750 517 5814 pnus
535 5753 690 5813 φωνὴν
708 5752 901 5814 ἀφίησις
920 5752 1027 5802 Non
1049 5752 1195 5804 male.

320 5809 352 5876 ξ
377 5812 503 5876 βθε.
528 5809 638 5876 ἔσχε
660 5809 974 5876 τὴνῦπαρξιν.

322 5875 348 5906 ε
374 5874 499 5936 Reg.
525 5874 752 5938 ἐνεργείας
769 5876 826 5924 τὸ
844 5874 1120 5939 μικρότατον
1143 5877 1336 5935 δεικνύς.
1398 5901 1401 5903 -

1425 457 1792 514 ΕΧΡο51Τ10
1830 457 1898 513 ΙΝ
1935 456 2264 514 PSALMUM
2305 458 2436 513 VIII.

3387 459 3507 518 120.-

1927 569 2168 636 δεικνὺς,
2274 574 2386 635 τοῖς
2425 571 2738 641 συντρόφοις
2789 573 2922 644 ἡμῖν
2971 572 3194 642 ὀνόμασι
3240 570 3307 626 τὰ
3349 571 3512 646 ὑπὲρ.

1927 661 2076 732 ἡμᾶς
2116 661 2400 717 διδάσκων.
2435 662 2588 716 Ἐπεὶ
2647 663 2743 717 καὶ
2784 663 2912 718 ὅταν
2963 663 3117 738 λέγῃ,
3171 664 3226 717 '0
3260 664 3492 734 μετρῶν

1927 753 2035 807 τὸν
2073 755 2332 823 οὐρανὸν
2371 754 2660 824 σπιθαμῇ,
2709 755 2807 810 καὶ
2853 755 2966 824 τὴν
3009 756 3126 826 τῆν
3173 756 3346 826 δρακί
3363 775 3377 790 ·
3429 758 3489 810 οὐ

1926 847 2102 918 δράκα
2148 846 2242 901 καὶ
2291 846 2566 917 σπιθαμὴν
2619 847 2794 916 δηλῶν
2836 849 3008 902 ταῦτα
3055 849 3220 918 λέγει,
3247 850 3382 903 ἀλλὰ
3431 849 3493 903 :6

1929 938 2230 1010 ἀπέραντον
2266 939 2365 1008 τῆς
2394 939 2487 992 τοῦ
2512 939 2646 993 Θεοῦ
2683 940 2964 1011 δυνάμεως
2992 943 3334 1012 παραστῆσαι
3366 939 3489 1012 βου-

1929 1030 2173 1102 λόμενος.
2204 1031 2329 1094 Πῶς
2375 1025 2468 1085 οὖν
2518 1031 2754 1102 τολμῶσί
2804 1051 2947 1097 τινες
2999 1035 3268 1105 ὑπουργὸν
3313 1035 3504 1102 λέγειν¹

1927 1125 2022 1178 τὸν
2066 1124 2231 1189 Υἱὸν;
2270 1125 2326 1176 '0
2367 1124 2476 1195 γὰρ
2524 1124 2657 1194 μηδέ
2702 1125 2830 1196 ὅλην
2863 1125 3026 1178 αὑτοῦ
3075 1125 3170 1194 τὴν
3213 1125 3507 1196 ἐνέργειαν⁴

1929 1214 2176 1284 κινήσας,
2199 1214 2290 1266 ὅτε
2315 1211 2408 1265 τὸν
2435 1212 2660 1284 οὐρανὸν
2686 1212 2788 1266 ἔδει
2815 1214 3062 1282 ποιῆσαι·
3089 1213 3142 1266 τί
3169 1213 3310 1281 λέγω
3338 1213 3492 1284 ὃλην;

1930 1304 2044 1359 ἀλλ’
2087 1303 2207 1358 οὑδέ
2232 1302 2329 1374 τὴν
2369 1303 2678 1374 ἐλαχίστην,
2711 1303 2844 1356 ἀλλά
2870 1304 2932 1356 τὸ
2981 1304 3337 1374 μικρότατον·
3379 1302 3494 1365 πῶς

1929 1396 1996 1450 ἂν
2029 1397 2112 1467 εἴη
2144 1395 2415 1466 ὑπουργὸς
2461 1389 2643 1463 οὑτοςς
2694 1395 2811 1458 πῶς
2861 1394 3147 1465 ὑπουργὸς,
3183 1396 3232 1447 εἰ
3261 1394 3435 1460 Ἄπερ
3463 1395 3495 1445 ό

1929 1487 2132 1556 Πατὴρ
2163 1486 2335 1550 ποιεῖ,
2369 1487 2557 1541 ταῦτα
2587 1486 2684 1540 καί
2709 1489 2740 1540 ό
2777 1486 2908 1552 Υἱὸς
2935 1487 3148 1555 ὁμοίως
3175 1487 3359 1548 ποιεῖς
3384 1482 3496 1538 Ποῦ

1930 1578 2039 1650 γὰρ
2063 1577 2144 1642 :6,
2161 1577 2486 1647 ’ομοίως,εἰ
2511 1579 2538 1629 6
2572 1576 2669 1647 μὲν
2699 1575 2993 1647 ὑπουργὸς,
3010 1577 3039 1628 6
3056 1576 3110 1628 66
3135 1576 3198 1647 δη
3207 1575 3492 1647 μιουργόςς

1932 1672 2050 1734 πῶς
2080 1671 2136 1724 66
2164 1669 2328 1724 αὑτοῦ
2372 1670 2440 1724 τά
2467 1670 2603 1740 ἔργα
2637 1666 2775 1722 εἷναί
2815 1685 2965 1738 φησι,
2995 1668 3125 1721 ποτέ
3169 1668 3267 1738 μὲν
3301 1667 3496 1734 λέγων,

1931 1765 2070 1819 Κατ’
2092 1763 2282 1833 ἀρχὰς
2301 1763 2404 1827 σὺ,
2429 1764 2624 1832 Κύριε,
2658 1761 2773 1830 τὴν
2799 1760 2916 1831 γῆν
2940 1761 3358 1830 ἐθεμελίωσας,
3398 1760 3497 1813 καὶ

1929 1856 2072 1925 ἔργα
2093 1851 2212 1908 τῶν
2239 1853 2452 1923 χειρῶν
2467 1869 2582 1907 σου
2606 1852 2764 1906 είσίν
2783 1854 2837 1904 οί
2865 1851 3108 1920 οἰφανοί
3124 1867 3138 1882 ·
3163 1849 3392 1902 ἐνταῦθα
3418 1849 3496 1911 δὲ,

1931 1949 2011 2002 6::
2046 1949 2298 2017 Ὄψομαι
2332 1944 2474 2010 τοὺς
2519 1941 2813 2013 οὐρανοὺς
2862 1941 3004 2010 ἔργα
3042 1938 3158 1993 τῶν
3185 1939 3498 1993 δακτύλων

1929 2053 2082 2102 σου;
2117 2039 2192 2092 Οὑ
2223 2037 2332 2110 γὰρ
2363 2037 2472 2091 τῶν
2505 2035 2812 2106 ὑπουργῶν,
2852 2033 2986 2088 ἀλλά
3018 2034 3126 2086 τῶν
3153 2031 3497 2103 δημιουργῶν

1930 2131 1997 2185 τά
2032 2131 2167 2202 ἔργα
2187 2146 2200 2158 ·
2259 2129 2360 2184 κᾶν
2390 2123 2717 2200 ὑπουργὺςῇ
2754 2145 2855 2190 τις,
2880 2127 2979 2179 οὑκ
3005 2127 3196 2196 ἐκείνῳ
3227 2125 3498 2192 λογίζεται

1929 2206 1998 2276 τὸν
2020 2221 2198 2293 ἔργον,
2233 2221 2370 2275 ἀλλά
2406 2219 2485 2291 τῷ
2525 2217 2964 2290 δημιουργοῦντι.
2988 2217 3130 2287 Ἀρα
3173 2216 3266 2269 καὶ
3297 2214 3364 2267 τά
3397 2215 3497 2285 ἐμ-

1931 2313 2166 2385 προσθεν
2210 2312 2475 2384 εἰρημένα
2507 2311 2584 2382 τῷ
2624 2311 2868 2375 Μωῦσεῖ,
2901 2307 3148 2382 περὶτοῦ
3178 2307 3308 2362 Υἰοῦ
3349 2307 3500 2379 εἴρη-

1930 2424 2042 2470 ται,
2087 2406 2166 2469 τὸ,
2207 2405 2303 2458 Ἑν
2331 2404 2488 2474 ἀρχῇ
2527 2404 2816 2470 ἐποίησεν
2851 2405 2884 2456 ὁ
2917 2402 3060 2467 Θεὸς
3101 2400 3210 2454 τὸν
3241 2399 3502 2468 οὐρανὸν

1930 2499 2030 2553 καί
2088 2497 2202 2566 τὴν
2236 2497 2384 2567 γῆν·
2425 2497 2520 2550 καὶ
2571 2496 2651 2562 :6,
2692 2495 3058 2566 Ἀρχέτωσαν
3108 2494 3227 2547 τῶν
3283 2492 3499 2561 ἰχθύων

1931 2591 2040 2661 τῆς
2077 2590 2411 2658 θαλάσσης.
2449 2584 2614 2652 Οὗτος
2659 2587 2784 2660 γὰρ,
2834 2589 2864 2642 6
2907 2587 3238 2659 καταρτίσας
3283 2587 3346 2638 ἐκ
3380 2583 3501 2638 στό-

1934 2699 2102 2752 ματος
2147 2682 2355 2751 νηπίων
2396 2682 2491 2735 καί
2529 2678 2867 2751 Θηλαζόντων
2896 2675 3063 2743 αἵνον,
3090 2677 3252 2740 αὐτὸς
3273 2677 3365 2730 τὸν
3401 2675 3497 2731 άν-

1933 2773 2148 2844 θρωπον
2183 2777 2278 2827 ἐπε
2287 2773 2541 2844 σκέψατο.

2001 2865 2064 2919 θ’.
2107 2866 2173 2916 Ἀ
2203 2865 2299 2935 μὲν
2324 2861 2417 2918 οῦν
2471 2864 2600 2936 περί
2636 2862 2730 2917 τοῦ
2764 2862 2976 2933 Πατρδς
3003 2862 3031 2914 6
3056 2859 3294 2930 Μωῡσῆς
3327 2858 3496 2927 λέγει,

1929 2956 2141 3020 Παῦλος
2170 2959 2248 3018 είς
2278 2957 2368 3009 τὸν
2396 2956 2521 3010 Υἱδν
2547 2955 2895 3026 ἐκλαμϐάνει,
2930 2953 3127 3024 πολλὴν
3153 2952 3248 3023 τὴν
3281 2950 3501 3021 ίσότητα

1929 3048 2159 3111 δεικνύς.
2193 3049 2360 3102 Ὅταν
2394 3042 2487 3102 οῦν
2523 3042 2871 3118 ἀδιάφορονῇ
2913 3048 3026 3108 τοῖς
3061 3044 3235 3114 ἁγίοις
3272 3042 3338 3096 τὰ
3369 3041 3499 3112 περὶ

1928 3142 2022 3195 τοῦ
2067 3141 2278 3213 Πατρδς
2325 3140 2590 3210 λεγόμενα
2619 3139 2697 3210 τῷ
2744 3139 2858 3209 Υἰῷ
2902 3137 3224 3206 λογίζεσθαι,
3280 3135 3376 3190 καὶ
3428 3133 3499 3188 τά

1930 3234 2058 3306 περὶ
2087 3231 2180 3286 τοῦ
2209 3231 2338 3285 Υίοῦ
2363 3231 2442 3303 τῷ
2465 3231 2637 3302 Πατρὶ
2660 3231 2883 3302 (Πάντα
2923 3229 3034 3298 γὰρ
3066 3228 3140 3282 δι’
3162 3225 3346 3281 αὐτοῦ
3373 3225 3490 3296 ἑτέ·

1928 3327 2108 3392 νετοξι,
2153 3323 2257 3378 ποῦ
2304 3323 2441 3388 ὅλως
2490 3323 2551 3378 :6
2589 3323 2758 3394 ὄνομα
2814 3321 2906 3376 τοῦ
2959 3319 3227 3392 ὑπουργοῦ
3288 3321 3492 3383 κεῖται;

1931 3415 2180 3486 Οὑδαμοῦ
2221 3413 2378 3468 τοῦτο
2415 3414 2513 3467 ίδοι
2541 3431 2623 3478 τις
2651 3413 2736 3467 ἄν.
2774 3413 2902 3471 Ναὶ,
2938 3411 3120 3482 φησὶν,
3154 3409 3387 3482 εἴρηται,
3417 3409 3498 3462 Δι’

1930 3509 2136 3564 αὑτοῦ.
2186 3508 2250 3561 Τί
2305 3503 2420 3574 οὖν,
2450 3509 2530 3561 ὅτι
2564 3509 2657 3561 καὶ
2703 3507 2830 3579 περί¹
2881 3505 2972 3559 τοῦ
3022 3504 3232 3576 Πατρδς
3271 3503 3332 3556 :6
3367 3503 3499 3556 αὐτὸ

1929 3606 2176 3676 είρηταις
2209 3603 2318 3657 Kal
2359 3602 2588 3656 ἄκουσον
2618 3599 2755 3660 πῶς.
2792 3597 3012 3662 Πιστὸς
3046 3598 3078 3648 ό
3124 3594 3288 3659 Θεὸς,
3325 3592 3399 3646 δι’
3422 3588 3493 3646 οὗ

1929 3696 2219 3763 ἐκλήθητε
2247 3696 2333 3760 εἰς
2372 3690 2686 3746 κοινωνίαν
2714 3689 2819 3742 τοῦ
2855 3687 2992 3742 Υἰοῦ
3018 3685 3222 3740 αὑτοῦ.
3255 3684 3365 3738 Kal
3391 3684 3497 3738 πά-

1928 3787 2040 3837 λιν·
2087 3783 2328 3848 Παῦλος
2379 3782 2721 3845 ἀπόστολος
2764 3777 2961 3843 Ἰησοῦ
3000 3774 3254 3845 Χριστοῦ
3281 3771 3376 3826 διὰ
3403 3775 3498 3827 θε-

1930 3877 2198 3945 λήματος
2227 3874 2394 3929 Θεοῦ.
2432 3874 2540 3926 Kal
2573 3871 2734 3925 πάλιν
2754 3887 2767 3900 ·
2813 3872 2933 3923 Ὅτι
2962 3869 3036 3922 δι’
3068 3867 3274 3927 αὑτοῦ.
3310 3865 3407 3918 καὶ
3428 3864 3498 3929 ἐξ

1929 3968 2139 4030 αὐτοῦ,
2179 3966 2278 4020 καί
2318 3968 2406 4030 εἰς
2438 3963 2626 4019 αὐτὸν
2667 3961 2739 4016 τὰ
2774 3961 2988 4015 πάντα.
3023 3959 3180 4022 Τίνος
3217 3958 3273 4010 66
3316 3957 3500 4010 ἕνεκεν

1929 4057 2092 4113 αὑτὸν
2119 4055 2390 4126 ὑπουργὸν
2435 4071 2602 4123 φατες
2636 4053 2754 4106 Ἴνα
2789 4053 3108 4124 τιμήσωμεν
3144 4049 3235 4104 τδν
3262 4049 3501 4119 Πατέρα.

1929 4145 2047 4219 [92}
2070 4146 2182 4200 Kal
2216 4145 2320 4217 μὴν
2344 4146 2373 4198 6
2403 4145 2531 4208 Υἱός
2561 4161 2750 4215 φησιν·
2771 4143 2896 4198 Ἵνα
2911 4141 3132 4208 πάντες
3161 4140 3370 4212 τιμῶσι
3394 4142 3501 4196 τὸν

1939 4238 2097 4303 Υίὸν,
2131 4236 2324 4302 καθὼς
2360 4234 2570 4305 τιμῶσι
2595 4235 2702 4288 τὸν
2727 4233 2977 4302 Πατέρα.
3017 4233 3074 4286 '0
3113 4232 3170 4286 δὲ
3215 4230 3288 4303 μὴ
3327 4231 3502 4302 τιμῶν

1926 4331 2018 4384 τὸν
2055 4329 2204 4392 Υἰὸν,
2239 4327 2460 4398 εὔδηλον
2489 4327 2568 4380 ὅτι
2594 4327 2713 4379 οὐδέ
2736 4325 2825 4380 τὸν
2853 4323 3093 4395 Πατέρα.
3118 4323 3183 4376 Τί
3209 4319 3321 4385 οὑν,
3346 4324 3499 4392 φησὶ,

1930 4421 2146 4491 Πατέρα
2201 4419 2292 4472 τὸν
2335 4417 2463 4470 Υἰδν
2505 4416 2646 4486 ἐρῶ;
2705 4415 2855 4486 υὺχί.
2899 4416 2971 4467 Οὑ
3024 4413 3134 4484 γὰρ
3185 4409 3357 4466 εἶπεν·
3384 4407 3500 4464 Ἵνα

1931 4513 2151 4582 Πατέρα
2182 4527 2250 4582 με
2291 4509 2484 4580 λέγητε
2506 4525 2520 4540 ·
2551 4506 2687 4562 ἀλλὰ
2715 4507 2763 4560 τί
2784 4526 2799 4574 ;
2823 4508 2941 4561 Ἵνα
2985 4507 3111 4560 Υίὸν
3161 4507 3387 4576 μένοντα
3423 4503 3500 4568 ὼς

1927 4607 2019 4659 τὸν
2051 4605 2268 4676 Πατέρα
2316 4605 2533 4674 τιμᾶτε.
2558 4605 2655 4656 Ἂν
2683 4601 2739 4655 66
2774 4601 2991 4673 Πατέρα
3027 4603 3185 4671 εἴπῃς
3220 4600 3312 4652 τὸν
3347 4597 3496 4662 Υίδν,

1931 4698 2106 4750 πάντα
2139 4695 2414 4764 συνέχεας.
2446 4692 2728 4763 ΒΙενοὺσης
2771 4691 2948 4745 τοίνυν
2987 4691 3190 4761 ταύτης
3225 4691 3325 4762 τῆς
3369 4690 3499 4742 ἰδιό-

1929 4805 2109 4859 τητος.
2146 4786 2214 4839 τὰ
2242 4785 2342 4854 τῆς
2365 4783 2532 4854 τιμῆς
2569 4783 2724 4836 κοινά
2762 4785 2897 4839 ἐστι.
2931 4783 3028 4837 Διὰ
3052 4782 3161 4854 γὰρ
3190 4781 3347 4835 τοῦτο
3368 4782 3496 4834 Υίὸν

1929 4875 2048 4932 εἷπε
2090 4877 2182 4931 καὶ
2227 4876 2464 4947 Πατέρα,
2505 4873 2592 4927 ἵνα
2648 4873 2724 4946 μὴ
2775 4874 3040 4945 συγχέητε
3101 4874 3198 4937 τὰς
3260 4874 3498 4948 ὑποστά-

1932 4987 2062 5032 σεις.
2090 4967 2152 5021 Εἰ
2208 4967 2266 5021 δέ
2307 4967 2382 5037 μὴ
2420 4961 2548 5036 ἦνή
2582 4963 2720 5035 αὐτὴ
2747 4963 2923 5029 οὐσία,
2976 4963 3092 5027 πῶς
3141 4963 3207 5018 ἂν
3242 4965 3364 5036 ίσην
3400 4965 3499 5034 τὴν

1927 5058 2090 5128 τιμὴν
2116 5057 2392 5128 ἀπῄτησε;
2442 5056 2599 5119 Τίνος
2640 5051 2732 5108 οῦν
2766 5055 2973 5118 ἕνεκεν⁴
3015 5056 3168 5124 φησὶ,
3199 5056 3368 5110 πολλὰ
3405 5075 3502 5110 :a-

1930 5151 2088 5206 πεινὰ
2137 5150 2431 5220 φθέγγεται
2475 5150 2504 5202 6
2544 5147 2806 5218 Χριστὸςς
2848 5148 2957 5202 Kal
3005 5147 3502 5220 ταπεινοφροσύνην

1929 5242 2217 5306 παιδεύων,
2243 5242 2338 5296 καὶ
2358 5239 2446 5294 διὰ
2469 5241 2568 5310 τὴν
2595 5239 2696 5309 τῆς
2727 5239 2927 5309 σαρκὸς
2957 5241 3270 5311 περιϐολὴν,
3295 5241 3388 5293 καὶ
3413 5240 3501 5294 διὰ

1925 5335 2026 5405 τὴν
2051 5334 2157 5387 τῶν
2185 5333 2454 5387 Ἰουδαίων
2485 5329 2861 5401 ἀναισθησίαν,
2887 5331 2979 5383 καὶ
3000 5331 3087 5384 διά
3124 5331 3186 5384 :6
3209 5332 3319 5384 δεῖν
3357 5332 3498 5386 κατὰ

1931 5425 2125 5494 μικρὸν
2154 5424 2364 5491 ἐνάγειν
2397 5425 2476 5484 εις
2518 5421 2720 5489 γνῶσιν
2747 5419 2808 5472 :6
2840 5420 2948 5473 τῶν
2985 5419 3285 5491 ἀνθρώπων
3318 5421 3493 5489 γένος,

1929 5515 2022 5568 καὶ
2049 5514 2136 5566 διὰ
2157 5512 2219 5566 :6
2241 5512 2426 5574 ἀτελὲς
2453 5511 2560 5563 τῶν
2583 5509 2886 5564 ἀκουόντων
2906 5526 2919 5540 ·
2949 5509 3121 5573 ἄλλως
3154 5527 3214 5563 τε
3239 5511 3332 5562 καὶ
3361 5511 3499 5582 πρὸς

1925 5605 2024 5674 τὴν
2058 5603 2311 5656 ὑπόνοιαν
2339 5600 2594 5662 πολλάκις
2634 5598 2742 5652 τῶν
2787 5599 3151 5671 ἀκροωμένων
3180 5598 3496 5668 φθέγγεται.

1926 5695 2009 5748 Τὰ
2052 5695 2162 5766 γὰρ
2208 5693 2536 5764 ὑψηλότερα,
2575 5691 2672 5760 τῆς
2705 5688 2860 5756 ἀξίας
2908 5691 3076 5761 μόνης
3099 5691 3248 5743 ἐστί·
3297 5689 3498 5762 μᾶλλον

1924 5785 2002 5850 66,
2040 5787 2175 5855 ὅπερ
2207 5785 2272 5839 ἂν
2307 5784 2470 5857 λέγῃς
2502 5785 2628 5855 περὶ
2661 5781 2822 5848 Θεοῦ,
2859 5783 3036 5854 πολλῷ
3075 5783 3280 5854 σφόδρα
3322 5803 3494 5841 κατα-

1925 5879 2202 5946 δεέστερον
2248 5877 2347 5946 τῆς
2383 5874 2567 5939 οὐσίας
2613 5875 2847 5946 ἐκείνης,
2896 5876 2988 5929 καὶ
3035 5875 3490 5946 συγκαταδάσεώς
