4140 6356
511 554 651 608 ἔστι.
685 549 752 604 Τί
792 547 901 620 γάρ
946 544 1125 619 βούλει
1161 546 1362 610 εἰπεῖν;
1399 542 1591 613 Μέγας
1640 545 1670 597 0
1709 542 1871 609 Θεὸς;
1914 539 2075 594 Ἀλλά

509 644 668 700 τοῦτο
701 641 895 715 μικρὸν
937 638 1067 710 περὶ
1112 636 1248 692 Θεοῦ
1288 637 1608 708 λεγόμενονο
1646 636 1709 690 τὸ
1751 635 1862 708 γάρ
1911 635 2074 706 μέγα,

511 732 623 793 οἷον
647 731 774 809 ἂνῇ
816 733 975 804 μέγα,
1009 730 1421 802 πεπερασμένον
1467 729 1641 783 ἐστίν·
1702 728 1817 782 ἀλλ’
1853 727 2079 798 ἄπειρος

512 830 543 882 0
574 828 726 891 Θεός.
774 825 887 879 Καὶ
935 824 1093 878 τοῦτο
1144 824 1360 894 μικρὸν,
1406 825 1536 894 περὶ
1575 819 1711 875 Θεοῦ
1765 819 2076 890 λεγόμενον.

516 922 639 975 Ὅτι
676 919 774 990 μὲν
817 918 924 990 γὰρ
952 917 1125 988 πέρας
1159 916 1261 970 οὐκ
1307 915 1443 985 ἔχει,
1487 913 1635 968 οἶδα·
1671 914 1785 968 ἀλλ’
1818 913 1925 966 οὐδ’
1973 913 2001 966 ὅ
2028 929 2081 965 τι

515 1013 681 1076 ἐστὶν,
712 1011 832 1064 οὐδὲ
878 1010 1003 1076 ποῦ,
1038 1010 1358 1080 ἐπίσταμαι.
1411 1008 1532 1062 Κάν
1572 1007 1734 1076 σοφὸν
1763 1005 1953 1079 εἴπῃς,
1979 1003 2082 1059 κᾶν

517 1102 722 1172 ἀγαθὸν
767 1101 951 1175 εἴπῃς,
1003 1102 1097 1154 καὶ
1140 1101 1315 1154 ταῦτα
1360 1100 1585 1171 ἄπειρα,
1621 1099 1775 1153 οὐδὲν
1823 1098 2083 1170 περὶτῆς

518 1197 706 1260 οὐσίας
740 1195 954 1265 ἐκείνης
977 1194 1128 1260 ἀξιον
1159 1193 1409 1266 εἴρηκας,
1439 1193 1575 1247 ἀλλά
1596 1193 1678 1247 δεῖ
1700 1191 1978 1264 θεοπρεπῆ
2008 1191 2086 1261 τῷ

523 1291 724 1360 ῥήματι
757 1291 1034 1359 προσεῖναι
1063 1287 1287 1342 ἔννοιαν.
1315 1287 1379 1341 Εἰ
1407 1287 1587 1342 τοίνυν
1612 1285 1681 1340 τὰ
1708 1284 1861 1338 οὓτω
1876 1284 2088 1356 μεγάλα

519 1382 620 1451 τὴν
667 1379 823 1446 ἀξίαν
865 1380 927 1433 οὐ
960 1380 1277 1452 παρίστησι,
1322 1378 1467 1443 τίνος
1502 1378 1570 1433 ἂν
1606 1374 1715 1432 εἷεν
1757 1377 2088 1449 συγγνώμης

521 1471 662 1537 ἄξιοι
696 1473 745 1525 οἰ
772 1472 866 1525 καὶ
900 1469 1072 1525 ταῦτα
1105 1471 1363 1526 κολοϐοῦν
1395 1469 1759 1543 πειρώμενοι;
1793 1470 2089 1540 Φεύγωμεν

522 1560 702 1615 τοίνυν
728 1562 907 1617 αὐτῶν
936 1564 1061 1626 τοὺς
1095 1563 1406 1632 συλλόγους,
1440 1564 1534 1618 καὶ
1566 1563 1827 1635 μαθόντες
1845 1561 1942 1616 τοῦ
1973 1563 2091 1617 Μο-

524 1653 774 1723 νογενοῦς
806 1654 905 1726 τὴν
934 1653 1255 1723 προαιώνιον
1283 1654 1538 1727 ὓπαρξιν,
1573 1655 1673 1727 τὴν
1696 1654 2090 1727 δημιουργικὴν

524 1745 774 1817 δύναμιν,
796 1745 896 1819 τὴν
923 1746 1169 1812 ἐξουσίαν
1193 1750 1293 1818 τὴν
1318 1746 1662 1820 αὐθεντικὴν,
1688 1748 1749 1801 τὸ
1774 1746 2091 1818 ἀπαράλλα-

527 1855 655 1893 κτον
683 1838 848 1894 αὐτοῦ
876 1840 936 1893 τὸ
962 1841 1098 1913 πρὸς
1133 1841 1223 1893 τὸν
1255 1841 1494 1911 Πατέρα,
1522 1841 1622 1912 τῆς
1649 1840 1961 1906 οἰκονομίας
1994 1840 2092 1910 τὴν

530 1930 956 1999 συγκατάϐασιν,
1006 1933 1106 2003 τῆς
1148 1933 1277 2004 περὶ
1316 1934 1464 2003 ἡμᾶς
1495 1931 1822 2004 κηδεμονίας
1865 1932 1965 2004 τὴν
1994 1950 2094 1986 πο-

528 2022 714 2093 λυειδῆ
761 2023 1014 2094 πρόνοιαν
1060 2022 1264 2095 (ταῦτα
1314 2023 1423 2096 γάρ
1475 2024 1692 2078 ἅπαντα
1749 2025 1844 2078 καὶ
1890 2023 2095 2077 τούτων

530 2114 750 2169 πλείονα
778 2116 808 2169 0
835 2113 1104 2185 θησαυρὸς
1131 2116 1159 2168 0
1183 2116 1247 2168 ὲν
1265 2113 1343 2184 τῷ
1368 2114 1565 2186 ψαλμῷ
1585 2115 1836 2186 κείμενος
1856 2115 2095 2170 διδάσκει

529 2209 657 2271 τοὺς
691 2207 830 2278 μετά
861 2208 1146 2279 ἀκριϐείας
1176 2208 1584 2281 προσέχοντας),
1611 2208 1955 2281 διατηρῶμεν
1986 2208 2097 2261 τῶν

529 2299 817 2370 δογμάτων
839 2299 939 2371 τὴν
959 2299 1267 2372 ἀκρίϐειαν,
1296 2302 1391 2354 καὶ
1423 2301 1697 2356 πολιτείαν
1712 2301 1869 2368 ἀξίαν
1896 2300 2099 2355 ἐπιδει-

533 2390 774 2464 ξώμεθα,
806 2391 893 2446 ἵνα
917 2393 1011 2446 καὶ
1034 2391 1140 2446 τῶν
1164 2392 1462 2464 μελλόντων
1487 2392 1830 2464 ὲπιτύχωμεν
1853 2392 2095 2463 ἀγαθῶνρ

533 2480 609 2542 ὧν
651 2486 864 2556 γένοιτο
897 2486 1102 2549 πάντας
1136 2487 1284 2556 ἡμᾶς
1311 2484 1629 2556 ἀξιωθῆναι,
1671 2486 1854 2556 χάριτι
1882 2487 1978 2540 καὶ
2010 2504 2100 2557 φι-

534 2575 851 2647 λανθρωπία
883 2576 977 2630 τοῦ
1008 2576 1210 2648 Κυρίου
1261 2578 1417 2649 ἡμῶν
1457 2578 1633 2651 Ἰησοῦ
1674 2579 1933 2651 Χριστοῦ,
1981 2580 2100 2651 μεθ’

535 2659 598 2720 οὗ
630 2664 708 2737 τῷ
744 2666 922 2736 Πατρὶ
948 2666 1064 2738 ἅμα
1087 2665 1173 2737 τῷ
1196 2667 1335 2739 ἀγίῳ
1360 2666 1659 2741 Πνεύματι,
1682 2669 1818 2741 τνμὴ
1851 2671 1951 2725 καὶ
1976 2670 2103 2735 δόξα

538 2757 621 2822 εἰς
650 2758 777 2822 τοὺς
804 2756 1007 2822 αἰῶνας
1028 2757 1138 2813 τῶν
1158 2757 1388 2814 αἰώνων.
1417 2759 1609 2832 Ἀμήν.

893 2981 1003 3035 Eu:
1039 2982 1178 3036 TON
1207 2981 1266 3034 θ’
1293 2982 1610 3039 ΨΑΑΜΟΝ.
1643 2982 1757 3057 [95]

549 3176 573 3209 ο
601 3158 699 3240 Εις
731 3158 1322 3240 τὸρτέλυςρπὲρμτῶν
1345 3164 1610 3240 κρυφίων
1635 3165 1742 3240 τοῦ
1776 3167 2107 3240 υίοῦ,ψαλτ

610 3230 725 3306 μός
750 3230 832 3306 τῷ
858 3233 1056 3306 Δαυζδ.
1092 3251 1115 3306 ι
1149 3230 1387 3306 "Mog;
1413 3253 1430 3285 ι
1459 3230 1804 3306 ’Ἐπινίκιον
1827 3230 1979 3306 ὑπὲρ
2000 3239 2109 3294 τοῦ

615 3297 1021 3376 θαξςάτουτοῦ
1056 3301 1212 3376 υἱοῦ.
1238 3297 1403 3376 ᾆσμα
1451 3303 1541 3370 τῷ
1569 3305 1768 3360 Δαυῖδ.
1809 3325 1830 3360 ι
1873 3297 2107 3376 Ἄλλος,

623 3386 641 3419 ι
677 3367 1079 3438 Νεανιότητος
1100 3372 1207 3426 τοῦ
1236 3367 1388 3427 ὺίὁῦ.
1426 3392 1447 3426 ι

567 3549 1105 3626 Ἐξομολοτήσομαί
1131 3568 1250 3626 σοι,
1279 3554 1485 3626 Κύριε,
1508 3553 1578 3607 ἐν
1606 3546 1723 3623 ὅλῄ
1744 3554 1958 3626 ,καρδίᾳ
1970 3572 2116 3626 μου,

741 3621 1102 3693 διηγήσομαι
1130 3623 1327 3678 πάντα
1359 3624 1430 3678 τὰ
1457 3621 1762 3692 θαυμάσιᾱ
1785 3621 1922 3680 σου.

623 3808 690 3856 α’.
708 3802 934 3873 Μακρδς
959 3795 1114 3867 οὗτος
1136 3805 1165 3857 0
1184 3802 1414 3876 ψαλμός.
1437 3803 1546 3859 Καὶ
1565 3803 1724 3860 τοῦτο
1737 3804 1794 3858 δὲ
1811 3806 1909 3877 τῆς
1927 3807 2116 3875 σοφίας

550 3892 646 3947 τοῦ
694 3895 1028 3967 Πνεύματος.
1062 3893 1200 3950 Οὔτε
1232 3895 1340 3967 γὰρ
1363 3895 1571 3961 πάντας
1602 3896 1817 3969 βραχεῖς
1839 3899 2115 3970 ἐποίησεν,

552 3982 678 4038 οὗτε
705 3986 913 4050 πάντας
954 3988 1035 4050 εἰς
1067 3987 1241 4057 μῆκος
1273 3986 1566 4059 ἐξήγαγεν,
1606 3989 1719 4042 ἀλλ’
1747 3989 1989 4043 ὲποίκιλε
2023 3992 2119 4045 καὶ

553 4077 630 4149 τῷ
657 4076 840 4149 μέτρῳ
871 4077 934 4131 τί)
981 4077 1201 4147 βιϐλίον,
1234 4079 1312 4150 τῷ
1357 4079 1456 4151 μὲν
1497 4082 1663 4151 μήκει
1709 4080 1990 4153 διεγείρων
2020 4083 2118 4156 τὴν

557 4168 850 4240 ῥαθυμίαν,
869 4172 936 4241 τῇ
965 4169 1023 4223 δέ
1054 4170 1348 4243 βραχύτητι
1370 4171 1716 4226 διαναπαύων
1738 4173 1828 4228 τόν
1852 4173 2117 4246 κάματον.

565 4260 1115 4332 Ἐ’ξομολογήσομαί
1142 4279 1261 4330 σοι,
1288 4266 1483 4333 Κύριε,
1508 4266 1578 4319 ἐν
1608 4264 1720 4336 ὅλῃ
1747 4266 1960 4335 καρδίᾳ
1981 4284 2117 4336 μου,

555 4353 914 4423 διηγήσομαι
941 4353 1140 4409 πάντα
1166 4354 1240 4409 τὰ
1280 4356 1581 4426 θαυμάσιά
1604 4372 1740 4414 σου.
1787 4360 2018 4415 Διπλοῦν
2058 4363 2122 4416 τὸ

556 4444 656 4516 τῆς
683 4443 1121 4518 έξομολογήσεως
1166 4444 1304 4512 εἶδός
1348 4450 1515 4503 ἐστιν.
1536 4451 1608 4504 Ἦ
1633 4450 1742 4523 γάρ
1770 4451 1879 4507 τῶν
1906 4454 2122 4509 οἰκείων

555 4537 967 4609 ἁμαρτημάτων
989 4540 1105 4592 ἐστὶ
1129 4539 1495 4609 κατάγνωσις,
1520 4543 1892 4616 ἢεύχαριστία
1922 4546 2002 4610 είς
2030 4545 2122 4601 τὸν

556 4627 711 4681 Θεόν.
740 4629 1005 4684 Ἐνταῦθα
1043 4630 1226 4703 μέντοι
1261 4632 1360 4704 τὴν
1396 4624 1748 4707 εὐχαριστίαν
1779 4637 1946 4707 δηλοῖ.
1974 4639 2040 4691 Τί
2063 4639 2125 4693 δέ

559 4720 728 4784 ἐστιν,
758 4719 861 4772 Ἔν
879 4718 992 4788 ὅλῃ
1025 4720 1235 4790 καρδίᾳ
1248 4739 1399 4791 μου;
1434 4724 1590 4778 Μετὰ
1635 4726 1942 4797 προθυμίας
1988 4728 2128 4781 ἀπά-

559 4825 682 4881 σης,
734 4810 872 4880 μετά
923 4812 1179 4884 σπουδῆς,
1230 4813 1412 4884 φησίν.
1463 4815 1573 4885 Οὐχ
1622 4815 1760 4888 ὑπὲρ
1802 4817 2123 4888 εὐημερίας,

557 4901 694 4956 ἀλλά
743 4903 839 4955 καὶ
897 4902 989 4954 ἐπὶ
1040 4905 1153 4967 τοῖς
1201 4904 1483 4968 ἐναντίοις.
1526 4905 1696 4960 Τοῦτο
1739 4907 1849 4980 γάρ
1889 4909 2123 4980 μάλιστα

557 4992 901 5065 εὐχαρίστου,
942 4992 1102 5046 τοῦτο
1146 4994 1436 5064 φιλοσόφου
1484 4996 1681 5069 ψυχῆς,
1712 4997 1773 5052 τδ
1800 5000 1892 5054 καὶ
1929 5004 1986 5056 ἐν
2011 5007 2125 5068 τοῖς

556 5085 821 5157 λυπηροῖς
867 5086 1225 5157 εὐχαριστεῖν,
1274 5087 1336 5141 τὸ
1383 5088 1522 5159 ὑπὲρ
1571 5090 1825 5144 ἀπάντων
1859 5092 2124 5160 δοξάζειν,

560 5179 635 5249 μὴ
663 5178 825 5249 μόνον
849 5178 987 5249 ὑπὲρ
1012 5179 1120 5232 τῶν
1148 5179 1496 5251 εὐεργεσιῶν,
1527 5180 1666 5234 ἀλλά
1707 5184 1800 5236 καί
1834 5184 1977 5254 ὑπὲρ
2014 5187 2122 5239 τῶν

555 5267 856 5340 τιμωριῶν.
918 5271 1089 5323 Τοῦτο
1133 5271 1241 5341 γὰρ
1292 5271 1536 5336 πλείονος
1591 5273 1785 5345 μισθοῦ
1846 5276 2122 5347 πρόξενον.

568 5360 694 5414 Ἐπὶ
722 5362 820 5433 μὲν
847 5362 955 5435 γάρ
981 5363 1090 5415 τῶν
1122 5363 1343 5432 ἀγαθῶν
1364 5365 1723 5437 εὐχαριστῶν,
1755 5369 1914 5438 χρέος
1940 5371 2125 5423 ἀποδέ-

555 5451 763 5516 δωκαςο
803 5453 895 5507 ἐπὶ
923 5454 978 5507 δὲ
1006 5453 1115 5508 τῶν
1146 5454 1349 5521 κακῶν,
1372 5455 1463 5508 τὸν
1500 5456 1632 5510 Θεὸν
1679 5458 1964 5531 ὀφειλέτην
1996 5479 2126 5515 κατ-

555 5548 810 5615 ἐστησας.
847 5547 905 5601 '0
932 5548 1045 5617 μὲν⁴
1078 5547 1187 5620 γάρ
1231 5542 1291 5602 εὖ
1344 5549 1550 5614 παθὼν,
1600 5551 1692 5604 καὶ
1737 5552 1897 5624 χάριν
1946 5554 2121 5619 εἰδὼς,

556 5641 808 5694 ἀπέδωκε
858 5641 960 5713 τὴν
1010 5642 1251 5714 ὀφειλὴν.
1297 5642 1357 5696 '0
1417 5643 1475 5697 δὲ
1523 5644 1707 5708 κακῶς
1755 5644 1943 5700 παθὼν
1963 5686 1978 5711 ,
2032 5650 2125 5702 καὶ

554 5732 814 5800 δοξάζων,
857 5734 1080 5808 ὄφλημα
1126 5736 1546 5792 κατεσκεύασεν.
1572 5738 1719 5791 Ἀντί
1757 5738 1859 5809 τῆς
1905 5740 2125 5812 εὐχαρι-

558 5828 711 5893 στίας
752 5823 846 5883 οῦν
883 5829 1085 5901 ταύτης
1121 5829 1291 5885 πολλά
1317 5828 1481 5902 ἕτερα
1522 5828 1702 5901 ἀγαθά
1742 5830 2065 5887 ἀποδίδωσιν
2094 5836 2123 5888 0

1195 427 1254 487 S.
1292 425 1576 484 JOANNIS
1610 421 2105 482 CHBYSOSTOMI
2135 418 2457 478 ARCHIEP.
2496 411 3054 474 ΕΟΝΒΤΑΝΤῙΝΟΡ..

3645 399 3748 455 n2

2188 548 2320 612 Θεὸς
2345 546 2440 601 καί⁸
2468 546 2590 599 τότε
2637 546 2733 598 καὶ
2772 543 2901 596 νῦνσ
2948 540 3088 593 ὥστε
3134 535 3254 589 ούδέ
3290 530 3541 601 αἴσθησιν
3584 524 3747 598 ληφάς

2190 640 2328 711 μεθα
2354 639 2464 692 τῶν
2486 637 2693 691 δεινῶν.
2723 634 2910 697 Οὐδεὶς
2935 631 3044 702 γάρ
3071 627 3214 699 ὑπὲρ
3240 619 3315 679 ὧν
3342 624 3500 695 χάριν
3532 615 3641 672 οἶδε
3671 614 3752 688 τῷ

2187 731 2326 804 Θεῷ,
2356 730 2498 801 ὑπὲρ
2533 729 2737 782 τούτων
2771 726 2927 794 ἀλγεῖ
2948 742 2961 755 ’
2996 722 3136 775 ὥστε
3179 718 3279 770 καί-
3317 716 3752 786 ἓτερονξκαρπω-

2190 800 2396 892 σόμεθα
2425 800 2634 890 κέρδος,
2669 817 2731 871 τὸ
2768 810 3151 885 διακρούεσθαι
3184 807 3280 879 τὴν
3303 802 3558 875 ἀθυμίαν.
3583 800 3753 892 Ὅταν

2188 890 2298 984 γὰρ
2326 909 2701 984 ἀποστερηθῇς
2747 906 3047 980 χρημάτων
3089 902 3185 955 καὶ
3223 895 3647 984 εὐχαριστησῃς,
3689 890 3751 943 οὐ

2189 983 2442 1060 τοσοῦτόν
2474 1021 2534 1057 σε
2567 1005 2600 1074 ἠ
2646 1000 2821 1072 ζημία
2859 999 3081 1053 δύναται
3106 994 3342 1057 δάκνειν,
3377 990 3499 1043 ὅσον
3522 987 3556 1056 ἡ
3588 983 3753 1053 εὐχα-

2194 1096 2373 1170 ριστία
2400 1093 2698 1166 εὐφραίνει.
2744 1091 2917 1144 Τοῦτο
2938 1088 3016 1159 τῷ
3047 1085 3276 1154 διαϐόλῳ
3310 1080 3501 1150 καιρία
3734 1086 3752 1101 ’

2191 1165 2351 1239 τοῦτο
2378 1165 2525 1238 ποιεί
2544 1182 2640 1255 τὴν
2673 1176 3220 1249 διάνοιαν-φιλόσοφον
3239 1192 3255 1204 ν
3297 1170 3452 1226 τοῦτο
3491 1168 3590 1239 τὴν
3623 1165 3761 1255 ἀληο

2195 1275 2347 1347 θινὴν
2372 1273 2501 1345 περὶ
2536 1254 2647 1326 τῶν
2675 1271 2967 1344 παρόντων
2985 1265 3324 1341 πραγμάτων
3353 1254 3759 1347 ἐγκατασκευῶ-

2194 1365 2275 1431 ζει
2303 1344 2505 1436 κρίσιν.
2547 1363 2739 1417 Πολλοὶ
2767 1362 2876 1434 γὰρ
2901 1360 3010 1414 τῶν
3039 1356 3339 1430 ἀνθρώπων
3364 1355 3427 1407 οὐ
3459 1352 3561 1423 τὴν
3593 1344 3768 1403 οὖσαν.

2193 1455 2372 1526 ψῆφον
2400 1454 2581 1526 έχουσι
2612 1454 2739 1526 περὶ
2766 1452 2873 1506 τῶν
2903 1448 3134 1505 ἐνταῦθα
3152 1464 3169 1478 ο
3213 1446 3296 1499 διὸ
3321 1445 3418 1498 καὶ
3439 1440 3755 1512 ἀθυμοῦσινι

2197 1546 2354 1600 Οὕτω
2382 1547 2476 1600 καί
2513 1546 2563 1599 οἱ
2613 1544 2933 1617 μαινόμενοι
2966 1539 3255 1612 φοϐοῦνται
3299 1535 3368 1589 τά
3411 1535 3476 1587 οὐ
3531 1529 3759 1601 φοϐερὰ.

2197 1639 2292 1693 καὶ
2318 1637 2389 1692 τά
2426 1638 2524 1709 οὐχ
2563 1636 2850 1706 ὑφεστῶτα
2902 1630 3159 1693 πολλάκις
3206 1627 3500 1686 δεδοίκασι,
3536 1623 3630 1675 καὶ
3661 1619 3760 1681 τὰς

2200 1730 2357 1795 σκιάς
2416 1730 2698 1801 φεύγουσι.
2732 1726 2953 1788 Τούτοις
3001 1723 3210 1776 ἐοίκασι
3250 1717 3346 1773 καὶ⁵
3378 1719 3428 1770 οί
3464 1712 3763 1788 χρημάτων

2199 1823 2401 1895 ζημίαν
2426 1820 2747 1876 δεδοικότεςι

2270 1996 2482 2068 υύνγάρ
2518 1996 2629 2068 τῆς
2655 1995 2869 2065 φύσεως
2899 1996 2927 2048 0
2968 1993 3154 2063 φόϐος,
3184 1988 3329 2045 ἀλλὰ
3373 1986 3473 2056 τῆς
3508 1978 3765 2054 προαιρέκ

2202 2106 2357 2154 σεως.
2405 2091 2477 2144 Εί·
2508 2089 2615 2161 γάρ
2651 2087 2714 2142 τὸ
2754 2088 2986 2160 πρᾶγμα
3015 2081 3082 2157 ἦν
3110 2082 3371 2155 λυπηρὸν,
3413 2078 3620 2139 πάντας
3658 2072 3765 2125 ἔδει

2201 2184 2385 2253 ἀλγεῖν
2421 2184 2548 2246 τοὺς
2600 2180 3076 2253 ἀπεστερημένους
3125 2190 3182 2219 ι’
3243 2176 3291 2230 εί
3337 2175 3395 2228 δὲ
3442 2171 3517 2245 μὴ
3562 2168 3769 2228 πάντες

2201 2272 2472 2343 ἀλγοῦμεν
2498 2271 2983 2342 ἀποτυγχάνοντες,
3012 2269 3110 2322 οὐκ
3145 2267 3225 2321 ἔτι
3259 2265 3359 2337 τῆς
3388 2262 3482 2318 τοῦ
3513 2260 3768 2332 πράγμα-

2201 2382 2292 2428 τος
2334 2365 2568 2435 φύσεως,
2620 2362 2753 2417 ἀλλά
2804 2362 2903 2431 τῆς
2932 2359 3155 2423 ἀτελοῦς
3194 2356 3450 2420 διανοίας.
3497 2351 3783 2417 Καθάπερ.

2204 2455 2321 2530 194]
2345 2455 2459 2529 γάρ
2484 2457 2543 2509 έν
2570 2455 2748 2525 σκότῳ
2770 2452 3032 2516 πολλάκις
3054 2450 3149 2504 καὶ
3175 2447 3404 2520 σχοινίον
3430 2462 3519 2509 τις
3542 2443 3767 2502 ἔδεισεν,

2203 2550 2326 2620 ὅφιν
2349 2549 2719 2622 νομίσας,.καί
2760 2549 2938 2603 πάντα
2967 2544 3282 2607 ὑποπτεύει,
3317 2542 3412 2597 καὶ
3435 2540 3562 2603 τοὺς
3583 2536 3773 2607 φίλους

2205 2644 2498 2715 πολεμίους
2531 2644 2780 2714 ἡγεῖται*
2820 2641 2966 2696 οὐτω
2994 2641 3090 2695 καὶ
3136 2641 3184 2694 οἱ
3232 2637 3426 2709 ἀλογίᾳ
3469 2632 3775 2702 κατεχόμε-

2205 2753 2308 2799 νοι,
2336 2735 2526 2807 ῶσπερ
2565 2737 2676 2789 τινί
2719 2734 2892 2805 σκότῳ
2924 2733 3076 2803 βαθεῖ
3116 2730 3354 2794 ἁλόντες.
3383 2728 3484 2782 οὐκ
3512 2721 3770 2792 ἐπιγινώ-

2208 2844 2408 2883 σκουσι·
2426 2828 2539 2880 τῶν
2558 2826 2899 2899 πραγμάτων
2920 2823 3017 2896 τὴν
3047 2823 3228 2892 φύσινς
3266 2820 3380 2875 ἀλλ’
3401 2814 3770 2887 ὲγκυλινδοῦνε

2207 2936 2298 2976 ται
2328 2921 2411 2992 τῷ
2440 2920 2703 2993 βορϐόρῳ,
2726 2920 2823 2974 καὶ
2844 2918 2935 2972 τόν
2961 2917 3150 2990 χόρτον
3169 2915 3266 2985 οὐχ
3294 2911 3550 2985 ¹ἡγοῦνται
3581 2907 3783 2981 χόρτονν

2209 3008 2380 3067 εἶναι’
2432 3013 2531 3067 καὶ
2578 3012 2679 3083 τῆς
2729 3009 3101 3083 φιλαργυρίας
3147 3001 3619 3078 ἐμπεπλησμένοι,
3674 2999 3778 3052 οὐκ

2209 3105 2556 3161 αἰσθάνονται
2601 3104 2701 3176 τῆς
2750 3102 3046 3164 δυσωδίας⁶
3099 3099 3168 3154 ἂν
3209 3097 3266 3152 δὲ
3306 3092 3606 3157 ἀποστῶσι,
3651 3089 3777 3142 τότε

2211 3195 2466 3249 εἴσονται.
2513 3194 2623 3247 Καὶ
2668 3191 2918 3263 καθάπερ
2955 3192 3002 3244 οἱ
3041 3187 3296 3258 γυναικὸς
3334 3186 3583 3257 ἀμόρφου
3612 3180 3781 3253 ἐρῶν-

2210 3305 2324 3352 τες,
2364 3287 2491 3340 δταν
2536 3285 2786 3339 παύσωσι
2826 3284 2888 3337 τὺ
2933 3283 3167 3352 νόσημα,
3200 3278 3322 3333 τότε
3370 3276 3687 3330 ἐπίστανται
3717 3272 3783 3325 τὸ

2214 3375 2477 3448 εἰδεχθέςο
2535 3374 2678 3430 οὕτω
2722 3367 2818 3430 καί
2871 3374 2921 3428 οί
2971 3368 3071 3443 τῆς
3117 3368 3476 3442 φιλαργυρίας
3531 3365 3797 3439 ἐρασταί..

2215 3472 2327 3526 Καὶ
2355 3468 2472 3534 πῶς
2502 3468 2817 3539 δυνήσομαι,
2848 3465 3002 3538 φησὶ,
3026 3464 3227 3518 παῦσαι
3254 3463 3345 3516 τὸν
3371 3461 3578 3533 ἔρωτας
3612 3459 3785 3512 Πάλιν

2216 3560 2294 3633 τῷ
2322 3559 2471 3631 αὐτῷ
2505 3558 2857 3628 ὑποδείγματι
2893 3555 3408 3628 χρήσομαι.Ὥσπερ
3435 3553 3465 3606 0
3491 3551 3593 3622 τῆς
3620 3551 3795 3622 ἀμόρ-

2218 3671 2320 3724 φου
2372 3652 2629 3722 γυναικὸς
2677 3650 2840 3722 ὲρῶν,
2885 3648 2982 3702 ὲάν
3027 3649 3126 3719 μὲν
3159 3645 3421 3717 διηνεκῶς
3461 3644 3787 3714 συγγίνηται

2220 3748 2380 3819 αὐτῇ,
2420 3747 2655 3801 ἀνάπτει
2678 3743 2776 3816 τὴν
2817 3742 3066 3813 κάμινον,
3117 3740 3213 3794 ἐὰν
3259 3738 3315 3792 δὲ
3358 3736 3551 3809 μικρὸν
3592 3735 3801 3790 έαυτδνι

2219 3838 2524 3907 ἀποστήσῃ,
2570 3832 2712 3888 κατά
2752 3832 2946 3904 μικρὸν
2991 3829 3248 3902 ὑπορρέει
3284 3828 3346 3881 τὸ
3390 3826 3592 3891 πάθος’
3644 3824 3803 3879 οὕτω

2220 3933 2315 3986 καὶ
2350 3930 2414 3984 σὺ
2452 3927 2645 4001 μικρὸν
2671 3924 2958 3996 ἁπόστηθι,
2987 3923 3171 3992 ὀλίγον
3186 3921 3353 3985 ἔνδος,
3382 3920 3474 3973 καὶ
3502 3920 3562 3973 τὸ
3592 3917 3803 3990 μικρὸν·

2220 4022 2371 4076 ἔσται
2409 4019 2543 4075 πολὺ
2570 4018 2865 4088 διάστημα.
2900 4015 3075 4070 Μόνον
3106 4014 3265 4086 ἄρξαι
3303 4010 3397 4065 τοῦ
3430 4009 3788 4081 κατορθώμα-

2220 4132 2331 4179 τος.
2355 4114 2542 4184 Ἔχεις
2583 4110 2761 4164 οίκίαν
2794 4107 3085 4180 περιττήν;
3130 4104 3375 4168 Ἀπόδου,
3416 4103 3508 4156 καί
3543 4102 3632 4165 δὸς
3676 4102 3791 4164 τοῖς

2220 4206 2516 4277 δεομένοις,
2551 4202 2624 4274 μὴ
2655 4203 2832 4255 έκεῖνο
2863 4198 3228 4268 λογιζόμενος,
3255 4197 3337 4250 ’ότι
3369 4194 3667 4265 ἀλλοτριοῖς
3695 4210 3794 4245 σου

2225 4299 2413 4368 αὐτὴν,
2447 4294 2561 4349 ἀλλ’
2609 4294 2691 4347 ὅτι
2741 4290 2940 4363 μᾶλλον
2979 4290 3216 4368 οἰκειοίς.
3267 4286 3360 4359 Μὴ
3408 4286 3468 4340 τὸ
3505 4286 3791 4355 ἀνάλωμα.

2225 4365 2361 4444 ἀλλά
2388 4389 2488 4459 τὴν
2533 4385 2792 4457 πρόσοδον
2818 4383 3038 4437 σκόπει·
3079 4365 3164 4452 ’μὴ
3192 4380 3274 4433 ὅτι
3313 4379 3586 4448 ἀποστερῇ
3618 4376 3793 4447 αὐτῆς

2226 4480 2482 4540 ἐνταῦθα,
2520 4477 2636 4532 ἀλλ’
2660 4479 2742 4531 δτι
2772 4475 2960 4547 κύριος
2989 4473 3162 4544 αὐτῆς
3191 4473 3306 4527 ἐκεῖ
3341 4471 3488 4542 γίνῃ.
3517 4469 3673 4524 Οῦτω
3699 4470 3795 4523 καὶ

2226 4570 2527 4642 διηγεῖσθαι
2546 4567 2617 4622 τά
2640 4567 2916 4639 θαυμάσια
2944 4565 3038 4620 τοῦ
3066 4563 3214 4618 Θεοῦ·
3226 4563 3425 4634 δυνήσῃ
3458 4561 3544 4615 διά
3570 4560 3791 4624 παντός.

2227 4663 2397 4718 Τοῦτο
2424 4662 2532 4734 γὰρ
2571 4658 2632 4726 ἐξ
2661 4660 2833 4732 ἀρχῆς
2864 4661 2892 4713 ὁ
2923 4657 3135 4729 ψαλμδς
3182 4656 3348 4725 λέγει.
3384 4655 3472 4718 Ὡς
3508 4655 3600 4723 ὅγε
3648 4652 3797 4723 φιλο-

2227 4755 2507 4827 χρήματος
2535 4754 2595 4807 οὐ
2619 4753 2821 4824 σφόδρα
2845 4750 3018 4822 τούτῳ
3043 4748 3394 4820 ἐνδιατρίϐειν
3420 4746 3641 4801 δύναται
3661 4762 3674 4777 ο
3707 4745 3796 4799 διὰ

2229 4847 2432 4910 παντὸς
2458 4847 2566 4918 γὰρ
2585 4847 2776 4907 τόκους
2811 4844 3067 4917 μεριμνᾷ,
3095 4839 3533 4912 συναλλάγματα,
3558 4854 3798 4908 συγγρα-

2229 4939 2355 5008 φὰς,
2387 4937 2542 5003 ὥνια,
2598 4938 2882 5008 διαθήκας.
2936 4935 3098 5006 τιμὰς
3142 4930 3346 5003 ἀγρῶν,
3396 4930 3561 5002 τιμάς
3608 4929 3796 4990 οἴκων,

2227 5029 2417 5102 κέρδη,
2446 5026 2769 5099 καπηλείας,
2798 5025 2894 5079 καὶ
2916 5023 3267 5095 διηγούμενος
3296 5020 3387 5075 καὶ
3413 5018 3710 5090 φροντίζων
3731 5017 3794 5070 οὐ

2230 5118 2677 5175 παύεται.⁹’οπου
2722 5117 2779 5170 δὲ
2814 5119 2843 5171 0
2875 5115 3146 5186 θησαυρὸς
3183 5112 3275 5167 τοῦ
3330 5110 3637 5184 ἀνθρώπου,
3679 5111 3809 5163 ἐκεῖ

2228 5216 2323 5270 καὶ
2355 5217 2389 5285 ή
2417 5213 2612 5284 καρδία
2656 5210 2840 5263 αὐτοῦ.
2871 5208 3056 5262 Ταῦτα
3087 5207 3397 5276 φθέγγεται,
3428 5203 3602 5257 ταῦτα
3641 5219 3797 5273 μερι-

2232 5309 2340 5379 μνᾷ
2359 5323 2372 5335 ·
2412 5304 2507 5358 καὶ
2539 5303 2790 5372 καθάπερ
2818 5302 2867 5355 οἰ
2898 5300 3104 5355 οἰκέται
3128 5300 3198 5353 τά
3222 5299 3328 5353 τῶν
3351 5294 3622 5350 δεσποτῶν
3644 5312 3805 5367 μερι-

2235 5401 2460 5473 μνῶσιν,
2504 5397 2648 5452 οὕτω
2675 5396 2771 5449 καί
2804 5390 2955 5458 οὗτος
2984 5393 3050 5447 τά
3092 5392 3185 5445 τοῦ
3212 5390 3481 5444 Δεσπότου
3519 5386 3792 5460 μεριμνᾷ·

2228 5494 2281 5547 τί
2315 5489 2579 5556 ὲπέταξε;
2627 5488 2679 5541 τί
2702 5489 2954 5559 ἦνυσταις
2994 5485 3052 5539 τί
3076 5483 3289 5538 οὐδέπω
3320 5483 3565 5553 ἦνυσται,
3612 5478 3800 5549 μέλλει

2228 5587 2319 5650 δέ;
2358 5584 2457 5638 Διά
2484 5583 2549 5654 δὴ
2576 5580 2735 5634 τοῦτο
2764 5577 3033 5649 παραινῶ,
3073 5576 3173 5645 τῆς
3224 5573 3542 5644 πολιορκίας
3577 5569 3803 5640 ἐκείνης

2227 5675 2608 5745 ἀπαλλαγέντα
2633 5673 2840 5735 τούτοις
2863 5668 3215 5740 ἐνδιατρίϐειν
3243 5668 3354 5730 τοῖς
3374 5664 3694 5737 διηγήμασι,
3725 5656 3805 5718 τὰ.

2298 5845 2326 5875 ⁸
2352 5843 2407 5895 In
2438 5840 2575 5894 Golb.
2595 5837 2703 5895 τοὺς
2721 5835 3124 5900 ἀπεστερημένους
3144 5832 3306 5883 deest.
