4140 6356
386 418 480 474 {Si

385 531 562 586 dicere
585 568 601 594 ,
649 526 869 596 Magnus
910 520 1090 590 Deus?
1129 522 1287 593 Atqui
1315 523 1414 576 hoc
1442 531 1522 577 est
1545 538 1760 592 parvum
1783 563 1796 586 ,
1824 522 1867 576 si
1897 521 1965 576 de

386 622 496 676 Deo
542 620 786 682 dicatur;
835 630 1083 686 magnum
1125 617 1305 679 enim,
1357 615 1695 686 quantumvis
1743 615 1811 667 sit
1857 627 1974 667 ma-

383 727 576 780 gnum,
622 720 704 765 est
747 708 950 763 finitum
991 726 1004 761 :
1048 709 1140 763 sed
1182 708 1321 762 Deus
1364 715 1445 762 est
1484 706 1738 760 infinitus.
1773 705 1838 759 Et
1866 704 1967 758 hoc

383 802 543 857 etiam
582 817 802 873 parvum
833 809 947 867 est,
977 798 1021 854 si
1065 799 1132 854 de
1161 799 1270 854 Deo
1295 799 1519 852 dicatur.
1553 798 1703 866 Quod
1729 797 1868 852 enim
1900 797 1964 850 ﬁ-

384 910 505 948 nem
531 909 634 948 non
666 893 890 957 habeat,
924 891 1033 946 scio
1062 907 1076 944 :
1108 890 1202 946 sed
1224 890 1348 961 quid
1379 890 1484 957 sit,
1509 899 1599 944 aut
1629 889 1716 943 ubi
1742 889 1838 953 sit,
1873 903 1967 942 ne-

383 988 515 1040 scio.
565 986 631 1038 Et
668 986 712 1039 si
757 985 1048 1054 sapientem
1071 1026 1086 1051 ,
1118 993 1171 1038 et
1200 985 1244 1038 si
1275 982 1470 1036 bonum
1511 983 1741 1048 dixeris,
1775 991 1828 1036 et
1854 981 1968 1036 hare

383 1079 588 1133 inﬁnita
611 1120 625 1142 ,
659 1076 794 1133 nihil
819 1077 884 1131 dc
912 1077 998 1131 illa
1025 1076 1321 1131 substantia
1351 1074 1527 1129 dixisti
1560 1089 1652 1143 pro
1680 1073 1963 1145 dignitate,

382 1173 478 1229 sed
507 1175 674 1230 verbo
700 1175 888 1229 adesse
916 1181 1125 1243 oportet
1154 1187 1368 1227 sensum
1393 1171 1500 1225 Deo
1522 1170 1751 1239 dignum.
1774 1168 1830 1225 Si
1853 1168 1966 1222 hmo

380 1281 511 1338 ergo
553 1267 687 1322 adeo
728 1282 916 1337 magna
965 1267 1268 1337 dignitatem
1311 1279 1415 1346 nqn
1452 1262 1739 1318 ostendunt
1779 1280 1791 1314 :
1837 1275 1966 1331 quo-

381 1360 546 1415 modo
583 1361 734 1415 venia
779 1359 924 1429 digiti
971 1358 1198 1422 fuerint,
1230 1357 1316 1428 qui
1344 1356 1459 1410 hinc
1483 1369 1693 1426 quoque
1718 1355 1966 1408 mutilare

381 1451 688 1506 conantur?
732 1450 1017 1520 Fugiamus
1058 1464 1187 1519 ergo
1229 1462 1412 1503 eorum
1441 1446 1804 1502 conventicula
1829 1446 1843 1475 ¹
1870 1485 1883 1508 ,
1913 1454 1968 1498 et

381 1558 505 1598 cum
554 1541 896 1598 didicerimus
941 1539 1205 1610 Unigeniti
1247 1547 1369 1593 ante
1413 1536 1604 1593 saecula
1639 1537 1920 1590 essentiam
1947 1576 1962 1600 ,

381 1635 598 1692 creandi
622 1635 962 1700 facultatem,
992 1633 1305 1690 auctoritate
1331 1631 1603 1702 prteditam
1629 1637 1964 1697 potestatem,

382 1741 484 1782 nec
526 1726 684 1780 ullam
707 1725 822 1795 ejus
849 1739 969 1780 esse
993 1739 1022 1778 a
1051 1724 1204 1777 Patre
1230 1721 1586 1776 diversitatem
1606 1761 1620 1785 ,
1655 1719 1966 1774 oeconomim

382 1815 784 1881 demissionem,
815 1814 1161 1884 multiplicem
1185 1813 1300 1881 ejus
1325 1811 1375 1866 in
1399 1824 1495 1865 nos
1515 1825 1656 1865 curae
1679 1809 1966 1879 providen-

384 1907 511 1961 tiam
556 1905 695 1975 (brec
742 1906 883 1961 enim
913 1903 1092 1959 omnia
1123 1911 1176 1958 et
1201 1903 1286 1957 bis
1313 1902 1493 1972 plura,
1533 1901 1842 1964 theSaurus,
1874 1899 1963 1969 qui

383 1998 441 2052 in
485 1997 698 2054 Psalmo
745 1996 878 2050 situs
905 2003 1025 2060 est,
1061 2009 1155 2050 eos
1184 1993 1337 2048 docet
1364 1993 1452 2063 qui
1482 1991 1763 2061 diligenter
1791 1999 1964 2044 atten-

382 2088 572 2158 dunt),
615 2087 860 2157 dogmata
891 2095 1076 2141 exacte
1101 2085 1496 2148 custodiamus,
1526 2093 1581 2138 et
1609 2081 1968 2160 conversatio-

381 2196 508 2236 nem
534 2181 598 2234 iis
625 2180 834 2249 dignam
862 2178 1206 2232 ostendamus
1224 2218 1238 2244 ,
1273 2186 1328 2230 ut
1349 2175 1484 2230 bona
1509 2175 1683 2228 futura
1710 2187 1967 2243 assequa-

383 2289 506 2328 mur
555 2291 567 2325 :
616 2273 806 2342 quibus
850 2287 948 2326 nos
977 2270 1162 2341 dignos
1194 2283 1312 2324 esse
1339 2267 1661 2324 concedatur
1685 2307 1698 2331 ,
1725 2266 1890 2336 gratia
1915 2274 1968 2318 et

385 2365 708 2435 benignitate
736 2363 943 2418 Domini
972 2361 1140 2416 nostri
1169 2360 1294 2416 Jesu
1321 2358 1555 2424 Christi,
1583 2373 1704 2413 cum
1732 2371 1836 2427 quo
1863 2357 1965 2410 Pa-

385 2459 452 2512 tri
480 2473 585 2512 una
609 2471 730 2511 cum
758 2464 942 2511 sancto
963 2455 1160 2524 Spiritu
1182 2495 1196 2520 ,
1229 2451 1400 2506 honor
1418 2459 1473 2506 et
1495 2450 1660 2522 gloria
1693 2450 1744 2503 in
1773 2449 1970 2503 saecula

383 2550 723 2604 surculorum.
753 2549 944 2602 Amen.

659 2703 1022 2760 EXPOSITIO
1051 2703 1120 2760 IN
1147 2702 1464 2760 PSALMUM
1495 2701 1566 2757 ιχ
1595 2700 1689 2773 (α).

386 2844 438 2898 Ι.
480 2841 546 2896 1η
584 2842 736 2912 ﬁnem
778 2857 870 2912 pro
904 2841 1112 2895 occultis
1137 2841 1268 2908 ﬁlii,
1302 2838 1539 2892 Psalmus
1564 2837 1746 2892 David.
1781 2835 1967 2904 Alius,

458 2933 785 3001 Triumphale
821 2948 912 3002 pro
952 2941 1110 2986 morte
1146 2931 1242 3000 ﬁlii
1283 2931 1532 2983 canticum
1566 2927 1748 2983 David.
1782 2927 1928 2982 Alius
1949 2969 1964 2993 ,

454 3024 739 3080 Juventutis
757 3024 872 3094 filii.

383 3141 439 3201 2.
475 3138 762 3206 Conﬁtebor
790 3137 910 3199 tibi,
936 3134 1180 3198 Domine,
1213 3135 1264 3187 in
1291 3143 1390 3186 toto
1414 3133 1563 3186 corde
1582 3147 1718 3194 meo,
1752 3130 1967 3184 narrabo

455 3231 624 3286 omnia
651 3229 901 3283 mirabilia
926 3237 1032 3282 tua.

456 3369 507 3421 l.
531 3364 792 3437 Confessio
812 3363 1018 3432 duplex.
1042 3362 1244 3429 Quanta
1265 3377 1343 3414 res
1358 3361 1422 3414 sit
1441 3359 1630 3432 gratias
1652 3375 1801 3430 agere
1818 3361 1966 3415 etiam

382 3476 475 3530 pro
493 3456 1026 3526 adversis.—Longus
1045 3463 1127 3510 est
1155 3453 1240 3508 hic
1261 3454 1521 3508 Psalmus.
1545 3453 1655 3506 Hoc
1681 3461 1856 3507 autem
1885 3461 1968 3507 est

379 3554 540 3606 etiam
567 3550 841 3620 sapientiae
860 3547 1107 3618 Spiritus.
1122 3547 1303 3616 Neque
1330 3546 1469 3600 enim
1494 3544 1617 3600 fecit
1641 3559 1824 3599 omnes
1841 3544 1964 3598 bre-

383 3659 498 3709 ves,
525 3656 699 3712 neque
719 3653 906 3708 omnes
936 3637 1062 3693 fecit
1088 3638 1340 3708 prolixos,
1369 3635 1464 3692 sed
1497 3635 1769 3706 multiplici
1809 3650 1964 3688 men-

381 3749 507 3789 sura
529 3733 670 3790 hunc
690 3733 882 3787 librum
909 3731 1158 3797 variavit,
1191 3729 1515 3801 longitudine
1541 3729 1751 3799 quidem
1780 3743 1966 3782 socor-

381 3827 526 3880 diam
541 3825 781 3880 excitans
796 3865 810 3889 ,
834 3823 1093 3878 brevitate
1114 3831 1289 3878 autem
1317 3823 1498 3878 levans
1526 3821 1781 3877 laborem.
1796 3820 1969 3888 Conﬁ-

381 3919 520 3972 tebor
548 3917 671 3982 tibi,
699 3915 948 3982 Domine,
995 3916 1048 3969 in
1079 3924 1180 3969 toto
1206 3915 1357 3969 corde
1381 3930 1491 3969 meo
1511 3957 1525 3978 ,
1553 3913 1769 3968 narrabo
1800 3913 1970 3967 omnia

383 4009 639 4063 mirabilia
683 4019 790 4061 tua.
827 4007 1029 4077 Duplex
1058 4016 1134 4062 est
1172 4023 1339 4079 genus
1366 4007 1739 4063 confessionis.
1763 4007 1860 4062 Vel
1885 4015 1968 4063 est

383 4101 527 4155 enim
573 4100 908 4171 propriorum
953 4108 1289 4172 peccatorum
1327 4100 1736 4168 condemnatio,
1782 4102 1864 4156 vel
1913 4100 1966 4154 in

386 4192 557 4247 Deum
593 4192 878 4262 gratiarum
917 4190 1076 4245 actio.
1120 4191 1218 4246 Hic
1249 4192 1462 4262 quidem
1489 4193 1752 4262 signiﬁcat
1777 4193 1971 4262 gratia-

383 4300 506 4338 rum
555 4285 842 4340 actionem.
882 4283 1019 4350 Quid
1059 4293 1142 4339 est
1179 4295 1355 4342 autem
1376 4323 1391 4351 ,
1421 4284 1487 4339 In
1514 4295 1615 4339 toto
1640 4286 1789 4340 corde
1811 4301 1920 4339 meo
1946 4287 1971 4340 ?

385 4376 522 4430 Cum
552 4377 698 4430 omni
727 4376 1000 4431 alacritate
1027 4376 1226 4443 animi,
1257 4391 1376 4432 cum
1403 4377 1606 4442 studio,
1633 4378 1822 4447 inquit.
1852 4377 1969 4432 Non

384 4483 488 4539 pro
514 4484 692 4523 rerum
718 4483 972 4538 prOSpero
997 4483 1246 4524 successu
1270 4511 1286 4536 ,
1309 4470 1402 4525 sed
1429 4472 1588 4526 etiam
1611 4480 1825 4542 propter
1844 4486 1971 4526 con-

387 4559 574 4614 traria.
625 4558 738 4614 lloc
779 4559 918 4614 enim
950 4568 1032 4614 est
1068 4560 1298 4615 maxime
1340 4560 1477 4630 grati
1518 4563 1721 4626 animi,
1755 4561 1855 4616 hoc
1881 4578 1968 4618 sa-

387 4651 603 4721 pientia:
640 4649 900 4715 studiosi,
948 4651 999 4705 in
1044 4651 1202 4706 rebus
1235 4652 1394 4706 etiam
1423 4658 1627 4724 asperis
1653 4664 1708 4710 et
1731 4654 1970 4711 adversis

387 4744 589 4814 gratias
639 4758 832 4814 agere,
879 4759 978 4813 pro
1021 4744 1268 4801 omnibus
1313 4745 1483 4816 gloria
1525 4745 1695 4802 Deum
1720 4747 1968 4814 afﬁcere,

390 4850 499 4890 non
539 4835 714 4890 solum
757 4849 854 4905 pro
896 4835 1169 4891 beneficiis
1195 4879 1211 4903 ,
1251 4835 1345 4892 sed
1368 4837 1527 4892 etiam
1551 4853 1650 4908 pro
1675 4840 1966 4910 suppliciis.

393 4926 508 4982 Hoc
547 4927 692 4982 enim
718 4925 976 4997 majorem
1012 4927 1312 4983 mercedem
1342 4929 1608 4984 conciliat.
1642 4930 1770 4985 Nam
1799 4932 1850 4986 in
1877 4931 1972 4987 bo-

391 5019 477 5073 nis
495 5017 708 5088 quidem
733 5019 932 5089 gratias
956 5034 1138 5089 agens,
1164 5020 1439 5076 reddidisti
1469 5022 1705 5077 debitum
1741 5043 1754 5079 :
1781 5026 1832 5079 in
1855 5042 1971 5081 ma-

454 5112 470 5142 ί
498 5107 843 5186 Ἰξιῴςιςξῃρεη
867 5110 1009 5186 apud.
1037 5110 1273 5186 Sat-ilium
1300 5149 1314 5172 ,
1360 5116 1670 5186 syllogismos
1715 5120 1975 5186 (συλλογι-

389 5171 582 5233 σμούς).
611 5171 782 5241 Lectio
811 5171 1062 5241 Barbcrini
1091 5171 1327 5241 praestare
1364 5171 1533 5241 statim
1578 5171 1794 5232 videtur.
1831 5171 1973 5235 Atl'a-

387 5246 527 5295 meng
548 5239 809 5282 conventus
853 5237 1064 5293 retinui,
1092 5237 1209 5295 quia
1243 5241 1294 5286 in
1320 5240 1516 5290 caeteris
1539 5243 1767 5292 omnibus
1799 5258 1970 5294 exem-

391 5293 744 5369 ptaribugest,
786 5297 986 5369 eluqnia
1027 5293 1188 5358 aptius
1225 5296 1439 5361 dicitur,
1479 5302 1650 5369 fugere
1693 5293 1970 5366 conventus,

387 5353 555 5417 Quam,
579 5353 748 5417 fugere
769 5353 1093 5411 sullo'qismos.

455 5416 529 5478 (a)
564 5423 614 5466 In
633 5416 765 5478 hunc
800 5418 1034 5467 Psalmum
1055 5421 1159 5469 solo
1181 5423 1256 5469 usi
1297 5434 1464 5472 sumus
1503 5424 1674 5475 Codice
1697 5427 1974 5477 Colbertino

395 5475 470 5526 to.
498 5475 609 5528 rost
646 5477 909 5528 lectionem
938 5486 1065 5539 LXX,
1098 5494 1210 5543 qua:
1240 5495 1354 5532 mox
1393 5485 1613 5547 sequitur
1649 5495 1728 5552 est
1767 5475 1974 5552 syiim'.

390 5559 500 5619 chi;
532 5558 689 5610 altera
734 5560 926 5623 Aquilae.
973 5563 1205 5614 Hebraica
1235 5565 1306 5614 sic
1343 5546 1571 5629 leguntur
1719 5546 1968 5638 hil-3'53.

390 5648 617 5726 qua:
630 5649 702 5726 de.
716 5657 865 5726 morte
887 5649 1107 5726 ﬁlii,al_ii,
1119 5657 1426 5726 praeeuntis
1443 5658 1560 5719 lilii,
1584 5648 1680 5726 alii,
1706 5676 1794 5724 pro
1804 5663 1977 5726 juven-

392 5710 722 5783 uttgﬁliialii,
735 5713 798 5761 de
807 5711 981 5783 ﬂon'da
996 5710 1137 5783 (etate
1158 5715 1265 5783 ﬁlii,
1286 5710 1498 5770 vertunt.
1511 5710 1974 5781 ltebraiz'antesnon-

396 5772 515 5842 nulli
536 5785 680 5834 supra
723 5772 1004 5844 memoratis
1038 5772 1288 5844 Hebraicis
1310 5784 1475 5844 verbis
1496 5792 1578 5834 aut
1602 5772 1973 5844 ἰόεὶῖιὰὶῇξῆὦῆ

393 5836 630 5885 musicum
655 5843 736 5886 aut
759 5835 1016 5889 cantilenae
1039 5851 1197 5902 genus
1215 5843 1476 5906 signiﬁcari
1505 5835 1690 5910 putant.

1539 405 1895 466 ΕΧΡΟΞΠΊΟ
1932 405 1999 461 lN
2038 408 2358 467 PSALMUM
2397 413 2487 468 lx.

3550 425 3660 483 1ξῖ

2079 522 2145 578 lis
2171 535 2369 590 autem,
2390 528 2554 583 Deum
2583 531 2898 587 constituisti
2924 533 3238 591 debitorem.
3270 537 3368 608 Qui
3395 541 3534 594 enim
3557 541 3654 598 be-

2076 616 2267 671 neﬁcio
2307 619 2525 674 affectus
2549 630 2662 686 est,
2692 632 2746 678 et
2770 628 2878 694 agit
2904 628 3099 696 gratias
3123 671 3137 695 ,
3165 628 3341 685 reddit
3369 629 3602 686 debitum
3635 652 3647 686 :

2075 708 2164 778 qui
2207 718 2380 763 autem
2422 711 2559 766 male
2583 712 2802 770 affectus
2830 726 2948 784 est,
2981 727 3034 774 et
3062 720 3224 788 gloria
3255 721 3458 790 afﬁcit,
3493 725 3535 780 is
3558 725 3652 780 dc-

2074 799 2240 856 bitum
2282 803 2526 872 acquirit.
2558 803 2660 859 Pro
2691 806 2776 860 illa
2804 809 3092 876 gratiarum
3122 811 3330 867 actione
3359 815 3519 868 multa
3549 816 3653 870 alia

2076 893 2211 949 bona
2254 895 2392 950 Deus
2434 905 2485 951 et
2518 905 2640 952 tunc
2669 906 2722 952 et
2749 913 2890 955 nunc
2920 901 3092 955 reddit
3123 918 3136 967 ;
3165 918 3326 972 quare
3357 920 3454 960 nec
3482 906 3654 960 malo-

2074 1003 2188 1040 rum
2217 988 2431 1058 quidem
2459 1003 2647 1045 sensus
2675 991 2738 1045 ad
2771 1006 2868 1046 nos
2893 995 3190 1062 perveniet.
3219 995 3386 1052 Nemo
3415 999 3553 1052 enim
3584 998 3652 1055 de

2076 1079 2140 1134 iis
2166 1081 2351 1137 dolore
2376 1082 2634 1149 afﬁcitur,
2667 1101 2760 1154 pro
2785 1085 2974 1155 quibus
3002 1086 3108 1143 Deo
3131 1089 3236 1159 agit
3263 1091 3458 1159 gratias
3484 1110 3496 1144 :
3521 1107 3652 1162 quo-

2073 1173 2211 1227 circa
2245 1173 2385 1228 aliud
2412 1189 2621 1245 quoque
2663 1174 2786 1231 hinc
2813 1177 3200 1234 lucrifaciemus
3227 1221 3242 1247 ,
3271 1196 3468 1252 nempe
3493 1185 3649 1252 aegri-

2075 1266 2307 1322 tudinem
2353 1267 2515 1322 animi
2556 1269 2916 1324 discutiemus.
2967 1271 3187 1340 Quando
3235 1273 3374 1326 enim
3418 1276 3652 1342 privatus

2073 1358 2236 1414 fueris
2285 1361 2564 1430 pecuniis,
2611 1371 2665 1415 et
2708 1363 2904 1432 gratias
2949 1365 3152 1434 egeris,
3202 1381 3307 1419 non
3354 1374 3554 1421 tantum
3603 1379 3655 1422 te

2075 1451 2319 1516 mordere
2345 1462 2519 1521 potest
2546 1453 2793 1507 damnum
2821 1496 2833 1518 ,
2861 1466 3113 1525 quantum
3143 1457 3320 1512 laetitia
3351 1458 3514 1512 afﬁcit
3532 1475 3654 1528 gra-

2073 1542 2262 1597 tiarum
2303 1545 2461 1599 actio.
2507 1544 2617 1602 Hoc
2661 1547 2869 1603 diabolo
2899 1550 3054 1604 letale
3077 1551 3265 1604 vulnus
3295 1551 3480 1624 inﬂigit
3509 1570 3522 1606 :
3556 1554 3655 1607 hoc

2074 1633 2246 1689 reddit
2288 1637 2517 1691 animam
2563 1639 2737 1693 studio
2774 1641 3046 1710 sapientia:
3082 1643 3356 1712 prarditam
3401 1661 3414 1698 :
3449 1644 3549 1698 hoc
3589 1645 3655 1700 de

2073 1725 2234 1780 rebus
2282 1728 2632 1795 praesentibus
2668 1745 2850 1786 verum
2894 1733 3469 1804 comparatjudicium.
3499 1735 3650 1790 Multi

2071 1820 2213 1872 enim
2241 1818 2484 1874 homines
2511 1836 2615 1875 non
2645 1821 2841 1879 habent
2869 1838 3046 1878 veram
3076 1824 3142 1879 de
3171 1825 3251 1879 bis
3277 1842 3398 1896 qua:
3423 1825 3510 1882 hic
3528 1838 3655 1882 sunt

2073 1913 2429 1978 sententiam,
2475 1925 2529 1968 et
2577 1916 2697 1971 ideo
2739 1927 3022 1987 anguntur.
3053 1919 3122 1973 lta
3151 1923 3309 1974 etiam
3331 1921 3419 1991 qui
3453 1922 3656 1976 insani-

2074 2013 2197 2069 unt,
2230 2020 2288 2060 ea
2319 2020 2460 2075 saepe
2486 2008 2899 2078 pertimescunt,
2930 2026 3050 2081 qua:
3081 2026 3188 2066 non
3215 2022 3339 2066 sunt
3365 2013 3614 2068 terribilia
3637 2056 3652 2080 ,

2072 2105 2126 2149 et
2155 2111 2297 2166 saepe
2325 2097 2608 2153 formidant
2637 2114 2697 2154 ea
2726 2116 2845 2170 quae
2873 2118 2976 2156 non
3005 2102 3332 2170 subsistunt,
3361 2113 3413 2159 et
3437 2105 3655 2159 umbras

2073 2188 2293 2259 fugiunt.
2331 2191 2422 2246 llis
2445 2201 2566 2246 sunt
2589 2192 2791 2248 similes
2820 2193 2853 2246 ii
2884 2195 2972 2264 qui
2995 2193 3245 2249 damnum
3278 2197 3514 2266 pecuniae
3535 2212 3654 2252 me-

2074 2289 2251 2335 tuunt.

2145 2372 2310 2427 Metus
2350 2391 2448 2426 non
2493 2384 2686 2428 natura:
2729 2385 2835 2440 est,
2882 2377 2969 2429 sed
3008 2376 3295 2432 voluntatis.
3321 2408 3388 2418 ——
3419 2377 3537 2431 Non
3571 2386 3654 2432 est

2071 2467 2214 2520 enim
2259 2477 2460 2521 natura:
2494 2478 2702 2535 metus,
2749 2469 2842 2524 sed
2874 2469 3058 2524 libera:
3086 2470 3392 2525 voluntatis.
3426 2470 3482 2525 Si
3512 2471 3653 2527 enim

2072 2567 2214 2612 esset
2257 2573 2342 2612 res
2368 2557 2614 2616 molesta,
2631 2569 2899 2628 oporteret
2924 2576 3110 2615 omnes
3134 2560 3318 2616 dolere
3344 2562 3430 2631 qui
3462 2562 3650 2630 privati

2072 2662 2196 2706 sunt
2217 2655 2266 2718 ³;
2293 2651 2336 2706 si
2359 2659 2532 2706 autem
2554 2666 2658 2706 non
2681 2667 2867 2708 omnes
2883 2653 2969 2724 qui
2991 2653 3055 2708 iis
3083 2654 3368 2724 privamur,
3383 2652 3649 2719 dolemus,

2071 2761 2178 2800 non
2207 2754 2290 2800 est
2317 2744 2419 2802 hoc
2445 2747 2624 2816 utique
2652 2746 2728 2800 rei
2758 2753 2960 2800 naturae
2979 2786 2996 2812 ,
3027 2745 3120 2801 sed
3149 2745 3440 2816 imperfecti
3465 2744 3649 2801 animi.

2071 2837 2526 2906 Quemadmodum
2555 2837 2695 2892 enim
2716 2837 2768 2892 in
2798 2836 3030 2892 tenebris
3054 2851 3196 2905 saepe
3223 2836 3340 2906 quis
3363 2835 3448 2890 vel
3469 2835 3649 2891 funem

2071 2932 2258 2999 timet,
2303 2945 2604 3001 serpentem
2635 2945 2756 2986 esse
2783 2941 2960 2997 ratus,
2994 2938 3047 2985 et
3074 2931 3250 2985 omnia
3281 2929 3438 2984 habet
3467 2933 3654 2998 suSpe-L

2069 3031 2156 3077 cta
2175 3063 2190 3086 ,
2229 3030 2284 3076 et
2320 3022 2520 3077 amicos
2546 3021 2725 3076 hostes
2754 3035 2874 3076 esse
2902 3020 3167 3075 existimat
3197 3038 3209 3074 :
3238 3020 3309 3072 ita
3338 3021 3494 3073 etiam
3520 3035 3654 3089 quo-

2070 3129 2187 3169 rum
2213 3114 2348 3168 ratio
2368 3112 2568 3180 deﬁcit,
2592 3120 2859 3181 tamquam
2881 3110 3153 3180 profundis
3175 3110 3488 3182 quibusdam
3510 3112 3649 3181 capti

2073 3205 2304 3260 tenebris
2328 3247 2343 3271 ,
2388 3219 2566 3260 rerum
2607 3213 2847 3258 naturam
2891 3219 2995 3257 non
3027 3211 3387 3272 cognoscunt,
3417 3201 3513 3258 sed
3541 3202 3655 3257 vol-

2071 3308 2267 3353 vuntur
2305 3298 2359 3352 in
2385 3297 2532 3364 luto,
2564 3312 2663 3352 nec
2688 3294 2889 3353 faenum
2921 3296 3226 3351 existimant
3251 3310 3371 3351 esse
3398 3295 3599 3351 ftenum
3635 3311 3648 3351 :

2071 3401 2125 3448 et
2154 3391 2293 3460 pleni
2321 3390 2540 3446 avaritia
2561 3431 2576 3456 ,
2611 3398 2803 3444 tetrum
2827 3388 3050 3444 odorem
3078 3403 3182 3442 non
3206 3390 3441 3443 sentiunt
3470 3406 3480 3439 :
3505 3387 3648 3457 quod

2071 3489 2114 3540 si
2161 3484 2296 3538 forte
2335 3483 2689 3549 recesserint,
2721 3490 2846 3536 tunc
2871 3481 3062 3539 scient.
3092 3479 3161 3534 Et
3185 3481 3322 3534 sicut
3350 3479 3438 3550 qui
3469 3480 3647 3533 defor-

2071 3577 2172 3630 mis
2210 3573 2448 3630 mulieris
2484 3588 2667 3629 amore
2707 3574 2845 3645 capti
2889 3581 3045 3640 sunt,
3091 3581 3372 3642 postquam
3405 3586 3436 3625 a
3464 3570 3652 3625 morbo

2071 3665 2472 3733 convaluerint,
2518 3673 2643 3720 tunc
2685 3665 2859 3719 sciunt
2905 3663 3296 3718 deformitatem
3339 3678 3351 3715 :
3393 3663 3464 3717 ita
3490 3661 3651 3716 etiam

2070 3759 2160 3830 qui
2205 3767 2454 3814 tenentur
2489 3772 2672 3813 amore
2707 3757 2966 3828 pecuniae.
3009 3755 3077 3810 Et
3103 3756 3370 3826 quomodo
3395 3797 3410 3824 ,
3443 3756 3648 3825 inquit,

2071 3862 2260 3924 potero
2297 3867 2510 3908 cessare
2551 3853 2618 3908 ab
2640 3851 2860 3907 amore?
2891 3852 3020 3908 Utar
3045 3867 3229 3905 rursus
3255 3849 3440 3905 eodem
3468 3863 3651 3904 exem-

2073 3949 2180 4018 plo.
2224 3945 2682 4023 Quemadmodum
2728 3946 2817 4015 qui
2841 3945 3134 4001 deformem
3165 3954 3310 3999 amat
3333 3945 3608 3999 mulierem
3635 3987 3651 4011 ,

2073 4045 2116 4098 si
2157 4042 2370 4097 assidue
2406 4056 2527 4096 cum
2570 4055 2631 4094 ea
2671 4039 2865 4096 habeat
2902 4038 3339 4094 consuetudinem
3362 4078 3377 4105 ,
3409 4038 3657 4092 accendit

2074 4137 2338 4192 fornacem
2371 4153 2385 4188 :
2413 4135 2493 4190 sin
2515 4144 2691 4189 autem
2715 4148 2898 4203 parum
2925 4132 3156 4203 seipsum
3187 4131 3499 4201 sejunxerit,
3527 4147 3656 4201 pau-

2074 4219 2220 4284 latim
2259 4226 2429 4283 efﬁuit
2464 4227 2673 4282 affectio
2703 4246 2716 4281 :
2745 4228 2814 4282 ita
2842 4225 3000 4280 etiam
3031 4235 3084 4279 tu
3114 4240 3397 4295 parumper
3426 4225 3616 4281 secede
3636 4265 3652 4290 ,

2073 4321 2338 4390 paululum
2380 4319 2613 4374 concede
2636 4360 2652 4386 ,
2693 4329 2746 4374 et
2784 4334 3002 4388 parvum
3033 4317 3162 4372 illud
3191 4318 3290 4373 erit
3317 4317 3542 4372 multum
3571 4317 3663 4374 ino.

2075 4413 2373 4468 tervallum.
2404 4411 2582 4482 incipe
2612 4421 2811 4466 tantum
2839 4418 2982 4466 recte
3007 4411 3201 4467 facere.
3235 4411 3414 4470 Habes
3438 4411 3655 4465 domum

2074 4502 2441 4572 superfluam?
2467 4501 2650 4557 Vende
2674 4542 2689 4567 ,
2733 4510 2788 4556 et
2818 4500 2887 4556 da
2913 4501 2979 4557 iis
2998 4501 3088 4570 qui
3116 4501 3351 4572 indigent
3373 4542 3390 4570 ,
3417 4517 3522 4556 non
3554 4501 3657 4559 hoc

2077 4606 2328 4667 reputans
2349 4638 2364 4662 ,
2405 4606 2457 4652 te
2497 4611 2615 4651 eam
2637 4597 2881 4652 amittere
2899 4636 2916 4661 ,
2944 4595 3040 4653 sed
3069 4595 3163 4652 tibi
3192 4596 3359 4667 magis
3389 4597 3655 4666 propriam

2075 4691 2309 4747 efﬁcere.
2357 4690 2471 4744 Non
2511 4700 2780 4759 sumptum
2826 4691 3104 4746 considera
3129 4731 3150 4756 ,
3188 4689 3287 4745 sed.
3326 4689 3660 4744 emolumen-

2078 4793 2187 4837 tum
2211 4824 2226 4850 ,
2273 4797 2380 4836 non
2410 4781 2550 4852 quod
2595 4797 2656 4837 ea
2699 4781 2783 4836 hic
2820 4781 3046 4853 privaris
3067 4822 3082 4848 ,
3113 4781 3208 4837 sed
3237 4782 3378 4852 quod
3406 4782 3521 4851 ejus
3551 4782 3659 4837 illic

2077 4874 2323 4930 dominus
2359 4873 2608 4929 efhccris.
2643 4873 2716 4929 ita
2744 4874 2903 4930 etiam
2931 4882 3186 4944 perpetuo
3215 4874 3414 4944 poteris
3441 4888 3658 4929 narrare

2079 4969 2170 5025 Dei
2197 4969 2469 5025 miracula.
2503 4968 2615 5026 Hoc
2643 4971 2784 5024 enim
2813 4968 2942 5025 dicit
2967 4968 3209 5024 Psalmus
3232 4969 3300 5024 ab
3327 4968 3497 5024 initio.
3525 4967 3654 5022 Nam

2077 5065 2164 5133 qui
2194 5072 2402 5120 tenetur
2426 5077 2610 5117 amore
2631 5065 2868 5133 pecuniae
2889 5105 2905 5130 ,
2930 5078 3038 5120 non
3069 5063 3219 5119 valde
3242 5073 3416 5134 potest
3440 5064 3490 5117 in
3519 5080 3580 5118 ea
3604 5080 3661 5118 re

2077 5157 2278 5212 versari
2305 5175 2318 5211 :
2344 5171 2465 5212 nam
2494 5167 2748 5226 perpetuo
2765 5157 3055 5214 meditatur
3080 5173 3287 5222 usuras,
3316 5167 3620 5213 contractus
3643 5197 3660 5221 ,

2077 5252 2407 5323 syngraphas
2440 5291 2454 5314 ,
2495 5250 2737 5318 venalia,
2782 5260 3134 5316 teStamenta,
3184 5266 3432 5322 agrorum
3476 5250 3665 5304 domo—

2078 5359 2303 5413 rumque
2332 5346 2500 5414 pretia
2525 5385 2539 5409 ,
2569 5345 2712 5399 lucra
2734 5386 2749 5411 ,
2783 5359 3052 5414 cauponas
3070 5385 3086 5412 ,
3115 5353 3171 5400 et
3198 5359 3416 5398 narrare
3437 5357 3499 5396 ac
3517 5343 3663 5412 0οεί-

2080 5447 2191 5492 tare
2235 5453 2341 5493 non
2382 5449 2577 5494 cessat.
2628 5439 2726 5495 Ubi
2765 5449 2847 5494 est
2877 5449 3054 5495 autem
3087 5439 3366 5494 thesaurus
3393 5437 3656 5506 hominis,

2081 5530 2186 5584 illic
2207 5539 2289 5584 est
2313 5532 2472 5585 etiam
2501 5547 2595 5586 cor
2621 5533 2735 5600 ejus
2767 5531 2977 5604 (Matth.
3001 5531 3055 5586 6.
3083 5532 3197 5602 21).
3230 5531 3356 5585 llaec
3385 5531 3618 5600 loquitur
3646 5571 3662 5596 ,

2082 5622 2196 5678 haec
2232 5624 2547 5692 meditatur,
2591 5636 2643 5680 et
2668 5625 3110 5696 quemadmodum
3137 5626 3274 5680 servi
3303 5640 3364 5681 ea
3391 5641 3510 5696 qua.-
3539 5634 3666 5680 sunt

2147 5800 2162 5831 ί
2198 5797 2418 5864 tn_coib.,
2444 5801 2526 5862 qui
2568 5802 2745 5862 privati
2774 5810 2898 5862 διατι,
2931 5804 3090 5854 deest.
3128 5803 3219 5854 Sed
3242 5804 3365 5854 banc
3406 5803 3667 5860 lectionem
3695 5862 3697 5864 η

2092 5861 2219 5911 bene
2242 5861 2430 5912 habere
2455 5861 2584 5925 puto.
