4140 6356
463 360 568 416 ΙΞΒ

458 475 796 530 dominorum
835 468 1188 528 meditantur,
1223 467 1296 519 ita
1321 465 1408 520 hic
1433 463 1592 519 etiam
1623 478 1685 516 ea
1713 461 2000 516 meditatur
2022 499 2038 522 ,

459 579 582 634 qua:
618 573 742 617 sunt
783 558 990 614 Domini
1022 571 1037 614 :
1069 557 1207 622 Quid
1230 554 1432 625 jussit?
1456 553 1582 625 quid
1611 553 1899 623 perfectum
1925 551 2046 606 est?

461 653 589 721 quid
637 652 870 707 nondum
912 648 1200 720 perfectum
1239 657 1354 708 est,
1394 645 1488 701 sed
1518 654 1601 702 est
1627 642 2047 714 perﬁciendum?

463 745 722 814 Quocirca
750 753 802 798 te
829 741 1085 796 adhortor
1103 783 1117 806 ,
1141 751 1196 794 ut
1220 739 1287 793 ab
1315 739 1400 793 illa
1428 737 1740 792 obsessione
1769 736 2044 798 liberatus,

461 833 698 890 verseris
722 834 778 888 in
807 833 890 887 his
920 831 1312 888 narrationibus
1337 871 1352 896 ,
1394 822 1620 884 narrans
1660 828 1754 883 Dei
1793 828 2047 882 miracula

461 943 581 997 qua:
611 927 746 980 ﬁunt
768 924 1005 997 quotidie
1028 966 1044 990 ,
1075 939 1194 994 qua:
1215 923 1457 992 privatim
1479 964 1494 988 ,
1525 937 1644 993 qua:
1673 922 2045 986 communiter,

460 1035 580 1090 qua:
610 1019 664 1073 in
691 1032 896 1084 omnes,
925 1032 1042 1089 qua:
1073 1017 1124 1070 in
1148 1029 1596 1085 unumquemque.
1621 1013 1784 1069 Plena
1805 1022 1886 1068 est
1907 1013 2048 1069 enim

461 1111 568 1165 vita
590 1110 676 1166 his
705 1108 1136 1174 narrationibus;
1167 1118 1223 1162 et
1247 1107 1616 1176 undecumque
1643 1106 1906 1174 inceperis
1925 1146 1940 1171 ,
1972 1105 2051 1159 vi-

461 1203 615 1262 debis
661 1201 986 1258 luculentum
1030 1213 1280 1254 emanare
1306 1197 1620 1268 prommium
1642 1239 1656 1263 ,
1689 1197 1800 1251 sive
1825 1211 1856 1251 a
1883 1195 2046 1261 caelo,

463 1297 577 1351 sive
595 1311 626 1350 a
653 1303 793 1350 terra
818 1335 834 1358 ,
864 1295 976 1348 sive
1003 1294 1071 1348 ab
1091 1307 1216 1348 aere
1235 1333 1249 1357 ,
1281 1293 1392 1346 sive
1412 1306 1441 1344 a
1472 1290 1641 1345 brutis
1660 1331 1676 1357 ,
1704 1289 1817 1345 sive
1837 1305 1867 1342 a
1892 1289 2054 1344 semi-

465 1389 656 1456 nibus,
699 1388 813 1442 sive
853 1403 882 1440 a
913 1386 1107 1457 plantis
1132 1396 1187 1440 et
1215 1385 1528 1450 arboribus;
1561 1386 1602 1438 si
1637 1383 1767 1439 velis
1792 1383 1931 1437 dona
1955 1398 2052 1437 an-

467 1481 610 1550 tiqua
687 1495 1006 1543 recensere,
1055 1479 1100 1534 si
1143 1493 1264 1549 quae
1306 1477 1476 1547 legem
1519 1484 1956 1540 antecesserunt,
2007 1475 2052 1530 si

465 1587 584 1643 quze
627 1572 840 1627 luerunt
878 1572 930 1626 in
970 1572 1086 1640 lege
1109 1611 1124 1634 ,
1174 1571 1219 1624 si
1247 1585 1365 1640 qua:
1394 1575 1518 1623 sunt
1547 1567 1599 1621 in
1627 1566 1792 1637 gratia
1817 1608 1832 1632 ,
1865 1566 1908 1620 si
1934 1581 2052 1636 quae

465 1671 587 1731 post
622 1677 907 1722 excessum
947 1677 1012 1716 ex
1047 1661 1153 1714 vita
1179 1701 1194 1724 ,
1225 1661 1270 1714 si
1300 1674 1417 1729 qua:
1445 1657 1497 1712 in
1525 1657 1638 1727 ipsa
1667 1665 1871 1723 morte,
1902 1657 2052 1710 inve-

465 1756 583 1810 nies
633 1755 951 1810 immensum
1004 1753 1220 1824 pelagus
1271 1750 1655 1806 narrationum.
1705 1748 1926 1814 Quanta:
1969 1757 2053 1802 est

464 1863 593 1916 ergo
616 1847 858 1903 stultitia:
876 1888 893 1914 ,η
925 1860 1045 1900 cum
1074 1853 1153 1898 tot
1177 1843 1378 1899 narrari
1409 1842 1615 1912 possint
1645 1857 1739 1910 per
1763 1857 1879 1912 quae
1906 1840 2056 1894 volu-

469 1954 587 2010 ptas
607 1983 620 2004 ,
650 1941 853 1996 lucrum
881 1947 936 1994 et
963 1937 1164 1993 utilitas
1192 1935 1398 2006 possint
1425 1935 1614 1988 animae
1643 1931 1918 1997 accedere,
1945 1932 2055 1986 luto

469 2033 727 2086 rationem
763 2030 1038 2101 inquinare
1059 2070 1073 2094 ,
1103 2028 1168 2082 de
1189 2026 1410 2083 avaritia
1431 2034 1486 2078 et
1505 2025 1688 2094 rapina
1711 2032 2013 2077 narrantem
2039 2023 2052 2076 ε

543 2126 598 2179 2.
650 2124 841 2184 Rerum
869 2123 1178 2176 naturalith
1204 2119 1493 2184 descriptio.
1527 2148 1595 2156 —
1619 2115 1772 2194 Quod
1799 2117 1844 2170 si
1873 2115 2004 2169 velis
2033 2156 2050 2180 ,

468 2217 712 2285 supernis
735 2215 954 2280 relictis,
987 2213 1054 2269 de
1085 2222 1222 2267 terra
1245 2211 1592 2274 disseramus,
1621 2209 1688 2263 de
1709 2207 1826 2278 ejus
1852 2207 2058 2276 magni-

470 2307 678 2374 tudine,
707 2307 992 2376 positione,
1025 2320 1142 2369 ttsu,
1171 2311 1380 2368 natura,
1429 2301 1643 2355 assiduo
1682 2307 1833 2368 partu
1853 2339 1868 2362 ,
1899 2297 2058 2353 rebus

469 2398 633 2451 variis
657 2407 710 2452 et
737 2396 963 2454 diversis
994 2411 1112 2466 qua:
1153 2411 1220 2449 ex
1267 2409 1330 2450 ea
1378 2394 1686 2464 gignuntur,
1719 2391 2014 2446 seminibus
2037 2432 2054 2457 ,

471 2491 672 2557 herbis,
705 2491 919 2560 plantis,
953 2489 1195 2556 ﬂoribus,
1231 2487 1414 2558 pratis,
1446 2485 1638 2544 hortis.
1669 2485 1754 2540 Ab
1776 2485 1858 2540 his
1873 2499 2057 2539 rursus

471 2587 678 2640 arboris
697 2585 1113 2654 uniuscujusque
1137 2583 1362 2654 ﬁguram
1390 2581 1597 2636 ratione
1621 2578 1938 2643 dividamus,
1964 2593 2060 2648 po.

472 2679 742 2742 sitionem,
770 2675 1126 2740 altitudinem,
1149 2673 1344 2728 bonum
1369 2671 1611 2739 odorem,
1636 2670 1886 2734 fructum,
1920 2679 2057 2724 tem-

475 2784 606 2840 pus,
656 2769 1040 2833 ministerium,
1086 2765 1190 2820 alia
1236 2765 1414 2820 omnia
1451 2772 1632 2819 mente
1679 2763 2055 2828 revolventes,

475 2841 749 2934 ipsamque
773 2869 965 2914 terram
1017 2871 1111 2910 seu
1157 2855 1424 2919 feracem,
1476 2869 1570 2910 seu
1617 2853 1901 2908 sterilem:
1944 2854 2058 2922 ejus

472 2953 616 3007 enim
659 2951 790 3005 nihil
832 2960 911 3005 est
941 2949 1146 3004 inutile.
1193 2949 1400 3004 Etenim
1432 2955 1547 3004 ιιωο
1583 2947 1796 3018 quidem
1827 2946 2056 3010 ferrum,

475 3044 566 3098 illa
593 3059 722 3099 vero
751 3058 863 3105 tes;
894 3041 1006 3096 haec
1045 3056 1264 3105 aurum,
1309 3039 1398 3095 illa
1443 3039 1562 3094 tulit
1606 3048 1916 3109 argentum;
1947 3037 2061 3092 hzec

476 3144 736 3198 aromata,
766 3133 855 3188 illa
887 3113 1425 3188 vero'medicamenta
1453 3130 1599 3185 varia
1629 3140 1681 3184 ct
1701 3128 1875 3184 omnis
1899 3144 2062 3198 gene-

479 3229 572 3288 ris.
593 3226 728 3297 Quid
745 3228 932 3281 attinet
947 3225 1124 3280 dicere
1138 3224 1416 3278 utilitatem
1431 3237 1708 3292 aquarum,
1725 3220 2058 3290 potabilium,

479 3318 762 3380 salsarum.
819 3333 969 3371 usum
1017 3316 1298 3381 montium,
1339 3315 1552 3369 metalla
1597 3313 1866 3368 variorum
1918 3327 2062 3366 mar-

481 3427 712 3476 morum,
747 3409 920 3462 fontes
965 3409 1054 3479 qni
1085 3418 1208 3462 sunt
1235 3408 1286 3462 in
1313 3407 1461 3476 ipsis,
1509 3407 1730 3461 arbores
1773 3421 1892 3476 quae
1941 3413 2066 3459 sunt

403 3541 405 3543 ι
481 3513 620 3570 apta:
645 3501 710 3554 ad
743 3509 878 3554 lecta
901 3510 955 3554 et
994 3499 1256 3554 :editicia?
1299 3498 1424 3552 Haec
1465 3497 1646 3552 omnia
1689 3505 1817 3552 sunt
1863 3498 2063 3551 fructus

480 3593 809 3658 solitudinis;
841 3593 954 3647 haec
981 3603 1035 3648 et
1061 3592 1307 3647 animalia
1333 3600 1388 3646 et
1410 3606 1595 3646 omnes
1623 3590 1762 3646 feras
1785 3590 1896 3644 alit.
1934 3589 2064 3644 Nam

483 3687 611 3758 quid
639 3688 828 3744 attinet
846 3686 1026 3742 dicere
1052 3685 1218 3750 lacus,
1247 3683 1441 3750 fontes,
1468 3683 1689 3738 ﬂuvios?
1711 3682 2065 3750 Quemadmo-

481 3783 608 3831 dum
634 3777 776 3846 enim
799 3777 1047 3831 mulieres
1067 3791 1185 3847 qua:
1206 3784 1544 3846 pepererunt,
1563 3775 1760 3830 fontem
1783 3775 1934 3830 lactis
1955 3790 2067 3845 pro-

481 3867 786 3937 fundentes,
809 3867 946 3922 natis
976 3867 1212 3936 praebent
1235 3867 1546 3930 alimentum
1576 3883 1589 3919 :
1618 3866 1689 3920 ita
1723 3865 1882 3920 etiam
1917 3876 2057 3919 terra

486 3959 654 4026 hortis
693 3967 746 4016 et
775 3958 1034 4024 viridariis
1077 3957 1266 4010 ﬂuvios
1294 3966 1347 4012 et
1373 3956 1546 4012 fontes
1587 3966 1853 4027 tamquam
1895 3972 2066 4010 mam-

488 4067 604 4106 mas
647 4052 943 4121 porrigens,
976 4064 1038 4109 ea
1064 4047 1263 4102 aﬂ'atim
1312 4048 1512 4118 irrigat.
1543 4047 1650 4103 Sed
1675 4047 1728 4101 in
1757 4046 2068 4102 mulieribus

484 4142 697 4212 quidem
727 4150 938 4210 oportet
965 4139 1220 4194 infantem
1241 4137 1306 4194 ad
1329 4155 1612 4192 mammam
1629 4139 1920 4196 accedere:
1952 4137 2068 4193 hare

485 4243 662 4303 autem
684 4233 795 4303 ipsa
821 4231 1059 4303 extendit
1093 4233 1277 4300 ubera,
1309 4232 1542 4302 undique
1568 4248 1630 4289 ea
1656 4246 1720 4287 ex
1747 4232 1854 4287 alto
1879 4231 2070 4288 demit-

488 4335 625 4381 tens.
720 4315 727 4322 ’

560 4414 864 4472 Solitudinis
891 4430 1188 4469 encomtum.
1210 4445 1281 4453 -—
1314 4413 1410 4469 Est
1436 4415 1595 4469 etiam
1627 4415 1760 4469 alius
1785 4430 1909 4470 usus
1937 4415 2070 4470 soli-

491 4505 711 4560 tudinis.
741 4505 840 4577 Est
863 4509 1022 4561 etiam
1067 4508 1239 4578 aptior
1283 4508 1350 4562 ad
1393 4507 1674 4563 sanitatem
1718 4508 1979 4577 corporis,
2011 4517 2070 4563 ut

489 4612 609 4666 qua:
650 4597 852 4666 prwbet
897 4598 1162 4667 puriorem
1204 4599 1573 4669 respirandum
1616 4613 1818 4666 aerem,
1862 4611 1916 4655 et
1953 4601 2072 4655 uni-

487 4705 700 4744 versum
729 4691 910 4747 orbem
934 4700 1089 4750 terra:
1114 4707 1180 4746 ex
1206 4692 1313 4746 alto
1351 4692 1907 4763 circumspiciendum,
1939 4702 1993 4750 et
2018 4695 2071 4748 in

490 4783 779 4848 solitudine
805 4783 1150 4852 philosophia:
1170 4783 1508 4850 exercitium,
1531 4793 1585 4837 et
1599 4800 1628 4836 a
1646 4784 1766 4839 vita:
1787 4785 1928 4840 curis
1961 4795 2074 4839 tan-.

493 4875 658 4930 tillam
675 4876 1098 4944 respirationem.
1117 4875 1254 4948 Quid
1267 4891 1399 4945 opus
1416 4885 1496 4930 est
1511 4891 1934 4933 commemorare
1949 4892 2075 4931 aves

489 4981 610 5036 qua:
633 4975 848 5029 canunt,
867 4976 920 5020 et
943 4966 1270 5033 animalium,
1293 4983 1412 5037 qua:
1439 4975 1631 5030 venatu
1658 4968 1962 5038 capiuntur,
1990 4969 2073 5030 vi-

493 5057 830 5112 tam?llabet
864 5058 1022 5112 etiam
1065 5058 1230 5113 alium
1276 5073 1429 5112 usum
1475 5058 1726 5114 solitudo.
1757 5060 1910 5129 Sarpe
1931 5061 2075 5115 enim

495 5148 710 5217 prrediis
735 5163 1004 5208 murorum
1053 5149 1224 5202 vicem
1253 5147 1512 5217 praebuit,
1539 5149 1738 5204 habens
1790 5159 1998 5204 montes
2023 5151 2074 5203 in

493 5241 661 5294 altum
702 5249 931 5300 erectos,
982 5239 1284 5308 voragines,
1307 5250 1362 5294 et
1398 5240 1708 5309 pratcipitia.
1751 5241 1890 5310 Quid
1933 5243 2081 5314 enim

492 5330 692 5385 dixeris
719 5331 786 5388 de
816 5329 994 5383 herbis
1019 5345 1139 5399 qua:
1167 5330 1220 5383 in
1253 5329 1382 5400 ipsis
1427 5342 1734 5398 nascuntur,
1768 5349 1885 5400 qua:
1926 5333 2077 5386 labo-

493 5423 732 5478 rantibus
755 5421 1066 5491 corporibus
1092 5438 1334 5494 magnam
1361 5439 1516 5492 opem
1543 5423 1799 5477 aﬂ‘erunt?
1813 5424 1865 5478 Si
1902 5434 2077 5479 autem

494 5515 830 5571 desertorum
857 5524 912 5569 et
939 5516 1198 5569 montium
1246 5524 1422 5570 tantus
1443 5524 1525 5569 est
1553 5530 1704 5577 usus,
1739 5525 1988 5587 tantaque
2011 5533 2080 5572 ex

496 5609 576 5663 eis
604 5608 864 5663 bonorum
890 5616 975 5663 est
1014 5607 1169 5678 copia
1201 5625 1216 5662 :
1247 5608 1290 5662 si
1323 5609 1388 5661 ad
1419 5617 1616 5662 terram
1659 5609 1867 5664 veneris
1905 5609 2079 5664 arabi-

495 5698 624 5765 lem,
653 5709 708 5754 et
735 5701 953 5769 supinos
998 5715 1237 5769 campos,
1282 5699 1561 5754 considera
1605 5711 1832 5770 quantos
1876 5701 2080 5757 videbis

498 5789 672 5854 iantes
717 5793 1100 5848 narrationum.
1143 5792 1290 5849 Sicut
1334 5793 1476 5847 enim
1521 5791 1576 5847 in
1622 5801 1806 5850 nostro
1851 5809 2077 5865 corpore

1166 355 1222 410 S.
1263 349 1539 408 JOANNIS
1575 345 2050 406 CllRYSOSTOMl
2089 345 2408 403 ARCHIEP.
2448 347 2982 407 (ΖΟΝΞΤΑΝΤΙΝΟΡ.

3631 360 3734 417 124

2156 455 2270 512 hac
2299 457 2512 527 quidem
2540 469 2665 514 sunt
2687 476 2830 528 ossa,
2849 462 2938 516 illa
2964 477 3090 516 vero
3117 463 3401 520 nervimlia
3427 476 3602 520 autem
3621 484 3737 524 ear-

2152 563 2248 604 nes
2278 566 2291 603 :
2323 551 2394 604 ita
2423 551 2581 606 etiam
2610 553 2663 607 in
2685 561 2847 620 terra,
2865 554 2965 608 alia
2990 554 3201 624 quidem
3229 567 3354 611 sunt
3377 567 3606 623 montes,
3635 561 3736 616 alia

2152 639 2456 710 voragines,
2484 642 2588 696 alia
2612 643 2820 714 pinguia
2858 645 3058 714 prmdia
3085 664 3104 702 ς
3129 655 3253 701 sunt
3278 647 3393 702 haec
3420 659 3599 703 autem
3618 667 3737 705 om-

2154 729 2241 782 nia
2268 730 2434 786 utilia.
2466 731 2570 786 Sed
2599 733 2722 802 quid
2752 733 2871 788 dico
2897 745 3112 802 terram,
3134 752 3253 806 quae
3282 745 3488 792 tantum
3515 747 3598 793 est
3622 740 3736 794 ele-

2155 826 2435 879 mentum?
2455 825 2508 881 Si
2527 827 2682 881 unius
2705 827 2911 882 arboris
2931 829 3062 883 velis
3089 829 3267 884 dicere
3292 829 3536 900 ﬁguram,
3562 846 3735 896 usum,

2155 916 2406 984 fructum,
2442 917 2584 981 folia,
2624 930 2850 992 tempus,
2875 921 2976 976 alia
3022 923 3218 987 omnia,
3248 938 3494 994 magnam
3538 923 3738 979 videbis

2155 1011 2404 1065 narrandi
2453 1013 2768 1079 materiam;
2812 1014 2937 1068 item
2975 1015 3019 1069 si
3057 1016 3316 1070 montium
3358 1017 3539 1082 situm,
3567 1018 3610 1071 si
3638 1016 3740 1070 alia

2156 1102 2335 1157 omnia
2365 1121 2378 1157 :
2409 1104 2454 1158 si
2483 1114 2659 1160 autem
2691 1105 2832 1160 hunc
2861 1107 3031 1176 ipsum
3061 1106 3330 1162 hominem
3357 1109 3596 1164 oratione
3623 1125 3738 1180 per-

2157 1193 2418 1262 sequaris,
2447 1203 2502 1248 et
2524 1195 2690 1264 ipsius
2717 1198 2958 1266 corporis
2984 1196 3376 1263 formationem,
3406 1199 3532 1253 hinc
3559 1216 3740 1255 rursus

2159 1284 2399 1342 invenies
2429 1287 2744 1342 immensum
2776 1290 2991 1360 pelagus
3012 1293 3396 1347 narrationum.
3424 1292 3482 1346 In
3508 1294 3586 1348 his
3614 1311 3742 1364 ergo

2157 1393 2452 1445 versemur,
2475 1380 2598 1436 hinc
2637 1383 2740 1438 erit
2770 1383 2924 1438 nobis
2968 1385 3209 1454 voluptas
3240 1387 3490 1450 maxima,
3518 1387 3639 1441 hinc
3661 1387 3744 1440 lu-

2158 1485 2342 1534 crum,
2389 1471 2514 1526 hinc
2565 1473 2844 1529 ineﬂabilis
2885 1475 3237 1545 philosophia.
3289 1476 3402 1544 Qua
3450 1477 3516 1531 de
3541 1493 3599 1532 re
3644 1478 3744 1533 hoc

2157 1560 2485 1631 signiﬁcans,
2530 1564 2801 1634 subjunxit
2831 1608 2845 1634 ,
2875 1568 2931 1628 5,
2966 1567 3197 1622 Laztabor
3221 1579 3266 1625 et
3307 1570 3564 1624 exsultabo
3597 1570 3740 1625 inte.

2159 1653 2309 1707 Alius
2342 1671 2355 1708 :
2385 1653 2451 1708 Et
2478 1656 2704 1725 gaudebo
2730 1657 2830 1727 (a).
2854 1657 3087 1714 Psallam
3115 1661 3308 1714 nomini
3331 1671 3437 1727 tuo,
3469 1661 3741 1716 Altissime.

2160 1743 2329 1811 Alius,
2365 1745 2556 1800 Canam
2606 1765 2787 1803 nomen
2829 1760 2989 1804 tuum.
3016 1750 3130 1805 Non
3161 1762 3242 1806 est
3273 1751 3373 1807 hoc
3400 1768 3620 1823 parvum
3645 1770 3742 1824 ge-

2160 1851 2262 1890 nus
2305 1835 2676 1907 pliiloSOphizr,
2711 1839 2879 1895 laetari
2908 1842 2959 1895 in
2988 1841 3116 1896 Deo.
3145 1841 3250 1910 Qui
3273 1843 3412 1898 enim
3451 1845 3505 1898 in
3537 1844 3664 1910 Deo,
3689 1855 3746 1900 ut

2162 1936 2395 1996 oportet,
2425 1927 2653 1992 laetatur,
2680 1945 2892 1986 omnem
2922 1933 3229 1987 saecularem
3257 1935 3481 2004 expellit
3500 1937 3749 2006 voluptas

2163 2027 2286 2073 tem.
2318 2019 2454 2086 Quid
2497 2029 2580 2074 est
2603 2032 2803 2089 autem,
2835 2021 3069 2078 Lwlabor
3094 2025 3145 2079 in
3178 2027 3262 2080 te?
3289 2028 3422 2081 Cum
3452 2028 3630 2094 talem,
3661 2031 3745 2082 in-

2161 2111 2293 2180 quit,
2322 2110 2549 2169 habeam
2594 2114 2896 2181 Dominum,
2931 2115 3031 2171 hoc
3060 2126 3142 2173 est
3181 2117 3314 2173 mihi
3353 2120 3617 2189 voluptas,
3645 2120 3748 2186 hoc

2161 2214 2244 2258 est
2271 2204 2575 2258 exsultatio.
2617 2205 2671 2261 Si
2694 2206 2814 2276 quis
2854 2207 2989 2264 hanc
3015 2210 3160 2264 novit
3190 2211 3260 2275 ita
3291 2219 3349 2264 ut
3380 2226 3538 2266 nosse
3583 2228 3746 2282 Opor-

2164 2302 2259 2358 tet,
2289 2310 2394 2350 non
2419 2297 2582 2351 sentit
2619 2297 2780 2352 aliam
2814 2299 3157 2369 voluptatem.
3189 2301 3302 2358 lloc
3331 2303 3474 2358 enim
3501 2313 3584 2358 est
3625 2320 3748 2373 pro-

2163 2389 2278 2459 prie
2315 2390 2594 2461 voluptas:
2623 2392 2726 2448 alia
2769 2408 2899 2448 vero
2925 2395 3102 2449 omnia
3151 2395 3262 2450 sola
3290 2405 3416 2452 sunt
3457 2397 3746 2467 voluptatis

2162 2485 2399 2551 nomina,
2431 2499 2492 2540 re
2513 2485 2626 2554 ipsa
2666 2485 2918 2541 destituta
2937 2487 2976 2541 ¹.
3006 2487 3129 2543 Haec
3150 2489 3432 2546 sublimem
3475 2489 3752 2554 hominem

2161 2575 2358 2642 efficit;
2399 2575 2514 2632 haec
2557 2575 2788 2630 animam
2833 2577 3078 2646 liberata
3109 2593 3364 2650 corpore;
3408 2581 3522 2636 lure
3561 2581 3748 2656 el‘licit,

2162 2676 2222 2722 ut
2244 2667 2310 2722 ad
2331 2667 2519 2721 cadum
2557 2668 2788 2738 aspirct;
2819 2667 2935 2723 haac
2982 2671 3228 2738 terrenis,
3260 2680 3314 2726 et
3339 2671 3402 2726 iis
3433 2688 3550 2742 qua:
3579 2673 3642 2726 ad
3670 2674 3747 2727 vi-

2162 2767 2308 2815 ctum
2335 2758 2604 2828 pertinent
2633 2759 2875 2816 altiorem
2915 2761 3222 2827 constituit;
3255 2761 3368 2816 haec
3394 2779 3423 2815 a
3452 2764 3593 2820 vitiis
3614 2765 3747 2820 libe-

2162 2859 2245 2906 rat
2277 2870 2291 2906 :
2313 2861 2367 2907 et
2395 2853 2609 2907 merito.
2623 2851 2680 2908 Si
2705 2854 2846 2909 enim
2864 2855 2955 2924 qui
2978 2855 3195 2919 pulchra
3213 2870 3277 2910 ac
3292 2857 3545 2927 praeclara
3569 2869 3751 2914 amant

2162 2959 2408 3014 corpora,
2424 2944 2553 3007 nihil
2575 2959 2758 3002 eorum
2775 2945 3164 3018 sentiunt,_qute
3178 2946 3246 3002 ad
3275 2949 3435 3003 vitam
3462 2950 3746 3018 pertinent,

2164 3037 2258 3092 sed
2287 3037 2339 3092 in
2372 3053 2477 3093 uno
2504 3038 2621 3092 solo
2643 3038 2830 3094 amicae
2855 3051 3075 3109 aspectu
3111 3051 3396 3097 versantur
3427 3059 3442 3096 :
3469 3043 3558 3112 qui
3583 3043 3748 3097 Deum

2165 3139 2309 3184 amat
2334 3139 2393 3185 ut
2415 3138 2647 3200 oportet,
2673 3129 2923 3201 quidnam
2948 3131 3200 3203 deinceps
3235 3133 3317 3188 vel
3343 3133 3468 3188 boni
3498 3133 3583 3189 vel
3623 3134 3752 3198 mali

2167 3222 2364 3276 sentiet
2403 3238 2610 3287 eorum,
2643 3238 2761 3292 qua:
2788 3230 2915 3276 sunt
2944 3223 2995 3277 in
3022 3223 3162 3278 vita?
3185 3223 3359 3290 Nihil;
3386 3224 3483 3280 sed
3506 3226 3608 3280 erit
3629 3240 3750 3279 om-

2169 3314 2324 3369 nibus
2353 3316 2616 3384 superior,
2646 3315 3030 3370 immortalium
3051 3317 3321 3387 voluptate
3346 3318 3611 3388 perfusus,
3629 3333 3751 3374 cum

2171 3406 2290 3461 talis
2313 3406 2383 3462 sit
2411 3408 2478 3473 is,
2507 3407 2595 3478 qui
2619 3408 2686 3464 ab
2703 3408 2780 3463 eis
2799 3417 3028 3462 amatur.
3045 3409 3148 3475 Qui
3167 3410 3310 3464 enim
3333 3421 3511 3466 amant
3528 3410 3756 3477 alia,vel

2168 3495 2320 3552 inviti
2361 3497 2468 3553 cito
2507 3497 2854 3554 traducuntur
2873 3499 2940 3554 ad
2968 3499 3312 3568 oblivionem,
3343 3517 3464 3557 cum
3489 3502 3754 3560 intereant

2169 3599 2225 3645 et
2246 3588 2560 3645 ﬂaccescant
2593 3606 2714 3660 qua:
2754 3602 3001 3646 amantur
3028 3609 3042 3645 :
3072 3591 3159 3646 hic
3203 3607 3356 3665 amor
3381 3603 3466 3648 est
3493 3594 3751 3662 inﬁnitus,

2171 3682 2260 3752 qui
2292 3698 2399 3736 non
2429 3691 2604 3752 potest
2629 3682 2898 3750 desinere,
2926 3685 3016 3752 qui
3045 3693 3101 3739 et
3126 3685 3382 3754 majorem
3405 3685 3566 3742 habet
3591 3687 3744 3740 volu-

2171 3783 2394 3845 ptatem,
2425 3784 2480 3830 et
2503 3776 2618 3844 plus
2644 3775 2777 3833 lucri
2807 3793 2819 3830 :
2849 3785 2903 3832 et
2927 3775 3032 3832 hoc
3069 3776 3186 3845 ipso
3211 3786 3477 3833 amantem
3524 3777 3752 3834 delectat

2171 3876 2227 3922 ct
2249 3877 2475 3933 recreat,
2498 3867 2639 3938 quod
2650 3884 2948 3938 numquam
2968 3869 3296 3924 dissolvitur.
3320 3869 3543 3924 Psallam
3565 3873 3754 3924 nomini

2173 3973 2282 4028 tuo,
2309 3962 2581 4017 Altissime.
2604 3962 2717 4017 Hoc
2741 3961 2878 4017 solet
2898 3961 3129 4017 maxime
3159 3961 3276 4017 ﬁeri
3304 3961 3374 4016 ab
3402 3971 3633 4016 amante.
3653 3962 3761 4030 Qui

2171 4055 2318 4109 enim
2361 4063 2563 4121 amant,
2594 4063 2794 4109 canunt
2821 4054 2874 4108 in
2900 4069 2993 4108 eos
3019 4068 3154 4124 quos
3175 4063 3358 4108 amant
3383 4055 3620 4120 cantica;
3653 4056 3754 4110 etsi

2173 4144 2293 4199 illos
2315 4159 2421 4198 non
2447 4145 2678 4211 videant,
2704 4159 2798 4214 per
2838 4144 3104 4200 canticum
3146 4143 3351 4213 seipsos
3388 4145 3754 4201 consolantur.

2174 4237 2249 4292 Ita
2273 4239 2434 4292 etiam
2472 4234 2598 4290 facit
2644 4235 2904 4306 pr0pheta
2932 4254 2944 4290 :
2972 4237 3223 4307 quoniam
3255 4237 3393 4292 Deus
3433 4236 3602 4291 videri
3646 4253 3754 4291 non

2176 4337 2370 4398 potest,
2397 4327 2524 4382 facit
2551 4327 2604 4382 in
2631 4328 2802 4396 ipsum
2850 4327 3076 4392 cantica,
3110 4343 3203 4396 per
3244 4338 3435 4381 cantus
3473 4343 3594 4383 cum
3640 4328 3764 4396 ipso

2174 4419 2546 4491 congrediens,
2587 4418 2910 4475 desiderium
2954 4418 3273 4485 accendens,
3313 4429 3364 4474 et
3393 4419 3566 4489 ipsum
3594 4434 3654 4474 se
3677 4419 3756 4473 vi-

2175 4513 2304 4569 dere
2328 4512 2640 4568 existimans
2667 4529 2680 4565 :
2705 4511 2785 4567 vel
2828 4511 3005 4582 potius
3042 4523 3200 4566 cantu
3231 4521 3285 4566 et
3312 4511 3522 4582 hymnis
3567 4512 3758 4573 multos

2175 4623 2296 4668 tum
2322 4605 2611 4662 inﬂammat
2649 4604 2992 4660 desiderium.
3020 4604 3472 4670 Quemadmodum
3503 4605 3644 4660 enim
3669 4606 3765 4674 qui

2177 4706 2378 4763 amant,
2398 4711 2585 4752 eorum
2609 4711 2742 4766 quos
2767 4703 2946 4750 amant
2971 4695 3243 4751 celebrant
3265 4695 3526 4757 eneomia,
3547 4703 3600 4750 et
3620 4695 3762 4762 ipso-

2179 4805 2298 4846 rum
2334 4789 2552 4846 nomina
2593 4787 3106 4851 circutnferuntzita
3149 4785 3235 4843 hic
3278 4787 3462 4855 etiam,
3505 4786 3758 4853 Psallam,

2183 4885 2373 4953 inquit,
2405 4883 2597 4938 nomini
2626 4893 2734 4947 tuo,
2765 4882 3034 4935 Altissimc.

2251 4977 2306 5042 5.
2341 4975 2472 5034 Vide
2491 4975 2759 5046 quomodo
2801 4973 3029 5043 seipsum
3049 4989 3082 5030 e
3108 4982 3247 5030 terra
3273 4975 3517 5039 erexerit,
3535 4983 3591 5029 et
3612 4989 3769 5045 suam.

2183 5079 2348 5125 totam
2371 5068 2439 5123 ad
2465 5068 2610 5129 illam
2655 5065 2939 5121 essentiam
2969 5065 3246 5130 extulerit,
3272 5065 3507 5134 seipsum
3536 5066 3646 5119 Deo
3669 5065 3762 5119 de-

2181 5163 2387 5217 dicans.
2412 5161 2480 5214 Et
2504 5158 2625 5214 ideo
2641 5166 2820 5212 versat
2846 5157 2962 5226 ejus
2990 5172 3180 5212 nomen
3197 5157 3438 5215 assidue:
3464 5157 3508 5214 is
3524 5167 3603 5213 est
3623 5158 3774 5233 enim

2185 5269 2302 5308 mos
2347 5251 2596 5305 amantis.
2622 5250 2675 5303 4.
2705 5249 2832 5306 Cum
2866 5264 3131 5302 conversus
3175 5249 3325 5318 fuerit
3362 5250 3598 5304 inimicus
3629 5265 3776 5316 meus

2184 5353 2482 5414 retrorsum,
2507 5340 2914 5408 inﬁrmabuntur,
2937 5349 2983 5392 el
3001 5341 3230 5410 peribunt
3268 5358 3301 5393 a
3315 5341 3450 5410 [acie
3475 5350 3580 5395 tua.
3595 5340 3764 5403 Alius,

2185 5434 2446 5491 Conversis
2467 5433 2682 5486 inimicis
2711 5431 2831 5486 meis
2856 5440 3014 5504 retro,
3040 5447 3099 5484 ac
3121 5432 3309 5486 collisis
3332 5442 3483 5501 atque
3504 5431 3711 5501 perditis
3736 5447 3769 5484 α

2251 5597 2267 5627 ι
2304 5603 2384 5645 ttae
2406 5604 2571 5652 voces,
2597 5607 2650 5644 re
2666 5593 2773 5657 ipsa
2793 5588 3038 5646 destituta,
3063 5587 3242 5637 desunt
3263 5587 3312 5636 in
3333 5584 3466 5636 Colb.

2247 5683 2318 5746 ut)
2363 5682 2478 5731 Haec
2521 5679 2692 5746 lectioA
2717 5681 2849 5746 (Gr:
2891 5677 3115 5746 'Anoc,_
3141 5679 3234 5727 Καὶ
3279 5676 3556 5746 χαυριάσῳ)
3607 5676 3766 5746 fertur

2184 5739 2376 5806 Aquilae
2408 5757 2520 5792 esse
2562 5746 2609 5791 in
2662 5741 2788 5793 Edit.
2820 5741 2994 5798 Savil.,
3027 5742 3133 5806 sed,
3165 5739 3448 5806 .\qtti|a_a_'et
3483 5739 3772 5802 Symmachi

2183 5804 2231 5857 in
2245 5802 2330 5858 ἨΘ
2341 5808 2496 5870 xaplis
2520 5805 2702 5854 nostris
2725 5821 2734 5854 :
2763 5817 2981 5867 sequens
3005 5810 3082 5852 est
3107 5802 3402 5863 Symmat-hi.
