  <div class='ocr_page' id='page_1' title='image "/cluster/home/n/w/nwhite01/storage/ocr_20150623/55/nnc1.0046980016/114.png"; bbox 0 0 4140 6356; ppageno 0'>
   <div class='ocr_carea' id='block_1_1' title="bbox 429 391 536 448">
    <p class='ocr_par' dir='ltr' id='par_1_1' title="bbox 429 391 536 448">
     <span class='ocr_line' id='line_1_1' title="bbox 429 391 536 448; baseline 0 0"><span class='ocrx_word' id='word_1_1' title='bbox 429 391 536 448; x_wconf 67' lang='grc'><strong>135</strong></span> 
     </span>
    </p>
   </div>
   <div class='ocr_carea' id='block_1_2' title="bbox 426 511 2001 584">
    <p class='ocr_par' dir='ltr' id='par_1_2' title="bbox 426 511 2001 584">
     <span class='ocr_line' id='line_1_2' title="bbox 426 511 2001 584; baseline 0.001 -18"><span class='ocrx_word' id='word_1_2' title='bbox 426 511 551 566; x_wconf 80' lang='grc' dir='ltr'><strong>καθ’</strong></span> <span class='ocrx_word' id='word_1_3' title='bbox 579 511 814 580; x_wconf 77' lang='grc' dir='ltr'><strong>ἑκάστην</strong></span> <span class='ocrx_word' id='word_1_4' title='bbox 841 512 1057 583; x_wconf 79' lang='grc' dir='ltr'><strong>ἡμέραν</strong></span> <span class='ocrx_word' id='word_1_5' title='bbox 1103 513 1361 583; x_wconf 84' lang='grc' dir='ltr'><strong>γινόμενα</strong></span> <span class='ocrx_word' id='word_1_6' title='bbox 1411 513 1690 584; x_wconf 87' lang='grc' dir='ltr'><strong>θαυμάσια</strong></span> <span class='ocrx_word' id='word_1_7' title='bbox 1727 515 1820 568; x_wconf 90' lang='grc' dir='ltr'><strong>τοῦ</strong></span> <span class='ocrx_word' id='word_1_8' title='bbox 1866 514 2001 568; x_wconf 91' lang='grc' dir='ltr'><strong>Θεοῦ</strong></span> 
     </span>
    </p>
   </div>
   <div class='ocr_carea' id='block_1_3' title="bbox 425 598 2003 672">
    <p class='ocr_par' dir='ltr' id='par_1_3' title="bbox 425 598 2003 672">
     <span class='ocr_line' id='line_1_3' title="bbox 425 598 2003 672; baseline 0.003 -20"><span class='ocrx_word' id='word_1_9' title='bbox 425 598 778 670; x_wconf 79' lang='grc' dir='ltr'><strong>διηγούμενον</strong></span> <span class='ocrx_word' id='word_1_10' title='bbox 798 638 813 663; x_wconf 96' lang='grc'><strong>,</strong></span> <span class='ocrx_word' id='word_1_11' title='bbox 846 598 916 652; x_wconf 80' lang='grc' dir='ltr'><strong>τὰ</strong></span> <span class='ocrx_word' id='word_1_12' title='bbox 950 599 1053 670; x_wconf 76' lang='grc' dir='ltr'><strong>ἰδίᾳ</strong></span> <span class='ocrx_word' id='word_1_13' title='bbox 1091 600 1185 653; x_wconf 62' lang='grc' dir='ltr'><strong>κα)⁸</strong></span> <span class='ocrx_word' id='word_1_14' title='bbox 1239 601 1307 653; x_wconf 79' lang='grc' dir='ltr'><strong>τὰ</strong></span> <span class='ocrx_word' id='word_1_15' title='bbox 1343 605 1496 672; x_wconf 83' lang='grc' dir='ltr'><strong>κοινῇ</strong></span> <span class='ocrx_word' id='word_1_16' title='bbox 1519 643 1532 666; x_wconf 93' lang='grc'><strong>,</strong></span> <span class='ocrx_word' id='word_1_17' title='bbox 1563 602 1632 656; x_wconf 83' lang='grc' dir='ltr'><strong>τὰ</strong></span> <span class='ocrx_word' id='word_1_18' title='bbox 1665 605 1744 665; x_wconf 83' lang='grc' dir='ltr'><strong>είς</strong></span> <span class='ocrx_word' id='word_1_19' title='bbox 1794 602 2003 668; x_wconf 85' lang='grc' dir='ltr'><strong>πάντας</strong></span> 
     </span>
    </p>
   </div>
   <div class='ocr_carea' id='block_1_4' title="bbox 428 686 2003 762">
    <p class='ocr_par' dir='ltr' id='par_1_4' title="bbox 428 686 2003 762">
     <span class='ocr_line' id='line_1_4' title="bbox 428 686 2003 762; baseline 0.003 -22"><span class='ocrx_word' id='word_1_20' title='bbox 428 687 523 740; x_wconf 77' lang='grc' dir='ltr'><strong>καὶ</strong></span> <span class='ocrx_word' id='word_1_21' title='bbox 542 687 609 739; x_wconf 75' lang='grc' dir='ltr'><strong>τὰ</strong></span> <span class='ocrx_word' id='word_1_22' title='bbox 643 687 723 749; x_wconf 87' lang='grc' dir='ltr'><strong>εἰς</strong></span> <span class='ocrx_word' id='word_1_23' title='bbox 741 686 837 740; x_wconf 73' lang='grc' dir='ltr'><strong>ἕνα</strong></span> <span class='ocrx_word' id='word_1_24' title='bbox 869 687 1117 740; x_wconf 76' lang='grc' dir='ltr'><strong>ἕκαστον.</strong></span> <span class='ocrx_word' id='word_1_25' title='bbox 1145 688 1309 758; x_wconf 86' lang='grc' dir='ltr'><strong>Γέμει</strong></span> <span class='ocrx_word' id='word_1_26' title='bbox 1342 688 1451 760; x_wconf 85' lang='grc' dir='ltr'><strong>γὰρ</strong></span> <span class='ocrx_word' id='word_1_27' title='bbox 1476 690 1545 742; x_wconf 81' lang='grc' dir='ltr'><strong>τὰ</strong></span> <span class='ocrx_word' id='word_1_28' title='bbox 1573 691 1632 742; x_wconf 89' lang='grc' dir='ltr'><strong>ἐν</strong></span> <span class='ocrx_word' id='word_1_29' title='bbox 1657 689 1736 760; x_wconf 81' lang='grc' dir='ltr'><strong>τῷ</strong></span> <span class='ocrx_word' id='word_1_30' title='bbox 1761 689 1862 762; x_wconf 85' lang='grc' dir='ltr'><strong>βίῳ</strong></span> <span class='ocrx_word' id='word_1_31' title='bbox 1881 690 2003 744; x_wconf 88' lang='grc' dir='ltr'><strong>τού-</strong></span> 
     </span>
    </p>
   </div>
   <div class='ocr_carea' id='block_1_5' title="bbox 426 773 2004 851">
    <p class='ocr_par' dir='ltr' id='par_1_5' title="bbox 426 773 2004 851">
     <span class='ocr_line' id='line_1_5' title="bbox 426 773 2004 851; baseline 0.003 -25"><span class='ocrx_word' id='word_1_32' title='bbox 426 791 533 826; x_wconf 84' lang='grc' dir='ltr'><strong>των</strong></span> <span class='ocrx_word' id='word_1_33' title='bbox 558 773 666 825; x_wconf 85' lang='grc' dir='ltr'><strong>τῶν</strong></span> <span class='ocrx_word' id='word_1_34' title='bbox 699 773 1050 843; x_wconf 80' lang='grc' dir='ltr'><strong>διηγημάτων</strong></span> <span class='ocrx_word' id='word_1_35' title='bbox 1069 791 1083 804; x_wconf 80' lang='lat'><strong><em>°</em></strong></span> <span class='ocrx_word' id='word_1_36' title='bbox 1115 777 1210 828; x_wconf 76' lang='grc' dir='ltr'><strong>καὶ</strong></span> <span class='ocrx_word' id='word_1_37' title='bbox 1243 775 1364 829; x_wconf 77' lang='grc' dir='ltr'><strong>ὅθεν</strong></span> <span class='ocrx_word' id='word_1_38' title='bbox 1396 776 1464 830; x_wconf 78' lang='grc' dir='ltr'><strong>ἂν</strong></span> <span class='ocrx_word' id='word_1_39' title='bbox 1493 776 1665 850; x_wconf 79' lang='grc' dir='ltr'><strong>ἄρξῃ,</strong></span> <span class='ocrx_word' id='word_1_40' title='bbox 1697 778 2004 851; x_wconf 89' lang='grc' dir='ltr'><strong>λαμπρότε-</strong></span> 
     </span>
    </p>
   </div>
   <div class='ocr_carea' id='block_1_6' title="bbox 429 859 2002 937">
    <p class='ocr_par' dir='ltr' id='par_1_6' title="bbox 429 859 2002 937">
     <span class='ocr_line' id='line_1_6' title="bbox 429 859 2002 937; baseline 0.004 -25"><span class='ocrx_word' id='word_1_41' title='bbox 429 877 522 931; x_wconf 88' lang='grc' dir='ltr'><strong>ρον</strong></span> <span class='ocrx_word' id='word_1_42' title='bbox 543 859 662 929; x_wconf 66' lang='grc' dir='ltr'><strong>ὄψει</strong></span> <span class='ocrx_word' id='word_1_43' title='bbox 690 860 750 912; x_wconf 84' lang='grc' dir='ltr'><strong>τὸ</strong></span> <span class='ocrx_word' id='word_1_44' title='bbox 780 861 1061 932; x_wconf 90' lang='grc' dir='ltr'><strong>προοίμιον</strong></span> <span class='ocrx_word' id='word_1_45' title='bbox 1082 862 1350 934; x_wconf 78' lang='grc' dir='ltr'><strong>ἀναϐρύον</strong></span> <span class='ocrx_word' id='word_1_46' title='bbox 1367 905 1383 928; x_wconf 93' lang='grc'><strong>,</strong></span> <span class='ocrx_word' id='word_1_47' title='bbox 1409 863 1472 918; x_wconf 79' lang='grc' dir='ltr'><strong>ἄν</strong></span> <span class='ocrx_word' id='word_1_48' title='bbox 1496 881 1557 916; x_wconf 91' lang='grc' dir='ltr'><strong>τε</strong></span> <span class='ocrx_word' id='word_1_49' title='bbox 1589 865 1695 917; x_wconf 83' lang='grc' dir='ltr'><strong>ἀπὸ</strong></span> <span class='ocrx_word' id='word_1_50' title='bbox 1721 866 1816 918; x_wconf 91' lang='grc' dir='ltr'><strong>τοῦ</strong></span> <span class='ocrx_word' id='word_1_51' title='bbox 1841 867 2002 937; x_wconf 83' lang='grc' dir='ltr'><strong>οὐρα-</strong></span> 
     </span>
    </p>
   </div>
   <div class='ocr_carea' id='block_1_7' title="bbox 426 948 2002 1024">
    <p class='ocr_par' dir='ltr' id='par_1_7' title="bbox 426 948 2002 1024">
     <span class='ocr_line' id='line_1_7' title="bbox 426 948 2002 1024; baseline 0.005 -24"><span class='ocrx_word' id='word_1_52' title='bbox 426 948 541 1010; x_wconf 88' lang='grc' dir='ltr'><strong>νοῦ,</strong></span> <span class='ocrx_word' id='word_1_53' title='bbox 564 951 628 1004; x_wconf 81' lang='grc' dir='ltr'><strong>ἄν</strong></span> <span class='ocrx_word' id='word_1_54' title='bbox 654 965 715 1000; x_wconf 91' lang='grc' dir='ltr'><strong>τε</strong></span> <span class='ocrx_word' id='word_1_55' title='bbox 748 949 856 1002; x_wconf 78' lang='grc' dir='ltr'><strong>άπὸ</strong></span> <span class='ocrx_word' id='word_1_56' title='bbox 878 953 976 1020; x_wconf 85' lang='grc' dir='ltr'><strong>τῆς</strong></span> <span class='ocrx_word' id='word_1_57' title='bbox 1000 950 1102 1020; x_wconf 85' lang='grc' dir='ltr'><strong>γῆς</strong></span> <span class='ocrx_word' id='word_1_58' title='bbox 1121 991 1135 1014; x_wconf 93' lang='grc'><strong>,</strong></span> <span class='ocrx_word' id='word_1_59' title='bbox 1169 950 1234 1004; x_wconf 81' lang='grc' dir='ltr'><strong>ἄν</strong></span> <span class='ocrx_word' id='word_1_60' title='bbox 1253 969 1312 1004; x_wconf 89' lang='grc' dir='ltr'><strong>τε</strong></span> <span class='ocrx_word' id='word_1_61' title='bbox 1345 951 1454 1006; x_wconf 83' lang='grc' dir='ltr'><strong>ἀπὺ</strong></span> <span class='ocrx_word' id='word_1_62' title='bbox 1481 953 1576 1006; x_wconf 89' lang='grc' dir='ltr'><strong>τοῦ</strong></span> <span class='ocrx_word' id='word_1_63' title='bbox 1614 954 1802 1024; x_wconf 85' lang='grc' dir='ltr'><strong>ἀέρος,</strong></span> <span class='ocrx_word' id='word_1_64' title='bbox 1846 954 1912 1008; x_wconf 80' lang='grc' dir='ltr'><strong>ἄν</strong></span> <span class='ocrx_word' id='word_1_65' title='bbox 1941 972 2002 1008; x_wconf 90' lang='grc' dir='ltr'><strong>τε</strong></span> 
     </span>
    </p>
   </div>
   <div class='ocr_carea' id='block_1_8' title="bbox 425 1035 1998 1110">
    <p class='ocr_par' dir='ltr' id='par_1_8' title="bbox 425 1035 1998 1110">
     <span class='ocr_line' id='line_1_8' title="bbox 425 1035 1998 1110; baseline 0.004 -22"><span class='ocrx_word' id='word_1_66' title='bbox 425 1037 535 1088; x_wconf 82' lang='grc' dir='ltr'><strong>ἀπὸ</strong></span> <span class='ocrx_word' id='word_1_67' title='bbox 564 1035 672 1087; x_wconf 88' lang='grc' dir='ltr'><strong>τῶν</strong></span> <span class='ocrx_word' id='word_1_68' title='bbox 701 1035 930 1103; x_wconf 78' lang='grc' dir='ltr'><strong>ἀλόγων,</strong></span> <span class='ocrx_word' id='word_1_69' title='bbox 963 1036 1161 1104; x_wconf 18' lang='grc' dir='ltr'><strong>ἂνξάπὸ</strong></span> <span class='ocrx_word' id='word_1_70' title='bbox 1196 1038 1548 1110; x_wconf 81' lang='grc' dir='ltr'><strong>σπερμάτων,</strong></span> <span class='ocrx_word' id='word_1_71' title='bbox 1574 1040 1640 1094; x_wconf 87' lang='grc' dir='ltr'><strong>ἂν</strong></span> <span class='ocrx_word' id='word_1_72' title='bbox 1661 1042 1766 1094; x_wconf 78' lang='grc' dir='ltr'><strong>ἀπὸ</strong></span> <span class='ocrx_word' id='word_1_73' title='bbox 1797 1043 1998 1110; x_wconf 85' lang='grc' dir='ltr'><strong>φυτῶν·</strong></span> 
     </span>
    </p>
   </div>
   <div class='ocr_carea' id='block_1_9' title="bbox 426 1122 2002 1198">
    <p class='ocr_par' dir='ltr' id='par_1_9' title="bbox 426 1122 2002 1198">
     <span class='ocr_line' id='line_1_9' title="bbox 426 1122 2002 1198; baseline 0.004 -22"><span class='ocrx_word' id='word_1_74' title='bbox 426 1123 494 1176; x_wconf 83' lang='grc' dir='ltr'><strong>ἂν</strong></span> <span class='ocrx_word' id='word_1_75' title='bbox 523 1122 619 1186; x_wconf 86' lang='grc' dir='ltr'><strong>τὰς</strong></span> <span class='ocrx_word' id='word_1_76' title='bbox 650 1124 880 1186; x_wconf 76' lang='grc' dir='ltr'><strong>παλαιάς</strong></span> <span class='ocrx_word' id='word_1_77' title='bbox 931 1123 1090 1196; x_wconf 71' lang='grc' dir='ltr'><strong>θέλῃς</strong></span> <span class='ocrx_word' id='word_1_78' title='bbox 1118 1125 1479 1195; x_wconf 84' lang='grc' dir='ltr'><strong>διηγήσασθαι</strong></span> <span class='ocrx_word' id='word_1_79' title='bbox 1520 1128 1728 1198; x_wconf 79' lang='grc' dir='ltr'><strong>δωρεὰς</strong></span> <span class='ocrx_word' id='word_1_80' title='bbox 1751 1169 1767 1193; x_wconf 91' lang='grc'><strong>,</strong></span> <span class='ocrx_word' id='word_1_81' title='bbox 1810 1128 1877 1182; x_wconf 84' lang='grc' dir='ltr'><strong>ἂν</strong></span> <span class='ocrx_word' id='word_1_82' title='bbox 1904 1129 2002 1193; x_wconf 78' lang='grc' dir='ltr'><strong>τάς</strong></span> 
     </span>
    </p>
   </div>
   <div class='ocr_carea' id='block_1_10' title="bbox 426 1211 2001 1286">
    <p class='ocr_par' dir='ltr' id='par_1_10' title="bbox 426 1211 2001 1286">
     <span class='ocr_line' id='line_1_10' title="bbox 426 1211 2001 1286; baseline 0.004 -23"><span class='ocrx_word' id='word_1_83' title='bbox 426 1211 534 1281; x_wconf 80' lang='grc' dir='ltr'><strong>πρὸ</strong></span> <span class='ocrx_word' id='word_1_84' title='bbox 560 1211 650 1264; x_wconf 87' lang='grc' dir='ltr'><strong>τοῦ</strong></span> <span class='ocrx_word' id='word_1_85' title='bbox 685 1212 872 1280; x_wconf 84' lang='grc' dir='ltr'><strong>νόμου,</strong></span> <span class='ocrx_word' id='word_1_86' title='bbox 905 1211 969 1266; x_wconf 83' lang='grc' dir='ltr'><strong>ἂν</strong></span> <span class='ocrx_word' id='word_1_87' title='bbox 998 1212 1096 1275; x_wconf 74' lang='grc' dir='ltr'><strong>τὰς</strong></span> <span class='ocrx_word' id='word_1_88' title='bbox 1125 1215 1182 1265; x_wconf 89' lang='grc' dir='ltr'><strong>ἐν</strong></span> <span class='ocrx_word' id='word_1_89' title='bbox 1209 1213 1284 1282; x_wconf 78' lang='grc' dir='ltr'><strong>τῷ</strong></span> <span class='ocrx_word' id='word_1_90' title='bbox 1310 1213 1481 1285; x_wconf 84' lang='grc' dir='ltr'><strong>νόμῳ,</strong></span> <span class='ocrx_word' id='word_1_91' title='bbox 1509 1214 1573 1268; x_wconf 85' lang='grc' dir='ltr'><strong>ἂν</strong></span> <span class='ocrx_word' id='word_1_92' title='bbox 1607 1216 1674 1268; x_wconf 82' lang='grc' dir='ltr'><strong>τά</strong></span> <span class='ocrx_word' id='word_1_93' title='bbox 1702 1219 1760 1268; x_wconf 90' lang='grc' dir='ltr'><strong>ἐν</strong></span> <span class='ocrx_word' id='word_1_94' title='bbox 1793 1219 1857 1286; x_wconf 86' lang='grc' dir='ltr'><strong>τῇ</strong></span> <span class='ocrx_word' id='word_1_95' title='bbox 1900 1215 2001 1286; x_wconf 87' lang='grc' dir='ltr'><strong>χά-</strong></span> 
     </span>
    </p>
   </div>
   <div class='ocr_carea' id='block_1_11' title="bbox 426 1298 2000 1373">
    <p class='ocr_par' dir='ltr' id='par_1_11' title="bbox 426 1298 2000 1373">
     <span class='ocr_line' id='line_1_11' title="bbox 426 1298 2000 1373; baseline 0.007 -26"><span class='ocrx_word' id='word_1_96' title='bbox 426 1316 537 1370; x_wconf 83' lang='grc' dir='ltr'><strong>ριτι</strong></span> <span class='ocrx_word' id='word_1_97' title='bbox 561 1339 575 1362; x_wconf 90' lang='grc'><strong>,</strong></span> <span class='ocrx_word' id='word_1_98' title='bbox 607 1298 671 1352; x_wconf 84' lang='grc' dir='ltr'><strong>ἂν</strong></span> <span class='ocrx_word' id='word_1_99' title='bbox 698 1299 767 1351; x_wconf 84' lang='grc' dir='ltr'><strong>τά</strong></span> <span class='ocrx_word' id='word_1_100' title='bbox 797 1299 934 1368; x_wconf 80' lang='grc' dir='ltr'><strong>μετά</strong></span> <span class='ocrx_word' id='word_1_101' title='bbox 962 1300 1059 1367; x_wconf 81' lang='grc' dir='ltr'><strong>τὴν</strong></span> <span class='ocrx_word' id='word_1_102' title='bbox 1093 1300 1339 1354; x_wconf 82' lang='grc' dir='ltr'><strong>ἐντεῦθεν</strong></span> <span class='ocrx_word' id='word_1_103' title='bbox 1376 1302 1685 1373; x_wconf 83' lang='grc' dir='ltr'><strong>ἀποδημίαν</strong></span> <span class='ocrx_word' id='word_1_104' title='bbox 1710 1344 1724 1368; x_wconf 92' lang='grc'><strong>,</strong></span> <span class='ocrx_word' id='word_1_105' title='bbox 1756 1305 1822 1357; x_wconf 84' lang='grc' dir='ltr'><strong>ἂν</strong></span> <span class='ocrx_word' id='word_1_106' title='bbox 1847 1305 1914 1358; x_wconf 77' lang='grc' dir='ltr'><strong>τὰ</strong></span> <span class='ocrx_word' id='word_1_107' title='bbox 1943 1305 2000 1358; x_wconf 91' lang='grc' dir='ltr'><strong>ἐν</strong></span> 
     </span>
    </p>
   </div>
   <div class='ocr_carea' id='block_1_12' title="bbox 425 1391 2000 1464">
    <p class='ocr_par' dir='ltr' id='par_1_12' title="bbox 425 1391 2000 1464">
     <span class='ocr_line' id='line_1_12' title="bbox 425 1391 2000 1464; baseline 0.005 -23"><span class='ocrx_word' id='word_1_108' title='bbox 425 1391 576 1461; x_wconf 79' lang='grc' dir='ltr'><strong>αὐτῷ</strong></span> <span class='ocrx_word' id='word_1_109' title='bbox 606 1391 683 1461; x_wconf 85' lang='grc' dir='ltr'><strong>τῷ</strong></span> <span class='ocrx_word' id='word_1_110' title='bbox 709 1391 922 1461; x_wconf 84' lang='grc' dir='ltr'><strong>θανάτῳ</strong></span> <span class='ocrx_word' id='word_1_111' title='bbox 946 1432 960 1455; x_wconf 91' lang='grc'><strong>,</strong></span> <span class='ocrx_word' id='word_1_112' title='bbox 1017 1392 1183 1462; x_wconf 91' lang='grc' dir='ltr'><strong>μυρία</strong></span> <span class='ocrx_word' id='word_1_113' title='bbox 1219 1392 1384 1464; x_wconf 80' lang='grc' dir='ltr'><strong>εὕρῃς</strong></span> <span class='ocrx_word' id='word_1_114' title='bbox 1449 1394 1659 1464; x_wconf 79' lang='grc' dir='ltr'>πελάγη</span> <span class='ocrx_word' id='word_1_115' title='bbox 1706 1395 1878 1449; x_wconf 85' lang='grc' dir='ltr'><strong>ταῦτα</strong></span> <span class='ocrx_word' id='word_1_116' title='bbox 1920 1397 2000 1449; x_wconf 90' lang='grc' dir='ltr'><strong>δι-</strong></span> 
     </span>
    </p>
   </div>
   <div class='ocr_carea' id='block_1_13' title="bbox 422 1475 2002 1552">
    <p class='ocr_par' dir='ltr' id='par_1_13' title="bbox 422 1475 2002 1552">
     <span class='ocr_line' id='line_1_13' title="bbox 422 1475 2002 1552; baseline 0.005 -23"><span class='ocrx_word' id='word_1_117' title='bbox 422 1479 744 1549; x_wconf 79' lang='grc' dir='ltr'><strong>ηγημάτων.</strong></span> <span class='ocrx_word' id='word_1_118' title='bbox 784 1479 963 1548; x_wconf 88' lang='grc' dir='ltr'><strong>Πόσης</strong></span> <span class='ocrx_word' id='word_1_119' title='bbox 1008 1475 1098 1531; x_wconf 79' lang='grc' dir='ltr'><strong>οὖν</strong></span> <span class='ocrx_word' id='word_1_120' title='bbox 1141 1480 1238 1533; x_wconf 85' lang='grc' dir='ltr'><strong>οὐκ</strong></span> <span class='ocrx_word' id='word_1_121' title='bbox 1284 1481 1457 1552; x_wconf 82' lang='grc' dir='ltr'><strong>ἀνείη</strong></span> <span class='ocrx_word' id='word_1_122' title='bbox 1511 1483 1718 1549; x_wconf 79' lang='grc' dir='ltr'><strong>ἀνοίας,</strong></span> <span class='ocrx_word' id='word_1_123' title='bbox 1767 1485 2002 1538; x_wconf 82' lang='grc' dir='ltr'><strong>τοσαῦτα</strong></span> 
     </span>
    </p>
   </div>
   <div class='ocr_carea' id='block_1_14' title="bbox 423 1561 2000 1642">
    <p class='ocr_par' dir='ltr' id='par_1_14' title="bbox 423 1561 2000 1642">
     <span class='ocr_line' id='line_1_14' title="bbox 423 1561 2000 1642; baseline 0.005 -25"><span class='ocrx_word' id='word_1_124' title='bbox 423 1566 643 1634; x_wconf 75' lang='grc' dir='ltr'><strong>ἔχοντας</strong></span> <span class='ocrx_word' id='word_1_125' title='bbox 667 1565 1000 1636; x_wconf 87' lang='grc' dir='ltr'><strong>διηγεῖσθαι,</strong></span> <span class='ocrx_word' id='word_1_126' title='bbox 1043 1567 1109 1619; x_wconf 84' lang='grc' dir='ltr'><strong>δι’</strong></span> <span class='ocrx_word' id='word_1_127' title='bbox 1139 1561 1212 1621; x_wconf 85' lang='grc' dir='ltr'><strong>ὧν</strong></span> <span class='ocrx_word' id='word_1_128' title='bbox 1246 1569 1337 1621; x_wconf 82' lang='grc' dir='ltr'><strong>καὶ</strong></span> <span class='ocrx_word' id='word_1_129' title='bbox 1371 1569 1531 1640; x_wconf 78' lang='grc' dir='ltr'><strong>ἡδονὴ</strong></span> <span class='ocrx_word' id='word_1_130' title='bbox 1559 1571 1652 1622; x_wconf 77' lang='grc' dir='ltr'><strong>καὶ</strong></span> <span class='ocrx_word' id='word_1_131' title='bbox 1694 1571 1880 1642; x_wconf 77' lang='grc' dir='ltr'><strong>κέρδος</strong></span> <span class='ocrx_word' id='word_1_132' title='bbox 1908 1574 2000 1625; x_wconf 81' lang='grc' dir='ltr'><strong>καὶ</strong></span> 
     </span>
    </p>
   </div>
   <div class='ocr_carea' id='block_1_15' title="bbox 424 1655 2002 1729">
    <p class='ocr_par' dir='ltr' id='par_1_15' title="bbox 424 1655 2002 1729">
     <span class='ocr_line' id='line_1_15' title="bbox 424 1655 2002 1729; baseline -0.008 -5"><span class='ocrx_word' id='word_1_133' title='bbox 424 1655 660 1722; x_wconf 62' lang='grc' dir='ltr'><strong>ὼεέλεια</strong></span> <span class='ocrx_word' id='word_1_134' title='bbox 686 1656 783 1724; x_wconf 86' lang='grc' dir='ltr'><strong>τῆς</strong></span> <span class='ocrx_word' id='word_1_135' title='bbox 815 1655 993 1725; x_wconf 78' lang='grc' dir='ltr'><strong>ψυχῆς</strong></span> <span class='ocrx_word' id='word_1_136' title='bbox 1036 1658 1352 1724; x_wconf 74' lang='grc' dir='ltr'><strong>ἐγγίνεται,</strong></span> <span class='ocrx_word' id='word_1_137' title='bbox 1398 1658 1474 1728; x_wconf 78' lang='grc' dir='ltr'><strong>τῷ</strong></span> <span class='ocrx_word' id='word_1_138' title='bbox 1514 1659 1754 1729; x_wconf 82' lang='grc' dir='ltr'><strong>βορϐόρῳ</strong></span> <span class='ocrx_word' id='word_1_139' title='bbox 1795 1661 1883 1712; x_wconf 72' lang='grc' dir='ltr'><strong>τὸν</strong></span> <span class='ocrx_word' id='word_1_140' title='bbox 1917 1661 2002 1712; x_wconf 86' lang='grc' dir='ltr'><strong>λο-</strong></span> 
     </span>
    </p>
   </div>
   <div class='ocr_carea' id='block_1_16' title="bbox 424 1742 2004 1818">
    <p class='ocr_par' dir='ltr' id='par_1_16' title="bbox 424 1742 2004 1818">
     <span class='ocr_line' id='line_1_16' title="bbox 424 1742 2004 1818; baseline 0.006 -26"><span class='ocrx_word' id='word_1_141' title='bbox 424 1743 622 1811; x_wconf 68' lang='grc' dir='ltr'><strong>γισμὸν</strong></span> <span class='ocrx_word' id='word_1_142' title='bbox 655 1742 970 1815; x_wconf 84' lang='grc' dir='ltr'><strong>ἀναφύρειν,</strong></span> <span class='ocrx_word' id='word_1_143' title='bbox 995 1745 1122 1816; x_wconf 82' lang='grc' dir='ltr'><strong>περὶ</strong></span> <span class='ocrx_word' id='word_1_144' title='bbox 1163 1744 1470 1810; x_wconf 75' lang='grc' dir='ltr'>πλεονεξίας</span> <span class='ocrx_word' id='word_1_145' title='bbox 1502 1747 1594 1798; x_wconf 73' lang='grc' dir='ltr'><strong>καὶ</strong></span> <span class='ocrx_word' id='word_1_146' title='bbox 1645 1747 1902 1818; x_wconf 78' lang='grc' dir='ltr'><strong>ἁρπαγῆς</strong></span> <span class='ocrx_word' id='word_1_147' title='bbox 1930 1750 2004 1802; x_wconf 82' lang='grc' dir='ltr'><strong>δι-</strong></span> 
     </span>
    </p>
   </div>
   <div class='ocr_carea' id='block_1_17' title="bbox 423 1831 765 1902">
    <p class='ocr_par' dir='ltr' id='par_1_17' title="bbox 423 1831 765 1902">
     <span class='ocr_line' id='line_1_17' title="bbox 423 1831 765 1902; baseline -0.003 -19"><span class='ocrx_word' id='word_1_148' title='bbox 423 1831 560 1902; x_wconf 84' lang='grc' dir='ltr'><strong>ηγού</strong></span> <span class='ocrx_word' id='word_1_149' title='bbox 570 1847 727 1902; x_wconf 89' lang='grc' dir='ltr'><strong>μενον</strong></span> <span class='ocrx_word' id='word_1_150' title='bbox 749 1847 765 1896; x_wconf 89' lang='grc'><strong>;</strong></span> 
     </span>
    </p>
   </div>
   <div class='ocr_carea' id='block_1_18' title="bbox 499 1959 1991 2033">
    <p class='ocr_par' dir='ltr' id='par_1_18' title="bbox 499 1959 1991 2033">
     <span class='ocr_line' id='line_1_18' title="bbox 499 1959 1991 2033; baseline 0.002 -20"><span class='ocrx_word' id='word_1_151' title='bbox 499 1960 565 2029; x_wconf 81' lang='grc' dir='ltr'><strong>β’.</strong></span> <span class='ocrx_word' id='word_1_152' title='bbox 585 1962 694 2014; x_wconf 81' lang='grc' dir='ltr'><strong>Καὶ</strong></span> <span class='ocrx_word' id='word_1_153' title='bbox 709 1962 759 2014; x_wconf 88' lang='grc' dir='ltr'><strong>εί</strong></span> <span class='ocrx_word' id='word_1_154' title='bbox 781 1959 981 2030; x_wconf 81' lang='grc' dir='ltr'><strong>βούλει,</strong></span> <span class='ocrx_word' id='word_1_155' title='bbox 1005 1961 1072 2015; x_wconf 89' lang='grc' dir='ltr'><strong>τὰ</strong></span> <span class='ocrx_word' id='word_1_156' title='bbox 1088 1960 1199 2014; x_wconf 79' lang='grc' dir='ltr'><strong>ἀνω</strong></span> <span class='ocrx_word' id='word_1_157' title='bbox 1225 1963 1474 2028; x_wconf 82' lang='grc' dir='ltr'><strong>ἀφέντες,</strong></span> <span class='ocrx_word' id='word_1_158' title='bbox 1494 1961 1744 2033; x_wconf 72' lang='grc' dir='ltr'><strong>περὶτῆς</strong></span> <span class='ocrx_word' id='word_1_159' title='bbox 1765 1963 1863 2033; x_wconf 88' lang='grc' dir='ltr'><strong>γῆς</strong></span> <span class='ocrx_word' id='word_1_160' title='bbox 1880 1963 1991 2016; x_wconf 82' lang='grc' dir='ltr'><strong>δια·</strong></span> 
     </span>
    </p>
   </div>
   <div class='ocr_carea' id='block_1_19' title="bbox 423 2048 2001 2121">
    <p class='ocr_par' dir='ltr' id='par_1_19' title="bbox 423 2048 2001 2121">
     <span class='ocr_line' id='line_1_19' title="bbox 423 2048 2001 2121; baseline -0.004 -16"><span class='ocrx_word' id='word_1_161' title='bbox 423 2048 723 2119; x_wconf 82' lang='grc' dir='ltr'><strong>λεχθῶμεν,</strong></span> <span class='ocrx_word' id='word_1_162' title='bbox 746 2049 838 2102; x_wconf 91' lang='grc' dir='ltr'><strong>τοῦ</strong></span> <span class='ocrx_word' id='word_1_163' title='bbox 867 2049 1129 2118; x_wconf 86' lang='grc' dir='ltr'><strong>μεγέθους</strong></span> <span class='ocrx_word' id='word_1_164' title='bbox 1149 2049 1317 2118; x_wconf 87' lang='grc' dir='ltr'><strong>αὐτῆς</strong></span> <span class='ocrx_word' id='word_1_165' title='bbox 1337 2089 1352 2111; x_wconf 91' lang='grc'><strong>,</strong></span> <span class='ocrx_word' id='word_1_166' title='bbox 1378 2050 1476 2118; x_wconf 90' lang='grc' dir='ltr'><strong>τῆς</strong></span> <span class='ocrx_word' id='word_1_167' title='bbox 1498 2048 1697 2111; x_wconf 78' lang='grc' dir='ltr'><strong>θέσεως</strong></span> <span class='ocrx_word' id='word_1_168' title='bbox 1712 2090 1727 2112; x_wconf 94' lang='grc'><strong>,</strong></span> <span class='ocrx_word' id='word_1_169' title='bbox 1750 2050 1847 2119; x_wconf 80' lang='grc' dir='ltr'><strong>τῆς</strong></span> <span class='ocrx_word' id='word_1_170' title='bbox 1873 2051 2001 2121; x_wconf 79' lang='grc' dir='ltr'><strong>χρή-</strong></span> 
     </span>
    </p>
   </div>
   <div class='ocr_carea' id='block_1_20' title="bbox 425 2137 1998 2209">
    <p class='ocr_par' dir='ltr' id='par_1_20' title="bbox 425 2137 1998 2209">
     <span class='ocr_line' id='line_1_20' title="bbox 425 2137 1998 2209; baseline -0.001 -17"><span class='ocrx_word' id='word_1_171' title='bbox 425 2156 565 2201; x_wconf 84' lang='grc' dir='ltr'><strong>σεως</strong></span> <span class='ocrx_word' id='word_1_172' title='bbox 589 2178 604 2201; x_wconf 93' lang='grc'><strong>,</strong></span> <span class='ocrx_word' id='word_1_173' title='bbox 631 2139 734 2207; x_wconf 89' lang='grc' dir='ltr'><strong>τῆς</strong></span> <span class='ocrx_word' id='word_1_174' title='bbox 765 2139 978 2206; x_wconf 87' lang='grc' dir='ltr'><strong>φύσεως</strong></span> <span class='ocrx_word' id='word_1_175' title='bbox 1002 2177 1017 2201; x_wconf 93' lang='grc'><strong>,</strong></span> <span class='ocrx_word' id='word_1_176' title='bbox 1045 2137 1153 2190; x_wconf 87' lang='grc' dir='ltr'><strong>τῶν</strong></span> <span class='ocrx_word' id='word_1_177' title='bbox 1184 2138 1388 2191; x_wconf 81' lang='grc' dir='ltr'><strong>ὠδίνων</strong></span> <span class='ocrx_word' id='word_1_178' title='bbox 1427 2138 1532 2191; x_wconf 88' lang='grc' dir='ltr'><strong>τῶν</strong></span> <span class='ocrx_word' id='word_1_179' title='bbox 1565 2137 1856 2209; x_wconf 81' lang='grc' dir='ltr'><strong>διηνεκῶν,</strong></span> <span class='ocrx_word' id='word_1_180' title='bbox 1888 2138 1998 2192; x_wconf 87' lang='grc' dir='ltr'><strong>τῶν</strong></span> 
     </span>
    </p>
   </div>
   <div class='ocr_carea' id='block_1_21' title="bbox 422 2226 1999 2298">
    <p class='ocr_par' dir='ltr' id='par_1_21' title="bbox 422 2226 1999 2298">
     <span class='ocr_line' id='line_1_21' title="bbox 422 2226 1999 2298; baseline 0 -19"><span class='ocrx_word' id='word_1_181' title='bbox 422 2227 777 2298; x_wconf 80' lang='grc' dir='ltr'><strong>γεννημάτων</strong></span> <span class='ocrx_word' id='word_1_182' title='bbox 807 2226 916 2279; x_wconf 87' lang='grc' dir='ltr'><strong>τῶν</strong></span> <span class='ocrx_word' id='word_1_183' title='bbox 947 2227 1004 2291; x_wconf 84' lang='grc' dir='ltr'><strong>ἐξ</strong></span> <span class='ocrx_word' id='word_1_184' title='bbox 1039 2227 1205 2297; x_wconf 87' lang='grc' dir='ltr'><strong>αὐτῆς</strong></span> <span class='ocrx_word' id='word_1_185' title='bbox 1234 2226 1340 2278; x_wconf 85' lang='grc' dir='ltr'><strong>τῶν</strong></span> <span class='ocrx_word' id='word_1_186' title='bbox 1387 2227 1642 2280; x_wconf 75' lang='grc' dir='ltr'><strong>ποικίλων</strong></span> <span class='ocrx_word' id='word_1_187' title='bbox 1691 2228 1784 2279; x_wconf 74' lang='grc' dir='ltr'><strong>καὶ</strong></span> <span class='ocrx_word' id='word_1_188' title='bbox 1812 2227 1999 2295; x_wconf 87' lang='grc' dir='ltr'><strong>διαφό-</strong></span> 
     </span>
    </p>
   </div>
   <div class='ocr_carea' id='block_1_22' title="bbox 427 2313 1998 2385">
    <p class='ocr_par' dir='ltr' id='par_1_22' title="bbox 427 2313 1998 2385">
     <span class='ocr_line' id='line_1_22' title="bbox 427 2313 1998 2385; baseline 0.001 -18"><span class='ocrx_word' id='word_1_189' title='bbox 427 2332 557 2385; x_wconf 90' lang='grc' dir='ltr'><strong>ρων,</strong></span> <span class='ocrx_word' id='word_1_190' title='bbox 586 2313 695 2366; x_wconf 88' lang='grc' dir='ltr'><strong>τῶν</strong></span> <span class='ocrx_word' id='word_1_191' title='bbox 726 2314 1075 2384; x_wconf 83' lang='grc' dir='ltr'><strong>σπερμάτων,</strong></span> <span class='ocrx_word' id='word_1_192' title='bbox 1101 2314 1209 2380; x_wconf 84' lang='grc' dir='ltr'><strong>τῶν</strong></span> <span class='ocrx_word' id='word_1_193' title='bbox 1232 2313 1466 2382; x_wconf 80' lang='grc' dir='ltr'><strong>βοτανῶν</strong></span> <span class='ocrx_word' id='word_1_194' title='bbox 1488 2353 1503 2376; x_wconf 93' lang='grc'><strong>,</strong></span> <span class='ocrx_word' id='word_1_195' title='bbox 1533 2315 1639 2366; x_wconf 84' lang='grc' dir='ltr'><strong>τῶν</strong></span> <span class='ocrx_word' id='word_1_196' title='bbox 1664 2313 1864 2381; x_wconf 86' lang='grc' dir='ltr'><strong>φυτῶν,</strong></span> <span class='ocrx_word' id='word_1_197' title='bbox 1889 2313 1998 2368; x_wconf 86' lang='grc' dir='ltr'><strong>τῶν</strong></span> 
     </span>
    </p>
   </div>
   <div class='ocr_carea' id='block_1_23' title="bbox 424 2397 1998 2470">
    <p class='ocr_par' dir='ltr' id='par_1_23' title="bbox 424 2397 1998 2470">
     <span class='ocr_line' id='line_1_23' title="bbox 424 2397 1998 2470; baseline 0.002 -18"><span class='ocrx_word' id='word_1_198' title='bbox 424 2399 652 2461; x_wconf 79' lang='grc' dir='ltr'><strong>ἀνθέων,</strong></span> <span class='ocrx_word' id='word_1_199' title='bbox 669 2399 776 2452; x_wconf 86' lang='grc' dir='ltr'><strong>τῶν</strong></span> <span class='ocrx_word' id='word_1_200' title='bbox 800 2397 1098 2470; x_wconf 83' lang='grc' dir='ltr'><strong>λειμώνων,</strong></span> <span class='ocrx_word' id='word_1_201' title='bbox 1129 2400 1238 2452; x_wconf 87' lang='grc' dir='ltr'><strong>τῶν</strong></span> <span class='ocrx_word' id='word_1_202' title='bbox 1267 2399 1623 2470; x_wconf 88' lang='grc' dir='ltr'><strong>παραδείσων.</strong></span> <span class='ocrx_word' id='word_1_203' title='bbox 1644 2400 1774 2452; x_wconf 83' lang='grc' dir='ltr'><strong>Ἀπὸ</strong></span> <span class='ocrx_word' id='word_1_204' title='bbox 1793 2401 1998 2455; x_wconf 84' lang='grc' dir='ltr'><strong>τούτων</strong></span> 
     </span>
    </p>
   </div>
   <div class='ocr_carea' id='block_1_24' title="bbox 423 2483 1993 2559">
    <p class='ocr_par' dir='ltr' id='par_1_24' title="bbox 423 2483 1993 2559">
     <span class='ocr_line' id='line_1_24' title="bbox 423 2483 1993 2559; baseline 0.003 -21"><span class='ocrx_word' id='word_1_205' title='bbox 423 2487 584 2541; x_wconf 81' lang='grc' dir='ltr'><strong>πάλιν</strong></span> <span class='ocrx_word' id='word_1_206' title='bbox 608 2485 863 2555; x_wconf 80' lang='grc' dir='ltr'><strong>τέμωμεν</strong></span> <span class='ocrx_word' id='word_1_207' title='bbox 895 2483 971 2555; x_wconf 83' lang='grc' dir='ltr'><strong>τῷ</strong></span> <span class='ocrx_word' id='word_1_208' title='bbox 998 2485 1140 2556; x_wconf 87' lang='grc' dir='ltr'><strong>λόγῳ</strong></span> <span class='ocrx_word' id='word_1_209' title='bbox 1182 2485 1409 2540; x_wconf 79' lang='grc' dir='ltr'><strong>ἑκάστου</strong></span> <span class='ocrx_word' id='word_1_210' title='bbox 1439 2487 1658 2558; x_wconf 82' lang='grc' dir='ltr'><strong>δένδρου</strong></span> <span class='ocrx_word' id='word_1_211' title='bbox 1689 2487 1750 2540; x_wconf 83' lang='grc' dir='ltr'><strong>τὸ</strong></span> <span class='ocrx_word' id='word_1_212' title='bbox 1789 2489 1993 2559; x_wconf 87' lang='grc' dir='ltr'><strong>σχῆμα,</strong></span> 
     </span>
    </p>
   </div>
   <div class='ocr_carea' id='block_1_25' title="bbox 423 2572 1994 2646">
    <p class='ocr_par' dir='ltr' id='par_1_25' title="bbox 423 2572 1994 2646">
     <span class='ocr_line' id='line_1_25' title="bbox 423 2572 1994 2646; baseline 0.001 -19"><span class='ocrx_word' id='word_1_213' title='bbox 569 2575 668 2646; x_wconf 81' lang='grc' dir='ltr'><strong>τὴν</strong></span> <span class='ocrx_word' id='word_1_214' title='bbox 698 2573 880 2637; x_wconf 88' lang='grc' dir='ltr'><strong>θέσιν,</strong></span> <span class='ocrx_word' id='word_1_215' title='bbox 911 2574 971 2626; x_wconf 82' lang='grc' dir='ltr'><strong>τὸ</strong></span> <span class='ocrx_word' id='word_1_216' title='bbox 1004 2573 1165 2642; x_wconf 75' lang='grc' dir='ltr'><strong>ὕψος,</strong></span> <span class='ocrx_word' id='word_1_217' title='bbox 1197 2572 1294 2643; x_wconf 77' lang='grc' dir='ltr'><strong>τὴν</strong></span> <span class='ocrx_word' id='word_1_218' title='bbox 1334 2573 1594 2637; x_wconf 79' lang='grc' dir='ltr'><strong>εὐωδίαν,</strong></span> <span class='ocrx_word' id='word_1_219' title='bbox 1633 2574 1723 2627; x_wconf 85' lang='grc' dir='ltr'><strong>τὸν</strong></span> <span class='ocrx_word' id='word_1_220' title='bbox 1763 2576 1994 2646; x_wconf 86' lang='grc' dir='ltr'><strong>καρπὸν,</strong></span> 
     </span>
    </p>
   </div>
   <div class='ocr_carea' id='block_1_26' title="bbox 420 2659 2000 2733">
    <p class='ocr_par' dir='ltr' id='par_1_26' title="bbox 420 2659 2000 2733">
     <span class='ocr_line' id='line_1_26' title="bbox 420 2659 2000 2733; baseline 0.001 -19"><span class='ocrx_word' id='word_1_221' title='bbox 420 2662 513 2714; x_wconf 76' lang='grc' dir='ltr'><strong>τὸν</strong></span> <span class='ocrx_word' id='word_1_222' title='bbox 547 2662 757 2733; x_wconf 78' lang='grc' dir='ltr'><strong>καιρὸν,</strong></span> <span class='ocrx_word' id='word_1_223' title='bbox 785 2661 884 2733; x_wconf 74' lang='grc' dir='ltr'><strong>τὴν</strong></span> <span class='ocrx_word' id='word_1_224' title='bbox 906 2659 1198 2724; x_wconf 81' lang='grc' dir='ltr'><strong>διακονίαν,</strong></span> <span class='ocrx_word' id='word_1_225' title='bbox 1229 2659 1297 2713; x_wconf 80' lang='grc' dir='ltr'><strong>τὰ</strong></span> <span class='ocrx_word' id='word_1_226' title='bbox 1327 2660 1462 2714; x_wconf 77' lang='grc' dir='ltr'><strong>ἄλλα</strong></span> <span class='ocrx_word' id='word_1_227' title='bbox 1491 2661 1668 2716; x_wconf 88' lang='grc' dir='ltr'><strong>πάντα</strong></span> <span class='ocrx_word' id='word_1_228' title='bbox 1687 2660 2000 2731; x_wconf 82' lang='grc' dir='ltr'><strong>ἀναλογιζό-</strong></span> 
     </span>
    </p>
   </div>
   <div class='ocr_carea' id='block_1_27' title="bbox 424 2749 1994 2824">
    <p class='ocr_par' dir='ltr' id='par_1_27' title="bbox 424 2749 1994 2824">
     <span class='ocr_line' id='line_1_27' title="bbox 424 2749 1994 2824; baseline 0.001 -22"><span class='ocrx_word' id='word_1_229' title='bbox 424 2768 577 2824; x_wconf 84' lang='grc' dir='ltr'><strong>μενοι</strong></span> <span class='ocrx_word' id='word_1_230' title='bbox 609 2762 658 2811; x_wconf 83' lang='grc' dir='ltr'><strong>ιι,</strong></span> <span class='ocrx_word' id='word_1_231' title='bbox 682 2749 849 2817; x_wconf 82' lang='grc' dir='ltr'><strong>αὐτῆς</strong></span> <span class='ocrx_word' id='word_1_232' title='bbox 870 2749 967 2818; x_wconf 85' lang='grc' dir='ltr'><strong>τῆς</strong></span> <span class='ocrx_word' id='word_1_233' title='bbox 1001 2749 1103 2819; x_wconf 87' lang='grc' dir='ltr'><strong>γῆς</strong></span> <span class='ocrx_word' id='word_1_234' title='bbox 1126 2749 1224 2820; x_wconf 80' lang='grc' dir='ltr'><strong>τὴν</strong></span> <span class='ocrx_word' id='word_1_235' title='bbox 1254 2749 1550 2819; x_wconf 80' lang='grc' dir='ltr'><strong>κάρπιμον,</strong></span> <span class='ocrx_word' id='word_1_236' title='bbox 1577 2749 1674 2820; x_wconf 80' lang='grc' dir='ltr'><strong>τὴν</strong></span> <span class='ocrx_word' id='word_1_237' title='bbox 1706 2749 1954 2821; x_wconf 83' lang='grc' dir='ltr'><strong>ἄκαρπον</strong></span> <span class='ocrx_word' id='word_1_238' title='bbox 1979 2768 1994 2784; x_wconf 75' lang='grc'>⁸</span> 
     </span>
    </p>
   </div>
   <div class='ocr_carea' id='block_1_28' title="bbox 421 2835 1994 2909">
    <p class='ocr_par' dir='ltr' id='par_1_28' title="bbox 421 2835 1994 2909">
     <span class='ocr_line' id='line_1_28' title="bbox 421 2835 1994 2909; baseline 0.001 -19"><span class='ocrx_word' id='word_1_239' title='bbox 421 2837 572 2890; x_wconf 76' lang='grc' dir='ltr'><strong>οὐδὲν</strong></span> <span class='ocrx_word' id='word_1_240' title='bbox 599 2838 707 2906; x_wconf 76' lang='grc' dir='ltr'><strong>γάρ</strong></span> <span class='ocrx_word' id='word_1_241' title='bbox 733 2836 902 2905; x_wconf 81' lang='grc' dir='ltr'><strong>αὐτῆς</strong></span> <span class='ocrx_word' id='word_1_242' title='bbox 933 2836 1220 2906; x_wconf 78' lang='grc' dir='ltr'><strong>ἄχρηστον.</strong></span> <span class='ocrx_word' id='word_1_243' title='bbox 1257 2835 1365 2890; x_wconf 81' lang='grc' dir='ltr'><strong>Καὶ</strong></span> <span class='ocrx_word' id='word_1_244' title='bbox 1403 2835 1512 2905; x_wconf 81' lang='grc' dir='ltr'><strong>γὰρ</strong></span> <span class='ocrx_word' id='word_1_245' title='bbox 1548 2838 1581 2907; x_wconf 87' lang='grc' dir='ltr'>ἡ</span> <span class='ocrx_word' id='word_1_246' title='bbox 1627 2835 1724 2907; x_wconf 77' lang='grc' dir='ltr'><strong>μὲν</strong></span> <span class='ocrx_word' id='word_1_247' title='bbox 1758 2837 1994 2909; x_wconf 87' lang='grc' dir='ltr'><strong>σίδηρον,</strong></span> 
     </span>
    </p>
   </div>
   <div class='ocr_carea' id='block_1_29' title="bbox 423 2925 1997 2998">
    <p class='ocr_par' dir='ltr' id='par_1_29' title="bbox 423 2925 1997 2998">
     <span class='ocr_line' id='line_1_29' title="bbox 423 2925 1997 2998; baseline 0.002 -21"><span class='ocrx_word' id='word_1_248' title='bbox 423 2928 459 2997; x_wconf 81' lang='grc' dir='ltr'><strong>ἠ</strong></span> <span class='ocrx_word' id='word_1_249' title='bbox 486 2926 542 2978; x_wconf 83' lang='grc' dir='ltr'><strong>δὲ</strong></span> <span class='ocrx_word' id='word_1_250' title='bbox 571 2925 791 2996; x_wconf 82' lang='grc' dir='ltr'><strong>χαλκὸν,</strong></span> <span class='ocrx_word' id='word_1_251' title='bbox 825 2929 857 2995; x_wconf 86' lang='grc' dir='ltr'>ἡ</span> <span class='ocrx_word' id='word_1_252' title='bbox 895 2926 950 2978; x_wconf 78' lang='grc' dir='ltr'><strong>δὲ</strong></span> <span class='ocrx_word' id='word_1_253' title='bbox 983 2925 1224 2995; x_wconf 79' lang='grc' dir='ltr'><strong>χρυσίον,</strong></span> <span class='ocrx_word' id='word_1_254' title='bbox 1250 2927 1282 2995; x_wconf 87' lang='grc' dir='ltr'><strong>ἡ</strong></span> <span class='ocrx_word' id='word_1_255' title='bbox 1326 2925 1383 2978; x_wconf 84' lang='grc' dir='ltr'><strong>δὲ</strong></span> <span class='ocrx_word' id='word_1_256' title='bbox 1415 2925 1652 2996; x_wconf 84' lang='grc' dir='ltr'><strong>ἄργυρον</strong></span> <span class='ocrx_word' id='word_1_257' title='bbox 1675 2926 1932 2996; x_wconf 81' lang='grc' dir='ltr'><strong>ἧνεγκεν·</strong></span> <span class='ocrx_word' id='word_1_258' title='bbox 1961 2929 1997 2998; x_wconf 84' lang='grc' dir='ltr'><strong>ή</strong></span> 
     </span>
    </p>
   </div>
   <div class='ocr_carea' id='block_1_30' title="bbox 420 3013 2000 3084">
    <p class='ocr_par' dir='ltr' id='par_1_30' title="bbox 420 3013 2000 3084">
     <span class='ocr_line' id='line_1_30' title="bbox 420 3013 2000 3084; baseline 0.001 -18"><span class='ocrx_word' id='word_1_259' title='bbox 420 3015 479 3066; x_wconf 87' lang='grc' dir='ltr'><strong>δέ</strong></span> <span class='ocrx_word' id='word_1_260' title='bbox 507 3013 774 3084; x_wconf 81' lang='grc' dir='ltr'><strong>ἀρώματα</strong></span> <span class='ocrx_word' id='word_1_261' title='bbox 795 3052 809 3075; x_wconf 95' lang='grc'><strong>,</strong></span> <span class='ocrx_word' id='word_1_262' title='bbox 851 3015 883 3083; x_wconf 88' lang='grc' dir='ltr'><strong>ή</strong></span> <span class='ocrx_word' id='word_1_263' title='bbox 911 3013 966 3065; x_wconf 84' lang='grc' dir='ltr'><strong>δέ</strong></span> <span class='ocrx_word' id='word_1_264' title='bbox 1009 3014 1274 3083; x_wconf 77' lang='grc' dir='ltr'><strong>φάρμακα</strong></span> <span class='ocrx_word' id='word_1_265' title='bbox 1301 3013 1396 3066; x_wconf 76' lang='grc' dir='ltr'><strong>καὶ</strong></span> <span class='ocrx_word' id='word_1_266' title='bbox 1421 3013 1639 3066; x_wconf 79' lang='grc' dir='ltr'><strong>ποικίλα</strong></span> <span class='ocrx_word' id='word_1_267' title='bbox 1679 3015 1773 3067; x_wconf 71' lang='grc' dir='ltr'><strong>καὶ</strong></span> <span class='ocrx_word' id='word_1_268' title='bbox 1802 3031 2000 3068; x_wconf 81' lang='grc' dir='ltr'><strong>παντοο</strong></span> 
     </span>
    </p>
   </div>
   <div class='ocr_carea' id='block_1_31' title="bbox 420 3099 1997 3171">
    <p class='ocr_par' dir='ltr' id='par_1_31' title="bbox 420 3099 1997 3171">
     <span class='ocr_line' id='line_1_31' title="bbox 420 3099 1997 3171; baseline 0.001 -17"><span class='ocrx_word' id='word_1_269' title='bbox 420 3102 585 3155; x_wconf 82' lang='grc' dir='ltr'><strong>δαπά.</strong></span> <span class='ocrx_word' id='word_1_270' title='bbox 617 3101 683 3154; x_wconf 88' lang='grc' dir='ltr'><strong>Τί</strong></span> <span class='ocrx_word' id='word_1_271' title='bbox 710 3099 776 3153; x_wconf 76' lang='grc' dir='ltr'><strong>ἂν</strong></span> <span class='ocrx_word' id='word_1_272' title='bbox 804 3118 886 3162; x_wconf 85' lang='grc' dir='ltr'><strong>τις</strong></span> <span class='ocrx_word' id='word_1_273' title='bbox 927 3102 1070 3154; x_wconf 82' lang='grc' dir='ltr'><strong>εἴποι</strong></span> <span class='ocrx_word' id='word_1_274' title='bbox 1107 3101 1215 3153; x_wconf 88' lang='grc' dir='ltr'><strong>τῶν</strong></span> <span class='ocrx_word' id='word_1_275' title='bbox 1249 3099 1456 3155; x_wconf 81' lang='grc' dir='ltr'><strong>ὑδάτων</strong></span> <span class='ocrx_word' id='word_1_276' title='bbox 1491 3101 1592 3171; x_wconf 78' lang='grc' dir='ltr'><strong>τὴν</strong></span> <span class='ocrx_word' id='word_1_277' title='bbox 1633 3102 1853 3171; x_wconf 84' lang='grc' dir='ltr'><strong>χρείαν,</strong></span> <span class='ocrx_word' id='word_1_278' title='bbox 1888 3102 1997 3156; x_wconf 87' lang='grc' dir='ltr'><strong>τῶν</strong></span> 
     </span>
    </p>
   </div>
   <div class='ocr_carea' id='block_1_32' title="bbox 424 3186 1997 3260">
    <p class='ocr_par' dir='ltr' id='par_1_32' title="bbox 424 3186 1997 3260">
     <span class='ocr_line' id='line_1_32' title="bbox 424 3186 1997 3260; baseline 0.001 -18"><span class='ocrx_word' id='word_1_279' title='bbox 424 3190 670 3260; x_wconf 79' lang='grc' dir='ltr'><strong>ποτίμων</strong></span> <span class='ocrx_word' id='word_1_280' title='bbox 687 3229 702 3252; x_wconf 95' lang='grc'><strong>,</strong></span> <span class='ocrx_word' id='word_1_281' title='bbox 741 3189 848 3241; x_wconf 85' lang='grc' dir='ltr'><strong>τῶν</strong></span> <span class='ocrx_word' id='word_1_282' title='bbox 886 3186 1170 3258; x_wconf 84' lang='grc' dir='ltr'><strong>ἁλμυρῶν,</strong></span> <span class='ocrx_word' id='word_1_283' title='bbox 1194 3186 1302 3239; x_wconf 89' lang='grc' dir='ltr'><strong>τῶν</strong></span> <span class='ocrx_word' id='word_1_284' title='bbox 1327 3187 1469 3258; x_wconf 85' lang='grc' dir='ltr'><strong>ὀρῶν</strong></span> <span class='ocrx_word' id='word_1_285' title='bbox 1499 3187 1598 3256; x_wconf 79' lang='grc' dir='ltr'><strong>τὴν</strong></span> <span class='ocrx_word' id='word_1_286' title='bbox 1630 3187 1828 3257; x_wconf 88' lang='grc' dir='ltr'><strong>χρῆσιν</strong></span> <span class='ocrx_word' id='word_1_287' title='bbox 1850 3229 1864 3251; x_wconf 92' lang='grc'><strong>,</strong></span> <span class='ocrx_word' id='word_1_288' title='bbox 1888 3189 1997 3243; x_wconf 85' lang='grc' dir='ltr'><strong>τῶν</strong></span> 
     </span>
    </p>
   </div>
   <div class='ocr_carea' id='block_1_33' title="bbox 422 3277 1998 3348">
    <p class='ocr_par' dir='ltr' id='par_1_33' title="bbox 422 3277 1998 3348">
     <span class='ocr_line' id='line_1_33' title="bbox 422 3277 1998 3348; baseline 0 -17"><span class='ocrx_word' id='word_1_289' title='bbox 422 3279 682 3332; x_wconf 73' lang='grc' dir='ltr'><strong>ποικίλων</strong></span> <span class='ocrx_word' id='word_1_290' title='bbox 716 3279 1019 3348; x_wconf 86' lang='grc' dir='ltr'><strong>μαρμάρων</strong></span> <span class='ocrx_word' id='word_1_291' title='bbox 1049 3277 1117 3329; x_wconf 81' lang='grc' dir='ltr'><strong>τά</strong></span> <span class='ocrx_word' id='word_1_292' title='bbox 1151 3277 1380 3346; x_wconf 82' lang='grc' dir='ltr'><strong>μέταλλα</strong></span> <span class='ocrx_word' id='word_1_293' title='bbox 1404 3314 1419 3338; x_wconf 93' lang='grc'><strong>,</strong></span> <span class='ocrx_word' id='word_1_294' title='bbox 1447 3277 1547 3340; x_wconf 83' lang='grc' dir='ltr'><strong>τὰς</strong></span> <span class='ocrx_word' id='word_1_295' title='bbox 1586 3277 1770 3347; x_wconf 81' lang='grc' dir='ltr'><strong>πηγάς</strong></span> <span class='ocrx_word' id='word_1_296' title='bbox 1813 3278 1912 3342; x_wconf 76' lang='grc' dir='ltr'><strong>τὰς</strong></span> <span class='ocrx_word' id='word_1_297' title='bbox 1939 3281 1998 3332; x_wconf 88' lang='grc' dir='ltr'><strong>ἐν</strong></span> 
     </span>
    </p>
   </div>
   <div class='ocr_carea' id='block_1_34' title="bbox 420 3365 1998 3434">
    <p class='ocr_par' dir='ltr' id='par_1_34' title="bbox 420 3365 1998 3434">
     <span class='ocr_line' id='line_1_34' title="bbox 420 3365 1998 3434; baseline -0.001 -15"><span class='ocrx_word' id='word_1_298' title='bbox 420 3367 606 3428; x_wconf 74' lang='grc' dir='ltr'><strong>αὐτοῖς</strong></span> <span class='ocrx_word' id='word_1_299' title='bbox 626 3405 642 3428; x_wconf 93' lang='grc'><strong>,</strong></span> <span class='ocrx_word' id='word_1_300' title='bbox 672 3365 740 3418; x_wconf 89' lang='grc' dir='ltr'><strong>τὰ</strong></span> <span class='ocrx_word' id='word_1_301' title='bbox 767 3365 956 3434; x_wconf 78' lang='grc' dir='ltr'><strong>δένδρα</strong></span> <span class='ocrx_word' id='word_1_302' title='bbox 987 3365 1056 3416; x_wconf 67' lang='grc' dir='ltr'><strong>τὰ</strong></span> <span class='ocrx_word' id='word_1_303' title='bbox 1087 3365 1221 3433; x_wconf 87' lang='grc' dir='ltr'><strong>πρὸς</strong></span> <span class='ocrx_word' id='word_1_304' title='bbox 1240 3365 1470 3433; x_wconf 81' lang='grc' dir='ltr'><strong>ὀρόφους</strong></span> <span class='ocrx_word' id='word_1_305' title='bbox 1498 3365 1777 3433; x_wconf 82' lang='grc' dir='ltr'><strong>ἐπιτήδεια</strong></span> <span class='ocrx_word' id='word_1_306' title='bbox 1804 3366 1898 3418; x_wconf 81' lang='grc' dir='ltr'><strong>καὶ</strong></span> <span class='ocrx_word' id='word_1_307' title='bbox 1923 3367 1998 3418; x_wconf 82' lang='grc' dir='ltr'><strong>οἱ·</strong></span> 
     </span>
    </p>
   </div>
   <div class='ocr_carea' id='block_1_35' title="bbox 421 3451 1994 3524">
    <p class='ocr_par' dir='ltr' id='par_1_35' title="bbox 421 3451 1994 3524">
     <span class='ocr_line' id='line_1_35' title="bbox 421 3451 1994 3524; baseline -0.002 -17"><span class='ocrx_word' id='word_1_308' title='bbox 421 3454 689 3524; x_wconf 85' lang='grc' dir='ltr'><strong>κοδομήν;</strong></span> <span class='ocrx_word' id='word_1_309' title='bbox 729 3453 912 3506; x_wconf 86' lang='grc' dir='ltr'><strong>Ταῦτα</strong></span> <span class='ocrx_word' id='word_1_310' title='bbox 965 3455 1138 3506; x_wconf 80' lang='grc' dir='ltr'><strong>πάντα</strong></span> <span class='ocrx_word' id='word_1_311' title='bbox 1190 3453 1290 3522; x_wconf 80' lang='grc' dir='ltr'><strong>τῆς</strong></span> <span class='ocrx_word' id='word_1_312' title='bbox 1329 3453 1537 3523; x_wconf 80' lang='grc' dir='ltr'><strong>ἐρήμου</strong></span> <span class='ocrx_word' id='word_1_313' title='bbox 1571 3452 1782 3522; x_wconf 87' lang='grc' dir='ltr'><strong>καρπός</strong></span> <span class='ocrx_word' id='word_1_314' title='bbox 1809 3469 1823 3482; x_wconf 73' lang='grc' dir='ltr'><strong>ο</strong></span> <span class='ocrx_word' id='word_1_315' title='bbox 1855 3451 1994 3524; x_wconf 91' lang='grc' dir='ltr'><strong>αὕτη</strong></span> 
     </span>
    </p>
   </div>
   <div class='ocr_carea' id='block_1_36' title="bbox 420 3539 1996 3611">
    <p class='ocr_par' dir='ltr' id='par_1_36' title="bbox 420 3539 1996 3611">
     <span class='ocr_line' id='line_1_36' title="bbox 420 3539 1996 3611; baseline -0.003 -13"><span class='ocrx_word' id='word_1_316' title='bbox 420 3545 516 3598; x_wconf 77' lang='grc' dir='ltr'><strong>καὶ</strong></span> <span class='ocrx_word' id='word_1_317' title='bbox 539 3541 659 3606; x_wconf 78' lang='grc' dir='ltr'><strong>ζῶα.</strong></span> <span class='ocrx_word' id='word_1_318' title='bbox 686 3543 781 3594; x_wconf 79' lang='grc' dir='ltr'><strong>καὶ</strong></span> <span class='ocrx_word' id='word_1_319' title='bbox 812 3539 974 3611; x_wconf 82' lang='grc' dir='ltr'><strong>θηρία</strong></span> <span class='ocrx_word' id='word_1_320' title='bbox 995 3540 1170 3595; x_wconf 87' lang='grc' dir='ltr'><strong>πάντα</strong></span> <span class='ocrx_word' id='word_1_321' title='bbox 1192 3540 1400 3610; x_wconf 89' lang='grc' dir='ltr'><strong>τρέφει.</strong></span> <span class='ocrx_word' id='word_1_322' title='bbox 1433 3539 1497 3591; x_wconf 92' lang='grc' dir='ltr'><strong>Τί</strong></span> <span class='ocrx_word' id='word_1_323' title='bbox 1530 3539 1595 3592; x_wconf 78' lang='grc' dir='ltr'><strong>ἄν</strong></span> <span class='ocrx_word' id='word_1_324' title='bbox 1621 3557 1702 3602; x_wconf 90' lang='grc' dir='ltr'><strong>τις</strong></span> <span class='ocrx_word' id='word_1_325' title='bbox 1730 3541 1872 3593; x_wconf 80' lang='grc' dir='ltr'><strong>είποι</strong></span> <span class='ocrx_word' id='word_1_326' title='bbox 1898 3539 1996 3605; x_wconf 74' lang='grc' dir='ltr'><strong>τὰς</strong></span> 
     </span>
    </p>
   </div>
   <div class='ocr_carea' id='block_1_37' title="bbox 421 3625 1994 3700">
    <p class='ocr_par' dir='ltr' id='par_1_37' title="bbox 421 3625 1994 3700">
     <span class='ocr_line' id='line_1_37' title="bbox 421 3625 1994 3700; baseline -0.002 -18"><span class='ocrx_word' id='word_1_327' title='bbox 421 3630 617 3700; x_wconf 80' lang='grc' dir='ltr'><strong>λίμνας</strong></span> <span class='ocrx_word' id='word_1_328' title='bbox 636 3668 652 3692; x_wconf 93' lang='grc'><strong>,</strong></span> <span class='ocrx_word' id='word_1_329' title='bbox 696 3628 795 3691; x_wconf 84' lang='grc' dir='ltr'><strong>τάς</strong></span> <span class='ocrx_word' id='word_1_330' title='bbox 823 3627 1004 3694; x_wconf 83' lang='grc' dir='ltr'><strong>πηγὰς</strong></span> <span class='ocrx_word' id='word_1_331' title='bbox 1025 3669 1038 3689; x_wconf 88' lang='grc'><strong>,</strong></span> <span class='ocrx_word' id='word_1_332' title='bbox 1071 3628 1194 3690; x_wconf 83' lang='grc' dir='ltr'><strong>τοὺς</strong></span> <span class='ocrx_word' id='word_1_333' title='bbox 1233 3625 1544 3696; x_wconf 86' lang='grc' dir='ltr'><strong>ποταμούς;</strong></span> <span class='ocrx_word' id='word_1_334' title='bbox 1572 3627 1841 3696; x_wconf 81' lang='grc' dir='ltr'><strong>Καθάπερ</strong></span> <span class='ocrx_word' id='word_1_335' title='bbox 1886 3627 1994 3698; x_wconf 83' lang='grc' dir='ltr'><strong>γὰρ</strong></span> 
     </span>
    </p>
   </div>
   <div class='ocr_carea' id='block_1_38' title="bbox 422 3713 1990 3786">
    <p class='ocr_par' dir='ltr' id='par_1_38' title="bbox 422 3713 1990 3786">
     <span class='ocr_line' id='line_1_38' title="bbox 422 3713 1990 3786; baseline -0.002 -17"><span class='ocrx_word' id='word_1_336' title='bbox 422 3719 480 3783; x_wconf 76' lang='grc' dir='ltr'><strong>αἱ</strong></span> <span class='ocrx_word' id='word_1_337' title='bbox 510 3715 768 3769; x_wconf 81' lang='grc' dir='ltr'><strong>τεκοῦσαι</strong></span> <span class='ocrx_word' id='word_1_338' title='bbox 799 3717 1055 3782; x_wconf 87' lang='grc' dir='ltr'><strong>γυναῖκες</strong></span> <span class='ocrx_word' id='word_1_339' title='bbox 1077 3755 1092 3780; x_wconf 87' lang='grc'><strong>,</strong></span> <span class='ocrx_word' id='word_1_340' title='bbox 1123 3714 1304 3786; x_wconf 82' lang='grc' dir='ltr'><strong>πηγὴν</strong></span> <span class='ocrx_word' id='word_1_341' title='bbox 1333 3713 1602 3780; x_wconf 88' lang='grc' dir='ltr'><strong>γάλακτος</strong></span> <span class='ocrx_word' id='word_1_342' title='bbox 1643 3715 1990 3784; x_wconf 82' lang='grc' dir='ltr'><strong>προχέουσαι,</strong></span> 
     </span>
    </p>
   </div>
   <div class='ocr_carea' id='block_1_39' title="bbox 421 3800 1990 3873">
    <p class='ocr_par' dir='ltr' id='par_1_39' title="bbox 421 3800 1990 3873">
     <span class='ocr_line' id='line_1_39' title="bbox 421 3800 1990 3873; baseline -0.004 -16"><span class='ocrx_word' id='word_1_343' title='bbox 421 3809 534 3868; x_wconf 78' lang='grc' dir='ltr'><strong>τοῖς</strong></span> <span class='ocrx_word' id='word_1_344' title='bbox 561 3803 805 3873; x_wconf 81' lang='grc' dir='ltr'><strong>ἐκγόνοις</strong></span> <span class='ocrx_word' id='word_1_345' title='bbox 834 3801 1128 3873; x_wconf 81' lang='grc' dir='ltr'><strong>παρέχουσι</strong></span> <span class='ocrx_word' id='word_1_346' title='bbox 1154 3802 1386 3871; x_wconf 76' lang='grc' dir='ltr'><strong>τροφήν·</strong></span> <span class='ocrx_word' id='word_1_347' title='bbox 1441 3800 1581 3853; x_wconf 90' lang='grc' dir='ltr'><strong>οὕτω</strong></span> <span class='ocrx_word' id='word_1_348' title='bbox 1612 3800 1675 3871; x_wconf 87' lang='grc' dir='ltr'><strong>δὴ</strong></span> <span class='ocrx_word' id='word_1_349' title='bbox 1706 3802 1798 3852; x_wconf 78' lang='grc' dir='ltr'><strong>καὶ</strong></span> <span class='ocrx_word' id='word_1_350' title='bbox 1833 3803 1865 3871; x_wconf 90' lang='grc' dir='ltr'><strong>ή</strong></span> <span class='ocrx_word' id='word_1_351' title='bbox 1897 3800 1990 3870; x_wconf 85' lang='grc' dir='ltr'><strong>γῆ,</strong></span> 
     </span>
    </p>
   </div>
   <div class='ocr_carea' id='block_1_40' title="bbox 423 3887 1996 3964">
    <p class='ocr_par' dir='ltr' id='par_1_40' title="bbox 423 3887 1996 3964">
     <span class='ocr_line' id='line_1_40' title="bbox 423 3887 1996 3964; baseline -0.001 -18"><span class='ocrx_word' id='word_1_352' title='bbox 423 3895 620 3964; x_wconf 78' lang='grc' dir='ltr'><strong>κήποις</strong></span> <span class='ocrx_word' id='word_1_353' title='bbox 664 3892 756 3946; x_wconf 73' lang='grc' dir='ltr'><strong>καὶ</strong></span> <span class='ocrx_word' id='word_1_354' title='bbox 792 3889 1139 3961; x_wconf 82' lang='grc' dir='ltr'><strong>παραδείσοις</strong></span> <span class='ocrx_word' id='word_1_355' title='bbox 1169 3887 1356 3958; x_wconf 80' lang='grc' dir='ltr'><strong>ὥσπερ</strong></span> <span class='ocrx_word' id='word_1_356' title='bbox 1407 3889 1643 3957; x_wconf 77' lang='grc' dir='ltr'><strong>μαστοὺς</strong></span> <span class='ocrx_word' id='word_1_357' title='bbox 1679 3889 1996 3944; x_wconf 78' lang='grc' dir='ltr'><strong>ἐκτείνουσα</strong></span> 
     </span>
    </p>
   </div>
   <div class='ocr_carea' id='block_1_41' title="bbox 422 3977 1994 4052">
    <p class='ocr_par' dir='ltr' id='par_1_41' title="bbox 422 3977 1994 4052">
     <span class='ocr_line' id='line_1_41' title="bbox 422 3977 1994 4052; baseline -0.004 -15"><span class='ocrx_word' id='word_1_358' title='bbox 422 3986 550 4047; x_wconf 71' lang='grc' dir='ltr'><strong>τοὺς</strong></span> <span class='ocrx_word' id='word_1_359' title='bbox 591 3983 868 4052; x_wconf 84' lang='grc' dir='ltr'><strong>ποταμοὺς</strong></span> <span class='ocrx_word' id='word_1_360' title='bbox 893 3983 986 4034; x_wconf 71' lang='grc' dir='ltr'><strong>καὶ</strong></span> <span class='ocrx_word' id='word_1_361' title='bbox 1019 3980 1116 4043; x_wconf 84' lang='grc' dir='ltr'><strong>τὰς</strong></span> <span class='ocrx_word' id='word_1_362' title='bbox 1150 3979 1331 4051; x_wconf 76' lang='grc' dir='ltr'><strong>πηγάς</strong></span> <span class='ocrx_word' id='word_1_363' title='bbox 1351 4020 1364 4043; x_wconf 92' lang='grc'><strong>,</strong></span> <span class='ocrx_word' id='word_1_364' title='bbox 1395 3977 1592 4049; x_wconf 76' lang='grc' dir='ltr'><strong>πολλὴν</strong></span> <span class='ocrx_word' id='word_1_365' title='bbox 1633 3979 1860 4049; x_wconf 84' lang='grc' dir='ltr'><strong>παρέχει</strong></span> <span class='ocrx_word' id='word_1_366' title='bbox 1897 3978 1994 4048; x_wconf 80' lang='grc' dir='ltr'><strong>τὴν</strong></span> 
     </span>
    </p>
   </div>
   <div class='ocr_carea' id='block_1_42' title="bbox 423 4065 1996 4141">
    <p class='ocr_par' dir='ltr' id='par_1_42' title="bbox 423 4065 1996 4141">
     <span class='ocr_line' id='line_1_42' title="bbox 423 4065 1996 4141; baseline -0.002 -19"><span class='ocrx_word' id='word_1_367' title='bbox 423 4070 663 4141; x_wconf 82' lang='grc' dir='ltr'><strong>ᾀρδείαν.</strong></span> <span class='ocrx_word' id='word_1_368' title='bbox 707 4067 844 4121; x_wconf 81' lang='grc' dir='ltr'><strong>Ἀλλ’</strong></span> <span class='ocrx_word' id='word_1_369' title='bbox 865 4069 956 4120; x_wconf 72' lang='grc' dir='ltr'><strong>ἐπὶ</strong></span> <span class='ocrx_word' id='word_1_370' title='bbox 994 4067 1088 4136; x_wconf 82' lang='grc' dir='ltr'><strong>μὲν</strong></span> <span class='ocrx_word' id='word_1_371' title='bbox 1119 4067 1228 4120; x_wconf 84' lang='grc' dir='ltr'><strong>τῶν</strong></span> <span class='ocrx_word' id='word_1_372' title='bbox 1249 4066 1521 4135; x_wconf 85' lang='grc' dir='ltr'><strong>γυναικῶν</strong></span> <span class='ocrx_word' id='word_1_373' title='bbox 1543 4107 1556 4131; x_wconf 93' lang='grc'><strong>,</strong></span> <span class='ocrx_word' id='word_1_374' title='bbox 1583 4065 1642 4118; x_wconf 86' lang='grc' dir='ltr'><strong>τὸ</strong></span> <span class='ocrx_word' id='word_1_375' title='bbox 1683 4066 1892 4119; x_wconf 87' lang='grc' dir='ltr'><strong>παιδίον</strong></span> <span class='ocrx_word' id='word_1_376' title='bbox 1916 4065 1996 4119; x_wconf 88' lang='grc' dir='ltr'><strong>δεῖ</strong></span> 
     </span>
    </p>
   </div>
   <div class='ocr_carea' id='block_1_43' title="bbox 427 4153 1996 4230">
    <p class='ocr_par' dir='ltr' id='par_1_43' title="bbox 427 4153 1996 4230">
     <span class='ocr_line' id='line_1_43' title="bbox 427 4153 1996 4230; baseline -0.004 -18"><span class='ocrx_word' id='word_1_377' title='bbox 427 4161 562 4230; x_wconf 72' lang='grc' dir='ltr'><strong>πρὸς</strong></span> <span class='ocrx_word' id='word_1_378' title='bbox 584 4159 682 4230; x_wconf 75' lang='grc' dir='ltr'><strong>τὴν</strong></span> <span class='ocrx_word' id='word_1_379' title='bbox 706 4157 870 4228; x_wconf 80' lang='grc' dir='ltr'><strong>θηλὴν</strong></span> <span class='ocrx_word' id='word_1_380' title='bbox 895 4156 1064 4209; x_wconf 87' lang='grc' dir='ltr'><strong>ἐλθεῖν</strong></span> <span class='ocrx_word' id='word_1_381' title='bbox 1084 4173 1097 4186; x_wconf 88' lang='grc'><strong>·</strong></span> <span class='ocrx_word' id='word_1_382' title='bbox 1123 4155 1352 4210; x_wconf 84' lang='grc' dir='ltr'><strong>ἐνταῦθα</strong></span> <span class='ocrx_word' id='word_1_383' title='bbox 1372 4155 1427 4208; x_wconf 78' lang='grc' dir='ltr'><strong>δὲ</strong></span> <span class='ocrx_word' id='word_1_384' title='bbox 1450 4156 1586 4224; x_wconf 77' lang='grc' dir='ltr'><strong>αὐτὴ</strong></span> <span class='ocrx_word' id='word_1_385' title='bbox 1607 4155 1729 4217; x_wconf 75' lang='grc' dir='ltr'><strong>τοὺς</strong></span> <span class='ocrx_word' id='word_1_386' title='bbox 1757 4153 1996 4225; x_wconf 81' lang='grc' dir='ltr'><strong>μαστοὺς</strong></span> 
     </span>
    </p>
   </div>
   <div class='ocr_carea' id='block_1_44' title="bbox 426 4242 1742 4315">
    <p class='ocr_par' dir='ltr' id='par_1_44' title="bbox 426 4242 1742 4315">
     <span class='ocr_line' id='line_1_44' title="bbox 426 4242 1742 4315; baseline -0.004 -16"><span class='ocrx_word' id='word_1_387' title='bbox 426 4247 654 4299; x_wconf 87' lang='grc' dir='ltr'><strong>ἐκτείνει</strong></span> <span class='ocrx_word' id='word_1_388' title='bbox 681 4245 954 4315; x_wconf 80' lang='grc' dir='ltr'><strong>πανταχοῦ</strong></span> <span class='ocrx_word' id='word_1_389' title='bbox 980 4243 1084 4299; x_wconf 75' lang='grc' dir='ltr'><strong>ἀπὸ</strong></span> <span class='ocrx_word' id='word_1_390' title='bbox 1110 4242 1314 4313; x_wconf 74' lang='grc' dir='ltr'><strong>ὑψηλοῦ</strong></span> <span class='ocrx_word' id='word_1_391' title='bbox 1349 4243 1742 4313; x_wconf 81' lang='grc' dir='ltr'><strong>καταφέρουσα.</strong></span> 
     </span>
    </p>
   </div>
   <div class='ocr_carea' id='block_1_45' title="bbox 499 4330 1996 4403">
    <p class='ocr_par' dir='ltr' id='par_1_45' title="bbox 499 4330 1996 4403">
     <span class='ocr_line' id='line_1_45' title="bbox 499 4330 1996 4403; baseline -0.001 -19"><span class='ocrx_word' id='word_1_392' title='bbox 499 4335 651 4403; x_wconf 75' lang='grc' dir='ltr'><strong>Ἔχει</strong></span> <span class='ocrx_word' id='word_1_393' title='bbox 687 4337 782 4386; x_wconf 69' lang='grc' dir='ltr'><strong>καὶ</strong></span> <span class='ocrx_word' id='word_1_394' title='bbox 808 4333 996 4403; x_wconf 77' lang='grc' dir='ltr'><strong>ἑτέραν</strong></span> <span class='ocrx_word' id='word_1_395' title='bbox 1035 4332 1230 4402; x_wconf 85' lang='grc' dir='ltr'><strong>χρῆσιν</strong></span> <span class='ocrx_word' id='word_1_396' title='bbox 1259 4333 1292 4400; x_wconf 80' lang='grc' dir='ltr'><strong>ἡ</strong></span> <span class='ocrx_word' id='word_1_397' title='bbox 1323 4330 1546 4402; x_wconf 79' lang='grc' dir='ltr'><strong>ἕρημος.</strong></span> <span class='ocrx_word' id='word_1_398' title='bbox 1581 4331 1689 4383; x_wconf 77' lang='grc' dir='ltr'><strong>Καὶ</strong></span> <span class='ocrx_word' id='word_1_399' title='bbox 1722 4330 1830 4400; x_wconf 84' lang='grc' dir='ltr'><strong>γὰρ</strong></span> <span class='ocrx_word' id='word_1_400' title='bbox 1860 4330 1996 4401; x_wconf 80' lang='grc' dir='ltr'><strong>πρὸς</strong></span> 
     </span>
    </p>
   </div>
   <div class='ocr_carea' id='block_1_46' title="bbox 424 4417 1996 4493">
    <p class='ocr_par' dir='ltr' id='par_1_46' title="bbox 424 4417 1996 4493">
     <span class='ocr_line' id='line_1_46' title="bbox 424 4417 1996 4493; baseline -0.006 -15"><span class='ocrx_word' id='word_1_401' title='bbox 424 4423 521 4493; x_wconf 74' lang='grc' dir='ltr'><strong>τὴν</strong></span> <span class='ocrx_word' id='word_1_402' title='bbox 551 4421 642 4473; x_wconf 88' lang='grc' dir='ltr'><strong>τοῦ</strong></span> <span class='ocrx_word' id='word_1_403' title='bbox 675 4420 923 4490; x_wconf 84' lang='grc' dir='ltr'><strong>σώματος</strong></span> <span class='ocrx_word' id='word_1_404' title='bbox 961 4420 1168 4487; x_wconf 86' lang='grc' dir='ltr'><strong>ὐγίειαν</strong></span> <span class='ocrx_word' id='word_1_405' title='bbox 1211 4417 1642 4487; x_wconf 80' lang='grc' dir='ltr'><strong>ἐπιτηδειοτέρα,</strong></span> <span class='ocrx_word' id='word_1_406' title='bbox 1683 4417 1996 4488; x_wconf 80' lang='grc' dir='ltr'><strong>καθαρώτε-</strong></span> 
     </span>
    </p>
   </div>
   <div class='ocr_carea' id='block_1_47' title="bbox 427 4503 1994 4577">
    <p class='ocr_par' dir='ltr' id='par_1_47' title="bbox 427 4503 1994 4577">
     <span class='ocr_line' id='line_1_47' title="bbox 427 4503 1994 4577; baseline -0.003 -18"><span class='ocrx_word' id='word_1_407' title='bbox 427 4524 520 4577; x_wconf 86' lang='grc' dir='ltr'><strong>ρον</strong></span> <span class='ocrx_word' id='word_1_408' title='bbox 546 4506 861 4576; x_wconf 84' lang='grc' dir='ltr'><strong>παρέχουσα</strong></span> <span class='ocrx_word' id='word_1_409' title='bbox 888 4507 1144 4557; x_wconf 85' lang='grc' dir='ltr'><strong>ἀναπνεῖν</strong></span> <span class='ocrx_word' id='word_1_410' title='bbox 1174 4503 1264 4556; x_wconf 82' lang='grc' dir='ltr'><strong>τὸν</strong></span> <span class='ocrx_word' id='word_1_411' title='bbox 1286 4505 1421 4574; x_wconf 84' lang='grc' dir='ltr'><strong>ἀέρα</strong></span> <span class='ocrx_word' id='word_1_412' title='bbox 1440 4544 1453 4566; x_wconf 95' lang='grc'><strong>,</strong></span> <span class='ocrx_word' id='word_1_413' title='bbox 1483 4505 1577 4556; x_wconf 73' lang='grc' dir='ltr'><strong>καὶ</strong></span> <span class='ocrx_word' id='word_1_414' title='bbox 1613 4505 1711 4574; x_wconf 74' lang='grc' dir='ltr'><strong>τὴν</strong></span> <span class='ocrx_word' id='word_1_415' title='bbox 1741 4503 1994 4575; x_wconf 86' lang='grc' dir='ltr'><strong>οἰκουμέ-</strong></span> 
     </span>
    </p>
   </div>
   <div class='ocr_carea' id='block_1_48' title="bbox 427 4591 1994 4666">
    <p class='ocr_par' dir='ltr' id='par_1_48' title="bbox 427 4591 1994 4666">
     <span class='ocr_line' id='line_1_48' title="bbox 427 4591 1994 4666; baseline -0.004 -16"><span class='ocrx_word' id='word_1_416' title='bbox 427 4615 524 4666; x_wconf 88' lang='grc' dir='ltr'><strong>νην</strong></span> <span class='ocrx_word' id='word_1_417' title='bbox 553 4597 646 4664; x_wconf 80' lang='grc' dir='ltr'><strong>ἀφ’</strong></span> <span class='ocrx_word' id='word_1_418' title='bbox 671 4593 874 4664; x_wconf 62' lang='grc' dir='ltr'><strong>ὑψηλοῦ</strong></span> <span class='ocrx_word' id='word_1_419' title='bbox 927 4595 1102 4646; x_wconf 78' lang='grc' dir='ltr'><strong>πᾶσαν</strong></span> <span class='ocrx_word' id='word_1_420' title='bbox 1149 4595 1499 4663; x_wconf 87' lang='grc' dir='ltr'><strong>περισκοπεῖν</strong></span> <span class='ocrx_word' id='word_1_421' title='bbox 1525 4632 1540 4654; x_wconf 95' lang='grc'><strong>,</strong></span> <span class='ocrx_word' id='word_1_422' title='bbox 1568 4593 1660 4644; x_wconf 73' lang='grc' dir='ltr'><strong>καὶ</strong></span> <span class='ocrx_word' id='word_1_423' title='bbox 1688 4595 1754 4664; x_wconf 80' lang='grc' dir='ltr'><strong>τῇ</strong></span> <span class='ocrx_word' id='word_1_424' title='bbox 1790 4591 1994 4665; x_wconf 80' lang='grc' dir='ltr'><strong>ἐρημίᾳ</strong></span> 
     </span>
    </p>
   </div>
   <div class='ocr_carea' id='block_1_49' title="bbox 425 4678 2005 4754">
    <p class='ocr_par' dir='ltr' id='par_1_49' title="bbox 425 4678 2005 4754">
     <span class='ocr_line' id='line_1_49' title="bbox 425 4678 2005 4754; baseline -0.002 -19"><span class='ocrx_word' id='word_1_425' title='bbox 425 4684 809 4752; x_wconf 83' lang='grc' dir='ltr'><strong>ἐμφιλοσοφεῖν</strong></span> <span class='ocrx_word' id='word_1_426' title='bbox 829 4721 845 4744; x_wconf 88' lang='grc'><strong>,</strong></span> <span class='ocrx_word' id='word_1_427' title='bbox 891 4683 985 4734; x_wconf 77' lang='grc' dir='ltr'><strong>καὶ</strong></span> <span class='ocrx_word' id='word_1_428' title='bbox 1024 4680 1128 4733; x_wconf 84' lang='grc' dir='ltr'><strong>τῶν</strong></span> <span class='ocrx_word' id='word_1_429' title='bbox 1157 4681 1213 4732; x_wconf 85' lang='grc' dir='ltr'><strong>ἐν</strong></span> <span class='ocrx_word' id='word_1_430' title='bbox 1238 4679 1316 4750; x_wconf 80' lang='grc' dir='ltr'><strong>τῷ</strong></span> <span class='ocrx_word' id='word_1_431' title='bbox 1349 4678 1447 4749; x_wconf 86' lang='grc' dir='ltr'><strong>βίῳ</strong></span> <span class='ocrx_word' id='word_1_432' title='bbox 1497 4679 1791 4750; x_wconf 79' lang='grc' dir='ltr'><strong>φροντίδων</strong></span> <span class='ocrx_word' id='word_1_433' title='bbox 1816 4679 2005 4754; x_wconf 69' lang='grc' dir='ltr'><strong>ὀλίγον</strong></span> 
     </span>
    </p>
   </div>
   <div class='ocr_carea' id='block_1_50' title="bbox 426 4768 1990 4840">
    <p class='ocr_par' dir='ltr' id='par_1_50' title="bbox 426 4768 1990 4840">
     <span class='ocr_line' id='line_1_50' title="bbox 426 4768 1990 4840; baseline -0.003 -15"><span class='ocrx_word' id='word_1_434' title='bbox 426 4774 705 4826; x_wconf 85' lang='grc' dir='ltr'><strong>ἀναπνεῖν.</strong></span> <span class='ocrx_word' id='word_1_435' title='bbox 741 4772 806 4823; x_wconf 89' lang='grc' dir='ltr'><strong>Τί</strong></span> <span class='ocrx_word' id='word_1_436' title='bbox 831 4773 895 4826; x_wconf 81' lang='grc' dir='ltr'><strong>ἄν</strong></span> <span class='ocrx_word' id='word_1_437' title='bbox 918 4789 1001 4832; x_wconf 85' lang='grc' dir='ltr'><strong>τις</strong></span> <span class='ocrx_word' id='word_1_438' title='bbox 1029 4772 1168 4823; x_wconf 83' lang='grc' dir='ltr'><strong>είποι</strong></span> <span class='ocrx_word' id='word_1_439' title='bbox 1195 4771 1321 4832; x_wconf 77' lang='grc' dir='ltr'><strong>τοὺς</strong></span> <span class='ocrx_word' id='word_1_440' title='bbox 1349 4769 1566 4840; x_wconf 72' lang='grc' dir='ltr'><strong>ὄρνιθας</strong></span> <span class='ocrx_word' id='word_1_441' title='bbox 1593 4770 1717 4831; x_wconf 76' lang='grc' dir='ltr'><strong>τοὺς</strong></span> <span class='ocrx_word' id='word_1_442' title='bbox 1746 4768 1990 4839; x_wconf 78' lang='grc' dir='ltr'><strong>ᾠδικοὺς,</strong></span> 
     </span>
    </p>
   </div>
   <div class='ocr_carea' id='block_1_51' title="bbox 423 4855 1993 4929">
    <p class='ocr_par' dir='ltr' id='par_1_51' title="bbox 423 4855 1993 4929">
     <span class='ocr_line' id='line_1_51' title="bbox 423 4855 1993 4929; baseline -0.003 -17"><span class='ocrx_word' id='word_1_443' title='bbox 423 4861 534 4912; x_wconf 90' lang='grc' dir='ltr'><strong>τῶν</strong></span> <span class='ocrx_word' id='word_1_444' title='bbox 559 4859 848 4929; x_wconf 80' lang='grc' dir='ltr'><strong>ἁλωσίμων</strong></span> <span class='ocrx_word' id='word_1_445' title='bbox 879 4858 1030 4923; x_wconf 80' lang='grc' dir='ltr'><strong>ζώων</strong></span> <span class='ocrx_word' id='word_1_446' title='bbox 1057 4858 1152 4927; x_wconf 76' lang='grc' dir='ltr'><strong>τὴν</strong></span> <span class='ocrx_word' id='word_1_447' title='bbox 1177 4858 1480 4928; x_wconf 80' lang='grc' dir='ltr'><strong>διαγωγήν;</strong></span> <span class='ocrx_word' id='word_1_448' title='bbox 1513 4857 1664 4926; x_wconf 81' lang='grc' dir='ltr'><strong>’Ἔχει</strong></span> <span class='ocrx_word' id='word_1_449' title='bbox 1689 4857 1782 4908; x_wconf 74' lang='grc' dir='ltr'><strong>καὶ</strong></span> <span class='ocrx_word' id='word_1_450' title='bbox 1802 4855 1993 4926; x_wconf 81' lang='grc' dir='ltr'><strong>ἑτέραν</strong></span> 
     </span>
    </p>
   </div>
   <div class='ocr_carea' id='block_1_52' title="bbox 423 4941 1993 5019">
    <p class='ocr_par' dir='ltr' id='par_1_52' title="bbox 423 4941 1993 5019">
     <span class='ocr_line' id='line_1_52' title="bbox 423 4941 1993 5019; baseline 0.003 -19"><span class='ocrx_word' id='word_1_451' title='bbox 423 4948 614 5019; x_wconf 81' lang='grc' dir='ltr'><strong>χρείαν</strong></span> <span class='ocrx_word' id='word_1_452' title='bbox 642 4949 675 5018; x_wconf 79' lang='grc' dir='ltr'>ἡ</span> <span class='ocrx_word' id='word_1_453' title='bbox 707 4947 931 5018; x_wconf 77' lang='grc' dir='ltr'><strong>ἕρημος.</strong></span> <span class='ocrx_word' id='word_1_454' title='bbox 965 4945 1228 5007; x_wconf 84' lang='grc' dir='ltr'><strong>Πολλάκις</strong></span> <span class='ocrx_word' id='word_1_455' title='bbox 1251 4945 1357 5014; x_wconf 87' lang='grc' dir='ltr'><strong>γὰρ</strong></span> <span class='ocrx_word' id='word_1_456' title='bbox 1379 4943 1499 4996; x_wconf 78' lang='grc' dir='ltr'><strong>ἀντὶ</strong></span> <span class='ocrx_word' id='word_1_457' title='bbox 1522 4941 1716 5013; x_wconf 79' lang='grc' dir='ltr'><strong>τειχῶν</strong></span> <span class='ocrx_word' id='word_1_458' title='bbox 1741 4943 1860 5004; x_wconf 83' lang='grc' dir='ltr'><strong>ταῖς</strong></span> <span class='ocrx_word' id='word_1_459' title='bbox 1888 4941 1993 5010; x_wconf 71' lang='grc' dir='ltr'><strong>κώ·</strong></span> 
     </span>
    </p>
   </div>
   <div class='ocr_carea' id='block_1_53' title="bbox 427 5028 1988 5107">
    <p class='ocr_par' dir='ltr' id='par_1_53' title="bbox 427 5028 1988 5107">
     <span class='ocr_line' id='line_1_53' title="bbox 427 5028 1988 5107; baseline -0.006 -19"><span class='ocrx_word' id='word_1_460' title='bbox 427 5053 550 5107; x_wconf 83' lang='grc' dir='ltr'><strong>ραις</strong></span> <span class='ocrx_word' id='word_1_461' title='bbox 589 5035 782 5102; x_wconf 78' lang='grc' dir='ltr'><strong>γέγονε</strong></span> <span class='ocrx_word' id='word_1_462' title='bbox 807 5074 822 5098; x_wconf 93' lang='grc'><strong>,</strong></span> <span class='ocrx_word' id='word_1_463' title='bbox 873 5032 1008 5104; x_wconf 79' lang='grc' dir='ltr'><strong>πρὸς</strong></span> <span class='ocrx_word' id='word_1_464' title='bbox 1053 5032 1182 5102; x_wconf 59' lang='grc' dir='ltr'><strong>ὕψος</strong></span> <span class='ocrx_word' id='word_1_465' title='bbox 1215 5031 1412 5101; x_wconf 72' lang='grc' dir='ltr'><strong>ἔχουσα</strong></span> <span class='ocrx_word' id='word_1_466' title='bbox 1447 5029 1818 5099; x_wconf 79' lang='grc' dir='ltr'><strong>ἀνατεταμένα</strong></span> <span class='ocrx_word' id='word_1_467' title='bbox 1867 5028 1988 5099; x_wconf 76' lang='grc' dir='ltr'><strong>ὅρη,</strong></span> 
     </span>
    </p>
   </div>
   <div class='ocr_carea' id='block_1_54' title="bbox 425 5116 1992 5194">
    <p class='ocr_par' dir='ltr' id='par_1_54' title="bbox 425 5116 1992 5194">
     <span class='ocr_line' id='line_1_54' title="bbox 425 5116 1992 5194; baseline -0.006 -17"><span class='ocrx_word' id='word_1_468' title='bbox 425 5124 520 5177; x_wconf 82' lang='grc' dir='ltr'><strong>καὶ</strong></span> <span class='ocrx_word' id='word_1_469' title='bbox 558 5125 875 5194; x_wconf 82' lang='grc' dir='ltr'><strong>φάραγγας,</strong></span> <span class='ocrx_word' id='word_1_470' title='bbox 919 5123 1013 5174; x_wconf 74' lang='grc' dir='ltr'><strong>καὶ</strong></span> <span class='ocrx_word' id='word_1_471' title='bbox 1063 5118 1358 5191; x_wconf 86' lang='grc' dir='ltr'><strong>κρημνούς.</strong></span> <span class='ocrx_word' id='word_1_472' title='bbox 1394 5118 1459 5170; x_wconf 89' lang='grc' dir='ltr'><strong>Τί</strong></span> <span class='ocrx_word' id='word_1_473' title='bbox 1495 5118 1558 5170; x_wconf 82' lang='grc' dir='ltr'><strong>ἄν</strong></span> <span class='ocrx_word' id='word_1_474' title='bbox 1587 5133 1672 5179; x_wconf 86' lang='grc' dir='ltr'><strong>τις</strong></span> <span class='ocrx_word' id='word_1_475' title='bbox 1705 5116 1848 5170; x_wconf 86' lang='grc' dir='ltr'><strong>εἴποι</strong></span> <span class='ocrx_word' id='word_1_476' title='bbox 1891 5116 1992 5178; x_wconf 83' lang='grc' dir='ltr'><strong>τὰς</strong></span> 
     </span>
    </p>
   </div>
   <div class='ocr_carea' id='block_1_55' title="bbox 427 5204 1992 5279">
    <p class='ocr_par' dir='ltr' id='par_1_55' title="bbox 427 5204 1992 5279">
     <span class='ocr_line' id='line_1_55' title="bbox 427 5204 1992 5279; baseline -0.003 -19"><span class='ocrx_word' id='word_1_477' title='bbox 427 5210 655 5279; x_wconf 76' lang='grc' dir='ltr'><strong>βοτάνας</strong></span> <span class='ocrx_word' id='word_1_478' title='bbox 681 5211 780 5272; x_wconf 71' lang='grc' dir='ltr'><strong>τὰς</strong></span> <span class='ocrx_word' id='word_1_479' title='bbox 809 5213 866 5262; x_wconf 86' lang='grc' dir='ltr'><strong>ἐν</strong></span> <span class='ocrx_word' id='word_1_480' title='bbox 895 5210 1080 5269; x_wconf 82' lang='grc' dir='ltr'><strong>αὐταῖς</strong></span> <span class='ocrx_word' id='word_1_481' title='bbox 1101 5206 1454 5276; x_wconf 86' lang='grc' dir='ltr'><strong>τικτομένας,</strong></span> <span class='ocrx_word' id='word_1_482' title='bbox 1483 5204 1695 5274; x_wconf 85' lang='grc' dir='ltr'><strong>σώμασι</strong></span> <span class='ocrx_word' id='word_1_483' title='bbox 1726 5205 1992 5274; x_wconf 85' lang='grc' dir='ltr'><strong>κάμνουσι</strong></span> 
     </span>
    </p>
   </div>
   <div class='ocr_carea' id='block_1_56' title="bbox 427 5291 1992 5369">
    <p class='ocr_par' dir='ltr' id='par_1_56' title="bbox 427 5291 1992 5369">
     <span class='ocr_line' id='line_1_56' title="bbox 427 5291 1992 5369; baseline -0.004 -20"><span class='ocrx_word' id='word_1_484' title='bbox 427 5297 627 5369; x_wconf 83' lang='grc' dir='ltr'><strong>πολλὴν</strong></span> <span class='ocrx_word' id='word_1_485' title='bbox 651 5295 1010 5367; x_wconf 71' lang='grc' dir='ltr'><strong>εἰσφερούσας</strong></span> <span class='ocrx_word' id='word_1_486' title='bbox 1045 5294 1144 5365; x_wconf 81' lang='grc' dir='ltr'><strong>τὴν</strong></span> <span class='ocrx_word' id='word_1_487' title='bbox 1185 5292 1561 5363; x_wconf 86' lang='grc' dir='ltr'><strong>λειτουργίαν;</strong></span> <span class='ocrx_word' id='word_1_488' title='bbox 1593 5293 1654 5344; x_wconf 71' lang='lat' dir='ltr'><strong>El</strong></span> <span class='ocrx_word' id='word_1_489' title='bbox 1683 5291 1739 5356; x_wconf 83' lang='grc' dir='ltr'><strong>δὲ</strong></span> <span class='ocrx_word' id='word_1_490' title='bbox 1769 5293 1992 5363; x_wconf 81' lang='grc' dir='ltr'><strong>ἐρήμων</strong></span> 
     </span>
    </p>
   </div>
   <div class='ocr_carea' id='block_1_57' title="bbox 426 5379 1988 5455">
    <p class='ocr_par' dir='ltr' id='par_1_57' title="bbox 426 5379 1988 5455">
     <span class='ocr_line' id='line_1_57' title="bbox 426 5379 1988 5455; baseline -0.005 -18"><span class='ocrx_word' id='word_1_491' title='bbox 426 5385 516 5451; x_wconf 73' lang='grc' dir='ltr'><strong>καί</strong></span> <span class='ocrx_word' id='word_1_492' title='bbox 548 5385 692 5455; x_wconf 78' lang='grc' dir='ltr'><strong>ὀρῶν</strong></span> <span class='ocrx_word' id='word_1_493' title='bbox 736 5383 967 5454; x_wconf 84' lang='grc' dir='ltr'><strong>τοσαύτη</strong></span> <span class='ocrx_word' id='word_1_494' title='bbox 1000 5385 1032 5453; x_wconf 88' lang='grc' dir='ltr'><strong>ή</strong></span> <span class='ocrx_word' id='word_1_495' title='bbox 1074 5382 1265 5453; x_wconf 87' lang='grc' dir='ltr'><strong>χρεία,</strong></span> <span class='ocrx_word' id='word_1_496' title='bbox 1295 5379 1526 5448; x_wconf 79' lang='grc' dir='ltr'><strong>τοσαύτη</strong></span> <span class='ocrx_word' id='word_1_497' title='bbox 1574 5379 1682 5431; x_wconf 88' lang='grc' dir='ltr'><strong>τῶν</strong></span> <span class='ocrx_word' id='word_1_498' title='bbox 1711 5379 1928 5447; x_wconf 85' lang='grc' dir='ltr'><strong>ἀγαθῶν</strong></span> <span class='ocrx_word' id='word_1_499' title='bbox 1958 5381 1988 5447; x_wconf 82' lang='grc' dir='ltr'><strong>ἡ</strong></span> 
     </span>
    </p>
   </div>
   <div class='ocr_carea' id='block_1_58' title="bbox 424 5467 1992 5542">
    <p class='ocr_par' dir='ltr' id='par_1_58' title="bbox 424 5467 1992 5542">
     <span class='ocr_line' id='line_1_58' title="bbox 424 5467 1992 5542; baseline -0.004 -17"><span class='ocrx_word' id='word_1_500' title='bbox 424 5474 659 5542; x_wconf 77' lang='grc' dir='ltr'><strong>χορηγία</strong></span> <span class='ocrx_word' id='word_1_501' title='bbox 681 5489 694 5501; x_wconf 90' lang='grc'>·</span> <span class='ocrx_word' id='word_1_502' title='bbox 727 5473 774 5524; x_wconf 81' lang='grc' dir='ltr'><strong>εί</strong></span> <span class='ocrx_word' id='word_1_503' title='bbox 803 5471 938 5542; x_wconf 80' lang='grc' dir='ltr'><strong>πρὸς</strong></span> <span class='ocrx_word' id='word_1_504' title='bbox 974 5471 1073 5540; x_wconf 77' lang='grc' dir='ltr'><strong>τὴν</strong></span> <span class='ocrx_word' id='word_1_505' title='bbox 1095 5470 1354 5539; x_wconf 87' lang='grc' dir='ltr'><strong>ἀρόσιμον</strong></span> <span class='ocrx_word' id='word_1_506' title='bbox 1382 5467 1552 5529; x_wconf 75' lang='grc' dir='ltr'><strong>ἔλθοις</strong></span> <span class='ocrx_word' id='word_1_507' title='bbox 1574 5507 1587 5529; x_wconf 95' lang='grc'><strong>,</strong></span> <span class='ocrx_word' id='word_1_508' title='bbox 1609 5467 1701 5520; x_wconf 80' lang='grc' dir='ltr'><strong>καὶ</strong></span> <span class='ocrx_word' id='word_1_509' title='bbox 1731 5467 1800 5520; x_wconf 78' lang='grc' dir='ltr'><strong>τά</strong></span> <span class='ocrx_word' id='word_1_510' title='bbox 1826 5467 1992 5519; x_wconf 91' lang='grc' dir='ltr'><strong>ὕπτια</strong></span> 
     </span>
    </p>
   </div>
   <div class='ocr_carea' id='block_1_59' title="bbox 426 5555 1990 5628">
    <p class='ocr_par' dir='ltr' id='par_1_59' title="bbox 426 5555 1990 5628">
     <span class='ocr_line' id='line_1_59' title="bbox 426 5555 1990 5628; baseline -0.004 -17"><span class='ocrx_word' id='word_1_511' title='bbox 426 5561 605 5620; x_wconf 82' lang='grc' dir='ltr'><strong>πεδία,</strong></span> <span class='ocrx_word' id='word_1_512' title='bbox 642 5558 891 5628; x_wconf 83' lang='grc' dir='ltr'><strong>ἐννόησον</strong></span> <span class='ocrx_word' id='word_1_513' title='bbox 920 5559 1090 5618; x_wconf 80' lang='grc' dir='ltr'><strong>πόσας</strong></span> <span class='ocrx_word' id='word_1_514' title='bbox 1109 5557 1228 5625; x_wconf 62' lang='grc' dir='ltr'><strong>ὕψει</strong></span> <span class='ocrx_word' id='word_1_515' title='bbox 1253 5557 1348 5618; x_wconf 78' lang='grc' dir='ltr'><strong>τὰς</strong></span> <span class='ocrx_word' id='word_1_516' title='bbox 1376 5557 1557 5624; x_wconf 77' lang='grc' dir='ltr'><strong>πηγάς</strong></span> <span class='ocrx_word' id='word_1_517' title='bbox 1581 5555 1687 5606; x_wconf 87' lang='grc' dir='ltr'><strong>τῶν</strong></span> <span class='ocrx_word' id='word_1_518' title='bbox 1719 5555 1876 5626; x_wconf 75' lang='grc' dir='ltr'><strong>διηγη</strong></span> <span class='ocrx_word' id='word_1_519' title='bbox 1887 5555 1990 5624; x_wconf 86' lang='grc' dir='ltr'><strong>μά-</strong></span> 
     </span>
    </p>
   </div>
   <div class='ocr_carea' id='block_1_60' title="bbox 425 5642 1991 5716">
    <p class='ocr_par' dir='ltr' id='par_1_60' title="bbox 425 5642 1991 5716">
     <span class='ocr_line' id='line_1_60' title="bbox 425 5642 1991 5716; baseline -0.004 -17"><span class='ocrx_word' id='word_1_520' title='bbox 425 5662 552 5699; x_wconf 83' lang='grc' dir='ltr'><strong>των.</strong></span> <span class='ocrx_word' id='word_1_521' title='bbox 575 5645 841 5715; x_wconf 78' lang='grc' dir='ltr'><strong>Καθάπερ</strong></span> <span class='ocrx_word' id='word_1_522' title='bbox 865 5646 971 5716; x_wconf 79' lang='grc' dir='ltr'><strong>γάρ</strong></span> <span class='ocrx_word' id='word_1_523' title='bbox 995 5646 1051 5696; x_wconf 88' lang='grc' dir='ltr'><strong>ἐν</strong></span> <span class='ocrx_word' id='word_1_524' title='bbox 1075 5643 1151 5713; x_wconf 79' lang='grc' dir='ltr'><strong>τῷ</strong></span> <span class='ocrx_word' id='word_1_525' title='bbox 1178 5642 1385 5714; x_wconf 78' lang='grc' dir='ltr'><strong>σώματι</strong></span> <span class='ocrx_word' id='word_1_526' title='bbox 1412 5642 1489 5713; x_wconf 81' lang='grc' dir='ltr'><strong>τῷ</strong></span> <span class='ocrx_word' id='word_1_527' title='bbox 1516 5643 1770 5715; x_wconf 77' lang='grc' dir='ltr'><strong>ἡμετέρῳ</strong></span> <span class='ocrx_word' id='word_1_528' title='bbox 1801 5643 1868 5695; x_wconf 72' lang='grc' dir='ltr'><strong>τά</strong></span> <span class='ocrx_word' id='word_1_529' title='bbox 1894 5642 1991 5710; x_wconf 89' lang='grc' dir='ltr'><strong>μέν</strong></span> 
     </span>
    </p>
   </div>
   <div class='ocr_carea' id='block_1_61' title="bbox 490 5840 1341 5908">
    <p class='ocr_par' dir='ltr' id='par_1_61' title="bbox 490 5840 1341 5908">
     <span class='ocr_line' id='line_1_61' title="bbox 490 5840 1341 5908; baseline -0.007 -13"><span class='ocrx_word' id='word_1_530' title='bbox 490 5848 518 5895; x_wconf 56' lang='grc' dir='ltr'><strong>ἓ</strong></span> <span class='ocrx_word' id='word_1_531' title='bbox 550 5846 955 5908; x_wconf 75' lang='grc' dir='ltr'><strong>Ἀναλογιζὸμενοι</strong></span> <span class='ocrx_word' id='word_1_532' title='bbox 975 5845 1114 5894; x_wconf 65' lang='grc' dir='ltr'><strong>(ἔρρει</strong></span> <span class='ocrx_word' id='word_1_533' title='bbox 1141 5845 1189 5892; x_wconf 84' lang='lat' dir='ltr'><strong>in</strong></span> <span class='ocrx_word' id='word_1_534' title='bbox 1210 5840 1341 5894; x_wconf 83' lang='lat' dir='ltr'><strong>Colb.</strong></span> 
     </span>
    </p>
   </div>
   <div class='ocr_carea' id='block_1_62' title="bbox 1413 391 2383 455">
    <p class='ocr_par' dir='ltr' id='par_1_62' title="bbox 1413 391 2383 455">
     <span class='ocr_line' id='line_1_62' title="bbox 1413 391 2383 455; baseline 0.007 -8"><span class='ocrx_word' id='word_1_535' title='bbox 1413 391 1782 451; x_wconf 72' lang='lat' dir='ltr'><strong>EXPOSITIO</strong></span> <span class='ocrx_word' id='word_1_536' title='bbox 1813 395 1877 451; x_wconf 79' lang='grc' dir='ltr'><strong>ΙΝ</strong></span> <span class='ocrx_word' id='word_1_537' title='bbox 1917 395 2249 455; x_wconf 80' lang='lat' dir='ltr'><strong>PSALMUM</strong></span> <span class='ocrx_word' id='word_1_538' title='bbox 2287 398 2383 454; x_wconf 82' lang='lat' dir='ltr'><strong>IX.</strong></span> 
     </span>
    </p>
   </div>
   <div class='ocr_carea' id='block_1_63' title="bbox 3561 411 3666 468">
    <p class='ocr_par' dir='ltr' id='par_1_63' title="bbox 3561 411 3666 468">
     <span class='ocr_line' id='line_1_63' title="bbox 3561 411 3666 468; baseline 0.029 -3"><span class='ocrx_word' id='word_1_539' title='bbox 3561 411 3666 468; x_wconf 69' lang='grc'><strong>124</strong></span> 
     </span>
    </p>
   </div>
   <div class='ocr_carea' id='block_1_64' title="bbox 2105 518 3679 598">
    <p class='ocr_par' dir='ltr' id='par_1_64' title="bbox 2105 518 3679 598">
     <span class='ocr_line' id='line_1_64' title="bbox 2105 518 3679 598; baseline 0.008 -28"><span class='ocrx_word' id='word_1_540' title='bbox 2105 519 2250 571; x_wconf 87' lang='grc' dir='ltr'><strong>ἐστιν</strong></span> <span class='ocrx_word' id='word_1_541' title='bbox 2283 520 2434 585; x_wconf 80' lang='grc' dir='ltr'><strong>ὀστᾶ,</strong></span> <span class='ocrx_word' id='word_1_542' title='bbox 2471 518 2538 573; x_wconf 72' lang='grc' dir='ltr'><strong>τὰ</strong></span> <span class='ocrx_word' id='word_1_543' title='bbox 2563 521 2620 574; x_wconf 84' lang='grc' dir='ltr'><strong>δὲ</strong></span> <span class='ocrx_word' id='word_1_544' title='bbox 2647 521 2833 594; x_wconf 87' lang='grc' dir='ltr'><strong>νεῦρα,</strong></span> <span class='ocrx_word' id='word_1_545' title='bbox 2863 524 2930 577; x_wconf 78' lang='grc' dir='ltr'><strong>τὰ</strong></span> <span class='ocrx_word' id='word_1_546' title='bbox 2959 525 3016 577; x_wconf 81' lang='grc' dir='ltr'><strong>δὲ</strong></span> <span class='ocrx_word' id='word_1_547' title='bbox 3047 525 3246 598; x_wconf 83' lang='grc' dir='ltr'><strong>σάρκες</strong></span> <span class='ocrx_word' id='word_1_548' title='bbox 3271 544 3282 557; x_wconf 89' lang='grc'><strong>·</strong></span> <span class='ocrx_word' id='word_1_549' title='bbox 3317 526 3458 580; x_wconf 90' lang='grc' dir='ltr'><strong>οὕτω</strong></span> <span class='ocrx_word' id='word_1_550' title='bbox 3498 529 3590 582; x_wconf 71' lang='grc' dir='ltr'><strong>καὶ</strong></span> <span class='ocrx_word' id='word_1_551' title='bbox 3618 529 3679 582; x_wconf 66' lang='grc' dir='ltr'><strong>ἐν</strong></span> 
     </span>
    </p>
   </div>
   <div class='ocr_carea' id='block_1_65' title="bbox 2101 611 3678 692">
    <p class='ocr_par' dir='ltr' id='par_1_65' title="bbox 2101 611 3678 692">
     <span class='ocr_line' id='line_1_65' title="bbox 2101 611 3678 692; baseline 0.008 -31"><span class='ocrx_word' id='word_1_552' title='bbox 2101 612 2169 680; x_wconf 80' lang='grc' dir='ltr'><strong>τῇ</strong></span> <span class='ocrx_word' id='word_1_553' title='bbox 2195 613 2264 679; x_wconf 82' lang='grc' dir='ltr'><strong>γῇ</strong></span> <span class='ocrx_word' id='word_1_554' title='bbox 2288 651 2302 675; x_wconf 97' lang='grc'><strong>,</strong></span> <span class='ocrx_word' id='word_1_555' title='bbox 2345 611 2412 663; x_wconf 70' lang='grc' dir='ltr'><strong>τὰ</strong></span> <span class='ocrx_word' id='word_1_556' title='bbox 2450 612 2548 681; x_wconf 81' lang='grc' dir='ltr'><strong>μὲν</strong></span> <span class='ocrx_word' id='word_1_557' title='bbox 2578 613 2709 684; x_wconf 80' lang='grc' dir='ltr'><strong>ὅρη,</strong></span> <span class='ocrx_word' id='word_1_558' title='bbox 2740 614 2810 666; x_wconf 71' lang='grc' dir='ltr'><strong>τὰ</strong></span> <span class='ocrx_word' id='word_1_559' title='bbox 2845 615 2901 668; x_wconf 81' lang='grc' dir='ltr'><strong>δὲ</strong></span> <span class='ocrx_word' id='word_1_560' title='bbox 2935 617 3246 687; x_wconf 81' lang='grc' dir='ltr'><strong>φάραγγες,</strong></span> <span class='ocrx_word' id='word_1_561' title='bbox 3277 619 3344 672; x_wconf 85' lang='grc' dir='ltr'><strong>τά</strong></span> <span class='ocrx_word' id='word_1_562' title='bbox 3380 619 3436 672; x_wconf 81' lang='grc' dir='ltr'><strong>δὲ</strong></span> <span class='ocrx_word' id='word_1_563' title='bbox 3471 619 3678 692; x_wconf 85' lang='grc' dir='ltr'><strong>λιπαρά</strong></span> 
     </span>
    </p>
   </div>
   <div class='ocr_carea' id='block_1_66' title="bbox 2101 703 3676 782">
    <p class='ocr_par' dir='ltr' id='par_1_66' title="bbox 2101 703 3676 782">
     <span class='ocr_line' id='line_1_66' title="bbox 2101 703 3676 782; baseline 0.006 -28"><span class='ocrx_word' id='word_1_564' title='bbox 2101 703 2306 774; x_wconf 88' lang='grc' dir='ltr'><strong>χωρία·</strong></span> <span class='ocrx_word' id='word_1_565' title='bbox 2337 704 2512 758; x_wconf 88' lang='grc' dir='ltr'><strong>πάντα</strong></span> <span class='ocrx_word' id='word_1_566' title='bbox 2548 703 2604 759; x_wconf 86' lang='grc' dir='ltr'><strong>δὲ</strong></span> <span class='ocrx_word' id='word_1_567' title='bbox 2631 705 2800 759; x_wconf 89' lang='grc' dir='ltr'><strong>ταῦτα</strong></span> <span class='ocrx_word' id='word_1_568' title='bbox 2838 709 3104 778; x_wconf 86' lang='grc' dir='ltr'><strong>χρήσιμα.</strong></span> <span class='ocrx_word' id='word_1_569' title='bbox 3136 709 3178 761; x_wconf 89' lang='grc' dir='ltr'><strong>Τ</strong></span> <span class='ocrx_word' id='word_1_570' title='bbox 3185 710 3199 762; x_wconf 92' lang='grc' dir='ltr'><strong>ί</strong></span> <span class='ocrx_word' id='word_1_571' title='bbox 3228 709 3371 778; x_wconf 88' lang='grc' dir='ltr'><strong>λέγω</strong></span> <span class='ocrx_word' id='word_1_572' title='bbox 3415 711 3508 782; x_wconf 82' lang='grc' dir='ltr'><strong>τὴν</strong></span> <span class='ocrx_word' id='word_1_573' title='bbox 3548 712 3676 782; x_wconf 88' lang='grc' dir='ltr'><strong>γῆν,</strong></span> 
     </span>
    </p>
   </div>
   <div class='ocr_carea' id='block_1_67' title="bbox 2099 795 3678 876">
    <p class='ocr_par' dir='ltr' id='par_1_67' title="bbox 2099 795 3678 876">
     <span class='ocr_line' id='line_1_67' title="bbox 2099 795 3678 876; baseline 0.007 -29"><span class='ocrx_word' id='word_1_574' title='bbox 2099 795 2351 849; x_wconf 89' lang='grc' dir='ltr'><strong>τοσοῦτον</strong></span> <span class='ocrx_word' id='word_1_575' title='bbox 2402 800 2688 867; x_wconf 87' lang='grc' dir='ltr'><strong>στοιχεῖον;</strong></span> <span class='ocrx_word' id='word_1_576' title='bbox 2729 799 2876 863; x_wconf 82' lang='grc' dir='ltr'><strong>Ἑνδς</strong></span> <span class='ocrx_word' id='word_1_577' title='bbox 2919 800 3133 873; x_wconf 88' lang='grc' dir='ltr'><strong>δένδρου</strong></span> <span class='ocrx_word' id='word_1_578' title='bbox 3193 803 3351 874; x_wconf 83' lang='grc' dir='ltr'><strong>μόνου</strong></span> <span class='ocrx_word' id='word_1_579' title='bbox 3387 806 3434 856; x_wconf 84' lang='grc' dir='ltr'><strong>εί</strong></span> <span class='ocrx_word' id='word_1_580' title='bbox 3481 805 3678 876; x_wconf 79' lang='grc' dir='ltr'><strong>βουλη-</strong></span> 
     </span>
    </p>
   </div>
   <div class='ocr_carea' id='block_1_68' title="bbox 2102 887 3677 966">
    <p class='ocr_par' dir='ltr' id='par_1_68' title="bbox 2102 887 3677 966">
     <span class='ocr_line' id='line_1_68' title="bbox 2102 887 3677 966; baseline 0.006 -26"><span class='ocrx_word' id='word_1_581' title='bbox 2102 887 2251 958; x_wconf 87' lang='grc' dir='ltr'><strong>θείης</strong></span> <span class='ocrx_word' id='word_1_582' title='bbox 2279 890 2451 942; x_wconf 74' lang='grc' dir='ltr'><strong>εἰπεῖν</strong></span> <span class='ocrx_word' id='word_1_583' title='bbox 2489 889 2550 941; x_wconf 83' lang='grc' dir='ltr'><strong>τὸ</strong></span> <span class='ocrx_word' id='word_1_584' title='bbox 2581 891 2786 961; x_wconf 86' lang='grc' dir='ltr'><strong>σχῆμα,</strong></span> <span class='ocrx_word' id='word_1_585' title='bbox 2828 890 2925 962; x_wconf 78' lang='grc' dir='ltr'><strong>τὴν</strong></span> <span class='ocrx_word' id='word_1_586' title='bbox 2959 893 3176 962; x_wconf 86' lang='grc' dir='ltr'><strong>χρείαν,</strong></span> <span class='ocrx_word' id='word_1_587' title='bbox 3212 895 3303 948; x_wconf 85' lang='grc' dir='ltr'><strong>τὸν</strong></span> <span class='ocrx_word' id='word_1_588' title='bbox 3336 897 3543 966; x_wconf 83' lang='grc' dir='ltr'><strong>καρπὸν</strong></span> <span class='ocrx_word' id='word_1_589' title='bbox 3563 936 3578 959; x_wconf 92' lang='grc'><strong>,</strong></span> <span class='ocrx_word' id='word_1_590' title='bbox 3608 896 3677 950; x_wconf 85' lang='grc' dir='ltr'><strong>τὰ</strong></span> 
     </span>
    </p>
   </div>
   <div class='ocr_carea' id='block_1_69' title="bbox 2102 979 3677 1056">
    <p class='ocr_par' dir='ltr' id='par_1_69' title="bbox 2102 979 3677 1056">
     <span class='ocr_line' id='line_1_69' title="bbox 2102 979 3677 1056; baseline 0.007 -25"><span class='ocrx_word' id='word_1_591' title='bbox 2102 979 2292 1048; x_wconf 88' lang='grc' dir='ltr'><strong>φύλλα,</strong></span> <span class='ocrx_word' id='word_1_592' title='bbox 2323 981 2414 1033; x_wconf 84' lang='grc' dir='ltr'><strong>τὸν</strong></span> <span class='ocrx_word' id='word_1_593' title='bbox 2443 982 2654 1052; x_wconf 82' lang='grc' dir='ltr'><strong>καιρὸν,</strong></span> <span class='ocrx_word' id='word_1_594' title='bbox 2684 982 2754 1036; x_wconf 85' lang='grc' dir='ltr'><strong>τά</strong></span> <span class='ocrx_word' id='word_1_595' title='bbox 2781 983 2915 1037; x_wconf 81' lang='grc' dir='ltr'><strong>ἄλλα</strong></span> <span class='ocrx_word' id='word_1_596' title='bbox 2941 985 3138 1047; x_wconf 89' lang='grc' dir='ltr'><strong>πάντα,</strong></span> <span class='ocrx_word' id='word_1_597' title='bbox 3167 986 3298 1039; x_wconf 82' lang='grc' dir='ltr'><strong>πολῦ</strong></span> <span class='ocrx_word' id='word_1_598' title='bbox 3346 987 3465 1056; x_wconf 66' lang='grc' dir='ltr'><strong>ὄψει</strong></span> <span class='ocrx_word' id='word_1_599' title='bbox 3495 989 3555 1041; x_wconf 85' lang='grc' dir='ltr'><strong>τὸ</strong></span> <span class='ocrx_word' id='word_1_600' title='bbox 3598 988 3677 1042; x_wconf 91' lang='grc' dir='ltr'><strong>δι-</strong></span> 
     </span>
    </p>
   </div>
   <div class='ocr_carea' id='block_1_70' title="bbox 2101 1073 3672 1145">
    <p class='ocr_par' dir='ltr' id='par_1_70' title="bbox 2101 1073 3672 1145">
     <span class='ocr_line' id='line_1_70' title="bbox 2101 1073 3672 1145; baseline 0.004 -19"><span class='ocrx_word' id='word_1_601' title='bbox 2101 1073 2294 1143; x_wconf 84' lang='grc' dir='ltr'><strong>ήγημα</strong></span> <span class='ocrx_word' id='word_1_602' title='bbox 2313 1089 2326 1102; x_wconf 90' lang='grc'><strong>·</strong></span> <span class='ocrx_word' id='word_1_603' title='bbox 2356 1075 2403 1126; x_wconf 83' lang='grc' dir='ltr'><strong>εί</strong></span> <span class='ocrx_word' id='word_1_604' title='bbox 2426 1074 2533 1126; x_wconf 90' lang='grc' dir='ltr'><strong>τῶν</strong></span> <span class='ocrx_word' id='word_1_605' title='bbox 2563 1073 2704 1145; x_wconf 84' lang='grc' dir='ltr'><strong>ὀρῶν</strong></span> <span class='ocrx_word' id='word_1_606' title='bbox 2733 1075 2832 1145; x_wconf 82' lang='grc' dir='ltr'><strong>τὴν</strong></span> <span class='ocrx_word' id='word_1_607' title='bbox 2873 1075 3019 1130; x_wconf 88' lang='grc' dir='ltr'><strong>θέσιν</strong></span> <span class='ocrx_word' id='word_1_608' title='bbox 3040 1117 3055 1141; x_wconf 93' lang='grc'><strong>,</strong></span> <span class='ocrx_word' id='word_1_609' title='bbox 3087 1079 3135 1128; x_wconf 86' lang='grc' dir='ltr'><strong>εἰ</strong></span> <span class='ocrx_word' id='word_1_610' title='bbox 3175 1077 3244 1129; x_wconf 83' lang='grc' dir='ltr'><strong>τά</strong></span> <span class='ocrx_word' id='word_1_611' title='bbox 3267 1078 3402 1131; x_wconf 83' lang='grc' dir='ltr'><strong>ἄλλα</strong></span> <span class='ocrx_word' id='word_1_612' title='bbox 3440 1078 3672 1143; x_wconf 74' lang='grc' dir='ltr'><strong>ἅπαντα,</strong></span> 
     </span>
    </p>
   </div>
   <div class='ocr_carea' id='block_1_71' title="bbox 2101 1166 3674 1242">
    <p class='ocr_par' dir='ltr' id='par_1_71' title="bbox 2101 1166 3674 1242">
     <span class='ocr_line' id='line_1_71' title="bbox 2101 1166 3674 1242; baseline 0.003 -24"><span class='ocrx_word' id='word_1_613' title='bbox 2101 1167 2148 1218; x_wconf 89' lang='grc' dir='ltr'><strong>εἰ</strong></span> <span class='ocrx_word' id='word_1_614' title='bbox 2178 1166 2269 1219; x_wconf 83' lang='grc' dir='ltr'><strong>τὸν</strong></span> <span class='ocrx_word' id='word_1_615' title='bbox 2309 1167 2594 1237; x_wconf 77' lang='grc' dir='ltr'><strong>ἄνθρωπον</strong></span> <span class='ocrx_word' id='word_1_616' title='bbox 2638 1167 2798 1222; x_wconf 83' lang='grc' dir='ltr'><strong>αὐτὸν</strong></span> <span class='ocrx_word' id='word_1_617' title='bbox 2831 1168 3076 1232; x_wconf 83' lang='grc' dir='ltr'><strong>ἐπέλθοις</strong></span> <span class='ocrx_word' id='word_1_618' title='bbox 3110 1169 3186 1239; x_wconf 85' lang='grc' dir='ltr'><strong>τῷ</strong></span> <span class='ocrx_word' id='word_1_619' title='bbox 3228 1169 3403 1240; x_wconf 78' lang='grc' dir='ltr'><strong>λόγῳ,</strong></span> <span class='ocrx_word' id='word_1_620' title='bbox 3445 1173 3538 1224; x_wconf 77' lang='grc' dir='ltr'><strong>καὶ</strong></span> <span class='ocrx_word' id='word_1_621' title='bbox 3576 1173 3674 1242; x_wconf 80' lang='grc' dir='ltr'><strong>τὴν</strong></span> 
     </span>
    </p>
   </div>
   <div class='ocr_carea' id='block_1_72' title="bbox 2099 1258 3673 1331">
    <p class='ocr_par' dir='ltr' id='par_1_72' title="bbox 2099 1258 3673 1331">
     <span class='ocr_line' id='line_1_72' title="bbox 2099 1258 3673 1331; baseline 0.001 -18"><span class='ocrx_word' id='word_1_622' title='bbox 2099 1259 2385 1313; x_wconf 88' lang='grc' dir='ltr'><strong>διάπλασιν</strong></span> <span class='ocrx_word' id='word_1_623' title='bbox 2415 1258 2579 1312; x_wconf 90' lang='grc' dir='ltr'><strong>αὐτοῦ</strong></span> <span class='ocrx_word' id='word_1_624' title='bbox 2603 1260 2696 1313; x_wconf 90' lang='grc' dir='ltr'><strong>τοῦ</strong></span> <span class='ocrx_word' id='word_1_625' title='bbox 2728 1259 2997 1329; x_wconf 82' lang='grc' dir='ltr'><strong>σώματος,</strong></span> <span class='ocrx_word' id='word_1_626' title='bbox 3024 1260 3192 1331; x_wconf 87' lang='grc' dir='ltr'><strong>μυρία</strong></span> <span class='ocrx_word' id='word_1_627' title='bbox 3214 1261 3372 1314; x_wconf 85' lang='grc' dir='ltr'><strong>πάλιν</strong></span> <span class='ocrx_word' id='word_1_628' title='bbox 3402 1262 3673 1315; x_wconf 87' lang='grc' dir='ltr'><strong>κάνταῦθα</strong></span> 
     </span>
    </p>
   </div>
   <div class='ocr_carea' id='block_1_73' title="bbox 2100 1351 3671 1424">
    <p class='ocr_par' dir='ltr' id='par_1_73' title="bbox 2100 1351 3671 1424">
     <span class='ocr_line' id='line_1_73' title="bbox 2100 1351 3671 1424; baseline 0.001 -21"><span class='ocrx_word' id='word_1_629' title='bbox 2100 1351 2311 1422; x_wconf 84' lang='grc' dir='ltr'><strong>πελάγη</strong></span> <span class='ocrx_word' id='word_1_630' title='bbox 2340 1351 2518 1420; x_wconf 79' lang='grc' dir='ltr'><strong>εὕροις</strong></span> <span class='ocrx_word' id='word_1_631' title='bbox 2547 1351 2918 1422; x_wconf 89' lang='grc' dir='ltr'><strong>διηγημάτων.</strong></span> <span class='ocrx_word' id='word_1_632' title='bbox 2952 1351 3173 1416; x_wconf 84' lang='grc' dir='ltr'><strong>Τούτοις</strong></span> <span class='ocrx_word' id='word_1_633' title='bbox 3200 1353 3376 1405; x_wconf 89' lang='grc' dir='ltr'><strong>τοίνυν</strong></span> <span class='ocrx_word' id='word_1_634' title='bbox 3405 1354 3671 1424; x_wconf 72' lang='grc' dir='ltr'><strong>ἐνδιατρίο</strong></span> 
     </span>
    </p>
   </div>
   <div class='ocr_carea' id='block_1_74' title="bbox 2103 1443 3674 1516">
    <p class='ocr_par' dir='ltr' id='par_1_74' title="bbox 2103 1443 3674 1516">
     <span class='ocr_line' id='line_1_74' title="bbox 2103 1443 3674 1516; baseline 0.001 -20"><span class='ocrx_word' id='word_1_635' title='bbox 2103 1443 2307 1513; x_wconf 79' lang='grc' dir='ltr'><strong>σωμεν,</strong></span> <span class='ocrx_word' id='word_1_636' title='bbox 2340 1444 2587 1499; x_wconf 84' lang='grc' dir='ltr'><strong>ἐντεῦθεν</strong></span> <span class='ocrx_word' id='word_1_637' title='bbox 2614 1446 2745 1515; x_wconf 78' lang='grc' dir='ltr'><strong>ἡμῖν</strong></span> <span class='ocrx_word' id='word_1_638' title='bbox 2779 1443 2930 1498; x_wconf 77' lang='grc' dir='ltr'><strong>ἔσται</strong></span> <span class='ocrx_word' id='word_1_639' title='bbox 2953 1444 3112 1516; x_wconf 78' lang='grc' dir='ltr'><strong>ἡδονὴ</strong></span> <span class='ocrx_word' id='word_1_640' title='bbox 3145 1446 3394 1516; x_wconf 87' lang='grc' dir='ltr'><strong>μεγίστη,</strong></span> <span class='ocrx_word' id='word_1_641' title='bbox 3427 1445 3674 1497; x_wconf 84' lang='grc' dir='ltr'><strong>ἐντεῦθεν</strong></span> 
     </span>
    </p>
   </div>
   <div class='ocr_carea' id='block_1_75' title="bbox 2100 1534 3675 1605">
    <p class='ocr_par' dir='ltr' id='par_1_75' title="bbox 2100 1534 3675 1605">
     <span class='ocr_line' id='line_1_75' title="bbox 2100 1534 3675 1605; baseline -0.001 -18"><span class='ocrx_word' id='word_1_642' title='bbox 2100 1536 2325 1605; x_wconf 81' lang='grc' dir='ltr'><strong>κέρδος,</strong></span> <span class='ocrx_word' id='word_1_643' title='bbox 2357 1534 2603 1588; x_wconf 88' lang='grc' dir='ltr'><strong>ἐντεῦθεν</strong></span> <span class='ocrx_word' id='word_1_644' title='bbox 2635 1535 2920 1604; x_wconf 75' lang='grc' dir='ltr'><strong>φιλοσοφία</strong></span> <span class='ocrx_word' id='word_1_645' title='bbox 2965 1535 3189 1604; x_wconf 83' lang='grc' dir='ltr'><strong>ἄφατος.</strong></span> <span class='ocrx_word' id='word_1_646' title='bbox 3236 1535 3326 1587; x_wconf 86' lang='grc' dir='ltr'><strong>Διὸ</strong></span> <span class='ocrx_word' id='word_1_647' title='bbox 3376 1535 3470 1587; x_wconf 72' lang='grc' dir='ltr'><strong>καὶ</strong></span> <span class='ocrx_word' id='word_1_648' title='bbox 3518 1535 3675 1587; x_wconf 88' lang='grc' dir='ltr'><strong>τοῦτο</strong></span> 
     </span>
    </p>
   </div>
   <div class='ocr_carea' id='block_1_76' title="bbox 2098 1625 3673 1698">
    <p class='ocr_par' dir='ltr' id='par_1_76' title="bbox 2098 1625 3673 1698">
     <span class='ocr_line' id='line_1_76' title="bbox 2098 1625 3673 1698; baseline -0.001 -17"><span class='ocrx_word' id='word_1_649' title='bbox 2098 1628 2272 1691; x_wconf 80' lang='grc' dir='ltr'><strong>δηλῶν</strong></span> <span class='ocrx_word' id='word_1_650' title='bbox 2298 1629 2575 1698; x_wconf 84' lang='grc' dir='ltr'><strong>ἐπήγαγεν</strong></span> <span class='ocrx_word' id='word_1_651' title='bbox 2594 1643 2606 1653; x_wconf 84' lang='lat'><strong><em>°</em></strong></span> <span class='ocrx_word' id='word_1_652' title='bbox 2643 1627 3148 1697; x_wconf 60' lang='lat' dir='ltr'><strong>Ebyparmjaoycu</strong></span> <span class='ocrx_word' id='word_1_653' title='bbox 3184 1627 3280 1680; x_wconf 80' lang='grc' dir='ltr'><strong>καὶ</strong></span> <span class='ocrx_word' id='word_1_654' title='bbox 3306 1625 3673 1696; x_wconf 71' lang='grc' dir='ltr'><strong>ἀγαλλιᾶσθ-</strong></span> 
     </span>
    </p>
   </div>
   <div class='ocr_carea' id='block_1_77' title="bbox 2092 1716 3680 1790">
    <p class='ocr_par' dir='ltr' id='par_1_77' title="bbox 2092 1716 3680 1790">
     <span class='ocr_line' id='line_1_77' title="bbox 2092 1716 3680 1790; baseline -0.003 -16"><span class='ocrx_word' id='word_1_655' title='bbox 2092 1737 2197 1790; x_wconf 82' lang='grc' dir='ltr'><strong>μαι</strong></span> <span class='ocrx_word' id='word_1_656' title='bbox 2241 1720 2311 1774; x_wconf 76' lang='grc' dir='ltr'><strong>ἐν</strong></span> <span class='ocrx_word' id='word_1_657' title='bbox 2361 1721 2481 1778; x_wconf 85' lang='grc' dir='ltr'><strong>σοί.</strong></span> <span class='ocrx_word' id='word_1_658' title='bbox 2547 1719 2738 1783; x_wconf 77' lang='grc' dir='ltr'><strong>’Λλλος</strong></span> <span class='ocrx_word' id='word_1_659' title='bbox 2762 1760 2778 1785; x_wconf 92' lang='grc'><strong>,</strong></span> <span class='ocrx_word' id='word_1_660' title='bbox 2830 1719 2941 1774; x_wconf 80' lang='grc' dir='ltr'><strong>Καὶ</strong></span> <span class='ocrx_word' id='word_1_661' title='bbox 2993 1718 3312 1790; x_wconf 63' lang='grc' dir='ltr'><strong>γαιιριὰσω.</strong></span> <span class='ocrx_word' id='word_1_662' title='bbox 3371 1717 3548 1772; x_wconf 80' lang='grc' dir='ltr'><strong>Ψαλῶ</strong></span> <span class='ocrx_word' id='word_1_663' title='bbox 3596 1716 3680 1783; x_wconf 78' lang='grc' dir='ltr'><strong>τῷ</strong></span> 
     </span>
    </p>
   </div>
   <div class='ocr_carea' id='block_1_78' title="bbox 2099 1808 3673 1881">
    <p class='ocr_par' dir='ltr' id='par_1_78' title="bbox 2099 1808 3673 1881">
     <span class='ocr_line' id='line_1_78' title="bbox 2099 1808 3673 1881; baseline 0 -17"><span class='ocrx_word' id='word_1_664' title='bbox 2099 1812 2345 1881; x_wconf 77' lang='grc' dir='ltr'><strong>ὀνόματί</strong></span> <span class='ocrx_word' id='word_1_665' title='bbox 2367 1827 2504 1875; x_wconf 87' lang='grc' dir='ltr'><strong>σου,</strong></span> <span class='ocrx_word' id='word_1_666' title='bbox 2522 1811 2789 1880; x_wconf 57' lang='lat' dir='ltr'><strong>&quot;Tyriote.</strong></span> <span class='ocrx_word' id='word_1_667' title='bbox 2818 1812 3030 1874; x_wconf 79' lang='grc' dir='ltr'><strong>Ἀλλος,</strong></span> <span class='ocrx_word' id='word_1_668' title='bbox 3053 1812 3215 1881; x_wconf 79' lang='grc' dir='ltr'><strong>’ᾼσω</strong></span> <span class='ocrx_word' id='word_1_669' title='bbox 3237 1809 3301 1863; x_wconf 80' lang='grc' dir='ltr'><strong>τὸ</strong></span> <span class='ocrx_word' id='word_1_670' title='bbox 3326 1808 3514 1878; x_wconf 81' lang='grc' dir='ltr'><strong>ὄνομά</strong></span> <span class='ocrx_word' id='word_1_671' title='bbox 3535 1823 3673 1864; x_wconf 86' lang='grc' dir='ltr'><strong>σου.</strong></span> 
     </span>
    </p>
   </div>
   <div class='ocr_carea' id='block_1_79' title="bbox 2099 1899 3674 1975">
    <p class='ocr_par' dir='ltr' id='par_1_79' title="bbox 2099 1899 3674 1975">
     <span class='ocr_line' id='line_1_79' title="bbox 2099 1899 3674 1975; baseline -0.001 -19"><span class='ocrx_word' id='word_1_672' title='bbox 2099 1904 2173 1957; x_wconf 87' lang='grc' dir='ltr'><strong>Οὐ</strong></span> <span class='ocrx_word' id='word_1_673' title='bbox 2211 1902 2405 1975; x_wconf 86' lang='grc' dir='ltr'><strong>μικρὸν</strong></span> <span class='ocrx_word' id='word_1_674' title='bbox 2431 1901 2590 1956; x_wconf 88' lang='grc' dir='ltr'><strong>τοῦτο</strong></span> <span class='ocrx_word' id='word_1_675' title='bbox 2631 1903 2948 1970; x_wconf 79' lang='grc' dir='ltr'><strong>φιλοσοφίας</strong></span> <span class='ocrx_word' id='word_1_676' title='bbox 2983 1901 3154 1964; x_wconf 78' lang='grc' dir='ltr'><strong>εἶδος,</strong></span> <span class='ocrx_word' id='word_1_677' title='bbox 3186 1901 3248 1955; x_wconf 73' lang='grc' dir='ltr'><strong>τὸ</strong></span> <span class='ocrx_word' id='word_1_678' title='bbox 3287 1899 3674 1972; x_wconf 78' lang='grc' dir='ltr'><strong>εὐφραίνεσθαι</strong></span> 
     </span>
    </p>
   </div>
   <div class='ocr_carea' id='block_1_80' title="bbox 2095 1991 3673 2066">
    <p class='ocr_par' dir='ltr' id='par_1_80' title="bbox 2095 1991 3673 2066">
     <span class='ocr_line' id='line_1_80' title="bbox 2095 1991 3673 2066; baseline -0.004 -17"><span class='ocrx_word' id='word_1_679' title='bbox 2095 1997 2190 2049; x_wconf 77' lang='grc' dir='ltr'><strong>ἐπὶ</strong></span> <span class='ocrx_word' id='word_1_680' title='bbox 2221 1995 2298 2066; x_wconf 80' lang='grc' dir='ltr'><strong>τῷ</strong></span> <span class='ocrx_word' id='word_1_681' title='bbox 2324 1994 2463 2066; x_wconf 82' lang='grc' dir='ltr'><strong>Θεῷ.</strong></span> <span class='ocrx_word' id='word_1_682' title='bbox 2501 1995 2560 2048; x_wconf 83' lang='grc' dir='ltr'><strong>Ὀ</strong></span> <span class='ocrx_word' id='word_1_683' title='bbox 2592 1994 2702 2064; x_wconf 83' lang='grc' dir='ltr'><strong>γὰρ</strong></span> <span class='ocrx_word' id='word_1_684' title='bbox 2733 1996 2823 2047; x_wconf 77' lang='grc' dir='ltr'><strong>ἐπὶ</strong></span> <span class='ocrx_word' id='word_1_685' title='bbox 2851 1993 2930 2064; x_wconf 82' lang='grc' dir='ltr'><strong>τῷ</strong></span> <span class='ocrx_word' id='word_1_686' title='bbox 2967 1993 3087 2063; x_wconf 82' lang='grc' dir='ltr'><strong>Θεῷ</strong></span> <span class='ocrx_word' id='word_1_687' title='bbox 3107 1991 3528 2063; x_wconf 81' lang='grc' dir='ltr'><strong>εὐφραινόμενος</strong></span> <span class='ocrx_word' id='word_1_688' title='bbox 3547 2032 3561 2056; x_wconf 92' lang='grc'><strong>,</strong></span> <span class='ocrx_word' id='word_1_689' title='bbox 3598 1991 3673 2058; x_wconf 84' lang='grc' dir='ltr'><strong>ὡς</strong></span> 
     </span>
    </p>
   </div>
   <div class='ocr_carea' id='block_1_81' title="bbox 2098 2086 3671 2160">
    <p class='ocr_par' dir='ltr' id='par_1_81' title="bbox 2098 2086 3671 2160">
     <span class='ocr_line' id='line_1_81' title="bbox 2098 2086 3671 2160; baseline -0.004 -18"><span class='ocrx_word' id='word_1_690' title='bbox 2098 2090 2232 2160; x_wconf 81' lang='grc' dir='ltr'><strong>χρὴ,</strong></span> <span class='ocrx_word' id='word_1_691' title='bbox 2268 2091 2448 2143; x_wconf 82' lang='grc' dir='ltr'><strong>πᾶσαν</strong></span> <span class='ocrx_word' id='word_1_692' title='bbox 2477 2089 2726 2142; x_wconf 80' lang='grc' dir='ltr'><strong>ἐκϐάλλει</strong></span> <span class='ocrx_word' id='word_1_693' title='bbox 2769 2087 3021 2158; x_wconf 77' lang='grc' dir='ltr'><strong>βιωτικὴν</strong></span> <span class='ocrx_word' id='word_1_694' title='bbox 3057 2086 3268 2157; x_wconf 87' lang='grc' dir='ltr'><strong>ήδονήν.</strong></span> <span class='ocrx_word' id='word_1_695' title='bbox 3305 2087 3347 2137; x_wconf 89' lang='grc' dir='ltr'><strong>Τ</strong></span> <span class='ocrx_word' id='word_1_696' title='bbox 3354 2086 3368 2136; x_wconf 92' lang='grc' dir='ltr'><strong>ί</strong></span> <span class='ocrx_word' id='word_1_697' title='bbox 3410 2086 3466 2139; x_wconf 89' lang='grc' dir='ltr'><strong>δέ</strong></span> <span class='ocrx_word' id='word_1_698' title='bbox 3503 2086 3671 2150; x_wconf 83' lang='grc' dir='ltr'><strong>ἐστιν,</strong></span> 
     </span>
    </p>
   </div>
   <div class='ocr_carea' id='block_1_82' title="bbox 2096 2176 3674 2255">
    <p class='ocr_par' dir='ltr' id='par_1_82' title="bbox 2096 2176 3674 2255">
     <span class='ocr_line' id='line_1_82' title="bbox 2096 2176 3674 2255; baseline -0.006 -18"><span class='ocrx_word' id='word_1_699' title='bbox 2096 2182 2214 2255; x_wconf 82' lang='grc'><strong>[96]</strong></span> <span class='ocrx_word' id='word_1_700' title='bbox 2243 2182 2744 2250; x_wconf 69' lang='grc' dir='ltr'><strong>Εὐφρανοήσομαι</strong></span> <span class='ocrx_word' id='word_1_701' title='bbox 2767 2181 2836 2232; x_wconf 82' lang='grc' dir='ltr'><strong>ὲν</strong></span> <span class='ocrx_word' id='word_1_702' title='bbox 2873 2179 2974 2232; x_wconf 83' lang='grc' dir='ltr'><strong>σοί</strong></span> <span class='ocrx_word' id='word_1_703' title='bbox 2983 2195 3002 2242; x_wconf 91' lang='grc'><strong><em>;</em></strong></span> <span class='ocrx_word' id='word_1_704' title='bbox 3033 2178 3301 2238; x_wconf 88' lang='grc' dir='ltr'><strong>Τοιοῦτον,</strong></span> <span class='ocrx_word' id='word_1_705' title='bbox 3324 2178 3505 2248; x_wconf 73' lang='grc' dir='ltr'><strong>φησὶν,</strong></span> <span class='ocrx_word' id='word_1_706' title='bbox 3537 2176 3674 2246; x_wconf 78' lang='grc' dir='ltr'><strong>ἔχων</strong></span> 
     </span>
    </p>
   </div>
   <div class='ocr_carea' id='block_1_83' title="bbox 2097 2269 3668 2344">
    <p class='ocr_par' dir='ltr' id='par_1_83' title="bbox 2097 2269 3668 2344">
     <span class='ocr_line' id='line_1_83' title="bbox 2097 2269 3668 2344; baseline -0.006 -16"><span class='ocrx_word' id='word_1_707' title='bbox 2097 2276 2402 2344; x_wconf 88' lang='grc' dir='ltr'><strong>Δεσπότην,</strong></span> <span class='ocrx_word' id='word_1_708' title='bbox 2437 2272 2595 2326; x_wconf 81' lang='grc' dir='ltr'><strong>τοῦτό</strong></span> <span class='ocrx_word' id='word_1_709' title='bbox 2635 2290 2724 2344; x_wconf 90' lang='grc' dir='ltr'><strong>μοι</strong></span> <span class='ocrx_word' id='word_1_710' title='bbox 2762 2272 2924 2342; x_wconf 77' lang='grc' dir='ltr'><strong>ἡδονὴ</strong></span> <span class='ocrx_word' id='word_1_711' title='bbox 2952 2310 2968 2334; x_wconf 90' lang='grc'><strong>,</strong></span> <span class='ocrx_word' id='word_1_712' title='bbox 3000 2269 3156 2324; x_wconf 84' lang='grc' dir='ltr'><strong>τοῦτό</strong></span> <span class='ocrx_word' id='word_1_713' title='bbox 3206 2287 3293 2338; x_wconf 90' lang='grc' dir='ltr'><strong>μοι</strong></span> <span class='ocrx_word' id='word_1_714' title='bbox 3333 2269 3668 2336; x_wconf 90' lang='grc' dir='ltr'><strong>ἀγαλλίασις.</strong></span> 
     </span>
    </p>
   </div>
   <div class='ocr_carea' id='block_1_84' title="bbox 2097 2360 3673 2435">
    <p class='ocr_par' dir='ltr' id='par_1_84' title="bbox 2097 2360 3673 2435">
     <span class='ocr_line' id='line_1_84' title="bbox 2097 2360 3673 2435; baseline -0.006 -13"><span class='ocrx_word' id='word_1_715' title='bbox 2097 2368 2165 2421; x_wconf 75' lang='grc' dir='ltr'><strong>Εἴ</strong></span> <span class='ocrx_word' id='word_1_716' title='bbox 2190 2384 2274 2429; x_wconf 88' lang='grc' dir='ltr'><strong>τις</strong></span> <span class='ocrx_word' id='word_1_717' title='bbox 2309 2363 2414 2419; x_wconf 73' lang='grc' dir='ltr'><strong>οἶδε</strong></span> <span class='ocrx_word' id='word_1_718' title='bbox 2444 2363 2645 2435; x_wconf 87' lang='grc' dir='ltr'><strong>ταύτην</strong></span> <span class='ocrx_word' id='word_1_719' title='bbox 2693 2365 2790 2434; x_wconf 82' lang='grc' dir='ltr'><strong>τὴν</strong></span> <span class='ocrx_word' id='word_1_720' title='bbox 2823 2364 3011 2435; x_wconf 78' lang='grc' dir='ltr'><strong>ἡδονὴν</strong></span> <span class='ocrx_word' id='word_1_721' title='bbox 3055 2362 3128 2424; x_wconf 84' lang='grc' dir='ltr'><strong>ὡς</strong></span> <span class='ocrx_word' id='word_1_722' title='bbox 3161 2361 3355 2414; x_wconf 85' lang='grc' dir='ltr'><strong>εἰδέναι</strong></span> <span class='ocrx_word' id='word_1_723' title='bbox 3391 2361 3526 2432; x_wconf 84' lang='grc' dir='ltr'><strong>χρὴ,</strong></span> <span class='ocrx_word' id='word_1_724' title='bbox 3557 2360 3673 2412; x_wconf 87' lang='grc' dir='ltr'><strong>ἐτέ-</strong></span> 
     </span>
    </p>
   </div>
   <div class='ocr_carea' id='block_1_85' title="bbox 2101 2453 3670 2532">
    <p class='ocr_par' dir='ltr' id='par_1_85' title="bbox 2101 2453 3670 2532">
     <span class='ocr_line' id='line_1_85' title="bbox 2101 2453 3670 2532; baseline -0.004 -20"><span class='ocrx_word' id='word_1_725' title='bbox 2101 2477 2195 2532; x_wconf 88' lang='grc' dir='ltr'><strong>ρας</strong></span> <span class='ocrx_word' id='word_1_726' title='bbox 2222 2459 2411 2528; x_wconf 78' lang='grc' dir='ltr'><strong>ἡδονῆς</strong></span> <span class='ocrx_word' id='word_1_727' title='bbox 2437 2459 2537 2510; x_wconf 90' lang='grc' dir='ltr'><strong>οὐκ</strong></span> <span class='ocrx_word' id='word_1_728' title='bbox 2569 2455 2899 2509; x_wconf 77' lang='grc' dir='ltr'><strong>αἰσθάνεται.</strong></span> <span class='ocrx_word' id='word_1_729' title='bbox 2932 2453 3100 2507; x_wconf 90' lang='grc' dir='ltr'><strong>Τοῦτο</strong></span> <span class='ocrx_word' id='word_1_730' title='bbox 3125 2454 3232 2524; x_wconf 74' lang='grc' dir='ltr'><strong>γὰρ</strong></span> <span class='ocrx_word' id='word_1_731' title='bbox 3255 2453 3413 2525; x_wconf 83' lang='grc' dir='ltr'><strong>ήδονὴ</strong></span> <span class='ocrx_word' id='word_1_732' title='bbox 3446 2453 3670 2523; x_wconf 87' lang='grc' dir='ltr'><strong>κυρίως·</strong></span> 
     </span>
    </p>
   </div>
   <div class='ocr_carea' id='block_1_86' title="bbox 2096 2544 3670 2618">
    <p class='ocr_par' dir='ltr' id='par_1_86' title="bbox 2096 2544 3670 2618">
     <span class='ocr_line' id='line_1_86' title="bbox 2096 2544 3670 2618; baseline -0.005 -14"><span class='ocrx_word' id='word_1_733' title='bbox 2096 2552 2171 2614; x_wconf 82' lang='grc' dir='ltr'><strong>ὡς</strong></span> <span class='ocrx_word' id='word_1_734' title='bbox 2201 2552 2333 2618; x_wconf 78' lang='grc' dir='ltr'><strong>τάγε</strong></span> <span class='ocrx_word' id='word_1_735' title='bbox 2367 2549 2499 2604; x_wconf 81' lang='grc' dir='ltr'><strong>ἄλλα</strong></span> <span class='ocrx_word' id='word_1_736' title='bbox 2552 2547 2760 2610; x_wconf 89' lang='grc' dir='ltr'><strong>πάντα,</strong></span> <span class='ocrx_word' id='word_1_737' title='bbox 2788 2545 3028 2616; x_wconf 83' lang='grc' dir='ltr'><strong>ὀνόματα</strong></span> <span class='ocrx_word' id='word_1_738' title='bbox 3074 2546 3230 2616; x_wconf 88' lang='grc' dir='ltr'><strong>μόνον</strong></span> <span class='ocrx_word' id='word_1_739' title='bbox 3271 2547 3416 2598; x_wconf 70' lang='grc' dir='ltr'><strong>ἐστὶν</strong></span> <span class='ocrx_word' id='word_1_740' title='bbox 3457 2544 3670 2615; x_wconf 78' lang='grc' dir='ltr'><strong>ἡδονῆς,</strong></span> 
     </span>
    </p>
   </div>
   <div class='ocr_carea' id='block_1_87' title="bbox 2095 2636 3675 2714">
    <p class='ocr_par' dir='ltr' id='par_1_87' title="bbox 2095 2636 3675 2714">
     <span class='ocr_line' id='line_1_87' title="bbox 2095 2636 3675 2714; baseline -0.007 -16"><span class='ocrx_word' id='word_1_741' title='bbox 2095 2643 2419 2714; x_wconf 87' lang='grc' dir='ltr'><strong>πράγματος</strong></span> <span class='ocrx_word' id='word_1_742' title='bbox 2447 2640 2645 2711; x_wconf 76' lang='grc' dir='ltr'><strong>ἔρημα.</strong></span> <span class='ocrx_word' id='word_1_743' title='bbox 2671 2639 2818 2710; x_wconf 78' lang='grc' dir='ltr'><strong>Αὕτη</strong></span> <span class='ocrx_word' id='word_1_744' title='bbox 2849 2637 2938 2690; x_wconf 84' lang='grc' dir='ltr'><strong>τὸν</strong></span> <span class='ocrx_word' id='word_1_745' title='bbox 2967 2637 3249 2707; x_wconf 81' lang='grc' dir='ltr'><strong>ἄνθρωπον</strong></span> <span class='ocrx_word' id='word_1_746' title='bbox 3277 2636 3567 2708; x_wconf 88' lang='grc' dir='ltr'><strong>μετάρσιον</strong></span> <span class='ocrx_word' id='word_1_747' title='bbox 3590 2639 3675 2706; x_wconf 87' lang='grc' dir='ltr'><strong>ἐρ-</strong></span> 
     </span>
    </p>
   </div>
   <div class='ocr_carea' id='block_1_88' title="bbox 2095 2727 3672 2803">
    <p class='ocr_par' dir='ltr' id='par_1_88' title="bbox 2095 2727 3672 2803">
     <span class='ocr_line' id='line_1_88' title="bbox 2095 2727 3672 2803; baseline -0.006 -15"><span class='ocrx_word' id='word_1_748' title='bbox 2095 2732 2321 2803; x_wconf 81' lang='grc' dir='ltr'><strong>γάζεται</strong></span> <span class='ocrx_word' id='word_1_749' title='bbox 2344 2749 2358 2763; x_wconf 84' lang='grc'><strong>·</strong></span> <span class='ocrx_word' id='word_1_750' title='bbox 2397 2731 2534 2802; x_wconf 90' lang='grc' dir='ltr'><strong>αὕτη</strong></span> <span class='ocrx_word' id='word_1_751' title='bbox 2561 2730 2654 2782; x_wconf 88' lang='grc' dir='ltr'><strong>τοῦ</strong></span> <span class='ocrx_word' id='word_1_752' title='bbox 2687 2730 2936 2800; x_wconf 88' lang='grc' dir='ltr'><strong>σώματος</strong></span> <span class='ocrx_word' id='word_1_753' title='bbox 2969 2729 3297 2782; x_wconf 84' lang='grc' dir='ltr'><strong>ἀπαλλάττει</strong></span> <span class='ocrx_word' id='word_1_754' title='bbox 3327 2728 3426 2798; x_wconf 80' lang='grc' dir='ltr'><strong>τὴν</strong></span> <span class='ocrx_word' id='word_1_755' title='bbox 3454 2727 3633 2798; x_wconf 75' lang='grc' dir='ltr'><strong>ψυχήν</strong></span> <span class='ocrx_word' id='word_1_756' title='bbox 3655 2746 3672 2760; x_wconf 78' lang='grc' dir='ltr'><strong><em>ο</em></strong></span> 
     </span>
    </p>
   </div>
   <div class='ocr_carea' id='block_1_89' title="bbox 2096 2817 3674 2894">
    <p class='ocr_par' dir='ltr' id='par_1_89' title="bbox 2096 2817 3674 2894">
     <span class='ocr_line' id='line_1_89' title="bbox 2096 2817 3674 2894; baseline -0.005 -17"><span class='ocrx_word' id='word_1_757' title='bbox 2096 2823 2235 2894; x_wconf 83' lang='grc' dir='ltr'><strong>αὕτη</strong></span> <span class='ocrx_word' id='word_1_758' title='bbox 2269 2824 2405 2893; x_wconf 85' lang='grc' dir='ltr'><strong>πρὸς</strong></span> <span class='ocrx_word' id='word_1_759' title='bbox 2427 2820 2652 2889; x_wconf 84' lang='grc' dir='ltr'><strong>οὐρανὸν</strong></span> <span class='ocrx_word' id='word_1_760' title='bbox 2685 2820 2872 2889; x_wconf 88' lang='grc' dir='ltr'><strong>πτεροί</strong></span> <span class='ocrx_word' id='word_1_761' title='bbox 2893 2835 2907 2848; x_wconf 92' lang='grc'><strong>·</strong></span> <span class='ocrx_word' id='word_1_762' title='bbox 2937 2817 3074 2888; x_wconf 90' lang='grc' dir='ltr'><strong>αὕτη</strong></span> <span class='ocrx_word' id='word_1_763' title='bbox 3113 2818 3220 2870; x_wconf 89' lang='grc' dir='ltr'><strong>τῶν</strong></span> <span class='ocrx_word' id='word_1_764' title='bbox 3247 2817 3512 2886; x_wconf 86' lang='grc' dir='ltr'><strong>βιωτικῶν</strong></span> <span class='ocrx_word' id='word_1_765' title='bbox 3544 2817 3674 2888; x_wconf 66' lang='grc' dir='ltr'><strong>ὑψη-</strong></span> 
     </span>
    </p>
   </div>
   <div class='ocr_carea' id='block_1_90' title="bbox 2095 2908 3675 2984">
    <p class='ocr_par' dir='ltr' id='par_1_90' title="bbox 2095 2908 3675 2984">
     <span class='ocr_line' id='line_1_90' title="bbox 2095 2908 3675 2984; baseline -0.006 -15"><span class='ocrx_word' id='word_1_766' title='bbox 2095 2915 2312 2984; x_wconf 86' lang='grc' dir='ltr'><strong>λότερον</strong></span> <span class='ocrx_word' id='word_1_767' title='bbox 2357 2913 2534 2964; x_wconf 81' lang='grc' dir='ltr'><strong>ποιεῖ·</strong></span> <span class='ocrx_word' id='word_1_768' title='bbox 2566 2910 2706 2980; x_wconf 87' lang='grc' dir='ltr'><strong>αὕτη</strong></span> <span class='ocrx_word' id='word_1_769' title='bbox 2747 2908 2944 2970; x_wconf 85' lang='grc' dir='ltr'><strong>κακίας</strong></span> <span class='ocrx_word' id='word_1_770' title='bbox 2995 2908 3354 2962; x_wconf 76' lang='grc' dir='ltr'><strong>ἀπαλλάττειο</strong></span> <span class='ocrx_word' id='word_1_771' title='bbox 3406 2909 3500 2960; x_wconf 72' lang='grc' dir='ltr'><strong>καὶ</strong></span> <span class='ocrx_word' id='word_1_772' title='bbox 3529 2908 3675 2977; x_wconf 83' lang='grc' dir='ltr'><strong>μάλα</strong></span> 
     </span>
    </p>
   </div>
   <div class='ocr_carea' id='block_1_91' title="bbox 2095 2997 3674 3073">
    <p class='ocr_par' dir='ltr' id='par_1_91' title="bbox 2095 2997 3674 3073">
     <span class='ocr_line' id='line_1_91' title="bbox 2095 2997 3674 3073; baseline -0.005 -14"><span class='ocrx_word' id='word_1_773' title='bbox 2095 3006 2340 3066; x_wconf 80' lang='grc' dir='ltr'><strong>εἰκότως.</strong></span> <span class='ocrx_word' id='word_1_774' title='bbox 2362 3004 2424 3056; x_wconf 85' lang='grc' dir='ltr'>Εἰ</span> <span class='ocrx_word' id='word_1_775' title='bbox 2452 3002 2560 3073; x_wconf 79' lang='grc' dir='ltr'><strong>γὰρ</strong></span> <span class='ocrx_word' id='word_1_776' title='bbox 2588 3003 2638 3054; x_wconf 84' lang='grc' dir='ltr'><strong>οἱ</strong></span> <span class='ocrx_word' id='word_1_777' title='bbox 2670 3000 2896 3071; x_wconf 88' lang='grc' dir='ltr'><strong>σώματα</strong></span> <span class='ocrx_word' id='word_1_778' title='bbox 2925 2997 3151 3069; x_wconf 81' lang='grc' dir='ltr'><strong>λαμπρὰ</strong></span> <span class='ocrx_word' id='word_1_779' title='bbox 3179 2998 3459 3066; x_wconf 87' lang='grc' dir='ltr'><strong>φιλοῦντες</strong></span> <span class='ocrx_word' id='word_1_780' title='bbox 3480 3038 3495 3062; x_wconf 98' lang='grc'><strong>,</strong></span> <span class='ocrx_word' id='word_1_781' title='bbox 3523 2998 3674 3052; x_wconf 84' lang='grc' dir='ltr'><strong>οὐδὲν</strong></span> 
     </span>
    </p>
   </div>
   <div class='ocr_carea' id='block_1_92' title="bbox 2095 3089 3671 3160">
    <p class='ocr_par' dir='ltr' id='par_1_92' title="bbox 2095 3089 3671 3160">
     <span class='ocr_line' id='line_1_92' title="bbox 2095 3089 3671 3160; baseline -0.003 -14"><span class='ocrx_word' id='word_1_782' title='bbox 2095 3092 2513 3146; x_wconf 84' lang='grc' dir='ltr'><strong>ὲπαισθάνονται</strong></span> <span class='ocrx_word' id='word_1_783' title='bbox 2554 3092 2662 3144; x_wconf 89' lang='grc' dir='ltr'><strong>τῶν</strong></span> <span class='ocrx_word' id='word_1_784' title='bbox 2713 3091 2771 3144; x_wconf 87' lang='grc' dir='ltr'><strong>ἐν</strong></span> <span class='ocrx_word' id='word_1_785' title='bbox 2797 3089 2874 3158; x_wconf 85' lang='grc' dir='ltr'><strong>τῷ</strong></span> <span class='ocrx_word' id='word_1_786' title='bbox 2909 3089 3028 3160; x_wconf 84' lang='grc' dir='ltr'><strong>βίῳ,</strong></span> <span class='ocrx_word' id='word_1_787' title='bbox 3057 3089 3170 3142; x_wconf 85' lang='grc' dir='ltr'><strong>ἀλλ’</strong></span> <span class='ocrx_word' id='word_1_788' title='bbox 3208 3089 3324 3151; x_wconf 87' lang='grc' dir='ltr'><strong>ἐνὸς</strong></span> <span class='ocrx_word' id='word_1_789' title='bbox 3353 3090 3512 3158; x_wconf 87' lang='grc' dir='ltr'><strong>μόνου</strong></span> <span class='ocrx_word' id='word_1_790' title='bbox 3543 3091 3671 3153; x_wconf 71' lang='grc' dir='ltr'><strong>εἰσὶ,</strong></span> 
     </span>
    </p>
   </div>
   <div class='ocr_carea' id='block_1_93' title="bbox 2093 3182 3677 3257">
    <p class='ocr_par' dir='ltr' id='par_1_93' title="bbox 2093 3182 3677 3257">
     <span class='ocr_line' id='line_1_93' title="bbox 2093 3182 3677 3257; baseline -0.001 -18"><span class='ocrx_word' id='word_1_791' title='bbox 2093 3187 2194 3257; x_wconf 90' lang='grc' dir='ltr'><strong>τῆς</strong></span> <span class='ocrx_word' id='word_1_792' title='bbox 2242 3185 2526 3256; x_wconf 82' lang='grc' dir='ltr'><strong>ἐρωμένης</strong></span> <span class='ocrx_word' id='word_1_793' title='bbox 2553 3183 2755 3252; x_wconf 75' lang='grc' dir='ltr'><strong>ὅψεωςο</strong></span> <span class='ocrx_word' id='word_1_794' title='bbox 2789 3183 2817 3234; x_wconf 86' lang='grc' dir='ltr'>ὁ</span> <span class='ocrx_word' id='word_1_795' title='bbox 2850 3182 2981 3234; x_wconf 83' lang='grc' dir='ltr'><strong>Θεὸν</strong></span> <span class='ocrx_word' id='word_1_796' title='bbox 3020 3182 3187 3250; x_wconf 88' lang='grc' dir='ltr'><strong>φιλῶν</strong></span> <span class='ocrx_word' id='word_1_797' title='bbox 3213 3221 3227 3245; x_wconf 94' lang='grc'><strong>,</strong></span> <span class='ocrx_word' id='word_1_798' title='bbox 3273 3182 3456 3245; x_wconf 85' lang='grc' dir='ltr'><strong>καθὼς</strong></span> <span class='ocrx_word' id='word_1_799' title='bbox 3499 3183 3677 3252; x_wconf 79' lang='grc' dir='ltr'><strong>φιλεῖν</strong></span> 
     </span>
    </p>
   </div>
   <div class='ocr_carea' id='block_1_94' title="bbox 2095 3271 3675 3346">
    <p class='ocr_par' dir='ltr' id='par_1_94' title="bbox 2095 3271 3675 3346">
     <span class='ocr_line' id='line_1_94' title="bbox 2095 3271 3675 3346; baseline -0.002 -16"><span class='ocrx_word' id='word_1_800' title='bbox 2095 3278 2202 3338; x_wconf 81' lang='grc' dir='ltr'><strong>δεῖ,</strong></span> <span class='ocrx_word' id='word_1_801' title='bbox 2238 3276 2382 3338; x_wconf 89' lang='grc' dir='ltr'><strong>τίνος</strong></span> <span class='ocrx_word' id='word_1_802' title='bbox 2428 3274 2745 3346; x_wconf 74' lang='grc' dir='ltr'><strong>αἰσθήσεται</strong></span> <span class='ocrx_word' id='word_1_803' title='bbox 2781 3273 2965 3327; x_wconf 69' lang='grc' dir='ltr'><strong>λοιπὸν</strong></span> <span class='ocrx_word' id='word_1_804' title='bbox 3003 3273 3036 3344; x_wconf 81' lang='grc' dir='ltr'><strong>ἢ</strong></span> <span class='ocrx_word' id='word_1_805' title='bbox 3073 3271 3318 3344; x_wconf 83' lang='grc' dir='ltr'><strong>χρηστοῦ</strong></span> <span class='ocrx_word' id='word_1_806' title='bbox 3358 3273 3464 3327; x_wconf 88' lang='grc' dir='ltr'><strong>τῶν</strong></span> <span class='ocrx_word' id='word_1_807' title='bbox 3509 3277 3565 3327; x_wconf 89' lang='grc' dir='ltr'><strong>ἐν</strong></span> <span class='ocrx_word' id='word_1_808' title='bbox 3595 3273 3675 3345; x_wconf 84' lang='grc' dir='ltr'><strong>τῷ</strong></span> 
     </span>
    </p>
   </div>
   <div class='ocr_carea' id='block_1_95' title="bbox 2099 3365 3673 3439">
    <p class='ocr_par' dir='ltr' id='par_1_95' title="bbox 2099 3365 3673 3439">
     <span class='ocr_line' id='line_1_95' title="bbox 2099 3365 3673 3439; baseline -0.001 -18"><span class='ocrx_word' id='word_1_809' title='bbox 2099 3369 2196 3439; x_wconf 81' lang='grc' dir='ltr'><strong>βίῳ</strong></span> <span class='ocrx_word' id='word_1_810' title='bbox 2223 3368 2428 3439; x_wconf 83' lang='grc' dir='ltr'><strong>τούτῳ,</strong></span> <span class='ocrx_word' id='word_1_811' title='bbox 2461 3367 2494 3437; x_wconf 82' lang='grc' dir='ltr'>ἢ</span> <span class='ocrx_word' id='word_1_812' title='bbox 2519 3366 2764 3438; x_wconf 84' lang='grc' dir='ltr'><strong>λυπηροῦ</strong></span> <span class='ocrx_word' id='word_1_813' title='bbox 2788 3385 2802 3433; x_wconf 91' lang='grc'><strong>;</strong></span> <span class='ocrx_word' id='word_1_814' title='bbox 2836 3365 3060 3427; x_wconf 87' lang='grc' dir='ltr'><strong>Οὐδενός</strong></span> <span class='ocrx_word' id='word_1_815' title='bbox 3080 3381 3093 3394; x_wconf 83' lang='lat'><strong><em>°</em></strong></span> <span class='ocrx_word' id='word_1_816' title='bbox 3130 3365 3244 3418; x_wconf 90' lang='grc' dir='ltr'><strong>ἀλλ’</strong></span> <span class='ocrx_word' id='word_1_817' title='bbox 3279 3365 3430 3418; x_wconf 81' lang='grc' dir='ltr'><strong>ἔσται</strong></span> <span class='ocrx_word' id='word_1_818' title='bbox 3457 3367 3673 3430; x_wconf 86' lang='grc' dir='ltr'><strong>πάντων</strong></span> 
     </span>
    </p>
   </div>
   <div class='ocr_carea' id='block_1_96' title="bbox 2095 3447 3674 3531">
    <p class='ocr_par' dir='ltr' id='par_1_96' title="bbox 2095 3447 3674 3531">
     <span class='ocr_line' id='line_1_96' title="bbox 2095 3447 3674 3531; baseline -0.004 -17"><span class='ocrx_word' id='word_1_819' title='bbox 2095 3460 2394 3531; x_wconf 83' lang='grc' dir='ltr'><strong>ἀνώτερος,</strong></span> <span class='ocrx_word' id='word_1_820' title='bbox 2425 3458 2667 3512; x_wconf 89' lang='grc' dir='ltr'><strong>ἀθάνατα</strong></span> <span class='ocrx_word' id='word_1_821' title='bbox 2696 3447 2948 3528; x_wconf 76' lang='grc' dir='ltr'><strong>τρυφῶν,</strong></span> <span class='ocrx_word' id='word_1_822' title='bbox 2982 3457 3104 3509; x_wconf 76' lang='grc' dir='ltr'><strong>ἐπεὶ</strong></span> <span class='ocrx_word' id='word_1_823' title='bbox 3141 3457 3235 3509; x_wconf 76' lang='grc' dir='ltr'><strong>καὶ</strong></span> <span class='ocrx_word' id='word_1_824' title='bbox 3279 3458 3308 3508; x_wconf 89' lang='grc' dir='ltr'>ὁ</span> <span class='ocrx_word' id='word_1_825' title='bbox 3353 3455 3674 3526; x_wconf 87' lang='grc' dir='ltr'><strong>φιλούμενος</strong></span> 
     </span>
    </p>
   </div>
   <div class='ocr_carea' id='block_1_97' title="bbox 2093 3545 3677 3622">
    <p class='ocr_par' dir='ltr' id='par_1_97' title="bbox 2093 3545 3677 3622">
     <span class='ocr_line' id='line_1_97' title="bbox 2093 3545 3677 3622; baseline -0.003 -16"><span class='ocrx_word' id='word_1_826' title='bbox 2093 3551 2349 3616; x_wconf 89' lang='grc' dir='ltr'><strong>τοιοῦτος.</strong></span> <span class='ocrx_word' id='word_1_827' title='bbox 2383 3553 2446 3605; x_wconf 85' lang='grc' dir='ltr'><strong>Οί</strong></span> <span class='ocrx_word' id='word_1_828' title='bbox 2471 3552 2570 3622; x_wconf 82' lang='grc' dir='ltr'><strong>μὲν</strong></span> <span class='ocrx_word' id='word_1_829' title='bbox 2602 3549 2710 3620; x_wconf 84' lang='grc' dir='ltr'><strong>γὰρ</strong></span> <span class='ocrx_word' id='word_1_830' title='bbox 2734 3549 2804 3602; x_wconf 76' lang='grc' dir='ltr'><strong>τὰ</strong></span> <span class='ocrx_word' id='word_1_831' title='bbox 2836 3549 2970 3603; x_wconf 85' lang='grc' dir='ltr'><strong>ἄλλα</strong></span> <span class='ocrx_word' id='word_1_832' title='bbox 2995 3545 3274 3617; x_wconf 88' lang='grc' dir='ltr'><strong>φιλοῦντες</strong></span> <span class='ocrx_word' id='word_1_833' title='bbox 3294 3587 3307 3609; x_wconf 92' lang='grc'><strong>,</strong></span> <span class='ocrx_word' id='word_1_834' title='bbox 3340 3548 3550 3618; x_wconf 89' lang='grc' dir='ltr'><strong>ταχέως</strong></span> <span class='ocrx_word' id='word_1_835' title='bbox 3578 3549 3677 3604; x_wconf 66' lang='grc' dir='ltr'><strong>καὶ,</strong></span> 
     </span>
    </p>
   </div>
   <div class='ocr_carea' id='block_1_98' title="bbox 2092 3640 3672 3716">
    <p class='ocr_par' dir='ltr' id='par_1_98' title="bbox 2092 3640 3672 3716">
     <span class='ocr_line' id='line_1_98' title="bbox 2092 3640 3672 3716; baseline -0.006 -15"><span class='ocrx_word' id='word_1_836' title='bbox 2092 3647 2316 3710; x_wconf 81' lang='grc' dir='ltr'><strong>ἄκοντες</strong></span> <span class='ocrx_word' id='word_1_837' title='bbox 2341 3646 2423 3710; x_wconf 88' lang='grc' dir='ltr'><strong>εἰς</strong></span> <span class='ocrx_word' id='word_1_838' title='bbox 2448 3644 2619 3716; x_wconf 86' lang='grc' dir='ltr'><strong>λήθην</strong></span> <span class='ocrx_word' id='word_1_839' title='bbox 2656 3643 3078 3714; x_wconf 81' lang='grc' dir='ltr'><strong>μεταϐάλλονται</strong></span> <span class='ocrx_word' id='word_1_840' title='bbox 3098 3683 3111 3705; x_wconf 92' lang='grc'><strong>,</strong></span> <span class='ocrx_word' id='word_1_841' title='bbox 3151 3641 3536 3709; x_wconf 88' lang='grc' dir='ltr'><strong>ἀπολλυμένων</strong></span> <span class='ocrx_word' id='word_1_842' title='bbox 3564 3640 3672 3696; x_wconf 82' lang='grc' dir='ltr'><strong>τῶν</strong></span> 
     </span>
    </p>
   </div>
   <div class='ocr_carea' id='block_1_99' title="bbox 2095 3726 3673 3806">
    <p class='ocr_par' dir='ltr' id='par_1_99' title="bbox 2095 3726 3673 3806">
     <span class='ocr_line' id='line_1_99' title="bbox 2095 3726 3673 3806; baseline -0.003 -18"><span class='ocrx_word' id='word_1_843' title='bbox 2095 3736 2246 3806; x_wconf 88' lang='grc' dir='ltr'><strong>φιλου</strong></span> <span class='ocrx_word' id='word_1_844' title='bbox 2257 3735 2430 3806; x_wconf 90' lang='grc' dir='ltr'><strong>μένων</strong></span> <span class='ocrx_word' id='word_1_845' title='bbox 2451 3735 2546 3788; x_wconf 76' lang='grc' dir='ltr'><strong>καὶ</strong></span> <span class='ocrx_word' id='word_1_846' title='bbox 2581 3733 2992 3804; x_wconf 86' lang='grc' dir='ltr'><strong>μαραινομένων</strong></span> <span class='ocrx_word' id='word_1_847' title='bbox 3011 3749 3025 3763; x_wconf 75' lang='grc' dir='ltr'><strong>ο</strong></span> <span class='ocrx_word' id='word_1_848' title='bbox 3049 3726 3200 3794; x_wconf 70' lang='grc' dir='ltr'><strong>οὗτος</strong></span> <span class='ocrx_word' id='word_1_849' title='bbox 3223 3731 3279 3784; x_wconf 81' lang='grc' dir='ltr'><strong>δὲ</strong></span> <span class='ocrx_word' id='word_1_850' title='bbox 3301 3732 3329 3782; x_wconf 86' lang='grc' dir='ltr'><strong>ό</strong></span> <span class='ocrx_word' id='word_1_851' title='bbox 3357 3730 3494 3800; x_wconf 81' lang='grc' dir='ltr'><strong>ἔρως</strong></span> <span class='ocrx_word' id='word_1_852' title='bbox 3518 3729 3673 3784; x_wconf 86' lang='grc' dir='ltr'><strong>ἄπει-</strong></span> 
     </span>
    </p>
   </div>
   <div class='ocr_carea' id='block_1_100' title="bbox 2095 3822 3672 3901">
    <p class='ocr_par' dir='ltr' id='par_1_100' title="bbox 2095 3822 3672 3901">
     <span class='ocr_line' id='line_1_100' title="bbox 2095 3822 3672 3901; baseline -0.002 -20"><span class='ocrx_word' id='word_1_853' title='bbox 2095 3846 2186 3901; x_wconf 87' lang='grc' dir='ltr'><strong>ρος</strong></span> <span class='ocrx_word' id='word_1_854' title='bbox 2207 3870 2218 3887; x_wconf 89' lang='grc'><strong>.</strong></span> <span class='ocrx_word' id='word_1_855' title='bbox 2245 3827 2628 3896; x_wconf 85' lang='grc' dir='ltr'><strong>ἀτελεύτητος,</strong></span> <span class='ocrx_word' id='word_1_856' title='bbox 2658 3826 2753 3880; x_wconf 80' lang='grc' dir='ltr'><strong>καὶ</strong></span> <span class='ocrx_word' id='word_1_857' title='bbox 2774 3826 2874 3895; x_wconf 85' lang='grc' dir='ltr'><strong>τὴν</strong></span> <span class='ocrx_word' id='word_1_858' title='bbox 2907 3824 3100 3894; x_wconf 81' lang='grc' dir='ltr'><strong>ἡδονὴν</strong></span> <span class='ocrx_word' id='word_1_859' title='bbox 3138 3823 3357 3892; x_wconf 76' lang='grc' dir='ltr'><strong>μείζονα</strong></span> <span class='ocrx_word' id='word_1_860' title='bbox 3390 3823 3546 3892; x_wconf 80' lang='grc' dir='ltr'><strong>έχων,</strong></span> <span class='ocrx_word' id='word_1_861' title='bbox 3578 3822 3672 3878; x_wconf 77' lang='grc' dir='ltr'><strong>καὶ</strong></span> 
     </span>
    </p>
   </div>
   <div class='ocr_carea' id='block_1_101' title="bbox 2091 3913 3672 3990">
    <p class='ocr_par' dir='ltr' id='par_1_101' title="bbox 2091 3913 3672 3990">
     <span class='ocr_line' id='line_1_101' title="bbox 2091 3913 3672 3990; baseline -0.002 -18"><span class='ocrx_word' id='word_1_862' title='bbox 2091 3920 2153 3972; x_wconf 83' lang='grc' dir='ltr'><strong>τὸ</strong></span> <span class='ocrx_word' id='word_1_863' title='bbox 2183 3919 2371 3990; x_wconf 86' lang='grc' dir='ltr'><strong>κέρδος</strong></span> <span class='ocrx_word' id='word_1_864' title='bbox 2423 3917 2613 3970; x_wconf 88' lang='grc' dir='ltr'><strong>πλέον·</strong></span> <span class='ocrx_word' id='word_1_865' title='bbox 2648 3916 2742 3969; x_wconf 75' lang='grc' dir='ltr'><strong>καὶ</strong></span> <span class='ocrx_word' id='word_1_866' title='bbox 2797 3915 2972 3984; x_wconf 84' lang='grc' dir='ltr'><strong>τούτῳ</strong></span> <span class='ocrx_word' id='word_1_867' title='bbox 3002 3914 3162 3968; x_wconf 88' lang='grc' dir='ltr'><strong>πάλιν</strong></span> <span class='ocrx_word' id='word_1_868' title='bbox 3209 3913 3550 3983; x_wconf 78' lang='grc' dir='ltr'><strong>ψυχαγωγῶν</strong></span> <span class='ocrx_word' id='word_1_869' title='bbox 3578 3913 3672 3969; x_wconf 67' lang='grc' dir='ltr'><strong>τὸν</strong></span> 
     </span>
    </p>
   </div>
   <div class='ocr_carea' id='block_1_102' title="bbox 2094 4003 3670 4080">
    <p class='ocr_par' dir='ltr' id='par_1_102' title="bbox 2094 4003 3670 4080">
     <span class='ocr_line' id='line_1_102' title="bbox 2094 4003 3670 4080; baseline -0.004 -16"><span class='ocrx_word' id='word_1_870' title='bbox 2094 4010 2374 4080; x_wconf 84' lang='grc' dir='ltr'><strong>φιλοῦντα,</strong></span> <span class='ocrx_word' id='word_1_871' title='bbox 2405 4008 2485 4078; x_wconf 80' lang='grc' dir='ltr'><strong>τῷ</strong></span> <span class='ocrx_word' id='word_1_872' title='bbox 2519 4007 2787 4079; x_wconf 88' lang='grc' dir='ltr'><strong>μηδέποτε</strong></span> <span class='ocrx_word' id='word_1_873' title='bbox 2809 4005 3190 4060; x_wconf 85' lang='grc' dir='ltr'><strong>καταλύεσθαι.</strong></span> <span class='ocrx_word' id='word_1_874' title='bbox 3220 4004 3398 4058; x_wconf 72' lang='grc' dir='ltr'><strong>Ψαλῶ</strong></span> <span class='ocrx_word' id='word_1_875' title='bbox 3426 4003 3506 4067; x_wconf 83' lang='grc' dir='ltr'><strong>τῷ</strong></span> <span class='ocrx_word' id='word_1_876' title='bbox 3535 4004 3670 4057; x_wconf 81' lang='grc' dir='ltr'><strong>ὀνό-</strong></span> 
     </span>
    </p>
   </div>
   <div class='ocr_carea' id='block_1_103' title="bbox 2087 4095 3670 4172">
    <p class='ocr_par' dir='ltr' id='par_1_103' title="bbox 2087 4095 3670 4172">
     <span class='ocr_line' id='line_1_103' title="bbox 2087 4095 3670 4172; baseline -0.004 -15"><span class='ocrx_word' id='word_1_877' title='bbox 2087 4103 2230 4172; x_wconf 85' lang='grc' dir='ltr'><strong>ματί</strong></span> <span class='ocrx_word' id='word_1_878' title='bbox 2258 4119 2374 4157; x_wconf 80' lang='grc' dir='ltr'><strong>σου</strong></span> <span class='ocrx_word' id='word_1_879' title='bbox 2399 4141 2415 4165; x_wconf 90' lang='grc'><strong>,</strong></span> <span class='ocrx_word' id='word_1_880' title='bbox 2449 4101 2712 4168; x_wconf 71' lang='grc' dir='ltr'><strong>Ὕψιστε.</strong></span> <span class='ocrx_word' id='word_1_881' title='bbox 2754 4099 2923 4151; x_wconf 90' lang='grc' dir='ltr'><strong>Τοῦτο</strong></span> <span class='ocrx_word' id='word_1_882' title='bbox 2956 4097 3186 4168; x_wconf 85' lang='grc' dir='ltr'><strong>μάλιστα</strong></span> <span class='ocrx_word' id='word_1_883' title='bbox 3224 4095 3498 4164; x_wconf 70' lang='grc' dir='ltr'><strong>φιλοῦντος</strong></span> <span class='ocrx_word' id='word_1_884' title='bbox 3529 4095 3670 4160; x_wconf 77' lang='grc' dir='ltr'><strong>ἔθος.</strong></span> 
     </span>
    </p>
   </div>
   <div class='ocr_carea' id='block_1_104' title="bbox 2095 4187 3670 4262">
    <p class='ocr_par' dir='ltr' id='par_1_104' title="bbox 2095 4187 3670 4262">
     <span class='ocr_line' id='line_1_104' title="bbox 2095 4187 3670 4262; baseline -0.004 -15"><span class='ocrx_word' id='word_1_885' title='bbox 2095 4195 2204 4247; x_wconf 71' lang='grc' dir='ltr'><strong>Καὶ</strong></span> <span class='ocrx_word' id='word_1_886' title='bbox 2249 4193 2359 4262; x_wconf 78' lang='grc' dir='ltr'><strong>γὰρ</strong></span> <span class='ocrx_word' id='word_1_887' title='bbox 2395 4194 2444 4244; x_wconf 88' lang='grc' dir='ltr'><strong>οἱ</strong></span> <span class='ocrx_word' id='word_1_888' title='bbox 2493 4190 2726 4262; x_wconf 75' lang='grc' dir='ltr'><strong>ἐρῶντες</strong></span> <span class='ocrx_word' id='word_1_889' title='bbox 2757 4191 2837 4252; x_wconf 84' lang='grc' dir='ltr'><strong>είς</strong></span> <span class='ocrx_word' id='word_1_890' title='bbox 2873 4190 3000 4252; x_wconf 78' lang='grc' dir='ltr'><strong>τοὺς</strong></span> <span class='ocrx_word' id='word_1_891' title='bbox 3047 4188 3400 4258; x_wconf 85' lang='grc' dir='ltr'><strong>φιλουμένους</strong></span> <span class='ocrx_word' id='word_1_892' title='bbox 3448 4187 3670 4258; x_wconf 83' lang='grc' dir='ltr'><strong>ᾅσματα</strong></span> 
     </span>
    </p>
   </div>
   <div class='ocr_carea' id='block_1_105' title="bbox 2093 4279 3670 4358">
    <p class='ocr_par' dir='ltr' id='par_1_105' title="bbox 2093 4279 3670 4358">
     <span class='ocr_line' id='line_1_105' title="bbox 2093 4279 3670 4358; baseline -0.006 -19"><span class='ocrx_word' id='word_1_893' title='bbox 2093 4286 2277 4358; x_wconf 78' lang='grc' dir='ltr'><strong>ᾄδουσι</strong></span> <span class='ocrx_word' id='word_1_894' title='bbox 2303 4301 2315 4314; x_wconf 88' lang='grc'><strong>·</strong></span> <span class='ocrx_word' id='word_1_895' title='bbox 2352 4284 2456 4338; x_wconf 75' lang='grc' dir='ltr'><strong>κᾶν</strong></span> <span class='ocrx_word' id='word_1_896' title='bbox 2485 4283 2559 4354; x_wconf 83' lang='grc' dir='ltr'><strong>μὴ</strong></span> <span class='ocrx_word' id='word_1_897' title='bbox 2592 4281 2788 4352; x_wconf 86' lang='grc' dir='ltr'><strong>ὁρῶσιν</strong></span> <span class='ocrx_word' id='word_1_898' title='bbox 2814 4281 3082 4343; x_wconf 88' lang='grc' dir='ltr'><strong>ἐκείνους,</strong></span> <span class='ocrx_word' id='word_1_899' title='bbox 3110 4279 3196 4332; x_wconf 81' lang='grc' dir='ltr'><strong>διὰ</strong></span> <span class='ocrx_word' id='word_1_900' title='bbox 3238 4280 3336 4349; x_wconf 84' lang='grc' dir='ltr'><strong>τῆς</strong></span> <span class='ocrx_word' id='word_1_901' title='bbox 3373 4279 3513 4350; x_wconf 80' lang='grc' dir='ltr'><strong>ᾠδῆς</strong></span> <span class='ocrx_word' id='word_1_902' title='bbox 3545 4281 3670 4332; x_wconf 78' lang='grc' dir='ltr'><strong>ἑαυ-</strong></span> 
     </span>
    </p>
   </div>
   <div class='ocr_carea' id='block_1_106' title="bbox 2091 4373 3664 4447">
    <p class='ocr_par' dir='ltr' id='par_1_106' title="bbox 2091 4373 3664 4447">
     <span class='ocr_line' id='line_1_106' title="bbox 2091 4373 3664 4447; baseline -0.005 -15"><span class='ocrx_word' id='word_1_903' title='bbox 2091 4379 2219 4441; x_wconf 80' lang='grc' dir='ltr'><strong>τοὺς</strong></span> <span class='ocrx_word' id='word_1_904' title='bbox 2246 4375 2716 4447; x_wconf 88' lang='grc' dir='ltr'><strong>παραμυθοῦνται.</strong></span> <span class='ocrx_word' id='word_1_905' title='bbox 2747 4373 2903 4426; x_wconf 82' lang='grc' dir='ltr'><strong>Οὕτω</strong></span> <span class='ocrx_word' id='word_1_906' title='bbox 2929 4373 2993 4444; x_wconf 83' lang='grc' dir='ltr'><strong>δὴ</strong></span> <span class='ocrx_word' id='word_1_907' title='bbox 3019 4373 3110 4426; x_wconf 79' lang='grc' dir='ltr'><strong>καὶ</strong></span> <span class='ocrx_word' id='word_1_908' title='bbox 3136 4376 3163 4426; x_wconf 89' lang='grc' dir='ltr'>ὁ</span> <span class='ocrx_word' id='word_1_909' title='bbox 3185 4373 3472 4444; x_wconf 83' lang='grc' dir='ltr'><strong>Προφήτης</strong></span> <span class='ocrx_word' id='word_1_910' title='bbox 3505 4375 3664 4425; x_wconf 83' lang='grc' dir='ltr'><strong>ποιεῖ·</strong></span> 
     </span>
    </p>
   </div>
   <div class='ocr_carea' id='block_1_107' title="bbox 2093 4459 3669 4536">
    <p class='ocr_par' dir='ltr' id='par_1_107' title="bbox 2093 4459 3669 4536">
     <span class='ocr_line' id='line_1_107' title="bbox 2093 4459 3669 4536; baseline -0.004 -12"><span class='ocrx_word' id='word_1_911' title='bbox 2093 4471 2215 4524; x_wconf 70' lang='grc' dir='ltr'><strong>ἐπεῖ⁸</strong></span> <span class='ocrx_word' id='word_1_912' title='bbox 2245 4470 2336 4523; x_wconf 74' lang='grc' dir='ltr'><strong>τὸν</strong></span> <span class='ocrx_word' id='word_1_913' title='bbox 2369 4468 2501 4521; x_wconf 83' lang='grc' dir='ltr'>Θεὸν</span> <span class='ocrx_word' id='word_1_914' title='bbox 2540 4467 2667 4521; x_wconf 85' lang='grc' dir='ltr'><strong>ίδεῖν</strong></span> <span class='ocrx_word' id='word_1_915' title='bbox 2719 4467 2779 4518; x_wconf 91' lang='grc' dir='ltr'><strong>οὐ</strong></span> <span class='ocrx_word' id='word_1_916' title='bbox 2831 4466 3056 4518; x_wconf 74' lang='grc' dir='ltr'><strong>δυνατὸν</strong></span> <span class='ocrx_word' id='word_1_917' title='bbox 3083 4507 3098 4529; x_wconf 88' lang='grc'><strong>,</strong></span> <span class='ocrx_word' id='word_1_918' title='bbox 3139 4459 3362 4536; x_wconf 84' lang='grc' dir='ltr'><strong>ᾄσματα</strong></span> <span class='ocrx_word' id='word_1_919' title='bbox 3397 4468 3540 4518; x_wconf 82' lang='grc' dir='ltr'><strong>ποιεῖ</strong></span> <span class='ocrx_word' id='word_1_920' title='bbox 3587 4468 3669 4528; x_wconf 87' lang='grc' dir='ltr'><strong>είς</strong></span> 
     </span>
    </p>
   </div>
   <div class='ocr_carea' id='block_1_108' title="bbox 2093 4557 3672 4630">
    <p class='ocr_par' dir='ltr' id='par_1_108' title="bbox 2093 4557 3672 4630">
     <span class='ocr_line' id='line_1_108' title="bbox 2093 4557 3672 4630; baseline -0.004 -15"><span class='ocrx_word' id='word_1_921' title='bbox 2093 4563 2282 4622; x_wconf 82' lang='grc' dir='ltr'><strong>αὐτὸν,</strong></span> <span class='ocrx_word' id='word_1_922' title='bbox 2326 4561 2414 4615; x_wconf 80' lang='grc' dir='ltr'><strong>διὰ</strong></span> <span class='ocrx_word' id='word_1_923' title='bbox 2449 4561 2557 4613; x_wconf 85' lang='grc' dir='ltr'><strong>τῶν</strong></span> <span class='ocrx_word' id='word_1_924' title='bbox 2606 4559 2758 4630; x_wconf 80' lang='grc' dir='ltr'><strong>ᾠδῶν</strong></span> <span class='ocrx_word' id='word_1_925' title='bbox 2805 4558 2952 4627; x_wconf 81' lang='grc' dir='ltr'><strong>αὐτῷ</strong></span> <span class='ocrx_word' id='word_1_926' title='bbox 3000 4558 3412 4626; x_wconf 83' lang='grc' dir='ltr'><strong>συγγινόμενος,</strong></span> <span class='ocrx_word' id='word_1_927' title='bbox 3443 4557 3537 4609; x_wconf 76' lang='grc' dir='ltr'><strong>καὶ</strong></span> <span class='ocrx_word' id='word_1_928' title='bbox 3576 4557 3672 4609; x_wconf 82' lang='grc' dir='ltr'><strong>τὸν</strong></span> 
     </span>
    </p>
   </div>
   <div class='ocr_carea' id='block_1_109' title="bbox 2092 4646 3671 4718">
    <p class='ocr_par' dir='ltr' id='par_1_109' title="bbox 2092 4646 3671 4718">
     <span class='ocr_line' id='line_1_109' title="bbox 2092 4646 3671 4718; baseline -0.006 -11"><span class='ocrx_word' id='word_1_929' title='bbox 2092 4653 2253 4707; x_wconf 84' lang='grc' dir='ltr'><strong>πόθον</strong></span> <span class='ocrx_word' id='word_1_930' title='bbox 2272 4654 2547 4715; x_wconf 88' lang='grc' dir='ltr'><strong>ἀνάπτων,</strong></span> <span class='ocrx_word' id='word_1_931' title='bbox 2575 4651 2666 4704; x_wconf 69' lang='grc' dir='ltr'><strong>καὶ</strong></span> <span class='ocrx_word' id='word_1_932' title='bbox 2696 4649 2855 4703; x_wconf 83' lang='grc' dir='ltr'><strong>αὐτὸν</strong></span> <span class='ocrx_word' id='word_1_933' title='bbox 2892 4649 3061 4702; x_wconf 87' lang='grc' dir='ltr'><strong>δοκῶν</strong></span> <span class='ocrx_word' id='word_1_934' title='bbox 3087 4649 3218 4718; x_wconf 78' lang='grc' dir='ltr'><strong>ὁρᾷν</strong></span> <span class='ocrx_word' id='word_1_935' title='bbox 3241 4665 3254 4677; x_wconf 87' lang='grc'><strong>·</strong></span> <span class='ocrx_word' id='word_1_936' title='bbox 3291 4646 3485 4716; x_wconf 81' lang='grc' dir='ltr'><strong>μᾶλλον</strong></span> <span class='ocrx_word' id='word_1_937' title='bbox 3508 4646 3563 4699; x_wconf 86' lang='grc' dir='ltr'><strong>δὲ</strong></span> <span class='ocrx_word' id='word_1_938' title='bbox 3582 4646 3671 4699; x_wconf 73' lang='grc' dir='ltr'><strong>διὰ</strong></span> 
     </span>
    </p>
   </div>
   <div class='ocr_carea' id='block_1_110' title="bbox 2089 4735 3666 4813">
    <p class='ocr_par' dir='ltr' id='par_1_110' title="bbox 2089 4735 3666 4813">
     <span class='ocr_line' id='line_1_110' title="bbox 2089 4735 3666 4813; baseline -0.003 -18"><span class='ocrx_word' id='word_1_939' title='bbox 2089 4744 2184 4795; x_wconf 88' lang='grc' dir='ltr'><strong>τοῦ</strong></span> <span class='ocrx_word' id='word_1_940' title='bbox 2229 4743 2372 4813; x_wconf 74' lang='grc' dir='ltr'><strong>ᾄδειν</strong></span> <span class='ocrx_word' id='word_1_941' title='bbox 2423 4743 2516 4794; x_wconf 79' lang='grc' dir='ltr'><strong>καὶ</strong></span> <span class='ocrx_word' id='word_1_942' title='bbox 2570 4742 2755 4810; x_wconf 85' lang='grc' dir='ltr'><strong>ὑμνεῖν</strong></span> <span class='ocrx_word' id='word_1_943' title='bbox 2809 4742 2885 4800; x_wconf 86' lang='grc' dir='ltr'><strong>είς</strong></span> <span class='ocrx_word' id='word_1_944' title='bbox 2932 4738 3094 4790; x_wconf 90' lang='grc' dir='ltr'><strong>πόθον</strong></span> <span class='ocrx_word' id='word_1_945' title='bbox 3145 4737 3374 4790; x_wconf 86' lang='grc' dir='ltr'><strong>ἀνάπτει</strong></span> <span class='ocrx_word' id='word_1_946' title='bbox 3419 4735 3666 4802; x_wconf 89' lang='grc' dir='ltr'><strong>πολλούς.</strong></span> 
     </span>
    </p>
   </div>
   <div class='ocr_carea' id='block_1_111' title="bbox 2095 4827 3669 4904">
    <p class='ocr_par' dir='ltr' id='par_1_111' title="bbox 2095 4827 3669 4904">
     <span class='ocr_line' id='line_1_111' title="bbox 2095 4827 3669 4904; baseline -0.005 -19"><span class='ocrx_word' id='word_1_947' title='bbox 2095 4835 2305 4904; x_wconf 86' lang='grc' dir='ltr'><strong>Ὠσπερ</strong></span> <span class='ocrx_word' id='word_1_948' title='bbox 2338 4833 2446 4904; x_wconf 79' lang='grc' dir='ltr'><strong>γὰρ</strong></span> <span class='ocrx_word' id='word_1_949' title='bbox 2492 4833 2540 4884; x_wconf 88' lang='grc' dir='ltr'><strong>οἱ</strong></span> <span class='ocrx_word' id='word_1_950' title='bbox 2581 4830 2860 4899; x_wconf 87' lang='grc' dir='ltr'><strong>φιλοῦντες</strong></span> <span class='ocrx_word' id='word_1_951' title='bbox 2907 4827 3154 4899; x_wconf 85' lang='grc' dir='ltr'><strong>ἐγκώμια</strong></span> <span class='ocrx_word' id='word_1_952' title='bbox 3183 4827 3291 4880; x_wconf 87' lang='grc' dir='ltr'><strong>τῶν</strong></span> <span class='ocrx_word' id='word_1_953' title='bbox 3332 4827 3669 4896; x_wconf 85' lang='grc' dir='ltr'><strong>φιλουμένων</strong></span> 
     </span>
    </p>
   </div>
   <div class='ocr_carea' id='block_1_112' title="bbox 2090 4915 3672 4990">
    <p class='ocr_par' dir='ltr' id='par_1_112' title="bbox 2090 4915 3672 4990">
     <span class='ocr_line' id='line_1_112' title="bbox 2090 4915 3672 4990; baseline -0.003 -15"><span class='ocrx_word' id='word_1_954' title='bbox 2090 4923 2337 4990; x_wconf 82' lang='grc' dir='ltr'><strong>λέγουσι,</strong></span> <span class='ocrx_word' id='word_1_955' title='bbox 2368 4923 2463 4975; x_wconf 77' lang='grc' dir='ltr'><strong>καὶ</strong></span> <span class='ocrx_word' id='word_1_956' title='bbox 2496 4920 2564 4974; x_wconf 88' lang='grc' dir='ltr'><strong>τά</strong></span> <span class='ocrx_word' id='word_1_957' title='bbox 2593 4922 2832 4988; x_wconf 87' lang='grc' dir='ltr'><strong>ὀνόματα</strong></span> <span class='ocrx_word' id='word_1_958' title='bbox 2863 4919 3041 4972; x_wconf 85' lang='grc' dir='ltr'><strong>αὐτῶν</strong></span> <span class='ocrx_word' id='word_1_959' title='bbox 3079 4917 3462 4989; x_wconf 85' lang='grc' dir='ltr'><strong>περιφέρουσιν</strong></span> <span class='ocrx_word' id='word_1_960' title='bbox 3482 4933 3495 4947; x_wconf 88' lang='grc'><strong>·</strong></span> <span class='ocrx_word' id='word_1_961' title='bbox 3526 4915 3672 4970; x_wconf 88' lang='grc' dir='ltr'><strong>οὕτω</strong></span> 
     </span>
    </p>
   </div>
   <div class='ocr_carea' id='block_1_113' title="bbox 2091 5004 3559 5083">
    <p class='ocr_par' dir='ltr' id='par_1_113' title="bbox 2091 5004 3559 5083">
     <span class='ocr_line' id='line_1_113' title="bbox 2091 5004 3559 5083; baseline -0.005 -17"><span class='ocrx_word' id='word_1_962' title='bbox 2091 5014 2154 5083; x_wconf 85' lang='grc' dir='ltr'><strong>δὴ</strong></span> <span class='ocrx_word' id='word_1_963' title='bbox 2185 5013 2277 5066; x_wconf 77' lang='grc' dir='ltr'><strong>καὶ</strong></span> <span class='ocrx_word' id='word_1_964' title='bbox 2304 5004 2458 5074; x_wconf 82' lang='grc' dir='ltr'><strong>οὕτος</strong></span> <span class='ocrx_word' id='word_1_965' title='bbox 2477 5009 2707 5077; x_wconf 76' lang='grc' dir='ltr'><strong>,’Ψαλῶ</strong></span> <span class='ocrx_word' id='word_1_966' title='bbox 2739 5008 2819 5074; x_wconf 87' lang='grc' dir='ltr'><strong>τῷ</strong></span> <span class='ocrx_word' id='word_1_967' title='bbox 2855 5009 3102 5076; x_wconf 80' lang='grc' dir='ltr'><strong>ὀνόματί</strong></span> <span class='ocrx_word' id='word_1_968' title='bbox 3123 5023 3260 5070; x_wconf 88' lang='grc' dir='ltr'><strong>σου,</strong></span> <span class='ocrx_word' id='word_1_969' title='bbox 3294 5007 3559 5073; x_wconf 77' lang='grc' dir='ltr'><strong>Ὕψιστε.</strong></span> 
     </span>
    </p>
   </div>
   <div class='ocr_carea' id='block_1_114' title="bbox 2163 5137 3669 5218">
    <p class='ocr_par' dir='ltr' id='par_1_114' title="bbox 2163 5137 3669 5218">
     <span class='ocr_line' id='line_1_114' title="bbox 2163 5137 3669 5218; baseline -0.01 -15"><span class='ocrx_word' id='word_1_970' title='bbox 2163 5155 2232 5217; x_wconf 81' lang='grc' dir='ltr'><strong>γ’.</strong></span> <span class='ocrx_word' id='word_1_971' title='bbox 2248 5148 2388 5218; x_wconf 85' lang='grc' dir='ltr'><strong>Ὅρα</strong></span> <span class='ocrx_word' id='word_1_972' title='bbox 2401 5145 2516 5208; x_wconf 83' lang='grc' dir='ltr'><strong>πῶς</strong></span> <span class='ocrx_word' id='word_1_973' title='bbox 2533 5143 2723 5198; x_wconf 84' lang='grc' dir='ltr'><strong>ἐαυτὸν</strong></span> <span class='ocrx_word' id='word_1_974' title='bbox 2737 5142 2834 5211; x_wconf 81' lang='grc' dir='ltr'><strong>τῆς</strong></span> <span class='ocrx_word' id='word_1_975' title='bbox 2851 5141 2952 5210; x_wconf 85' lang='grc' dir='ltr'><strong>γῆς</strong></span> <span class='ocrx_word' id='word_1_976' title='bbox 2969 5141 3054 5212; x_wconf 81' lang='grc' dir='ltr'><strong>διή</strong></span> <span class='ocrx_word' id='word_1_977' title='bbox 3062 5157 3159 5211; x_wconf 90' lang='grc' dir='ltr'><strong>ρτη</strong></span> <span class='ocrx_word' id='word_1_978' title='bbox 3168 5157 3246 5202; x_wconf 89' lang='grc' dir='ltr'><strong>σε,</strong></span> <span class='ocrx_word' id='word_1_979' title='bbox 3267 5140 3360 5191; x_wconf 73' lang='grc' dir='ltr'><strong>καὶ</strong></span> <span class='ocrx_word' id='word_1_980' title='bbox 3377 5139 3510 5209; x_wconf 80' lang='grc' dir='ltr'><strong>πρὸς</strong></span> <span class='ocrx_word' id='word_1_981' title='bbox 3527 5137 3669 5190; x_wconf 65' lang='grc' dir='ltr'><strong>ἐκεία-</strong></span> 
     </span>
    </p>
   </div>
   <div class='ocr_carea' id='block_1_115' title="bbox 2091 5226 3668 5308">
    <p class='ocr_par' dir='ltr' id='par_1_115' title="bbox 2091 5226 3668 5308">
     <span class='ocr_line' id='line_1_115' title="bbox 2091 5226 3668 5308; baseline -0.01 -16"><span class='ocrx_word' id='word_1_982' title='bbox 2091 5257 2188 5308; x_wconf 92' lang='grc' dir='ltr'><strong>νην</strong></span> <span class='ocrx_word' id='word_1_983' title='bbox 2221 5237 2596 5308; x_wconf 86' lang='grc' dir='ltr'><strong>ἀνεκρέμασεν</strong></span> <span class='ocrx_word' id='word_1_984' title='bbox 2635 5232 2760 5303; x_wconf 82' lang='grc' dir='ltr'><strong>ὅλην</strong></span> <span class='ocrx_word' id='word_1_985' title='bbox 2789 5230 2981 5284; x_wconf 88' lang='grc' dir='ltr'><strong>ἐαυτοῦ</strong></span> <span class='ocrx_word' id='word_1_986' title='bbox 3016 5231 3043 5270; x_wconf 75' lang='lat' dir='ltr'><strong><em>b</em></strong></span> <span class='ocrx_word' id='word_1_987' title='bbox 3076 5229 3174 5299; x_wconf 81' lang='grc' dir='ltr'><strong>τὴν</strong></span> <span class='ocrx_word' id='word_1_988' title='bbox 3202 5229 3418 5292; x_wconf 88' lang='grc' dir='ltr'><strong>οὐσίαν,</strong></span> <span class='ocrx_word' id='word_1_989' title='bbox 3449 5226 3668 5291; x_wconf 70' lang='grc' dir='ltr'><strong>ἀναθεὶς</strong></span> 
     </span>
    </p>
   </div>
   <div class='ocr_carea' id='block_1_116' title="bbox 2092 5319 3668 5398">
    <p class='ocr_par' dir='ltr' id='par_1_116' title="bbox 2092 5319 3668 5398">
     <span class='ocr_line' id='line_1_116' title="bbox 2092 5319 3668 5398; baseline -0.008 -16"><span class='ocrx_word' id='word_1_990' title='bbox 2092 5329 2280 5383; x_wconf 83' lang='grc' dir='ltr'><strong>ἐαυτὸν</strong></span> <span class='ocrx_word' id='word_1_991' title='bbox 2323 5327 2401 5398; x_wconf 85' lang='grc' dir='ltr'><strong>τῷ</strong></span> <span class='ocrx_word' id='word_1_992' title='bbox 2433 5325 2570 5396; x_wconf 82' lang='grc' dir='ltr'><strong>Θεῷ.</strong></span> <span class='ocrx_word' id='word_1_993' title='bbox 2600 5323 2700 5376; x_wconf 79' lang='grc' dir='ltr'><strong>Διά</strong></span> <span class='ocrx_word' id='word_1_994' title='bbox 2726 5322 2884 5375; x_wconf 84' lang='grc' dir='ltr'><strong>τοῦτο</strong></span> <span class='ocrx_word' id='word_1_995' title='bbox 2933 5320 3170 5391; x_wconf 85' lang='grc' dir='ltr'><strong>συνεχῶς</strong></span> <span class='ocrx_word' id='word_1_996' title='bbox 3214 5319 3378 5372; x_wconf 86' lang='grc' dir='ltr'><strong>αὐτοῦ</strong></span> <span class='ocrx_word' id='word_1_997' title='bbox 3409 5319 3469 5371; x_wconf 79' lang='grc' dir='ltr'><strong>τὸ</strong></span> <span class='ocrx_word' id='word_1_998' title='bbox 3499 5319 3668 5389; x_wconf 76' lang='grc' dir='ltr'><strong>ὄνομα</strong></span> 
     </span>
    </p>
   </div>
   <div class='ocr_carea' id='block_1_117' title="bbox 2092 5408 3663 5490">
    <p class='ocr_par' dir='ltr' id='par_1_117' title="bbox 2092 5408 3663 5490">
     <span class='ocr_line' id='line_1_117' title="bbox 2092 5408 3663 5490; baseline -0.009 -17"><span class='ocrx_word' id='word_1_999' title='bbox 2092 5408 2444 5490; x_wconf 84' lang='grc' dir='ltr'><strong>περιστρέφει</strong></span> <span class='ocrx_word' id='word_1_1000' title='bbox 2467 5431 2480 5445; x_wconf 93' lang='grc'><strong>·</strong></span> <span class='ocrx_word' id='word_1_1001' title='bbox 2510 5416 2605 5469; x_wconf 78' lang='grc' dir='ltr'><strong>καὶ</strong></span> <span class='ocrx_word' id='word_1_1002' title='bbox 2637 5415 2746 5485; x_wconf 85' lang='grc' dir='ltr'><strong>γὰρ</strong></span> <span class='ocrx_word' id='word_1_1003' title='bbox 2790 5414 2882 5465; x_wconf 71' lang='grc' dir='ltr'><strong>καὶ</strong></span> <span class='ocrx_word' id='word_1_1004' title='bbox 2909 5411 3065 5465; x_wconf 88' lang='grc' dir='ltr'><strong>τοῦτο</strong></span> <span class='ocrx_word' id='word_1_1005' title='bbox 3093 5411 3187 5464; x_wconf 91' lang='grc' dir='ltr'><strong>τοῦ</strong></span> <span class='ocrx_word' id='word_1_1006' title='bbox 3220 5409 3497 5480; x_wconf 86' lang='grc' dir='ltr'><strong>φιλοῦντος</strong></span> <span class='ocrx_word' id='word_1_1007' title='bbox 3525 5409 3663 5470; x_wconf 80' lang='grc' dir='ltr'><strong>ἔθος,</strong></span> 
     </span>
    </p>
   </div>
   <div class='ocr_carea' id='block_1_118' title="bbox 2104 5499 3666 5576">
    <p class='ocr_par' dir='ltr' id='par_1_118' title="bbox 2104 5499 3666 5576">
     <span class='ocr_line' id='line_1_118' title="bbox 2104 5499 3666 5576; baseline -0.008 -12"><span class='ocrx_word' id='word_1_1008' title='bbox 2104 5512 2201 5565; x_wconf 77' lang='grc' dir='ltr'><strong>Ἑν</strong></span> <span class='ocrx_word' id='word_1_1009' title='bbox 2244 5509 2324 5575; x_wconf 83' lang='grc' dir='ltr'><strong>τῷ</strong></span> <span class='ocrx_word' id='word_1_1010' title='bbox 2376 5505 2836 5576; x_wconf 70' lang='grc' dir='ltr'><strong>ἀποστραφῆναι</strong></span> <span class='ocrx_word' id='word_1_1011' title='bbox 2888 5504 2996 5558; x_wconf 79' lang='grc' dir='ltr'><strong>τὸν</strong></span> <span class='ocrx_word' id='word_1_1012' title='bbox 3051 5503 3268 5571; x_wconf 75' lang='grc' dir='ltr'><strong>ἐχθρόν</strong></span> <span class='ocrx_word' id='word_1_1013' title='bbox 3295 5518 3412 5570; x_wconf 84' lang='grc' dir='ltr'><strong>μου</strong></span> <span class='ocrx_word' id='word_1_1014' title='bbox 3463 5502 3549 5566; x_wconf 84' lang='grc' dir='ltr'><strong>εὶς</strong></span> <span class='ocrx_word' id='word_1_1015' title='bbox 3596 5499 3666 5552; x_wconf 83' lang='grc' dir='ltr'><strong>τὰ</strong></span> 
     </span>
    </p>
   </div>
   <div class='ocr_carea' id='block_1_119' title="bbox 2154 5693 3664 5766">
    <p class='ocr_par' dir='ltr' id='par_1_119' title="bbox 2154 5693 3664 5766">
     <span class='ocr_line' id='line_1_119' title="bbox 2154 5693 3664 5766; baseline -0.011 -9"><span class='ocrx_word' id='word_1_1016' title='bbox 2154 5710 2184 5748; x_wconf 78' lang='lat' dir='ltr'><strong>b</strong></span> <span class='ocrx_word' id='word_1_1017' title='bbox 2209 5705 2506 5756; x_wconf 84' lang='lat' dir='ltr'><strong>Barberinus</strong></span> <span class='ocrx_word' id='word_1_1018' title='bbox 2516 5705 2643 5766; x_wconf 81' lang='lat' dir='ltr'><strong>apud</strong></span> <span class='ocrx_word' id='word_1_1019' title='bbox 2655 5703 2782 5766; x_wconf 78' lang='lat' dir='ltr'><strong>Sain</strong></span> <span class='ocrx_word' id='word_1_1020' title='bbox 2791 5701 3130 5766; x_wconf 66' lang='grc' dir='ltr'><strong>,ἀνεκρέμασεν</strong></span> <span class='ocrx_word' id='word_1_1021' title='bbox 3142 5698 3252 5766; x_wconf 63' lang='grc' dir='ltr'><strong>ὃλην</strong></span> <span class='ocrx_word' id='word_1_1022' title='bbox 3264 5693 3664 5766; x_wconf 59' lang='lat' dir='ltr'><strong>€qwo&#39;6,_m_elius.</strong></span> 
     </span>
    </p>
   </div>
   <div class='ocr_carea' id='block_1_120' title="bbox 2095 5757 3664 5828">
    <p class='ocr_par' dir='ltr' id='par_1_120' title="bbox 2095 5757 3664 5828">
     <span class='ocr_line' id='line_1_120' title="bbox 2095 5757 3664 5828; baseline -0.007 -12"><span class='ocrx_word' id='word_1_1023' title='bbox 2095 5776 2147 5816; x_wconf 87' lang='lat' dir='ltr'><strong>ul</strong></span> <span class='ocrx_word' id='word_1_1024' title='bbox 2174 5775 2311 5828; x_wconf 83' lang='lat' dir='ltr'><strong>pulo,</strong></span> <span class='ocrx_word' id='word_1_1025' title='bbox 2339 5781 2482 5827; x_wconf 84' lang='lat' dir='ltr'><strong>quam</strong></span> <span class='ocrx_word' id='word_1_1026' title='bbox 2505 5757 2645 5822; x_wconf 71' lang='lat' dir='ltr'><strong>editi,</strong></span> <span class='ocrx_word' id='word_1_1027' title='bbox 2685 5764 2769 5812; x_wconf 89' lang='lat' dir='ltr'><strong>ubi</strong></span> <span class='ocrx_word' id='word_1_1028' title='bbox 2790 5765 2906 5828; x_wconf 75' lang='grc' dir='ltr'><strong>ὕλην</strong></span> <span class='ocrx_word' id='word_1_1029' title='bbox 2930 5757 3018 5823; x_wconf 62' lang='grc' dir='ltr'><strong>μή)</strong></span> <span class='ocrx_word' id='word_1_1030' title='bbox 3042 5762 3172 5828; x_wconf 81' lang='grc' dir='ltr'><strong>ὃλην.</strong></span> <span class='ocrx_word' id='word_1_1031' title='bbox 3195 5759 3346 5828; x_wconf 69' lang='lat' dir='ltr'><strong>I_’_anlo</strong></span> <span class='ocrx_word' id='word_1_1032' title='bbox 3366 5763 3478 5828; x_wconf 64' lang='grc' dir='ltr'><strong>ροσε.</strong></span> <span class='ocrx_word' id='word_1_1033' title='bbox 3503 5757 3664 5828; x_wconf 61' lang='grc' dir='ltr'><strong>Ιοςξιιηι</strong></span> 
     </span>
    </p>
   </div>
   <div class='ocr_carea' id='block_1_121' title="bbox 2097 5820 3656 5906">
    <p class='ocr_par' dir='ltr' id='par_1_121' title="bbox 2097 5820 3656 5906">
     <span class='ocr_line' id='line_1_121' title="bbox 2097 5820 3656 5906; baseline -0.006 -27"><span class='ocrx_word' id='word_1_1034' title='bbox 2097 5820 2374 5906; x_wconf 57' lang='grc' dir='ltr'><strong>ἓξὼωοὸιιί</strong></span> <span class='ocrx_word' id='word_1_1035' title='bbox 2392 5830 2542 5880; x_wconf 82' lang='lat' dir='ltr'><strong>habes</strong></span> <span class='ocrx_word' id='word_1_1036' title='bbox 2564 5820 2766 5892; x_wconf 77' lang='lat' dir='ltr'><strong>pléuum</strong></span> <span class='ocrx_word' id='word_1_1037' title='bbox 2789 5831 2841 5874; x_wconf 74' lang='lat' dir='ltr'><strong>ct</strong></span> <span class='ocrx_word' id='word_1_1038' title='bbox 2858 5820 3106 5896; x_wconf 66' lang='lat' dir='ltr'><strong>inlégrum</strong></span> <span class='ocrx_word' id='word_1_1039' title='bbox 3131 5823 3180 5871; x_wconf 80' lang='lat' dir='ltr'><strong>in</strong></span> <span class='ocrx_word' id='word_1_1040' title='bbox 3203 5820 3442 5888; x_wconf 77' lang='lat' dir='ltr'><strong>llexaplis</strong></span> <span class='ocrx_word' id='word_1_1041' title='bbox 3462 5820 3656 5869; x_wconf 67' lang='lat' dir='ltr'><strong>nostris.</strong></span> 
     </span>
    </p>
   </div>
  </div>
