4140 6356
427 357 529 413 125

425 475 647 537 ὀπίσω,
683 473 1095 538 ἀσθενήσουσι
1119 514 1134 536 ,
1165 476 1262 528 καὶ
1296 477 1663 531 ἀπολοῦνται
1711 475 1829 530 ἀπὸ
1858 491 2000 540 προ·

425 559 634 613 σώπου
671 575 806 612 σου.
841 558 1031 622 ΙἈλλος
1051 599 1066 620 ,
1108 559 1592 628 Ἀνατραπέντων
1623 559 1740 612 τῶν
1775 557 2002 627 ἐχθρῶν

423 663 542 714 μου
594 643 819 705 ὀπίσω,
856 641 1336 710 προσκοψάντων
1378 645 1477 696 καὶ
1515 642 1906 711 ἀπολομένων
1933 642 2001 695 ἐκ

426 726 750 792 προσώπου
781 724 926 779 σου.
953 726 1061 778 Καὶ
1087 723 1246 777 τοῦτο
1276 725 1507 796 μάλιστα
1542 724 1818 796 φιλοῦντός
1865 727 1999 786 ἐστι,

426 818 490 868 τὸ
524 814 622 878 τὰς
648 813 959 883 εὐεργεσίας
1004 812 1183 880 λέγειν
1211 812 1300 865 διὰ
1329 813 1528 876 παντὸς
1548 855 1562 874 ,
1606 814 1701 866 καὶ
1730 812 2003 881 ἐγκαλλω-

429 897 678 962 πίζεσθαι
706 897 928 961 ταύταις
949 914 960 926 ·
993 896 1101 949 ἀπό
1128 913 1186 949 τε
1212 896 1320 968 γὰρ
1349 895 1568 967 φίλτρου
1597 896 1753 950 τοῦτο
1772 897 2000 965 γίνεται,

429 981 522 1034 καὶ
567 981 696 1034 αὐτὸ
730 980 890 1034 πάλιν
923 979 1148 1033 ἀνάπτει
1195 980 1255 1032 τὸ
1291 980 1528 1051 φίλτρον.
1563 981 1675 1035 Οὐκ
1723 980 1788 1034 ἂν
1837 981 1892 1033 δέ
1922 998 2004 1045 τις

430 1066 664 1134 ἁμάρτοι
716 1063 882 1117 εἰπὼν
927 1065 1021 1116 καὶ
1063 1067 1284 1133 νοητοὺς
1315 1064 1542 1134 ἐχθροὺς
1583 1064 1814 1118 ἐνταῦθα
1843 1063 2004 1118 αὐτὸν

429 1147 626 1217 λέγειν.
671 1147 1124 1218 Ἀποστρέφονται
1165 1147 1274 1218 γὰρ
1324 1147 1419 1201 καὶ
1461 1141 1640 1210 οῦτοι,
1674 1147 1802 1200 ὅταν
1829 1146 2005 1216 ψυχὴν

428 1231 684 1299 γενναίαν
729 1229 951 1302 εὕρωσι.
978 1231 1241 1302 Καθάπερ
1283 1230 1390 1302 γάρ
1435 1233 1514 1293 εἰς
1542 1230 1744 1284 ἀσπίδα
1769 1230 2006 1301 ἐμπεσὸν

429 1316 556 1386 δόρυ
577 1355 592 1378 ,
629 1313 873 1384 μαλακὴν
895 1314 991 1385 μὲν
1027 1310 1189 1367 οὖσαν
1218 1313 1491 1383 διατέμνει
1515 1351 1529 1377 ,
1555 1313 1796 1382 σκληρὰν
1824 1313 1881 1366 δέ
1914 1312 2007 1365 καὶ

431 1397 720 1451 ἀντίτυπον
748 1396 898 1450 οὐδὲν
951 1395 1280 1468 ἐργάζεται,
1323 1394 1460 1450 ἀλλά
1505 1396 1602 1465 τῆς
1638 1395 1840 1466 αἰχμῆς
1879 1396 2010 1448 ἀνα-

331 1499 335 1502 ·
433 1479 776 1551 καμφθείσης
827 1479 1079 1532 ἐκπίπτει
1105 1495 1118 1508 ³
1149 1477 1292 1532 οὕτω
1339 1479 1405 1546 δὴ
1445 1478 1539 1532 καὶ
1571 1479 1662 1531 ἐπὶ
1691 1479 1789 1548 τῆς
1830 1478 2008 1548 ψυχῆς

433 1563 737 1633 συμϐαίνει.
771 1563 868 1614 Ἂν
903 1562 998 1632 μὲν
1027 1562 1134 1634 γὰρ
1165 1561 1409 1632 μαλακὴν
1441 1560 1577 1634 εὕρῃ
1603 1563 1697 1614 καὶ
1721 1559 1916 1631 χαῦνον
1942 1561 2008 1614 τὰ

431 1648 583 1719 παρὰ
621 1647 715 1701 τοῦ
750 1646 993 1700 διαϐόλου
1043 1649 1370 1717 πεμπόμενα
1407 1646 1534 1717 βέλη
1561 1685 1576 1708 ,
1611 1645 1882 1699 διαδύεται
1930 1648 2010 1708 είς

429 1732 492 1785 τὸ
523 1731 680 1802 βάθος
701 1747 713 1762 ’
747 1731 842 1783 ἐὰν
881 1730 936 1783 δὲ
971 1730 1210 1801 σκληρὰν
1238 1730 1328 1782 καὶ
1361 1729 1730 1800 ἰσχυροτέραν,
1768 1729 1926 1790 αὐτός
1950 1746 2008 1781 τε

431 1817 710 1886 ἄπρακτος
741 1814 957 1876 ἄπεισι,
997 1813 1091 1866 καὶ
1137 1815 1218 1875 εἰς
1272 1813 1474 1881 ταύτην
1515 1812 1666 1865 οὐδὲν
1719 1813 2010 1881 εἰργάσατο

431 1899 601 1952 δεινόν
624 1915 639 1930 ο
674 1898 768 1952 καὶ
799 1897 893 1950 δύο
922 1895 1127 1963 γίνεται
1160 1895 1326 1967 κέρδη
1346 1937 1361 1959 ,
1394 1895 1592 1966 μᾶλλον
1629 1895 1687 1949 δὲ
1720 1897 1813 1948 καὶ
1841 1896 1966 1967 τρία
1991 1912 2005 1927 ο

434 1983 604 2053 αὐτήν
653 1999 712 2034 τε
743 1980 850 2050 γὰρ
881 1979 1032 2033 οὐδὲν
1059 1977 1310 2054 ἔϐλαψεν,
1340 1977 1454 2049 [97]
1497 1977 1634 2031 ἀλλά
1672 1980 1765 2030 καὶ
1794 1980 2008 2049 ἰσχυρο-

433 2066 598 2135 τέραν
619 2064 869 2134 ἐποίησεν
891 2103 906 2130 ,
938 2061 1098 2125 αὐτός
1130 2079 1188 2114 τε
1216 2060 1602 2131 ἀσθενέστερος
1641 2061 1888 2115 ἐντεῦθεν
1917 2061 2009 2128 γέ-

435 2165 578 2216 γονε.
603 2147 796 2201 Σκόπει
821 2146 879 2199 δὲ
905 2145 1022 2207 πῶς
1049 2143 1408 2214 ἀνακηρύττει
1437 2143 1530 2196 τοῦ
1550 2142 1684 2196 Θεοῦ
1705 2144 1803 2212 τὴν
1837 2143 2008 2213 ἰσχύν.

451 2231 900 2296 Ἀσθενήσουσι,
932 2229 1086 2299 φησὶ,
1109 2227 1205 2281 καί
1247 2226 1616 2282 ἀπολοῦνται
1673 2228 1789 2280 ἀπὸ
1823 2241 2010 2294 προσ-

436 2317 604 2371 ώπου
625 2332 764 2370 σου.
781 2315 949 2369 Πάλιν
969 2314 1256 2384 πρόσωπον
1271 2312 1503 2375 ἀκούων,
1525 2312 1688 2382 μηδὲν
1706 2311 2012 2383 σωματικὸν

439 2399 804 2473 ὑποπτεύσῃς.
853 2397 1115 2452 Ἐνταῦθα
1143 2396 1250 2468 γὰρ
1277 2396 1376 2466 τὴν
1427 2396 1706 2467 ἐνέργειαν
1727 2436 1742 2458 ,
1772 2396 1871 2466 τὴν
1897 2397 2013 2448 ἐπι-

437 2489 666 2557 φάνειαν
689 2487 855 2540 αὐτοῦ
877 2485 1044 2556 δηλοῖ,
1075 2484 1174 2555 τὴν
1194 2483 1442 2536 εὐκολίαν
1475 2482 1638 2536 αὐτοῦ
1673 2482 1771 2552 τῆς
1811 2481 2009 2552 ἰσχύος.

449 2571 538 2634 Ὦς
563 2567 793 2640 ἀλλαχοῦ
829 2585 991 2638 φησιν
1010 2584 1024 2598 °
1067 2568 1120 2620 Ὀ
1150 2566 1485 2621 ἐπιϐλέπων
1503 2567 1601 2619 ἐπὶ
1625 2565 1740 2633 τὴν
1767 2565 1900 2636 γῆν,
1918 2565 2015 2619 καὶ

439 2754 628 2810 φησιν.
664 2737 851 2808 ’Δρκεῖ
881 2733 989 2805 γὰρ
1024 2733 1158 2804 μόνη
1209 2735 1241 2804 ὴ
1297 2733 1561 2787 ἐποπτεία
1596 2732 1857 2786 ἀπολέσαι
1889 2733 2016 2796 τοὺς

439 2819 730 2890 πονηρούς.
768 2818 831 2871 Εἰ
874 2817 982 2888 γὰρ
1017 2816 1186 2884 ἁγίων
1219 2817 1491 2887 παρουσία
1522 2815 1720 2885 ἀσθενῆ
1751 2816 2017 2886 δαιμόνων

439 2906 586 2958 ποιεῖ
614 2901 710 2973 τὴν
746 2902 896 2972 ίσχύν
917 2939 932 2965 ,
972 2898 1149 2968 πολλῷ
1198 2897 1396 2969 μᾶλλον
1425 2898 1580 2954 Θεοῦ.
1604 2900 1667 2952 Εἰ
1697 2899 1730 2969 ή
1760 2896 2018 2968 ἀστραπὴ

440 2987 604 3044 αὐτοῦ
636 2985 935 3058 φαινομένη
962 2984 1330 3055 καταπλήττει
1363 2982 1605 3047 πάντας,
1635 2982 1887 3052 ἐννόησον
1920 2982 2018 3052 τὴν

439 3072 668 3143 δύναμιν
717 3069 816 3142 τὴν
865 3068 1168 3140 ἀνώλεθρον
1202 3067 1438 3137 ἐκείνην,
1473 3065 1592 3130 πῶς
1627 3066 2016 3137 καταπλήττει,

441 3156 562 3221 πῶς
597 3153 859 3208 ἀπόλλυσι
897 3153 1022 3214 τοὺς
1071 3149 1335 3220 πονηρούς
1362 3162 1408 3202 ιι.
1440 3145 1593 3212 Εἶδες
1626 3147 1809 3220 ὓμνων
1846 3143 2016 3214 εἷδοςς

443 3236 584 3302 εἶδες
608 3236 915 3304 δοξολογίας
950 3234 1170 3305 τρόπον,
1196 3232 1290 3286 καὶ
1317 3231 1434 3295 πῶς
1462 3234 1589 3302 περὶ
1614 3232 1712 3302 τῆς
1741 3231 2022 3302 δυνάμεως

444 3321 610 3376 αὐτοῦ
639 3320 903 3390 διηγεῖται
924 3333 937 3381 ;
962 3317 1034 3371 Οὐ
1067 3316 1258 3386 μικρὸν
1287 3315 1578 3368 κάντεῦθεν
1605 3314 1846 3368 παιδεύει
1873 3314 2023 3384 φιλο-

447 3405 638 3473 σοφίας
665 3402 840 3472 δόγμα
863 3439 877 3463 ,
911 3399 988 3470 τῷ
1031 3401 1202 3451 εἰπεῖν
1221 3398 1241 3462 ,’
1269 3395 1450 3451 Ψαλῶ
1486 3397 1566 3463 τῷ
1595 3399 1839 3467 ὀνόματί
1882 3413 2019 3461 σου,

446 3490 713 3556 Ὕψιστε.
733 3487 834 3540 Ἐν
852 3483 932 3550 τῷ
956 3480 1419 3551 ἀποστραφῆναι
1443 3482 1550 3535 τὸν
1571 3481 1788 3551 ἐχθρόν
1803 3499 1921 3550 μου
1936 3483 2020 3548 εἰς

444 3571 519 3625 τὰ
547 3570 756 3624 ὀπίσω.
783 3569 940 3621 Ποῖον
967 3565 1030 3637 δὴ
1058 3565 1241 3629 τοῦτο;
1265 3565 1385 3618 ’Ότι
1409 3567 1470 3618 οὐ
1495 3564 1653 3636 μόνον
1682 3567 1740 3617 ἐν
1766 3567 1884 3630 ταῖς
1913 3563 2024 3618 θλί-

444 3653 602 3722 ψεσιν
627 3695 641 3718 ,
671 3649 802 3704 ἀλλὰ
831 3650 925 3702 καὶ
958 3649 1014 3702 ἐν
1043 3650 1162 3712 ταῖς
1199 3647 1444 3700 ἀνέσεσιν
1483 3647 1668 3719 ἔνηφε.
1701 3648 1891 3700 Πολλοὶ
1924 3646 2022 3716 μὲν

445 3735 556 3808 γὰρ
577 3734 682 3787 ὐπὸ
700 3734 806 3786 τῶν
837 3731 1018 3784 κακῶν
1047 3730 1480 3802 ταπεινούμενοι,
1513 3730 1916 3801 σπουδαιότεροι
1948 3729 2024 3798 γί-

447 3838 628 3875 νονται
649 3838 662 3852 ·
695 3819 798 3872 ὐπὸ
829 3819 886 3872 δὲ
906 3817 1012 3870 τῶν
1050 3819 1288 3884 ἀγαθῶν,
1327 3818 1680 3890 ρᾳθυμότεροι
1714 3816 1807 3870 καὶ
1835 3817 2026 3886 χαυνό-

446 3925 630 3981 τεροι·
665 3908 694 3961 ὃ
739 3907 868 3977 περὶ
919 3906 1028 3959 τῶν
1073 3906 1339 3961 Ἰουδαίων
1387 3907 1592 3977 προῖὼν
1623 3907 1800 3974 λέγει·
1848 3909 2025 3959 Ὅταν

447 3991 800 4048 ἀπέκτεινεν
835 3989 1088 4056 αὐτοὺς,
1130 3990 1262 4043 τότε
1292 3987 1611 4056 ἐξεζήτουν
1637 3991 1844 4044 αὐτόν.
1884 3987 2022 4041 Ἀλλ’

447 4077 548 4148 οὐχ
591 4068 746 4138 οὗτος
773 4073 1042 4135 τοιοῦτος’
1085 4072 1220 4126 ἀλλά
1266 4073 1361 4126 καὶ
1388 4075 1445 4126 ἐν
1493 4073 1813 4144 εὐημερίαις
1843 4073 2022 4143 νήφει,

575 4159 936 4229 διεγήγερται.
965 4156 1040 4208 Οὐ
1073 4155 1268 4226 μικρὸν
1299 4157 1380 4218 εἰς
1417 4138 1731 4226 φιλοσοφίαν
1765 4156 1823 4208 δὲ
1845 4138 2021 4209 10610.
2041 4138 2070 4163 ’

451 4246 581 4298 Ὅτι
606 4243 903 4306 ἐποίησας
925 4238 1040 4306 τὴν
1060 4239 1265 4307 κρίσιν
1287 4256 1406 4308 μου
1437 4240 1530 4292 καὶ
1555 4241 1668 4307 τὴν
1687 4240 1868 4307 δίκην
1881 4257 2021 4308 μου.

453 4323 680 4388 Ἀλλος,
728 4320 1184 4391 ’Υπερεδίκασὰς
1211 4339 1331 4391 μου
1357 4321 1404 4374 ι).
1445 4321 1752 4388 Ἐκάθισας
1773 4323 1870 4376 ἐπὶ
1901 4324 2028 4391 θρό-

450 4425 563 4462 νου
606 4411 638 4462 ό
666 4407 890 4474 κρίνων
920 4405 1334 4473 δικαιοσύνην.
1377 4405 1769 4474 Ἐπετίμησας
1797 4406 2021 4468 ἔθνεσι,

451 4492 551 4545 καί
572 4490 842 4544 ἀπώλετο
896 4491 930 4542 ὁ
975 4489 1218 4555 ἀσεϐής.
1255 4489 1447 4553 Ἀλλος
1472 4528 1488 4553 ,
1549 4488 1901 4554 Ἀπώλεσας.
1955 4489 2025 4542 Τὸ

453 4576 639 4642 ὄνομα
659 4571 840 4625 αὑτοῦ
866 4570 1196 4638 ἐξήλειψας
1215 4574 1299 4638 εἰς
1322 4571 1427 4624 τὸν
1453 4570 1637 4626 αἰῶνα
1667 4570 1770 4624 τοῦ
1791 4571 2022 4638 αἰῶνος.

453 4658 596 4724 Ὅρα
627 4655 784 4708 πάλιν
808 4651 907 4724 τὴν
929 4653 1243 4722 φιλοσοφίαν
1269 4654 1361 4706 τοῦ
1395 4653 1582 4726 ἀνδρὸς
1605 4696 1620 4716 ,
1653 4654 1769 4717 πῶς
1796 4656 1894 4706 οὐκ
1930 4656 2026 4706 αὐ-

450 4743 541 4803 τὸς
567 4739 829 4808 ἀμύνεται
852 4738 980 4799 τοὺς
1011 4736 1238 4807 ἐχθροὺς
1258 4777 1272 4801 ,
1299 4736 1434 4789 ἀλλὰ
1465 4737 1542 4806 τέῑ)
1562 4737 1680 4807 Θεῷ
1712 4739 2029 4808 παραχωρεῖ

451 4825 553 4893 τῆς
576 4823 731 4891 δίκης
752 4861 767 4882 ,
799 4821 861 4874 τὸ
907 4820 1259 4874 ἀποστολικδν
1286 4821 1468 4891 τηρῶν
1496 4820 1888 4892 παράγγελμαο
1927 4818 2025 4886 Μὴ

452 4905 704 4969 ἑαυτοὺς
724 4904 1122 4969 ἐκδικοῦντες.
1142 4904 1216 4956 Οὐ
1244 4903 1400 4956 τοῦτο
1428 4903 1484 4956 δὲ
1513 4905 1672 4974 μόνον
1705 4905 1850 4957 ἐστιν
1878 4904 2025 4967 ἰδεῖν,

452 4989 569 5042 ἀλλ’
596 4990 679 5042 ὅτι
708 4988 801 5042 καὶ
825 4987 1025 5049 ἀδίκως
1063 4985 1238 5040 ταῦτα
1265 4986 1518 5054 ἔπασχεν.
1550 4987 1611 5040 Ei
1663 4987 1736 5058 μὴ
1769 4989 1876 5059 γὰρ
1916 4988 2030 5042 ἀδί-

454 5090 566 5136 κως
607 5071 841 5141 ἔπασχεν
869 5110 884 5134 ,
919 5070 1018 5123 οὐκ
1048 5070 1113 5124 ἂν
1134 5071 1162 5122 ὁ
1191 5070 1323 5134 Θεὸς
1362 5071 1675 5140 ἐπεξῆλθεν.
1708 5072 2030 5139 Ἐκιὶθισας

451 5157 552 5210 ἐπὶ
581 5156 796 5224 θρόνου
829 5158 862 5208 ό
890 5155 1109 5222 κρίνων
1134 5153 1546 5222 δικαιοσύνην.
1589 5157 2028 5227 Ἀνθρωπινώτε-

455 5258 549 5312 ρον
588 5239 919 5308 φθέγγεται,
945 5237 1129 5306 θρόνον
1159 5239 1252 5290 καὶ
1291 5237 1468 5306 καθέδ,
1493 5254 1558 5291 αν
1599 5238 1788 5306 λέγων.
1835 5240 1908 5292 Τὸ
1949 5241 2028 5308 δὲ,

464 5323 529 5376 '0
557 5322 776 5391 κρίνων
795 5320 1214 5386 δικαιοσύνην,
1241 5319 1302 5372 τὸ
1352 5320 1578 5390 σύνηθες
1614 5320 1706 5373 τοῦ
1737 5322 1870 5375 Θεοῦ
1892 5364 1907 5389 ,
1937 5324 2032 5376 καὶ

455 5409 729 5479 ἐξαίρετον
756 5405 921 5461 αὐτοῦ
944 5405 1044 5476 τῆς
1075 5407 1262 5470 οὐσίας
1288 5409 1468 5476 φησίν.
1502 5409 1623 5461 Ἐπὶ
1658 5409 1754 5479 μὲν
1785 5409 1892 5481 γὰρ
1921 5409 2030 5463 τῶν

453 5492 754 5564 ἀνθρώπων
799 5493 955 5544 τοῦτο
999 5491 1100 5545 οὐκ
1154 5490 1300 5544 ἐστιν
1337 5493 1528 5545 εἰπεῖν.
1563 5495 1638 5546 υύ
1675 5493 1781 5567 γὰρ
1815 5495 2031 5559 πάντως

454 5579 696 5648 κρίνουσι
725 5575 1086 5645 δικαιοσύνην,
1117 5575 1218 5628 κᾶν
1250 5577 1508 5646 μυριάκις
1536 5571 1637 5629 ὦσι
1657 5577 1873 5641 δίκαιοι,
1901 5579 2030 5632 ποτὲ

458 5661 556 5730 μὲν
585 5661 797 5731 ἀγνοίᾳ,
835 5660 964 5712 ποτὲ
985 5659 1041 5711 δὲ
1069 5660 1309 5730 ῥᾳθυμία
1341 5660 1662 5727 ἀγνοοῦντες
1687 5661 1745 5714 τὸ
1782 5662 1986 5716 δίκαιον
2011 5678 2027 5694 ο

454 5747 483 5796 ό
513 5744 570 5797 δὲ
601 5743 734 5806 Θεὸς
757 5743 960 5796 τούτων
990 5743 1245 5796 ἁπάντων
1270 5743 1688 5816 ἀπηλλαγμένος
1711 5787 1725 5811 ,
1751 5747 1846 5800 καὶ
1874 5747 2030 5812 εἰδὼς

517 5878 540 5905 ο
567 5875 703 5925 Cnlb.
725 5875 834 5930 τοὺς
859 5875 1107 5931 ἐναντίους.

515 5937 682 6012 Nle
725 5938 889 6012 leCliO.
916 5939 1271 6012 ηὓπερεδίδξοῖσάς
1318 5959 1424 6003 μου,
1473 5949 1548 5996 cst
1586 5941 1791 6007 Aquilae,
1818 5958 2030 6010 sequens

457 6009 621 6050 autem
643 5999 894 6054 ἀπώλεσας
916 5999 1210 6059 Symmachi.

1095 357 1152 414 S.
1187 358 1469 415 JOANNIS
1501 357 1993 415 CHRYSOSTOMI
2032 355 2347 414 ARCHIEP.
2389 361 2934 424 CONSTANTINOP;

2111 477 2206 529 καὶ
2235 477 2552 548 βουλόμενος
2593 479 2804 534 δικαίαν
2849 480 3069 552 ἐκφέρει
3097 484 3194 555 τὴν
3223 486 3418 558 ψῆφον.
3450 491 3522 546 Τὸ
3561 490 3676 557 οῦν.

2124 567 2438 632 Ἐκάθισας
2475 569 2571 620 ἐπὶ
2602 571 2851 636 θρόνου,
2884 571 3134 634 ὲδίγασάς
3161 573 3326 635 ἐστιν,
3364 576 3676 648 ιἐπεξῆλθειςε

2111 651 2340 720 ἤμυνας.
2384 653 2782 722 Ἐπετίμησιις
2815 655 3039 712 ἔθνεσι.
3064 655 3162 708 καὶ
3193 656 3462 714 ἀπώλετο
3490 664 3524 715 ό
3550 662 3688 717 ἀσε-

2111 732 2240 799 ϐής.
2279 735 2442 806 Ὁρᾷς
2470 735 2586 800 πῶς
2622 737 2719 807 οὐχ
2745 737 2922 791 ὃπλων
2954 737 3101 808 αὐτῷ
3137 739 3237 797 δεῖ.
3280 741 3340 793 οὐ
3387 743 3682 815 μαχαίρας,

2111 817 2171 871 οὐ
2201 817 2370 885 τόξων
2395 819 2489 872 καὶ
2517 819 2712 889 βελῶν,
2741 820 2854 874 ἀλλ’
2889 821 3366 894 ἀνθρωπινώτερον
3403 828 3581 880 ἐκεῖνα
3610 830 3687 882 εῐ-

2115 924 2272 977 ρηται
2292 925 2304 937 ·
2334 908 2495 978 ἀρκεῖ
2514 908 2621 980 γὰρ
2645 908 2966 980 ἐπιτιμῆσαι
2999 910 3076 979 τῷ
3096 910 3235 981 Θεῷ,
3271 913 3364 964 καὶ
3392 912 3685 967 ἀπολέσθαι

2111 995 2238 1058 τοὺς
2269 994 2592 1060 κολάζεσθαι
2621 996 2932 1064 μέλλοντας.
2959 997 3075 1050 Ἵνα
3103 998 3158 1050 δὲ
3195 997 3370 1071 μάθῃς
3395 997 3560 1052 αὐτοῦ
3587 1000 3686 1068 τὴν

2116 1079 2302 1148 ἰσχὺν,
2343 1079 2504 1132 ἄκουε
2538 1081 2632 1134 καὶ
2676 1080 2782 1135 τῶν
2815 1079 2963 1149 ἐξῆς·
3007 1081 3077 1135 Τὸ
3122 1081 3310 1150 ὄνομα
3353 1083 3551 1136 αὐτῶν
3593 1083 3688 1146 ἐξ·

2115 1161 2373 1230 ’ἤλειψας
2397 1165 2483 1229 εἰς
2499 1163 2606 1218 τὸν
2623 1163 2828 1228 αἰῶνα,
2851 1167 2946 1218 καὶ
2972 1167 3060 1230 εἰς
3086 1165 3192 1218 τόν
3220 1164 3404 1219 αἰῶνα
3432 1166 3538 1220 τοῦ
3555 1166 3689 1222 αἰῶ-

2113 1264 2235 1313 νος.
2261 1247 2593 1317 Προρῤίξους
2625 1248 2910 1312 ἀπώλεσας
2929 1293 2943 1313 ,
2969 1249 3279 1313 ἀνέσπασας
3301 1291 3315 1313 ,
3346 1249 3516 1314 οὕτως
3546 1251 3690 1320 ἠφά-

2089 1347 2266 1407 -νισας
2283 1370 2298 1391 ,
2332 1329 2445 1401 [98]
2471 1331 2546 1394 ὡς
2569 1331 2663 1384 καὶ
2691 1331 2788 1402 τὴν
2816 1334 3032 1403 μνήμην
3055 1331 3230 1386 αὐτῶν
3258 1334 3690 1403 παραπολέσθαι.

2122 1413 2232 1467 Τοῦ
2263 1412 2480 1481 ἐχθροῦ
2509 1413 2792 1478 ἐξέλιπον
2818 1417 2877 1468 αἰ
2900 1415 3184 1484 ρομφαῖαι
3220 1418 3307 1482 εἰς
3336 1415 3526 1482 τέλος.
3558 1417 3688 1470 Ἀλ-

2115 1496 2205 1560 λος
2228 1537 2242 1560 ,
2284 1496 2359 1551 Τὰ
2388 1496 2634 1564 ἐρείπια.
2677 1497 2735 1551 '0
2767 1496 2822 1550 δὲ
2865 1498 3148 1568 Ἐϐραῖος,
3186 1498 3414 1566 Ἀρϐώίλ
3458 1498 3694 1554 Καίπό-

2115 1583 2244 1645 λεις
2288 1579 2579 1646 καθεῖλες.
2631 1581 2697 1632 Τί
2747 1581 2860 1633 ἐστι
2895 1580 3087 1642 τοῦτο;
3122 1581 3243 1634 Ὀτι
3293 1580 3392 1643 τὰς
3445 1581 3692 1651 μηχανὰς

2118 1663 2281 1718 αὐτοῦ
2315 1664 2407 1718 καὶ
2437 1664 2536 1727 τὰς
2569 1664 2764 1734 βουλὰς
2795 1665 3076 1729 ἀναλώσας
3096 1705 3110 1726 ,
3141 1667 3324 1734 φησὶν,
3354 1665 3558 1736 ἔρημον
3589 1666 3690 1718 αὐ-

2117 1749 2208 1802 τὸν
2227 1748 2336 1802 τῶν
2355 1749 2569 1802 οἰκείων
2595 1749 2774 1802 ὃπλων
2799 1750 3078 1821 ἐποίησας.
3100 1750 3350 1804 Τοιοῦτον
3369 1749 3529 1820 γάρὴ
3555 1750 3690 1821 ὀργὴ

2116 1832 2210 1886 τοῦ
2254 1831 2424 1886 Θεοῦο
2454 1831 2632 1886 πάντα
2678 1833 2928 1900 ἀφανίζει
2972 1833 3066 1887 καὶ
3111 1832 3417 1887 ἀπόλλυσιν.
3453 1834 3523 1886 Ἥ
3557 1833 3692 1902 ὅπερ

2117 1916 2302 1988 ἔτερος
2334 1916 2670 1987 ἑρμηνευτὴς
2695 1916 2972 1978 διδάσκει,
3007 1917 3257 1985 Ἕρημα,
3291 1915 3479 1968 εἰπών·
3520 1916 3601 1969 ὅτι
3630 1915 3690 1968 οὐ

2118 1999 2215 2065 τὰς
2245 2000 2426 2062 πόλεις
2449 1999 2624 2052 αὐτῶν
2653 2000 2830 2069 μόνον.
2866 1998 3002 2053 ἀλλά
3033 1999 3247 2062 καὶτὰς
3281 2000 3518 2069 ἐρήμους
3548 1997 3691 2066 ήφά-

2119 2100 2302 2146 νισας,
2337 2085 2433 2137 καὶ
2471 2083 2652 2145 πόλεις
2681 2083 2944 2146 καθεῖλες.
2972 2082 3128 2138 Οῦτω
3147 2082 3253 2154 γὰρ
3277 2083 3306 2134 ό
3331 2083 3535 2145 δίκαιος
3569 2083 3694 2135 ἐπο-

2120 2168 2274 2238 λέμει
2301 2208 2315 2229 ,
2357 2166 2500 2222 οὕτω
2537 2167 2831 2221 κατέϐαλλε
2877 2168 2998 2230 τοὺς
3045 2167 3345 2230 ἐναντίους,
3376 2167 3472 2236 οὐχ
3513 2165 3696 2228 ὅπλοις

2121 2253 2213 2306 καὶ
2232 2251 2419 2323 δόρασι
2449 2250 2785 2322 κεχρημένος
2805 2289 2820 2315 ,
2844 2249 2978 2304 ἀλλά
3007 2249 3104 2320 τὴν
3134 2250 3284 2321 παρά
3314 2249 3407 2302 τοῦ
3438 2248 3572 2302 Θεοῦ
3606 2251 3696 2320 ῥο-

2122 2334 2228 2405 πὴν
2261 2335 2416 2406 ἔχων.
2447 2333 2545 2386 Διὰ
2596 2333 2753 2388 τοῦτο
2785 2332 2878 2388 καὶ
2922 2334 2950 2386 ό
2985 2331 3216 2402 πόλεμος
3247 2332 3396 2404 αὐτῷ
3449 2330 3699 2401 λαμπρὸς

2121 2419 2216 2472 καὶ
2239 2417 2541 2488 περιφανὴς
2567 2457 2582 2481 ,
2613 2417 2708 2470 καὶ
2747 2415 2889 2470 κατά
2919 2415 3117 2486 κράτος
3152 2418 3183 2486 ή
3221 2415 3368 2486 νίκη.
3406 2414 3699 2469 Ἀπώλετο

2121 2501 2187 2554 τὸ
2208 2502 2605 2570 μνημόσυνον
2627 2499 2812 2554 αὐτοῦ
2831 2500 2957 2568 μετ’
2980 2499 3154 2568 ἤχου.
3189 2499 3380 2561 Ἀλλος
3399 2539 3413 2560 ,
3445 2499 3568 2553 Σὺν
3595 2499 3701 2552 αὑ-

449 2581 538 2634 Ἦς
563 2581 793 2640 ἀλλαχου
829 2584 1024 2638 φησιν’
1069 2581 1120 2620 ὐ
1150 2581 1485 2621 επιδλεπων
1503 2581 1601 2619 επὶ
1625 2583 1740 2633 την
1767 2581 2015 2636 Ίηίνικαι
2111 2585 2266 2652 τοῖς.
2313 2585 2373 2636 '0
2422 2584 2478 2637 δέ
2518 2583 2796 2656 Ἐϐραῖος,
2833 2585 2940 2652 Ἕμ
2973 2594 3020 2636 ο.
3070 2583 3135 2636 τί
3166 2585 3316 2642 ἐστι.
3352 2585 3488 2637 Μετ’
3509 2581 3700 2651 ἤχους

439 2651 629 2707 ποιῶν
647 2651 842 2711 αὐτὴν
868 2651 1131 2720 τρέμειν’
1165 2649 1305 2704 οὕτω
1333 2649 1397 2721 δὴ
1421 2651 1515 2703 καὶ
1540 2649 1776 2702 ἐνταῦθα
1803 2649 1866 2702 τὸ
1887 2650 2016 2702 αὑτά
2106 2667 2197 2721 ’Ἢ
2229 2668 2328 2721 τὴν
2359 2665 2732 2721 πανωλεθρίαν
2765 2667 2930 2721 φησὶν
2950 2705 2964 2721 .
2997 2665 3028 2721 ἢ
3068 2665 3128 2718 τὸ
3156 2665 3438 2721 διωλύγιον
3470 2665 3578 2720 τῶν
3604 2683 3700 2719 κα-

2128 2669 2197 2721 Ἢ
2229 2668 2328 2736 τὴν
2359 2665 2732 2736 πανωλεθρίαν
2765 2667 2930 2738 φησὶν
2950 2705 2964 2726 ,
2997 2665 3028 2736 ἢ
3068 2665 3128 2718 τὸ
3156 2665 3438 2734 διωλύγιον
3470 2665 3578 2720 τῶν
3604 2683 3702 2719 κα-

2125 2753 2256 2805 κῶν.
2285 2750 2395 2804 Καὶ
2425 2748 2581 2803 τοῦτο
2613 2749 2671 2803 δὲ
2701 2749 2799 2818 τῆς
2832 2749 2924 2802 τοῦ
2959 2748 3094 2802 Θεοῦ
3136 2748 3460 2820 κηδεμονίας
3483 2791 3498 2813 ,
3531 2750 3592 2801 τὸ
3625 2749 3700 2818 μὴ

2124 2835 2490 2898 λανθανόντως
2511 2833 2685 2889 ταῦτα
2711 2835 2905 2900 ποιεῖν,
2925 2835 3012 2889 ἵνα
3033 2836 3150 2898 ταῖς
3175 2834 3374 2904 ἐτέρων
3399 2835 3702 2904 συμφοραῖς

2127 2921 2222 2974 καὶ
2247 2920 2426 2992 ἕτεροι
2468 2921 2728 2986 γένωνται
2760 2917 3018 2990 βελτίους.
3048 2919 3122 2972 Τὸ
3169 2916 3466 2989 περιφανὲς
3494 2911 3586 2970 οῦν
3611 2916 3702 2986 δη-

2127 3003 2213 3056 λοῖ
2241 3003 2340 3070 τῆς
2367 3001 2660 3065 ἀπωλείας.

2197 3085 2263 3138 δ’.
2284 3083 2393 3137 Καὶ
2410 3086 2442 3138 ό
2460 3086 2673 3152 Κύριος
2688 3085 2775 3150 εἰς
2793 3083 2899 3138 τὸν
2910 3082 3095 3138 αἰῶνα
3109 3083 3297 3154 μένει.
3323 3081 3534 3145 Ἀλλος,
3551 3083 3701 3135 Καθ-

2128 3167 2363 3222 εδεῖται.
2413 3167 2486 3220 Τὸ
2511 3167 2618 3238 γὰρ
2653 3167 2920 3239 καθῆσθαι
2949 3165 3216 3237 πολλαχοῦ
3241 3166 3333 3220 ἐπὶ
3356 3164 3448 3218 τοῦ
3480 3163 3703 3234 μονίμου

2127 3253 2228 3322 τῆς
2255 3251 2440 3316 οὐσίας
2460 3253 2633 3304 κεῖται
2650 3266 2664 3281 ο
2695 3250 2770 3313 ὡς
2799 3252 2893 3303 καὶ
2938 3251 3204 3320 Ἱερεμίας
3231 3249 3380 3318 δηλοῖ
3405 3248 3594 3316 λέγων,
3619 3246 3706 3300 Σὺ

2131 3333 2468 3401 καθήμενος
2495 3335 2582 3399 εἰς
2604 3332 2714 3386 τὸν
2743 3334 2946 3387 αἰῶνα.
2985 3335 3093 3386 Καὶ
3131 3334 3160 3386 ό
3201 3333 3448 3402 Ἐϐραῖος
3479 3330 3708 3384 ἐνταῦθα

2143 3418 2344 3486 Ἰησήϐ
2368 3434 2520 3486 φησι.
2551 3416 2799 3487 Συνεχῶς
2835 3417 2990 3470 τοῦτο
3021 3416 3166 3485 λέγει
3213 3416 3243 3468 ό
3283 3416 3565 3486 προφήτης
3613 3414 3707 3466 ἐπὶ

2129 3503 2228 3570 τῆς
2255 3501 2530 3564 ἀπωλείας
2557 3498 2664 3552 τῶν
2700 3498 3020 3570 ἀνθρώπων,
3065 3499 3278 3562 δεικνὺς
3299 3497 3462 3552 αὐτοῦ
3492 3497 3555 3550 τὸ
3580 3498 3708 3550 ἀτε-

2130 3585 2386 3656 λεύτητον
2415 3586 2514 3653 τῆς
2553 3582 2742 3645 οὐσίας
2767 3623 2780 3641 .
2810 3582 2901 3636 καὶ
2943 3583 3024 3636 ὅτι
3055 3583 3116 3636 τὸ
3147 3583 3246 3651 μέν
3273 3582 3381 3636 τῶν
3410 3580 3709 3654 ἀνθρώπων

2131 3669 2296 3737 γένος,
2323 3666 2602 3735 ἐπίκηρον.
2650 3665 2712 3718 Ἦ
2745 3665 2800 3718 δὲ
2833 3665 3041 3718 ἐκείνου
3073 3665 3230 3719 οὐσία
3260 3665 3356 3718 καὶ¹
3388 3667 3420 3732 ή
3463 3663 3710 3734 μεγαλω-

2135 3751 2265 3821 σύνη
2297 3749 2669 3818 ἀτελεύτητος.
2704 3745 2875 3800 Τοῦτο
2912 3747 2969 3800 δὲ
2997 3751 3142 3802 ποιεῖ
3187 3748 3278 3800 τὸν
3331 3745 3492 3816 φόϐον
3535 3747 3710 3816 ἐπαρ-

2133 3834 2241 3887 τῶν
2263 3874 2277 3892 ,
2305 3832 2389 3884 ἵνα
2422 3830 2758 3902 ἑκατέρωθεν
2795 3823 2929 3882 ὦσιν
2968 3829 3128 3883 αὐτὸν
3161 3829 3475 3900 τρέμοντες,
3505 3828 3598 3881 καὶ
3621 3827 3710 3881 διὰ

2131 3917 2194 3969 τὸ
2241 3915 2467 3985 μέγεθος
2499 3913 2662 3968 αὐτοῦ
2712 3916 2812 3984 τῆς
2849 3912 3035 3982 δόξης,
3069 3913 3163 3966 καὶ
3193 3911 3281 3965 διὰ
3306 3910 3366 3964 τὸ
3396 3910 3580 3974 ἀτελὲς
3610 3909 3710 3977 τῆς

2132 4000 2337 4061 οἰκείας
2366 3996 2554 4059 οὐσίας
2575 4035 2590 4059 ,
2619 3994 2712 4049 καὶ
2740 3995 2816 4059 ὼς
2849 3995 2935 4049 ἀεὶ
2966 3994 3214 4066 μένοντα,
3251 3993 3344 4048 καὶ
3370 3993 3444 4055 ὡς
3472 3993 3558 4046 ἀεὶ
3593 3991 3711 4062 μεθ’

2134 4082 2438 4154 ὐπερϐολῆς
2466 4079 2780 4146 κολάζοντα.
2810 4080 2873 4133 Εἰ
2902 4079 2958 4132 δέ
2988 4081 3091 4151 χρή
3122 4096 3176 4133 τι
3208 4080 3301 4132 καὶ
3329 4077 3469 4132 κατὰ
3495 4077 3710 4144 ἀναγω-

2133 4165 2234 4238 γὴν
2271 4167 2481 4229 εἰπεῖν,
2513 4164 2574 4216 οὐ
2609 4162 2994 4234 παραιτητέον.
3030 4163 3074 4215 Τ
3076 4162 3111 4215 ἀ
3162 4161 3261 4231 μὲν
3297 4161 3404 4232 γὰρ
3460 4159 3574 4213 ἐστι
3617 4159 3712 4213 καὶ

2134 4248 2409 4320 θεωρῆσαι
2430 4263 2446 4279 ο
2475 4247 2544 4299 τὰ
2587 4245 2645 4299 δὲ
2671 4245 2814 4299 οὕτω
2836 4245 2917 4298 δεῖ
2943 4247 3084 4298 νοεῖν
3109 4284 3124 4307 ,
3158 4245 3234 4306 ὡς
3275 4244 3486 4314 εῐρηται
3516 4241 3673 4312 μόνον
3694 4258 3707 4272 ο

2132 4332 2208 4395 ὡς
2233 4331 2313 4391 τὸ,
2345 4332 2440 4382 Ἐν
2466 4329 2624 4399 ἀρχῇ
2647 4329 2938 4397 ἐποίησεν
2959 4332 2992 4382 ό
3014 4327 3157 4394 Θεὸς
3194 4327 3300 4380 τὸν
3329 4325 3588 4395 οὐρανὸν
3612 4323 3713 4379 καί

2133 4415 2248 4480 τὴν
2296 4412 2451 4484 γῆν·
2494 4413 2564 4467 τά
2609 4413 2663 4466 δὲ
2719 4413 3045 4475 ἀπεναντίας
3085 4415 3205 4474 ταῖς
3239 4410 3478 4478 λέξεσιν·
3520 4410 3595 4472 ώς
3627 4410 3708 4472 τὸ,

2139 4500 2405 4565 Ἔλαφος
2444 4495 2649 4566 φιλίας
2677 4536 2692 4558 ,
2737 4495 2834 4549 καὶ
2868 4494 3070 4561 πῶλος
3100 4492 3229 4548 σῶν
3261 4494 3548 4563 χαρίτων,
3589 4495 3713 4559 ομι-

2134 4581 2307 4634 λείτω
2327 4579 2570 4632 σοι.Καὶ
2589 4577 2747 4631 πάλιν
2765 4593 2778 4605 °
2809 4578 3006 4631 Ἔστω
3034 4591 3134 4629 σοι
3154 4579 3318 4646 μόνῳ
3344 4574 3714 4643 ὑπάρχοντα,

2136 4661 2234 4715 καί
2274 4660 2488 4730 μηδεὶς
2520 4660 2836 4727 ἀλλότριος
2886 4659 3232 4728 μετασχέτω
3287 4659 3406 4712 σοί.
3454 4657 3516 4710 Ἡ
3551 4653 3711 4723 πηγή

2136 4761 2253 4799 σου
2286 4739 2392 4798 τοῦ
2419 4742 2636 4807 ὕδατός
2668 4756 2766 4794 σοι
2792 4740 2948 4794 ἔστω
2979 4742 3163 4809 μόνῳ.
3194 4739 3364 4793 Τοῦτο
3387 4740 3494 4810 γὰρ
3519 4779 3533 4801 ,
3557 4738 3620 4791 ἂν
3653 4738 3714 4790 τὸ

2137 4826 2386 4896 κείμενον
2413 4825 2644 4896 νοήσῃς,
2673 4823 2767 4876 καὶ
2802 4824 2874 4894 μὴ
2905 4821 3080 4894 φύγῃς
3110 4824 3206 4894 μὲν
3231 4823 3291 4876 τὸ
3316 4823 3484 4893 ῥῆμα,
3512 4819 3714 4891 διώκῃς

2137 4909 2194 4963 δὲ
2223 4909 2284 4962 τὸ
2312 4908 2491 4978 νόημα
2514 4948 2529 4972 ,
2567 4907 2661 4958 καὶ
2687 4905 2888 4975 πολλῆς
2909 4906 3300 4977 ἀπανθρωπίας
3329 4906 3466 4970 ἐστὶ,
3490 4905 3550 4958 τὸ
3581 4903 3713 4975 μηδὲ

2139 4991 2328 5056 ὕδατός
2353 5008 2458 5044 τινι
2494 4989 2845 5060 μεταδοῦναιο
2877 4989 2992 5043 ἀλλ’
3028 4989 3260 5043 ἐνταῦθα
3290 4989 3420 5061 περὶ
3457 4986 3713 5058 γυναικὸς

2137 5078 2166 5129 ὁ
2209 5073 2392 5143 λόγος,
2443 5072 2583 5126 ὥστε
2616 5073 2787 5144 αὐτῆς
2815 5072 3110 5127 ἀπολαύειν
3153 5073 3292 5143 μετὰ
3339 5070 3710 5144 σωφροσύνης,

2139 5159 2320 5228 πηγὴν
2348 5155 2526 5209 καλῶν
2559 5155 2751 5225 αὐτὴν,
2775 5157 2868 5210 καὶ
2898 5156 3117 5225 ἔλαφον,
3145 5154 3234 5209 διὰ
3255 5154 3316 5209 τὸ
3342 5155 3582 5226 καθαρὸν
3611 5154 3713 5224 τῆς

2138 5242 2230 5295 τοῦ
2255 5241 2432 5310 γάμου
2466 5239 2768 5302 συνουσίας.
2795 5241 2904 5293 Καὶ
2929 5238 3162 5293 ἐνταῦθα
3193 5238 3292 5310 μὲν
3316 5238 3485 5302 οὕτως
3511 5255 3523 5268 ·
3553 5237 3713 5291 ἀλλα-

2204 5379 2226 5409 ε
2255 5377 2368 5438 Ἐμ.
2393 5387 2521 5434 mn
2546 5375 2814 5438 legendum
2840 5374 2967 5422 haud
2986 5373 3134 5422 dubie
3157 5373 3301 5435 ἔμμα,
3326 5371 3450 5420 utin
3473 5368 3717 5431 Hexaplis

2140 5447 2339 5498 nostris.
2385 5447 2572 5495 Savi|.:
2605 5460 2623 5491 ι
2649 5444 2924 5505 Διωλύγιον·
2965 5443 3116 5505 ἠχοῦν
3163 5444 3240 5491 ἐπὶ
3293 5441 3435 5500 πολὺ,
3473 5442 3593 5505 μέγα
3629 5442 3712 5489 καὶ

2141 5511 2344 5572 σφοδρὸν
2368 5508 2714 5572 διατεταμένον.
2741 5504 2955 5572 Hesych,
2973 5504 3062 5572 βω
3099 5506 3436 5572 αεβεηιὶιιιιιιιι·
3459 5504 3604 5572 {etiam
3627 5505 3712 5551 alii

2139 5561 2460 5631 gi‘auimalici.
2484 5561 2820 5631 Eljmologus,
2844 5567 3171 5631 διωλύγιον,τὸ
3188 5561 3715 5631 διόλου-ἰρνείηιειήρτοε

2141 5625 2306 5688 aliter,
2346 5625 2798 5678 secutus'nimirhm
2824 5625 3226 5689 signiﬁéalionem
3263 5625 3711 5689 yerbiélomzwg

2141 5695 2222 5742 Sic
2246 5683 2392 5755 pdrro
2430 5693 2580 5755 yerlit
2616 5683 3182 5750 intorpresvﬂervelus:
3229 5687 3284 5734 τὸ
3318 5683 3564 5755 διωλύγιον
3597 5687 3714 5755 *τῶν

2141 5747 2322 5811 κακῶν,
2343 5753 2583 5802 malorum
2606 5747 3008 5816 mwroi‘cm_,_qu:e
3025 5763 3142 5816 sane
3163 5762 3360 5816 scnﬂim
3383 5747 3714 5816 (11.1130053ng

2143 5830 2237 5865 non
2267 5807 2487 5878 pérfgzcle
2513 5817 2812 5878 exprimunt:
2853 5807 2972 5878 Na'm
2996 5814 3207 5874 explicat
3244 5811 3336 5860 ille
3359 5807 3475 5878 quid
3501 5809 3567 5857 sil
3589 5807 3713 5878 iliud

2139 5891 2246 5926 cum
2267 5871 2464 5942 ἐοηὶιιιε
2510 5871 2719 5942 ut’luqe
2749 5874 2948 5942 .clarjus
2992 5871 3114 5942 esi;
3162 5885 3325 5942 (μεριο-
3364 5873 3511 5942 Ιοιιςε
3553 5871 3716 5942 qpligg.

2139 5947 2318 5993 vertas,
2361 5937 2595 5986 ululatum
2639 5934 2696 5984 ob
2743 5933 2960 5987 immissa
3019 5933 3361 5986 malqu‘aulo
3411 5937 3518 5993 post
3568 5933 3723 5989 ἱησήϐ

2139 6000 2392 6053 Hebraicis
2411 5999 2588 6049 litteris
2608 6003 2682 6047 est
2708 6006 2834 6056 εἶς’.
