4140 6356
384 402 484 459 123

384 519 511 588 facie
537 524 648 567 tua.
684 509 780 568 Hic
805 521 1021 580 quoque
1041 513 1121 561 est
1145 519 1262 560 mos
1287 502 1534 566 amantis,
1579 509 1831 569 perpetuo
1876 497 1956 552 di-

381 622 504 660 cere
530 601 807 664 beneficia,
857 610 912 654 et
950 600 1000 652 in
1029 598 1093 650 iis
1138 596 1237 650 sibi
1285 594 1529 663 placere:
1564 591 1666 644 hoc
1707 591 1848 644 enim
1894 588 1962 641 ab

382 711 564 750 amore
591 692 965 766 proficiscitur,
999 699 1054 742 et
1079 690 1249 755 ipsum
1281 700 1466 739 rursus
1505 697 1740 736 amorem
1769 696 1961 734 accen-

383 793 479 845 dit.
507 790 623 844 Non
656 785 918 842 aberrarit
944 791 1120 837 autem
1147 781 1428 850 quispiam,
1461 777 1506 830 si
1527 775 1855 830 dixeriteum
1878 772 1964 826 hic

383 886 542 938 etiam
572 881 750 936 dicere
779 877 1042 940 inimicos,
1065 873 1154 943 qui
1185 880 1362 926 mente
1388 869 1560 924 solum
1586 866 1960 937 percipiuntur.

383 975 515 1028 Nam
533 974 567 1027 ii
585 985 792 1041 quoque
811 974 1140 1027 avertuntur,
1164 961 1375 1032 quando
1395 973 1708 1029 generosam
1735 957 1963 1009 animam

385 1063 704 1120 invenerint.
736 1055 1191 1126 Quemadmodum
1238 1053 1380 1107 enim
1425 1051 1575 1103 hasta
1610 1062 1727 1118 quae
1767 1046 1817 1098 in
1857 1048 1967 1114 cly-

387 1173 543 1227 peum
561 1155 766 1218 incidit,
799 1154 844 1206 si
867 1151 1041 1204 mollis
1069 1147 1279 1218 quidem
1304 1145 1392 1208 sit,
1420 1158 1538 1197 eum
1563 1139 1841 1204 exscindit,
1872 1139 1969 1190 du-

389 1265 448 1303 ro
474 1259 649 1300 autem
681 1255 734 1299 et
759 1241 1068 1313 repugnanti
1111 1237 1239 1290 nihil
1265 1235 1404 1299 facit,
1439 1232 1534 1288 sed
1577 1230 1772 1285 reflexa
1813 1229 1962 1290 acie,

388 1354 523 1395 vana
549 1348 604 1394 et
633 1337 831 1392 inutilis
851 1333 1047 1390 excidit
1078 1349 1090 1384 :
1122 1333 1191 1384 ita
1219 1330 1376 1384 etiam
1415 1325 1662 1380 usuvenit
1691 1324 1740 1376 in
1771 1322 1966 1375 anima.

391 1433 453 1488 Si
475 1431 689 1486 mollem
720 1427 860 1482 enim
891 1435 945 1480 et
968 1423 1248 1478 delicatam
1278 1418 1575 1473 invenerint
1593 1415 1695 1468 tela
1717 1413 1971 1481 quumtit-

392 1531 575 1577 tuntur
597 1536 632 1574 a
648 1519 879 1577 diabolo,
907 1517 957 1568 in
981 1511 1296 1584 profundum
1321 1507 1613 1578 pervadunt
1645 1523 1658 1558 :
1690 1505 1772 1558 sin
1794 1510 1972 1556 autem

394 1615 581 1667 duram
609 1619 662 1665 et
689 1608 1022 1670 validiorem,
1055 1613 1108 1658 et
1138 1603 1250 1670 ipse
1275 1600 1385 1652 abit
1413 1613 1471 1651 re
1495 1596 1708 1659 infecta,
1741 1604 1794 1648 et
1816 1594 1863 1647 ei
1897 1594 1968 1644 lii-

397 1707 470 1761 hil
496 1703 619 1758 mali
647 1703 790 1764 facit,
817 1699 1049 1768 duoque,
1100 1698 1206 1748 imo
1232 1707 1356 1746 vero
1385 1691 1482 1744 tria
1509 1704 1574 1744 ex
1603 1703 1668 1742 co
1697 1687 1974 1754 capiuntur

397 1795 673 1853 commoda
714 1811 727 1846 :
773 1807 895 1846 nam
922 1793 1092 1860 ipsam
1117 1785 1247 1840 nihil
1289 1784 1467 1848 laedit,
1495 1781 1588 1835 sed
1616 1779 1789 1834 reddit
1815 1780 1973 1832 etiam

399 1891 692 1953 fortiorem,
719 1895 775 1942 et
811 1887 926 1954 ipse
947 1899 1015 1937 ex
1039 1896 1104 1935 eo
1131 1877 1441 1933 imbecillior
1465 1872 1663 1929 evadit.
1691 1870 1977 1926 Considera

400 1995 576 2038 autem
593 1976 860 2050 quomodo
882 1974 971 2027 Dei
994 1972 1238 2024 virtutem
1260 1965 1527 2037 praedicat.
1553 1963 1578 2016 1
1586 1963 1975 2030 nﬁrmabuntur,

402 2076 588 2143 inquit,
615 2082 658 2124 et
677 2068 904 2139 peribunt
921 2081 950 2115 η
971 2064 1099 2132 facie
1115 2071 1217 2112 tua.
1241 2060 1437 2111 Itursus
1452 2071 1571 2110 cum
1591 2053 1741 2107 audis
1757 2051 1940 2104 faciem
1959 2090 1974 2116 ,

403 2169 531 2221 nihil
550 2161 834 2234 suspiceris
846 2170 1179 2228 corporeum.
1201 2153 1295 2205 llic
1308 2151 1447 2205 enim
1467 2148 1827 2218 Operationem
1843 2142 1978 2211 ejus,

404 2259 708 2321 adventum,
738 2259 792 2308 et
814 2251 928 2321 ejus
953 2249 1137 2301 virium
1181 2243 1483 2298 facilitatem
1513 2238 1774 2309 significat
1805 2252 1818 2288 :
1847 2235 1983 2289 sicut

405 2351 529 2404 alibi
552 2349 680 2403 dicit
707 2364 722 2402 :
756 2343 854 2410 Qui
897 2341 1091 2410 respicit
1130 2347 1358 2390 terram:
1386 2345 1431 2388 et
1461 2334 1581 2405 facit
1627 2347 1736 2384 eam
1778 2338 1984 2382 tremere

411 2437 724 2514 (Psal.103.
751 2435 832 2506 9.),
859 2436 930 2487 ita
957 2434 1041 2485 hic
1080 2429 1238 2484 etiam
1267 2425 1404 2480 idem
1432 2423 1575 2478 dicit.
1596 2421 1819 2476 'Sufficit
1842 2420 1984 2474 enim

414 2534 562 2586 solus
589 2531 805 2584 obtutus
851 2525 916 2578 ad
943 2520 1244 2593 perdendos
1264 2516 1550 2586 improbos.
1579 2514 1636 2568 Si
1678 2513 1818 2567 enim
1858 2526 1983 2564 san-

410 2635 616 2679 ctorum
655 2618 932 2690 prmsentia
981 2613 1104 2667 facit
1142 2609 1282 2664 vires
1326 2609 1624 2661 dmmonum
1669 2602 1986 2663 imbecillas,

412 2719 577 2774 multo
606 2714 770 2785 magis
799 2711 911 2766 Dei.
941 2709 999 2764 Si
1025 2708 1138 2776 ejus
1169 2705 1340 2774 fulgur
1366 2713 1626 2770 apparens
1662 2711 1848 2752 omnes
1878 2706 1984 2749 ler-

413 2821 534 2868 rore
553 2808 734 2872 aflieit,
759 2802 1034 2860 considera
1063 2800 1202 2853 illam
1228 2795 1514 2866 potentiam
1535 2791 1601 2844 ab
1623 2789 1836 2844 interitu
1858 2788 1986 2840 alie~

415 2917 574 2968 nam,
615 2895 880 2970 quomodo
925 2901 1127 2954 terret,
1177 2884 1441 2958 quomodo
1486 2881 1660 2953 perdit
1699 2879 1988 2948 improbos.

420 2994 607 3052 Vidisti
635 3005 800 3064 genus
845 2982 1212 3057 hymnorum?
1255 2978 1429 3034 vidisti
1473 2974 1686 3030 modum
1727 2971 1990 3042 glorifica-

417 3088 600 3153 tionis,
619 3095 671 3140 et
703 3079 968 3154 quomodo
998 3077 1112 3147 ejus
1152 3081 1332 3128 narrat
1375 3066 1693 3140 potentiam?
1727 3064 1841 3120 Non
1871 3079 1993 3132 par-

418 3196 543 3236 vum
573 3187 751 3234 autem
796 3174 919 3228 hinc
947 3171 1102 3225 docet
1141 3166 1330 3234 dogma
1374 3157 1741 3233 philosophiae,
1770 3171 1888 3210 cum
1917 3155 1994 3208 di-

419 3277 516 3338 xit,
545 3271 776 3326 Psallam
794 3265 983 3320 nomini
1010 3274 1116 3326 tuo,
1146 3258 1417 3312 Altissime.
1447 3253 1572 3309 Cum
1597 3265 1860 3304 conversus
1889 3251 1998 3317 [ue-

419 3368 485 3422 rit
510 3363 742 3420 inimicus
758 3375 897 3414 meus
915 3367 1208 3409 retrorsum.
1238 3348 1389 3416 Quod
1417 3361 1546 3401 vero
1577 3344 1680 3397 hoc
1704 3341 1821 3396 est?
1844 3337 1995 3406 Quod

423 3474 528 3514 non
568 3455 741 3510 solum
768 3453 824 3505 in
848 3445 1240 3508 afﬂictionibus,
1268 3439 1361 3495 sed
1386 3438 1547 3493 etiam
1572 3436 1629 3488 in
1655 3435 1813 3488 rebus
1853 3442 1998 3484 tran-

422 3546 599 3619 quillis
625 3559 684 3599 se
709 3539 978 3595 moderate
1017 3533 1200 3605 gessit.
1230 3529 1377 3584 Multi
1413 3528 1553 3581 enim
1580 3524 1734 3577 malis
1771 3519 2000 3574 humiles

424 3611 618 3703 effecti,
647 3633 939 3689 redduntur
982 3627 1230 3682 meliores
1262 3640 1274 3675 :
1307 3620 1460 3677 bonis
1501 3626 1700 3681 autem,
1728 3611 2000 3669 socordio-

432 3746 521 3786 res
543 3739 596 3783 et
614 3725 909 3797 ignaviores
932 3737 945 3773 :
969 3717 1108 3790 quod
1137 3714 1348 3786 quidem
1379 3709 1512 3764 infra
1531 3708 1658 3762 dicit
1677 3708 1743 3760 de
1761 3704 1958 3759 .ludtcis
1985 3716 1998 3755 :

434 3792 659 3890 Quando
679 3814 932 3869 occidebat
965 3810 1122 3879 ipsos,
1151 3816 1266 3858 tunc
1306 3799 1590 3872 quwrebant
1634 3798 1801 3868 ipsum
1829 3792 2000 3865 (Psal.

432 3887 520 3973 i7.
540 3914 652 3983 54).
669 3909 772 3966 Sed
793 3921 902 3962 non
921 3911 1004 3958 est
1024 3903 1110 3955 hic
1124 3896 1384 3970 ejusmodi
1405 3912 1420 3961 ;
1443 3894 1549 3947 imo
1574 3892 1734 3946 etiam
1759 3888 1811 3942 in
1841 3887 2002 3941 rebus

430 4006 674 4067 secundis
721 4003 1022 4057 moderatus
1058 4005 1172 4058 est,
1200 4003 1255 4047 et
1281 3989 1525 4058 vigilans.
1569 3984 1682 4039 Non
1723 3993 1803 4036 est
1828 3989 2004 4034 autem

433 4102 535 4156 hoc
559 4112 742 4170 parum
769 4095 834 4148 ad
863 4087 1268 4162 philosOpliiam.
1292 4085 1344 4138 ὃ.
1378 4081 1627 4149 Quoniam
1674 4075 1832 4148 fecisti
1857 4073 2006 4143 judi-

433 4196 566 4248 cium
604 4205 784 4255 rneum,
813 4198 858 4240 et
886 4198 1089 4238 causam
1119 4195 1299 4233 meam.
1328 4177 1497 4241 Alius,
1518 4170 1769 4226 Judicasti
1813 4184 1903 4237 pro
1932 4181 2011 4219 me

436 4287 532 4362 (α).
561 4283 749 4341 Sedisti
775 4296 923 4352 super
950 4277 1186 4329 thronum
1209 4272 1293 4341 qui
1311 4268 1516 4339 judicas
1543 4263 1803 4329 iustitiam.
1831 4260 1882 4314 6.
1915 4255 2010 4362 n-

434 4347 648 4448 crepasti
674 4347 862 4446 gentes,
887 4379 934 4424 et
950 4367 1096 4439 periit
1118 4364 1326 4429 impius.
1355 4360 1502 4414 Alius
1533 4373 1546 4409 :
1570 4352 1864 4408 Perdidisti.
1894 4347 2009 4401 No-

439 4439 551 4525 men
575 4439 881 4539 ejus'delcsti
901 4461 954 4514 in
974 4469 1238 4522 aeternum,
1258 4461 1304 4506 et
1328 4453 1383 4504 in
1405 4447 1643 4502 saxulum
1667 4442 1861 4497 surculi.
1879 4439 2014 4494 Vide

437 4576 621 4619 rursus
661 4557 759 4612 viri
791 4549 1198 4625 philosophiam,
1225 4541 1492 4615 quomodo
1522 4553 1627 4592 non
1656 4537 1770 4604 ipse
1799 4533 2012 4587 ulcisci-

439 4665 525 4709 tur
541 4649 803 4713 inimicos,
826 4644 918 4699 sed
944 4643 1056 4697 Deo
1068 4636 1310 4695 concedit
1330 4632 1610 4705 judicium,
1627 4641 1848 4683 servans
1879 4640 2013 4694 pra:-

439 4755 651 4816 ceptum
687 4737 1059 4811 apostolicum,
1090 4729 1211 4785 Non
1253 4744 1338 4781 vos
1367 4727 1500 4796 ipsos
1529 4721 1814 4776 ulciscentes
1835 4717 2014 4786 (Rom.

444 4805 533 4893 12'.
565 4805 798 4904 ‘19).an
829 4831 931 4883 hoc
956 4833 1132 4879 autem
1161 4821 1332 4875 solum
1359 4816 1539 4871 videre
1577 4825 1888 4882 possumus;
1921 4805 2017 4860 sed

443 4928 585 5002 quod
611 4900 728 4982 haec
750 4925 908 4980 etiam
947 4920 1142 4990 injuste
1188 4927 1371 4985 passus
1391 4911 1477 4964 sit.
1501 4905 1612 4961 Nisi
1638 4903 1779 4958 enim
1823 4900 2022 4969 injuste

445 4996 589 5081 esset
615 5033 824 5093 passus,
856 5030 919 5070 ea
951 5014 1091 5067 Deus
1129 5024 1232 5063 non
1257 5013 1401 5062 esset
1449 5003 1609 5056 ultus.
1639 4996 1828 5052 Sediin
1873 5009 2024 5063 super

448 5089 682 5174 thronum
703 5113 788 5185 qui
803 5108 1008 5182 judicas
1035 5103 1306 5172 iustitiam.
1330 5098 1572 5152 Humano
1597 5106 1745 5146 more
1770 5089 2022 5157 loquitur,

447 5215 633 5269 dicens
655 5179 904 5264 thronum
932 5212 986 5257 et
1013 5196 1341 5254 cathedram.
1374 5187 1503 5244 Illud
1525 5198 1722 5249 autem,
1756 5181 1854 5246 Qui
1881 5179 2027 5248 judi-

452 5321 537 5359 cas
556 5299 824 5375 justitiam,
850 5293 904 5348 id
936 5291 1061 5346 dicit
1084 5285 1226 5358 quod
1259 5291 1342 5338 est
1371 5282 1479 5335 Deo
1505 5287 1836 5337 consuetum,
1867 5279 1921 5325 et
1948 5277 2030 5324 est

455 5364 576 5468 ejus
613 5387 924 5448 subSIantite
967 5381 1309 5453 praecipuum.
1341 5375 1398 5428 In
1421 5368 1726 5426 hominibus
1756 5364 1896 5419 enim
1923 5377 2028 5415 non

456 5452 582 5544 licet
599 5485 702 5539 hoc
721 5481 917 5536 dicere.
941 5452 1057 5530 Non
1075 5469 1314 5542 judicant
1332 5464 1474 5520 enim
1491 5459 1770 5532 justitiam,
1789 5456 1888 5508 etsi
1911 5452 2031 5507 mil-

460 5581 556 5635 lies
570 5575 699 5649 justi
715 5573 842 5637 sint,
871 5578 928 5624 ut
951 5566 1040 5638 qui
1069 5557 1349 5633 aliquando
1371 5561 1587 5627 propter
1619 5549 1908 5612 inscitiam,
1931 5544 2032 5598 ali-

525 5767 598 5830 (a)
624 5771 741 5830 Haec
768 5760 945 5820 lectio,
981 5750 1232 5830 Iudicasti
1271 5765 1361 5815 pro
1379 5762 1464 5830 an
1495 5737 2042 5830 '(iinepaailxaoa'ts'pou),

525 5792 598 5830 tu)
624 5792 741 5819 nam
773 5792 945 5820 ισυιιυ,
981 5792 1231 5808 uua-tu..."
1271 5792 1358 5815 ,ην
1389 5792 1461 5798 η--
1513 5792 1653 5819 νζ-..
1683 5792 1692 5793 ,
1747 5806 1760 5822 ’
1825 5805 1835 5815 Ι
1908 5792 1917 5800 ι
2031 5792 2039 5795 _

467 5839 562 5946 ζει
588 5827 813 5940 Aquilia,
861 5834 1078 5885 sequens
1119 5823 1324 5877 autem,
1373 5809 1652 5863 Perdidisti
1709 5792 2046 5868 (απωλεσας),

505 5905 692 5956 ,γιιιωιιε

1549 387 1903 446 ΕΧΡΟΒΙΤΙΟ
1941 385 2006 442 IN
2045 383 2362 440 PSALMUM
2401 385 2490 440 IX.

2066 497 2276 566 quando
2303 507 2520 568 propter
2539 498 2855 565 socordiam,
2877 501 3024 572 quod-
3045 501 3238 570 justum
3260 513 3342 560 est
3363 505 3602 574 ignorent
3625 528 3638 558 ;

2067 591 2207 644 Deus
2227 607 2352 644 vero
2373 593 2459 658 qui
2481 591 2548 644 ab
2570 593 2652 646 his
2671 594 2915 648 omnibus
2941 595 3075 650 libcr
3094 607 3197 658 est,
3219 609 3272 652 et
3289 600 3460 653 sciens
3475 612 3529 655 et
3551 617 3642 654 vo-

2067 681 2182 735 lens
2205 681 2402 750 justam
2435 683 2534 736 fert
2556 685 2896 737 sententiam.
2924 685 3056 740 Illud
3093 703 3238 758 ergo,
3271 688 3460 743 Sedistt
3493 707 3644 762 super

2069 773 2325 838 thronum,
2349 774 2901 845 judicasti,signilicat,
2933 788 3282 847 persequutus
3303 795 3383 845 es,
3405 781 3544 836 ultus
3563 797 3642 837 es.

2070 860 2351 930 Increpasti
2391 872 2580 933 gentes,
2607 875 2652 917 et
2681 866 2827 933 periit
2856 867 3058 934 impius.
3085 867 3240 922 Vides
3263 869 3528 937 quomodo
3551 887 3644 924 ar-

2069 954 2169 1006 mis
2190 954 2294 1008 Deo
2317 969 2420 1007 non
2442 969 2574 1022 opus
2593 963 2694 1019 est,
2715 970 2816 1008 non
2838 957 3032 1025 gladio,
3054 974 3157 1012 non
3179 973 3324 1025 arcu,
3350 976 3456 1014 non
3483 963 3642 1030 sagit-

2073 1042 2160 1104 tis,
2178 1043 2269 1096 sed
2301 1043 2385 1096 illa
2411 1042 2642 1097 lnnnano
2673 1060 2819 1098 more
2835 1046 2974 1100 dicta
2991 1057 3146 1100 sunt:
3168 1048 3277 1102 Deo
3299 1051 3438 1103 enim
3454 1051 3651 1106 sufficit

2072 1135 2347 1203 increpare
2368 1145 2421 1189 et
2449 1136 2668 1204 perdere
2697 1152 2789 1190 eos
2805 1139 2893 1208 qui
2916 1139 3164 1206 puniendi
3204 1151 3346 1195 sunt.
3374 1143 3442 1200 Ut
3470 1154 3654 1200 autem

2072 1227 2186 1295 ejus
2211 1228 2499 1296 potentiam
2531 1229 2813 1297 intelligas,
2848 1230 2966 1284 audi
2993 1232 3152 1287 etiam
3172 1248 3292 1302 qua:
3333 1245 3644 1305 sequuntur.

2076 1314 2278 1368 Nomen
2303 1333 2474 1369 eorum
2495 1317 2737 1371 delestiin
2755 1327 3016 1384 teternum,
3044 1330 3090 1373 et
3119 1321 3427 1376 insaaculum
3449 1327 3643 1381 saeculi.

2077 1405 2349 1461 Radicitus
2389 1408 2687 1476 perdidisti,
2727 1411 3054 1474 convulsisti,
3083 1413 3153 1467 ita
3178 1413 3442 1484 delevisti,
3473 1427 3529 1471 ut
3556 1433 3650 1472 eo-

2077 1513 2192 1552 rum
2237 1500 2400 1554 etiam
2448 1503 2662 1570 perierit
2698 1505 2974 1559 memoria.
3020 1506 3072 1559 7.
3119 1506 3321 1561 Inimici
3368 1509 3653 1581 defecerunt

2079 1592 2282 1656 framea:
2297 1591 2349 1642 in
2365 1593 2535 1658 ﬁnem.
2552 1593 2720 1659 Alius,
2744 1595 2946 1648 Ruinte.
2973 1596 3226 1652 Hebraeus
3243 1609 3439 1664 autem,
3463 1602 3659 1656 Arbotls

2079 1680 2178 1747 (α).
2213 1681 2275 1732 Et
2313 1683 2530 1737 civitates
2554 1685 2862 1739 destruxisti.
2905 1688 3040 1753 Quid
3073 1689 3174 1746 hoc
3200 1692 3319 1745 est?
3359 1693 3647 1759 Machinis,

2081 1773 2269 1840 inquit,
2297 1782 2353 1826 et
2392 1777 2630 1831 consiliis
2674 1781 3020 1848 consumptis,
3061 1797 3182 1835 eum
3231 1785 3460 1853 propriis
3493 1789 3658 1842 armis

2080 1863 2384 1919 destituisti.
2411 1867 2552 1922 Talis
2577 1877 2658 1922 est
2683 1870 2826 1923 enim
2849 1871 2922 1924 ira
2953 1873 3080 1926 Dei:
3102 1875 3275 1927 omnia
3293 1875 3435 1929 delet
3457 1885 3509 1930 et
3534 1891 3656 1945 per-

2083 1958 2178 2010 dit.
2212 1957 2304 2011 Vel
2331 1963 2467 2028 quod
2497 1961 2634 2015 alius
2660 1961 2817 2016 docet
2861 1964 3148 2031 interpres,
3179 1967 3381 2031 dicens,
3411 1966 3656 2033 Deserta;

2084 2047 2136 2101 id
2167 2060 2266 2114 est,
2295 2050 2408 2104 Non
2441 2053 2610 2106 solum
2635 2069 2819 2108 eorum
2848 2056 3115 2121 civitates,
3140 2058 3236 2112 sed
3262 2060 3418 2113 etiam
3446 2059 3660 2116 deserta

2084 2141 2346 2210 delevisti,
2377 2154 2432 2198 et
2471 2145 2629 2200 urbes
2672 2147 2898 2202 diruisti.
2933 2149 3008 2203 ita
3054 2151 3195 2204 enim
3239 2152 3412 2220 justus
3461 2153 3657 2208 bellum

2084 2237 2334 2304 gerebat,
2384 2238 2454 2290 ita
2502 2239 2836 2294 adversarios
2892 2243 3302 2310 prosternebat,
3354 2259 3461 2298 non
3507 2253 3662 2300 utens

2086 2330 2248 2382 armis
2277 2340 2331 2383 et
2356 2330 2540 2395 hastis,
2584 2332 2678 2385 sed
2727 2333 2817 2387 Dei
2863 2334 3083 2388 auxilio.
3135 2336 3424 2406 Propterea
3449 2339 3497 2393 ei
3527 2355 3661 2409 quo-

2087 2434 2192 2488 que
2234 2419 2430 2474 bellum
2458 2430 2542 2474 est
2588 2423 2896 2490 pra-clarum
2921 2436 2973 2479 et
2999 2425 3225 2496 insigne,
3252 2435 3307 2481 et
3334 2427 3385 2481 vi
3415 2439 3560 2498 parta
3584 2437 3668 2484 est

2087 2516 2328 2568 victoria.
2369 2514 2524 2568 Periit
2552 2533 2724 2570 eorum
2753 2521 2992 2571 memoria
3010 2535 3125 2573 cum
3146 2521 3330 2574 sonitu.
3353 2522 3522 2587 Alius,
3539 2521 3666 2576 Cum

2088 2607 2233 2672 ipsis.
2285 2606 2540 2660 Hebraeus
2583 2619 2779 2671 autem,
2811 2609 2927 2662 Em.
2975 2609 3112 2676 Quid
3154 2621 3256 2676 est,
3297 2611 3422 2666 Cum
3463 2615 3670 2666 sonitu?

2097 2697 2189 2751 Vel
2232 2697 2360 2751 dicit
2411 2700 2846 2760 internecionem.
2886 2701 2971 2754 vel
3013 2703 3268 2755 ululatum
3315 2703 3384 2757 ob
3431 2703 3668 2758 immissa

2093 2790 2250 2842 mala.
2297 2789 2410 2844 Hoc
2447 2801 2528 2844 est
2575 2793 2734 2845 etiam
2763 2793 2854 2846 Dei
2898 2794 3262 2862 providentiae,
3291 2795 3430 2864 quod
3459 2811 3564 2852 non
3593 2797 3672 2849 fa-

2095 2881 2199 2935 ciat
2225 2881 2327 2936 hoc
2375 2884 2618 2946 latenter,
2647 2893 2705 2937 ut
2730 2883 2953 2937 aliorum
3000 2884 3388 2939 calamitatibus
3414 2885 3504 2938 alii
3544 2887 3671 2940 red-

2096 2971 2288 3025 dantur
2312 2973 2582 3028 meliores.
2619 2973 2890 3044 Significat
2913 2987 3041 3042 ergo
3067 2972 3402 3028 manifestum
3428 2974 3671 3029 exitium.

2168 3066 2222 3120 4.
2263 3063 2330 3118 Et
2365 3064 2612 3120 Dominus
2654 3067 2708 3119 in
2738 3077 2978 3120 internum
3007 3076 3263 3136 permanet
3288 3067 3360 3136 (υ.
3391 3067 3470 3136 8).
3499 3068 3672 3132 Alius,

2100 3157 2328 3212 Sedebit.
2369 3158 2568 3213 Sedere
2620 3159 2763 3212 enim
2819 3171 2960 3226 saepe
3006 3157 3220 3226 ponitur
3260 3173 3354 3227 pro
3398 3158 3573 3212 stabili
3622 3169 3673 3214 et

2105 3261 2450 3320 permanente
2479 3251 2814 3315 substantia;
2844 3259 2900 3304 ut
2941 3251 3174 3305 declarat
3209 3251 3368 3305 etiam
3394 3250 3677 3317 Jeremias,

2101 3345 2287 3399 dicens
2318 3362 2331 3397 :
2375 3343 2454 3398 Tu
2493 3344 2632 3398 sedes
2660 3345 2713 3397 in
2743 3344 2986 3397 saeculum
3009 3342 3237 3416 (Raruch
3289 3344 3345 3398 5.
3378 3344 3457 3414 5).
3487 3345 3552 3398 Ει
3578 3344 3679 3398 lle-

2103 3437 2280 3492 brazus
2302 3436 2386 3490 hic
2414 3435 2585 3490 Jeseb.
2612 3435 2879 3504 Propheta
2901 3437 3002 3490 hoc
3023 3435 3151 3489 dicit
3178 3435 3389 3490 assidue
3419 3437 3469 3490 in
3503 3436 3678 3490 homi-

2104 3547 2230 3586 num
2277 3532 2512 3595 lnteritu,
2547 3530 2832 3585 ostendens
2857 3530 3249 3584 interminatam
3275 3529 3390 3598 ejus
3419 3543 3536 3584 esse
3557 3530 3684 3584 sub-

2108 3623 2376 3689 stantiam,
2405 3632 2460 3678 et
2486 3622 2758 3676 hominum
2783 3620 2994 3691 quidem
3021 3635 3188 3690 genus
3208 3635 3327 3674 esse
3350 3619 3604 3673 caducum
3631 3625 3687 3673 et

2107 3724 2536 3769 momenlaneum
2560 3731 2573 3765 :
2595 3711 2732 3767 illius
2752 3721 2934 3766 autem
2955 3710 3246 3764 substantia
3268 3718 3321 3763 et
3343 3709 3684 3778 magnificen-

2110 3808 2180 3862 tia
2206 3807 2366 3862 linem
2391 3820 2678 3874 numquam
2706 3803 2916 3873 accipit.
2941 3803 3052 3856 Hoc
3077 3811 3252 3854 autem
3283 3799 3411 3854 facit
3435 3800 3681 3852 timorem

2106 3900 2389 3965 incutiens,
2416 3908 2473 3954 ut
2493 3898 2698 3952 duabus
2719 3897 2970 3952 decausis
2993 3911 3115 3950 eum
3139 3894 3449 3958 timeant,et
3469 3901 3688 3963 propter

2110 3990 2524 4062 magnitudinem
2569 3989 2788 4060 glorim,
2822 3996 2876 4042 et
2919 3994 3137 4056 pr0pter
3166 3985 3420 4040 vilitatem
3463 3985 3690 4054 propria:

2112 4082 2441 4144 substantiae,
2471 4089 2526 4135 et
2555 4089 2610 4134 ut
2638 4093 2850 4147 semper
2878 4085 3204 4140 manentem,
3230 4083 3388 4143 atque
3409 4081 3468 4127 ut
3494 4074 3692 4128 miran-

2113 4173 2241 4229 dum
2284 4175 2334 4226 in
2369 4173 2584 4226 modum
2632 4171 2956 4240 punientem.
3007 4166 3158 4234 Quod
3210 4167 3254 4220 si
3290 4166 3486 4236 aliquid
3531 4165 3692 4222 etiam

2115 4275 2323 4338 Oportet
2344 4266 2522 4320 dicere
2537 4263 2847 4333 anagogiee,
2872 4261 2923 4315 id
2945 4275 3048 4315 non
3077 4270 3160 4315 est
3186 4259 3556 4314 recusandum.
3578 4259 3700 4314 Alia

2118 4362 2260 4416 enim
2289 4374 2572 4430 possumus
2592 4359 2752 4412 etiam
2778 4354 3126 4423 contemplari
3159 4373 3172 4407 :
3205 4353 3304 4407 alia
3334 4369 3462 4407 vero
3490 4355 3557 4406 ita
3576 4362 3702 4408 sunt

2119 4454 2290 4508 solum
2321 4450 2663 4520 intelligenda
2722 4449 2859 4502 sicut
2883 4448 3023 4501 dicta
3064 4455 3224 4510 sunt;
3255 4443 3698 4514 quemadmodum

2120 4546 2249 4601 illud
2291 4564 2305 4600 :
2339 4544 2482 4598 Fecit
2526 4543 2664 4597 Deus
2695 4544 2877 4596 caelum
2924 4552 2969 4596 et
2999 4551 3182 4595 terram
3213 4537 3365 4610 (Gen.
3397 4539 3448 4592 1.
3483 4535 3559 4608 1);
3601 4537 3704 4590 alia

2119 4653 2250 4692 vero
2283 4636 2436 4690 aliter
2465 4650 2621 4704 quam
2665 4634 2896 4687 habeant
2943 4631 3236 4693 dictiones,
3288 4627 3438 4683 verbi
3490 4627 3700 4698 gratia:

2123 4731 2280 4786 Cerva
2316 4729 2567 4793 amicitiae,
2601 4735 2649 4780 et
2687 4726 2928 4779 hinnulus
2969 4725 3249 4795 gratiarum
3279 4732 3502 4787 tuarum,
3543 4729 3704 4774 tecum

2125 4822 2303 4876 habeat
2345 4819 2751 4874 consuetudinem
2794 4815 2975 4888 (Prov.
2999 4816 3054 4871 5.
3084 4815 3196 4882 19).
3224 4813 3292 4867 Et
3327 4825 3514 4867 rursus
3543 4829 3560 4866 :
3591 4810 3710 4866 Sint

2127 4916 2215 4970 tibi
2253 4912 2351 4968 soli
2383 4928 2495 4982 quia
2536 4911 2686 4964 habes
2706 4951 2722 4976 ,
2750 4919 2796 4963 et
2840 4923 2986 4962 nemo
3012 4908 3207 4960 alienus
3238 4906 3303 4959 sit
3345 4905 3434 4959 tibi
3463 4904 3711 4974 particeps

2129 5008 2292 5078 (Ibid.
2322 5022 2370 5060 υ.
2402 5003 2511 5077 l7).
2544 5005 2612 5059 Et
2636 5018 2821 5058 rursus
2847 5019 2860 5054 :
2892 5001 3034 5053 Fons
3056 5015 3199 5069 aqua:
3221 4999 3284 5052 sit
3314 4997 3402 5051 tibi
3428 4996 3524 5049 soli
3549 4995 3708 5064 (Ibid.

2129 5118 2176 5156 υ.
2210 5101 2324 5169 18).
2352 5099 2463 5154 Hoc
2490 5097 2651 5159 enim,
2674 5095 2718 5150 si
2747 5092 3056 5164 respexeris
3087 5090 3138 5144 id
3165 5089 3306 5161 quod
3333 5089 3587 5158 scriptum
3607 5095 3710 5151 est,

2131 5208 2232 5250 nec
2259 5208 2288 5246 a
2333 5189 2510 5244 verbis
2553 5186 2826 5250 declines,
2870 5195 2927 5238 ut
2955 5197 3172 5236 sensum
3203 5179 3543 5250 persequaris
3568 5219 3582 5242 ,
3614 5178 3716 5232 erit

2132 5291 2287 5345 valde
2314 5287 2684 5350 inhumanum,
2726 5293 2876 5336 utne
2913 5293 3104 5348 aquam
3145 5275 3358 5345 quidem
3387 5273 3478 5327 ulli
3517 5272 3715 5340 imper-

2137 5387 2235 5440 tias
2261 5402 2274 5438 :
2304 5381 2398 5436 sed
2421 5377 2740 5449 hic‘quidcm
2764 5373 2997 5443 loquitur
3021 5370 3088 5424 de
3115 5383 3302 5434 uxore,
3330 5376 3459 5420 utea
3483 5365 3718 5417 fruamur

2136 5495 2258 5534 cum
2305 5472 2673 5544 temperantia,
2724 5468 2923 5522 fontem
2971 5476 3166 5517 vocans
3215 5474 3353 5524 eam,
3386 5467 3438 5511 et
3483 5470 3714 5520 cervam,

2139 5579 2356 5642 propter
2377 5567 2656 5637 puritatem
2688 5573 3004 5628 congressus
3033 5551 3346 5622 conjugalis.
3381 5549 3447 5604 Et
3471 5547 3557 5602 hic
3591 5547 3716 5617 qui—

2142 5664 2261 5719 dem
2288 5661 2391 5715 hoc
2420 5656 2577 5712 modo
2601 5672 2614 5707 :
2645 5651 2836 5707 alicubi
2862 5663 2988 5704 vero
3014 5643 3220 5716 etquod
3247 5641 3500 5714 scriptum
3523 5646 3607 5694 cst
3633 5651 3728 5692 ac-

2223 5840 2302 5915 (aj
2335 5844 2524 5904 ΠῦῪῶ
2553 5845 2756 5898 deserta.
2778 5841 2893 5890 uino
2917 5794 3110 5886 Arabia.
