4140 6356
407 376 428 427 -ί
439 373 508 426 ‘27

405 485 706 554 cipiendum
742 492 844 550 est,
889 492 943 540 et
983 485 1126 555 quod
1155 499 1220 537 ex
1243 499 1309 538 eo
1329 483 1697 553 signiﬁcatur;
1731 492 1787 535 ut
1809 490 1889 535 est
1918 482 1981 536 il.

409 578 537 632 lud:
575 577 718 632 Sicut
759 585 1040 630 serpentem
1083 575 1320 628 exultavit
1367 573 1534 627 Moses
1565 573 1743 640 (Joan.
1785 573 1839 627 5.
1875 572 1986 633 14).

411 669 744 726 Credendum
772 677 858 724 est
876 669 1018 724 enim
1037 710 1051 734 ,
1083 668 1185 722 hoc
1214 669 1410 722 factum
1437 681 1554 722 esse
1581 666 1662 736 (ut
1684 680 1869 719 revera
1909 663 1988 717 fa-

410 774 554 818 ctum
585 761 688 834 est)
716 763 979 833 simulque
1007 763 1148 833 quod
1194 776 1259 815 eo
1306 761 1653 830 signiﬁcatur,
1689 759 1740 812 in
1771 758 1988 827 ﬁguram

407 856 626 911 Clu-isti.
657 855 729 910 Ita
759 856 844 910 hic
869 857 1026 910 etiam
1058 870 1163 909 non
1190 855 1451 908 aberrarit
1479 853 1765 923 quispiam,
1796 851 1840 905 si
1873 865 1991 920 qua:

409 951 546 1003 dicta
588 958 734 1016 sunt,
771 949 1036 1016 acceperit
1073 947 1140 1002 de
1180 947 1245 1001 iis
1278 962 1399 1016 qua:
1435 945 1634 1000 Judaeis
1673 949 1989 1007 evisnerunt,

413 1040 527 1094 haec
569 1055 760 1108 nempe
791 1057 802 1090 :
833 1039 1024 1093 Sedisti
1047 1054 1198 1106 super
1227 1037 1466 1090 thronum
1493 1037 1578 1105 qui
1598 1035 1804 1106 judicas
1838 1033 1995 1104 justi-

413 1131 555 1186 tiam.
595 1131 878 1201 Increpain
905 1141 1114 1201 gentes;
1148 1139 1195 1184 et
1226 1129 1376 1198 periit
1400 1129 1584 1197 impius
1617 1145 1635 1192 ;
1667 1144 1848 1180 nomen
1883 1127 1994 1198 ejus

411 1223 589 1278 delcsti
614 1225 666 1276 in
691 1222 930 1276 saxulum
952 1264 967 1289 ,
994 1233 1039 1274 et
1067 1223 1118 1275 in
1148 1220 1390 1274 sarculum
1413 1219 1604 1273 seaculi.
1631 1217 1832 1270 Inimici
1859 1217 1997 1287 defe-

415 1325 588 1371 cerunt
626 1316 835 1386 framea
879 1316 931 1368 in
959 1316 1144 1382 ﬁnem,
1180 1321 1226 1366 et
1255 1313 1478 1365 civitates
1513 1327 1683 1364 eorum
1710 1308 1994 1362 detraxisti.

413 1407 573 1461 Periit
618 1407 862 1459 memoria
906 1422 1081 1459 eorum
1121 1420 1237 1457 cum
1289 1403 1476 1456 sonitu.
1525 1401 1811 1454 Calamitas
1853 1399 1995 1453 enim

412 1514 598 1551 eorum
629 1497 716 1566 qui
755 1497 1025 1551 Christum
1050 1495 1467 1556 cruciﬁxerunt,
1497 1503 1578 1546 est
1602 1492 1849 1546 omnibus
1882 1506 1996 1543 ma-

413 1588 601 1642 nifesta
631 1605 645 1652 ;
697 1596 753 1642 et
797 1587 1038 1641 civitates
1083 1601 1268 1641 eorum
1296 1594 1418 1639 sunt
1448 1583 1638 1638 dirutae
1671 1625 1688 1650 ,
1718 1592 1772 1637 et
1801 1581 1999 1636 diaboli

416 1681 678 1736 machina:
721 1680 1033 1735 defecerunt
1058 1721 1070 1741 ,
1101 1695 1221 1732 cum
1253 1677 1447 1732 Christi
1475 1691 1600 1730 cura
1627 1690 1689 1729 ac
1716 1673 2000 1745 providen-

418 1777 487 1829 tia
513 1774 690 1829 oinuia
708 1773 1021 1843 susceperit.
1040 1770 1145 1827 Sed
1169 1771 1282 1824 haec
1312 1771 1675 1839 relinquentes
1702 1764 1998 1835 adaptanda

415 1867 690 1932 studiosis,
737 1881 800 1920 ea
846 1881 964 1933 quae
1009 1862 1454 1932 suanroposita
1496 1873 1896 1930 persequamur.
1941 1855 1999 1910 8.

418 1961 629 2014 Paravit
670 1960 722 2011 in
745 1959 942 2030 judicio
974 1958 1208 2010 thronum
1247 1972 1413 2009 suum.
1447 1954 1614 2018 Alius,
1639 1951 1894 2008 Stabilivit
1935 1950 2003 2002 ad

409 2052 680 2121 judicium.
718 2050 771 2103 9.
803 2048 870 2101 Et
901 2050 1008 2118 ipse
1029 2047 1281 2118 jndicabit
1307 2047 1475 2098 orbem
1504 2054 1654 2098 terra!
1686 2044 1739 2097 in
1784 2044 2000 2109 ius'itia,

409 2142 661 2216 judicabit
692 2140 907 2211 populos
935 2141 988 2193 in
1015 2140 1267 2208 aequitate.
1303 2136 1490 2192 Vidisti
1517 2135 1785 2206 quomodo
1817 2134 2000 2203 paula-

422 2236 516 2289 tim
543 2234 737 2289 attollit
775 2232 1114 2287 orationem?
1154 2229 1416 2298 Quoniam
1443 2228 1584 2282 enim
1614 2227 1788 2281 throni
1813 2226 2000 2279 memi-

422 2328 520 2391 nit,
569 2325 800 2380 ostendit
837 2324 1013 2378 throui
1062 2331 1326 2386 naturam,
1357 2337 1460 2375 non
1499 2336 1568 2374 ex
1592 2319 1765 2389 lignis.
1796 2334 1894 2373 nec
1938 2333 2004 2371 ex

421 2419 594 2486 aliqua
620 2415 840 2470 materia
865 2415 1235 2483 compositam,
1259 2411 1352 2467 sed
1381 2427 1447 2468 ex
1470 2411 1694 2481 justitia.
1721 2410 1776 2464 In
1798 2407 2004 2480 juStitia

423 2508 588 2571 enim,
618 2506 809 2576 inquit,
855 2506 1147 2560 collocatus
1170 2513 1271 2558 est.
1299 2503 1559 2556 .ludicabit
1584 2501 1751 2555 orbem
1782 2510 1926 2555 terra:
1951 2500 2004 2553 in

421 2601 634 2670 iustitia.
678 2600 744 2654 Et
782 2599 1082 2670 praesentia,
1109 2606 1164 2653 et
1188 2614 1305 2668 quan
1347 2598 1519 2652 futura
1563 2608 1707 2660 sunt,
1743 2594 2000 2663 prmdicit.

429 2692 691 2748 Geuerale
711 2691 854 2747 enim
876 2690 1131 2761 judicium
1163 2691 1270 2745 illic
1297 2701 1380 2745 est
1407 2698 1738 2746 reservatum
1776 2705 1790 2740 :
1822 2688 2004 2757 singu-

421 2783 533 2837 lare
561 2793 740 2838 autem
767 2783 924 2838 etiam
953 2781 1040 2836 hic
1063 2799 1075 2847 ;
1105 2782 1270 2836 multa
1292 2782 1487 2850 quippe
1507 2782 1666 2834 etiam
1696 2794 1839 2832 nunc
1858 2778 2000 2844 facit,

425 2891 491 2930 ue
517 2875 692 2930 stolidi
719 2874 1090 2930 existimarent
1114 2889 1175 2926 ea
1197 2889 1314 2942 qua:
1341 2881 1465 2926 sunt
1487 2887 1591 2924 non
1621 2871 1732 2940 regi
1761 2870 1853 2924 Dei
1879 2885 2004 2937 pro-

420 2966 672 3021 videntia.
708 2965 856 3035 Quod
889 2965 931 3017 si
965 2979 1069 3018 non
1103 2963 1188 3019 hic
1230 2978 1418 3017 omnes
1459 2977 1687 3018 coronas
1713 2961 2002 3028 accipiunt,

422 3074 490 3112 ne
517 3057 747 3112 mireris.
793 3054 1004 3109 Paravit
1028 3056 1161 3108 enim
1193 3055 1325 3108 diem
1349 3096 1366 3121 ,
1392 3054 1440 3106 in
1468 3071 1566 3125 quo
1586 3064 1657 3108 est
1679 3055 2005 3125 judicaturus

423 3150 592 3205 orbem
628 3159 774 3203 terra:
803 3147 938 3219 (Act.
972 3147 1056 3200 17.
1085 3144 1200 3218 51);
1247 3147 1298 3200 in
1351 3147 1632 3214 prmsentia
1679 3155 1856 3199 autem
1899 3156 2009 3199 sta-

420 3243 565 3296 dium
591 3283 604 3305 ,
636 3241 828 3305 luctas,
854 3248 909 3294 et
931 3238 1242 3294 certamina.
1273 3240 1562 3307 Pr0pterca
1591 3255 1700 3293 non
1744 3240 2008 3308 recipiunt

424 3334 510 3388 hic
537 3348 723 3386 omnes
769 3347 866 3400 pro
913 3331 1138 3396 meritis,
1188 3330 1280 3384 sed
1309 3329 1394 3394 iis,
1427 3333 1514 3398 qui
1542 3344 1601 3383 se
1642 3339 1787 3385 recte
1818 3339 2008 3399 gerunt

425 3424 563 3476 dona
591 3430 717 3476 sunt
738 3422 844 3475 illic
875 3421 1104 3489 reposita
1130 3462 1143 3484 ,
1179 3429 1233 3474 et
1255 3420 1340 3485 iis,
1374 3420 1461 3488 qui
1489 3433 1664 3482 secus,
1699 3420 1957 3488 supplicia
1989 3437 2004 3474 :

427 3515 513 3569 hic
559 3523 736 3567 autem
784 3523 866 3566 est
899 3512 1108 3576 lenitas,
1151 3521 1204 3565 et
1234 3511 1507 3580 patientia,
1538 3521 1596 3564 ut
1625 3527 1718 3580 per
1747 3512 2009 3581 poeniten-

427 3607 553 3662 tiam
583 3605 949 3674 abstergzuuus
977 3612 1189 3672 peccata
1223 3621 1235 3655 :
1266 3603 1360 3657 sed
1405 3603 1509 3657 illic
1553 3618 1657 3657 non
1689 3603 1781 3657 ita.
1828 3603 2009 3658 Homi-

425 3698 542 3752 cida
573 3698 749 3761 enim,
782 3695 1034 3765 quatndiu
1075 3705 1158 3748 est
1190 3695 1240 3748 in
1275 3696 1383 3757 via,
1417 3702 1595 3765 potest
1619 3696 1832 3759 mutari,
1861 3706 1914 3750 et
1942 3697 2008 3749 li-

425 3789 598 3846 bcrari
627 3787 884 3858 supplicio
909 3805 923 3839 :
963 3786 1057 3841 sed
1080 3797 1359 3857 postquam
1385 3787 1646 3842 deductus
1671 3787 1842 3842 estad
1870 3789 2010 3844 acci-

426 3881 670 3954 piendam
699 3881 893 3951 judicis
929 3880 1270 3946 sententiam,
1298 3889 1464 3936 restat
1484 3881 1737 3952 deinceps
1758 3883 1922 3948 ensis,
1955 3893 2012 3938 et

425 3977 583 4030 lictor
607 4017 621 4040 ,
653 3984 708 4029 et
751 3973 1082 4028 barathrum.
1109 3973 1184 4027 lta
1212 3973 1375 4028 etiam
1403 3973 1505 4029 hic.
1536 3975 1800 4042 Quamdiu
1844 3974 2009 4030 lueri-

426 4081 545 4122 mus
571 4064 785 4136 quidem
831 4065 884 4119 iu
925 4064 1032 4118 vita
1075 4064 1346 4133 prmseuti,
1387 4079 1673 4133 possumus
1699 4067 1864 4120 vitare
1887 4082 2012 4138 sup-

427 4157 663 4226 plicium,
706 4157 752 4209 si
791 4165 1058 4210 mutemur
1087 4172 1100 4210 :
1129 4165 1410 4225 postquam
1436 4165 1614 4211 autem
1647 4157 1774 4211 illuc
1802 4159 2010 4214 disces-

426 4250 674 4314 serimus,
695 4246 1307 4318 l'ruslralacrytnabimur
1327 4265 1342 4302 :
1365 4246 1571 4301 Paravit
1591 4249 1732 4303 enim
1750 4250 1801 4303 in
1813 4251 2013 4320 judicio

432 4341 668 4392 thronum
705 4356 875 4392 suum.
923 4339 979 4394 Si
1025 4339 1144 4409 quis
1186 4347 1364 4394 autem
1403 4339 1564 4394 etiam
1595 4341 1743 4408 illud,
1778 4341 2010 4408 Paravit,

429 4430 696 4499 acceperit
739 4439 796 4482 ut
835 4429 1034 4484 dictum
1075 4437 1178 4497 est,
1213 4447 1318 4485 non
1349 4432 1632 4502 peccabit:
1664 4433 1841 4488 omnia
1867 4435 2010 4489 enim

429 4533 552 4576 sunt
597 4530 802 4592 parata,
841 4529 897 4576 et
942 4523 1219 4591 supplicia,
1266 4535 1321 4577 et
1357 4538 1590 4587 corona),
1629 4534 1682 4579 et
1726 4527 2011 4580 sententia.

427 4613 544 4675 Non
587 4622 668 4668 est
711 4613 999 4677 cunctatio,
1047 4629 1146 4668 nec
1185 4623 1414 4684 tempus,
1464 4632 1564 4671 nec
1609 4618 1827 4673 tarditas
1873 4621 2014 4689 apud

429 4705 595 4767 Deum
627 4723 639 4758 :
668 4705 1094 4774 quandoquidem
1121 4707 1208 4776 qui
1230 4708 1413 4762 vivunt
1437 4724 1542 4762 non
1567 4711 1900 4778 pnis-venient
1922 4728 2015 4766 eos

429 4798 518 4865 qui
557 4797 908 4859 dormierunt,
957 4799 1406 4867 quemadmodum
1459 4800 1588 4854 dicit
1617 4800 1812 4856 Paulus
1853 4821 1867 4856 :
1903 4804 2014 4858 Nos

429 4890 515 4961 qni
538 4890 772 4953 vivimus,
825 4891 908 4959 qui
945 4891 1126 4960 reliqui
1158 4907 1330 4945 sumus
1379 4893 1433 4946 in
1470 4893 1741 4947 adventum
1781 4894 2012 4964 Domini,

439 4998 540 5034 non
569 4982 927 5050 pramenienms
947 4998 1032 5036 eos
1056 4982 1142 5049 qui
1163 4981 1491 5036 dormierunt.
1515 4983 1774 5039 Judicabit
1800 4989 2015 5057 papulas

429 5073 483 5126 in
508 5074 740 5140 azquitate
777 5074 854 5145 (i.
888 5073 1062 5128 Thess.
1106 5075 1161 5128 4.
1206 5073 1316 5146 16).
1350 5073 1486 5129 Vide
1523 5077 1842 5146 sapientiam
1892 5094 2014 5148 pro-

434 5165 630 5234 pheta),
673 5164 942 5233 quomodo
987 5164 1116 5218 dicit
1160 5165 1461 5234 praesentia,
1509 5168 1776 5236 quomodo
1817 5168 2012 5224 futura.

434 5257 718 5315 Praesentia
748 5275 762 5312 :
790 5257 1076 5327 Increpain
1087 5269 1278 5329 gentes,
1309 5269 1355 5312 et
1381 5262 1529 5329 periit
1555 5263 1741 5330 impius
1763 5277 1784 5325 ;
1817 5263 2010 5333 futura,

435 5349 646 5411 Paravit
675 5351 728 5403 in
747 5351 945 5421 judicio
967 5351 1205 5404 thronum
1231 5368 1400 5406 suum.
1429 5352 1497 5406 Et
1525 5354 1632 5424 ipse
1646 5355 1899 5424 judicabit
1923 5375 2012 5412 or-

437 5445 541 5497 bem
566 5453 711 5497 terra:
735 5444 788 5496 in
803 5445 1020 5512 justitia.
1042 5444 1155 5498 Hoc
1181 5454 1357 5498 autem
1381 5445 1504 5500 facit
1529 5487 1544 5511 ,
1574 5457 1630 5500 ut
1655 5450 1744 5518 qui
1776 5450 1877 5504 illis
1906 5466 2010 5506 non

432 5536 658 5592 credunt
688 5551 754 5588 ex
791 5537 1142 5604 praesentibus
1171 5548 1480 5604 argumenta
1516 5539 1796 5608 accipiant.
1827 5541 1915 5597 10.
1944 5541 2012 5595 Et

435 5631 598 5706 (actus
639 5633 712 5676 est
750 5623 1001 5678 Dominus
1035 5627 1284 5695 refugium
1321 5629 1549 5696 pauperi.
1595 5629 1766 5692 Alius,
1804 5629 2007 5695 Attrito,

429 5720 603 5786 Alius,
658 5718 930 5790 Confracta
962 5721 995 5776 ³.
1045 5720 1215 5776 Vocat
1255 5721 1467 5778 assidue
1507 5724 1740 5792 seipsum
1786 5735 1841 5779 ct
1891 5741 2012 5795 pau-

505 5844 519 5872 ¹
563 5818 671 5915 Ἧι)
707 5840 921 5908 Aquila,
971 5843 1244 5906 é‘ttt‘rpi'ttttp.
1294 5842 1652 5905 Symmachus,
1697 5844 2017 5914 τεθλασμένῳ.

1145 369 1201 425 S.
1241 368 1519 424 JOANNIS
1555 365 2030 424 CHRYSOSTOMI
2068 365 2382 424 ARClllEP.
2425 365 2955 426 CONSTANTINOP.

3581 373 3682 433 128

2095 491 2286 550 perem’
2311 491 2363 535 et
2401 481 2724 547 mendicum,
2765 483 2892 538 licet
2930 483 3130 556 regiam
3155 493 3380 542 teneret.
3413 486 3488 541 Ita
3517 490 3677 544 etiam

2096 573 2222 626 alibi
2241 590 2254 625 :
2282 573 2389 643 Ego
2406 584 2570 626 autem
2590 576 2848 628 mendicus
2867 593 2978 629 sum
3001 585 3046 629 et
3065 593 3258 648 pauper
3270 577 3439 649 (Psal.
3461 580 3548 636 59.
3571 581 3681 652 18).

2097 665 2311 718 Sciebat
2352 666 2493 720 enim
2521 709 2536 733 ,
2566 675 2620 721 et
2645 668 2788 722 clare
2828 669 3064 736 sciebat,
3090 672 3266 726 omnia
3297 672 3528 728 humana
3561 690 3681 730 esse

2098 757 2285 810 umbra
2313 757 2695 827 imbecilliora,
2729 769 2780 814 ct
2806 761 2939 815 nihil
2969 778 3088 817 esse
3114 764 3268 820 nobis
3290 767 3486 821 virtute
3513 768 3683 838 magis

2098 850 2369 918 proprium
2400 890 2414 913 ,
2455 849 2660 919 reliqua
2698 860 2874 906 autem
2925 855 3101 908 omnia
3145 871 3265 910 esse
3305 857 3496 912 similia
3543 858 3682 913 loliis

2098 942 2430 995 extrinsecus
2481 942 2762 1011 appositis.
2813 943 2965 1012 Quod
3017 946 3158 1000 enim
3209 947 3378 1003 virtus
3419 949 3488 1003 sit
3531 950 3684 1005 nobis

2101 1031 2332 1101 propria,
2378 1047 2444 1086 ex
2492 1032 2594 1089 hoc
2622 1033 2824 1088 clarum
2869 1046 2968 1089 est.
3002 1035 3348 1108 Quocumque
3397 1042 3684 1096 recesseri-

2099 1139 2238 1189 mus,
2261 1139 2377 1178 eam
2403 1125 2826 1181 eircuu'il‘erimus
2851 1145 2863 1180 :
2893 1127 2979 1181 illa
3006 1137 3183 1182 autem
3215 1145 3319 1184 non
3343 1131 3542 1186 itidem.
3574 1131 3688 1188 Hoc

2101 1226 2184 1270 est
2210 1232 2337 1286 ergo
2378 1217 2535 1271 nobis
2571 1219 2738 1288 magis
2767 1220 3037 1288 proprium
3067 1262 3081 1284 ,
3109 1221 3213 1276 alia
3239 1231 3415 1277 autem
3443 1234 3564 1279 sunt
3599 1241 3686 1279 re-

2102 1309 2347 1362 motiom.
2375 1308 2830 1373 Quemadmodum
2858 1326 2986 1380 ergo
3013 1327 3134 1366 eum
3157 1312 3386 1367 dicimus
3410 1316 3679 1384 proprium

2103 1401 2192 1470 qui
2243 1409 2328 1455 est
2366 1402 2520 1456 nobis
2549 1403 2898 1474 pr0pinquior
2929 1422 2940 1456 :
2985 1404 3052 1458 ita
3085 1405 3244 1460 etiam
3283 1406 3419 1462 hanc
3451 1409 3690 1477 pecuniis

2103 1492 2330 1548 dicimus
2359 1494 2525 1564 magis
2553 1496 2819 1566 propriam
2856 1538 2872 1563 ,
2903 1497 3156 1567 quoniam
3189 1499 3344 1554 nobis
3366 1515 3578 1570 semper
3606 1509 3691 1554 est

2105 1585 2468 1654 propinquior.

2175 1675 2227 1729 5.
2259 1674 2552 1730 Considera
2579 1685 2757 1730 autem
2789 1677 2918 1732 mihi
2951 1678 3066 1747 ejus
3095 1689 3300 1749 gratum
3330 1689 3384 1736 et
3413 1683 3692 1751 sapientia:

2105 1765 2401 1819 studiosum
2446 1767 2704 1820 animum.
2745 1766 2879 1822 Cum
2923 1770 3064 1824 enim
3096 1771 3315 1827 haberet
3344 1780 3397 1827 et
3424 1787 3610 1843 equos,
3638 1782 3693 1828 et

2105 1867 2297 1922 castra,
2329 1867 2383 1912 et
2410 1859 2514 1912 alia
2560 1859 2838 1916 innumera
2856 1903 2869 1926 ,
2898 1861 3004 1916 illis
3029 1863 3278 1918 omnibus
3306 1864 3482 1918 missis
3506 1880 3690 1934 super-

2108 1963 2233 2003 num
2275 1951 2504 2004 accersit
2545 1951 2824 2017 auxilium,
2857 1962 2910 2008 et
2957 1968 3110 2008 suam
3139 1954 3187 2009 ei
3215 1955 3438 2010 salutem
3475 1954 3582 2011 fert
3607 1971 3696 2010 ac-

2107 2050 2334 2110 ceptam.
2376 2041 2494 2096 Non
2525 2044 2667 2098 enim
2695 2045 2827 2098 dixit
2855 2061 2869 2100 z
2914 2045 3152 2100 Fuerunt
3181 2047 3309 2100 mihi
3349 2057 3522 2101 castra
3551 2047 3694 2101 relu-

2108 2133 2250 2201 gium
2281 2149 2476 2196 meum,
2508 2149 2608 2189 nec
2638 2135 2858 2204 pecunia
2888 2177 2902 2200 ,
2935 2151 3034 2191 nec
3059 2139 3196 2191 muri
3221 2155 3237 2194 ;
3269 2137 3386 2204 sed,
3415 2135 3602 2191 Factus
3622 2150 3695 2192 est

2109 2222 2359 2278 Dominus
2382 2225 2634 2296 refugium
2661 2228 2890 2296 pauperi.
2921 2226 3038 2296 Ipse
3062 2243 3146 2282 me
3171 2228 3223 2282 in
3256 2237 3369 2283 tuto
3389 2229 3693 2285 collocavit;

2109 2316 2240 2370 nihil
2265 2317 2408 2371 cnim
2449 2318 2680 2373 conferri
2723 2327 2900 2388 potest
2926 2336 3046 2375 cum
3090 2320 3190 2376 hoc
3215 2319 3438 2392 refugio,
3467 2322 3609 2392 quod
3640 2331 3697 2377 et

2109 2406 2174 2462 ad
2199 2406 2464 2461 facilitatis
2485 2417 2539 2462 et
2560 2410 2860 2464 securitatis
2886 2411 3143 2465 rationem
3163 2410 3371 2466 attinet.
3397 2411 3530 2466 Aliis
3549 2413 3692 2466 enim

2110 2499 2328 2570 refugiis
2374 2508 2597 2570 possunt
2637 2500 2816 2556 all'erri
2859 2501 3085 2568 insidiae,
3143 2518 3245 2559 nec
3288 2515 3506 2574 possunt
3533 2519 3594 2558 ca
3643 2505 3696 2559 in

2111 2602 2358 2662 promptu
2405 2592 2664 2660 inveniri,
2712 2593 2808 2649 sed
2833 2601 2888 2649 et
2917 2603 3176 2664 tempore,
3211 2605 3267 2651 et
3303 2597 3420 2651 loco
3443 2607 3497 2651 et
3535 2596 3693 2651 innu-

2111 2683 2453 2739 merabilibus
2479 2693 2730 2739 arcentur
2755 2686 3168 2742 circumstantiis
3212 2703 3228 2743 :
3263 2687 3364 2743 hoc
3407 2699 3582 2743 autem
3611 2698 3693 2742 ut-

2113 2786 2234 2845 pote
2271 2775 2414 2846 quod
2462 2791 2627 2846 prope
2665 2778 2764 2844 sit,
2794 2777 3061 2845 invenies,
3090 2779 3136 2836 si
3167 2779 3218 2836 id
3255 2781 3537 2852 diligenter
3559 2798 3700 2852 qum-

2113 2868 2289 2922 sieris.
2332 2866 2406 2922 Te
2443 2869 2584 2923 enim
2613 2869 2783 2923 adhuc
2824 2870 3054 2942 loquente
3097 2871 3265 2924 dicam
3296 2888 3314 2925 :
3342 2872 3474 2925 Ecce
3516 2873 3696 2925 adsum

2115 2958 2266 3032 (lsai.
2290 2960 2379 3015 58.
2409 2959 2488 3032 9).
2523 2960 2609 3026 Et,
2640 2961 2778 3015 Deus
2798 2963 3211 3033 appropinquans
3239 2979 3330 3035 ego
3352 2980 3484 3028 sum,
3512 2974 3556 3016 et
3595 2980 3697 3018 non

2111 3052 2249 3108 Deus
2269 3055 2448 3124 procul
2488 3052 2616 3125 (Jer.
2643 3053 2731 3109 25.
2759 3054 2872 3125 25).
2910 3054 3020 3111 Nec
3067 3071 3226 3111 cursu
3257 3073 3405 3127 ergo,
3435 3072 3533 3112 nec
3578 3073 3698 3128 per-

2113 3146 2446 3214 egrinatione
2475 3145 2629 3202 nobis
2654 3161 2788 3217 opus
2811 3157 2911 3214 est,
2932 3148 3025 3203 sed
3050 3149 3134 3203 vel
3161 3148 3304 3204 domi
3326 3148 3572 3205 sedentes
3599 3150 3700 3206 hoc

2114 3253 2394 3307 possumus
2423 3254 2654 3294 evocare
2678 3240 2954 3294 auxilium.
2989 3241 3058 3295 Et
3079 3242 3363 3313 aliquando
3389 3243 3601 3312 quidem
3629 3243 3697 3298 li-

2114 3328 2265 3383 berat
2295 3345 2324 3382 a
2373 3330 2618 3398 periculis
2651 3347 2665 3384 :
2694 3331 2979 3401 aliquando
3019 3342 3194 3388 autem
3232 3349 3326 3388 eos
3352 3334 3496 3403 ipsos
3521 3335 3697 3391 reddit

2115 3423 2422 3490 praeclaros,
2450 3435 2503 3478 et
2529 3425 2854 3492 potentiores
2878 3426 3228 3492 adversariis;
3257 3439 3310 3484 et
3339 3438 3619 3501 utrumque
3645 3432 3697 3483 iu

2115 3522 2354 3582 tempore
2369 3515 2725 3568 convenienti.
2743 3516 2967 3584 Quando
2993 3518 3135 3572 enim
3161 3534 3219 3573 se
3247 3520 3486 3575 modeste
3506 3533 3699 3590 gerunt

2114 3607 2200 3675 qui
2230 3605 2281 3660 id
2304 3615 2661 3676 assequuntur
2684 3649 2699 3673 ,
2732 3607 2826 3662 dat
2864 3617 3166 3680 utrumque.
3211 3610 3304 3665 Sin
3343 3623 3520 3670 autem
3552 3614 3602 3667 in
3629 3629 3699 3668 eo

2117 3710 2220 3750 non
2247 3712 2306 3750 se
2336 3707 2480 3752 recte
2507 3699 2800 3767 gesserint,
2825 3698 2962 3754 intra
2989 3716 3150 3754 unum
3173 3700 3435 3768 subsistit,
3469 3719 3537 3758 ne
3560 3705 3697 3760 alto-

2117 3788 2227 3841 rius
2271 3787 2636 3858 additamento
2689 3790 2847 3846 nimis
2884 3790 3014 3846 ﬁant
3049 3805 3379 3863 arrogantes.
3406 3793 3476 3850 Ut
3516 3804 3697 3851 autem

2116 3880 2255 3934 scias
2283 3879 2333 3934 id
2361 3895 2503 3949 stepe
2530 3881 2583 3934 in
2615 3895 2774 3935 causa
2799 3896 2919 3937 esse
2947 3891 3002 3937 ut
3029 3883 3080 3937 in
3109 3883 3440 3939 insolentiam
3467 3887 3698 3942 ederac-

2119 3980 2202 4024 tur
2224 3971 2492 4036 homines,
2515 3971 2776 4027 Ezechias
2800 3987 2861 4028 ea
2889 3973 2957 4030 de
2981 3989 3140 4030 causa
3162 3975 3331 4031 elatus
3358 3987 3479 4043 est;
3510 3977 3604 4032 sed
3629 3994 3700 4033 ne

2116 4062 2193 4116 sic
2235 4060 2449 4132 quidem
2495 4078 2615 4117 eum
2659 4064 3002 4133 contempsit,
3041 4064 3158 4130 sed,
3186 4066 3434 4136 quoniam
3460 4067 3698 4123 victoriae

2117 4165 2399 4206 successus
2427 4161 2657 4206 mentem
2686 4155 2802 4222 ejus
2826 4155 3094 4209 extulerat
3123 4196 3138 4221 ,
3168 4155 3386 4210 immisit
3415 4157 3696 4212 inﬁrmita-

2118 4253 2224 4299 tem
2253 4286 2265 4310 ,
2297 4260 2414 4313 qua:
2443 4261 2564 4298 eum
2600 4246 2892 4316 corrigeret
2923 4245 3094 4316 (Isai.
3143 4248 3230 4303 59.
3277 4249 3311 4302 9.
3334 4247 3375 4319 ).
3404 4249 3620 4321 Adjutor
3644 4251 3698 4303 in

2118 4335 2595 4407 opportunitatibus,
2625 4338 2676 4390 in
2703 4337 3043 4393 tribulatione.
3070 4340 3206 4407 Quid
3234 4349 3334 4406 est,
3360 4339 3427 4395 In
3448 4351 3697 4412 opportu-

2119 4429 2355 4481 nitatibus
2379 4427 2405 4480 Σ)
2451 4426 2504 4481 In
2545 4437 2818 4498 tempore,
2848 4429 3018 4499 inquit
3039 4471 3051 4494 ,
3079 4441 3396 4500 opportuno.
3427 4433 3698 4502 Dupliccm

2119 4521 2247 4576 dicit
2277 4523 2751 4591 opportunitatem,
2777 4522 2919 4592 quod
2941 4533 2997 4578 et
3027 4522 3162 4578 ferat
3186 4523 3461 4592 auxilium,
3481 4534 3536 4579 et
3555 4525 3698 4595 quod

2120 4611 2173 4665 in
2207 4620 2466 4680 tempore.
2497 4611 2964 4682 Opportunitatcm
2997 4613 3138 4667 enim
3183 4613 3269 4668 hic
3298 4615 3426 4669 dicit
3463 4615 3700 4670 afﬂictio-

2121 4717 2263 4756 nem.
2305 4703 2418 4769 Qua
2469 4701 2538 4758 de
2567 4720 2622 4756 re
2647 4705 2670 4755 ’ἰ
2699 4703 2848 4770 Quod
2880 4709 2948 4758 sit
2978 4715 3148 4760 mater
3175 4705 3545 4775 philosophiae,
3589 4719 3642 4762 et
3666 4725 3697 4762 a

2119 4803 2290 4848 morte
2318 4794 2560 4848 liberabit
2609 4795 2875 4849 hominem
2903 4797 2946 4864 ί,
2975 4811 3038 4851 ac
3067 4796 3303 4851 divinum
3350 4800 3578 4852 maxime
3621 4809 3702 4853 at-

2123 4885 2296 4940 trahat
2323 4886 2596 4941 auxilium.
2625 4886 2775 4940 Tunc
2801 4887 3006 4943 sublata
3032 4899 3114 4943 est
3140 4887 3408 4957 socordia,
3441 4899 3496 4944 et
3523 4889 3703 4945 disso-

2121 4977 2282 5042 lutio;
2319 4986 2447 5031 tunc
2490 4977 2968 5047 supplicationibus
2997 4994 3247 5035 vacamus
3277 4981 3602 5052 diligentius.
3636 4984 3703 5038 Et

2120 5070 2256 5122 sicut
2285 5068 2474 5139 byems
2508 5079 2589 5122 est
2619 5077 2827 5138 tempus
2868 5081 3226 5140 opportunum
3263 5073 3329 5128 ad
3375 5083 3531 5129 terra:
3570 5076 3702 5145 agri-

2121 5161 2383 5214 culturam
2426 5178 2440 5213 :
2473 5159 2542 5214 ita
2576 5161 2736 5215 etiam
2767 5162 2984 5217 afﬂictio
3021 5164 3088 5218 ad
3116 5180 3298 5221 curam
3327 5168 3540 5222 animae.
3573 5168 3702 5237 Ejus

2121 5255 2260 5307 enim
2292 5267 2506 5323 semper
2530 5269 2664 5323 opus
2693 5253 2985 5311 habeamus
3030 5258 3251 5328 auxilio,
3283 5261 3384 5315 etsi
3413 5262 3520 5315 sint
3547 5262 3699 5317 nobis

2121 5361 2207 5399 res
2223 5345 2506 5401 secundm:
2540 5356 2662 5402 tunc
2681 5357 2858 5403 autem
2886 5351 3117 5406 maxime
3141 5353 3400 5409 sentimus
3423 5355 3697 5418 auxilium,

2120 5439 2330 5507 quando
2347 5456 2623 5495 versamur
2647 5441 2700 5496 in
2726 5440 3124 5500 afﬂictionibus.
3152 5445 3392 5517 Adjutor.
3421 5446 3518 5502 Hic
3537 5448 3698 5502 etiam

2119 5530 2318 5598 aliquid
2357 5532 2500 5586 aliud
2539 5532 2890 5603 signiﬁcavit;
2917 5550 3110 5607 nempe
3148 5537 3292 5607 quod
3322 5547 3566 5608 oporteat
3593 5553 3694 5593 nos

2117 5653 2323 5724 59mins
2347 5658 2676 5724 interpretum
2701 5676 2762 5724 ex
2785 5676 2882 5710 uno
2902 5661 3081 5712 Codice
3100 5662 3257 5724 Regio
3273 5664 3480 5713 mutuati
3503 5677 3693 5711 sumus.

2115 5715 2240 5764 Vide
2270 5716 2318 5765 in
2347 5715 2587 5781 Hexa‘plis
2611 5723 2810 5771 nostris.

2185 5788 2198 5815 ι
2237 5787 2370 5856 Illud,
2390 5793 2442 5856 let
2463 5801 2495 5836 a
2516 5794 2665 5856 morte
2687 5788 2906 5856 litteratrit
2929 5789 3182 5851 hominem,
3209 5792 3258 5842 in
3281 5804 3377 5842 uno
3421 5790 3552 5842 Colb.
3581 5789 3701 5856 ἔρως

2122 5855 2215 5897 ttu'.
2241 5848 2330 5899 sed
2354 5849 2430 5900 hic
2450 5851 2686 5916 quadrare
2711 5851 2920 5908 videtur.
