4140 6356
405 412 508 469 127

400 532 497 608 χοῦ
528 532 586 587 δέ
612 529 811 585 δεῖκαὶ
837 529 898 582 τὸ
936 528 1186 600 κείμενον
1218 523 1486 596 δέχεσθαι,
1521 524 1620 608 και
1642 521 1702 574 τὸ
1727 518 1785 584 ἐξ
1815 513 1981 572 αὐτοῦ

1540 389 1908 456 EXPOSITIO
1946 387 2013 443 IN
2065 380 2388 444 PSALMUM
2429 389 2518 449 IX.

3565 392 3664 447 123

2088 515 2426 586 ἐπιτρίπτῳ.
2467 521 2678 584 Ἄλλος,
2718 519 2807 586 Τῷ
2840 516 3240 588 τεθλιισμέι--ῳ,
3275 515 3521 587 Συνεχῶς
3551 520 3670 574 ἐαυ-

397 617 727 690 δηλούμενον
747 633 760 644 ·
802 613 878 676 ὡς
909 612 1024 683 ἔχει
1053 612 1114 665 τὸ
1136 652 1151 675 ς
1195 610 1398 675 Καθὼς
1438 608 1547 661 τὸν
1590 607 1730 675 ὅφιν
1775 604 1986 671 ὕψωσε
2085 610 2176 662 τὸν
2215 612 2308 662 καὶ
2337 612 2545 681 πένητα
2573 613 2665 664 καὶ
2694 611 2907 680 πτωχὸν
2939 610 3113 670 καλεῖ,
3144 609 3321 662 καίτοι
3345 624 3408 677 γε
3432 609 3490 660 ἐν
3523 607 3668 678 βασι-

398 703 682 773 Μωῠσῆς.
710 703 822 756 Καὶ
852 703 960 771 γὰρ
1009 701 1164 753 τοῦτο
1202 699 1284 752 δεῖ
1323 694 1598 750 πιστεύειν
1635 695 1718 748 ὅτι
1768 692 1986 760 ἐγένετο
2085 698 2249 762 λείοις
2281 698 2374 753 ὧν,
2410 699 2567 752 υύτω
2590 702 2682 753 καὶ
2713 699 2944 769 ἀλλαχοῦ
2972 716 2985 729 ·
3031 699 3171 768 Ἐγὼ
3199 698 3268 751 δὲ
3291 699 3526 765 πτωχός
3551 699 3669 766 ειμι

401 790 642 861 (ἐγένετο
670 785 800 858 γὰρ)
826 826 840 847 ,
875 786 971 838 καὶ
997 785 1058 836 τὸ
1091 782 1149 847 ἐξ
1187 781 1375 846 αὐτοῦ,
1402 783 1482 843 εἰς
1519 778 1688 831 τύπον
1716 776 1808 828 τοῦ
1849 773 1951 844 Χρι
1971 802 1982 813 -

401 857 549 927 στοῦ.
580 857 862 924 υῦτωίκαὶ
895 867 1006 940 [99]
1044 865 1276 920 ἐνταῦθα
1302 865 1401 917 οὐκ
1437 862 1502 916 ἄν
1530 879 1614 924 τις
1643 860 1876 930 ἁμάρτοι
1903 857 1983 920 είς

398 958 466 1011 τὰ
516 954 784 1010 Ἰουδαϊκὰ
821 951 1179 1021 ἐκλαμϐάνων
1216 949 1285 1002 τά
1327 945 1611 1018 εἰρημένα.
1662 943 1983 1006 Ἐκιίθισας

399 1043 499 1095 ἐπὶ
533 1042 750 1108 θρόνου
791 1041 823 1092 ό
871 1037 1092 1104 κρίνων
1132 1033 1546 1099 δικαιοσύνην.
1589 1029 1982 1097 Ἐπετίμησας

399 1127 603 1180 ἔθνεσι
624 1168 636 1187 ,
671 1123 770 1176 καί
798 1119 1068 1175 ἀπώλετο
1101 1121 1134 1172 ό
1177 1115 1432 1183 ἀσεϐής·
1477 1115 1544 1168 τὸ
1577 1114 1765 1178 ὄνομα
1794 1108 1979 1165 αὑτοῦ

399 1208 730 1276 ἐξήλειψας
751 1208 838 1270 είς
868 1203 975 1257 τὸν
1003 1200 1188 1256 αἰῶνα
1208 1241 1222 1264 ,
1253 1201 1351 1254 καὶ
1381 1202 1468 1265 εἲς
1497 1199 1607 1251 τὸν
1645 1195 1830 1249 αἰῶνα
1873 1193 1980 1246 τοῦ

401 1293 632 1356 αἰῶνος.
670 1288 780 1344 Τοῦ
807 1286 1022 1355 ἐχθροῦ
1052 1285 1337 1349 ἐξέλιπον
1372 1286 1430 1337 αἱ
1458 1279 1746 1351 ρομςςαῖαι
1780 1281 1867 1344 εὶς
1893 1277 1983 1330 τέ-

400 1380 510 1442 ⁸λος
531 1417 545 1439 ,
577 1375 676 1428 καὶ
701 1375 910 1438 πόλεις
931 1370 1220 1433 καθεῖλες.
1265 1367 1552 1422 Ἀπώλετο
1581 1366 1646 1418 τὸ
1668 1364 1982 1434 μνημόσυ-

400 1479 510 1515 νον
541 1459 726 1514 αὐτοῦ
766 1459 893 1528 μετ’
934 1455 1110 1524 ἤχου.
1155 1455 1229 1508 ’Ἦ
1279 1471 1338 1506 τε
1374 1453 1482 1524 γὰρ
1520 1450 1771 1522 συμφορά
1803 1446 1982 1501 αὐτῶν

401 1546 507 1599 τῶν
536 1545 628 1598 τὸν
662 1541 894 1612 Χριστὸν
923 1537 1348 1609 σταυρωσάντων
1378 1535 1654 1605 πανταχοῦ
1679 1534 1778 1603 τῆς
1803 1534 1980 1586 οἰκου-

407 1631 574 1701 μένης
598 1625 898 1696 κατάδηλος
922 1665 937 1684 ,
969 1624 1029 1676 αἵ
1058 1639 1118 1674 τε
1153 1621 1338 1684 πόλεις
1365 1621 1543 1673 αὐτῶν
1576 1615 1978 1692 καθῃρέθησαν,

401 1699 493 1767 τοῦ
531 1699 592 1765 τε
639 1710 883 1764 διαϐόλου
933 1707 1144 1774 ἐξέλιπε
1187 1707 1256 1758 τὰ
1306 1705 1711 1776 μηχανήματα,
1752 1704 1852 1772 τῆς
1887 1699 1981 1752 τοῦ

402 1797 638 1868 Χριστοῦ
670 1793 994 1866 κηδεμονίας
1023 1791 1093 1843 τὰ
1141 1792 1316 1844 πάντα
1347 1786 1780 1856 καταλαϐούσης.
1822 1782 1984 1868 Ἀλλά

400 1882 573 1936 ταῦτα
620 1881 730 1940 τοῖς
779 1875 1099 1948 φιλομαθέσι
1133 1875 1522 1934 καταλιπόντες
1560 1867 1982 1943 άρμόζειν,τῶν

403 1964 776 2038 προκειμένων
814 1959 1090 2031 ἐχώμεθα.
1130 1959 1490 2026 ἸΙτοίμασεν
1537 1955 1606 2007 ἐν
1641 1953 1837 2022 κρίσει
1877 1952 1983 2004 τὸν

403 2034 617 2118 θρόνον
643 2045 852 2100 αὐτοῦ,
897 2042 1090 2100 ’Λλλος
1112 2081 1126 2103 ,
1157 2039 1455 2107 Ἥδρασεν
1489 2040 1576 2103 εἰς
1614 2039 1832 2106 κρίσιν.
1872 2034 1982 2090 Καὶ
2013 2086 2016 2088 ν

401 2136 582 2199 αὐτὸς
614 2130 807 2200 κρινεῖ
824 2128 940 2196 τὴν
965 2123 1324 2193 οἰκουμένην
1347 2125 1416 2176 ἐν
1443 2123 1828 2189 δικαιοσύνῃ,
1857 2139 1982 2187 κρι-

401 2220 496 2273 νεῖ
518 2217 706 2282 λαοὺς
731 2217 800 2268 ἐν
822 2214 1116 2278 εὐθύτητι.
1135 2205 1289 2272 Εἶδες
1319 2209 1436 2272 πῶς
1467 2207 1608 2261 κατά
1637 2205 1831 2278 μικρὸν
1860 2207 1983 2261 ἀνά·

402 2322 488 2373 γει
515 2304 606 2355 τὸν
635 2301 820 2368 λόγον;
856 2297 1071 2366 Ἐπειδὴ
1101 2294 1208 2365 γάρ
1233 2293 1422 2365 θρόνου
1451 2291 1846 2364 ἐμνημόνευσε,
1872 2291 1982 2345 δεί-

403 2405 557 2443 κνυσι
583 2385 677 2440 τοῦ
706 2385 896 2456 θρόνου
923 2382 1023 2453 τὴν
1057 2379 1237 2450 φύσιν,
1284 2380 1383 2432 οὐκ
1415 2379 1520 2432 ἀπὸ
1555 2377 1724 2442 ξύλων
1759 2393 1980 2446 συγκει-

406 2474 595 2544 μένην,
629 2469 750 2523 οὐδέ
797 2484 943 2530 τινος
973 2466 1104 2536 ὕλης
1129 2507 1144 2532 ,
1184 2464 1300 2519 ἀλλ’
1336 2464 1443 2516 ἀπὸ
1483 2461 1850 2533 δικαιοσύνης.
1893 2461 1982 2515 Ἐν

403 2560 511 2627 γὰρ
569 2559 634 2628 τῇ
684 2551 1036 2626 δικαιοσύνῃ,
1092 2551 1290 2622 φησὶν,
1337 2550 1567 2619 ἵδρυται.
1620 2549 1827 2616 Ιιζοινεῒ
1870 2554 1984 2615 τὴν

404 2642 762 2710 οἰκουμένην
779 2639 850 2692 ἐν
876 2637 1252 2704 δικαιοσύνῃ.
1283 2635 1394 2688 Καὶ
1426 2633 1495 2687 τὰ
1521 2634 1766 2705 παρόντα
1796 2635 1890 2688 καὶ
1913 2633 1985 2686 τὰ

408 2726 669 2796 μέλλοντα
713 2722 1110 2793 προαναφωνεῖ.
1155 2717 1220 2772 Ἦ
1259 2717 1356 2789 μὲν
1386 2717 1494 2790 γὰρ
1534 2719 1762 2772 καθόλου
1803 2718 1984 2788 κρίσις

404 2812 518 2863 ἐκεῖ
547 2807 896 2878 τεταμίευται
921 2822 933 2833 ·
980 2808 1012 2876 ἡ
1065 2805 1121 2858 δὲ
1157 2804 1222 2856 ἐκ
1272 2803 1472 2874 μέρους
1509 2804 1604 2856 καὶ¹
1653 2801 1920 2856 ἐνταῦθα·
1953 2814 1980 2844 ι

405 2894 572 2947 πολλά
621 2893 731 2963 γὰρ
780 2891 874 2946 καὶ
900 2890 996 2944 νῦν
1025 2888 1346 2960 ἐργάζεται,
1378 2885 1518 2941 ὥστε
1551 2887 1626 2959 μὴ
1659 2887 1788 2950 τούς
1823 2887 1982 2940 ἀναι-

404 2979 630 3042 σθήτους
668 2974 978 3048 ἀπρονόητα
1009 2970 1150 3027 εἶναι
1182 2971 1424 3042 νομίζειν
1454 2971 1523 3025 τὰ
1548 2970 1698 3024 ὄντα.
1726 2970 1789 3025 Εἰ
1815 2971 1871 3024 δὲ
1907 2970 1982 3042 μὴ

402 3064 600 3124 πάντες
642 3059 874 3114 ἐνταῦθα
909 3058 1032 3120 τούς
1069 3057 1364 3126 στεφάνους
1391 3055 1837 3125 ἀπολαμϐάνουσι
1861 3096 1876 3117 ,
1907 3055 1982 3126 μὴ

403 3146 706 3218 θαυμάσῃς.
736 3144 1042 3210 Ἡτοίμασε
1063 3141 1173 3211 γὰρ
1200 3140 1444 3208 ἡμέραν,
1477 3140 1545 3192 ἐν
1633 3138 1844 3208 μέλλει
1867 3141 1985 3208 κρί-

400 3247 532 3284 νειν
559 3229 674 3297 τὴν
707 3227 1070 3296 οἰκουμένην
1096 3243 1107 3256 ·
1147 3227 1209 3278 τὸ
1254 3224 1311 3278 δέ
1351 3223 1525 3295 παρὸν
1549 3261 1564 3282 ,
1617 3223 1859 3287 στάδιον,
1892 3222 1983 3274 καὶ

403 3311 552 3382 ἀγὼν
572 3353 586 3375 ,
621 3312 716 3365 καὶ
747 3309 1117 3378 παλαίσματα.
1159 3308 1258 3360 Διά
1304 3308 1367 3377 δὴ
1416 3306 1575 3360 τοῦτο
1597 3308 1657 3360 οὐ
1689 3309 1886 3370 πάντες
1915 3308 1984 3359 τὰ

403 3400 522 3452 κατ’
545 3397 696 3462 ἀξίαν
727 3395 1223 3466 ἀπολαμϐάνουσιν,
1250 3393 1384 3447 ἀλλά
1405 3395 1518 3457 τοῖς
1541 3412 1600 3446 τε
1627 3391 1982 3464 κατορθοῦσιν

404 3486 519 3539 ἐκεῖ
545 3491 896 3552 τεταμιευται
915 3480 984 3533 τὰ
1012 3479 1161 3550 δῶρα
1181 3523 1194 3545 ,
1232 3483 1345 3543 τοῖς
1377 3497 1432 3532 τε
1458 3482 1895 3532 καταπίπτουσιν
1925 3481 1982 3531 αἱ

403 3575 652 3637 κολάσεις
670 3593 683 3606 ·
708 3572 941 3627 ἐνταῦθα
963 3572 1019 3625 δὲ
1046 3571 1210 3642 ἀνοχὴ
1237 3571 1330 3624 καὶ
1356 3570 1702 3641 μακροθυμία
1737 3568 1876 3624 ὥστε
1897 3569 1984 3626 διὰ

406 3660 693 3733 μετανοίας
713 3657 1080 3726 ἀπονίψασθαι
1095 3655 1162 3708 τὰ
1186 3654 1552 3725 ἡμαρτημένα
1569 3672 1581 3684 ·
1610 3654 1725 3708 ἀλλ’
1747 3654 1846 3707 οὐκ
1868 3657 1985 3708 ἐκεῖ

403 3745 580 3800 τοῦτο.
630 3741 785 3797 Ἐπεὶ
834 3742 928 3795 καὶ
961 3740 1300 3811 ἀνδροφόνος,
1331 3739 1436 3802 ἕως
1469 3738 1566 3809 μὲν
1594 3735 1659 3792 ἂν
1762 3741 1819 3792 ἐν
1863 3741 1984 3801 ταῖς

402 3829 558 3892 ὁδοῖς,
619 3826 806 3898 κύριός
840 3828 952 3878 ἐστι
1009 3822 1425 3894 μεταϐαλέσθαι,
1476 3824 1570 3876 καὶ
1606 3822 1982 3893 ἀπαλλαγῆναι

406 3910 702 3974 κολάσεως·
735 3908 954 3962 ἐπειδάν
981 3908 1036 3961 δὲ
1067 3907 1172 3961 ὑπὸ
1205 3907 1303 3977 τὴν
1337 3908 1518 3977 ψῆφον
1543 3907 1684 3960 ἐλθοι
1717 3908 1811 3960 τοῦ
1838 3908 1984 3961 δικα-

405 3995 553 4060 στοῦ,
589 3995 742 4063 ξίφος
779 3993 981 4056 λοιπὸν,
1018 3995 1112 4046 καὶ
1154 3992 1366 4064 δήμιος.
1401 3993 1497 4046 καὶ
1527 3993 1794 4065 βάραθρα.
1827 3992 1984 4048 Οὕτω

405 4080 498 4133 καὶ
528 4077 778 4133 ἐνταῦθα.
813 4079 956 4139 Ἕως
986 4078 1082 4146 μὲν
1106 4077 1171 4130 ἂν
1199 4078 1256 4130 ἐν
1282 4076 1359 4145 τῷ
1395 4073 1495 4147 βίῳ
1525 4075 1698 4148 τούτῳ
1727 4071 1875 4150 ὦμεν
1906 4078 1984 4149 τῷ

405 4166 650 4236 παρόντι,
677 4164 900 4216 δυνατὸν
932 4161 1212 4232 διαφυγεῖν
1253 4162 1352 4230 τὴν
1382 4161 1652 4234 τιμωρίαν
1688 4164 1985 4233 μεταϐαλο-

406 4249 635 4319 μένους·
683 4249 798 4300 ἐκεῖ
845 4247 900 4299 δὲ
948 4245 1290 4309 ἀπελθόντες,
1343 4247 1582 4318 ἀνήνυτα
1635 4247 1982 4318 οίμὼξομεν·

415 4334 729 4400 Ἠτοιμασε
754 4335 864 4398 γὰρ
892 4329 962 4383 ἐν
991 4331 1184 4398 κρίσει
1223 4330 1327 4382 τὸν
1349 4331 1562 4396 θρόνον
1589 4333 1795 4388 αὑτοῦ.
1833 4333 1895 4387 EE
1927 4335 1983 4388 δέ

402 4434 487 4477 τις
517 4418 610 4468 καὶ
641 4414 721 4476 τὸ,
752 4413 1128 4482 Ἠτοίμασεν.
1163 4412 1335 4477 οὕτως
1364 4413 1604 4476 ἐκλάϐοι,
1639 4414 1714 4480 ὡς
1743 4420 1979 4489 εἴρηται,

403 4498 500 4568 οὐχ
534 4498 945 4568 ἁμαρτήσεται·
978 4498 1155 4550 πάντα
1185 4497 1293 4568 γὰρ
1326 4499 1840 4571 παρεσκευασμένα,
1890 4503 1984 4555 καὶ

401 4582 471 4636 τὰ
501 4581 610 4634 τῶν
640 4581 931 4647 κολάσεων,
961 4582 1052 4634 καὶ
1089 4580 1156 4634 τὰ
1186 4581 1292 4634 τῶν
1327 4583 1626 4652 στεφάνων,
1656 4586 1751 4639 καὶ
1783 4586 1851 4640 τά
1882 4589 1983 4655 τῆς

401 4663 602 4737 ψήφου,
635 4664 752 4719 Οὐκ
778 4664 892 4718 ἔστι
927 4663 1202 4735 μέλλησις,
1243 4665 1364 4718 οὐδὲ
1396 4665 1606 4737 χρόνος,
1638 4668 1758 4722 οὐδὲ
1785 4670 1984 4742 βραδύ-

403 4766 500 4820 της
524 4749 674 4820 παρὰ
699 4748 776 4818 τῷ
797 4747 937 4818 Θεῷ,
962 4747 1090 4801 ὅταν
1112 4748 1159 4801 οἱ
1191 4747 1391 4812 ζῶντες
1415 4748 1474 4802 οὐ
1499 4749 1572 4821 μὴ
1595 4751 1837 4820 φθάνωσι
1855 4755 1983 4818 τοὺς

406 4832 787 4902 κοιμηθέντας,
819 4829 1006 4903 ὥσπερ
1033 4833 1062 4884 ὁ
1113 4831 1322 4896 Παῦλος
1357 4832 1523 4901 λέγει,
1568 4835 1650 4888 ὅτι
1692 4837 1880 4906 Ἡμεῖς
1928 4842 1982 4892 οἱ

407 4913 632 4983 ζῶντες,
665 4917 720 4969 οἱ
744 4916 1214 4984 περιλειπόμενοι
1238 4919 1326 4980 εἰς
1359 4915 1474 4985 τὴν
1509 4923 1852 4988 παρουσίαν
1875 4923 1981 4977 τοῦ

405 5000 642 5066 Κυρίου,
667 5001 738 5052 οὐ
768 4999 854 5068 μὴ
891 4997 1213 5067 φθάσωμεν
1241 4999 1381 5065 τοὺς
1413 5003 1820 5072 κοιμηθέντας.
1848 5008 1981 5074 Κρι-

402 5087 500 5139 νεῖ
516 5086 706 5152 λαοὺς
729 5087 799 5138 ἐν
823 5087 1117 5151 εὐθύτητι.
1145 5085 1287 5158 Ὅρα
1317 5086 1509 5156 σοφίαν
1534 5090 1838 5164 Προφήτου,
1864 5095 1981 5159 πῶς

401 5177 547 5245 λέγει
587 5177 656 5230 τὰ
689 5176 949 5247 παρόντα,
990 5175 1106 5241 πῶς
1143 5177 1211 5231 τά
1260 5178 1538 5248 μέλλοντα.
1571 5181 1651 5234 Τά
1692 5184 1938 5254 παρόντα
1962 5202 1977 5216 ·

414 5266 812 5335 Ἐπετίμησας
852 5267 1074 5346 ἔθνεσι,
1115 5267 1212 5320 καί
1241 5268 1513 5323 ἀπώλετο
1551 5274 1585 5324 ό
1624 5273 1851 5342 ἀσεϐής
1870 5291 1884 5306 ·
1912 5275 1980 5328 τὰ

406 5355 698 5426 μέλλοντα·
745 5356 1101 5423 Ἠτοίμασεν
1137 5355 1207 5406 ἐν
1244 5358 1438 5423 κρίσει
1480 5359 1587 5412 τὸν
1618 5363 1834 5428 θρόνον
1872 5364 1979 5417 αὺ-

402 5446 527 5500 τοῦ.
557 5445 883 5512 Καί.αῠτὸς
913 5445 1104 5514 κρινεῖ
1127 5445 1241 5515 τὴν
1267 5448 1626 5518 οἰκουμένην
1653 5451 1722 5505 ἐν
1753 5449 1978 5509 δικαιο-

401 5535 581 5603 σύνῃ.
617 5533 788 5588 Τοῦτο
817 5535 874 5586 δὲ
911 5538 1075 5595 ποιεί,
1125 5537 1212 5590 ἵνα
1255 5536 1304 5588 οί
1349 5537 1578 5603 ἐκείνοις
1625 5541 1981 5605 ἀπιστοῦντες

400 5623 509 5678 ἀπὸ
535 5625 645 5678 τῶν
675 5624 956 5696 παρόντων
998 5624 1203 5678 λάϐωσι
1233 5626 1331 5697 τὴν
1379 5627 1671 5692 ἀπόδειξιν.
1703 5631 1812 5683 Καὶ
1852 5631 1981 5701 ἐγέ-

401 5727 538 5767 νετο
557 5715 774 5781 Κύριος
798 5713 1110 5783 καταφυγὴ
1134 5713 1214 5780 τῷ
1235 5715 1464 5783 πένητι.
1488 5714 1637 5789 [100]
1661 5719 1871 5785 Ἀλλος,
1897 5721 1980 5788 Τῷ

464 5844 494 5876 ⁸
514 5843 596 5896 Sic
635 5843 770 5896 Colb.
796 5851 848 5896 et
880 5845 1030 5895 Savil.
1059 5844 1110 5894 In
1133 5845 1304 5896 Morel.
1333 5852 1498 5898 autem
1525 5847 1629 5899 hac
1651 5851 1823 5902 mutila
1842 5859 1972 5903 sunt.

2083 789 2178 842 καί
2211 789 2400 856 πένης
2425 805 2438 819 ·
2469 789 2583 860 ⁴ᾔδει
2612 791 2740 862 γὰρ,
2773 791 2888 861 ᾔδει
2920 789 3125 857 σαφῶς,
3149 791 3230 842 ὅτι
3257 787 3327 841 τὰ
3353 787 3670 858 ἀνθρώπινα

2084 878 2261 931 πάντα
2286 880 2445 942 σκιᾶς
2477 879 2866 947 ἀδρανέστερα.
2901 877 2995 930 καὶ
3033 879 3114 930 ὅτι
3143 875 3296 930 οὐδὲν
3329 877 3361 946 ἡ
3373 878 3463 946 μίν
3495 875 3670 937 οὕτως

2082 968 2280 1019 οἰκεῖον
2309 966 2384 1029 ὡς
2434 967 2623 1040 ἀρετὴ,
2659 967 2729 1020 τὰ
2755 963 2810 1018 δέ
2853 964 2991 1020 ἄλλα
3025 966 3203 1018 πάντα
3246 963 3463 1032 φύλλοις
3496 963 3670 1015 ἔοικεν

2083 1055 2282 1118 ἔξωθεν
2312 1055 2750 1127 προσκειμένοις.
2772 1056 2893 1108 ’Ὁτι
2929 1056 3038 1125 γὰρ
3057 1053 3224 1124 ἀρετὴ
3258 1055 3477 1115 οἰκεῖον,
3512 1050 3670 1121 δῆλον

2082 1144 2351 1198 ἐντεῦθεν.
2391 1146 2568 1197 ’Ὅπου
2601 1144 2697 1197 ἐὰν
2748 1143 3092 1212 ἀπέλθωμεν,
3130 1140 3332 1210 ταύτην
3377 1139 3672 1211 περιφέρο-

2085 1254 2214 1307 μεν·
2241 1237 2422 1289 ἐκεῖνα
2459 1235 2514 1288 δὲ
2541 1237 2640 1288 οὐκ
2676 1235 2777 1288 ἔτι.
2807 1234 3017 1288 Οὐκοῦν
3047 1232 3205 1285 τοῦτο
3252 1233 3382 1302 ἡμῖν
3411 1230 3670 1282 οἰκειότε-

2085 1339 2198 1396 ρον,
2226 1325 2294 1378 τὰ
2331 1325 2389 1378 δὲ
2427 1322 2563 1378 ἄλλα
2611 1323 2912 1396 πόρρωθεν.
2953 1324 3162 1392 ’Ὠσπερ
3205 1316 3296 1372 οὖν
3348 1320 3545 1371 οἰκεῖον
3582 1316 3672 1370 λέει

2081 1430 2252 1484 γομεν
2279 1413 2368 1466 τὸν
2409 1413 2638 1484 πλησίον
2685 1415 2819 1482 ἡμῖν
2853 1413 3009 1464 δντα·
3047 1409 3188 1463 οὓτω
3215 1409 3280 1478 δὴ
3331 1408 3426 1460 καὶ
3463 1406 3672 1475 ταύτην

2079 1503 2189 1554 τῶν
2217 1503 2514 1572 χρημάτων
2533 1502 2867 1572 οἰκειοτέραν
2894 1500 3189 1570 καλοῦμεν,
3215 1496 3407 1567 ἐπειδὴ
3437 1494 3670 1566 πλησίον

2083 1593 2216 1663 ἡμῖν
2255 1593 2284 1632 ι)
2323 1592 2430 1646 ἀεί.

2153 1757 2210 1810 ε’,
2256 1749 2366 1804 Θέα
2384 1749 2442 1803 δέ
2468 1767 2556 1820 μοι
2571 1747 2734 1802 αὐτοῦ
2759 1747 2853 1800 καὶ
2877 1746 2972 1817 τὴν
2993 1742 3432 1814 εὐγνωμοσύνην,
3457 1739 3551 1793 καὶ
3570 1736 3667 1808 τὴν

2085 1842 2373 1913 φιλόσοφον
2399 1843 2599 1912 ψυχήν.
2648 1842 2757 1894 Καὶ
2795 1841 2901 1911 γὰρ
2937 1839 3135 1899 ἵππους
3173 1836 3331 1905 ἔχων,
3365 1833 3458 1887 καὶ
3498 1847 3668 1902 στρα-

2083 1932 2304 1997 τόπεδα,
2351 1931 2446 1984 καὶ
2499 1931 2665 2002 μυρία
2704 1931 2825 1990 ὅσα,
2878 1928 3054 1980 πάντα
3105 1927 3285 1977 ἐκεῖνα
3342 1923 3523 1991 ἀφεὶς,
3569 1919 3668 1989 τὴν

2083 2019 2289 2076 ἄνωθεν
2345 2021 2642 2073 ἐπισπᾶται
2685 2019 2876 2089 ῥοπὴν,
2924 2016 3018 2068 καὶ
3057 2013 3202 2083 αὐτῷ
3251 2012 3350 2080 τὴν
3395 2007 3668 2080 σωτηρίαν

2083 2112 2415 2184 ἀνατίθησιν.
2465 2113 2540 2166 Οὐ
2580 2111 2688 2182 γὰρ
2719 2103 2892 2171 εἶπεν,
2941 2104 3185 2174 Ἑγένετό
3211 2122 3299 2174 μοι
3332 2099 3672 2174 στρατόπεδα.

2086 2203 2378 2273 καταφυγή
2431 2218 2546 2265 σου,
2609 2197 2730 2253 οὐδέ
2789 2200 3068 2269 χρήματα,
3125 2193 3244 2246 οὐδέ
3294 2190 3482 2260 τείχη·
3531 2187 3668 2250 ἀλλ’,

2095 2293 2365 2363 Ἐγένετο
2404 2291 2619 2360 Κύριος
2649 2285 2961 2357 καταφυγὴ
2990 2285 3069 2350 τῷ
3113 2282 3342 2349 πένητι.
3369 2278 3539 2341 Αὐτός
3579 2293 3668 2347 με,

2083 2383 2268 2452 φησὶν,
2317 2381 2375 2434 ἐν
2425 2378 2696 2450 ἀσφαλείᾳ
2729 2375 3063 2445 κατέστησεν
3085 2387 3098 2401 ·
3144 2371 3295 2423 οὐδὲν
3325 2368 3433 2437 γὰρ
3464 2365 3669 2432 ταύτης

2084 2473 2198 2526 ἴσον
2229 2471 2328 2540 τῆς
2356 2469 2701 2538 καταφυγῆς,
2733 2468 2828 2520 καὶ
2864 2466 2944 2527 εἰς
2973 2459 3220 2522 εὐκολίας
3248 2459 3340 2512 καὶ
3369 2453 3670 2523 ἀσφαλείας

2081 2558 2259 2628 λόγον.
2295 2558 2407 2621 Τάς
2455 2555 2552 2628 μὲν
2601 2555 2708 2626 γὰρ
2752 2554 2917 2616 ἄλλας
2951 2548 3275 2618 καταφυγάς
3306 2546 3400 2599 καὶ
3450 2541 3671 2596 ἐπιδούς-

2082 2646 2333 2700 λεύεσθαι
2367 2645 2464 2706 ἔνι,
2497 2645 2590 2697 καὶ
2616 2642 2831 2714 ταχέως
2862 2639 3043 2711 εὑρεῖν
3075 2638 3175 2691 οὐκ
3203 2637 3282 2688 ἔνι
3320 2635 3414 2688 καὶ
3443 2632 3502 2695 ἐξ
3530 2631 3668 2684 ἐτοί-

2086 2753 2208 2808 μου,
2238 2735 2376 2790 ἀλλά
2397 2735 2491 2789 καὶ
2516 2734 2692 2806 χρόνῳ
2713 2733 2806 2786 καὶ
2829 2730 2978 2800 τόπῳ
3007 2728 3102 2782 καὶ
3129 2727 3347 2798 μυρίαις
3371 2721 3667 2777 κωλύονται

2082 2828 2437 2900 περιστάσεσι
2462 2843 2477 2859 ·
2499 2826 2704 2894 ταύτην
2724 2825 2780 2878 δὲ
2810 2822 3036 2890 πλησίον
3062 2816 3226 2873 οὖσαν
3256 2815 3549 2884 εὑρίσκεις,
3573 2811 3670 2879 μό-

2083 2935 2172 2971 νον
2202 2917 2297 2971 ἐάν
2335 2915 2473 2988 μετά
2514 2914 2802 2984 ἀκριϐείας
2837 2910 3190 2980 ἐπιζητὴσῃς.
3233 2910 3362 2960 Ἔτι
3401 2905 3510 2972 γὰρ
3557 2906 3667 2955 Ja—

2081 3008 2340 3072 λοῦντός
2372 3022 2488 3059 σου
2518 3003 2649 3073 ἐρῶ,
2690 3001 2844 3058 Ἰδοὺ
2868 3001 3122 3069 πάρειμι.
3170 2998 3298 3058 Καὶ,
3333 2997 3477 3058 Θεὸς
3515 2991 3665 3060 ἐγγί-

2083 3093 2195 3154 ζων
2219 3093 2334 3160 ἐγώ
2383 3077 2522 3160 εἰμι,
2569 3089 2666 3144 καί
2712 3092 2782 3142 οὐ
2824 3088 2968 3152 Θεὸς
3012 3085 3334 3153 πόρρωθεν.
3369 3081 3442 3133 (ὶύ
3491 3080 3668 3132 τοίνυν

2083 3182 2166 3234 δεῖ
2201 3181 2404 3251 δρόμου
2455 3180 2609 3250 ἡμῖν,
2659 3177 2778 3231 οὐδέ
2825 3175 3156 3246 ἀποδημίας,
3208 3171 3342 3226 ἀλλὰ
3390 3169 3483 3223 καὶ
3529 3167 3669 3221 οἴκοι

2084 3270 2426 3343 καθημένους
2459 3268 2663 3339 ταύτην
2701 3265 3036 3320 ἐπισπᾶσθαι
3073 3262 3170 3333 τὴν
3198 3256 3519 3330 καταφυγὴν
3567 3257 3666 3310 ἔνι.

2082 3362 2192 3415 Καὶ
2224 3359 2352 3413 ποτέ
2387 3358 2484 3430 μὲν
2513 3357 2720 3428 ἐξαιρεῖ
2752 3356 2862 3409 τῶν
2887 3352 3144 3409 κινδύνων
3163 3369 3176 3384 ·
3207 3351 3336 3404 ποτέ
3361 3347 3417 3402 δέ
3459 3347 3550 3400 καὶ
3575 3347 3672 3398 αὐ-

2081 3451 2208 3514 τοὺς
2237 3448 2383 3502 ποιεῖ
2412 3446 2848 3518 λαμπροτέρους,
2877 3444 2970 3497 καὶ
3001 3441 3108 3496 τῶν
3139 3438 3348 3510 ἐχθρῶν
3368 3435 3670 3491 δυνατωτέ-

2085 3554 2232 3610 ρους,
2264 3537 2359 3591 καὶ
2395 3537 2682 3606 ἀμφότερα
2703 3537 2762 3588 ἐν
2799 3531 2975 3604 καιρῷ
3008 3529 3086 3600 τῷ
3113 3529 3466 3599 προσήκοντι.
3494 3525 3669 3577 Ὅταν

2083 3625 2192 3698 γάρ
2230 3623 2596 3697 μετριάζωσιν
2623 3623 2672 3676 οἱ
2699 3619 3083 3681 ἀπολαύοντες,
3118 3616 3406 3687 ἀμφότερα
3432 3613 3666 3666 δίδωσιν.

2083 3714 2146 3767 Εἰ
2174 3713 2229 3768 δέ
2266 3714 2338 3784 μὴ
2372 3713 2575 3784 σφόδρα
2610 3711 2769 3765 τοῦτο
2806 3711 2976 3780 ἔχοιεν
3007 3707 3066 3760 τὸ
3104 3704 3451 3776 κατόρθωμα,
3508 3701 3671 3771 μέχρι

2086 3801 2181 3854 τοῦ
2210 3802 2328 3863 ἐνὸς
2353 3803 2585 3864 ἵσταται,
2608 3799 2746 3852 ὥστε
2782 3799 2854 3868 μὴ
2878 3797 2944 3866 τῇ
2977 3795 3263 3867 προσθήκῃ
3291 3791 3386 3845 τοῦ
3413 3789 3670 3858 δευτέρου

2085 3894 2164 3955 εἰς
2194 3890 2452 3944 ἀπόνοιαν
2480 3889 2676 3951 αὐτοὺς
2703 3887 2892 3940 ἐλθεῖν.
2922 3886 3040 3937 Ἵνα
3074 3884 3129 3935 δέ
3163 3881 3339 3952 μάθῃς
3363 3881 3444 3932 ὅτι
3480 3877 3670 3930 πολλά-

2085 3998 2172 4042 κις
2202 3979 2359 4032 τοῦτο
2415 3979 2496 4038 είς
2552 3977 2808 4030 ἀπόνοιαν
2847 3975 3010 4044 αἴρει.
3047 3973 3074 4024 ὁ
3116 3969 3363 4034 Ἑζεκίας
3416 3964 3669 4018 ἐντεῦθεν

2084 4067 2296 4139 ἐπήρθη
2318 4084 2333 4099 ·
2368 4067 2481 4120 ἀλλ’
2510 4067 2660 4136 ὅμως
2692 4061 2810 4118 οὐδέ
2851 4062 3022 4124 οὕτως
3053 4057 3213 4113 αὐτὸν
3251 4054 3522 4126 παρεῖδεν,
3552 4049 3667 4104 ἀλλ’

2085 4157 2272 4229 ἐπειδὴ
2303 4159 2336 4228 ἡ
2373 4157 2468 4227 τῆς
2495 4155 2653 4228 νίκης
2695 4153 2966 4225 εὐημερία
3001 4151 3200 4221 ἐπῆρεν
3234 4145 3398 4201 αὐτοῦ
3425 4143 3522 4214 τὴν
3549 4141 3668 4195 διάέ

2086 4267 2255 4316 νοιαν,
2289 4249 2385 4320 τὴν
2412 4248 2519 4304 ἀπὸ
2554 4248 2655 4318 τῆς
2682 4244 2991 4318 ἀρρωστίας
3037 4239 3186 4309 αὐτῷ
3238 4236 3522 4308 διόρθωσιν
3573 4235 3669 4286 ἐπ-

2087 4344 2277 4412 ήγαγε·
2303 4340 2524 4407 Βοηθός
2543 4338 2614 4392 ἐν
2640 4335 2983 4405 εὐκαιρίαις,
3017 4331 3087 4384 ἐν
3114 4330 3380 4396 θλίψεσι.
3408 4325 3473 4376 Τί
3500 4327 3666 4382 ἐστιν,

2100 4432 2196 4482 Ἐν
2247 4431 2612 4495 simam/atq;
2665 4427 2758 4488 Εἰς
2813 4420 3024 4492 καιρὸν,
3085 4418 3283 4488 φησὶν,
3342 4412 3665 4479 ἐπικαίρως.

2085 4517 2290 4586 Διπλῆν
2316 4515 2465 4582 λέγει
2496 4514 2594 4584 τὴν
2621 4509 2927 4581 εὐκαιρίαν,
2968 4509 3048 4561 ὅτι
3080 4506 3173 4558 καὶ
3216 4500 3416 4574 βοηθεῖ,
3462 4501 3556 4554 καὶ
3586 4501 3667 4553 ὅτι

2086 4609 2166 4668 εἰς
2195 4603 2409 4676 καιρόν.
2437 4601 2735 4670 Εὐκαιρίαν
2764 4597 2871 4669 γὰρ
2902 4595 3134 4650 ἐνταῦθα
3165 4594 3262 4664 τὴν
3291 4591 3467 4657 θλίψιν
3494 4589 3664 4656 λέγει.

2085 4695 2150 4747 Τί
2171 4695 2404 4762 δήποτες
2441 4691 2565 4742 Ὅτι
2597 4686 2913 4756 φιλοσοφίας
2944 4685 3128 4756 μήτηρ
3151 4681 3290 4738 ἐστὶ.
3325 4681 3419 4733 καὶ
3447 4678 3538 4731 τοῦ
3568 4678 3667 4730 θα-

2084 4781 2242 4836 νάτου
2268 4778 2530 4844 ἐξελείται
2549 4774 2641 4828 τὸν
2663 4773 2967 4845 ἄνθρωπον,
2987 4772 3077 4826 καὶ
3101 4769 3195 4823 τοῦ
3215 4768 3349 4822 Θεοῦ
3377 4779 3398 4807 ο
3433 4767 3667 4838 μάλιστα

2084 4869 2383 4924 ἐπισπᾶται
2422 4865 2518 4934 τὴν
2565 4865 2755 4935 ῥοπήν.
2795 4862 2928 4914 Τότε
2970 4859 3213 4931 ῥᾳθυμία
3245 4854 3533 4928 ἀνῄρηται,
3572 4853 3667 4908 καὶ

2084 4961 2358 5029 διάχυσις·
2387 4955 2507 5009 τότε
2541 4950 2947 5021 σπουδαιότεροι
2981 4950 3111 5020 περὶ
3145 4946 3244 5011 τὰς
3282 4944 3561 5016 ἱκετηρίας
3583 4960 3668 5004 γι-

2085 5049 2307 5119 νόμεθα.
2362 5046 2472 5100 Καὶ
2510 5043 2760 5114 καθάπερ
2807 5043 2835 5095 ὁ
2872 5037 3079 5111 χειμὼν
3126 5037 3431 5107 ἐπιτήδειος
3478 5031 3668 5102 καιρὸς

2088 5138 2222 5208 πρὶς
2250 5130 2523 5206 γεωργίαν
2555 5132 2671 5185 ἐστὶ
2712 5131 2810 5202 τῆς
2856 5130 2992 5200 γῆς·
3027 5125 3176 5197 [101]
3209 5124 3381 5186 οὕτως
3488 5119 3668 5208 θλίψις

2086 5204 2222 5296 πρὸς
2261 5204 2581 5294 ἐπιμέλειαν
2629 5221 2726 5291 τῆς
2753 5218 2952 5290 ψυχῆς.
2997 5216 3109 5268 Ἀεὶ⁷
3157 5215 3255 5285 μὲν
3286 5215 3396 5283 γὰρ
3432 5204 3666 5278 δεόμεθα

2086 5313 2250 5367 αὐτοῦ
2279 5312 2377 5378 τῆς
2431 5307 2700 5380 βοηθείας,
2731 5308 2823 5360 καὶ
2868 5308 2926 5359 ἐν
2963 5303 3281 5375 εὐημερίαις
3315 5301 3493 5362 ὅντες·
3542 5297 3665 5350 τότε

2083 5403 2138 5456 δὲ
2164 5404 2418 5472 μάλιστα,
2444 5401 2572 5454 ὅταν
2592 5401 2648 5451 ἐν
2672 5397 2912 5466 θλίψεσιν
2929 5390 3099 5467 ὦμεν.
3121 5393 3368 5459 Βοηθός.
3400 5388 3664 5444 Ἐνταῦθα

2085 5495 2178 5549 καὶ
2219 5492 2402 5565 ἕτερόν
2446 5511 2497 5545 τι
2543 5490 2792 5562 ᾐνίξατο·
2833 5489 2914 5542 ὅτι
2962 5488 3043 5541 δεῖ
3093 5487 3185 5539 καὶ
3217 5484 3362 5554 ἡμᾶς
3408 5481 3666 5552 ἐνεργούς

2144 5678 2171 5706 ο
2196 5662 2280 5713 Sic
2300 5662 2436 5713 Colb.
2451 5660 2518 5711 At
2539 5659 2661 5708 editi
2676 5661 2830 5721 ἡμῶν.

2147 5730 2169 5759 ε
2192 5725 2327 5776 Colb.
2358 5726 2511 5786 μήτηρ
2545 5724 2663 5786 ἐστὶ,
2687 5715 2767 5770 κἀὶ
2805 5719 3015 5786 θανάτου
3037 5715 3378 5786 ἐξελεῖται-τὸν
3401 5715 3664 5786 ἀνθραῃων,

2082 5787 2268 5838 καὶτοῦ
2295 5776 2436 5834 Θεόῦ.
2473 5776 2616 5834 Πιυα.
2653 5776 2737 5832 καὶ
2776 5783 2861 5832 τοῦ
2906 5785 3105 5831 θανάτου
3145 5778 3364 5834 ἐξελεῖτιιι
3387 5779 3468 5826 τὸν
3485 5776 3665 5840 ἄνθρωα

2082 5868 2190 5909 πον,
2215 5851 2357 5900 deest
2379 5850 2428 5896 in
2449 5849 2657 5898 caeteris.
