4090 6346
445 349 546 406 1Ξ9

447 461 605 521 εἶναι.
648 466 707 519 '0
730 464 839 536 γὰρ
861 460 1068 533 βοηθῶν
1089 460 1168 532 τῷ
1193 457 1542 530 ἐργαζομένῳ
1572 455 1771 527 βοηθεῖ.
1801 454 1876 508 οὐ
1899 454 2008 506 τοί-

447 574 543 612 νυν
587 558 734 627 ἡμᾶς
786 554 1233 609 ἀναπεπτωκέναι
1264 552 1366 619 δεῖ,
1407 551 1545 605 ἀλλά
1586 549 1682 603 καί
1733 544 2012 617 ἱκετηρίαν

448 645 741 717 είσφέρειν,
783 645 879 698 καὶ.
928 641 1317 713 ἐλεημοσύνας,
1375 640 1467 693 καὶ
1508 636 1577 692 τά
1629 635 1757 707 παρ’
1805 632 2013 688 ἑαυτῶν

446 739 679 795 ἅπαντα.
720 738 872 793 Ἐπεὶ
896 738 990 792 καί¹
1016 737 1296 808 σύμμαχοι
1323 737 1435 799 τοῖς
1468 730 1762 803 πολεμοῦσι
1792 726 2013 799 βοηθοῦ-

449 850 555 899 σιν,
580 832 705 902 οὐχὶ
742 833 853 896 τοῖς
878 829 1298 885 ἀναπεπτωκὼι
1320 830 1415 882 καὶ
1442 825 1722 898 ἀργοῦσιν.
1748 824 1813 877 El
1834 821 2014 876 τοίνυν

447 923 626 993 βούλει
656 924 755 994 τῆς
776 923 868 976 τοῦ
891 920 1026 976 Θεοῦ
1056 921 1371 992 συμμαχίας
1401 917 1715 980 ἀπολαύειν,
1747 915 2012 987 μηδέποτε

448 1014 516 1069 :6
538 1013 687 1084 παρά
713 1013 937 1067 σεαυτοῦ
965 1013 1191 1085 προδῷς.
1217 1011 1372 1065 υύτω
1393 1011 1488 1065 καὶ
1513 1012 1542 1064 6
1571 1007 1693 1063 Ἰὼϐ
1718 1006 2011 1078 ἐϐοηθεῖτο,

448 1106 616 1171 ἑστὼς
645 1107 740 1160 καί
792 1104 1237 1177 παγκρατιάζων.
1281 1103 1436 1158 Οὕτω
1484 1103 1578 1156 καὶ
1624 1102 1673 1155 οί
1707 1099 2013 1164 ἀπόστολοι,

448 1200 658 1270 ἐνεργοὶ
685 1199 855 1261 ὄντες.
883 1198 994 1252 Kal
1038 1196 1465 1252 ἐλπισὰτωσαν
1508 1194 1608 1249 ἐπὶ
1639 1193 1713 1247 σὲ
1749 1197 1803 1248 οἱ
1845 1195 2016 1263 γινώ-

447 1303 701 1356 σκοντες
727 1290 792 1343 τὸ
820 1287 1007 1358 ὄνομὰ
1042 1302 1181 1342 σου.
1216 1288 1422 1351 Ἀλλος,
1457 1287 1566 1342 Kal
1616 1284 2017 1352 πεποιθήσουο

448 1394 571 1434 σιν.
599 1380 844 1451 Συνεχῶς
863 1380 1022 1433 τοῦτο
1047 1382 1194 1433 ποιεῖ
1216 1382 1245 1433 ὀ
1268 1380 1577 1450 Προφήτης,
1609 1378 1718 1431 ἀπὸ
1745 1377 1910 1448 εὐχῆς
1938 1379 2018 1440 είς

450 1473 768 1543 παραίνεσιν
803 1473 1019 1544 τρέπων
1050 1473 1141 1526 τὸν
1182 1472 1356 1540 λόγον,
1390 1472 1565 1536 κοινὸς
1595 1471 1909 1535 διδάσκαλος
1942 1471 2017 1525 ῶν

449 1564 546 1636 τῆς
578 1565 922 1637 οἰκουμένης,
958 1568 1166 1621 καὶτὸν
1187 1566 1461 1637 θησαυρὸν
1494 1567 1573 1628 είς
1605 1565 1668 1618 :6
1701 1563 1867 1636 μέσον
1885 1580 2019 1634 προ-

450 1658 613 1722 τιθεὶς
645 1658 743 1729 τῆς
774 1659 1109 1729 φιλοσοφίας.
1139 1658 1336 1722 Καλῶς
1358 1654 1533 1720 εἶπεν,
1566 1657 2018 1711 Ἐλπισιίτωσαν

449 1751 503 1803 οι
531 1749 927 1820 γινώσκοντες
973 1750 1040 1804 τὸ
1063 1750 1250 1820 ὄνομά
1288 1768 1423 1804 σου.
1455 1750 1519 1802 Ol
1541 1749 1649 1820 γὰρ
1694 1750 1892 1814 είδότες
1934 1767 2014 1812 σε,

451 1842 603 1910 φησὶ,
626 1842 721 1895 καὶ
739 1841 838 1913 τὴν
865 1842 1147 1913 ἀντίληψιν
1166 1859 1280 1907 σου,
1300 1843 1394 1895 καὶ
1422 1841 1519 1913 τὴν
1542 1841 1876 1913 συμμαχίαν,
1901 1845 2018 1895 ἱκα-

449 1928 544 2001 νὴν
572 1929 816 2003 ἄγκυραν
857 1930 1044 2001 ἔχουσι
1080 1932 1179 2001 τὴν
1219 1933 1408 1987 ἐλπίδα
1444 1933 1539 2005 τὴν
1582 1934 1676 1987 ἐπὶ
1716 1935 1796 1999 σὲ,
1831 1935 2017 2007 ίκανὴν

451 2023 783 2093 συμμαχίαν,
816 2024 911 2077 καὶ
950 2024 1159 2094 πύργον
1193 2024 1431 2096 ἀρραγῆ,
1467 2025 1527 2079 οὐ
1559 2024 1657 2095 τὴν
1682 2024 1834 2078 λύσιν
1859 2026 2016 2097 μόνον

450 2115 919 2185 ἐπαγγελλόμενον
958 2115 1066 2169 τῶν
1093 2114 1303 2179 δεινῶν,
1337 2116 1452 2170 ἀλλ’
1483 2116 1604 2170 οὐδὲ
1634 2116 1869 2187 παροῦσι
1907 2120 2018 2181 τοῖς

448 2207 638 2271 δεινοῖς
656 2208 997 2279 θορυϐεῖσθαι
1022 2209 1419 2281 συγχωροῦντα.
1456 2209 1518 2263 '0
1541 2209 1651 2280 γὰρ
1678 2210 1787 2265 τῶν
1809 2210 2019 2281 ἀνθρω-

450 2297 621 2350 πίνων
650 2298 1087 2369 ἀπηλλαγμένος,
1113 2300 1206 2352 καὶ
1227 2299 1328 2370 τῆς
1359 2300 1562 2356 ἄνωθεν
1589 2300 1801 2365 ἐλπίδος
1826 2302 2017 2356 ἐαυτὸν

451 2388 730 2460 ἀπαρτῶν,
762 2391 823 2443 οὐ
859 2391 1016 2461 μόνον
1060 2391 1317 2463 ταχίστην
1354 2391 1618 2460 ἐπάγεται
1648 2392 1746 2464 τὴν
1771 2393 2015 2448 ἀπαλλαο

451 2479 553 2552 γὴν
584 2480 692 2535 τῶν
720 2481 926 2548 δεινῶν,
947 2483 1044 2536 ἀλλ
1073 2482 1180 2537 οὐδ’
1211 2486 1269 2537 ἐν
1304 2484 1484 2548 αὐτοῖς
1512 2486 1625 2547 τοῖς
1650 2485 1841 2550 δεινοῖς
1861 2485 2018 2554 θορυ-

452 2573 624 2627 ϐεῖται
649 2574 743 2627 καὶ
768 2575 1113 2644 ταράττεται,
1139 2578 1203 2646 τῇ
1225 2575 1396 2629 ἐλπίδι
1420 2577 1516 2647 τῆς
1537 2576 1781 2649 ἀγκύρας
1801 2578 2018 2649 ἐκείνης

454 2663 829 2735 βοηθούμενος.
866 2664 1021 2718 Οὕτω
1045 2665 1172 2733 γοῦν
1194 2668 1289 2719 καὶ
1316 2667 1363 2719 οί
1389 2669 1540 2738 τρεῖς
1566 2668 1753 2731 παῖδες
1771 2669 1831 2721 οὐ
1857 2668 2017 2739 μόνον

453 2756 854 2826 ἀπηλλάττοντο
880 2760 978 2829 τῆς
1016 2759 1268 2827 καμίνου,
1315 2759 1428 2812 ἀλλ’
1458 2759 1578 2813 οὐδὲ
1609 2761 1666 2813 ἐν
1708 2763 1774 2830 τῇ
1804 2760 2018 2833 καμίνῳ

452 2845 817 2917 διατρίϐοντες
862 2847 1233 2918 ἐθορυϐοῦντο.
1288 2848 1542 2921 ᾜδεισαν
1582 2850 1690 2921 γὰρ
1735 2850 1833 2922 τὴν
1867 2852 2018 2923 παρά

456 2935 545 2988 τοῦ
574 2936 707 2990 Θεοῦ
743 2938 1077 3009 συμμαχίαν.
1106 2939 1205 2993 Διά
1234 2956 1314 2994 τοι
1344 2939 1501 2993 τοῦτο
1531 2941 1625 2995 καὶ
1652 2941 1837 3012 ἕτερός
1854 2959 2013 3013 (mar

455 3029 562 3082 Kal
589 3030 1044 3098 πεποιθήσουσι,
1064 3032 1183 3085 ἀντί
1201 3031 1318 3096 τοῦ,
1342 3031 1695 3105 θαρρήσουσι.
1712 3034 1896 3106 Πολλῷ
1908 3035 2016 3105 γὰρ

456 3118 655 3187 μείζων
685 3121 783 3192 τῆς
815 3122 987 3193 ἀρχῆς
1021 3135 1046 3164 ι
1081 3122 1179 3194 τῆς
1209 3124 1316 3178 61:6
1352 3124 1460 3179 τῶν
1491 3124 1732 3198 θορύϐων
1762 3128 1795 3198 ὴ
1837 3127 2015 3197 ἀσφά-

454 3221 572 3267 λεια
604 3214 637 3284 ὴ
667 3213 774 3267 ἀπὸ
796 3213 895 3283 τῆς
929 3215 1139 3279 ἐλπίδος
1162 3216 1263 3285 τῆς
1288 3219 1366 3280 είς
1387 3217 1478 3273 τὸν
1501 3217 1651 3273 Θεόν.
1687 3218 1769 3273 T6
1794 3219 1891 3290 μέν
1910 3220 2017 3293 γὰρ

451 3302 785 3375 ἀνθρώπινα,
816 3305 847 3375 ἡ
877 3306 932 3358 δὲ
962 3304 1079 3359 Θεία
1112 3308 1206 3360 καὶ
1229 3306 1460 3379 ἄμαχος.
1496 3309 1713 3382 Ἐπειδὴ
1746 3308 1917 3379 εἶπεν,
1936 3312 2017 3365 ὅτι

458 3395 673 3463 ἐγένετο
713 3395 921 3465 βοηθὸς,
953 3397 1035 3450 ὅτι
1073 3397 1287 3465 ἐγένετο
1319 3399 1631 3472 καταφυγὴ,
1658 3401 1897 3456 δείκνυσι
1925 3403 2019 3457 καὶ

458 3488 572 3551 πῶς
600 3486 826 3555 γίνεται.
860 3489 983 3553 Πῶς
1027 3485 1120 3543 οὖν
1170 3491 1409 3559 γίνεται;
1444 3491 1611 3547 Ὅταν
1658 3494 1905 3566 μένωμεν
1941 3496 2020 3549 δι-

457 3580 667 3653 ηνεκῶς
693 3583 771 3643 είς
799 3582 960 3636 αὐτὸν
998 3582 1327 3646 ἐλπίζοντες.
1363 3584 1425 3638 El
1455 3585 1513 3638 δέ
1558 3585 1633 3657 μὴ
1673 3586 1873 3651 εὐθέως
1904 3588 2020 3642 λύει

457 3673 526 3726 :6
561 3672 729 3733 δεινά.
765 3674 1042 3728 καὶτοῦτο
1073 3675 1214 3746 ὑπὲρ
1257 3675 1355 3744 τῆς
1394 3677 1495 3746 σῆς
1521 3678 1730 3746 γίνεται
1773 3679 2019 3752 δοκιμῆς.

460 3764 669 3834 ’ωσπερ
689 3763 797 3835 γὰρ
821 3763 1113 3837 δυνάμενος
1142 3767 1215 3839 μὴ
1242 3769 1459 3837 ἀφεῖναι
1489 3768 1754 3835 ἐπελθεῖν,
1776 3771 2020 3842 ἀφίησιν,

459 3854 545 3907 ἵνα
580 3856 929 3927 στερρότερον
962 3857 1291 3929 ἐργάζηται·
1324 3859 1466 3913 οὔτω
1497 3862 1590 3915 καὶ
1627 3861 1917 3932 δυνάμενος
1960 3864 2024 3916 ἐκ

460 3946 757 4017 προοιμίων
777 3947 956 4010 λῦσαι,
982 3948 1163 4018 μέλλει
1196 3949 1290 4004 καί
1312 3951 1672 4006 ἀναϐάλλεται
1703 3953 1882 4018 πάλιν,
1906 3956 2025 4008 ἐπι·

457 4040 646 4094 τείνων
680 4055 770 4091 σου
799 4039 896 4111 τὴν
920 4041 1182 4105 εὐτονίαν,
1229 4042 1324 4097 καὶ
1364 4042 1462 4114 τὴν
1496 4044 1683 4098 ἐλπίδα
1711 4044 2021 4116 γυμνάζων,

460 4136 553 4187 καὶ
583 4135 680 4206 τὴν
730 4136 865 4206 πρὸς
899 4134 1060 4188 αὐτὸν
1099 4134 1336 4189 διάθεσιν
1383 4136 1801 4206 σπουδαιοτέραν
1834 4137 2022 4200 ποιῶν,

460 4226 554 4280 καί
580 4224 702 4280 οὐτε
731 4228 818 4281 ἀεὶ
846 4226 1123 4280 θλίϐεσθαι
1158 4230 1447 4298 συγχωρεῖ,
1480 4229 1567 4281 ἵνα
1610 4228 1683 4299 μὴ
1727 4229 2024 4299 ἀποκάμω-

465 4333 583 4387 μεν,
614 4316 735 4371 οὐτε
757 4319 843 4373 ἀεὶ
860 4319 1127 4384 ἀνίεσθαι,
1147 4320 1232 4373 ἵνα
1261 4320 1336 4392 μὴ
1364 4321 1742 4392 ἀναπέσωμεν.
1761 4321 1891 4375 Ὀτι
1914 4324 2026 4375 οὐκ

460 4409 839 4479 ἐγκατέλιπες
868 4411 1010 4477 τοὺς
1041 4411 1432 4480 ἐκζητοῦντάς
1462 4427 1557 4479 σε,
1582 4415 1776 4481 Κύριε.
1813 4412 2025 4475 Ἄλλος,

464 4504 548 4556 Οὐ
568 4502 678 4570 γὰρ
692 4502 1091 4571 ἐγκατέλιπες.
1112 4503 1268 4557 Οῦτω
1284 4506 1376 4557 καὶ
1388 4503 1571 4575 ἕτερός
1592 4520 1774 4575 φησιν,
1805 4504 2029 4572 Ἐμϐλέ-

461 4595 615 4661 ¹φατε
631 4595 717 4657 είς
734 4593 986 4662 ἀρχαίας
1005 4594 1215 4664 γενεὰς
1234 4595 1331 4648 καί
1353 4595 1527 4659 ῑδετε,
1545 4596 1635 4659 τίς
1655 4594 1919 4663 ἤλπισεν
1930 4594 2031 4648 ἐπὶ

462 4686 701 4753 Κύριον,
724 4685 821 4739 καὶ
843 4686 1232 4755 κατῃσχύνθη
1253 4703 1272 4751 ;
1297 4686 1335 4754 ἢ
1360 4686 1451 4752 τίς
1482 4686 1891 4741 ἐπεκαλέσατο
1922 4688 2029 4741 αὑ-

466 4778 587 4841 τὸν,
620 4776 713 4831 καί
761 4777 1149 4847 ἐγκατέλιπεν
1182 4778 1398 4839 αὑτόν;
1437 4778 1547 4831 Kal
1581 4778 1697 4839 πῶς
1730 4778 1967 4846 ζητεῖται
2006 4778 2033 4831 6

463 4867 613 4931 Θεὸς,
632 4865 784 4939 [102]
823 4868 1006 4937 φησὶν,
1025 4869 1053 4920 6
1071 4865 1343 4937 πανταχοῦ
1361 4866 1463 4931 ῶν;
1495 4867 1703 4938 Σπουδῇ
1725 4867 1819 4920 καὶ
1834 4867 2035 4937 προθυ-

468 4960 588 5031 μίᾳ.
602 4960 695 5014 καί
711 4959 997 5030 ἀπαλλαγῇ
1019 4958 1128 5011 τῶν
1147 4958 1411 5029 βιωτικῶν
1429 4960 1699 5012 ἀπάντων.
1732 4948 1907 5011 Πολλά
1926 4959 1997 5026 γά
2003 4976 2035 5029 ρ

465 5052 571 5126 πρὸ
595 5053 884 5123 ὀφθαλμῶν
914 5052 1007 5105 καὶ
1030 5054 1087 5105 ἐν
1124 5051 1309 5121 χερσὶν
1337 5049 1550 5121 ἔχοντες
1576 5049 1675 5103 οὐκ
1697 5049 1874 5121 ἴσμεν,
1902 5049 2037 5105 ἀλλά

466 5141 864 5217 περιερχόμεθα
897 5141 1185 5212 ζητοῦντες
1224 5141 1483 5204 πολλάκις
1512 5140 2037 5213 ἃ’κατέχομεν,ὃταν

467 5235 603 5307 πρὸς
636 5234 821 5304 ἕτερον
858 5234 890 5303 ἡ
920 5232 1124 5286 διάνοια
1150 5232 1495 5305 τετραμμένη

539 5325 616 5391 ς’.
654 5324 777 5387 Πῶς
804 5319 897 5377 οῦν
919 5323 1033 5376 ἐστι
1057 5324 1240 5394 ζητεῖν
1266 5325 1356 5376 τὸν
1388 5324 1554 5389 Θεόν;
1598 5325 1767 5378 Ὅταν
1797 5324 1912 5376 ἐκεῖ
1940 5324 2038 5394 τὴν

465 5417 701 5471 διάνοιαν
732 5414 1112 5486 συντείνωμεν,
1136 5414 1263 5469 ὅταν
1290 5414 1397 5467 τῶν
1432 5414 1696 5485 βιωτικῶν
1718 5415 2039 5483 ἀπαλλαγῶ-

470 5523 588 5577 μεν.
632 5506 741 5559 Kal
768 5507 877 5578 γὰρ
915 5509 945 5560 6
977 5505 1175 5577 ζητῶν,
1207 5506 1384 5560 πάντα
1434 5505 1676 5562 ἐκϐαλὼν
1707 5508 1808 5569 τῆς
1835 5504 2036 5577 ψυχῆς,

527 5682 833 5750 δίιοιετριιεε
854 5684 935 5734 hic
965 5691 1201 5746 verterat,
1236 5686 1402 5749 ἀρχῆς,
1426 5683 1686 5750 prmcipio,
1708 5684 1796 5736 sed
1838 5682 2040 5748 imperio

472 5743 761 5792 vene-dum
782 5751 916 5806 pulo.

1104 339 1465 402 SJOANNIS
1501 332 1986 394 CIIRYSOSTOMI
2020 332 2340 395 ARCHIEP.
2378 341 2921 402 CONSTANTI‘SOP.

3572 348 3670 404 1⁵50

2114 461 2250 532 πρὸς
2276 463 2451 517 ἐκεῖνο
2496 460 2554 514 :6
2596 465 2919 534 ζητούμενον
2946 463 3183 534 ἔρχεται.
3213 462 3324 517 Kal
3352 462 3452 534 οὐχ
3492 461 3677 529 ἀπλῶς

2114 552 2293 624 ζητεῖν
2318 555 2443 625 χρὴ,
2460 554 2594 609 ἀλλά
2621 557 2716 609 καὶ
2740 555 3007 625 ἐκζητεῖν.
3040 555 3097 607 Ὁ
3121 553 3365 625 ἐκζητῶν
3387 554 3488 608 οὐκ
3514 554 3675 617 αὐτὸς

2114 644 2267 714 ζητεῖ
2314 644 2493 714 μόνον,
2544 645 2679 699 ἀλλά
2727 647 2822 699 καὶ
2862 646 3080 715 ἐτέρους
3118 643 3383 714 λαμϐάνει
3427 643 3673 714 βοηθοὺς,

2114 736 2255 790 ὥστε
2280 739 2461 807 εὑρεῖν
2488 737 2549 791 :6
2574 737 2921 808 ζητούμενον.
2959 736 3096 791 Ἀλλ’
3125 738 3215 790 ἐπὶ
3239 736 3336 807 μέν
3354 734 3462 788 τῶν
3490 734 3675 805 βιωτι-

2114 824 2225 878 κῶν
2251 825 2508 889 πολλάκις
2539 825 2893 897 ζητήσαντες,
2921 827 3021 895 οὐχ
3065 824 3327 896 εὖρομενο
3355 825 3449 878 ἐπὶ
3483 824 3541 878 δέ
3567 824 3677 877 τῶν

2116 917 2498 987 πνευματικῶν
2525 920 2624 972 οὐκ
2662 918 2741 973 ἔνι
2783 918 2960 983 τοῦτο,
2995 918 3129 972 ἀλλά
3160 918 3371 988 ἀνάγκη
3409 918 3557 971 πᾶσα
3585 917 3678 970 τὸν

2116 1009 2379 1080 ζητοῦντα
2416 1011 2613 1083 εὑρεῖν,
2648 1013 2746 1065 Ἂν
2790 1011 2898 1082 γὰρ
2941 1010 3241 1081 ἐξέλθωμεν
3288 1011 3445 1081 μόνον
3489 1011 3582 1064 ἐπὶ
3620 1010 3681 1064 :6

2117 1100 2367 1175 ζητῆσαι,
2398 1103 2496 1157 οὐκ
2524 1103 2746 1175 ἀφίησιν
2770 1105 2919 1175 ἡμᾶς
2946 1102 3113 1157 πολλὰ
3148 1101 3443 1156 κόπτεσθαι
3467 1104 3496 1156 6
3526 1101 3677 1165 Θεός·

2115 1198 2201 1251 6:6
2230 1196 2388 1250 τοῦτο
2416 1195 2594 1264 λέγει’
2632 1193 2754 1262 Πᾶς
2769 1198 2801 1250 ό
2823 1192 3015 1264 ζητῶν
3030 1195 3316 1263 εὑρίσκει.
3343 1192 3581 1247 Ψάλατε
3599 1190 3679 1257 τῷ

2116 1292 2309 1359 Κυρίῳ
2331 1288 2411 1356 τῷ
2426 1290 2799 1344 κατοικοῦντι
2814 1290 2883 1343 ἐν
2897 1288 3066 1343 Σιών.
3095 1287 3306 1350 ΙἌλλος.
3326 1284 3407 1351 Τῷ
3426 1286 3678 1353 καθημέ-

2115 1401 2216 1448 νῳ.
2262 1382 2665 1453 Ἀναγγείλατε
2691 1382 2760 1437 ἐν
2786 1381 2910 1448 τοῖς
2922 1380 3125 1436 ἔθνεσι
3157 1379 3231 1433 τὰ
3249 1377 3680 1447 ἐπιτηδεύματα

2116 1477 2321 1531 αὐτοῦ.
2342 1477 2532 1541 Ἀλλος
2549 1476 2733 1546 φησὶν,
2766 1477 2862 1531 Ἐν
2875 1474 2998 1540 τοῖς
3012 1472 3183 1538 λαοῖς
3200 1472 3274 1526 τὰ
3281 1470 3681 1541 μηχανήματα

2116 1566 2322 1622 αὐτοῦ.
2351 1567 2417 1620 Τί
2441 1567 2649 1636 λέγεις;
2676 1561 2751 1622 Οῦ
2777 1568 2806 1619 6
2829 1564 3055 1637 οὐρανὸς
3073 1564 3258 1634 θρόνος
3275 1564 3366 1617 καὶ
3385 1564 3419 1634 ὴ
3450 1562 3523 1631 γῆ
3547 1561 3678 1614 ὐπο-

2117 1660 2319 1721 πόδιον,
2351 1652 2411 1712 οὐ
2445 1660 2503 1712 ἐν
2542 1662 2606 1729 τῇ
2634 1660 2775 1729 χειρὶ
2813 1659 2882 1713 :6
2917 1659 3125 1729 πέρατα
3156 1657 3257 1724 τῆς
3281 1656 3405 1725 γῆς,
3440 1646 3592 1718 οὗτος
3621 1656 3679 1707 ἐν

2117 1750 2252 1805 Σιὼν
2295 1751 2464 1815 οίκεί;
2513 1750 2648 1804 Ναί·
2695 1751 2905 1819 οίκησιν
2930 1750 3037 1820 γὰρ
3067 1746 3297 1801 ἐνταῦθα
3337 1745 3397 1799 οὐ
3424 1745 3486 1797 :6
3524 1760 3679 1815 περι-

2116 1844 2389 1899 κλείεσθαι
2411 1843 2557 1912 λέγει
2574 1843 2895 1916 (ἀπέραντος
2909 1841 2980 1911 γά
2986 1860 3018 1914 ρ
3033 1839 3196 1895 αὐτοῦ
3212 1842 3244 1910 ή
3278 1837 3677 1909 μεγαλωσύνη),

2116 1935 2254 1989 άλλά
2304 1934 2404 2006 τὴν
2454 1934 2761 2003 οἰκειότητα
2809 1933 2909 2004 τὴν
2961 1934 3098 2005 πρὸς
3128 1933 3220 1987 τὸν
3251 1932 3432 1990 τόπον,
3480 1929 3573 1984 xal
3620 1929 3682 1982 :6

2115 2023 2333 2085 οἰκείως
2363 2020 2504 2092 ἔχειν
2533 2020 2669 2092 πρὸς
2703 2020 2886 2085 αὐτὸν,
2912 2020 3000 2075 6:6
3026 2020 3086 2074 :6
3113 2022 3237 2083 τοὺς
3276 2018 3559 2082 Ἰουδαίους
3594 2016 3680 2071 διά

2116 2114 2215 2183 τῆς
2256 2112 2710 2182 συγκαταϐάσεως
2734 2111 2935 2181 ταύτης
2964 2113 3099 2184 πρὸς
3128 2112 3289 2166 αὐτὸν
3313 2109 3644 2164 ἐπισπᾶσθαι
3663 2125 3679 2141 ·

2116 2206 2237 2259 ἐπεὶ
2258 2208 2352 2261 καὶ
2379 2206 2525 2260 οἰκία
2550 2206 2639 2260 διὰ
2666 2204 2823 2259 τοῦτο
2850 2205 3065 2275 λέγεται
3088 2207 3172 2274 ἐφ’
3204 2204 3384 2278 ἡμῶν,
3404 2203 3491 2257 διά
3518 2202 3580 2256 :6
3608 2203 3686 2255 οί-

2118 2300 2282 2363 κείως
2317 2299 2468 2370 ἡμᾶς
2496 2298 2638 2370 ἔχειν
2663 2299 2800 2371 πρὸς
2825 2299 3012 2370 αὐτήν.
3044 2298 3154 2351 Kal
3188 2299 3246 2350 ἐν
3275 2298 3405 2368 ἡμῖν
3428 2296 3486 2349 δὲ
3518 2296 3686 2349 οίκεῖν

2115 2393 2351 2463 λέγεται,
2369 2392 2431 2447 οὐ
2463 2395 2847 2463 περιεχόμενος
2875 2392 2963 2461 ὐφ’
2993 2390 3168 2461 ἡμῶν,
3186 2389 3300 2444 ἀλλ’
3323 2388 3537 2450 οίκείως
3553 2387 3686 2460 πρὸς

2119 2487 2268 2556 ἡμᾶς
2309 2485 2468 2556 έχων.
2517 2484 2656 2539 Σιὼν
2686 2485 2742 2538 δὲ
2785 2484 2926 2538 κατὰ
2973 2480 3263 2553 ἀναγωγὴν
3309 2482 3343 2552 ἡ
3395 2478 3687 2550 Ἐκκλησία

2115 2579 2350 2648 λέγεται.
2369 2578 2867 2645 Προσεληλύθατε
2881 2574 2991 2645 γὰρ
3004 2574 3124 2644 ὄρει
3142 2573 3313 2635 Σιὼν,
3326 2570 3427 2625 καί
3451 2571 3700 2634 Ἐκκλη-

2115 2673 2224 2741 σίςι
2245 2671 2650 2740 πρωτοτόκων.
2671 2668 2779 2723 Kal
2796 2669 3018 2730 εἰκότως
3041 2667 3166 2737 ὅρος
3192 2666 3226 2735 ὴ
3267 2661 3581 2732 Ἐκκλησία,
3600 2658 3686 2713 διὰ

2115 2767 2177 2819 τὸ
2213 2763 2449 2835 βέϐαιον,
2469 2762 2564 2815 καὶ
2590 2760 2809 2829 πάγιον,
2850 2758 2945 2813 καὶ
2981 2759 3246 2814 ἄσειστον.
3289 2752 3553 2823 Καθάπερ
3583 2751 3690 2821 γὰρ

2116 2857 2241 2930 ὅρος
2284 2853 2539 2909 σαλεῦσαι
2568 2854 2629 2908 οὐ
2658 2851 2901 2915 δυνατὸν,
2933 2849 3105 2913 οὕτως
3136 2847 3255 2902 οὐδὲ
3295 2844 3390 2899 τοῦ
3426 2842 3563 2897 Θεοῦ
3593 2840 3691 2912 τὴν

2132 2946 2477 3017 Ἐκκλησίαν.
2516 2943 2927 3013 Ἀναγγείλατε
2943 2941 3014 2994 ἐν
3034 2938 3159 3003 τοῖς
3177 2937 3382 2992 ἔθνεσι
3403 2933 3475 2987 τὰ
3492 2932 3694 2998 ἐπιτη-

2116 3038 2379 3107 δεύματα
2394 3034 2599 3089 αὑτοῦ.
2624 3034 2885 3105 Κήρυκας
2906 3027 3043 3084 εῖναι
3070 3027 3320 3099 βούλεται
3339 3023 3447 3078 τῶν
3467 3022 3689 3089 εὐεργε-

2125 3130 2254 3184 σιῶν
2277 3129 2370 3183 τοῦ
2400 3128 2557 3193 Θεοῦ,
2576 3126 2672 3181 καὶ
2694 3124 2959 3197 μηδέποτε
2985 3120 3148 3176 αὐτοῦ
3171 3116 3572 3187 κατακρύπτειν
3593 3110 3695 3174 τὰς

2124 3220 2462 3293 εὐεργεσίας.
2489 3219 2601 3273 Kal
2616 3216 2774 3271 τοῦτο
2801 3213 3074 3285 πανταχοῦ
3098 3213 3267 3283 ζητεῖ,
3283 3211 3371 3264 διά
3388 3226 3447 3263 τε
3464 3207 3589 3270 τοὺς
3606 3202 3699 3257 λέ-

2119 3330 2335 3383 γοντας,
2364 3311 2453 3365 διά
2480 3328 2540 3363 τε
2565 3311 2691 3374 τοὺς
2715 3308 3030 3370 ἀκούοντας.
3068 3307 3179 3360 Kal
3221 3305 3328 3377 γάρ
3369 3304 3462 3358 καὶ
3484 3301 3696 3362 τούτοις

2120 3403 2327 3476 κέρδος,
2355 3402 2648 3465 κάκείνοις,
2690 3399 2786 3453 ἐὰν
2818 3400 3175 3471 προσέχωσιν.
3215 3398 3344 3450 Ὅτι
3375 3397 3409 3449 ό
3438 3391 3698 3461 ἐκζητῶν

2119 3495 2192 3548 τὰ
2223 3495 2440 3559 αἵματα
2466 3490 2665 3547 αὐτῶν
2684 3491 2977 3562 ἐμνήσθη.
3009 3486 3164 3552 Εἶδες
3193 3486 3264 3541 τά
3290 3486 3695 3558 ἐπιτηδεύματα

2122 3590 2249 3641 ποῖα
2275 3586 2421 3656 λέγει
2439 3604 2454 3649 ;
2472 3585 2581 3649 T6;
2596 3585 2930 3654 εὐεργεσίας.
2968 3581 3231 3637 Ἐνταῦθα
3245 3582 3341 3635 καὶ
3365 3578 3509 3651 μέγα
3530 3596 3581 3632 τι
3612 3579 3697 3631 al-

2120 3678 2354 3733 νίττεται
2370 3677 2545 3749 δόγμα
2561 3694 2574 3707 ·
2591 3678 2673 3731 6::
2686 3675 2785 3730 οὐκ
2799 3675 2914 3729 ἐστι
2931 3675 3088 3744 φόνος
3104 3672 3409 3743 ἀτιμωρητί
3423 3668 3699 3740 τολμώμε-

2122 3781 2232 3831 νος,
2249 3764 2363 3817 ἀλλ’
2377 3764 2670 3818 ἐκδικεῖται
2699 3764 2916 3827 πάντως
2932 3780 2948 3796 ·
2967 3763 2995 3815 6
3011 3763 3107 3815 καὶ
3132 3761 3189 3814 ἐν
3210 3763 3275 3830 τῇ
3301 3758 3515 3812 Γενέσει
3532 3758 3698 3811 Μωῦ-

2125 3855 2223 3924 σῆς
2236 3852 2495 3913 δείκνυσι,
2514 3851 2687 3920 λέγων
2706 3869 2720 3884 ·
2745 3850 2815 3906 T6
2835 3845 2978 3919 αἷμα
2997 3848 3166 3919 ὑμῶν
3178 3845 3501 3914 ἐκζητήσω.
3525 3842 3697 3897 Τοῦτο

2124 3940 2225 4009 τῆς
2251 3938 2475 4009 ἀπείρου
2502 3938 2756 4009 προνοίας
2780 3938 2997 4008 δεῖγμα,
3023 3936 3121 4005 τῆς
3147 3932 3512 4002 ἐκτεταμένης
3531 3928 3695 3984 αὐτοῦ

2124 4027 2467 4098 κηδεμονίας.
2487 4027 2551 4078 El
2576 4024 2633 4077 δὲ
2667 4026 2739 4096 μὴ
2764 4024 2905 4078 κατά
2934 4024 3100 4086 πόδας
3126 4022 3362 4092 ἐκζητεί,
3383 4019 3460 4091 μὴ
3485 4017 3697 4087 θαυμά-

2128 4114 2227 4186 ζῃς
2242 4131 2256 4145 ·
2275 4114 2457 4166 δίδωσι
2473 4112 2580 4183 γάρ
2599 4114 2709 4175 τοῖς
2726 4111 3093 4183 ἁμαρτάνουσι
3118 4109 3402 4180 μετανοίας
3417 4108 3694 4177 ἀφορμήν.

2121 4205 2243 4256 Οὐκ
2261 4202 2583 4256 ἐπελάθετο
2597 4199 2705 4267 τῆς
2725 4199 2992 4269 κραυγῆς
3006 4197 3122 4254 τῶν
3138 4198 3429 4264 πενήτων.
3444 4198 3584 4268 Ὅρα
3599 4196 3700 4251 πάρ

2125 4288 2209 4342 λιν
2233 4290 2359 4352 τοὺς
2379 4289 2618 4359 πένητας
2656 4287 3092 4357 εὐδοκιμοῦντας.
3124 4288 3236 4358 Οὐχ
3268 4287 3453 4350 ἁπλῶς
3470 4286 3529 4339 δέ
3548 4286 3696 4355 λέγει

2130 4376 2277 4450 [105]
2307 4378 2433 4442 τοὺς
2459 4376 2715 4449 πένητας,
2751 4376 2865 4431 ἀλλ’
2906 4376 3147 4440 ἐκείνους
3175 4378 3301 4440 τοὺς
3329 4376 3577 4447 πτωχοὺς
3617 4373 3699 4444 τῷ

2129 4465 2417 4536 πνεύματι.
2444 4464 2623 4529 καθὼς
2643 4468 2672 4519 ὁ
2692 4464 2922 4536 Χριστός
2937 4480 3119 4535 φησιν.
3153 4456 3316 4519 Οὗτοι
3335 4464 3442 4536 γάρ
3465 4461 3699 4532 μάλιστα

2129 4554 2416 4610 ἀκούονται
2444 4554 2743 4625 εὐχόμενοι,
2767 4556 2815 4607 οί
2847 4554 3090 4607 ταπεινοὶ
3119 4556 3185 4625 τῇ
3221 4553 3437 4624 καρδίᾳ,
3457 4553 3552 4607 καὶ
3574 4567 3698 4605 συν-

2129 4642 2498 4715 τετριμμένοι.
2526 4642 2629 4695 Δύο
2666 4642 2721 4695 δέ
2758 4641 2992 4695 ἐνταῦθα
3016 4641 3218 4711 τίθησι,
3260 4642 3352 4693 καὶ
3394 4639 3576 4711 εὐχὴν,
3604 4638 3700 4692 καὶ

2130 4729 2645 4800 ταπεινοφροσύνην.
2692 4727 2822 4783 Ἐπί
2854 4729 2989 4782 τίνα
3022 4728 3131 4799 γὰρ
3162 4727 3484 4796 ἐπισλέψω,
3513 4727 3695 4795 φησὶν,

2131 4818 2269 4873 ἀλλ’
2298 4819 2336 4886 ἢ
2371 4816 2467 4870 ἐπὶ
2496 4815 2602 4870 τὸν
2623 4815 2904 4871 ταπεινὸν
2924 4815 2975 4879 ι),
3002 4815 3098 4869 καί
3134 4816 3412 4885 ἡσύχιον,
3444 4815 3542 4867 καί
3574 4814 3699 4879 τρέ-

2128 4905 2322 4975 μοντὰ
2334 4923 2453 4975 μου
2474 4904 2614 4970 τοὺς
2640 4905 2888 4972 λόγους
2905 4905 3013 4957 Kal
3041 4903 3313 4974 πανταχοῦ
3336 4902 3433 4973 ὅχη
3442 4920 3517 4972 μα
3538 4900 3701 4970 εὒχῆς

2134 4991 2441 5065 εὑρίσκεται
2463 4990 2947 5061 ταπεινοφροσύνη.
2986 4991 3181 5057 Ἐγγὺς
3221 4987 3327 5059 γὰρ
3352 4987 3555 5059 Κύριος
3588 4989 3695 5049 τοῖς
3746 5056 3759 5073 ⁸

2138 5079 2610 5151 συντετριμμένοις
2642 5079 2708 5148 τῇ
2737 5078 2953 5149 καρδίᾳ.
2980 5077 3141 5129 Ὥστε
3166 5075 3473 5145 φλεγμονῆς
3497 5074 3578 5127 δεῖ
3600 5074 3700 5143 μά-

2135 5164 2291 5219 λιστα
2307 5163 2646 5236 ἀπηλλάχθαι
2664 5163 2755 5216 τὸν
2771 5164 3079 5233 εὐχόμενον,
3099 5162 3128 5215 ὃ
3170 5163 3264 5216 καὶ
3287 5161 3495 5224 Παῦλος
3524 5162 3694 5228 ζητεῖ,

2136 5252 2332 5319 λέγων·
2360 5251 2542 5320 Χωρὶς
2565 5248 2745 5319 ὀργῆς
2769 5249 2867 5303 καί
2887 5249 3296 5319 διαλογισμοῦ.
3329 5247 3521 5311 Καλῶς
3556 5241 3696 5313 εἷπε,

2143 5339 2257 5408 Τῆς
2279 5337 2544 5407 κραυγῆς
2562 5337 2679 5391 τῶν
2702 5338 2994 5406 πενήτων,
3012 5336 3253 5408 κραυγὴν
3277 5336 3451 5404 λέγων
3469 5334 3566 5405 τὴν
3588 5333 3702 5387 διά-

2139 5426 2283 5479 θεσιν
2314 5429 2411 5496 τῆς
2454 5423 2707 5487 διανοίας,
2748 5425 2810 5477 οὐ
2837 5424 2928 5478 τὸν
2956 5424 3106 5478 τόνον
3139 5424 3237 5494 τῆς
3274 5423 3481 5493 φωνῆς’
3527 5421 3603 5492 τῷ
3642 5419 3702 5473 δὲ

2139 5515 2331 5577 εἰπεῖν,
2365 5513 2486 5566 Οὐκ
2510 5510 2854 5577 ἐπελάθετο,
2885 5510 3148 5582 ἐδήλωσεν
3188 5511 3271 5565 ὅτι
3312 5506 3548 5578 συνεχῶς
3571 5505 3717 5561 ἑκά-ι

2200 5688 2230 5727 ιι
2251 5686 2409 5753 8011)..-
2419 5688 2526 5753 ἀλλ’
2562 5688 2593 5744 ἢ
2619 5687 2695 5735 ἐπὶ
2733 5688 2815 5735 τὸν
2854 5693 3020 5753 πρᾶον.
3068 5689 3239 5741 Lectio
3262 5687 3383 5738 editi
3425 5695 3570 5747 supra
3592 5693 3705 5732 wn

2142 5757 2282 5802 textu
2307 5746 2492 5800 Βιδιίεο
2510 5758 2757 5800 consonat.
