4140 6356
436 370 537 425 l29

431 485 661 555 operari.
693 483 790 554 Qui
812 484 953 538 enim
987 483 1086 540 fert
1107 484 1381 551 auxilium,
1414 485 1462 538 ei
1494 484 1594 538 fert
1615 487 1710 555 qui
1739 496 2008 554 operatur.

431 577 544 630 Non
571 583 780 646 oportet
805 591 932 644 ergo
945 576 1143 630 otiosos
1171 591 1309 643 esse,
1345 586 1396 630 et
1421 579 1597 631 animo
1627 577 1880 641 deficere,
1912 578 2010 632 sed

431 677 486 722 et
525 681 710 736 preces
746 665 938 720 afferre
967 707 981 730 ,
1012 676 1062 720 et
1104 668 1492 738 elecmosynas,
1521 677 1578 722 et
1615 669 1790 722 omnia
1823 684 1943 738 qua:
1979 685 2010 723 a

430 759 582 813 nobis
620 759 750 828 ipsis
794 755 971 812 offerri
1001 768 1239 826 possunt.
1288 757 1386 826 Qui
1421 760 1562 813 enim
1608 759 1660 814 in
1697 759 1836 813 bello
1881 759 2011 814 socii

427 861 570 916 sunt,
604 851 668 906 iis
698 851 783 921 qui
815 859 1049 920 pugnant
1071 866 1225 920 opem
1263 849 1458 915 ferunt,
1494 866 1598 904 non
1626 849 1689 904 iis
1717 851 1802 920 qui
1833 851 2011 905 animo

427 942 718 1008 deficiunt,
745 951 800 996 et
841 957 900 996 se
937 941 1138 996 dedunt
1183 943 1311 996 otio.
1347 942 1400 996 Si
1438 941 1514 995 vis
1558 957 1684 1010 ergo
1715 941 1807 995 Dei
1851 957 2007 1010 opem

425 1035 686 1104 assequi,
739 1048 1024 1102 numquam
1075 1049 1191 1102 quae
1241 1042 1328 1086 tua
1389 1042 1512 1086 sunt
1562 1031 1873 1102 prodideris.
1932 1031 2004 1085 lta

426 1127 524 1182 Joh
551 1127 712 1182 latum
748 1134 830 1181 est
851 1126 1103 1179 auxilium
1128 1165 1144 1189 ,
1175 1124 1333 1179 stanti
1371 1134 1424 1178 et
1450 1124 1653 1178 fortiter
1693 1124 1957 1178 dimicanti
1990 1142 2004 1178 :

427 1220 500 1272 ita
553 1218 714 1272 etiam
760 1217 1013 1286 apostolis
1046 1259 1061 1284 ,
1121 1216 1340 1284 pulchre
1387 1215 1765 1270 laborantibus.
1811 1216 1898 1270 ll.
1939 1214 2006 1266 Et

424 1319 623 1378 sperent
668 1311 720 1362 in
779 1319 826 1362 te
878 1309 963 1378 qui
1004 1317 1244 1360 noverunt
1287 1323 1465 1359 nomen
1507 1317 1664 1358 tuum.
1721 1306 1898 1367 Alius,
1937 1304 2004 1357 Et

424 1403 694 1472 confident.
742 1400 1006 1470 Propheta
1057 1399 1155 1453 hoc
1205 1400 1325 1452 facit
1371 1397 1604 1463 assidue,
1633 1414 1661 1451 a
1705 1402 2003 1467 precatione

422 1496 490 1550 ad
538 1495 958 1549 exhortationem
1014 1502 1330 1547 convertens
1397 1506 1694 1546 sermonem
1738 1533 1753 1555 ,
1799 1499 1854 1544 ut
1913 1492 2000 1560 qui

421 1591 491 1644 sit
536 1587 832 1642 communis
880 1586 1066 1644 doctor
1117 1585 1261 1639 orbis
1315 1593 1611 1648 terrarum,
1663 1591 1717 1637 et
1763 1582 1998 1651 philoso-

422 1681 558 1750 phia:
597 1680 901 1733 thesaurum
934 1691 1235 1747 pr0ponens
1284 1679 1335 1730 in
1381 1675 1632 1730 medium.
1665 1674 1892 1728 Pulchre
1921 1674 2000 1727 di-

420 1773 498 1828 xit
540 1772 797 1840 :Sperent
835 1771 886 1823 in
915 1780 962 1824 te
997 1770 1082 1840 qui
1121 1778 1361 1822 noverunt
1396 1785 1577 1821 nomen
1614 1778 1776 1820 tuum.
1813 1768 1910 1835 Qui
1949 1777 1999 1822 te

419 1870 718 1928 noverunt,
760 1862 962 1931 inquit,
994 1869 1048 1915 et
1071 1860 1319 1914 auxilium
1349 1868 1403 1913 et
1431 1859 1790 1913 defensionem
1819 1867 1958 1911 tuam
1979 1899 1996 1926 ,

418 1956 643 2009 validam
686 1954 883 2008 habent
923 1969 1201 2015 ancoram,
1235 1967 1382 2021 spem
1412 1966 1570 2020 quam
1601 1951 1652 2004 in
1685 1960 1734 2004 te
1762 1951 1992 2014 habent,

417 2047 644 2101 validum
675 2047 934 2100 auxilium
962 2086 976 2108 ,
1007 2054 1061 2098 et
1117 2045 1301 2098 turrim
1351 2042 1658 2107 infractam,
1706 2059 1827 2097 eum
1851 2083 1867 2109 ,
1905 2043 1995 2112 qui

417 2153 521 2192 non
563 2137 732 2191 solum
765 2137 1042 2206 pollicetur
1083 2135 1445 2188 liberationem
1489 2149 1518 2187 a
1565 2134 1752 2198 malis,
1794 2134 1887 2188 sed
1929 2149 1995 2188 ne

413 2230 764 2301 prtesentibus
784 2227 994 2299 quidem
1029 2225 1424 2281 difficultatibus
1457 2226 1750 2296 perturbari
1774 2229 1994 2296 permit-

417 2321 494 2374 tit.
521 2321 618 2386 Qui
645 2319 785 2373 enim
811 2327 893 2374 est
929 2318 1183 2372 liberatus
1209 2317 1276 2371 ab
1315 2317 1558 2370 humanis
1585 2358 1600 2382 ,
1630 2326 1683 2372 et
1707 2333 1737 2371 a
1762 2332 1991 2386 superna

413 2426 508 2479 spe
535 2410 822 2481 dependet,
857 2423 963 2463 non
995 2409 1164 2462 solum
1197 2407 1445 2462 adsciscit
1471 2407 1572 2462 sibi
1601 2409 1930 2462 celerrimam
1961 2425 1989 2462 a

413 2501 566 2556 malis
588 2501 984 2564 liberationem;
1013 2499 1105 2554 sed
1129 2515 1194 2554 ne
1220 2499 1270 2552 in
1301 2499 1425 2568 ipsis
1448 2499 1656 2569 quidem
1676 2500 1826 2553 malis
1843 2516 1992 2554 vexa-

414 2602 497 2646 tur
525 2600 579 2646 et
617 2591 985 2660 perturbatur,
1015 2599 1070 2644 ut
1103 2589 1188 2644 cui
1227 2588 1361 2643 ferat
1391 2604 1546 2658 opem
1572 2605 1692 2660 spes
1720 2589 1860 2644 illius
1895 2605 1990 2644 an-

409 2700 567 2739 corae.
589 2684 660 2738 Ita
681 2699 807 2752 ergo
829 2695 936 2737 tres
958 2682 1103 2752 pueri
1131 2697 1235 2735 non
1263 2681 1433 2735 solum
1460 2681 1662 2736 liberati
1691 2692 1814 2736 sunt
1832 2699 1860 2736 a
1883 2684 1988 2738 for-

411 2774 719 2845 nace(Dan.
742 2775 825 2845 3),
851 2773 943 2828 sed
972 2790 1037 2827 ne
1057 2772 1181 2826 dum
1212 2773 1263 2826 in
1307 2773 1518 2828 fornace
1545 2774 1756 2843 quidem
1803 2789 1984 2829 versa-

411 2877 618 2933 rentur,
663 2865 1129 2922 conturbabantur.
1168 2864 1370 2919 Norant
1403 2866 1543 2919 enim
1580 2866 1678 2920 sibi
1719 2866 1905 2922 adesse
1932 2882 1962 2921 a

412 2960 521 3014 Deo
542 2959 818 3014 auxilium.
844 2959 909 3012 Et
928 2957 1046 3012 ideo
1066 2957 1199 3010 alius
1221 2957 1384 3011 dicit:
1410 2956 1476 3009 Et
1497 2958 1780 3026 conﬁdent,
1807 2958 1858 3012 id
1880 2967 1981 3026 est,

409 3049 679 3106 habebunt
693 3049 958 3104 fiduciam.
981 3049 1208 3118 Imperio
1227 3049 1367 3102 enim
1397 3048 1536 3118 quod
1561 3049 1610 3102 in
1635 3049 1984 3118 perturbatio-

406 3156 501 3196 nes
522 3151 602 3195 est
627 3141 780 3210 longe
795 3139 964 3209 major
981 3149 1060 3194 est
1075 3153 1170 3192 cau
1180 3139 1270 3203 tio,
1293 3155 1408 3208 qua:
1424 3155 1488 3193 ex
1505 3154 1599 3208 spe
1617 3140 1668 3193 in
1691 3139 1855 3194 Deum
1878 3141 1986 3195 ori-

405 3241 508 3285 tur.
528 3231 632 3285 llla:
651 3231 793 3286 enim
814 3240 936 3284 sunt
957 3229 1220 3296 humanae,
1246 3229 1347 3284 hoc
1368 3244 1492 3284 vero
1514 3231 1748 3285 divinum
1770 3243 1822 3286 et
1844 3233 1984 3286 inex-

405 3322 704 3391 pugnabile.
721 3321 1165 3390 Quandoquidem
1189 3321 1319 3376 dixit
1341 3337 1460 3376 eum
1483 3321 1646 3376 fuisse
1663 3323 1978 3392 adjutorem,

402 3431 455 3469 et
479 3415 642 3470 fuisse
668 3415 948 3484 refugium,
976 3414 1102 3470 dicit
1130 3416 1286 3468 etiam
1308 3413 1572 3484 quomodo
1593 3416 1680 3468 sit.
1704 3414 1980 3482 Quomodo

400 3517 574 3562 autem
597 3507 726 3562 est?
761 3505 983 3574 Quando
1013 3506 1065 3560 in
1086 3521 1207 3560 eum
1237 3505 1450 3559 assidue
1484 3519 1702 3574 sperare
1732 3520 1979 3574 perseve-

402 3615 600 3654 ramus.
631 3599 782 3665 Quod
827 3600 870 3653 si
913 3614 1016 3654 non
1048 3599 1224 3653 statim
1273 3598 1431 3652 solvit
1471 3597 1808 3653 difficultates
1831 3639 1844 3662 ,
1877 3597 1979 3654 hoc

398 3706 608 3761 quoque
633 3691 689 3743 lit
719 3705 814 3760 pro
842 3698 929 3745 tua
956 3689 1285 3760 probatione.
1329 3689 1781 3757 Quemadmodum
1809 3692 1972 3758 enim,

397 3798 516 3837 cum
547 3792 722 3854 posset
747 3798 851 3837 non
883 3783 1206 3852 permittere,
1239 3790 1298 3836 ut
1327 3791 1376 3836 te
1401 3782 1731 3848 invaderent,
1761 3784 1975 3851 permit-

400 3875 462 3929 tit
492 3885 664 3929 tameu
701 3883 760 3928 ut
790 3884 842 3929 te
871 3873 1065 3929 faciant
1111 3874 1464 3928 robustiorem
1494 3891 1508 3926 :
1539 3874 1611 3926 ita
1655 3874 1813 3927 etiam
1855 3890 1974 3928 cum

400 3977 579 4037 posset
607 3968 674 4023 ab
716 3969 865 4022 initio
893 3967 1101 4022 solvere
1123 4009 1136 4030 ,
1168 3981 1351 4021 rursus
1378 3975 1654 4020 cunctatur
1679 3974 1732 4020 et
1757 3966 1931 4020 differt
1955 4006 1972 4032 ,

398 4067 544 4112 tuam
564 4073 767 4128 augens
789 4059 1138 4113 constantiam
1158 4098 1173 4123 ,
1200 4068 1254 4112 et
1283 4067 1423 4111 tuam
1453 4071 1598 4127 spem
1621 4073 1897 4125 exercens,
1921 4072 1974 4112 et

397 4159 542 4202 tuam
567 4149 619 4202 in
651 4150 817 4218 ipsum
852 4147 1183 4203 affectionem
1209 4147 1438 4202 reddens
1478 4147 1928 4202 vehementiorem
1955 4191 1970 4213 ,

389 4249 448 4294 et
487 4253 659 4310 neque
700 4253 911 4309 semper
941 4240 1203 4309 permittit
1226 4238 1485 4308 opprimi,
1517 4253 1584 4292 ne
1626 4237 1968 4303 deficiamus;

393 4344 493 4385 nec
539 4343 752 4400 semper
796 4331 1070 4400 quiescere
1112 4337 1168 4382 et
1212 4329 1469 4395 relaxari,
1519 4343 1586 4382 ne
1625 4328 1968 4382 collabamur.

396 4419 646 4487 Quoniam
674 4437 772 4474 non
799 4421 1102 4491 dereliquisti
1127 4429 1402 4490 quwrentes
1425 4429 1491 4484 te,
1519 4419 1753 4474 Domine.
1783 4420 1930 4474 Alius
1953 4438 1967 4475 :

394 4510 514 4565 Non
557 4512 689 4565 enim
732 4513 993 4580 reliquisti.
1045 4511 1118 4565 ita
1145 4511 1303 4565 etiam
1347 4511 1476 4564 dicit
1512 4511 1646 4564 alius
1681 4529 1693 4564 :
1727 4509 1972 4579 Respicite

390 4603 620 4673 antiquas
637 4605 996 4673 generationes,
1025 4615 1069 4656 et
1090 4603 1248 4656 videte
1272 4602 1379 4670 quis
1403 4603 1618 4671 speravit
1642 4603 1692 4655 in
1713 4600 1932 4656 Domino
1950 4643 1965 4668 ,

392 4704 438 4747 et
471 4695 661 4765 pudore
687 4693 894 4761 affectus
917 4704 990 4749 est
1010 4695 1035 4746 ?
1062 4705 1148 4748 aut
1172 4696 1281 4764 quis
1309 4696 1550 4748 invocavit
1579 4693 1850 4750 Dominum
1874 4739 1889 4764 ,
1922 4707 1969 4752 et

393 4788 650 4858 dereliquit
677 4788 694 4855 (
720 4786 879 4840 Eccli.
908 4787 960 4840 2.
1007 4788 1094 4842 Η.
1139 4786 1273 4858 l2)?
1318 4787 1383 4840 Et
1410 4787 1675 4856 quomodo
1699 4830 1714 4851 ,
1763 4789 1965 4859 inquit,

391 4880 642 4946 quatritur
685 4879 823 4932 Deus
850 4879 935 4948 qui
967 4888 1048 4933 est
1075 4876 1306 4947 ubique?
1348 4877 1533 4932 Studio
1573 4888 1626 4932 et
1670 4880 1846 4933 animo
1866 4919 1882 4945 ,
1914 4889 1968 4934 et

389 4970 430 5022 si
462 4969 529 5024 ab
558 4970 622 5024 iis
651 4970 896 5024 omnibus
923 4985 1041 5040 qua:
1065 4969 1131 5024 ad
1159 4969 1408 5024 sacculum
1442 4969 1741 5040 pertinent,
1775 4970 1968 5025 libere-

389 5077 523 5115 ntttr.
551 5061 711 5115 Multa
733 5061 873 5115 enim
897 5075 1016 5114 cum
1038 5068 1160 5114 ante
1179 5060 1361 5114 oculos
1383 5069 1433 5113 et
1454 5061 1502 5113 in
1526 5060 1766 5112 manibus
1781 5058 1966 5114 haheao

387 5168 504 5206 mus
531 5154 816 5219 nescimus,
865 5151 957 5206 sed
997 5152 1475 5206 circumcursamus
1503 5167 1644 5221 smpe
1669 5161 1964 5221 qurerentes

387 5259 507 5312 qua:
533 5253 809 5310 tenemus,
837 5243 1046 5313 quando
1073 5258 1224 5296 mens
1259 5243 1364 5296 alio
1389 5258 1540 5296 versa
1569 5242 1750 5297 fuerit.

457 5335 510 5390 6.
562 5336 872 5400 Quwrendus
900 5334 1039 5389 Deus
1079 5345 1124 5388 et
1160 5334 1513 5404 exquireudus.
1567 5333 1827 5387 llabitatio
1875 5333 1965 5388 Dei

385 5445 497 5499 qua:
548 5429 877 5499 intelligatur.
905 5429 1274 5496 -—-Quomodo
1331 5444 1456 5497 ergo
1510 5429 1673 5482 Deum
1725 5443 1964 5498 qumrere

387 5535 664 5592 po$sumus
684 5522 706 5574 ?
729 5519 950 5588 Quando
975 5521 1098 5574 illuc
1125 5521 1357 5574 animum
1387 5519 1727 5585 intendimus,
1751 5519 1964 5588 quando

386 5614 454 5668 ah
482 5614 544 5668 iis
569 5628 686 5683 qua:
715 5611 780 5666 ad
812 5613 945 5666 hanc
980 5612 1137 5667 vitam
1165 5613 1432 5682 pertinent
1460 5611 1714 5666 fuerimus
1738 5612 1960 5666 liberati.

385 5706 486 5770 Qui
514 5706 652 5760 enim
681 5706 869 5774 qumrit
893 5746 906 5771 ,
936 5707 1112 5759 omnia
1139 5721 1201 5759 ex
1231 5705 1409 5759 animo
1438 5705 1657 5772 cjicicns
1680 5747 1692 5769 ,
1722 5705 1866 5758 venit
1890 5705 1956 5758 ad

382 5797 512 5852 illud
558 5798 696 5868 quod
725 5799 930 5870 qumrit.
961 5798 1068 5854 Nec
1106 5807 1312 5868 oportet
1361 5797 1531 5851 solum
1575 5811 1834 5867 quarrere,
1866 5797 1958 5851 sed

1569 370 1921 427 EXPOSITIO
1961 371 2022 425 lN
2065 371 2384 432 PSALMUM
2429 380 2517 434 lx.

2127 487 2608 585 etiamjquuirere.
2635 495 2732 562 Qui
2753 503 3005 570 exquirit,
3028 520 3132 560 non
3156 508 3266 577 ipse
3287 511 3457 567 solum
3485 529 3590 582 qua
3603 521 3694 585 rit,

2121 581 2454 678 sed-aliorum
2477 586 2635 641 etiam
2659 605 2759 658 cpe
2783 594 2962 660 utitur,
2991 607 3045 650 ttt
3067 600 3298 656 inveniat
3322 605 3458 673 quod
3481 581 3691 678 quaerit.

2121 669 2224 726 Sed
2251 673 2302 727 in
2332 675 2397 729 iis
2424 678 2637 744 quidem
2659 697 2776 747 qua":
2803 684 2868 737 ad
2897 685 3030 740 hanc
3061 691 3218 745 vitam
3254 669 3536 762 pertineni,
3567 716 3686 756 cum

2119 774 2262 830 saepe
2290 766 2655 832 qumsierimus
2679 813 2693 836 ,
2729 788 2832 827 non
2875 775 3170 835 invenimus
3200 800 3213 834 :
3243 783 3292 837 in
3335 787 3694 856 Spiritualihus

2117 863 2291 908 autem
2320 856 2420 912 hoc
2461 875 2564 914 non
2606 863 2764 929 licet,
2811 866 2904 920 scd
2927 871 3142 925 omnino
3169 890 3386 932 necesse
3413 894 3495 936 est
3519 893 3578 937 ut
3603 887 3689 954 qui

2116 946 2306 1012 quaerit
2367 947 2618 1004 inveniat.
2679 953 2735 1007 Si
2784 956 2923 1009 enim
2974 960 3040 1012 ad
3093 966 3432 1030 quaerendum
3486 946 3690 1030 tantum

2115 1035 2313 1102 egressi
2339 1035 2594 1094 fuerimus
2619 1085 2634 1105 ,
2665 1057 2767 1096 non
2799 1047 3057 1114 permittit
3090 1051 3228 1107 Deus
3255 1065 3311 1109 ut
3338 1073 3432 1112 nos
3464 1064 3685 1118 multum

2115 1138 2366 1216 vexemur
2390 1165 2404 1192 ο
2447 1142 2502 1184 et
2542 1131 2660 1185 ideo
2708 1133 2878 1188 dicit:
2915 1135 3090 1192 Omnis
3135 1144 3220 1210 qui
3255 1150 3468 1216 quwrit,
3505 1153 3690 1208 invenit

2117 1211 2336 1281 (Matth.
2367 1218 2418 1272 7.
2448 1219 2526 1289 8).
2549 1221 2635 1275 l2.
2664 1221 2878 1280 Psallite
2903 1226 3123 1284 Domino
3145 1235 3228 1302 qui
3249 1211 3513 1294 Iiabitatin
3536 1242 3684 1298 Sion.

2111 1304 2259 1404 lii-ius
2278 1347 2292 1372 ,
2325 1307 2425 1374 Qui
2452 1311 2585 1364 sedet
2608 1313 2646 1364 ¹.
2679 1314 2984 1372 Αηηιιηιίαιε
3008 1320 3138 1374 inter
3161 1336 3332 1393 gentes
3356 1331 3522 1384 studia
3549 1335 3680 1404 ejus.

2110 1397 2258 1490 Alius
2284 1399 2448 1490 dicit,
2491 1401 2558 1456 In
2601 1408 2800 1476 populis
2843 1411 3233 1469 machinationes
3261 1420 3389 1489 ejus.
3434 1397 3684 1490 Quid'di—

2109 1487 2225 1540 cis?
2278 1487 2438 1558 Cujus
2485 1495 2670 1548 caelum
2731 1499 2886 1553 sedes
2940 1511 3061 1570 est,
3103 1514 3156 1558 et
3214 1487 3348 1562 terra
3394 1487 3683 1572 scabellutn

2110 1580 2297 1645 pedum
2321 1581 2473 1650 (lsai.
2507 1584 2596 1640 66.
2630 1588 2708 1658 1),
2738 1590 2888 1660 cujus
2919 1593 2970 1646 in
3000 1612 3155 1650 manu
3185 1610 3307 1655 sunt
3346 1604 3478 1658 lines
3525 1617 3679 1664 terra;

2107 1667 2277 1738 (Psal.
2303 1671 2390 1726 94.
2410 1674 2488 1740 4),
2517 1675 2562 1730 is
2584 1677 2851 1734 habitatin
2871 1682 2996 1738 Sion
3019 1686 3040 1738 ?
3066 1686 3223 1744 Certe
3255 1709 3268 1742 :
3299 1691 3678 1754 habitationem

2104 1761 2244 1855 enim
2291 1761 2377 1816 hic
2425 1764 2591 1833 dicit,
2637 1784 2744 1825 non
2799 1773 2916 1828 loco
2963 1777 3304 1837 circumcludi
3359 1786 3378 1855 (
3414 1797 3496 1842 est
3533 1793 3676 1848 enim

2103 1849 2306 1906 infinita
2333 1853 2446 1924 ejus
2474 1859 2841 1934 magnitudo),
2871 1865 2967 1920 sed
2994 1871 3314 1936 peculiarem
3344 1849 3676 1938 aﬂ‘ectionem

2103 1940 2168 2037 ad
2199 1942 2371 1998 locum
2396 1987 2411 2012 ,
2457 1956 2510 2001 et
2547 1951 2864 2018 peculiarem
2891 1955 2944 2010 in
2989 1973 3107 2014 eum
3140 1967 3549 2032 propensionem
3571 2014 3586 2037 ,
3623 1985 3678 2028 ut

2101 2031 2311 2088 Judaaos
2339 2052 2432 2105 per
2455 2037 2590 2094 hanc
2617 2044 2696 2095 sui
2728 2043 3101 2104 demissionem
3143 2052 3209 2107 ad
3241 2031 3313 2110 ise
3341 2031 3630 2118 attraheret
3660 2083 3674 2120 :

2103 2133 2381 2222 propterea
2424 2129 2564 2182 enim
2609 2143 2789 2188 nostra
2819 2151 3028 2206 quoque
3056 2140 3246 2198 domus
3290 2161 3409 2203 esse
3446 2149 3672 2222 dicitur,

2099 2214 2238 2281 quod
2293 2217 2630 2284 peculiariter
2675 2223 2726 2276 in
2770 2240 2886 2280 eam
2943 2230 3256 2288 afficiantur.
3286 2237 3403 2293 Jam
3449 2257 3576 2298 vero
3621 2214 3672 2300 in

2100 2305 2249 2358 nobis
2274 2323 2484 2378 quoque
2526 2311 2764 2368 habitare
2809 2317 3033 2385 dicitur,
3088 2338 3194 2379 non
3247 2331 3386 2398 quod
3435 2347 3465 2386 a
3522 2337 3674 2391 nobis

2099 2398 2610 2466 comprehendatur,
2641 2405 2732 2457 sed
2760 2409 2898 2475 quod
2929 2414 3139 2481 proprie
3165 2429 3227 2469 ac
3255 2421 3590 2487 peculiariter
3617 2427 3672 2482 in

2096 2500 2193 2579 nos
2223 2487 2498 2579 afficiatur.
2532 2494 2656 2547 Sion
2684 2507 2860 2551 autem
2885 2498 3122 2555 Ecclesia
3149 2507 3434 2579 anagogicc
3457 2512 3668 2570 dicitur.

2094 2577 2382 2633 Accessistis
2402 2584 2531 2635 enim
2556 2585 2624 2636 ad
2653 2597 2864 2640 montem
2889 2589 3013 2644 Sion
3041 2602 3086 2646 et
3118 2577 3393 2651 Ecclesium
3419 2603 3670 2674 primoge-

2093 2667 2310 2722 nitorum
2334 2671 2363 2742 '(
2383 2671 2534 2727 Hebr.
2572 2676 2653 2729 12.
2673 2679 2785 2747 2‘2).
2815 2680 2877 2733 Et
2903 2683 3091 2737 merito
3127 2702 3279 2742 mons
3299 2698 3383 2744 est
3407 2667 3666 2763 Ecclesia,

2091 2763 2230 2853 quod
2261 2763 2331 2817 sit
2359 2765 2548 2834 firma,
2595 2779 2650 2824 et
2691 2773 2922 2842 stabilis,
2949 2791 3049 2830 nec
3094 2781 3261 2846 possit
3305 2790 3664 2853 conquassari.

2090 2852 2542 2920 Quemadmodum
2564 2862 2704 2914 enim
2731 2879 2882 2918 mons
2904 2882 3006 2920 non
3035 2878 3206 2937 potest
3230 2852 3531 2930 labefactari
3554 2918 3569 2942 ,
3595 2880 3666 2934 ita

2091 2959 2189 3038 nec
2218 2946 2308 3000 Dei
2338 2947 2596 3005 Ecclesia.
2643 2954 2947 3009 Annuntiate
2970 2959 3099 3011 inter
3134 2971 3302 3030 gentes
3336 2966 3503 3020 studia
3531 2970 3662 3038 ejus.

2089 3033 2214 3089 Vult
2233 3052 2323 3090 eos
2343 3053 2462 3093 esse
2482 3055 2753 3109 praecones
2776 3045 2865 3098 Dei
2885 3045 3284 3118 beneficiorum,
3306 3061 3359 3107 et
3379 3033 3663 3126 numquam

2088 3125 2201 3194 ejus
2230 3128 2404 3184 celare
2433 3129 2709 3186 beneficia.
2759 3133 2823 3188 Et
2853 3135 2953 3190 hoc
2993 3139 3119 3194 dicit
3169 3151 3276 3196 tam
3320 3125 3537 3215 propter
3564 3163 3659 3203 eos

2087 3217 2175 3285 qui
2205 3217 2382 3273 dicunt
2409 3261 2424 3286 ,
2475 3236 2632 3290 quam
2682 3233 2900 3294 propter
2929 3243 3023 3282 eos
3062 3230 3149 3299 qui
3179 3232 3420 3291 audiunt.
3450 3236 3581 3292 Nam
3607 3251 3664 3294 et

2088 3305 2139 3358 hi
2165 3347 2180 3370 ,
2213 3317 2266 3360 et
2313 3308 2385 3361 illi
2429 3309 2796 3377 lucrifaciunt,
2838 3315 2884 3369 si
2924 3321 3264 3376 attenderint.
3295 3325 3383 3380 13.
3415 3325 3664 3394 Quoniam

2084 3399 2339 3468 requirens
2359 3403 2652 3472 sanguinem
2673 3421 2844 3458 eorunt
2865 3409 3156 3465 recordatus
3183 3423 3276 3469 est.
3303 3415 3490 3481 Vidisti
3517 3435 3662 3491 qua:-

2085 3505 2206 3543 nam
2237 3491 2379 3546 dicat
2413 3508 2598 3548 eorum
2629 3497 2844 3552 studia?
2892 3500 3181 3558 Beneficia.
3225 3506 3322 3562 llic
3355 3511 3516 3568 etiam
3551 3530 3664 3567 ma-

2081 3596 2242 3650 gnum
2293 3584 2557 3653 quoddam
2604 3587 2794 3657 dogma
2843 3589 3105 3661 signiﬁcat
3149 3615 3164 3650 :
3211 3611 3320 3653 non
3368 3606 3659 3672 perpetrari

2083 3673 2243 3728 ullam
2271 3679 2468 3731 eaedem
2490 3717 2504 3743 ,
2538 3677 2604 3734 de
2633 3695 2734 3750 qua
2777 3697 2948 3751 ptena:
2974 3700 3080 3740 non
3108 3702 3384 3746 sumantur
3406 3735 3421 3757 ,
3462 3706 3517 3750 et
3540 3712 3658 3766 quae

2081 3779 2186 3858 non
2211 3767 2536 3823 vindicetur:
2557 3773 2696 3841 quod
2724 3776 2883 3828 etiam
2910 3776 3082 3833 Moses
3108 3783 3340 3838 ostendit
3365 3785 3417 3839 in
3445 3783 3655 3858 Genesi,

2079 3857 2264 3915 dicens
2293 3877 2305 3912 :
2335 3861 2647 3933 Sanguinem
2669 3874 2882 3920 vestrum
2908 3871 3158 3939 requiram
3175 3873 3193 3944 (
3213 3872 3337 3926 Gen.
3361 3877 3412 3930 9.
3435 3878 3512 3948 5).
3549 3857 3661 3937 Hoc

2081 3962 2160 4007 est
2188 3953 2436 4009 indicium
2466 3958 2682 4011 inﬁnita:
2711 3959 2825 4028 ejus
2855 3962 3220 4032 providentiae,
3250 3966 3580 4040 ingentisque
3603 3984 3661 4029 et

2079 4045 2295 4113 prolixa:
2316 4061 2477 4100 curae.
2501 4047 2557 4102 Si
2583 4057 2760 4104 autem
2788 4067 2893 4106 non
2923 4055 3099 4108 statim
3128 4058 3369 4127 requirit,
3399 4077 3468 4116 ne
3488 4065 3657 4120 mire-

2079 4135 2153 4190 ris
2184 4153 2196 4188 :
2225 4137 2317 4191 dat
2352 4140 2491 4192 enim
2533 4143 2898 4210 peccatoribus
2945 4149 3277 4203 occasionem
3308 4153 3654 4220 pmnitentite.

2080 4225 2199 4282 Non
2227 4238 2298 4283 est
2326 4230 2508 4286 oblitus
2534 4233 2802 4288 clamorem
2828 4253 3102 4306 pauperum
3129 4239 3301 4310 (Rom.
3341 4245 3394 4297 2.
3429 4246 3504 4316 4).
3533 4247 3658 4305 Vide

2076 4336 2260 4375 rursus
2284 4337 2401 4377 esse
2426 4323 2478 4377 in
2506 4324 2707 4381 honore
2734 4342 3011 4397 pauperes.
3038 4330 3150 4385 Non
3172 4344 3344 4389 autem
3367 4336 3492 4392 dicit
3521 4340 3656 4395 sim-

2076 4412 2286 4482 pliciter
2313 4428 2591 4483 pauperes,
2625 4417 2716 4471 sed
2749 4417 2871 4472 illos
2896 4421 2981 4489 qui
3009 4431 3133 4475 sunt
3158 4438 3418 4495 pauperes
3442 4429 3653 4500 spiritu,

2076 4504 2210 4558 sicut
2253 4505 2381 4559 dicit
2420 4505 2657 4562 Christus
2691 4508 2896 4580 (Matth.
2944 4513 2994 4568 5.
3041 4513 3121 4582 5).
3165 4516 3204 4570 li
3247 4519 3386 4572 enim
3426 4523 3658 4580 maxime

2074 4595 2426 4650 exaudiuntur
2468 4596 2591 4650 dum
2635 4609 2822 4666 orant,
2874 4603 2960 4670 qui
3005 4614 3126 4658 sunt
3169 4606 3329 4662 corde
3372 4607 3555 4666 humili
3603 4623 3660 4668 et

2075 4686 2323 4741 contrito.
2351 4685 2451 4742 llic
2483 4697 2659 4743 autem
2690 4689 2794 4744 duo
2824 4693 3000 4760 ponit,
3034 4704 3086 4748 et
3113 4698 3439 4764 orationem,
3473 4710 3527 4756 et
3551 4701 3655 4757 hu-

2074 4776 2373 4832 militatem.
2400 4777 2482 4832 Ad
2503 4795 2649 4849 quem
2675 4781 2835 4846 enim,
2869 4785 3057 4852 inquit,
3086 4789 3350 4856 respiciam
3376 4793 3474 4845 nisi
3500 4809 3656 4863 super

2073 4867 2332 4935 humilem,
2361 4879 2408 4922 et
2435 4872 2674 4941 quietum,
2707 4882 2750 4926 et
2778 4875 3028 4928 timentem
3056 4879 3202 4932 verba
3233 4899 3341 4934 mea
3371 4882 3524 4950 (Isat'.
3559 4889 3647 4944 66.

2071 4960 2166 5030 2)?
2200 4961 2402 5031 Ubique
2431 4973 2605 5017 autem
2651 4967 2904 5021 orationis
2933 4969 3228 5025 vehiculum
3259 4973 3526 5033 invenitur
3556 4979 3644 5034 ltu-

2073 5055 2289 5110 militas.
2345 5057 2514 5127 Prope
2561 5061 2701 5113 enim
2745 5071 2827 5115 est
2879 5062 3132 5120 Dominus
3183 5072 3424 5126 contritis
3469 5075 3650 5130 corde.

2072 5147 2291 5218 Oportet
2317 5150 2495 5219 itaque
2516 5166 2636 5204 cum
2661 5155 2749 5221 qui
2776 5164 2887 5206 orat
2911 5157 3140 5211 maxime
3163 5159 3376 5214 liberari
3395 5177 3425 5214 a
3448 5170 3655 5220 tumore

2073 5255 2134 5294 ac
2160 5240 2317 5294 fastu.
2347 5241 2500 5309 Quod
2529 5243 2686 5297 etiam
2717 5242 2909 5299 Paulus
2941 5248 3128 5315 quaerit
3151 5288 3170 5314 ,
3215 5249 3398 5305 dicens
3421 5267 3436 5305 :
3459 5253 3655 5324 Absque

2071 5337 2148 5388 ira
2163 5343 2210 5387 et
2226 5335 2582 5405 disceptatione
2596 5336 2642 5406 (l
2657 5376 2670 5390 .
2690 5335 2823 5390 Tim.
2843 5337 2896 5391 ἓ.
2914 5338 2990 5408 8).
3016 5339 3179 5394 Recte
3205 5343 3355 5406 dixit,
3373 5343 3654 5402 Clamorem

2072 5445 2378 5497 pauperum,
2430 5443 2620 5498 nempe
2665 5430 2857 5483 mentis
2901 5429 3267 5498 affectionem,
3319 5449 3425 5489 non
3473 5447 3650 5494 autern

2138 5583 2685 5661 tiliaecinterpretalio
2703 5595 2781 5638 est
2809 5590 3018 5661 Aquila.
3044 5596 3198 5661 Paulo
3221 5594 3430 5661 post,iin
3451 5599 3652 5661 populis

2071 5645 2474 5719 machinationes
2471 5647 2621 5719 “ejus,
2675 5651 2778 5719 διες
2821 5645 3174 5719 interpretatio
3218 5645 3296 5707 est
3337 5645 3650 5719 ’8γῶώὶξίιῖ

2071 5709 2172 5756 Sed
2195 5706 2444 5770 Agellius,
2471 5706 2696 5773 Drusius,
2716 5706 2995 5777 Corderius,
3015 5724 3068 5766 et
3085 5706 3280 5780 quidam
3305 5706 3652 5783 ué’JquéHE

2072 5797 2202 5842 artes
2241 5792 2347 5854 eius
2375 5793 2478 5856 (τὰς
2515 5797 2726 5858 μηχανὰς
2751 5798 2938 5861 αὐτοῦ).
2968 5800 3264 5853 Hebraicum
3295 5783 3648 5866 est
