4140 6356
368 331 464 390 151

368 445 513 502 vocis
538 440 920 505 intcnsionem;
950 452 1068 492 cum
1097 445 1276 491 autem
1305 435 1464 498 dicit,
1499 430 1620 486 Non
1645 440 1715 485 est
1741 430 1950 494 oblitus,

365 538 686 610 significavit
729 551 823 591 eos
867 535 1116 588 invocare
1163 530 1411 596 assidue,
1456 538 1511 583 et
1552 539 1728 582 tamen
1774 542 1880 580 non
1923 539 1954 578 a

367 631 629 700 principio
647 628 878 697 assequi.
902 625 1038 692 Quid
1060 632 1142 678 est
1165 638 1293 693 ergo
1312 621 1453 692 quod
1475 620 1634 674 dicit?
1658 618 1736 673 Ne
1757 617 1954 688 putetis

368 725 534 779 Deum
561 736 681 777 esse
701 720 944 784 oblitum,
965 728 1016 772 et
1038 717 1158 770 ideo
1178 731 1284 770 non
1312 714 1477 768 ultmn
1502 727 1654 767 esse:
1674 710 1791 781 ejus
1811 710 1954 764 enim

369 825 453 870 est
476 815 772 884 proprium,
797 827 858 866 ea
885 825 1002 879 quae
1029 817 1152 862 sunt
1177 806 1438 878 ejusmodi
1459 819 1721 875 quaerere,
1747 802 1955 858 etiarnsi

373 923 531 963 nemo
558 914 736 976 roget;
764 903 976 974 quando
1005 910 1179 956 autem
1209 910 1414 969 rogant,
1439 907 1494 954 et
1514 899 1603 968 qui
1631 906 1819 967 rogant
1835 905 1959 951 sunt

373 1000 598 1054 humiles
623 1040 637 1062 ,
683 997 852 1052 multo
881 996 1069 1065 magis.
1115 995 1201 1049 H.
1244 993 1484 1048 Miserere
1525 993 1660 1058 mei,
1710 991 1955 1056 Domine,

372 1094 483 1146 vide
502 1092 835 1145 humilitatem
860 1105 1021 1142 meam
1045 1088 1105 1142 de
1126 1089 1342 1141 inimicis
1362 1089 1504 1141 meis.
1529 1088 1616 1142 15.
1646 1086 1745 1153 Qui
1765 1087 1959 1140 exultas

374 1201 451 1238 me
477 1185 540 1238 de
575 1183 733 1253 portis
762 1182 934 1234 mortis
957 1220 972 1245 ,
1014 1188 1067 1233 ut
1113 1179 1407 1232 annuntiem
1437 1194 1607 1231 omnes
1644 1177 1960 1230 laudationes

374 1287 486 1330 tuas
513 1276 564 1330 in
595 1275 749 1344 portis
777 1274 900 1341 ﬁlia:
934 1271 1081 1326 Sion.
1126 1271 1273 1324 Alius
1297 1311 1310 1333 ,
1357 1269 1677 1339 llymnorum
1718 1267 1961 1321 decanta-

375 1369 532 1422 tiones
577 1375 710 1419 tuas.
751 1364 921 1430 Alius,
960 1361 1160 1416 Laudes
1206 1371 1338 1416 tuas.
1381 1361 1512 1415 Vide
1558 1377 1676 1415 eum
1707 1372 1962 1430 perpetuo

376 1460 603 1515 orationi
646 1459 888 1512 affixum.
918 1459 960 1510 Α
987 1457 1143 1510 malis
1171 1457 1310 1510 enim
1343 1455 1597 1508 liberatus
1617 1493 1630 1518 ,
1675 1464 1729 1507 et
1769 1453 1820 1507 in
1850 1462 1964 1507 tuto

377 1553 693 1612 collocatus,
734 1565 840 1604 non
869 1557 1046 1604 cessat
1072 1562 1256 1601 rursus
1277 1560 1432 1600 orare
1452 1587 1465 1608 ,
1489 1545 1694 1608 dicens,
1727 1542 1966 1598 Miserere

380 1645 498 1706 mei,
527 1651 581 1696 et
606 1657 795 1711 rogare
821 1656 940 1694 eum
971 1653 1065 1708 pro
1091 1637 1300 1692 futuris.
1327 1637 1550 1702 Semper
1576 1635 1719 1691 enim
1747 1651 1965 1706 egemus

381 1733 475 1788 Dei
522 1730 887 1802 providentia;
939 1729 1170 1783 maxime
1208 1737 1385 1782 autem
1430 1727 1556 1781 dum
1603 1727 1892 1782 liberamur
1935 1743 1963 1781 a

382 1826 554 1881 malis.
589 1824 746 1879 Aliud
787 1824 926 1877 enim
975 1823 1169 1878 bellum
1214 1821 1411 1890 excipit
1459 1821 1622 1890 priori
1661 1819 1961 1888 difficilius,

381 1916 643 1972 socordiae
670 1923 725 1970 et
754 1915 1107 1984 arrogantiae;
1146 1921 1272 1968 tunc
1298 1914 1438 1968 enim
1484 1914 1649 1982 spirat
1675 1912 1967 1968 vehemeno

385 2011 490 2064 tius
515 2009 777 2064 diabolus.
802 2006 980 2074 Quare
1005 2006 1236 2060 maxime
1256 2014 1532 2075 postquam
1561 2005 1762 2059 liberati
1785 2020 1969 2061 sumus

384 2118 415 2155 a
439 2100 594 2156 malis
614 2142 628 2165 ,
672 2101 762 2155 illo
787 2113 920 2169 opus
945 2098 1202 2154 habemus
1227 2099 1421 2152 auxilio
1443 2139 1457 2160 ,
1499 2106 1556 2151 ut
1585 2097 1737 2152 facile
1763 2114 1849 2152 res
1882 2112 1969 2152 se-

383 2193 588 2249 cundas
629 2192 881 2248 feramus.
937 2191 1070 2245 Nam
1115 2189 1286 2246 Judaei
1333 2205 1546 2259 quoque
1587 2191 1654 2243 ab
1701 2189 1971 2261 {Egyptiis

382 2284 610 2350 liberati,
639 2283 870 2353 graviori
901 2281 1043 2336 bello
1069 2281 1430 2346 vexabantur,
1459 2283 1761 2352 arrogantia
1792 2291 1846 2336 et
1884 2298 1971 2336 so-

383 2376 587 2432 cordia.
617 2374 768 2429 Tunc
794 2375 970 2444 itaque
997 2373 1226 2428 maxime
1251 2372 1632 2436 moriebantur,
1667 2381 1724 2426 ιιι
1751 2374 1840 2442 qui
1866 2389 1970 2427 non

383 2481 606 2542 possent
634 2482 781 2527 recte
805 2471 1002 2526 ducere
1039 2469 1353 2524 exercitum.
1394 2468 1528 2536 Quia
1569 2470 1712 2522 enim
1744 2484 1842 2523 nec
1869 2469 1968 2523 ad-

385 2577 572 2616 versus
603 2563 886 2632 ingluviem
908 2605 922 2626 ,
955 2576 1056 2615 nec
1093 2560 1349 2614 adversus
1373 2559 1566 2628 abjecti
1595 2559 1760 2613 animi
1787 2560 1972 2613 vitium

386 2653 463 2727 (a)
495 2656 700 2710 fortiter
743 2656 797 2710 in
825 2656 941 2710 acie
971 2661 1266 2718 steterunt,
1313 2652 1405 2707 sed
1448 2651 1823 2724 Aﬁgyptiorum
1851 2654 1976 2707 vitia

386 2756 510 2802 sunt
529 2747 784 2810 :emulati,
808 2762 868 2800 ea
899 2746 1020 2800 illos
1045 2743 1413 2814 perdiderunt.
1438 2744 1602 2798 David
1623 2759 1834 2816 quoque
1853 2761 1975 2801 cum

385 2847 440 2892 et
463 2853 491 2891 a
519 2837 693 2894 Sainlis
719 2837 1121 2893 difficultatibus
1146 2879 1162 2903 ,
1194 2845 1251 2892 et
1274 2837 1340 2892 ab
1366 2837 1485 2890 aliis
1511 2837 1763 2893 omnibus
1799 2837 1972 2893 hosti-

386 2932 486 2986 bus
513 2931 700 2986 fuisset
725 2930 978 2986 liberatus
1004 2947 1016 2983 :
1041 2937 1322 3000 postquam
1362 2930 1593 2999 quietem
1625 2938 1678 2985 et
1706 2929 1980 2985 laxamen-

389 3032 500 3078 tum
553 3032 869 3093 assequutus
914 3030 1036 3086 est,
1091 3021 1363 3075 difficilius
1416 3021 1608 3076 bellum
1661 3037 1848 3092 passus
1899 3030 1981 3077 est

389 3117 768 3184 incontinentis
791 3116 1117 3185 cupiditatis,
1149 3117 1288 3187 quod
1316 3131 1437 3171 eum
1458 3117 1619 3172 etiam
1645 3117 1832 3186 majori
1854 3130 1981 3186 sup—

392 3208 551 3279 plicio
578 3209 774 3263 affecit.
808 3208 1068 3276 Quocirca
1113 3217 1236 3262 tunc
1266 3208 1498 3263 maxime
1539 3208 1830 3263 timendum
1851 3217 1978 3272 'est,

393 3301 609 3371 quando
641 3298 894 3354 fuerimus
923 3299 1134 3354 liberati
1161 3299 1230 3354 ab
1254 3301 1525 3354 aerumnis.

467 3391 519 3444 7.
551 3388 1010 3457 Quemadmodum
1041 3390 1184 3444 enim
1213 3390 1482 3460 alligatam
1511 3390 1733 3445 bestiam
1775 3406 1878 3444 non
1911 3391 1980 3444 ita

395 3482 681 3546 timemus,
725 3489 785 3534 ut
823 3481 1071 3535 emissam
1106 3497 1120 3534 :
1158 3481 1229 3534 ita
1272 3481 1431 3534 etiam
1453 3480 1638 3534 vitium
1667 3496 1774 3534 non
1804 3489 1887 3535 est
1912 3483 1984 3535 ita

398 3573 691 3628 timendum
749 3573 804 3626 in
851 3566 1165 3636 afﬂictione;
1215 3581 1346 3627 tunc
1391 3572 1533 3628 enim
1586 3572 1855 3642 alligatum
1903 3581 1987 3628 est

396 3669 589 3723 animae
616 3665 950 3736 mgritudine.
978 3675 1034 3721 et
1060 3666 1176 3720 aliis
1204 3665 1429 3721 vinculis
1456 3683 1468 3719 :
1492 3665 1584 3720 sed
1609 3673 1728 3734 post
1752 3667 1985 3735 quietem

400 3768 456 3814 et
481 3759 849 3813 remissionem
878 3757 1110 3811 maxime
1137 3755 1431 3811 timendum
1460 3765 1562 3812 est.
1597 3755 1665 3810 Et
1694 3755 1814 3811 ideo
1843 3769 1988 3825 stepe

401 3849 608 3903 videbis
649 3862 932 3918 prosperos
968 3863 1147 3902 rerum
1193 3861 1472 3902 successus
1499 3847 1698 3915 majora
1727 3847 1866 3901 mala
1896 3862 1989 3918 pa-

402 3955 560 4004 rere,
607 3955 768 4010 quam
812 3937 903 3995 res
938 3939 1210 3993 adversas.
1255 3939 1332 3992 Ita
1369 3940 1528 3992 etiam
1572 3937 1830 3994 Ezechias
1874 3946 1992 4008 post

402 4044 664 4102 tropaeum
691 4038 808 4086 erat
835 4032 1125 4100 periturus.
1168 4029 1425 4098 Quocirca
1468 4029 1580 4099 ipse
1624 4044 1836 4100 quoque
1866 4029 1991 4083 alibi

402 4124 568 4180 dicit:
591 4123 792 4178 Bonum
812 4124 955 4188 mihi,
983 4124 1119 4194 quod
1145 4141 1220 4178 me
1241 4123 1520 4177 humiliain
1541 4121 1712 4196 (Psal.
1733 4122 1852 4178 “8.
1877 4121 1988 4193 7i).

405 4217 608 4285 Quaerit
631 4228 806 4272 autem
833 4217 1252 4272 misericordiam
1282 4218 1440 4273 etiam
1463 4226 1582 4286 post
1602 4219 1991 4282 liberationem,

407 4318 465 4364 et
493 4309 648 4364 affert
674 4323 888 4363 causam
918 4309 1188 4379 petitionis
1215 4308 1629 4371 misericordia),
1675 4309 1817 4379 quod
1857 4310 1996 4364 male

407 4401 478 4455 sit
513 4400 752 4454 allectus.
793 4399 916 4453 Vide
941 4401 1081 4454 enim
1113 4401 1444 4453 humilitatem
1474 4417 1637 4454 nteam
1675 4401 1738 4454 de
1774 4401 1996 4454 inimicis

409 4485 554 4550 meis,
581 4491 636 4539 et
653 4483 810 4537 aliam
832 4464 1048 4537 rursus':
1072 4483 1173 4550 Qui
1200 4485 1392 4538 exaltas
1423 4500 1501 4537 me
1523 4484 1586 4538 de
1605 4485 1762 4554 portis
1799 4487 1994 4540 mortis.

415 4573 496 4628 Ad
525 4588 648 4628 eum
676 4572 818 4627 enim
849 4573 936 4639 qui
968 4573 1271 4638 auxiliatur,
1303 4574 1514 4643 meique
1541 4589 1724 4629 curam
1755 4576 1909 4645 gerit,
1939 4591 2001 4629 ac

418 4679 632 4733 semper
656 4678 843 4717 manus
875 4661 1002 4717 mihi
1029 4663 1250 4733 praebet,
1283 4663 1548 4735 confugio.
1578 4665 1767 4720 Vidisti
1793 4681 1915 4721 eum
1949 4667 2000 4720 in

418 4757 713 4811 futurorum
738 4757 992 4826 petitione
1014 4773 1109 4826 pro
1129 4759 1412 4826 prteteritis
1431 4761 1588 4814 etiam
1606 4762 1802 4830 gratias
1822 4776 2002 4832 agere,

416 4857 472 4902 et
515 4848 710 4916 duplex
737 4847 917 4903 dicere
957 4849 1315 4903 beneficium?
1354 4850 1467 4905 Non
1519 4853 1659 4905 enim
1699 4851 1858 4917 dixit,
1903 4854 2002 4919 Qui

421 4940 615 4994 liberas
643 4955 729 4994 me
756 4939 824 4994 de
852 4943 1016 5008 portis
1036 4941 1242 5006 mortis,
1274 4941 1389 5006 sed,
1415 4941 1516 5006 Qui
1541 4944 1737 4998 exaltas
1766 4961 1862 4997 me.
1887 4943 2003 4999 Non

421 5030 564 5083 enim
597 5029 647 5082 in
676 5043 862 5084 eorum
903 5029 1057 5083 malis
1102 5038 1304 5084 tantum
1347 5032 1616 5086 solvendis
1656 5033 1889 5088 substitit
1915 5035 2004 5088 Dei

423 5121 735 5177 beneficium
760 5119 885 5176 :sed
911 5119 1035 5175 fecit
1057 5135 1150 5176 eos
1177 5122 1336 5176 etiam
1362 5122 1722 5188 admirabiles,
1751 5125 2004 5196 insignes,

422 5225 479 5272 et
498 5215 772 5271 clariores.
793 5213 908 5269 Non
930 5213 1061 5268 dixit
1078 5223 1277 5281 autem,
1297 5216 1378 5270 Ex
1403 5226 1572 5288 porta,
1592 5218 1706 5281 sed,
1729 5217 1810 5273 Ea:
1827 5221 2006 5290 portis,

486 5419 559 5480 (a)
597 5425 645 5466 tn
667 5425 844 5474 crteco,
881 5429 967 5478 πρὸς
1000 5429 1264 5480 μαροψυχὶανη
1282 5419 1431 5480 Porro
1465 5425 1557 5461 vox
1578 5419 1758 5480 prterea,
1782 5428 2009 5480 μικρψδχίμ,

429 5475 554 5549 apud
575 5488 738 5549 Patres
767 5475 1129 5549 scriptoresun
1151 5475 1527 5549 :ecclesiasticos.
1551 5475 1791 5549 significat
1845 5475 2012 5548 simul-

428 5536 587 5606 tatem,
614 5536 974 5606 contentionem,
1009 5536 1302 5606 dissidiunt;
1343 5539 1433 5606 etsi
1459 5536 1775 5606 prima_illius
1799 5540 1930 5606 vocis
1952 5541 2014 5587 si-

429 5601 672 5669 gniﬁcatio
693 5604 773 5669 sit,
797 5600 1010 5669 dejectus
1032 5606 1078 5651 et
1096 5601 1300 5669 pusillus
1316 5600 1523 5669 animus.
1551 5600 1666 5669 vide
1689 5613 1798 5662 qute
1821 5601 1870 5669 in
1893 5600 2016 5650 hanc

431 5660 602 5714 vocem
624 5663 837 5712 diximus
852 5660 908 5710 in
946 5660 1247 5712 Onomastieo
1270 5662 1328 5711 ad
1353 5660 1590 5709 Athanasii
1613 5660 1786 5722 Opera.
1809 5668 1907 5710 Hoc
1928 5675 2014 5709 au-

429 5732 532 5776 tem
554 5725 936 5786 locorutrutnque
959 5723 1168 5786 intelligi
1183 5737 1327 5786 posse
1351 5722 1558 5781 videtur,
1573 5729 1642 5782 et,
1667 5723 1918 5786 ahjertum,
1945 5731 2013 5783 et,

435 5787 499 5836 ad
525 5784 1077 5848 rebellandum—pronum
1098 5784 1326 5837 animum.

1070 324 1124 380 S.
1163 316 1441 379 JOANNlS
1476 310 1956 375 CHRYSOSTOMI
1995 313 2311 371 ARCIIIEP.
2352 308 2882 370 CONSTANTINOP.

3549 315 3650 372 152

2062 427 2226 481 multa
2271 427 2504 497 pericula
2548 429 2873 498 significans.
2911 430 2978 485 Ut
3016 433 3310 487 annuntiem
3335 446 3505 491 amnes
3533 439 3648 492 latr

2063 521 2290 578 dationes
2330 533 2442 578 tuas
2483 526 2536 578 in
2565 527 2724 594 portis
2765 527 2888 594 ﬁlia:
2935 529 3082 584 Sion.
3130 531 3280 600 Quod
3327 535 3496 590 suasit
3532 537 3654 594 aliis

2064 613 2259 679 facere,
2286 615 2398 684 ipse
2419 615 2542 670 facit
2564 634 2577 672 :
2603 619 2914 673 Annuntiate
2933 622 3094 686 enim,
3121 625 3306 696 inquit,
3331 628 3462 682 inter
3485 643 3653 702 gentes

2064 706 2233 758 studia
2259 708 2386 776 ejus.
2419 707 2532 761 Hoc
2559 723 2658 778 ego
2683 725 2894 781 quoque
2925 730 3063 768 nunc
3091 715 3278 771 faciam
3300 759 3315 786 ,
3343 729 3399 774 et
3427 737 3532 776 non
3565 739 3654 778 so-

2066 798 2342 853 lummodo
2375 798 2562 854 faciam
2601 817 2709 856 uno
2744 813 3023 872 praesente,
3060 809 3143 862 vel
3193 807 3419 878 duobus,
3447 813 3532 870 vel
3565 817 3658 870 tri-

2067 890 2187 958 bus,
2231 890 2325 946 sed
2366 891 2417 945 in
2450 893 2630 948 medio
2671 894 2897 950 theatro.
2932 899 3020 953 16.
3054 899 3333 956 Exsultabo
3361 905 3414 959 in
3443 909 3657 963 salutari

2068 991 2173 1036 tuo.
2209 982 2319 1038 lloc
2361 994 2445 1039 est
2490 986 2618 1039 mihi
2646 1002 2875 1052 corona,
2911 989 3010 1044 hoc
3053 991 3292 1048 diadema
3314 1036 3329 1062 ,
3359 1009 3578 1068 propter
3607 1010 3658 1056 te

2068 1083 2324 1144 tropmum
2369 1077 2596 1147 erigere,
2651 1090 2868 1148 propter
2915 1093 2965 1136 te
3007 1085 3232 1140 salulem
3285 1088 3529 1160 adipisci.
3580 1092 3654 1146 lta

2069 1166 2228 1219 etiam
2275 1179 2373 1221 nos
2415 1183 2628 1237 quoque
2667 1186 2968 1239 quaeramus
3001 1191 3108 1228 non
3150 1178 3369 1233 omnino
3411 1183 3611 1235 servari
3637 1223 3653 1243 ,

2069 1273 2173 1311 non
2203 1261 2423 1314 omnino
2451 1277 2478 1315 a
2512 1263 2665 1316 malis
2694 1264 2944 1328 liberari,
2988 1267 3080 1322 sed
3123 1271 3414 1326 secundum
3462 1273 3652 1329 Deum.

2071 1347 2184 1403 Hoc
2207 1359 2383 1403 autem
2414 1350 2535 1406 dico
2576 1364 2796 1422 propter
2839 1371 2932 1410 eos
2966 1359 3053 1427 qui
3098 1359 3149 1413 in
3199 1362 3399 1418 morbis
3437 1375 3659 1420 utuntur

2071 1440 2535 1510 incantationibus,
2569 1454 2620 1499 et
2640 1445 2771 1500 alias
2791 1450 3073 1518 exquirunt
3096 1455 3388 1524 praestigias
3417 1456 3480 1510 ad
3505 1473 3654 1512 suam

2071 1529 2348 1587 levandam
2396 1535 2786 1603 aegritudinem.
2833 1537 2944 1594 Hoc
2981 1543 3122 1595 cnim
3155 1559 3258 1598 non
3289 1555 3369 1601 est
3411 1550 3654 1614 servari,

2073 1620 2165 1675 sed
2198 1623 2391 1690 perire.
2440 1625 2666 1682 Maxima
2715 1629 2856 1683 enim
2903 1634 3046 1688 salus
3087 1643 3168 1689 est
3212 1652 3307 1704 per
3345 1635 3507 1692 Deum
3539 1654 3657 1698 esse

2071 1721 2362 1768 servatum.
2409 1715 2596 1792 Inﬁxa:
2634 1730 2749 1774 sunt
2778 1733 2949 1792 gentes
2984 1726 3038 1778 in
3079 1727 3310 1794 interitu,
3345 1747 3490 1799 quem
3520 1733 3654 1804 fere.-

2071 1816 2208 1859 runt.
2255 1809 2424 1872 Alius,
2473 1810 2739 1868 lmmersa:
2781 1827 2896 1870 sunt
2932 1817 3026 1890 (a).
3072 1818 3342 1878 lnteritum
3386 1827 3500 1883 sive
3538 1839 3659 1883 co‘r-

2073 1900 2372 1967 ruptionem
2399 1902 2529 1957 dicit
2558 1905 2742 1960 vitium
2768 1925 2780 1958 :
2806 1908 2936 1963 nihil
2969 1912 3108 1966 enim
3154 1929 3304 1983 teque
3333 1921 3654 1990 corrumpit,

2074 2001 2131 2045 ut
2151 1993 2357 2047 vitium.
2381 1994 2628 2065 lmprobo
2653 2000 2793 2054 enim
2819 1999 3032 2058 homine
3052 2004 3185 2059 nihil
3205 2015 3287 2062 est
3308 2007 3653 2076 imbecillius;

2078 2087 2305 2155 prepriis
2333 2091 2498 2143 armis
2526 2093 2732 2162 capitur
2760 2094 3113 2164 vinciturque.
3146 2108 3204 2153 ut
3230 2099 3426 2156 ferrum
3455 2118 3484 2157 a
3511 2105 3656 2158 rubi-

2075 2179 2220 2247 gine,
2250 2189 2304 2234 et
2329 2182 2447 2235 lana
2470 2197 2497 2235 a
2522 2185 2657 2237 tinea
2684 2203 2696 2238 :
2718 2186 2786 2239 ita
2814 2187 2968 2241 etiam
2994 2188 3267 2260 improbus
3293 2209 3320 2245 a
3345 2196 3489 2251 vitio.
3508 2195 3662 2252 Unda

2077 2271 2235 2324 etiam
2265 2283 2389 2327 ante
2419 2276 2736 2344 supplicium
2760 2279 2898 2348 quod
2927 2296 2957 2334 a
2984 2281 3091 2336 Deo
3123 2283 3363 2353 infertur,
3389 2287 3558 2358 ipsum
3583 2294 3661 2343 vis

2083 2363 2210 2415 tium
2243 2365 2308 2416 ab
2330 2379 2396 2418 eo
2421 2368 2508 2435 qui
2539 2367 2588 2420 id
2620 2367 2946 2440 facitpaznas
2971 2375 3149 2445 exigit.
3175 2377 3304 2444 Quia
3337 2381 3476 2434 enim
3499 2385 3664 2438 multa

2078 2454 2145 2507 de
2167 2469 2394 2524 superna
2418 2459 2618 2527 justitia
2647 2461 2917 2529 disseruit,
2951 2475 3004 2520 et
3032 2467 3099 2522 de
3129 2470 3217 2523 Dei
3247 2472 3464 2539 auxilio,
3495 2475 3664 2544 ipsum

2080 2555 2254 2601 autem
2287 2565 2391 2601 non
2419 2551 2593 2604 statim
2611 2555 2774 2620 venit,
2794 2555 2889 2610 sed
2910 2567 3187 2613 cunctatur
3202 2571 3256 2616 et
3272 2561 3466 2628 differt,
3489 2567 3666 2622 ethoc

2083 2639 2276 2693 llttlllOS
2303 2640 2465 2695 efficit
2485 2642 2805 2712 ignaviores,
2831 2649 3066 2703 ostendit
3089 2666 3206 2706 esse
3234 2652 3284 2706 in
3319 2653 3522 2711 foribus
3542 2672 3667 2727 ευρ-ι

2083 2732 2319 2800 plicium,
2336 2736 2572 2790 etmalos
2588 2735 2640 2790 id
2657 2741 2880 2808 perpeti,
2897 2741 3032 2796 sicut
3047 2743 3174 2798 dicit
3188 2744 3344 2799 etiam
3357 2746 3554 2806 Paulus
3571 2750 3588 2803 ε’
3600 2749 3668 2804 Et

2082 2826 2361 2880 mercedem
2380 2844 2529 2898 quant
2561 2833 2780 2900 oportuit
2800 2835 2986 2888 erroris
3007 2837 3086 2890 sui
3103 2837 3154 2890 in
3183 2839 3360 2909 seipsis
3379 2843 3668 2910 recipientes

2087 2918 2260 2988 (Rom.
2293 2922 2342 2974 l.
2370 2921 2485 2992 27).
2513 2923 2641 2978 Vide
2664 2934 2839 2980 autem
2869 2943 3025 2997 quam
3054 2931 3266 2999 proprie
3287 2941 3463 2987 utatur
3483 2934 3670 2989 dictio-

2084 3011 2257 3066 nibus.
2306 3011 2492 3082 ltt/ixa:
2532 3027 2683 3082 sunt;
2722 3018 2822 3072 hoc
2860 3030 2969 3084 est,
3008 3036 3100 3089 per
3130 3021 3233 3075 vim
3263 3032 3484 3079 retentae
3510 3039 3668 3091 Sunt,

2084 3114 2209 3158 sunt
2256 3105 2304 3160 ei
2351 3106 2685 3163 inevitabiles
2729 3119 2927 3178 parate
2975 3112 3200 3167 insidiae.
3245 3115 3310 3169 Et
3354 3130 3560 3180 rursus,
3608 3119 3670 3172 lu

2085 3194 2262 3264 laqueo
2299 3197 2397 3250 isto
2425 3214 2573 3269 quem
2613 3201 3004 3268 abscondet-unt,
3047 3206 3438 3273 comprehensus
3475 3217 3546 3262 est
3588 3225 3674 3278 pes

2087 3301 2280 3340 eorum.
2315 3286 2572 3352 Vinculis,
2605 3290 2794 3362 inquit,
2824 3308 2942 3363 quae
2969 3295 3102 3349 solvi
3131 3309 3419 3367 nequeunt,
3448 3299 3674 3354 adstrin-

2084 3389 2280 3445 guntur
2301 3379 2547 3450 improbi.
2571 3382 2695 3438 llazc
2715 3386 2973 3455 apostolis
2992 3399 3045 3442 et
3065 3387 3266 3445 Judaeis
3289 3406 3669 3448 usuvenerunt.

2087 3469 2308 3536 Quando
2346 3473 2486 3526 enim
2533 3473 2729 3529 bellum
2769 3478 3027 3546 gerebant
3064 3496 3183 3536 cum
3229 3485 3506 3553 apostolis,
3555 3486 3674 3540 illos

2089 3563 2303 3630 quidem
2331 3564 2462 3619 nihil
2495 3566 2778 3636 lzedebant,
2811 3571 2965 3625 malis
2987 3583 3169 3628 autem
3202 3574 3676 3633 innumerabilibus

2091 3655 2296 3723 seipsos
2345 3657 2709 3727 implicabant,
2758 3663 2991 3731 civitate,
3043 3677 3098 3721 et
3137 3667 3414 3734 libertate,
3463 3680 3518 3726 et
3558 3673 3677 3727 aliis

2091 3749 2338 3804 omnibus
2361 3753 2556 3818 eversi,
2583 3763 2639 3809 et
2661 3756 2934 3812 crescebat
2961 3759 3172 3829 quidem
3204 3762 3531 3831 praedicatio,
3560 3764 3674 3819 dis-

2091 3837 2449 3908 perdebantur
2472 3854 2646 3899 autem
2671 3847 2757 3916 qui
2792 3849 3046 3918 parabant
3075 3851 3314 3907 insidias.
3349 3853 3416 3908 Et
3439 3857 3528 3925 qui
3571 3866 3678 3910 tres

2097 3943 2288 3997 pueros
2320 3932 2370 3984 in
2404 3932 2778 4005 Babylonicam
2825 3937 3095 3996 fornacem
3144 3943 3478 3998 immiserunt
3515 3946 3582 4000 ab
3615 3962 3674 4002 ca

2098 4036 2281 4075 rursus
2307 4025 2446 4094 capti
2475 4036 2597 4081 sunt
2637 4029 2709 4100 (b)
2733 4048 2745 4084 :
2768 4030 2912 4100 quod
2952 4034 3110 4087 etiam
3143 4035 3194 4088 in
3226 4035 3443 4093 Daniele
3483 4039 3676 4094 factum

2097 4120 2199 4166 est.
2228 4111 2333 4167 Sed
2380 4115 2430 4168 in
2480 4117 2697 4174 Daniele
2743 4121 2955 4190 quidem
3001 4122 3102 4178 hoc
3131 4126 3326 4181 merito
3353 4129 3574 4195 accidit,
3607 4131 3679 4184 illi

2098 4203 2240 4257 enim
2274 4205 2444 4275 ipsum
2477 4209 2769 4277 injecerant
2795 4230 2808 4266 :
2835 4212 2885 4267 in
2919 4214 3086 4270 tribus
3114 4224 3288 4272 autem
3320 4220 3500 4289 pueris
3524 4221 3681 4292 quid-

2101 4310 2221 4348 nam
2251 4306 2336 4352 est
2363 4297 2415 4351 in
2443 4313 2622 4367 causa,
2654 4303 2794 4372 quod
2818 4320 2938 4358 cum
2967 4321 3061 4361 rex
3087 4320 3377 4378 peccasset,
3401 4312 3436 4366 ii
3461 4314 3547 4382 qui
3575 4324 3684 4369 sta-

2102 4390 2230 4444 bant
2252 4400 2374 4446 ante
2402 4392 2670 4450 fornacem
2693 4437 2707 4460 ,
2740 4399 3073 4467 puniuntur?
3109 4401 3369 4468 Quoniam
3414 4406 3450 4460 ii
3475 4421 3686 4478 quoque

2102 4483 2190 4552 qui
2227 4483 2375 4539 fuere
2419 4487 2716 4552 combusti,
2750 4491 2958 4559 tyranni
2995 4491 3170 4561 jussui
3211 4495 3596 4563 inservierant,
3633 4509 3688 4552 et

2104 4587 2318 4628 auream
2347 4584 2574 4630 statuam
2602 4578 2972 4635 adoraverant.
2996 4581 3062 4636 In
3088 4585 3285 4656 laqueo,
3308 4603 3454 4656 quem
3478 4588 3690 4642 abscon-

2106 4666 2306 4722 derant.
2330 4667 2460 4724 Vide
2477 4671 2746 4740 quomodo
2764 4674 3057 4730 ostenderit
3078 4677 3482 4735 inenarrabilem
3503 4695 3688 4736 eormn

2107 4775 2225 4816 esse
2268 4763 2729 4833 vituperationem.
2781 4767 2912 4836 Quia
2957 4771 3098 4825 enim
3145 4771 3285 4841 quod
3341 4772 3518 4840 fiebat,
3577 4788 3693 4829 erat

2110 4852 2322 4922 plenum
2368 4855 2674 4924 ignominia,
2720 4858 2839 4914 ideo
2871 4861 3076 4929 celant,
3122 4872 3177 4918 et
3217 4875 3478 4921 conantur
3503 4867 3690 4922 latere.

2111 4946 2198 4999 17.
2230 4944 2559 5017 Cognoscitur
2600 4948 2846 5004 Dominus
2876 4953 3077 5023 judicia
3122 4954 3336 5024 faciens.
3371 4957 3552 5022 Alius,
3599 4955 3696 5012 Co-

2111 5039 2280 5107 gnitus
2308 5049 2379 5095 est
2395 5041 2652 5112 judicium
2674 5044 2882 5114 faciens.
2905 5045 3020 5101 Hoc
3040 5055 3123 5101 est
3145 5049 3390 5117 puniens,
3412 5050 3692 5114 ulciscens,

2114 5145 2457 5201 persequens.
2488 5132 2680 5188 Vidisti
2707 5135 2848 5190 aliud
2876 5151 3045 5206 genus
3076 5138 3320 5195 beneficii
3363 5157 3428 5195 ex
3469 5141 3694 5210 castiga~

2179 5343 2256 5405 (a)
2293 5343 2411 5391 Heb.
2439 5339 2609 5406 137313.
2639 5352 2748 5393 Ita-rc
2792 5345 3132 5406 interpretatio
3155 5346 3346 5394 videtur
3369 5347 3565 5394 omnino
3588 5360 3700 5398 esse

2110 5407 2249 5469 juxta
2264 5405 2607 5466 Symmachum,
2620 5408 2701 5468 qui
2715 5419 2883 5455 vocem
2899 5405 3089 5466 manu
3105 5407 3252 5456 vertit
3265 5414 3444 5468 Graece,
3465 5420 3700 5469 ιεαττισοην,

2118 5477 2210 5525 hoc
2232 5482 2325 5534 est,
2341 5474 2594 5525 immersus
2615 5491 2742 5534 sunt.
2761 5476 2932 5526 Psalm.
2965 5478 3044 5527 68.
3061 5479 3113 5526 5.

2181 5536 2256 5600 (b)
2289 5536 2430 5585 savii.
2459 5551 2470 5585 :
2505 5555 2527 5583 α
2551 5546 2661 5588 mea
2683 5552 2793 5602 pars
2809 5540 3042 5597 historiae,
3065 5550 3176 5602 qua:
3211 5539 3478 5602 etiamnum
3503 5537 3551 5586 in
3575 5537 3724 5587 ςιωιι

2119 5600 2227 5649 daao
2265 5605 2704 5665 exstat,__tempore
2728 5600 3159 5665 _Chrysostomi,'ut
3195 5601 3496 5665 videtur,__in
3531 5603 3708 5665 cra-cis

2123 5665 2270 5726 etiam
2300 5661 2547 5726 codicibus
2573 5660 2984 5726 _exstabat,'_quae
3029 5676 3158 5711 nunc
3200 5664 3249 5710 in
3280 5660 3534 5726 _omnibus,
3578 5661 3707 5723 quod

2126 5724 2293 5785 sciam,
2309 5725 2485 5771 Graecis
2508 5722 2714 5785 vulgatis
2733 5721 3059 5785 desideratur.
3085 5739 3107 5770 ι
3138 5731 3188 5773 In
3209 5721 3408 5785 vulgata
3431 5721 3607 5772 tamen
3623 5735 3708 5771 no-

2131 5791 2231 5833 stra
2253 5783 2448 5846 legitur.
2475 5783 2655 5835 Daniel.
2679 5787 2726 5835 5.
2740 5784 2817 5833 92.
