4140 6356
426 413 521 468 {Si

415 528 543 583 λουν
573 527 788 590 ἐκεῖνοι,
819 524 910 578 καί⁵
940 525 1040 578 οὐκ
1071 525 1136 578 ἐκ
1166 524 1462 596 προοιμίων
1501 524 1793 594 ἐτύγχανον
1825 533 1874 576 ο.
1911 521 1976 574 Τί

420 622 596 674 τοίνυν
628 619 774 672 ἐστὶν
805 617 832 670 ὃ
860 617 1036 686 λέγεις
1083 616 1174 688 Μὴ
1216 617 1470 687 νομίσητε
1514 617 1596 669 ὅτι
1630 615 1921 669 ἐπελάθετο
1955 616 1984 667 ό

419 713 573 776 Θεὸς,
623 711 716 763 καὶ
762 709 850 763 διά
895 707 1052 762 τοῦτο
1078 708 1178 762 οὐκ
1223 707 1513 777 ἐπεξῆλθε·
1542 707 1776 778 καὶγὰρ
1819 707 1982 761 αὐτοῦ

423 801 551 854 ῖδιον
579 801 639 854 τὺ
668 801 734 854 τά
755 799 976 853 τοιαῦτα
1001 797 1202 868 ζητεῖν,
1234 799 1328 852 καὶ
1357 798 1582 867 μηδενὸς
1607 797 1983 868 παρακαλοῦν-

419 906 536 951 τοςο
573 889 700 941 ὅταν
741 887 795 940 δὲ
827 885 1203 957 παρακαλῶσι,
1235 886 1329 938 καὶ
1371 886 1613 938 ταπεινοὶ
1643 887 1692 938 οί
1737 901 1986 956 παρακα-

418 981 635 1044 λοῦντες
657 973 778 1041 ὦσι,
814 977 989 1048 πολλῷ
1015 977 1193 1030 πλέον.
1231 978 1516 1044 Ἐλέησόν
1535 993 1632 1046 με,
1667 977 1862 1043 Κύριε,
1896 975 1985 1029 ἴδε

417 1073 534 1140 τὴν
566 1071 926 1125 ταπείνωσίν
944 1087 1059 1138 μου
1079 1070 1147 1122 ἐκ
1170 1068 1289 1122 τῶν
1306 1067 1533 1138 ἐχθρῶν
1552 1085 1690 1137 μου.
1732 1067 1793 1120 '0
1813 1065 1986 1136 ὑψῶν

415 1182 492 1236 με
513 1165 580 1217 ἐκ
599 1163 717 1216 τῶν
739 1161 949 1217 πυλῶν
968 1163 1071 1216 τοῦ
1093 1159 1371 1224 θανάτου,
1394 1161 1550 1226 ὅπως
1568 1159 1644 1212 ἂν
1664 1157 1984 1227 ἐξαγγείλαι

422 1256 623 1320 πάσας
644 1253 748 1319 τὰς
762 1252 1022 1318 αἱνέσεις
1049 1269 1164 1307 σου
1187 1252 1256 1306 ἐν
1272 1252 1400 1316 ταῖς
1425 1252 1644 1315 πύλαις
1668 1247 1777 1316 τῆς
1807 1253 1984 1317 θυγα-

421 1346 558 1412 τρὸς
605 1345 773 1400 Σιών.
837 1344 1049 1408 Ἀλλος,
1109 1345 1221 1408 Τὰς
1250 1340 1542 1412 ὑμνήσεις
1589 1356 1724 1394 σου.
1767 1337 1981 1400 Ἄλλος,

428 1438 570 1502 Τοὺς
598 1439 884 1503 ἐπαίνους
918 1452 1055 1490 σου.
1088 1435 1230 1504 Ὅρα
1269 1433 1430 1487 αὐτὸν
1462 1430 1722 1502 διηνεκῶς
1745 1433 1811 1500 τῇ
1852 1430 1982 1501 εὐχῇ

422 1528 858 1599 προσηλωμένον.
884 1526 993 1580 Kal
1007 1527 1115 1598 γάρ
1132 1525 1462 1594 ἀπαλλαγεὶς
1475 1525 1583 1577 τῶν
1597 1522 1804 1586 δεινῶν,
1823 1523 1913 1575 καὶ
1926 1524 1985 1576 ἐν

421 1620 684 1690 ἀσφαλείᾳ
696 1620 1000 1689 γενόμενος,
1017 1619 1117 1672 οὐκ
1133 1618 1422 1687 ἀφίσταται
1432 1616 1525 1670 τοῦ
1542 1615 1702 1668 πάλιν
1713 1613 1984 1685 εὐχεσθαι,

421 1713 612 1781 λέγων,
647 1712 940 1780 Ἐλέησόν
953 1730 1049 1781 με,
1075 1713 1168 1765 καὶ
1192 1712 1333 1782 ὑπὲρ
1359 1711 1466 1766 τῶν
1493 1710 1794 1781 μελλόντων
1825 1709 1987 1762 αὐτὸν

425 1805 782 1875 παρακαλῶν.
817 1805 929 1857 ’Δεῖ
959 1807 1055 1875 μὲν
1081 1805 1188 1875 γὰρ
1211 1804 1442 1874 δεόμεθα
1469 1803 1567 1874 τῆς
1587 1801 1679 1856 τοῦ
1700 1800 1834 1855 Θεοῦ
1861 1816 1988 1871 προ-

421 1896 569 1956 νοίας
587 1935 602 1957 ,
634 1895 865 1964 μάλιστα
889 1896 945 1948 δέ
968 1898 1027 1948 ἐν
1050 1899 1114 1965 τῇ
1143 1895 1250 1949 τῶν
1283 1895 1468 1948 κακῶν
1493 1894 1799 1963 ἀπαλλαγῇ.
1833 1894 1988 1945 Ἐτε-

425 2005 516 2058 ρος
527 1987 596 2055 γὰ
606 2005 634 2059 ρ
645 1988 944 2058 διαδέχεται
961 1988 1087 2040 πόλε
1095 2005 1192 2056 μος
1203 1987 1293 2041 τοῦ
1312 1987 1573 2060 προτέρου
1590 1987 1718 2058 χαλε
1725 1985 1865 2040 πῶτε
1872 2001 1984 2058 ρος,

419 2081 448 2131 6
470 2078 569 2148 τῆς
592 2078 880 2149 ῥᾳθυμίας,
907 2081 935 2132 6
956 2079 1053 2150 τῆς
1076 2079 1356 2142 ἀπονοίας·
1383 2081 1477 2132 καὶ
1501 2079 1853 2149 σφοδρότερον
1867 2078 1987 2130 τότε

419 2171 448 2224 ὁ
470 2170 714 2234 διάϐολος
744 2173 886 2226 πνεῖ.
913 2172 1073 2223 Ὥστε
1095 2171 1330 2241 μάλιστα
1367 2171 1502 2242 μετά
1531 2170 1591 2224 τὸ
1611 2169 1988 2240 ἀπαλλαγῆναι

421 2261 528 2313 τῶν
561 2259 767 2332 κακῶν,
790 2261 1021 2331 δεόμεθα
1046 2261 1148 2331 τῆς
1175 2261 1344 2332 ῥοπῆς
1368 2260 1601 2330 ἐκείνης,
1635 2260 1721 2313 ἵνα
1754 2258 1990 2323 εὐκόλως

421 2353 520 2415 τὰς
567 2330 863 2424 εὐημερίας
893 2352 1224 2422 ἐνέγκωμεν.
1267 2349 1417 2403 Ἐπεὶ
1459 2350 1553 2402 καὶ
1609 2349 1848 2404 Ἰουδαῖοι
1880 2349 1990 2402 τῶν

424 2443 736 2511 Αἰγυπτίων
765 2443 1189 2511 ἀπαλλαγέντες,
1233 2442 1290 2494 ἐν
1325 2441 1546 2511 χαλεπῳ
1573 2435 1712 2512 ἦσαν
1744 2437 1986 2511 πολέμῳ,

425 2539 491 2606 τῇ
521 2535 746 2607 ἀπονοίᾳ
775 2536 868 2590 καὶ
896 2539 960 2606 τῇ
998 2534 1259 2607 ῥαθυμίᾳ.
1296 2533 1428 2587 Τότε
1453 2532 1584 2601 γοῦν
1622 2531 1854 2602 μάλιστα
1897 2533 1992 2585 καὶ

426 2625 714 2687 ἀπέθανον,
730 2625 806 2696 μὴ
821 2623 1132 2693 δυνηθέντες
1149 2620 1526 2692 στρατηγῆσαι
1544 2617 1745 2682 καλῶς.
1775 2617 1992 2688 Ἐπειδὴ

426 2718 532 2790 γὰρ
577 2718 699 2770 οὔτε
741 2717 876 2789 πρὸς
898 2715 1249 2787 λαιμαργίαν,
1288 2713 1410 2767 οὐτε
1451 2711 1588 2784 πρὸς
1629 2709 1992 2782 μικροψυχίαν

428 2812 658 2880 ἔστησαν
715 2808 994 2877 γενναίως,
1046 2807 1181 2860 ἀλλὰ
1225 2805 1332 2857 τῶν
1373 2802 1681 2873 Αἰγυπτίων
1727 2803 1796 2854 τὰ
1843 2800 1993 2870 πάθη

430 2903 723 2975 ἐζήλωσαν,
749 2899 918 2954 ταῦτα
951 2898 1146 2960 αὐτοὺς
1177 2896 1446 2950 ἀπώλεσε.
1489 2896 1598 2948 Καὶ
1638 2897 1667 2948 ό
1711 2893 1874 2948 Δαυῒδ
1901 2893 1994 2946 ἐπὶ

427 2995 521 3048 τοῦ
557 2993 726 3048 Σαοὺλ
767 2990 1097 3060 ἀπαλλαγεὶς
1142 2989 1250 3043 τῶν
1290 2987 1476 3042 δεινῶν
1525 2989 1618 3043 καὶ
1663 2987 1774 3039 τῶν
1819 2987 1994 3041 ἄλλων

429 3087 720 3159 πολεμίων,
771 3085 957 3157 ἐπειδὴ
1002 3084 1233 3146 ἀνέσεως
1277 3083 1574 3144 ἀπέλαυσε,
1616 3078 1995 3152 χαλεπώτερον

427 3179 634 3250 ὑπέστη
669 3178 921 3246 πόλεμον,
947 3175 1037 3228 τὸν
1067 3174 1165 3243 τῆς
1184 3171 1480 3225 ἀκολάστου
1504 3169 1816 3239 ἐπιθυμίας,
1847 3169 1905 3233 ὃς
1929 3169 1994 3239 δὴ

431 3271 524 3325 καὶ
576 3269 833 3340 μειζόνως
879 3265 1039 3320 αὐτὸν
1086 3264 1330 3316 ἐκόλασε.
1361 3261 1452 3315 Διό
1497 3261 1562 3332 δὴ
1603 3261 1838 3331 μάλιστα
1873 3259 1994 3314 τότε

430 3360 534 3432 χρὴ
564 3358 866 3428 φοϐεῖσθαι,
899 3358 1026 3410 ὃταν
1056 3354 1165 3408 τῶν
1192 3353 1379 3407 δεινῶν
1410 3351 1829 3422 ἀπαλλαγῶμεν.

497 3535 530 3600 ζ
537 3549 563 3598 ’.
578 3542 843 3611 Καθάπερ
865 3541 971 3611 γὰρ
994 3541 1179 3611 θηρίον
1197 3537 1475 3608 δεδεμένον
1502 3538 1599 3606 οὐχ
1629 3533 1769 3588 οὕτω
1798 3531 1996 3601 φοϐούο

432 3633 593 3702 μεθα,
617 3633 690 3695 ὡς
718 3631 913 3699 ἀφεθέν
935 3647 950 3661 ·
979 3630 1120 3682 οὓτω
1139 3629 1201 3698 δὴ
1235 3628 1327 3681 καὶ
1355 3628 1455 3698 τὴν
1480 3625 1678 3679 κακίαν
1706 3625 1802 3694 οὐχ
1825 3622 1997 3686 οὕτως

430 3724 490 3777 ἐν
510 3722 683 3791 θλίψει
707 3719 998 3773 δεδοικέναι
1026 3719 1130 3789 χρή
1152 3736 1166 3750 ο
1197 3718 1313 3770 τότε
1338 3717 1446 3788 γάρ
1469 3716 1676 3769 δέδεται
1704 3709 1769 3786 τῇ
1792 3713 1996 3786 ἀθυμία

429 3813 528 3867 καὶ
563 3815 672 3874 τοῖς
700 3810 877 3872 ἄλλοις
909 3809 1159 3880 δεσμοῖςο
1187 3807 1322 3860 ἀλλά
1347 3808 1482 3878 μετὰ
1514 3806 1612 3878 τὴν
1643 3807 1847 3868 ἄνεσιν,
1877 3805 1997 3858 τότε

431 3904 538 3976 χρὴ
573 3904 883 3957 δεδοικέναι.
925 3901 1024 3955 Διά
1046 3901 1112 3973 δὴ
1151 3900 1307 3953 τοῦτο
1337 3901 1456 3971 ὄψει
1485 3898 1742 3961 πολλάκις
1771 3897 1870 3960 τὰς
1910 3897 1998 3949 εὖ-

432 3997 670 4070 πραγίας
693 3996 910 4066 μείζονα
932 3992 1038 4046 τῶν
1059 3991 1244 4046 κακῶν
1263 3991 1632 4064 ἐργαζομένας
1651 3988 1817 4043 δεινά.
1841 3987 1998 4040 Οὐτω

433 4089 528 4142 καὶ
564 4085 803 4151 Ἐζεκίας
836 4083 975 4156 μετά
1001 4083 1063 4136 τὸ
1093 4083 1350 4155 τρόπαιον
1384 4082 1606 4153 ἔμελλεν
1642 4079 1996 4135 ἀπόλλυσθαι.

433 4179 586 4255 [104]
637 4179 721 4234 Διὸ
765 4178 857 4231 καὶ
903 4169 1056 4240 οὗτος
1103 4173 1336 4246 ἀλλαχοῦ
1368 4189 1560 4245 φησιν·
1600 4175 1839 4242 Ἀγαθόν
1871 4188 1994 4241 μοι,

436 4275 525 4327 ἔτι
554 4268 960 4335 ἐταπείνωσάς
973 4285 1068 4338 με.
1094 4269 1206 4321 Kal
1234 4267 1325 4320 τὸν
1342 4267 1487 4320 ἔλεον
1503 4266 1655 4336 ζητεῖ
1676 4264 1836 4318 πάλιν
1861 4263 1997 4334 μετά

435 4366 531 4437 τὴν
561 4361 896 4434 ἀπαλλαγὴν,
943 4361 1036 4414 καὶ
1075 4360 1254 4430 τίθησι
1281 4359 1552 4430 δικαίωμα
1580 4358 1672 4410 τοῦ
1702 4357 1903 4420 ἐλέους,
1937 4357 1999 4410 τὸ

436 4455 627 4509 παθεῖν
655 4453 861 4516 κακῶς.
890 4450 1001 4505 Ἴδε
1022 4450 1130 4520 γὰρ
1157 4450 1272 4518 τὴν
1285 4450 1645 4504 ταπείνωσιν
1654 4466 1772 4519 μου
1795 4449 1862 4501 ἐκ
1881 4449 2000 4502 τῶν

437 4545 663 4614 ἐχθρῶν
674 4563 794 4619 μου
813 4561 826 4575 ’
857 4547 947 4599 καὶ
971 4546 1156 4615 ἓτερον
1185 4542 1345 4597 πάλιν
1365 4557 1378 4571 ο
1419 4543 1473 4594 Ὀ
1499 4528 1677 4610 ὑψῶν
1696 4557 1773 4610 με
1792 4541 1860 4594 ἐκ
1883 4538 2002 4593 τῶν

438 4641 648 4696 πυλῶν
662 4641 767 4695 τοῦ
782 4641 1056 4695 θανάτου.
1079 4639 1186 4693 Kal
1197 4638 1304 4710 γὰρ
1327 4637 1464 4708 πρὸς
1477 4635 1567 4688 τὸν
1583 4635 1888 4705 προστάτην
1907 4633 2002 4686 καὶ

439 4735 710 4805 κηδεμόνα
748 4732 1096 4802 καταφεύγω,
1127 4731 1220 4786 καὶ
1250 4729 1335 4783 ἀεί
1368 4747 1457 4799 μοι
1485 4729 1641 4798 χεῖρα
1671 4725 1997 4796 παρέχοντα.

441 4826 592 4890 Εἶδες
619 4827 778 4879 αὐτὸν
801 4827 858 4878 ἐν
887 4828 952 4895 τῇ
976 4825 1188 4894 αἰτήσει
1220 4822 1326 4874 τῶν
1357 4821 1658 4891 μελλόντων
1682 4817 2002 4888 εὐχάριστον

441 4919 581 4990 ὑπὲρ
602 4918 709 4971 τῶν
731 4917 1103 4987 παρελθόντων
1123 4915 1424 4984 γινόμενον,
1449 4913 1542 4965 καὶ
1567 4911 1758 4981 διπλῆν
1779 4910 2002 4978 λέγοντα

441 5009 792 5081 εὐεργεσίαν;
841 5009 917 5061 U6
963 5007 1072 5076 γὰρ
1121 5002 1290 5067 εἶπεν,
1331 5004 1388 5058 '0
1416 5002 1769 5057 ἀπαλλάττων
1802 5018 1870 5071 με
1896 5000 2006 5054 τῶν

445 5103 627 5157 πυλῶν
653 5101 747 5154 τοῦ
773 5100 1024 5164 θανάτου,
1049 5097 1184 5161 ἀλλ’,
1220 5097 1282 5149 '0
1302 5095 1478 5164 ὑψῶν
1497 5111 1592 5163 με.
1621 5094 1694 5147 Οὐ
1721 5092 1829 5164 γὰρ
1849 5092 2008 5163 μέχρι

443 5194 536 5247 τοῦ
566 5191 811 5246 λῦσαιτά
829 5190 975 5244 δεινά
1000 5190 1183 5242 ἵστατο
1211 5189 1244 5254 ἡ
1272 5186 1559 5258 εὐεργεσία
1583 5183 1674 5238 τοῦ
1700 5183 1857 5248 Θεοῦ,
1874 5182 2010 5236 ἀλλὰ

445 5286 539 5340 καὶ
566 5283 908 5354 θαυμαστοὺς
939 5281 1130 5342 ἐποίει,
1161 5279 1255 5332 καί⁸
1281 5275 1682 5342 ἐπιδόξους,καὶ
1701 5274 2012 5346 λαμπροτέ-

450 5393 594 5444 ρους,
613 5377 704 5428 καὶ
718 5373 972 5444 ὑψηλούς.
988 5372 1092 5426 Καὶ
1108 5373 1207 5424 οὐκ
1229 5367 1400 5430 εἶπεν,
1430 5370 1522 5422 Ἐκ
1539 5368 1635 5438 τῆς
1657 5367 1853 5439 πύλης,
1875 5365 2011 5433 ἀλλ’,

1551 405 1918 463 ΕΧΡΟΞΙΤΙΟ
1959 405 2023 460 IN
2065 405 2393 464 PSALMUM
2425 407 2512 464 EX.

3554 407 3656 463 13-1

2094 523 2229 586 λαις
2249 521 2359 590 τῆς
2383 522 2856 593 0vmrp6c21dw.
2881 525 2946 578 Ὃ
2976 526 3147 577 ποιεῖν
3174 525 3284 586 τοῖς
3313 521 3488 585 ἄλλοις
3516 538 3654 593 παρ-

2091 611 2270 680 ῄνεσε,
2295 614 2451 667 τοῦτο
2467 615 2559 667 καὶ
2575 615 2738 677 αὐτὸς
2758 617 2923 668 ποιεῖ·
2959 615 3364 683 Ἀναγγείλατε
3388 612 3518 682 γὰρ,
3551 630 3656 682 φη·-

2092 705 2196 765 σὶν,
2222 706 2290 758 ἐν
2313 705 2434 771 τοῖς
2463 707 2665 760 ἔθνεσι
2696 706 2769 760 τὰ
2793 705 3227 773 ἐπιτηδεύματα
3261 705 3466 759 αὑτοῦ.
3483 701 3655 757 Τοῦτο

2092 795 2187 849 καὶ
2205 796 2315 864 ἐγὼ
2329 796 2422 850 νῦν
2434 797 2758 868 ἐργάσομαι·
2777 798 2869 851 καὶ
2881 797 2980 849 οὐκ
2991 796 3294 868 ἐργάσομαι
3315 794 3520 858 ἁπλῶς,
3540 793 3658 858 ἐνὸς

2091 886 2376 954 παρόντος,
2416 886 2509 940 καὶ
2539 886 2650 952 δύο,
2688 889 2781 940 καὶ
2813 885 3000 958 τριῶν,
3022 885 3134 939 ἀλλ’
3152 887 3210 938 ἐν
3253 885 3403 955 μέσῳ
3423 883 3654 954 θεάτρῳ.

2103 977 2564 1047 Ἀταλλιάσομαι
2583 979 2677 1032 ἐπὶ
2697 979 2775 1044 τῷ
2793 979 3061 1045 σωτηρίῳ
3083 992 3224 1033 σου.
3247 976 3415 1030 Τοῦτό
3435 993 3524 1046 μοι
3545 975 3662 1028 στέ-

2093 1085 2278 1136 φανος,
2318 1070 2476 1122 τοῦτό
2518 1088 2606 1139 μοι
2637 1071 2892 1141 διάδημα,
2923 1071 2984 1123 τὸ
3026 1069 3113 1123 διὰ
3163 1068 3256 1123 σοῦ
3297 1070 3492 1140 στῆσαι
3530 1069 3657 1140 τρό-

2094 1176 2273 1224 παιον,
2313 1159 2374 1213 τὺ
2397 1161 2484 1214 διὰ
2525 1162 2616 1215 σοῦ
2646 1162 2916 1233 σωτηρίας
2944 1161 3266 1216 ἀπολαῦσαι.
3302 1161 3458 1214 Οῦτω
3478 1161 3540 1231 δὴ
3565 1161 3659 1214 καὶ

2093 1253 2254 1322 ἡμεῖς
2295 1252 2367 1324 μὴ
2413 1254 2629 1316 πάντως
2663 1255 2901 1323 σωθῆναι
2930 1255 3275 1325 ζητήσωμεν,
3324 1253 3397 1324 μὴ
3444 1253 3660 1313 πάντως

2095 1343 2474 1414 ἀπαλλαγῆναι
2519 1345 2626 1398 τῶν
2669 1345 2854 1398 δεινῶν
2895 1347 3056 1398 παντὶ
3099 1346 3306 1416 τρόπῳ,
3345 1345 3479 1398 ἀλλά
3517 1344 3660 1398 κατά

2093 1435 2245 1487 Θεόν.
2291 1434 2460 1487 Τοῦτο
2489 1435 2544 1488 δέ
2576 1435 2738 1503 λέγω,
2772 1435 2861 1489 διὰ
2889 1438 3015 1500 τοὺς
3048 1437 3322 1500 ἐπαοιδαῖς
3349 1435 3659 1507 χρωμένους

2095 1526 2154 1578 ἐν
2180 1527 2300 1589 ταῖς
2331 1525 2526 1588 νόσοις,
2560 1527 2653 1580 καὶ
2683 1528 2873 1599 ἐτέρας
2909 1527 3245 1598 μαγγανείας
3273 1524 3662 1596 ἐπιζητοῦντας

2095 1619 2175 1680 εἰς
2207 1618 2559 1690 παραμυθίαν
2587 1619 2685 1688 τῆς
2719 1620 3048 1690 ἀρρωστίας.
3080 1619 3249 1672 Τοῦτο
3273 1618 3380 1688 γάρ
3405 1618 3525 1688 οὐχὶ
3559 1635 3663 1670 σω-

2096 1708 2253 1780 θῆναί
2274 1711 2439 1772 ἐστιν,
2464 1709 2578 1761 ἀλλ’
2603 1710 2918 1764 ἀπολέσθαι.
2951 1710 3016 1762 Ἠ
3036 1709 3143 1780 γὰρ
3169 1710 3396 1780 μεγίστη
3421 1709 3664 1780 σωτηρία

2093 1799 2155 1854 τὸ
2194 1801 2282 1855 διὰ
2326 1800 2421 1854 τοῦ
2471 1800 2607 1855 Θεοῦ
2663 1801 2920 1873 σωθῆναι.
2959 1801 3378 1872 Ἐνεπὰγησαν
3406 1802 3549 1868 ἔθνη
3594 1803 3664 1855 ἐν

2093 1892 2380 1963 διαφθορᾷ
2398 1936 2412 1959 ,
2450 1889 2489 1965 ᾗ
2529 1895 2846 1962 ἐποίησαν.
2899 1894 3110 1958 Ἀλλος,
3165 1896 3656 1961 Ἕϐαπτίσθησαν.

2094 1985 2400 2057 Διαφθοράν
2427 1987 2526 2057 τὴν
2556 1986 2754 2039 κακίαν
2776 1985 2949 2054 λέγει·
2973 1986 3123 2040 οὐδὲν
3147 1987 3255 2056 γὰρ
3274 1986 3413 2040 οὕτω
3430 1986 3668 2063 διαφθεί-

2097 2092 2202 2150 ρει,
2222 2077 2297 2142 ὡς
2325 2078 2508 2134 κακία.
2535 2078 2699 2132 Οὐδὲν
2725 2077 2835 2149 γὰρ
2863 2077 3245 2149 ἀσθενέστερον
3281 2077 3376 2131 τοῦ
3404 2079 3663 2148 πονηροῦ.

2096 2172 2220 2235 Τοῖς
2252 2171 2472 2236 οἰκείοις
2495 2171 2678 2234 ὅπλοις
2708 2170 3008 2233 ἁλίσκεται,
3037 2169 3225 2239 ὥσπερ
3249 2171 3278 2223 ὁ
3316 2169 3530 2241 σίδηρος
3563 2169 3668 2224 ὐπ’)

2094 2267 2188 2320 τοῦ
2212 2265 2310 2328 ἰοῦ,
2341 2263 2520 2318 καὶτὸ
2541 2266 2684 2336 ἔριον
2705 2264 2810 2316 61:6
2839 2261 2935 2317 τοῦ
2978 2263 3137 2335 σητός
3159 2280 3171 2293 ·
3206 2261 3348 2316 οῦτω
3383 2263 3477 2315 καὶ
3513 2265 3542 2315 6
3570 2280 3667 2314 1:0-

2095 2359 2257 2428 νηρὸς
2281 2356 2384 2410 61:6
2416 2359 2515 2426 τῆς
2542 2355 2756 2419 κακίας.
2785 2355 2946 2408 Ὥστε
2985 2356 3078 2407 καὶ
3107 2353 3214 2425 1:96
3249 2353 3349 2424 τῆς
3379 2355 3528 2427 παρά
3569 2354 3666 2407 τοῦ

2094 2448 2230 2503 Θεοῦ
2271 2448 2559 2520 τιμωρίας,
2600 2447 2737 2518 αὐτή
2779 2449 2813 2519 ἡ
2850 2447 3020 2502 κακία
3059 2447 3150 2500 τὸν
3179 2446 3413 2518 ἐργάτην
3451 2447 3673 2502 ἀπαιτεῖ

2095 2541 2270 2610 δίκην.
2328 2540 2547 2612 Ἐπειδὴ
2593 2541 2703 2613 γὰρ
2747 2540 2914 2594 πολλὰ
2950 2540 3205 2612 περὶτῆς
3239 2541 3350 2595 ἅνω
3387 2541 3540 2611 δίκης
3586 2541 3667 2592 δι-

2097 2632 2294 2703 ελέχθη
2323 2633 2418 2685 καὶ
2447 2631 2694 2704 περὶτῆς
2717 2631 2810 2685 τοῦ
2829 2631 2962 2686 Θεοῦ
2984 2631 3174 2704 ῥοπῆς,
3202 2632 3338 2702 αῦτη
3359 2633 3416 2686 δέ
3440 2633 3500 2685 οὐ
3527 2631 3667 2687 κατά

2097 2723 2262 2787 πόδας
2288 2722 2516 2787 ἔπεισιν,
2548 2723 2685 2776 ἀλλὰ
2725 2723 2909 2794 μέλλει
2946 2723 3202 2786 πολλάκις
3233 2724 3328 2776 καὶ
3373 2723 3670 2778 ἀναϐάλλει-

2096 2834 2207 2881 ται,
2235 2817 2328 2869 καὶ
2353 2817 2511 2869 τοῦτο
2531 2818 2654 2879 τοὺς
2687 2815 2914 2879 πολλοὺς
2945 2815 3345 2886 ρᾳθυμοτέρους
3371 2817 3528 2876 ποιεῖ,
3562 2815 3671 2869 δείο

2100 2924 2289 2962 κνυσιν
2325 2907 2417 2960 ἐπὶ
2451 2905 2642 2978 θύραις
2675 2907 2770 2978 τὴν
2805 2907 3072 2978 τιμωρίαν
3111 2902 3293 2968 οὖσαν,
3329 2907 3422 2959 καὶ
3469 2905 3671 2976 ταύτην

2099 2999 2225 3062 τοὺς
2267 3000 2535 3070 πονηροὺς
2583 2997 2907 3066 ὑπομένειν,
2953 2997 3202 3068 καθάπερ
3250 2997 3342 3051 καὶ
3390 3000 3420 3050 ό
3461 2998 3672 3061 Παῦλός

2101 3108 2235 3161 φησι
2256 3107 2268 3120 ·
2291 3091 2401 3144 Καὶ
2422 3089 2536 3156 τὴν
2555 3089 2933 3158 ἀντιμισθίαν
2947 3085 3027 3155 ἢν
3044 3088 3163 3142 ἔδει
3178 3087 3288 3156 τῆς
3312 3089 3548 3157 πλάνης
3575 3091 3674 3144 αὐ-

2100 3181 2220 3236 τῶν
2236 3182 2306 3235 ἐν
2330 3181 2562 3246 ἑαυτοῖς
2595 3179 3140 3249 ἀπολαμϐάνοντες.
3173 3181 3280 3232 Kal
3309 3181 3411 3252 δρα
3436 3180 3552 3244 πῶς
3575 3198 3674 3234 κυ-

2106 3274 2234 3346 ρίως
2257 3274 2520 3343 κέχρηται
2554 3275 2671 3336 ταῖς
2702 3271 2930 3339 λέξεσιν.
2965 3269 3280 3340 Ἐνεπάγη,
3314 3272 3445 3341 φησί
3477 3287 3490 3301 ·
3521 3289 3674 3325 τουτ-

2103 3366 2241 3430 έστι,
2274 3364 2414 3418 κατά
2447 3363 2644 3434 κράτος
2694 3363 3016 3433 κατεσχέθη.
3040 3363 3308 3430 ἀφευκτος
3337 3363 3482 3434 αὐτῷ
3524 3364 3676 3433 γέγοο

2103 3476 2192 3511 νεν
2241 3459 2274 3528 ἡ
2307 3456 2590 3526 ἐπιϐουλή.
2636 3455 2744 3509 Καὶ
2791 3454 2972 3508 πάλιν⁶
3007 3456 3108 3508 Ἐν
3139 3455 3342 3525 ﬂag-[61.
3385 3457 3603 3525 ταύτῃ,
3633 3450 3676 3529 ᾗ

2103 3550 2396 3618 ἔκρυψαν,
2423 3547 2778 3615 συνελήφθη
2811 3551 2843 3599 ὀ
2874 3546 3026 3612 ποὺς
3058 3546 3272 3600 αὐτῶν.
3301 3541 3527 3617 Δεσμοῖς
3556 3548 3678 3601 ἀλύ-

2103 3660 2235 3706 τοις,
2277 3643 2472 3712 φησὶν,
2504 3642 2552 3692 οἰ
2603 3640 2827 3710 πονηροὶ
2885 3638 3311 3709 περιπείρονται.
3357 3639 3538 3692 Ταῦτα
3583 3642 3677 3694 ἐπὶ

2101 3734 2210 3788 τῶν
2239 3733 2549 3786 ἀποστόλων
2579 3732 2671 3784 καὶ
2699 3732 2790 3783 ἐπὶ
2828 3730 2933 3783 τῶν
2985 3729 3252 3782 Ἰουδαίων
3284 3730 3524 3799 γέγονεν.
3547 3732 3676 3786 ’Ὀτε

2103 3827 2212 3896 γάρ
2261 3827 2373 3889 τοῖς
2407 3823 2726 3886 ἀποστόλοις
2770 3821 3099 3892 ἐπολέμουν,
3131 3823 3370 3884 ἐκείνους
3396 3822 3493 3892 μὲν
3525 3822 3678 3876 οὐδὲν

2103 3920 2390 3982 ἔϐλαπτον,
2425 3917 2648 3981 ἑαυτοὺς
2666 3917 2722 3971 δέ
2751 3917 2962 3987 μυρίοις
2985 3915 3334 3987 περιέϐαλλον
3365 3917 3573 3979 κακοῖς,
3586 3915 3679 3974 πό.

2102 4013 2238 4074 λεως
2263 4051 2278 4076 ,
2307 4010 2402 4064 καὶ
2434 4006 2742 4078 ἐλευθερίας
2765 4046 2779 4072 ,
2815 4007 2908 4059 καὶ
2939 4005 3044 4060 τῶν
3093 4005 3268 4060 ἄλλων
3299 4005 3551 4058 ἁπάντων
3577 4005 3675 4058 ἐκ-

2103 4103 2412 4164 πίπτοντες,
2447 4099 2541 4152 κα“ι
2559 4099 2619 4151 τὸ
2645 4097 2742 4169 μὲν
2772 4099 3031 4168 κήρυγμα
3061 4095 3322 4167 ηὐξάνετο
3341 4137 3356 4161 ,
3386 4097 3435 4148 οἱ
3461 4095 3517 4148 δέ
3550 4095 3676 4148 ἐπι-

2103 4194 2443 4255 ϐουλεύοντες
2470 4190 2816 4262 κατελύοντο.
2836 4189 2984 4262 [105]
3009 4189 3118 4241 Kal
3143 4191 3192 4241 οί
3224 4188 3349 4250 τοὺς
3372 4189 3520 4259 τρεῖς
3547 4185 3677 4240 παῖ-

2101 4282 2197 4346 δας
2227 4281 2553 4352 ἐμϐαλόντες
2577 4281 2656 4344 είς
2684 4279 2783 4348 τὴν
2810 4277 3152 4332 Βαϐυλωνίαν
3185 4277 3435 4347 κάμινον,
3464 4277 3557 4330 ὑπ’
3577 4276 3679 4330 αὐ-

2103 4375 2201 4444 τῆς
2227 4373 2386 4426 πάλιν
2414 4372 2660 4425 ἑάλωσαν
2679 4387 2693 4401 ·
2729 4369 2757 4422 ὃ
2787 4369 2849 4441 δὴ
2893 4368 2986 4423 καὶ
3017 4370 3110 4422 ἐπὶ
3149 4367 3243 4421 τοῦ
3288 4369 3486 4438 Δανιὴλ
3512 4368 3677 4436 γέγο-

2104 4482 2212 4518 νεν.
2257 4463 2397 4517 Ἀλλ’
2425 4462 2517 4514 ἐπὶ
2542 4463 2639 4531 μὲν
2659 4459 2752 4513 τοῦ
2780 4459 2978 4530 Δανιὴλ
3009 4459 3167 4512 τοῦτο
3188 4459 3412 4522 εἰκότως
3431 4460 3678 4527 γέγονεν,

2107 4555 2260 4608 αὐτοὶ
2288 4554 2396 4624 γάρ
2426 4551 2590 4606 αὐτὸν
2611 4549 2866 4604 ἐνέϐαλον
2886 4565 2902 4581 ·
2921 4548 3014 4602 ἐπὶ
3038 4549 3094 4601 δὲ
3119 4549 3228 4601 τῶν
3253 4549 3418 4619 τριῶν
3453 4550 3660 4602 παίδων

2105 4648 2160 4699 τί
2183 4647 2405 4717 δήποτε,
2435 4643 2529 4698 τοῦ
2562 4643 2826 4714 βασιλέως
2861 4641 3219 4712 ἁμαρτόντος,
3242 4643 3291 4694 οἰ
3331 4641 3436 4711 πρὸ
3455 4641 3555 4710 τῆς
3580 4658 3682 4695 κα-

2116 4739 2268 4810 μίνου
2312 4735 2542 4798 ἑστῶτες
2575 4725 2720 4788 οὗτοι
2767 4733 3114 4798 κολάζονταις
3151 4733 3272 4786 ’Ότι
3295 4733 3388 4785 καὶ
3427 4733 3476 4786 οἱ
3513 4749 3684 4787 κατα-

2112 4827 2432 4898 φλεχθέντες
2461 4820 2603 4879 οὗτοι
2632 4821 2774 4896 ἦσαν
2800 4823 2878 4894 τῷ
2909 4824 3241 4894 ἐπιτάγματι
3277 4823 3372 4877 τοῦ
3420 4824 3684 4894 τυράννου

2114 4920 2587 4989 ὑπηρετήσαντες,
2617 4917 2711 4969 καὶ
2748 4919 2814 4988 τῇ
2851 4916 3018 4969 εἰκόνι
3049 4919 3112 4987 τῇ
3159 4920 3329 4987 χρυσῇ
3376 4919 3689 4989 προσκυνή-

2116 5027 2326 5071 σαντες.
2365 5011 2468 5063 Ἐν
2495 5008 2717 5078 παγίδι,
2747 5004 2786 5079 ᾗ
2827 5009 3122 5077 ἔκρυψαν.
3156 5009 3296 5080 Ὅρα
3335 5009 3451 5072 πῶς
3490 5009 3688 5073 ἔδειξεν

2115 5102 2321 5171 ἄφατον
2346 5097 2511 5154 οὖσαν
2538 5100 2566 5141 b
2597 5101 2774 5154 αὐτῶν
2820 5099 2916 5168 τὴν
2949 5101 3299 5171 κατηγορίαν.
3337 5099 3552 5170 Ἐπειδὴ
3582 5102 3688 5168 γάρ

2118 5190 2376 5261 αἰσχύνης
2393 5191 2559 5259 γέμον
2592 5183 2660 5257 ἦν
2694 5188 2756 5241 τὸ
2785 5188 3065 5259 γινόμενον
3089 5228 3100 5254 ,
3125 5190 3210 5242 διὰ
3239 5189 3393 5242 τοῦτο
3418 5188 3690 5259 κρύπτου-

2121 5301 2195 5351 σι,
2252 5286 2344 5338 καὶ
2387 5284 2668 5337 λανθάνειν
2717 5283 3031 5354 πειρῶνται.
3081 5282 3440 5336 Γινώσκεται
3478 5283 3692 5349 Κύριος

2121 5377 2373 5445 κρίματα
2398 5373 2601 5428 ποιῶν.
2636 5375 2848 5437 Ἀλλος,
2880 5374 3173 5444 Ἐγνώσθη
3207 5373 3383 5442 κρῖμα
3411 5371 3688 5437 uomicae“

461 5468 554 5519 Ἐκ
575 5463 935 5529 τῶνπυλῶν,
952 5465 1011 5517 τὸ
1033 5464 1167 5516 πολὺ
1191 5461 1298 5514 τῶν
1323 5460 1579 5514 κινδύνων
1608 5458 1801 5528 δηλῶν·
1826 5458 2016 5522 Ὅπως
2121 5465 2400 5528 τουτέστι,
2435 5465 2698 5530 κολάζων,
2742 5464 2972 5518 ἐκδικῶν
2991 5505 3006 5529 ,
3039 5461 3285 5529 ἐπεξιών.
3319 5457 3467 5523 Εἶδες
3505 5461 3692 5530 ἕτερον

447 5559 526 5614 ἂν
561 5559 883 5628 ἐξαγγείλω
906 5556 1106 5620 πάσας
1131 5555 1234 5619 τὰς
1257 5554 1519 5616 αἰνέσεις
1535 5567 1649 5607 σου
1667 5552 1736 5606 ἐν
1756 5550 1884 5614 ταῖς
1911 5551 2021 5604 πά⁸
2126 5558 2263 5623 εἶδος
2290 5560 2607 5632 εὐεργεσίας
2653 5558 2760 5612 ἀπὸ
2787 5559 3058 5621 κολάσεως
3092 5574 3105 5623 ;
3142 5557 3214 5609 Οὐ
3253 5555 3360 5626 γὰρ
3395 5554 3458 5624 δὴ
3511 5554 3692 5623 μόνον,

516 5816 542 5846 ⁸
565 5815 699 5868 εοιι).
725 5815 778 5864 ἐκ
798 5814 1055 5876 προοιμίων
1077 5813 1288 5861 έκάλουντ

735 5920 1008 5979 ΡΑτιιοι.
1042 5918 1158 5980 Gn.
1209 5915 1330 5977 LV.

2199 5791 2228 5835 δ
2245 5791 2387 5856 Haec;
2401 5791 2578 5858 ἄφατον
2602 5791 2766 5855 οὖσαν,
2787 5792 2966 5842 desunt
2984 5792 3033 5841 in
3065 5789 3214 5842 Savil.
3236 5794 3284 5838 el
3306 5789 3356 5838 in
3378 5787 3513 5839 Colb.

3331 5922 3371 5980 8
