4140 6356
509 394 612 450 133

503 511 657 581 φησὶ,
686 508 808 569 τοὺς
846 503 1235 573 κολαζομένους
1282 499 1722 568 σπουδαιοτέρους
1750 492 2064 560 ποιεῖ,ἀλλά

505 602 598 653 καὶ
630 599 726 666 τῆς
764 595 928 648 αὐτοῦ
957 592 1286 660 θεογνωσίας
1321 590 1624 658 ἐκλάμπειν
1663 583 2067 656 παρασκευάζει

501 690 594 743 τὸν
631 688 812 754 λόγον·
852 685 947 738 καὶ
992 683 1092 736 ἴδοι
1118 699 1204 746 τις
1258 681 1325 734 ἂν
1373 679 1571 750 μᾶλλον
1606 677 1766 731 αὑτὸν
1819 673 2066 728 ἐντεῦθεν

502 776 897 847 ἐπιστρέφοντα
923 773 1050 834 τοὺς
1082 767 1420 838 ἀνθρώπους.
1451 766 1582 818 Ὅτε
1619 763 1751 833 γοῦν
1794 760 1937 817 κατά
1961 758 2069 811 τῶν

502 865 763 939 κρημνῶν
803 864 983 918 εἴασεν
1022 859 1305 930 ἐνεχθῆναι
1332 856 1428 928 τὴν
1457 855 1656 925 ἀγέλην
1698 851 1806 906 τῶν
1836 849 2066 939 χοίρων,

502 937 596 1012 καὶ
644 951 1138 1021 καταποντισθῆναι
1177 951 1258 1011 είς
1293 948 1392 1019 τὴν
1423 945 1730 1006 θάλασσαν,
1757 941 1877 995 τότε
1915 937 2072 1010 μάλι-

502 1067 602 1102 στα
634 1046 1029 1115 ἐξεπλάγησαν.
1081 1043 1194 1095 Καὶ
1231 1041 1289 1092 ἐν
1343 1041 1410 1109 τῇ
1461 1037 1675 1106 Παλαιᾷ
1709 1035 1761 1087 οἱ
1806 1031 2066 1089 Ἰουδαῖοι,

505 1144 642 1196 Ὅτε
673 1139 1019 1194 ἀπέκτεινεν
1047 1132 1289 1198 αὐτοὺς,
1322 1132 1455 1184 τότε
1497 1127 1813 1193 ἑξεζήτουν
1848 1121 2068 1181 αὐτὸν.

501 1231 683 1294 καθώς
740 1245 905 1299 φησιν
932 1229 963 1279 ὁ
990 1225 1296 1297 Προφήτης.
1328 1223 1438 1276 Καὶ
1468 1222 1520 1274 τί
1563 1220 1762 1289 δήποτε
1803 1214 1962 1270 τοῦτο
2008 1212 2069 1265 οὐ

503 1323 740 1394 συνεχῶς
767 1321 909 1373 ποιεῖ
953 1317 1153 1388 μᾶλλον
1185 1332 1201 1380 ;
1234 1315 1355 1368 Ὅτι
1380 1315 1443 1367 ού
1474 1311 1718 1382 βούλεται
1753 1306 2068 1377 βιαιότερον,

502 1415 639 1469 ἀλλά
691 1413 787 1466 καὶ
821 1406 1346 1480 πρααιρετικὼτερον
1388 1404 1457 1457 τά
1491 1404 1590 1473 τῆς
1641 1400 1843 1472 ἀρετῆς
1875 1412 2072 1466 κατορ-

503 1504 746 1565 θοῦσθαι,
762 1503 857 1555 καὶ
875 1500 1073 1572 μᾶλλον
1091 1496 1576 1569 εὐεργετουμένους
1600 1494 1633 1565 ἢ
1660 1489 2067 1560 κολαζομένους.

503 1598 615 1649 Καὶ
642 1596 813 1665 πόσῳ,
832 1593 983 1663 φησὶ,
1000 1590 1207 1661 βέλτιον
1238 1588 1452 1659 ἀνάγκῃ
1482 1582 1622 1639 εἶναι
1644 1583 1845 1652 ἀγαθὸν
1874 1581 1908 1651 ἢ
1936 1595 2073 1650 προ-

503 1688 714 1759 αιρέσει
745 1686 947 1749 κακόν;
981 1683 1097 1736 Ούκ
1138 1681 1284 1733 ἐστιν
1320 1678 1523 1747 ἀγαθὸν
1563 1674 1702 1730 εἶναι
1731 1675 1964 1744 ἀνάγκῃ.
2013 1673 2071 1725 ὐ

507 1778 607 1846 μέν
636 1776 744 1845 γὰρ
778 1773 858 1843 τῷ
878 1771 1064 1842 δεσμῷ
1091 1770 1375 1838 γινόμενος
1427 1765 1589 1828 καλὸς
1607 1804 1624 1826 ,
1652 1764 1753 1817 οὐκ
1789 1762 1943 1817 ἔσται
1985 1760 2072 1814 ἀεί

504 1887 635 1923 ποτε
668 1867 863 1929 καλὸς,
891 1863 1028 1917 ἀλλά
1060 1862 1160 1932 τῆς
1195 1859 1439 1928 ἀνάγκης
1488 1854 1852 1922 ἀπαλλαγεὶς,
1906 1853 2073 1904 ἐπαν-

505 1960 623 2031 ήξει
670 1958 807 2028 πρὶς
830 1955 928 2025 τὴν
959 1952 1155 2008 κακίαν
1180 1966 1194 1980 °
1238 1954 1268 2004 ὁ
1305 1951 1363 2003 δὲ
1392 1944 1903 2017 παιδαγωγούμενος
1930 1942 2072 1996 ὥστε

506 2039 821 2121 προαιρέσει
849 2044 1101 2114 γενέσθαι
1127 2043 1312 2107 καλὸς,
1332 2040 1641 2111 γενόμενος,
1665 2038 1860 2105 πάγιος
1900 2034 2068 2104 μένει.

518 2145 615 2196 Ἐν
659 2141 783 2207 τοῖς
831 2141 1022 2209 ἔργοις
1063 2135 1182 2189 τῶν
1214 2132 1427 2204 χειρῶν
1447 2131 1633 2187 αὐτοῦ
1661 2126 2018 2195 συνέλήφθη
2041 2126 2073 2178 ὁ

511 2234 876 2304 ἁμαρτωλός.
912 2232 988 2283 υύ
1036 2228 1145 2281 τῶν
1185 2226 1381 2297 χειρῶν
1414 2223 1507 2277 τοῦ
1552 2221 1689 2276 Θεοῦ
1727 2216 1900 2284 εἶπεν,
1938 2216 2075 2271 άλλά

506 2327 613 2381 τῶν
642 2323 841 2395 χειρῶν
862 2321 954 2374 τοῦ
983 2317 1329 2391 ἀμαρτωλοῦ.

577 2514 647 2579 η’.
681 2502 831 2568 Εἶδες
854 2502 971 2567 πῶς
999 2498 1263 2554 ποικίλλει
1299 2497 1390 2551 τὸν
1417 2496 1592 2566 λόγον.
1624 2497 1717 2550 κα)⁸
1748 2493 1845 2564 τὴν
1873 2492 2077 2548 ἄνωθεν

509 2600 687 2668 φέρων
713 2595 997 2665 τιμωρίαν,
1026 2593 1117 2645 καί⁵
1140 2591 1237 2662 τὴν
1266 2587 1374 2643 ἀπὸ
1401 2586 1500 2656 τῆς
1528 2585 1719 2650 κακίας
1754 2584 1971 2653 ἐπάγων
2002 2582 2078 2634 δί-

509 2708 641 2762 κην;
677 2689 801 2751 Πῶς
830 2686 928 2758 τὴν
979 2682 1184 2739 ἄνωθεν
1222 2680 1526 2752 τιμωρίαν;
1559 2677 1920 2731 Γινώσκεται
1965 2676 2078 2728 K25—

509 2799 656 2851 ριος,
696 2780 850 2849 φησὶ,
883 2778 1133 2846 κρίματα
1161 2772 1365 2827 ποιῶν.
1395 2770 1518 2834 Πῶς
1557 2770 1654 2840 τήν
1692 2768 1800 2822 ἀπὸ
1830 2767 1927 2837 τῆς
1977 2782 2078 2818 κα-

511 2875 632 2937 κίας
681 2873 882 2942 δίκην;
928 2865 1346 2936 Ἦνεπάγησαν
1386 2863 1530 2930 ἔθνη
1576 2861 1645 2916 ἐν
1690 2857 1995 2929 διαφθορᾷ,
2038 2852 2079 2929 ᾗ

510 2968 823 3032 ἐποίησαν.
860 2962 969 3014 Καὶ
1026 2958 1189 3012 πάλιν
1220 2957 1318 3027 τὴν
1373 2955 1479 3009 ἀπὸ
1510 2955 1607 3024 τῆς
1649 2951 1942 3023 πονηρίας·
1984 2952 2080 3003 Ἐν

511 3058 636 3122 τοῖς
652 3058 845 3125 ἔργοις
871 3051 990 3106 τῶν
1019 3048 1230 3118 χειρῶν
1252 3045 1436 3101 αὐτοῦ
1468 3042 1820 3115 συνελήφθη
1843 3045 1874 3095 ό
1897 3041 2081 3110 ἁμαρο

511 3148 718 3211 τωλός.
744 3142 880 3197 Οῦτε
916 3141 1023 3209 γὰρ
1056 3139 1221 3210 μόνην
1241 3138 1340 3208 τήν
1376 3135 1525 3205 παρά
1549 3133 1642 3187 τοῦ
1664 3132 1797 3186 Θεοῦ
1819 3132 1964 3200 λέγει
1995 3149 2076 3184 τι-

516 3237 747 3306 μωρίαν,
795 3233 981 3302 ἐπειδὴ
1017 3232 1195 3302 μέλλει
1226 3228 1479 3289 πολλάκις
1513 3226 1606 3280 καὶ
1644 3224 1926 3296 βραδύνειο
1957 3222 2081 3276 οὔτε

519 3330 685 3399 μόνην
704 3329 802 3397 τὴν
829 3326 936 3380 ἀπὸ
965 3325 1062 3393 τῆς
1088 3323 1283 3383 κακίας
1302 3360 1317 3383 ,
1344 3318 1527 3387 ἐπειδὴ
1562 3317 1747 3370 πολλοὶ
1776 3315 1947 3387 ταύτῃ
1988 3315 2082 3368 καὶ

516 3415 979 3489 ἐμφιλοχωροῦσιν
1015 3431 1029 3444 ·
1054 3414 1166 3467 ἀλλ’
1210 3409 1548 3481 ἑκατέρωθεν
1595 3408 1950 3477 ἀσφαλίζεται
1991 3406 2081 3459 τὸν

516 3507 691 3577 λόγον.
711 3505 800 3559 Διό
816 3521 982 3575 φησιν
999 3520 1012 3533 °
1041 3504 1142 3556 Ἐν
1170 3501 1290 3568 τοῖς
1311 3502 1505 3569 ἔργοις
1520 3499 1639 3551 τῶν
1661 3497 1873 3567 χειρῶν
1897 3495 2082 3550 αὐτοῦ

515 3597 892 3667 συνελήφθη.
926 3593 1077 3667 [106]
1107 3593 1317 3655 Ἄλλος,
1353 3589 1592 3659 Περσῶν
1613 3589 1819 3643 αὑτοῦ.
1854 3588 1946 3659 Μὴ
1977 3587 2084 3641 τοί-

516 3709 611 3745 νυν
655 3688 838 3761 νόμιξε
886 3689 1055 3758 ἑτέρῳ
1104 3683 1530 3747 κατασκευάζειν
1582 3682 1649 3736 τὰ
1696 3683 2081 3753 μηχανήματα,

521 3784 652 3837 ὅταν
698 3778 1049 3851 ἐπιϐουλεύῃς
1072 3794 1086 3807 ο
1122 3775 1331 3846 σεαυτῷ
1372 3776 1481 3846 γὰρ
1513 3773 1730 3837 πλέκεις
1766 3773 1834 3827 τά
1872 3772 2080 3825 δίκτυα.

530 3872 666 3944 ’ῼδὴ
699 3871 1025 3939 διάψαλμα.
1056 3868 1268 3932 Ἄλλος,
1300 3865 1530 3935 Φθογγὴ
1554 3866 1665 3920 ἀεί.
1687 3864 1899 3928 Ἀλλος,
1927 3866 2084 3917 Μελ-

516 3965 720 4033 ᾠδημα
776 3963 888 4017 del.
947 3961 1004 4013 '0
1030 3960 1086 4012 δὲ
1127 3958 1393 4030 Ἐϐραῖος,
1450 3956 1710 4026 Ἐγγαὼν
1753 3955 1888 4009 σέλ.
1934 3955 2088 4008 Ἄπο-

519 4051 956 4121 στραεοήτωσαν
977 4051 1031 4102 οι
1074 4047 1404 4116 ἁμαρτωλοί
1434 4048 1520 4111 είς
1556 4046 1663 4098 τὸν
1693 4043 1866 4112 ᾅδην,
1893 4043 2088 4099 πάντα

517 4142 591 4196 τὰ
625 4139 766 4207 ἔθνη
810 4138 882 4192 τὰ
932 4137 1448 4205 ἐπιλανθανόμενα
1510 4134 1614 4188 τοῦ
1663 4132 1828 4188 Θεοῦ.
1872 4132 2084 4197 ⁸Ἄλλος,

532 4229 1022 4298 Ἀναστρέψουσι.
1063 4227 1229 4281 Πάλιν
1257 4229 1367 4291 τοῖς
1393 4227 1571 4289 αὐτοῖς
1592 4225 1855 4295 ἐπιμένει,
1876 4224 2088 4288 δεικνὺς

518 4322 599 4375 ὅτι
630 4322 663 4391 ή
696 4319 860 4374 κακία
884 4322 982 4391 τὴν
1013 4320 1232 4374 κόλασιν
1273 4318 1383 4388 ἔχει
1413 4315 1961 4388 συγκεκληρωμένην,
1995 4317 2088 4368 καὶ

521 4413 554 4482 ή
579 4411 802 4465 ἀσέϐεια
845 4409 1072 4464 θάνατον
1108 4410 1315 4470 τίκτει,
1342 4406 1437 4461 καὶ
1457 4408 1491 4476 ή
1522 4405 1764 4476 ἁμαρτία
1788 4402 2084 4467 κινδύνους.

534 4506 641 4557 Ὁτι
675 4505 786 4557 οὐκ
823 4504 911 4568 είς
940 4502 1113 4568 τέλος
1163 4498 1638 4567 ἐπιλησθήσεται
1690 4501 1723 4551 ό
1762 4496 2014 4566 πτωχὸς,
2046 4497 2085 4565 ἡ

516 4594 791 4666 ὑπομονὴ
823 4592 941 4647 τῶν
970 4593 1245 4662 πενήτων
1272 4594 1383 4646 οὐκ
1421 4587 1728 4644 ἀπολεῖται
1764 4590 1850 4654 είς
1895 4587 2084 4653 τέλος.

521 4687 712 4751 Ἀλλος
743 4686 1078 4758 ἑρμηνευτής
1104 4699 1285 4755 φησιν·
1303 4684 1385 4737 Οὐ
1410 4680 1520 4750 γὰρ
1546 4682 1632 4745 εις
1658 4677 1823 4746 τέλος
1850 4681 1888 4750 ἡ
1912 4694 2090 4748 προσ-

517 4779 690 4833 δοκία
736 4777 853 4831 τῶν
890 4776 1095 4846 πράων
1134 4773 1628 4844 ἐπιλησθήσετιιι.
1670 4770 1866 4835 Καλῶς
1915 4768 2087 4835 εἶπεν,

517 4874 623 4937 Εἰς
655 4870 847 4937 τέλος,
887 4869 1096 4933 δεικνὺς
1124 4869 1204 4921 ὅτι
1248 4868 1347 4920 οὑκ
1379 4866 1465 4919 ἀεὶ
1500 4865 1681 4920 ἄνεσίν
1706 4882 1789 4927 τις
1824 4863 2086 4935 ἐπιζητεῖ.

517 4957 630 5012 Ποῦ
655 4959 761 5028 γὰρ
785 4957 1127 5028 δειχθήσεται
1155 4956 1224 5009 τὰ
1252 4956 1350 5026 τῆς
1383 4955 1679 5025 ὑπομονῆς,
1705 4958 1752 5008 εί
1790 4955 1877 5008 ἀεὶ
1908 4953 2090 5018 ἄνεσις

522 5049 702 5120 μέλλοι
726 5044 898 5114 εἷναις
937 5050 1001 5101 Ὃ
1045 5047 1102 5100 δὲ
1134 5046 1280 5115 λέγει
1300 5088 1315 5111 ,
1344 5044 1585 5099 τοιοῦτόν
1616 5047 1761 5098 ἐστι·
1794 5045 1958 5116 Δίκην
1991 5044 2092 5098 δὼ-

519 5158 703 5194 σουσιν
736 5142 785 5193 οί
814 5140 1057 5210 πονηροὶ,
1096 5138 1191 5191 καὶ
1219 5137 1286 5191 τὰ
1318 5138 1517 5207 ἔσχατα
1551 5138 1848 5190 πείσονται.
1881 5137 1956 5190 υύ
1981 5137 2089 5207 γὰρ

516 5233 764 5301 ἀνέξεται
793 5234 821 5286 ὁ
861 5232 990 5296 Θεὸς
1032 5231 1120 5284 διά
1168 5230 1369 5295 παντὸς
1424 5230 1548 5294 τοὺς
1597 5229 1980 5301 ἀδικουμένους
2032 5232 2089 5282 ἐν

517 5324 826 5387 ἐπιϐουλαῖς
853 5319 1010 5376 εἶναι.
1064 5320 1343 5374 Ἐντεῦθεν
1368 5322 1463 5374 καὶ
1488 5320 1707 5384 τούτους
1750 5318 2091 5392 παραμυθεῖ-

517 5433 634 5483 ται,
666 5415 951 5478 κάκείνους
990 5414 1163 5484 φοϐεῖ,
1184 5415 1278 5465 καὶ
1305 5411 1397 5464 τοῦ
1423 5410 1557 5464 Θεοῦ
1577 5409 1813 5464 δείκνυσι
1841 5411 1938 5483 τὴν
1968 5409 2090 5479 φιλ-

517 5506 852 5578 ανθρωπίαν,
894 5505 974 5558 ὅτι
1014 5504 1164 5576 καὶὴ
1212 5501 1468 5574 μέλλησις
1512 5501 1639 5563 τοὺς
1675 5500 1772 5572 μὲν
1802 5501 2092 5572 δοκιμωτέ-

519 5616 645 5669 ρους
689 5596 999 5669 ἐργάζεται,
1040 5596 1168 5661 τοὺς
1200 5595 1256 5648 δὲ
1294 5596 1374 5658 εἰς
1418 5592 1703 5665 μετάνοιαν
1745 5591 1916 5646 ἐλκει.
1946 5594 2091 5664 “091.

520 5691 679 5743 πάλιν
731 5692 857 5753 τοὺς
908 5689 1145 5760 πένητας
1203 5682 1650 5756 εὐδοκιμοῦντας·
1700 5684 1942 5754 πένητας
1991 5685 2089 5753 οὐχ

521 5781 726 5845 ἁπλῶς,
760 5780 896 5836 άλλά
918 5781 1043 5846 τοὺς
1075 5777 1561 5850 συντετριμμένους
1588 5777 1649 5846 τῇ
1682 5774 1896 5846 καρδίᾳ.
1928 5771 2088 5830 υῦτοι

1172 387 1232 441 S.
1270 382 1546 439 JOANNIS
1582 374 2066 436 (IIIIKYSOSTOMI
2104 374 2418 432 ARCHIEP.
2454 375 2993 433 CONSTANTINOP.

3636 369 3737 423 155

2172 491 2278 560 γάρ
2327 492 2559 560 μάλιστά
2605 494 2711 546 εἱσι
2760 491 2854 544 καὶ
2906 490 3042 560 πρὸς
3088 483 3359 556 ὑπομονὴν
3405 481 3734 553 ἐπιτήδειοι·

2174 584 2371 652 μᾶλλον
2399 584 2456 636 δὲ
2486 584 2687 654 ἄλληλα
2733 577 3230 650 συγκατασκευάζει
3263 575 3455 633 ταῦτα,
3485 575 3519 644 ή
3550 589 3739 626 ταπει-

2170 674 2466 746 νοφροσύνῃ
2493 675 2591 745 τὴν
2609 673 2904 744 ὑπομονὴν,
2932 673 2966 740 ή
2997 667 3242 739 ὑπομονὴ
3266 666 3363 737 τὴν
3383 680 3741 733 ταπεινοφρο-

2170 766 2354 838 σύνην.
2390 767 2449 819 El
2472 766 2528 819 δέ
2550 782 2633 828 τις
2653 764 2818 817 εἷποιο
2852 762 2961 816 Καὶ
2993 760 3111 823 πῶς
3141 758 3302 813 πενία
3330 760 3364 829 ή
3384 770 3739 824 ταπεινοφρο-

2171 858 2301 927 σύνη
2326 874 2341 920 ;
2369 857 2545 910 ἐκεῖνο
2573 854 2824 926 ἐροῦμεν.
2863 854 2944 907 ὅτι
2982 850 3117 922 αὕτη
3161 845 3565 920 ἐπιτηδειοτέρα
3602 844 3740 916 πρὸς

2169 949 2389 1018 ἀρετήν.
2424 949 2481 1001 Ὀ
2505 947 2602 1019 μὲν
2631 945 2739 1017 γὰρ
2782 942 3027 996 πλουτῶν
3058 941 3232 1000 ἀλύει.
3265 938 3361 994 καὶ
3393 937 3699 1010 θορυϐεῖται
3720 951 3736 966 ο

2167 1038 2198 1090 ό
2222 1038 2278 1091 δὲ
2307 1037 2473 1108 πένης
2521 1036 2696 1090 πάντα
2731 1033 2927 1104 ῥαδίως
2973 1032 3146 1103 φέρει.
3180 1030 3427 1100 καθάπερ
3457 1030 3513 1081 ἐν
3542 1025 3739 1081 παλαί-

2173 1146 2309 1201 στρα
2326 1132 2392 1200 τῇ
2419 1128 2579 1200 πενίᾳ
2609 1126 2865 1188 πολλάκις
2888 1124 3316 1195 γυμναζόμενος.
3339 1120 3437 1174 Διά
3466 1118 3623 1173 τοῦτο
3646 1117 3741 1171 καὶ

2169 1225 2198 1276 ό
2226 1222 2457 1294 Χριστὸς
2486 1221 2691 1288 ἔλεγεν,
2713 1220 2796 1273 ὅτι
2822 1217 3078 1272 δύσκολον
3106 1215 3246 1286 μετά
3277 1214 3506 1270 πλούτου
3533 1213 3612 1276 εἰς
3640 1210 3740 1277 τὴν

2173 1315 2445 1385 βασιλείαν
2479 1312 2757 1366 εἰσελθεῖν.
2778 1312 2843 1363 Τί
2875 1312 3045 1372 ἐστιν,
3078 1309 3149 1363 Ἠ
3176 1305 3446 1376 ὑπομονὴ
3489 1303 3607 1358 τῶν
3646 1317 3745 1356 πε-

2170 1406 2369 1475 νήτων
2399 1408 2511 1459 οὐκ
2550 1403 2860 1460 ἀπολεῖται
2889 1404 2976 1467 είς
3003 1401 3207 1466 τέλος;
3234 1398 3524 1458 Οὐδέποτε,
3553 1396 3738 1465 φησὶν,

2171 1499 2307 1553 ἀλλά
2349 1499 2562 1560 πάντως
2588 1494 2920 1565 ἀπολήψεται
2948 1492 3039 1545 τὸν
3073 1492 3267 1544 οἰκεῖον
3303 1489 3529 1560 καρπόν.
3566 1487 3743 1558 Ὅπερ

2172 1592 2269 1649 ἐπὶ
2296 1590 2405 1643 τῶν
2447 1586 2713 1660 βιωτικῶν
2743 1587 2842 1639 οὐκ
2883 1585 2985 1649 ἔνι,
3014 1583 3128 1638 ἀλλ’
3156 1582 3409 1635 ἐκπίπτει
3438 1580 3531 1633 τοῦ
3554 1578 3743 1642 τέλους

2174 1684 2431 1747 πολλάκις
2456 1721 2472 1745 ,
2502 1680 2609 1735 τῶν
2665 1679 2840 1733 πόνων
2901 1675 3273 1731 ἀπολωλότων.
3336 1674 3446 1726 Καὶ
3495 1671 3601 1744 γὰρ
3648 1671 3743 1725 καὶ

2173 1774 2414 1845 γεωργὸς
2435 1774 2713 1845 ἀναμένει,
2732 1776 2831 1827 καὶ
2850 1774 3087 1846 ἔμπορος
3103 1791 3117 1805 ο
3135 1772 3393 1835 πολλάκις
3423 1770 3481 1825 δὲ
3511 1769 3617 1823 ὑπὸ
3643 1768 3742 1837 τῆς

2172 1867 2279 1921 τῶν
2311 1867 2486 1938 ἀέρων
2530 1867 2845 1936 ἀνωμαλίας
2896 1867 3195 1938 ἀμφότεροι
3239 1865 3331 1919 τοῦ
3366 1864 3579 1937 καρποῦ
3632 1862 3742 1916 τῶν

2174 1957 2352 2010 πόνων
2377 1956 2754 2011 ἐκπίπτουσιν.
2789 1956 2912 2009 Ἐπὶ
2945 1956 3002 2010 δέ
3037 1955 3131 2009 τοῦ
3161 1954 3294 2008 Θεοῦ
3325 1955 3425 2008 οὐκ
3456 1952 3534 2007 ἔνι
3562 1951 3740 2016 τοῦτο,

2172 2048 2307 2102 ἀλλά
2335 2048 2546 2119 ἀνάγκη
2585 2052 2799 2114 πάντως
2836 2049 3139 2104 ἀπολαῦσαι
3171 2048 3264 2103 τοῦ
3310 2047 3516 2110 τέλους.
3546 2046 3621 2100 Οὐ
3655 2064 3744 2117 μι-

2174 2138 2306 2210 κρὸν
2326 2139 2383 2193 δέ
2409 2138 2564 2193 τοῦτο
2595 2142 2671 2204 είς
2718 2140 3069 2211 παραμυθίας
3111 2138 3288 2207 λόγον,
3318 2138 3378 2191 τὸ
3410 2136 3629 2209 θαρρεῖν
3656 2136 3745 2190 ἀεὶ

2176 2232 2303 2304 περὶ
2328 2231 2422 2285 τοῦ
2443 2232 2651 2295 τέλους.
2683 2231 3010 2299 Ἀνάστηθι.
3026 2232 3218 2299 Κύριε,
3234 2229 3319 2299 μὴ
3342 2228 3745 2298 κραταιούσθω

2176 2322 2504 2391 ἄνθρωπος.
2539 2323 2750 2387 Ἄλλος,
2788 2326 2844 2377 Μ
2848 2322 2885 2391 ἡ
2915 2322 3329 2391 θρωυνέσθω.
3360 2317 3746 2389 Κρὶθήτωσαν

2175 2414 2319 2483 ἔθνη
2337 2415 2593 2469 ἐνώπιόν
2634 2430 2772 2471 σου.
2804 2415 3028 2480 Ἄλλος,
3060 2413 3171 2468 Καὶ
3223 2414 3373 2467 κατὰ
3425 2411 3746 2481 πρόσωπόν

2174 2522 2313 2560 σου.
2336 2506 2521 2560 Εἰπὼν
2547 2508 2646 2577 τὴν
2672 2507 2867 2561 κακίαν
2892 2505 2990 2578 τὴν
3024 2506 3349 2577 κατέχουσαν
3380 2505 3505 2568 τοὺς
3530 2503 3746 2568 πλείους

2177 2597 2285 2650 τῶν
2315 2598 2637 2669 ἀνθρώπων,
2662 2600 2754 2653 καὶ
2794 2598 3191 2669 διηγησάμενος
3223 2598 3321 2668 τὴν
3349 2597 3629 2667 πονηρίαν,
3645 2596 3744 2658 τὰς

2178 2688 2455 2759 ἁρπαγὰς,
2476 2689 2574 2753 τὰς
2595 2687 2921 2753 πλεονεξίας,
2938 2688 3037 2752 τάς
3048 2688 3417 2758 ἀνδροφονίας,
3444 2687 3748 2758 παρακαλεῖ

2177 2776 2266 2829 τὸν
2302 2776 2432 2829 Θεὸν
2473 2777 2613 2847 ὑπὲρ
2648 2778 2747 2847 τῆς
2777 2776 2884 2830 τῶν
2921 2776 3287 2846 ἀδικουμένων
3319 2774 3588 2846 βοηθείας.
3618 2775 3744 2828 Τοι-

2178 2868 2314 2922 αῦτα
2344 2868 2451 2939 γάρ
2479 2868 2587 2922 τῶν
2640 2870 2810 2937 ἁγίων
2858 2867 2926 2921 τά
2961 2867 3274 2936 σπλάγχνα,
3309 2867 3383 2939 μὴ
3421 2866 3490 2920 τὰ
3536 2866 3745 2919 ἑαυτῶν

2181 2962 2450 3032 μεριμνᾷν
2499 2961 2692 3031 μόνον,
2724 2959 2838 3013 ἀλλ’
2878 2958 3065 3030 ὥσπερ
3092 2958 3219 3029 περὶ
3254 2959 3381 3028 μιᾶς
3415 2958 3610 3020 οἰκίας,
3647 2958 3745 3027 τῆς

2178 3052 2569 3122 οἰκουμένης-,ἢ
2606 3051 2853 3122 σώματος
2880 3051 3016 3115 ἐνὸς,
3042 3050 3134 3103 τοῦ
3156 3050 3264 3102 τῶν
3293 3048 3591 3120 ἀνθρώπων
3610 3048 3747 3119 πλή-

2180 3142 2324 3206 θους,
2353 3142 2493 3196 οὕτω
2523 3142 2855 3213 παρακαλεῖν
2882 3141 2970 3195 τὸν
3006 3141 3158 3194 Θεόν.
3192 3140 3526 3208 Ἀνάστηθι,
3548 3141 3744 3207 Κύριε,

2174 3234 2260 3304 μὴ
2286 3236 2694 3303 κραταιούσθω
2714 3234 3041 3301 ἅνθρωπος.
3059 3233 3123 3286 Τί
3142 3232 3199 3286 δέ
3229 3235 3396 3293 ἐστιν,
3413 3232 3745 3300 Ἀνάστηθι,

2182 3325 2331 3396 [107]
2380 3328 2591 3393 Κύριος
2645 3324 2946 3390 Ἐπέξελθε,
2995 3325 3148 3394 φησί,
3196 3323 3477 3395 βοήθησον,
3522 3324 3748 3377 κόλασον

2178 3418 2305 3480 τοὺς
2349 3417 2682 3481 ἀδικοῦντας.
2732 3418 2840 3469 Καὶ
2882 3415 3061 3479 καλῶς
3100 3419 3215 3479 τοῖς
3260 3415 3485 3486 ὀνόμασι
3521 3416 3749 3485 γυμνοῖς

2182 3510 2470 3579 ἐχρήσατο,
2493 3507 2681 3572 εἰπὼν,
2712 3506 3049 3576 Ἀνάστηθι,
3077 3510 3192 3568 καὶ,
3222 3511 3277 3562 Μ
3286 3507 3318 3575 ἡ
3342 3509 3749 3575 κραταιοῦσθω

2182 3603 2487 3671 ἄνθρωπος
2514 3620 2528 3635 ·
2557 3603 2695 3656 ὥστε
2726 3602 2982 3675 δηλῶσαι,
3007 3604 3087 3657 ὅτι
3106 3606 3134 3657 ὁ
3167 3602 3407 3671 εὐτελὴς,
3440 3602 3469 3653 ό
3490 3600 3596 3654 ἀπὸ
3620 3599 3747 3669 γῆς,

2182 3697 2210 3748 ὁ
2239 3697 2410 3768 τέφρα
2432 3696 2523 3749 καὶ
2548 3696 2756 3760 σποδός.
2773 3695 3157 3765 Κριθὴτωσαν
3175 3696 3319 3762 ἔθνη
3340 3692 3595 3748 ἐνώπιόν
3607 3708 3745 3748 σου.

2184 3786 2248 3839 Τί
2279 3788 2394 3838 ἐστι
2436 3785 2632 3849 τοῦτος
2666 3788 2914 3840 Δότωσαν
2955 3787 3130 3858 δίκην,
3162 3785 3329 3856 φησι,
3368 3784 3476 3838 τῶν
3504 3785 3750 3855 ἁμαρτη-

2187 3879 2391 3949 μάτων.
2428 3877 2500 3930 Ού
2530 3878 2783 3946 γεγόνασι
2813 3879 2879 3949 τῇ
2923 3876 3273 3950 μακροθυμίᾳ
3300 3874 3567 3946 βελτίους·
3587 3876 3751 3929 ἀπαί-

2183 3986 2347 4040 τησον
2386 3968 2614 4033 εὐθύνας
2662 3969 2770 4022 τῶν
2826 3969 3255 4040 τετολμημένων.
3319 3967 3747 4035 Κατάστησον,

2185 4062 2381 4130 Κύριε,
2404 4060 2733 4130 νομοθέτην
2755 4060 2845 4114 ἐπ’
2868 4061 3087 4126 αὐτοῖς.
3119 4058 3453 4113 Γνὼτωσαν
3479 4060 3645 4127 ἔθνη,
3662 4059 3752 4112 ὅτι

2185 4154 2483 4221 ἄνθρωποί
2518 4155 2656 4207 εἱσι.
2701 4154 3033 4223 Διάψαλμα.
3074 4152 3287 4216 Ἀλλος,
3338 4153 3471 4206 Ἀεί.
3517 4152 3582 4205 Τί
3613 4154 3749 4212 ἐστι.

2185 4245 2582 4312 Κατάστησον
2594 4245 2922 4315 νομοθέτην
2935 4243 3177 4310 αὺτοῖς-ς
3207 4245 3378 4305 Ἐπεὶ,
3404 4244 3553 4317 φησὶ,
3582 4244 3753 4299 καθά-

2187 4356 2291 4409 περ
2331 4340 2389 4391 ἐν
2438 4338 2730 4410 αὐτονομίᾳ
2787 4338 2963 4392 πάντα
3009 4339 3325 4409 πράττουσι,
3385 4336 3460 4408 μὴ
3509 4336 3753 4401 θέλοντες

2186 4432 2384 4486 διδόναι
2432 4432 2619 4502 δίκην,
2648 4430 2922 4497 ἐπέξελθε,
2963 4431 3058 4484 καὶ
3103 4429 3343 4499 γενέσθω
3388 4428 3624 4500 αύτοῖςή
3668 4446 3752 4482 τι-

2191 4523 2368 4593 μωρία
2390 4523 2509 4576 άντὶ
2529 4522 2809 4586 νουθεσίας
2827 4524 2871 4576 ⁸.
2896 4521 3065 4575 Τοῦτο
3086 4521 3183 4576 καὶ
3209 4522 3392 4594 ἕτερος
3414 4522 3588 4593 δηλῶν
3608 4518 3748 4585 εἷπε,

2188 4612 2601 4681 Κατάστησον,
2625 4614 2822 4682 Κύριε,
2842 4615 3077 4682 φόόημα
3101 4612 3322 4678 αὐτοῖς.
3358 4612 3499 4683 Ὅρα
3542 4612 3657 4676 πῶς
3689 4614 3751 4666 οὐ

2189 4705 2405 4759 κόλασιν
2436 4704 2613 4757 αὐτῶν
2652 4703 2916 4773 ἐπιζητεῖ,
2948 4703 3082 4757 ἀλλά
3110 4703 3389 4757 νουθεσίαν
3421 4705 3513 4757 καὶ
3528 4703 3752 4776 διόρθω-

2192 4813 2295 4858 σιν,
2334 4798 2427 4850 καὶ
2452 4795 2512 4849 τὸ
2535 4797 2608 4866 μὴ
2643 4795 2973 4868 παρανόμως
3006 4795 3126 4866 ζῇν.
3157 4795 3347 4849 Ἔσται
3380 4795 3487 4867 γὰρ
3516 4799 3549 4867 ή
3584 4814 3755 4867 τιμω-

2193 4888 2285 4959 ρία
2308 4889 2511 4951 αὐτοῖς,
2544 4887 2727 4957 φησὶν,
2751 4886 2870 4940 ἀντὶ
2897 4886 3175 4951 νουθεσίας
3199 4904 3213 4919 ο
3245 4888 3345 4940 ούκ
3370 4889 3550 4950 αὐτοῖς
3575 4887 3632 4940 δὲ
3657 4887 3752 4956 9.6-

2191 4997 2299 5043 νον,
2317 4979 2451 5034 ἀλλά
2480 4980 2573 5033 καὶ
2600 4979 2825 5050 ἑτέροις.
2843 4980 2954 5033 Καὶ
2984 4979 3070 5032 ἴνα
3105 4979 3279 5050 μάθῃς
3305 4980 3428 5032 ὅσον
3454 4979 3513 5031 τὸ
3543 4979 3751 5050 κέρδος.

2191 5070 2283 5122 καὶ
2310 5068 2427 5133 πῶς
2452 5068 2796 5122 καταστέλλει
2840 5068 3073 5139 νόσημα,
3098 5070 3259 5123 ἄκουε
3299 5068 3390 5121 τοῦ
3421 5067 3569 5135 ἑξῆς.
3594 5066 3754 5120 Γνώ-

2132 5222 2133 5225 η
2191 5176 2388 5214 τωσαν
2435 5160 2600 5226 ἔθνη,
2631 5160 2816 5230 φησὶν,
2844 5159 2933 5213 ὅτι
2965 5158 3262 5227 ἄνθρωποί
3285 5162 3458 5213 είσιν.
3485 5160 3550 5211 ‘0
3581 5158 3636 5211 δὲ
3669 5157 3755 5210 λέ-

2190 5269 2275 5321 γει
2322 5251 2561 5304 τοιοῦτόν
2593 5253 2739 5305 ἐστι·
2773 5250 2965 5305 Πολλοὶ
2992 5253 3086 5305 καὶ
3124 5250 3281 5304 τοῦτο
3325 5249 3751 5313 ἀπολωλέκασιν,

2191 5342 2513 5396 ἐπελάθοντο
2530 5342 2630 5412 τῆς
2652 5342 2885 5410 φύσεως,
2908 5344 2989 5406 είς
3010 5342 3206 5413 μανίαν
3228 5341 3534 5409 ἐξώκειλαν,
3557 5342 3747 5411 ήγνόη-

2194 5449 2292 5485 σαν
2327 5433 2569 5496 ἑαυτούς.
2590 5435 2697 5486 Καὶ
2732 5433 2910 5496 καλῶς
2938 5434 3243 5505 προσέθηκε
3272 5433 3351 5495 τὸ,
3401 5432 3525 5496 Ἀεὶ,
3551 5433 3636 5486 ἵνα
3658 5433 3755 5501 δη-

2190 5524 2359 5599 λώσῃ,
2385 5525 2465 5577 ὃτι
2492 5525 2590 5578 οὐκ
2619 5527 2677 5578 ἐν
2702 5528 2823 5590 ταῖς
2865 5526 3222 5598 δυσπραγίαις
3261 5527 3445 5596 μόνον,
3477 5525 3611 5579 ἀλλά
3660 5525 3756 5579 καὶ

2255 5662 2513 5726 θεοιϋρτι.
2544 5667 2595 5726 gl
2620 5661 2767 5726 Sayil.
2816 5664 2895 5714 hic
2935 5671 2987 5714 et
3020 5665 3139 5714 infra
3175 5665 3276 5714 ἀντὶ
3296 5663 3587 5726 νομοθεσίας,
3618 5663 3757 5726 quasi

2190 5727 2321 5797 ἀίδιος
2361 5737 2450 5797 pr?
2493 5723 2816 5797 legislfxliqne,
2862 5729 2940 5777 vel
2980 5740 3071 5791 pro
3117 5726 3232 5776 datu
3284 5723 3404 5790 lege.
3455 5723 3759 5777 εειόνουοε-

2193 5788 2299 5842 σίας
2319 5788 2497 5835 ηιρίὶιιε
2518 5788 2739 5849 quadrat.
