4140 6356
389 415 495 469 ἱὸὂ

385 530 569 585 tione?
617 528 728 582 Non
773 527 943 582 solum
987 526 1158 591 enim,
1202 525 1400 594 inquit,
1441 524 1564 576 facit
1591 538 1685 575 eos
1714 520 1964 574 meliores

384 624 472 693 qui
518 623 878 692 castigantur,
925 619 1018 672 sed
1067 617 1188 671 facit
1223 618 1382 670 etiam
1404 657 1418 677 ,
1451 621 1508 668 ut
1541 614 1629 668 Dei
1657 611 1974 679 cOgnitionis

382 715 595 769 cluccat
618 714 754 766 ratio
776 730 788 763 :
807 721 857 765 et
881 727 938 765 es
977 725 1042 764 eo
1067 709 1230 778 magis
1256 707 1466 762 videtur
1489 707 1763 759 hominum
1789 719 1971 758 curam

382 823 592 877 gerere.
615 804 748 863 Cum
776 807 952 874 itaque
980 803 1216 873 permisit
1238 817 1448 872 gregem
1480 815 1760 870 porcorum
1785 797 1969 854 detur-

383 898 529 961 bari,
577 907 629 952 et
657 898 708 951 in
739 897 869 950 mari
909 894 1176 964 submergi
1219 893 1236 961 (
1269 892 1430 945 Marc.
1459 891 1512 945 ὃ.
1547 891 1614 945 1⁸5
1638 892 1690 960 ),
1724 901 1847 944 tunc
1876 891 1970 943 ad-

383 989 665 1044 miratione
711 987 937 1041 maxima
982 984 1210 1055 perculsi
1241 992 1382 1038 sunt.
1433 981 1486 1035 lo
1537 981 1715 1037 Veteri
1761 997 1972 1051 quoque

381 1079 730 1134 Testamento
762 1077 949 1142 Judmi,
1000 1075 1216 1142 Quando
1258 1091 1341 1127 eos
1391 1074 1676 1134 occidebat,
1711 1083 1829 1127 tunc
1859 1089 1973 1126 eum

381 1169 672 1237 qua'rebant
692 1211 707 1235 ,
755 1165 1201 1238 quemadmodum
1233 1163 1361 1218 dicit
1389 1165 1645 1234 propheta
1674 1162 1847 1234 (Psat.
1881 1165 1969 1216 77.

384 1263 500 1330 5i).
534 1260 603 1314 Et
631 1275 728 1314 cur
759 1275 862 1314 non
897 1259 997 1312 hoc
1027 1257 1153 1312 facit
1183 1256 1550 1327 frequentius?
1573 1256 1833 1324 Quoniam
1858 1257 1974 1310 vult

385 1369 489 1406 non
520 1367 616 1421 per
644 1352 748 1405 vim
778 1359 832 1406 et
855 1350 1278 1419 compulsionem
1299 1390 1314 1414 ,
1362 1349 1455 1404 sed
1487 1365 1581 1418 per
1609 1349 1831 1404 liberam
1870 1364 1970 1404 vo-

385 1444 640 1498 luntatem
661 1445 909 1498 virtutem
926 1443 1187 1507 exerceri,
1208 1452 1261 1496 et
1279 1441 1536 1496 beneﬁcio
1555 1442 1732 1512 potius
1751 1442 1971 1497 affectos

383 1553 543 1606 quam
573 1537 804 1606 punitos.
835 1534 904 1590 Et
927 1544 1156 1606 quanto,
1199 1534 1328 1589 dicit
1354 1534 1646 1604 quispiam,
1675 1535 1864 1590 melius
1890 1544 1973 1589 est

383 1642 502 1680 esse
530 1627 844 1682 necessitate
870 1625 1066 1680 bonum
1089 1667 1103 1689 ,
1133 1640 1292 1695 quam
1321 1625 1519 1679 malum
1550 1625 1718 1679 libero
1742 1624 1970 1695 eligendi

384 1715 642 1770 arbitrio?
671 1716 784 1770 Non
828 1723 1002 1786 potest
1029 1715 1147 1785 quis
1181 1730 1300 1771 esse
1328 1715 1498 1769 bonus
1537 1729 1600 1769 ex
1631 1714 1967 1770 necessitate.

384 1807 480 1872 Qui
506 1808 648 1860 enim
677 1807 889 1862 vinculo
909 1807 1222 1876 illaqueatus
1251 1807 1419 1861 bonus
1442 1815 1544 1870 est,
1575 1820 1680 1861 non
1706 1806 1808 1862 erit
1831 1821 1973 1862 sem-

390 1914 484 1967 per
510 1898 680 1953 bonus
703 1940 716 1963 ,
757 1897 852 1953 sed
880 1913 910 1952 a
937 1898 1254 1952 necessitate
1291 1897 1546 1952 liberatus
1582 1906 1880 1952 revertetur
1902 1897 1970 1952 ad

381 1992 566 2045 vitium
595 2009 607 2044 :
631 1991 719 2060 qui
744 2000 921 2045 autem
953 1991 1021 2044 ita
1050 1989 1364 2055 instituitur,
1393 1999 1451 2044 ut
1476 2003 1570 2044 sua
1593 1990 1755 2044 libera
1777 1991 1967 2045 volun-

383 2091 489 2135 tate
519 2081 610 2134 ﬁat
653 2083 841 2143 bonus,
889 2096 1011 2136 cum
1057 2081 1227 2136 bonus
1273 2080 1443 2134 factus
1487 2080 1676 2147 fuerit,
1717 2091 1970 2136 constans

385 2187 564 2228 manet
593 2185 648 2228 et
677 2173 904 2228 stabilis.
940 2173 1005 2227 In
1044 2174 1278 2242 aper-ibus
1320 2190 1562 2227 manuum
1589 2191 1797 2228 suarum
1824 2191 1968 2229 com-

387 2267 664 2334 prehensus
703 2277 775 2319 est
815 2275 1066 2335 peccator.
1098 2265 1210 2320 Non
1241 2265 1397 2330 dixit,
1431 2265 1678 2319 Mannum
1709 2266 1823 2332 Dei,
1851 2267 1964 2329 sed,

383 2360 626 2414 Manuum
657 2361 969 2429 peccatoris.

452 2451 505 2506 8.
541 2451 852 2519 Quibusdam
880 2451 942 2504 de
966 2449 1189 2505 versibus
1217 2449 1612 2522 praxedentibus
1629 2491 1643 2516 ,
1672 2467 1847 2505 rursus
1873 2452 1971 2504 ad-

380 2546 582 2609 notatis,
599 2544 1094 2615 subsequentiumque
1104 2545 1461 2614 expositionem
1479 2561 1643 2611 orsus,
1659 2548 1968 2600 demonstrat

381 2647 723 2707 paupertatem
744 2637 812 2690 ad
839 2638 1067 2690 virtutem
1098 2637 1342 2706 aptiorem
1367 2653 1472 2690 esse
1497 2637 1702 2690 divitiis.
1729 2667 1798 2676 -—
1820 2635 1968 2690 Vidi-

379 2730 446 2784 sti
479 2730 746 2799 quomodo
765 2729 939 2783 variat
964 2729 1282 2796 orationem,
1308 2738 1361 2783 et
1388 2727 1528 2799 quod
1557 2745 1620 2783 ex
1648 2729 1780 2784 melo
1805 2729 1966 2783 infer-

381 2832 466 2874 tur
494 2822 810 2892 supplicium
853 2820 1120 2884 inferens,
1152 2829 1205 2874 ct
1238 2835 1423 2890 pceuas
1460 2836 1578 2891 qua:
1605 2835 1634 2874 a
1662 2821 1788 2876 vitio
1819 2821 1965 2876 inﬂi-

380 2922 576 2981 guutur
603 2911 897 2966 inducens?
925 2909 1206 2980 Quomodo
1236 2911 1548 2981 supplicium
1571 2911 1712 2980 quod
1738 2913 1967 2968 infertur

379 3020 442 3057 ex
470 3004 635 3059 cmlo?
661 3003 1010 3075 Cognoscitur,
1041 3003 1232 3073 inquit,
1257 3000 1507 3057 Dominus
1525 3004 1727 3073 judicia
1751 3005 1962 3071 faetens.

377 3097 655 3162 Quomodo
684 3113 870 3168 poenas
897 3112 1018 3168 quae
1046 3096 1356 3168 inﬁiguntnr
1383 3113 1411 3150 a
1441 3097 1609 3151 vitio?
1639 3094 1826 3166 Inﬁxae
1850 3107 1966 3151 sunt

377 3198 545 3258 gentes
571 3189 624 3242 in
657 3189 893 3249 interitu,
923 3205 1069 3258 quem
1097 3191 1344 3257 fecerunt.
1391 3185 1456 3241 Et
1499 3201 1684 3241 rursus
1713 3201 1805 3241 eas
1845 3201 1965 3257 qua:

381 3281 791 3350 proﬁciscuntur
819 3280 888 3335 ab
932 3280 1266 3350 improbitate
1305 3297 1318 3330 :
1360 3277 1426 3332 In
1465 3280 1696 3349 operibus
1722 3295 1964 3332 manuum

377 3389 586 3424 suarum
614 3373 1004 3441 comprehensus
1030 3382 1102 3425 est
1128 3380 1377 3439 peccator.
1405 3369 1521 3425 Non
1551 3371 1693 3425 enim
1721 3368 1849 3425 dicit
1877 3385 1964 3425 so-

376 3467 487 3518 lum
531 3465 849 3536 supplicium
880 3463 1021 3534 quod
1065 3478 1095 3517 a
1136 3463 1247 3517 Deo
1291 3462 1678 3532 proﬁciscitur,
1709 3462 1961 3532 quoniam

375 3570 517 3624 stepe
545 3563 828 3610 cunctatur
854 3563 908 3608 et
937 3553 1114 3608 diﬁ‘ert
1139 3572 1151 3607 :
1181 3569 1354 3622 neque
1382 3552 1555 3607 solum
1583 3553 1724 3623 quod
1755 3569 1782 3606 a
1811 3554 1960 3620 vitio,

374 3647 621 3718 quoniam
655 3647 804 3701 multi
845 3645 898 3699 in
929 3660 994 3700 eo
1025 3645 1252 3700 libenter
1279 3652 1560 3699 versantur
1604 3663 1617 3698 :
1663 3643 1757 3700 sed
1790 3647 1962 3699 utrin-

375 3755 478 3810 que
505 3737 787 3794 conﬁrmat
813 3738 1132 3793 orationem.
1176 3736 1243 3791 Et
1287 3736 1407 3792 ideo
1445 3736 1607 3801 dicit,
1640 3735 1706 3791 In
1730 3737 1961 3807 operibus

375 3848 615 3885 manuum
662 3848 873 3885 suarum
913 3831 1302 3902 comprehensus
1342 3839 1434 3884 est.
1483 3829 1670 3896 Alius,
1721 3829 1961 3884 Votorum

374 3941 579 3978 suorum
607 3923 726 3996 (a).
754 3922 832 3978 Ne
858 3938 984 3994 ergo
1013 3923 1315 3986 existimes,
1346 3930 1398 3976 te
1426 3922 1872 3977 machinationem
1905 3921 1958 3976 in

375 4016 536 4070 alium
563 4016 761 4082 moliri,
789 4013 1001 4085 quando
1025 4014 1186 4069 struis
1214 4013 1371 4068 alicui
1401 4013 1619 4068 insidias
1651 4031 1664 4064 :
1695 4013 1788 4066 tibi
1815 4013 1959 4068 enim

374 4108 474 4177 ipsi
501 4109 742 4163 contexis
763 4107 918 4162 retia.
941 4105 1150 4172 Cantus,
1176 4106 1481 4175 diapsalma.
1506 4105 1676 4171 Alius,
1706 4105 1814 4160 Vox
1837 4122 1961 4160 sem-

375 4215 482 4268 per.
507 4199 674 4259 Alius,
691 4197 977 4252 Modulatio
996 4213 1210 4268 semper.
1239 4197 1494 4252 Hebraeus
1514 4209 1714 4262 autem,
1743 4197 1958 4267 Engaon

374 4291 466 4345 sel.
514 4292 602 4346 18.
644 4290 1008 4345 Convertuntur
1050 4299 1334 4360 peccatores
1367 4291 1421 4343 in
1461 4290 1753 4361 infernum,
1787 4306 1957 4344 omnes

373 4391 540 4453 gentes
568 4398 683 4454 qua:
710 4382 1073 4436 obliviscuntur
1110 4379 1293 4435 Deum.
1343 4381 1494 4436 Alius
1518 4422 1533 4448 ,
1580 4381 1953 4436 Convertentur.

375 4472 430 4526 In
473 4472 659 4528 iisdem
705 4487 892 4527 rursus
934 4473 1202 4543 persistit,
1235 4472 1522 4528 ostendens
1547 4472 1731 4527 vitium
1761 4473 1959 4529 habere

374 4563 688 4634 supplicium
719 4563 1099 4628 constitutum,
1132 4573 1186 4618 et
1214 4563 1539 4632 impietatem
1579 4579 1768 4633 parere
1809 4581 1956 4618 mor-

375 4664 501 4718 tem,
529 4665 584 4710 et
611 4664 884 4724 peccatum
913 4656 1168 4726 pericula.
1202 4657 1288 4711 t9.
1317 4657 1568 4722 Quoniam
1593 4674 1695 4711 non
1722 4658 1776 4712 in
1803 4658 1958 4727 ﬁnem

372 4745 552 4800 oblivio
577 4747 674 4801 erit
701 4747 955 4817 pauperis,
987 4749 1232 4817 patientia
1263 4765 1542 4820 pauperum
1568 4766 1668 4803 non
1698 4750 1874 4819 peribit
1904 4751 1956 4804 in

371 4840 544 4907 ﬁnem.
571 4839 722 4893 Alius
744 4839 1009 4909 interpres
1029 4841 1174 4905 dicit,
1203 4839 1323 4896 Non
1349 4843 1480 4896 enim
1505 4841 1558 4894 in
1585 4842 1737 4908 ﬁnem
1761 4842 1958 4894 mitium

371 4931 681 4999 exspectatio
707 4929 934 4984 tradetur
953 4929 1210 4984 oblivioni.
1240 4929 1468 4985 Pulchre
1497 4932 1650 4996 dixit,
1680 4930 1742 4984 In
1769 4932 1957 4999 liuent:

371 5020 661 5075 ostendens
689 5035 794 5074 non
831 5036 1043 5090 semper
1071 5021 1236 5090 quaeri
1278 5022 1671 5077 remissionem.
1718 5022 1774 5076 Si
1813 5024 1954 5078 enim

372 5127 583 5181 semper
611 5111 783 5166 futura
823 5113 890 5168 sit
927 5114 1080 5183 quies
1109 5122 1164 5168 et
1192 5113 1472 5179 remissio,
1517 5113 1729 5168 ubinam
1774 5125 1956 5169 osten-

372 5207 527 5260 detur
563 5207 858 5276 patientia?
899 5206 1052 5275 Quod
1093 5219 1268 5260 autem
1314 5206 1480 5270 dicit,
1527 5217 1608 5260 est
1655 5207 1954 5276 ejusmodi:

374 5297 564 5351 Pinnas
589 5299 791 5352 dabunt
817 5299 1040 5368 improbi
1067 5341 1080 5361 ,
1111 5309 1166 5354 et
1192 5311 1428 5353 extrema
1458 5300 1740 5369 patientur.
1774 5298 1958 5369 Neque

372 5390 511 5441 enim
537 5388 674 5442 Dcus
701 5389 952 5459 patietur,
978 5399 1033 5443 ut
1064 5390 1128 5443 iis
1149 5389 1237 5458 qui
1265 5390 1452 5458 injuria
1484 5390 1804 5456 afﬁciuntur,
1837 5405 1955 5460 per-

432 5583 507 5643 (a)
531 5586 578 5630 In
592 5588 772 5647 που,
784 5601 941 5645 ταρσῶν,
957 5596 1102 5647 quam
1118 5597 1286 5633 vocem
1302 5584 1562 5647 Gen_tianus
1576 5590 1817 5632 Ilervetus
1830 5582 1957 5647 male

376 5648 608 5703 verterat,
630 5644 921 5706 plantarum.
949 5644 1108 5695 Lectio
1129 5654 1310 5703 nostra,
1333 5644 1550 5695 votorum
1576 5657 1791 5701 suarum,
1819 5646 1959 5706 cujus

373 5706 554 5770 sitnon
583 5705 796 5758 natatur.
811 5706 902 5756 Sed
923 5714 1016 5764 est,
1041 5716 1096 5756 ut
1119 5707 1327 5770 videtur,
1342 5714 1399 5770 et
1415 5706 1554 5770 Savil.
1581 5713 1729 5770 notat,
1751 5705 1957 5770 Aquila,

370 5766 450 5827 qui
480 5771 727 5846 vocem'P
748 5777 816 5816 tta
839 5771 1079 5819 convertit
1103 5767 1221 5817 t‘sal.
1245 5771 1324 5829 77,
1347 5769 1428 5830 72,
1449 5769 1622 5830 etHS,
1638 5782 1688 5820 γ.
1713 5766 1824 5831 “9,
1843 5781 1958 5820 nec-

373 5865 467 5901 non
495 5851 627 5904 Isaia‘
647 5859 724 5919 49,
756 5861 824 5910 16,

1528 400 1889 460 EXPOSITIO
1927 399 1990 454 ΚΝ
2032 399 2348 460 PSALMUM

3561 414 3664 470 ιεςι

2087 531 2258 587 petum
2288 532 2540 590 parentur
2571 523 2792 578 insidiae.
2833 521 2932 580 Per
2972 525 3072 580 hoc
3115 536 3168 581 et
3211 541 3304 582 eos
3332 527 3658 596 consolatur,

2083 619 2137 662 et
2165 610 2280 663 illos
2312 621 2493 668 terret.
2527 623 2578 665 et
2620 613 2712 669 Dei
2740 615 2973 670 ostendit
2997 617 3363 684 clementiam,
3392 621 3532 687 quod
3565 621 3664 675 hos

2082 701 2294 768 quidem
2335 717 2482 757 mora
2514 703 2686 758 reddit
2716 706 3079 775 probatiores,
3110 708 3230 764 illos
3255 725 3382 764 vero
3413 710 3572 765 trahit
3596 712 3664 766 ad

2083 793 2474 862 pteuitentiam.
2509 795 2640 852 Vide
2678 811 2854 851 antem
2894 799 3162 869 quomodo
3191 816 3374 857 rursus
3404 817 3667 874 pauperes

2084 885 2136 937 in
2168 885 2369 941 h0uore
2401 886 2662 943 habentur
2681 931 2694 948 .
2729 906 2986 963 pauperes
3013 907 3116 948 non
3147 893 3422 963 absolute,
3451 897 3544 952 sed
3573 898 3664 967 qui

2081 985 2206 1028 sunt
2235 977 2446 1030 contriti
2474 979 2654 1033 corde.
2700 980 2737 1035 li
2765 983 2906 1035 enim
2943 995 3064 1037 sunt
3090 985 3174 1038 vel
3203 987 3433 1042 maxime
3459 987 3568 1058 apti
3597 988 3665 1042 ad

2083 1067 2388 1133 patientiam
2416 1086 2428 1121 :
2464 1069 2547 1123 vel
2576 1085 2636 1124 ea
2671 1070 2844 1140 potius
2871 1087 2930 1127 se
2959 1083 3143 1128 mutuo
3170 1086 3516 1146 comparant,
3560 1078 3666 1132 btt-

2080 1158 2277 1211 militas
2325 1159 2666 1228 patientiam,
2707 1164 2959 1232 patientia
3021 1163 3393 1223 humilitatem.
3442 1168 3496 1223 Si
3541 1169 3682 1240 quis

2081 1260 2257 1304 autem
2285 1251 2510 1318 dixerit,
2541 1254 2608 1308 Et
2633 1257 2904 1325 quomodo
2931 1267 3014 1313 est
3043 1269 3325 1330 paupertas
3348 1260 3618 1318 humilitas
3640 1263 3666 1315 ?

2079 1341 2320 1396 dicemus
2340 1359 2458 1396 eam
2481 1359 2601 1400 esse
2621 1347 2878 1416 aptiorem
2901 1348 2966 1402 ad
2989 1351 3258 1406 virtutem.
3286 1351 3387 1420 Qui
3410 1364 3491 1407 est
3517 1354 3663 1409 enim

2079 1431 2248 1496 dives,
2279 1433 2443 1488 animi
2473 1436 2789 1506 aegritudine
2813 1438 3042 1494 afﬁcitur
3068 1450 3123 1496 et
3149 1441 3497 1498 conturbatur
3527 1461 3540 1498 :
3570 1445 3665 1514 qui

2080 1534 2258 1580 autem
2291 1543 2490 1595 pauper
2517 1537 2634 1594 est,
2668 1534 2846 1584 omnia
2891 1531 2993 1587 fert
3033 1532 3219 1597 facile,
3250 1541 3308 1588 ut
3333 1535 3423 1605 qui
3448 1535 3501 1590 in
3530 1551 3665 1606 pau-

2083 1625 2288 1684 pertate
2317 1618 2478 1672 veluti
2522 1619 2574 1673 in
2619 1621 2845 1689 quadam
2887 1623 3132 1692 palmstra
3171 1622 3479 1694 frequenter
3504 1641 3666 1682 exer-

2079 1719 2282 1763 ceatur.
2318 1710 2380 1764 Et
2405 1710 2526 1765 ideo
2546 1711 2790 1769 Christus
2810 1729 3020 1784 quoque
3045 1715 3276 1782 dicebat,
3304 1715 3523 1773 difﬁcile
3545 1733 3668 1774 esse

2078 1815 2199 1854 cum
2227 1801 2424 1856 divitiis
2452 1819 2671 1873 regnum
2699 1805 2951 1861 caalorum
2981 1797 3185 1878 ingredi
3210 1808 3420 1880 (Matth.
3441 1810 3529 1865 i9.
3549 1809 3664 1882 2'5).

2078 1891 2212 1959 Quid
2256 1903 2340 1948 est
2377 1903 2592 1961 autem,
2636 1895 2898 1951 Patientia
2934 1914 3216 1970 pauperum
3257 1918 3360 1956 non
3403 1901 3583 1973 peribit
3613 1904 3666 1956 in

2077 1987 2229 2052 ﬁnem
2253 1985 2279 2039 ?
2306 1985 2627 2057 Numquam,
2660 1989 2850 2060 inquit,
2880 1991 3093 2062 peribit,
3122 1993 3216 2048 sed
3244 1994 3520 2064 proprium
3547 1994 3664 2049 fru-

2077 2086 2218 2130 ctum
2249 2079 2467 2132 omnino
2509 2079 2750 2150 reclpiet.
2798 2082 2951 2149 Quod
2989 2083 3205 2152 quidem
3255 2100 3360 2139 non
3391 2084 3572 2140 evenit
3612 2085 3663 2139 in

2078 2169 2144 2222 iis
2173 2171 2332 2226 rebus
2359 2187 2480 2242 qua:
2517 2172 2583 2228 ad
2623 2174 2819 2228 victum
2850 2175 3149 2244 pertinent,
3193 2176 3288 2233 sed
3317 2193 3460 2249 saepe
3501 2177 3662 2234 ﬁnem

2078 2275 2183 2314 non
2232 2274 2634 2334 consequuntur
2690 2266 3036 2335 pereuntibus
3092 2267 3381 2324 laboribus.
3431 2268 3565 2324 Nam
3609 2279 3664 2324 et

2077 2355 2306 2425 agricola
2329 2368 2627 2426 exspectat,
2655 2369 2710 2414 et
2735 2371 3002 2417 mercator
3034 2380 3047 2416 :
3075 2376 3216 2432 saepe
3241 2371 3418 2417 autem
3447 2371 3666 2433 propter

2075 2446 2214 2500 aeris
2254 2448 2622 2517 iutemperiem
2656 2451 2866 2521 utrique
2895 2467 2923 2504 a
2956 2453 3126 2507 fructu
3169 2453 3249 2508 sui
3277 2453 3475 2509 laboris
3515 2453 3662 2509 exci-

2076 2535 2225 2589 dunt.
2259 2537 2318 2593 In
2348 2539 2456 2593 Deo
2485 2549 2666 2596 autem
2696 2557 2803 2596 non
2835 2542 2906 2596 ita
2939 2541 3029 2610 ﬁt,
3060 2543 3154 2599 sed
3185 2559 3406 2601 necesse
3432 2553 3516 2600 est
3541 2560 3663 2600 om-

2078 2628 2204 2682 nino
2233 2629 2392 2685 ﬁnem
2437 2633 2714 2702 consequi.
2761 2634 2872 2690 Hoc
2906 2645 3084 2690 autem
3116 2651 3221 2690 non
3265 2651 3481 2706 parvam
3511 2636 3665 2693 affert

2075 2719 2515 2787 consolationem,
2539 2739 2754 2793 semper
2773 2724 2840 2779 de
2861 2725 2966 2780 ﬁne
2987 2726 3275 2781 confidere.
3297 2726 3388 2783 20.
3409 2727 3660 2800 Exsurge,

2073 2809 2314 2880 Domine,
2340 2830 2441 2866 non
2468 2817 2780 2886 confortetur
2809 2817 2976 2870 homo.
3002 2818 3171 2884 Alius,
3203 2817 3324 2873 Non
3351 2821 3526 2875 audax
3545 2821 3660 2890 ﬁat.

2071 2901 2376 2957 Judicentur
2402 2916 2574 2976 gentes
2614 2908 2667 2959 in
2703 2917 2970 2978 conspectu
3000 2918 3104 2962 tuo.
3135 2909 3319 2978 Alius,
3355 2909 3424 2964 Et
3451 2912 3504 2964 in
3532 2913 3664 2983 facie

2075 3002 2181 3046 tua.
2210 2992 2497 3065 Postquam
2527 2997 2662 3051 dixit
2693 2999 2898 3063 vitium,
2927 2999 3070 3069 quod
3102 3000 3282 3072 plures
3309 3002 3556 3059 homines
3579 3005 3662 3058 in-

2073 3083 2246 3148 vadit,
2289 3095 2343 3139 ct
2378 3090 2611 3142 narravit
2651 3089 2922 3143 hominum
2965 3090 3393 3160 improbitatem,
3421 3093 3657 3165 rapinas,

2073 3177 2371 3242 avaritiam,
2406 3179 2713 3245 homicidia,
2754 3192 2905 3252 rogat
2931 3183 3095 3238 Deum
3124 3199 3220 3254 pro
3245 3184 3442 3241 auxilio
3470 3202 3657 3243 eorum

2071 3267 2162 3336 qui
2207 3268 2510 3324 afﬁciuntur
2556 3271 2767 3340 injuria.
2815 3273 2960 3327 Talia
3001 3284 3125 3328 sunt
3167 3276 3312 3332 enim
3351 3287 3658 3335 sanctorum

2071 3361 2295 3425 viscera,
2324 3372 2508 3417 utnon
2539 3365 2711 3420 solum
2743 3366 2852 3420 sint
2875 3367 2944 3422 de
2972 3383 3030 3422 se
3055 3369 3286 3434 solliciti,
3321 3371 3413 3426 sed
3435 3373 3659 3442 perinde

2073 3467 2135 3504 ac
2166 3452 2209 3506 si
2241 3467 2338 3522 pro
2359 3470 2460 3509 una
2487 3455 2667 3521 domo,
2697 3473 2793 3526 pro
2822 3458 2950 3514 orbe
2976 3467 3261 3526 terrarum,
3289 3463 3372 3517 vel
3398 3479 3462 3519 ac
3486 3465 3530 3520 si
3560 3481 3658 3536 pro

2069 3557 2177 3595 uno
2205 3559 2430 3614 corpore
2451 3587 2464 3609 ,
2506 3561 2602 3616 pro
2633 3549 2968 3605 multitudine
2997 3551 3290 3618 hominum,
3326 3554 3395 3608 ita
3429 3570 3656 3624 precen-

2071 3642 2158 3687 tur
2183 3634 2486 3690 Dominum.
2517 3636 2770 3710 Exsurge,
2795 3639 3030 3709 Domine,
3060 3659 3123 3698 ne
3143 3647 3456 3716 confortetur
3481 3647 3654 3704 homo.

2068 3725 2204 3791 Quid
2228 3738 2310 3781 est
2337 3738 2513 3782 autem
2535 3770 2552 3795 ,
2586 3729 2848 3802 Exsurge,
2879 3730 3140 3788 Domine?
3167 3734 3526 3807 Persequere,
3571 3741 3656 3794 in-

2069 3817 2203 3884 quit.
2235 3815 2318 3872 fer
2357 3832 2548 3887 opem,
2587 3819 2712 3890 puni
2740 3835 2835 3876 eos
2877 3822 2967 3892 qui
2995 3821 3236 3878 inferunt
3269 3824 3537 3896 injuriam.
3589 3829 3658 3886 Et

2069 3912 2282 3978 egregie
2305 3912 2461 3966 nudis
2481 3913 2784 3968 nominibus
2804 3929 2930 3970 usus
2949 3925 3052 3982 est,
3079 3931 3200 3973 cum
3220 3917 3374 3986 dixit,
3399 3918 3653 3994 Exsurge,

2067 4010 2140 4068 et,
2171 4001 2289 4056 Non
2317 4006 2626 4073 confortatur
2654 4006 2804 4060 homo
2823 4023 2841 4059 :
2867 4016 2926 4062 ut
2951 4007 3216 4079 signiﬁcet
3242 4011 3383 4081 quod
3410 4013 3481 4068 sit
3505 4014 3652 4080 vilis,

2067 4094 2208 4162 quod
2234 4103 2500 4163 terrenus,
2524 4097 2665 4167 quod
2693 4097 2868 4169 pulvis
2893 4109 2948 4154 et
2974 4100 3128 4156 cinis.
3155 4100 3461 4159 Judicentur
3481 4117 3652 4178 gentes

2067 4187 2120 4240 in
2148 4197 2416 4256 conspectu
2441 4198 2549 4242 tuo.
2578 4189 2715 4258 Quid
2747 4189 2849 4246 hoc
2877 4192 3002 4246 est?
3032 4193 3202 4260 Dent,
3235 4193 3437 4264 inquit,
3467 4212 3655 4267 pmnas

2067 4291 2284 4333 suorum
2317 4289 2676 4348 peccatorum.
2720 4281 2839 4337 Non
2882 4281 3074 4339 redditi
3117 4295 3240 4340 sunt
3279 4287 3530 4345 meliores
3555 4305 3655 4360 pa-

2069 4371 2250 4426 tientia
2278 4388 2291 4436 ;
2325 4371 2618 4428 facinorum
2644 4372 2712 4427 ab
2735 4375 2815 4429 eis
2839 4375 3100 4432 rationem
3126 4392 3375 4448 exposce.
3405 4379 3494 4435 21.
3518 4380 3657 4436 Can-

2066 4462 2214 4517 stitue
2237 4505 2250 4528 ,
2279 4462 2498 4519 Domine
2517 4507 2532 4531 ,
2574 4466 2912 4537 legistatorem
2937 4486 3091 4540 super
3117 4487 3220 4525 eos.
3253 4471 3432 4527 Sciant
3459 4485 3652 4545 gentes,

2065 4557 2304 4626 quoniam
2351 4558 2574 4612 homines
2619 4569 2757 4613 sunt.
2807 4559 3130 4630 Diapsalma.
3179 4564 3367 4630 Alius,
3415 4566 3652 4639 Semper.

2066 4653 2203 4720 Quid
2228 4661 2332 4717 est,
2357 4653 2612 4709 Constitue
2632 4655 2967 4727 legislatorem
2987 4675 3138 4731 super
3159 4661 3298 4731 ipsos
3315 4662 3342 4716 Ρ
3364 4663 3655 4733 Quoniam,

2066 4745 2272 4815 inquit,
2297 4745 2473 4800 omnia
2507 4745 2704 4801 faciunt
2742 4748 2964 4818 perinde
2988 4765 3052 4806 ac
3078 4752 3124 4806 si
3162 4764 3343 4810 essent
3383 4757 3464 4811 sui
3490 4757 3655 4828 juris,

2066 4836 2310 4891 nolentes
2336 4835 2465 4892 dare
2489 4852 2696 4908 poenas,
2730 4840 2990 4897 ulciscere
3007 4883 3023 4908 ,
3051 4852 3106 4898 ct
3132 4846 3201 4900 sit
3226 4846 3304 4900 eis
3333 4849 3655 4920 supplicium

2068 4943 2164 4996 pro
2193 4927 2577 4985 admonitione.
2611 4929 2722 4986 Hoc
2751 4932 2888 4986 alius
2915 4949 3126 5005 quoque
3153 4937 3480 5009 signiﬁcans,
3507 4942 3656 4999 dice-

2068 5020 2158 5072 bat
2187 5039 2198 5072 :
2226 5019 2514 5087 Constitue,
2563 5020 2776 5076 Domine
2795 5064 2811 5089 ,
2846 5025 2917 5078 eis
2943 5026 3189 5079 timorem.
3225 5027 3356 5084 Vide
3382 5033 3656 5101 quomodo

2068 5129 2172 5166 non
2203 5113 2392 5182 qumrit
2421 5123 2478 5166 ut
2507 5113 2815 5182 puniantur,
2840 5115 2933 5170 sed
2962 5128 3019 5170 ut
3047 5117 3452 5187 admoneamur,
3484 5126 3657 5179 corri-

2065 5215 2290 5275 gantur,
2321 5213 2376 5259 et
2401 5221 2506 5259 non
2539 5207 2717 5260 vivant
2752 5207 2951 5278 inique.
2985 5209 3099 5263 Erit
3124 5209 3266 5265 enim
3287 5253 3300 5276 ,
3333 5213 3540 5284 inquit,
3573 5219 3656 5272 eis

2067 5298 2386 5368 supplicium
2424 5298 2543 5353 loco
2581 5299 2959 5354 admonitionis
2980 5341 2996 5364 ,
3030 5315 3134 5355 non
3162 5303 3242 5357 eis
3270 5313 3472 5359 tantum
3493 5347 3507 5371 ,
3556 5309 3655 5363 sed

2069 5391 2228 5445 etiam
2254 5390 2394 5444 aliis.
2423 5389 2490 5444 Et
2521 5399 2578 5445 ut
2605 5391 2746 5446 scias
2772 5401 3025 5462 quantum
3054 5408 3117 5448 ex
3146 5409 3211 5449 eo
3236 5395 3306 5450 sit
3331 5397 3570 5464 lucrum,
3599 5411 3655 5454 ct

2069 5481 2336 5550 quomodo
2363 5481 2606 5537 morbum
2633 5483 2912 5552 reprimat,
2942 5483 3064 5538 audi
3094 5485 3235 5554 quod
3279 5485 3531 5557 deinceps
3569 5504 3653 5544 se-

2075 5569 2278 5637 quitur.
2307 5569 2488 5624 Sciant
2509 5581 2682 5640 gentes
2704 5573 2842 5641 quod
2865 5573 3098 5627 homines
3119 5585 3260 5628 sunt.
3286 5576 3440 5643 Quod
3465 5587 3647 5632 autent

2075 5659 2228 5724 dicit,
2257 5661 2570 5732 hujusmodi
2595 5674 2679 5720 est
2709 5681 2723 5717 :
2757 5664 2908 5720 Multi
2945 5667 3046 5721 hoc
3074 5667 3237 5721 etiam
3272 5669 3645 5738 perdiderunt,

2074 5763 2282 5807 naturae
2314 5754 2465 5809 obliti
2503 5765 2650 5821 sunt,
2682 5757 2735 5810 in
2768 5757 3003 5813 furorem
3038 5759 3396 5830 impcgcrunt,
3433 5764 3643 5832 seipsos

2072 5845 2409 5915 ignorarunt.
2437 5846 2503 5904 Et
2522 5849 2747 5920 pulchre
2763 5849 2958 5922 adjecit
2976 5851 3128 5910 illud.
3145 5852 3379 5925 Semper,
3402 5864 3458 5910 ut
3479 5855 3643 5927 signi-
