4140 6356
1123 469 1178 524 S.
1219 461 1494 522 JOANNIS
1515 451 1985 514 CHRYSOSTOMI
2026 445 2339 502 ARClllEP.
2379 435 2906 500 CONSTANTINOP.
3592 425 3691 482 156

2112 563 2295 621 animt:
2331 576 2476 630 suae,
2517 569 2562 612 ct
2591 572 2774 611 avarus
2815 549 3103 614 benedixit,
3147 545 3358 601 irritavit
3404 541 3694 598 Dominum.

2113 655 2330 722 Quando
2349 649 2572 711 multata
2593 647 2743 719 fuerit
2768 647 2847 700 ira
2867 644 3000 713 ejus,
3024 657 3126 695 non
3146 641 3346 708 quan-it.
3371 635 3540 700 Alius,
3567 635 3700 700 Qum

2111 746 2337 803 laudavit
2377 745 2432 798 in
2458 740 2707 796 desiderio
2736 737 2920 792 animm
2962 749 3103 798 sum,
3135 741 3182 786 et
3210 745 3392 784 auarus
3429 728 3513 800 qui
3551 729 3704 780 bene--

2114 838 2265 903 dixit,
2298 835 2516 889 detraxit
2544 831 2782 887 Domino.
2818 825 3018 898 Impius
3045 822 3322 878 secundum
3350 819 3704 874 exultationem

2115 931 2210 984 ira:
2236 942 2343 982 sua:
2367 943 2468 980 non
2493 924 2740 994 exquiret.
2769 917 3112 989 Septuaginta
3145 922 3344 976 autem,
3374 907 3707 964 Exacerbarit

2121 1020 2398 1077 Dominum
2441 1025 2671 1089 peccator
2697 1029 2717 1068 :
2746 1010 3022 1067 secundum
3060 1006 3435 1061 multitudinem
3476 1003 3567 1057 ira:
3604 1014 3713 1055 suta

2121 1132 2224 1170 non
2243 1123 2449 1184 qureret.
2478 1109 2665 1165 Vidisti
2688 1123 2793 1180 quo
2815 1105 3003 1160 vitium
3031 1101 3380 1174 processerit?
3407 1099 3542 1168 Quid
3567 1098 3711 1161 dico,

417 486 522 542 155

421 602 602 659 ﬁesret
643 609 749 651 non
793 591 965 649 solum
1010 589 1063 643 in
1106 587 1267 641 rebus
1310 579 1548 638 adversis
1572 619 1588 638 .
1629 573 1724 630 sed
1753 572 1914 626 etiam
1945 570 1999 621 in

424 689 694 750 secundis.
737 685 934 742 Verum
960 725 977 749 ,
1021 682 1066 736 si
1109 694 1204 734 eos
1244 690 1385 732 nunc
1433 669 1705 741 punieris,
1750 662 2008 718 habentes

426 796 678 854 magnum
721 778 1001 840 timorem,
1041 780 1096 827 et
1139 767 1452 824 memoriam
1493 761 1754 828 malorum
1784 767 1904 825 qua:
1931 750 2009 807 eis

428 880 722 930 evenerunt
745 909 762 935 ,
809 865 1017 926 etiamsi
1061 864 1142 919 eis
1190 872 1444 931 prospere
1491 867 1578 908 res
1620 846 2008 908 successerint,

428 971 600 1024 scient
621 978 772 1020 suam
805 969 1069 1018 naturam.

502 1056 558 1113 9.
587 1052 889 1126 Ignorantia
916 1047 1118 1122 grauior
1146 1040 1451 1116 pltrenitide.
1468 1065 1542 1079 —-
1561 1034 1723 1090 Vides
1748 1025 2016 1126 quomodo

437 1163 532 1217 pro
572 1120 650 1205 eis
694 1120 988 1204 orationem
1029 1135 1259 1202 emittit,
1301 1142 1594 1200 eorumque
1634 1124 1748 1180 vult
1785 1120 2020 1176 furorem

436 1234 675 1307 corrigi!
698 1234 918 1304 Seipsos
939 1229 1082 1292 enim
1111 1228 1359 1298 ignorare
1374 1229 1457 1278 est
1474 1227 1728 1276 extremae
1752 1211 2018 1274 amentiae,

437 1341 494 1388 et
522 1303 772 1400 phrenesi
800 1303 1035 1397 gravius.
1067 1319 1181 1376 Hoc
1203 1316 1345 1372 enim
1371 1321 1454 1370 est
1490 1310 1710 1366 morbus
1737 1303 2025 1361 necessita-

445 1390 558 1479 tis':
591 1416 723 1478 illud
751 1390 882 1472 vero
916 1418 1184 1481 corruptae
1209 1402 1516 1462 voluntatis.
1548 1401 1600 1455 l.
1628 1397 1695 1453 Ut
1729 1394 1881 1466 quid,
1914 1390 2026 1445 Do-

444 1515 608 1578 mine,
637 1509 885 1566 recessisti
914 1506 1084 1576 longe,
1116 1501 1331 1573 despicis
1355 1499 1409 1553 in
1448 1487 1911 1567 opportunitatibus
1929 1525 1944 1550 ,
1973 1483 2029 1538 in

446 1573 853 1662 tribulationibus
877 1598 902 1652 ?
945 1573 1072 1654 Haec
1095 1592 1223 1648 dicit
1246 1588 1530 1661 propheta,
1556 1595 1718 1638 orans
1745 1587 1802 1635 et
1827 1573 2030 1648 suppli-

449 1708 579 1750 cans
621 1707 688 1748 ex
728 1701 956 1761 persona
999 1699 1183 1742 eorum
1210 1681 1300 1752 qui
1329 1677 1634 1748 afﬂiguntur
1657 1713 1673 1740 ,
1719 1685 1826 1725 non
1854 1674 2033 1722 autem

450 1797 708 1847 accusans
741 1797 756 1834 :
788 1779 946 1836 absit.
990 1775 1123 1834 Nam
1152 1772 1305 1843 multi
1345 1782 1530 1826 eorum
1575 1763 1668 1836 qui
1709 1761 2032 1828 afﬂiguntur,

454 1892 564 1947 pra:
589 1874 778 1930 dolore
805 1870 1027 1940 cupiunt
1055 1875 1180 1922 ante
1215 1873 1425 1934 tempus
1461 1854 1784 1930 conveniens
1808 1849 1924 1906 ﬁeri
1946 1848 2034 1918 ju-

455 1941 652 2028 dicium
682 1983 696 2020 :
725 1958 1172 2034 quemadmodum
1196 1955 1286 2026 qui
1321 1957 1570 2008 secantur
1591 1987 1608 2013 ,
1652 1941 1888 2000 nondum
1920 1953 2039 2010 per-

458 2060 596 2117 fecta
623 2033 860 2113 sectione
885 2059 1075 2124 rogant
1100 2047 1364 2104 medicum
1381 2084 1396 2113 ,
1428 2049 1487 2097 ut
1515 2052 1728 2095 manum
1754 2033 2045 2099 abstineat,

461 2150 776 2205 damnosam
803 2120 1018 2215 quidem
1045 2140 1270 2212 gratiam
1298 2141 1561 2207 petentes,
1586 2144 1652 2186 eo
1676 2135 1876 2192 autem,
1903 2120 2045 2196 quod

465 2257 575 2300 non
602 2239 779 2296 ferant
803 2213 1043 2293 dolorem
1063 2273 1080 2300 ,
1112 2232 1216 2286 hoc
1255 2234 1492 2300 agentes.
1526 2223 1681 2294 Saepe
1704 2227 1881 2274 autem
1907 2213 2047 2286 apud

467 2332 708 2391 medicos
733 2327 1091 2383 vociferantur
1132 2339 1146 2376 :
1179 2317 1405 2377 Torsisti
1449 2330 1573 2380 me,
1625 2309 1895 2383 perdidisti
1939 2319 2047 2372 me,

468 2439 560 2481 me
601 2421 670 2477 de
713 2417 890 2474 medio
935 2412 1232 2478 sustulisti;
1279 2410 1395 2464 hzec
1442 2416 1620 2462 autem
1647 2403 1807 2458 verba
1850 2415 1958 2456 non
1984 2413 2052 2454 ex

468 2523 670 2580 mente,
699 2510 794 2567 sed
817 2525 883 2565 ex
907 2508 1094 2563 dolore
1119 2503 1435 2576 procedunt.
1464 2500 1538 2554 lta
1577 2507 1724 2554 certe
1765 2493 1914 2550 multi
1951 2506 2050 2562 pu-

472 2605 576 2660 silli
603 2611 658 2658 et
686 2600 876 2670 abjecti
905 2597 1067 2653 animi
1093 2595 1297 2660 dicunt,
1339 2592 1391 2646 in
1415 2587 1789 2644 afﬂictionibus
1817 2585 2054 2639 laborem

471 2711 580 2751 non
606 2693 862 2750 ferentes.
893 2686 1192 2759 Sophonias
1216 2699 1430 2756 quoque
1468 2682 1556 2736 tali
1598 2679 1840 2735 oratione
1869 2675 2054 2731 utitur.

469 2779 580 2842 Sed
622 2783 737 2838 haec
765 2780 980 2853 quidem
1007 2779 1059 2834 in
1087 2776 1304 2843 Veteri,
1333 2772 1546 2845 quando
1588 2779 1740 2826 erant
1767 2765 2058 2823 certamina

481 2875 755 2944 moderata
784 2889 798 2927 :
828 2872 984 2942 longe
1027 2879 1203 2923 autem
1231 2866 1427 2920 absunt
1463 2879 1494 2917 a
1533 2862 1664 2916 Novi
1703 2856 2054 2930 philosophia.

474 2970 531 3023 2.
571 2967 704 3021 Dum
743 2963 966 3036 superbit
1005 2961 1214 3032 impius,
1243 2956 1525 3012 incenditur
1563 2967 1772 3024 pauper.
1815 2949 2061 3019 Compre-

481 3057 771 3112 ttenduntur
803 3056 854 3108 in
881 3052 1104 3107 consiliis
1124 3092 1140 3116 ,
1180 3064 1293 3119 qua:
1331 3047 1570 3117 cogitant.
1613 3043 1764 3097 Alius
1783 3081 1798 3106 ,
1825 3039 2064 3110 Compre-

486 3149 790 3203 liendantur.
819 3148 874 3201 5.
903 3143 1155 3210 Quoniam
1182 3139 1422 3194 laudatur
1453 3145 1684 3205 peccator
1711 3134 1765 3186 in
1804 3130 2065 3186 desideriis

484 3241 672 3294 anima
703 3252 842 3302 stite,
869 3245 914 3289 et
943 3234 1142 3302 iniquus
1168 3229 1493 3288 benedicitur.
1527 3227 1581 3282 4.
1612 3222 1938 3280 Επαεενὺαυὶι
1965 3220 2066 3275 Do-

484 3331 679 3384 minum
733 3335 982 3398 peccator.
1046 3320 1346 3390 Propheta,
1394 3317 1640 3388 imposita
1696 3315 1796 3370 sibi
1843 3326 2068 3384 persona

487 3418 762 3489 supplicis,
795 3425 851 3472 et
895 3428 1088 3484 rogans
1130 3426 1225 3482 pro
1270 3412 1333 3465 iis
1375 3410 1464 3480 qui
1509 3407 1813 3476 afﬁciuntur
1855 3404 2067 3474 injuria,

491 3511 620 3565 dicit
649 3508 808 3563 etiam
835 3505 1142 3560 aﬂ'cctioncs
1168 3518 1288 3572 qua:
1316 3508 1575 3556 venerunt
1599 3541 1613 3564 ,
1657 3512 1776 3567 quae
1815 3507 1937 3550 sunt
1974 3494 2073 3549 hu-

491 3614 665 3655 mana:
704 3595 1110 3659 imbecillitatis;
1145 3607 1336 3662 nempe
1361 3601 1486 3645 ante
1517 3588 1844 3660 punitionem
1872 3586 1991 3656 angi
2021 3593 2076 3642 et

492 3687 787 3746 excruciari
818 3702 961 3749 eum,
989 3687 1072 3740 cui
1104 3684 1160 3738 ﬁt
1191 3683 1401 3752 injuria,
1436 3697 1539 3736 non
1578 3681 1833 3735 ferentem
1857 3693 2076 3750 prospe-

497 3783 710 3837 ritatem
743 3778 988 3849 improbi.
1021 3777 1134 3832 Non
1168 3785 1251 3832 est
1278 3782 1455 3830 autem
1489 3788 1706 3842 parvum
1738 3771 1840 3826 hoc
1866 3785 2076 3842 quoque

493 3869 831 3940 supplicium.
871 3865 1073 3921 Deinde
1103 3874 1272 3936 rogat,
1305 3873 1364 3919 ut
1397 3862 1522 3918 dent
1551 3875 1767 3932 poenas,
1795 3871 1847 3916 et
1889 3875 2074 3932 eorum

498 3960 552 4015 in
583 3961 788 4029 seipsos
817 3965 1092 4011 vertantur
1129 3955 1334 4010 insidia:
1359 3971 1373 4020 ;
1403 3954 1537 4009 dicit
1563 3954 1719 4008 etiam
1751 3953 2080 4008 intolerabile

497 4066 663 4124 genus
701 4050 1073 4122 improbitatis.
1106 4047 1382 4117 Quodnam
1430 4055 1608 4101 autem
1640 4045 1740 4100 hoc
1781 4045 1900 4100 est?
1942 4044 2080 4112 Quo-

503 4145 641 4198 niam
679 4141 921 4197 laudatur
949 4149 1181 4212 peccator
1215 4139 1270 4193 in
1297 4137 1559 4198 desideriis
1601 4137 1784 4190 anima;
1820 4150 1944 4190 sure.
1977 4135 2081 4189 Pro

507 4236 572 4290 iis
601 4249 698 4305 pro
727 4234 920 4305 quibus
949 4248 1006 4288 se
1031 4231 1361 4288 abscondere
1384 4271 1398 4296 ,
1424 4245 1524 4301 pro
1550 4231 1742 4300 quibus
1768 4229 2084 4298 erubescere

502 4326 820 4397 oportebat,
864 4339 963 4398 pro
1007 4325 1071 4380 iis
1110 4325 1161 4378 in
1211 4322 1563 4378 admiratione
1607 4322 1864 4389 habetur,
1895 4337 1994 4392 pro
2020 4321 2083 4376 iis

501 4417 764 4473 laudatur.
813 4415 1091 4484 Quomodo
1130 4424 1307 4471 autem
1337 4415 1532 4485 poterit
1573 4413 1696 4470 huic
1723 4413 1975 4484 deinceps
2002 4429 2086 4469 re-

504 4509 739 4565 medium
767 4509 1040 4574 adhiberi,
1072 4507 1282 4579 quando
1311 4505 1555 4564 laudatur
1581 4504 1810 4559 vitium?
1854 4504 1967 4560 [loc
1994 4519 2087 4560 au-

507 4613 614 4658 tem
645 4617 786 4658 nunc
811 4617 1022 4673 quoque
1050 4601 1127 4655 ﬁt.
1171 4599 1268 4654 llic
1292 4600 1344 4654 in
1374 4598 1727 4654 admiratione
1757 4597 1996 4662 habetur,
2028 4607 2087 4651 ut

505 4693 595 4764 qui
627 4694 697 4748 sit
725 4703 946 4763 potens;
977 4691 1070 4745 ille
1095 4706 1221 4746 vero
1243 4731 1257 4757 ,
1287 4700 1345 4744 ut
1369 4689 1460 4760 qui
1486 4688 1777 4744 ulciscatur
1804 4687 2047 4742 inimicos
2072 4706 2085 4744 :

486 4786 643 4839 alius
671 4798 799 4838 vero
826 4792 879 4837 ut
909 4782 1161 4852 prudens,
1195 4781 1442 4851 quoniam
1473 4781 1711 4836 omnium
1743 4780 1880 4836 bona
1909 4794 2091 4835 corra-

506 4874 577 4929 sit
609 4892 624 4930 :
651 4882 851 4929 etcum
883 4872 1114 4941 seipsum
1145 4870 1466 4940 perdiderit,
1499 4886 1620 4925 eum
1645 4870 1828 4926 dicunt
1855 4871 2091 4940 seipsum

510 4966 783 5021 invenisse
802 5005 818 5032 ,
845 4975 901 5020 et
927 4965 1015 5018 alii
1045 4964 1148 5018 alia
1178 4962 1362 5017 dicunt
1387 4979 1400 5015 :
1428 4961 1497 5018 de
1525 4961 1887 5032 spiritualibus
1914 4971 2092 5018 autem

507 5055 669 5111 rebus
698 5071 764 5111 ne
789 5054 1014 5110 verbum
1052 5053 1289 5126 quidem.
1321 5052 1438 5108 Non
1480 5053 1588 5108 cito
1627 5052 1871 5108 laudatur
1895 5053 1986 5124 qui
2011 5062 2096 5109 est

507 5162 538 5200 a
570 5146 798 5217 negotiis
827 5145 1067 5210 alienus;
1116 5159 1214 5199 nec
1257 5143 1583 5214 paupertatis
1609 5152 1816 5197 amator
1841 5160 1854 5197 :
1883 5143 1977 5199 sed
2004 5144 2093 5213 qui

509 5246 593 5290 est
617 5237 920 5306 opulentus,
950 5242 1296 5305 cauponator,
1331 5233 1597 5300 adulator,
1626 5235 1718 5302 qui
1749 5249 1847 5304 pro
1867 5235 2008 5290 nulla
2036 5251 2096 5290 re

512 5327 631 5381 utili
667 5319 884 5382 Servilia
927 5325 1040 5380 obit
1078 5324 1395 5380 ministeria.
1445 5323 1571 5380 Haec
1612 5322 1776 5380 deﬁet
1816 5324 2093 5395 propheta,

511 5419 655 5488 quod
675 5418 863 5473 vitium
890 5417 962 5473 ita
993 5417 1300 5482 invaluerit,
1334 5426 1390 5472 ut
1415 5417 1516 5471 sibi
1549 5417 1756 5487 placeat
1783 5426 1837 5472 et
1863 5416 2100 5472 blandia-

515 5517 636 5574 tur,
668 5517 722 5564 et
759 5507 900 5579 quod
927 5515 1009 5563 est
1047 5508 1278 5578 gravius,
1305 5517 1363 5562 ut
1388 5507 1606 5563 minime
1631 5508 1952 5573 erubescat,
2000 5524 2099 5564 nec

511 5599 685 5655 solum
713 5600 948 5670 seipsum
976 5599 1156 5654 laudet
1196 5609 1414 5668 propter
1441 5613 1504 5653 ea
1535 5613 1653 5668 quae
1683 5597 1843 5666 facit,
1877 5598 1970 5653 sed
2007 5597 2102 5652 ha-

518 5691 642 5747 beat
665 5692 826 5748 etiam
851 5692 985 5746 alios
1015 5690 1340 5745 laudatores.
1371 5689 1507 5760 Quid
1547 5691 1648 5746 hac
1675 5702 1853 5747 antem
1895 5687 2099 5746 insania

522 5783 683 5840 fuerit
702 5783 972 5840 deterius?
1001 5781 1334 5838 Exacerbavit
1354 5783 1627 5839 Dominum
1652 5795 1903 5855 peccator.
1928 5783 2097 5846 Alius,

516 5874 766 5941 Quoniam
809 5892 923 5930 cum
966 5874 1189 5931 laudavit
1235 5875 1435 5947 iniquus
1481 5877 1752 5931 secundum
1792 5876 2096 5931 desiderium

2126 1209 2315 1279 inquit,
2345 1221 2465 1261 eum
2495 1218 2757 1274 pauperes
2785 1198 3026 1254 molestia
3057 1194 3316 1251 afﬁcere?
3344 1193 3519 1263 Ipsum
3550 1191 3713 1244 Deum

2129 1302 2321 1356 irritat.
2354 1297 2422 1352 Et
2449 1295 2724 1352 secundum
2749 1290 3120 1345 multitudinem
3143 1289 3235 1341 irte
3254 1301 3363 1340 sute
3384 1301 3482 1338 non
3506 1289 3714 1354 qureret,

2132 1393 2323 1462 inquit,
2348 1390 2530 1445 Deum.
2564 1387 2715 1443 Alius
2741 1395 2916 1438 autem
2944 1381 3046 1436 hoc
3070 1377 3302 1434 ostendit
3331 1377 3431 1431 dici
3460 1375 3526 1430 de
3558 1375 3720 1444 impio

2132 1486 2346 1554 dicens,
2375 1480 2720 1537 Exattationis
2745 1493 2882 1543 sate,
2917 1475 3018 1530 hoc
3045 1483 3126 1529 est
3145 1515 3159 1540 ,
3187 1471 3506 1542 arrogantia:
3525 1511 3539 1534 ,
3572 1470 3720 1524 inso-

2137 1579 2340 1634 lentiae.
2371 1574 2558 1632 Vidisti
2602 1572 2863 1641 insignem
2903 1566 3162 1623 insaniam
3198 1575 3253 1620 et
3277 1562 3672 1633 corruptionem
3697 1558 3724 1613 ?

2138 1669 2236 1726 Est
2260 1669 2347 1734 iis,
2374 1666 2460 1739 qui
2488 1675 2610 1720 sunt
2634 1659 2876 1734 ejusdem
2900 1659 3074 1732 gentis
3101 1672 3164 1713 ac
3199 1656 3436 1728 generis,
3479 1653 3648 1708 hostis
3670 1660 3726 1707 et

2146 1761 2413 1825 inimicus,
2438 1773 2468 1813 a
2494 1757 2689 1820 virtute
2713 1754 2918 1809 alienus
2935 1793 2950 1819 ,
2977 1758 3182 1806 amator
3208 1747 3318 1802 vitii
3349 1756 3508 1816 atque
3538 1744 3726 1799 lauda-

2149 1864 2253 1910 tor.
2282 1853 2347 1908 Et
2378 1849 2598 1920 pulchre
2625 1847 2760 1902 dixit
2797 1844 2933 1898 alius
2953 1883 2970 1909 ,
2999 1839 3121 1895 Non
3150 1849 3222 1894 est
3247 1837 3385 1892 Deus
3409 1838 3463 1890 in
3501 1834 3730 1888 omnibus

2144 1946 2256 2016 ejus
2298 1938 2717 2016 cogitationibus,
2762 1934 3068 2006 signiﬁcans
3108 1930 3272 1985 Deum
3316 1943 3421 1983 non
3465 1940 3728 1996 quaerere,

2148 2036 2364 2108 plenum
2393 2011 2513 2087 esse
2540 2027 2792 2093 tenebris,
2817 2041 2923 2080 non
2951 2022 3147 2085 habere
3177 2020 3317 2075 illius
3346 2020 3591 2074 timorem
3625 2030 3733 2085 prin

2147 2105 2337 2180 oculis.
2371 2120 2478 2177 Sed
2505 2113 2952 2192 quemadmodum
2984 2112 3126 2168 lema
3166 2111 3416 2165 obscurat
3455 2105 3729 2177 pupillam,

2151 2217 2220 2272 ita
2248 2216 2407 2270 etiam
2436 2209 2751 2280 improbitas
2778 2214 3034 2267 mentem.
3060 2203 3265 2270 fertque
3291 2215 3387 2270 per
3418 2195 3732 2269 praecipitia.

2152 2299 2206 2364 5.
2236 2307 2357 2360 Non
2385 2313 2456 2358 est
2483 2300 2622 2357 Deus
2650 2300 2704 2353 in
2743 2303 3011 2368 conspectu
3047 2295 3178 2364 ejus.
3209 2292 3358 2347 Alius
3381 2332 3397 2353 ,
3442 2287 3542 2342 Per
3571 2300 3739 2340 omnes

2153 2399 2478 2472 cogitationes
2519 2397 2650 2466 ejus.
2699 2391 2992 2462 Inquinalte
3035 2398 3152 2445 sunt
3193 2388 3286 2442 vita
3327 2386 3466 2439 illius
3511 2383 3564 2436 in
3606 2380 3742 2434 omni

2156 2501 2396 2558 tempore.
2434 2487 2749 2556 Auferuntur
2778 2483 2982 2556 judicia
3018 2489 3106 2532 tua
3145 2495 3178 2531 a
3217 2477 3347 2548 [acie
3389 2478 3518 2546 ejus.
3567 2473 3743 2538 Alius,

2159 2581 2430 2637 Sublatum
2473 2587 2544 2632 est
2577 2575 2834 2648 judicium
2877 2581 3039 2626 tuum.
3083 2569 3272 2624 Vidisti
3317 2566 3549 2621 fructum
3588 2561 3746 2616 vitii?

2159 2674 2275 2748 Lux
2298 2671 2414 2742 ejus
2440 2669 2808 2739 exstinguitur,
2841 2665 3161 2720 hebetentur
3195 2660 3492 2726 ratiocinia,
3525 2658 3748 2712 traditur

2161 2765 2401 2835 captivus
2446 2758 2796 2832 improbitati.
2843 2753 3304 2825 Quemadmodum
3345 2751 3486 2806 enim
3541 2749 3630 2818 qui
3669 2755 3748 2802 est

2163 2855 2453 2912 luminibus
2479 2854 2642 2908 orbus
2683 2849 2991 2920 frequenter
3029 2844 3216 2901 incidit
3261 2845 3314 2898 in
3359 2841 3607 2897 barathra
3630 2881 3645 2906 ,
3677 2839 3750 2894 ita

2166 2948 2254 3004 hic
2282 2947 2461 3011 etiam,
2495 2943 2746 3015 quoniam
2778 2940 2872 2996 Dei
2899 2941 3145 2994 timorem
3175 2951 3282 2990 non
3311 2934 3468 2988 habet
3491 2948 3600 3003 pra:
3628 2945 3752 2984 ocu-

2167 3041 2233 3098 lis
2252 3082 2267 3106 ,
2296 3040 2348 3094 in
2375 3038 2504 3093 vitio
2542 3045 2799 3106 perpetuo
2823 3043 3104 3095 versatur;
3154 3044 3258 3083 non
3290 3041 3429 3081 nunc
3457 3023 3672 3094 quidem
3700 3023 3752 3077 in

2168 3133 2389 3196 virtute,
2418 3143 2559 3182 nunc
2583 3135 2762 3180 autem
2788 3125 2840 3178 in
2869 3123 3017 3188 vitio,
3049 3120 3142 3175 sed
3168 3133 3379 3190 semper
3403 3117 3456 3171 in
3478 3115 3630 3181 vitio,
3658 3128 3756 3168 nec

2169 3223 2428 3295 gehennae
2457 3219 2731 3280 meminit.
2762 3231 2862 3272 nec
2888 3214 3054 3270 futuri
3096 3210 3316 3283 judicii,
3345 3224 3446 3265 nec
3470 3205 3758 3264 reddendae

2171 3314 2394 3369 rationis
2429 3329 2442 3364 :
2475 3311 2567 3366 sed
2613 3310 2696 3364 his
2743 3307 2991 3364 omnibus
3033 3303 3243 3358 auxiliis
3290 3312 3558 3370 tamquam
3609 3298 3760 3352 freno

2173 3403 2432 3468 excussis,
2465 3411 2732 3473 tamquam
2762 3397 2912 3452 navis
2940 3395 3159 3449 minime
3195 3392 3506 3454 saburrata,
3539 3388 3762 3443 traditur

2176 3499 2330 3562 malis
2359 3495 2636 3568 spiritibus
2660 3503 2714 3549 et
2739 3491 2896 3546 sicvis
2925 3487 3193 3552 ﬂuctibus,
3222 3499 3344 3540 cum
3371 3484 3550 3538 nullus
3577 3483 3646 3536 sit
3671 3480 3762 3551 qui

2176 3590 2292 3661 ejus
2319 3589 2554 3642 animum
2581 3593 2730 3655 regat
2755 3590 2808 3638 et
2833 3582 3090 3649 instituat.
3115 3577 3307 3634 Vidisti
3337 3577 3533 3631 malum
3565 3576 3617 3629 in
3647 3575 3764 3644 ipso

2179 3684 2339 3739 etiam
2386 3681 2514 3734 vitio
2561 3691 2744 3749 poenas
2787 3674 2977 3730 luere?
3026 3671 3161 3740 Quid
3205 3671 3347 3726 enim
3376 3684 3514 3740 equo
3553 3667 3760 3732 eﬁ'rcni,

2179 3773 2306 3845 quid
2337 3787 2469 3827 nave
2495 3771 2579 3826 cui
2601 3769 2756 3825 deest
2780 3767 3023 3831 saburra,
3051 3763 3178 3836 quid
3203 3761 3370 3818 oculis
3397 3762 3530 3815 orbo
3552 3759 3767 3814 homine

2179 3867 2398 3939 gravius
2421 3865 2445 3918 ?

2255 3955 2341 4012 10.
2375 3953 2580 4009 Miseria
2607 3950 2916 4022 peccatoris,
2964 3947 3140 4001 timore
3164 3944 3262 3999 Dei
3299 3958 3542 4006 excusso;
3586 3957 3766 4007 pecca-

2185 4049 2280 4103 tori
2309 4063 2409 4101 non
2439 4044 2818 4098 blandiendum.
2849 4071 2918 4082 -
2966 4039 3071 4108 Sed
3117 4038 3198 4092 his
3225 4035 3472 4090 omnibus
3521 4035 3770 4088 miserior

2185 4148 2270 4206 est
2295 4138 2383 4210 qui
2422 4136 2551 4192 vivit
2578 4135 2630 4190 in
2662 4136 2790 4188 vitio
2809 4176 2824 4201 ,
2869 4132 3039 4203 utqui
3067 4131 3329 4186 exstincta
3364 4130 3481 4184 luce
3506 4169 3520 4191 ,
3553 4143 3673 4196 qua:
3703 4141 3768 4179 ex

2187 4231 2281 4286 Dei
2311 4231 2498 4285 timore
2521 4227 2887 4299 proﬁciscitur,
2909 4225 3146 4295 captivus
3165 4223 3234 4278 sit
3257 4222 3498 4276 traditus.
3532 4219 3772 4273 Omnium

2187 4321 2503 4376 inimicorum
2523 4335 2729 4374 suorum
2754 4317 3113 4371 dominabitur.
3144 4315 3198 4370 6.
3224 4312 3367 4367 Dixit
3391 4312 3526 4366 enim
3551 4311 3602 4363 in
3620 4309 3772 4363 corde

2188 4429 2280 4467 suo
2307 4427 2326 4466 :
2361 4409 2484 4466 Non
2525 4408 2757 4464 movebar
2781 4425 2812 4461 a
2839 4407 3160 4480 generatione
3185 4406 3239 4459 in
3263 4403 3636 4475 generationem
3663 4403 3772 4456 sine

2190 4501 2345 4556 malo.
2397 4501 2546 4556 Alius
2565 4539 2581 4565 ,
2627 4497 2813 4554 Omnes
2854 4497 3084 4554 inimicos
3116 4512 3234 4550 suos
3266 4492 3495 4556 uentilat,
3525 4493 3697 4546 dicens
3721 4491 3774 4543 in

2191 4595 2342 4648 corde
2375 4608 2468 4647 suo
2501 4609 2520 4645 :
2547 4589 2670 4646 Non
2706 4598 2964 4655 convertar
3003 4590 3057 4641 in
3097 4587 3468 4659 generationem
3493 4596 3538 4638 et
3562 4600 3776 4656 genera-

2193 4685 2396 4738 tionem.
2432 4681 2555 4737 Non
2585 4683 2717 4736 enim
2755 4697 2840 4735 ero
2877 4681 2932 4734 in
2965 4680 3246 4751 aﬂlictione.
3294 4679 3478 4732 Vidisti
3519 4691 3776 4746 arrogan-

2197 4775 2360 4830 tiam?
2390 4773 2563 4829 vidisti
2594 4770 3000 4828 inenarrabilem
3029 4770 3426 4840 perditionem?
3449 4768 3624 4823 vidisti
3651 4783 3777 4837 pan-

2195 4867 2344 4921 latim
2390 4866 2570 4935 augeri
2613 4863 2872 4922 exitium?
2924 4863 3104 4926 vidisti
3159 4862 3429 4932 quomodo
3481 4877 3600 4932 qua:
3655 4871 3778 4917 sunt

2195 4957 2352 5014 beata
2375 4957 2514 5028 apud
2543 4956 2731 5012 stultos
2753 4997 2770 5024 ,
2815 4970 2942 5012 vere
2983 4956 3140 5028 plena
3183 4964 3310 5009 sunt
3347 4955 3511 5008 multa
3544 4954 3751 5008 miseria

2195 5059 2250 5106 et
2278 5049 2545 5120 quomodo
2570 5049 2904 5105 obruuntur?
2948 5048 3217 5103 Laudatur
3243 5050 3295 5102 in
3323 5048 3551 5118 peccatis
3575 5090 3590 5109 .
3619 5048 3755 5102 bene

2197 5140 2391 5196 dicitur
2440 5140 2494 5194 in
2541 5139 2835 5194 maleﬁciis.
2890 5138 3002 5194 Hoc
3039 5150 3122 5200 est
3173 5140 3398 5210 primum
3449 5137 3780 5203 barathrum,

2199 5232 2340 5304 quod
2375 5231 2507 5287 satis
2547 5240 2630 5287 est
2666 5231 2752 5287 vel
2795 5230 2862 5286 ad
2903 5231 3340 5301 praecipiundum
3379 5247 3500 5291 eum
3541 5231 3630 5302 qui
3672 5247 3780 5284 non

2200 5323 2449 5378 advertit.

2273 5415 2342 5470 Et
2370 5414 2491 5470 ideo
2519 5414 2686 5485 magis
2712 5423 2838 5470 sunt
2857 5412 3170 5470 admittendi
3193 5415 3283 5486 qui
3309 5424 3560 5471 accusant
3580 5424 3636 5470 et
3664 5429 3788 5470 cor-

2202 5509 2399 5579 rigunt,
2418 5524 2573 5578 quam
2591 5508 2679 5578 qui
2703 5507 2921 5562 laudant
2947 5516 3002 5563 et
3026 5508 3091 5561 ad
3119 5507 3391 5562 interitum
3421 5506 3786 5562 blandiuntur.
3880 5559 3884 5563 .

2205 5601 2268 5657 lli
2313 5601 2454 5656 cnim
2498 5609 2849 5672 corrumpunt
2891 5600 3113 5656 stolidos
3138 5641 3154 5666 ,
3200 5609 3256 5655 et
3283 5599 3350 5656 ad
3390 5599 3562 5669 majus
3601 5602 3787 5655 vilium

2203 5695 2539 5764 propellunt:
2564 5693 3010 5762 quemadmodum
3038 5693 3128 5764 qui
3157 5693 3298 5748 hunc
3335 5704 3670 5763 peccatorem
3705 5697 3789 5750 in-

2206 5783 2514 5851 suﬂlarunt,
2549 5785 2889 5841 instituerunt
2917 5785 2984 5840 ad
3013 5786 3294 5840 insaniam.
3342 5785 3410 5840 Et
3446 5786 3566 5842 ideo
3591 5791 3789 5847 Paulus

2211 5892 2423 5947 quoque
2458 5877 2560 5932 hoc
2600 5876 2774 5944 ipsum
2814 5875 2944 5932 dicit
2981 5874 3306 5946 Corinthiis,
3361 5881 3428 5937 de
3457 5894 3521 5935 eo
3549 5877 3640 5951 qui
3670 5874 3786 5956 erit
