4140 6356
422 407 525 463 155

414 523 472 575 ὲν
502 521 618 580 ταῖς
650 513 988 586 εὐημερίαις.
1035 513 1192 567 Ἀλλὰ
1244 512 1371 584 γὰρ,
1421 513 1488 568 ἂν
1521 513 1755 584 κολάσῃς
1791 511 1986 573 αὐτοὺς

415 604 528 664 νῦν,
563 603 777 673 ἔχοντες
806 601 894 653 τὸν
941 599 1102 667 φόϐον
1135 597 1474 668 ἀκμάζοντα,
1499 598 1595 651 καὶ
1636 595 1734 668 τὴν
1765 597 1986 666 μνήμην

413 685 521 740 τῶν
562 683 982 755 συμϐεϐηκότων
1018 680 1227 744 δεινῶν,
1258 680 1360 734 κᾶν
1380 682 1459 744 είς
1491 678 1792 750 εὐημερίαν
1823 678 1988 732 ἔλθω-

415 787 524 832 σιν,
558 769 790 821 εἴσονται
817 767 914 838 τήν
940 765 1148 818 ἑαυτῶν
1171 763 1351 832 φύσιν.

485 861 727 931 θ’.Ὃρᾷς
758 857 874 921 πῶς
900 858 1039 928 ὑπὲρ
1071 855 1250 909 αὐτῶν
1277 857 1508 908 ποιεῖται
1539 855 1638 926 τὴν
1657 855 1860 924 δέησιν,
1893 855 1988 909 καὶ

413 946 519 1016 τὴν
579 944 773 1014 μανίαν
822 939 966 1006 ἀξιοί
1015 939 1422 1011 διορθωθῆναι;
1477 939 1553 992 T6
1598 937 1712 1010 γάρ
1762 939 1988 1001 ἑαυτοὺς

413 1029 645 1095 ἀγνοεῖν,
678 1021 912 1096 ἐσχάτης
967 1025 1160 1095 μανίας
1209 1022 1304 1078 καὶ
1354 1021 1653 1094 φρενίτιδος
1681 1021 1989 1092 χαλεπώτε-

417 1127 528 1182 ρον.
569 1110 642 1163 T6
674 1109 772 1180 μὲν
799 1107 904 1180 γὰρ
929 1106 1172 1177 ἀνάγκης
1200 1106 1434 1176 νόσημα,
1463 1104 1527 1157 τὸ
1567 1105 1625 1158 δὲ
1655 1103 1987 1175 διεφθαρμέκ

413 1210 511 1263 νης
547 1189 933 1262 προαιρέσεως.
974 1191 1107 1246 Ἵνα
1134 1188 1226 1252 τί,
1256 1190 1455 1256 Κύριε,
1487 1187 1837 1256 ἀφέστηκας
1881 1203 1989 1256 μα-

414 1275 644 1343 κρόθεν,
661 1271 953 1340 ὑπερορᾷς
973 1271 1042 1326 ἐν
1063 1273 1407 1340 εὐκαιρίαις,
1421 1272 1490 1325 ἐν
1510 1271 1786 1340 θλίψεσι;
1802 1270 1988 1324 Ταῦτά

416 1375 582 1430 φησιν
615 1360 642 1411 6
669 1356 954 1429 Προφήτης
977 1398 992 1418 ,
1030 1357 1095 1410 ὲκ
1148 1355 1440 1428 προσώπου
1499 1356 1606 1409 τῶν
1655 1354 1988 1424 θλιϐομένων

416 1441 746 1513 παρακαλῶν
769 1443 864 1494 καὶ
905 1441 1175 1511 δεόμενος,
1209 1439 1309 1492 οὐκ
1338 1438 1583 1508 ἐγκαλῶν
1602 1455 1616 1471 ο
1649 1437 1724 1510 μὴ
1754 1438 1983 1508 γένοιτο.

428 1525 580 1578 Ἐπεὶ
621 1524 715 1577 καὶ
765 1522 950 1577 πολλοὶ
981 1522 1089 1577 τῶν
1140 1521 1469 1592 θλιϐομένων
1519 1521 1623 1575 ὐπδ
1653 1522 1754 1591 τῆς
1797 1520 1988 1592 ὀδύνης

413 1609 520 1681 πρὸ
575 1609 666 1662 τοῦ
707 1610 1074 1679 προσήκοντος
1114 1607 1306 1678 καιροῦ
1359 1607 1567 1674 ἀξιοῦσι
1610 1606 1861 1676 γενέσθαι
1890 1606 1989 1676 τὴν

413 1693 593 1763 κρίσιν
619 1709 634 1722 ·
675 1691 926 1761 καθάπερ
947 1693 996 1744 οἱ
1028 1691 1372 1761 τεμνόμενοι,
1405 1689 1628 1760 μηδέπω
1665 1689 1874 1752 τελείας
1896 1699 1992 1762 γε-

413 1777 644 1848 νομένης
663 1777 763 1846 τῆς
776 1776 947 1846 τομῆς
964 1787 1013 1839 ι,
1032 1773 1407 1845 παρακαλοῦσι
1427 1774 1518 1828 τὸν
1548 1773 1729 1844 ἰατρὸν
1749 1772 1991 1840 ἀποστῆ-

416 1877 504 1913 σαι
530 1859 626 1928 τὴν
647 1861 806 1929 χεῖρα
825 1876 838 1889 ο
876 1857 1142 1926 ἐπιδλαϐἧ
1177 1857 1272 1927 μὲν
1306 1857 1465 1927 χάριν
1503 1855 1796 1920 αἰτοῦντες,
1823 1854 1900 1924 τῷ
1932 1855 1990 1908 δὲ

418 1941 492 2012 μή
518 1940 704 2012 φέρειν
731 1941 831 2004 τὰς
852 1939 1040 2003 ὀδύνας
1067 1940 1226 1993 τοῦτο
1259 1941 1573 2010 πάσχοντες.
1597 1940 1707 1992 Καὶ
1734 1938 1990 2002 πολλάκις

415 2025 552 2095 πρὸς
574 2026 697 2086 τοὺς
729 2024 945 2095 ίατρούς
968 2022 1182 2092 βοῶσιν,
1217 2022 1574 2083 Ἐϐασάνισάς
1597 2039 1681 2092 με,
1704 2020 1990 2084 ἀπώλεσάς

418 2126 508 2179 με,
530 2107 737 2171 ἀνεῖλες
765 2124 861 2176 με·
896 2106 1008 2159 ἀλλ’
1038 2107 1137 2159 οὐκ
1169 2105 1281 2159 ἔστι
1313 2104 1487 2158 ταῦτα
1515 2106 1613 2176 τῆς
1634 2104 1873 2167 διανοίας
1895 2105 1992 2176 ῥή-

419 2209 583 2263 ματα,
598 2189 732 2245 ἀλλά
745 2189 845 2260 τῆς
863 2191 1073 2262 ὀδύνης.
1093 2190 1249 2244 Οὕτω
1263 2190 1326 2263 δὴ
1348 2189 1530 2242 πολλοὶ
1551 2187 1644 2242 καὶ
1664 2187 1769 2240 τῶν
1801 2203 1994 2260 μικρο-

417 2275 601 2345 ψύχων
618 2277 675 2327 ἐν
693 2277 812 2337 ταῖς
843 2272 1055 2343 θλίψεσι
1084 2273 1326 2341 λέγουσι,
1343 2274 1469 2336 τοὺς
1502 2272 1694 2334 πόνους
1722 2271 1783 2324 οὐ
1801 2269 1991 2341 φέρον·

420 2377 524 2422 τες.
547 2358 650 2412 Καὶ
671 2361 699 2411 6
729 2359 989 2428 Σοφονίας
1016 2355 1072 2411 δὲ
1092 2356 1328 2410 τοιοῦτόν
1353 2372 1475 2410 τινα
1503 2352 1868 2427 μεταχειρίζει
1897 2351 1989 2404 λό-

419 2459 534 2512 γον.
559 2441 723 2495 Ἀλλὰ
751 2441 925 2495 ταῦτα
951 2441 1008 2492 ἐν
1041 2443 1104 2510 τῇ
1136 2439 1368 2510 Παλαιᾷ,
1402 2439 1490 2492 ὅτε
1521 2437 1810 2508 σύμμετρα
1836 2431 1904 2507 ἦν
1922 2433 1994 2489 τά

421 2527 720 2598 σκάμματα
741 2543 752 2556 ·
785 2526 883 2596 τῆς
907 2525 963 2577 δὲ
987 2525 1046 2577 ὲν
1077 2527 1143 2595 τῇ
1168 2525 1342 2594 Καινῇ
1376 2523 1562 2595 πόρρω
1582 2521 1755 2575 ταῦτα
1780 2520 1992 2589 φιλοσο-

419 2610 567 2678 φίας.
598 2612 699 2664 Ἐν
728 2609 807 2674 τῷ
833 2607 1391 2676 ὑπερηςρανεύεσθαι
1406 2605 1510 2659 τὸν
1531 2604 1993 2674 ἀσεϐἦ,ἐμπυρί-

419 2692 570 2754 (stat,
584 2697 616 2748 ὁ
633 2693 881 2762 πτωχόςο
901 2691 1425 2758 συλλαμϐάνονται
1441 2691 1509 2744 ἐν
1521 2681 1992 2755 6m6’0v1lmc,olg

419 2769 864 2842 διαλογίζονται.
885 2770 1093 2833 Ἀλλος,
1117 2772 1162 2823 Σ
1165 2769 1667 2838 υλληφθήτωσαν.
1685 2769 1813 2820 Ὀτι
1831 2768 1994 2842 ἐπαι-

420 2857 604 2910 νεῖται
631 2860 664 2909 ὀ
681 2853 1030 2924 ἁμαρτωλὸς
1048 2853 1116 2905 ἐν
1141 2852 1268 2917 ταῖς
1294 2853 1624 2921 ἐπιθυμίαις
1656 2849 1767 2919 τῆς
1787 2848 1994 2919 ψυχῆς

419 2939 626 3001 αὐτοῦ,
642 2937 740 2990 καί
763 2941 793 2990 ὀ
810 2935 1029 2990 ἀδικῶν
1046 2934 1396 3004 εὐλογεῖται.
1417 2934 1734 3004 Παρώξυνε
1753 2933 1860 2987 τὸν
1883 2932 1996 2986 Κύ-

420 3040 550 3090 pror
564 3019 1129 3093 ό[108]ἀμσρτωλός.
1147 3019 1344 3074 Ἱκέτου
1360 3019 1540 3090 σχῆμα
1561 3015 1801 3088 περιθεὶς
1820 3013 1996 3085 ἐαυτῷ

421 3108 450 3158 6
473 3105 778 3177 Προφήτης,
809 3107 901 3157 καὶ
935 3105 1076 3174 ὑπὲρ
1102 3103 1210 3157 τῶν
1242 3103 1606 3173 ἀδικουμένων
1639 3099 1994 3171 παρακαλῶν,

421 3190 569 3258 λέγει
615 3190 710 3243 καὶ
761 3189 830 3242 τὰ
875 3187 1020 3259 πάθη
1070 3189 1139 3242 τὰ
1179 3187 1478 3257 συμϐάντα,
1523 3187 1666 3254 άπερ
1715 3183 1996 3248 ἀσθενείας

425 3272 572 3326 ἐστὶν
621 3271 994 3342 ἀνθρωπίνης·
1038 3273 1117 3324 ὅτι
1171 3269 1278 3339 πρὸ
1313 3270 1413 3339 τῆς
1464 3268 1735 3330 κολάσεως
1767 3267 1859 3320 καὶ
1897 3266 1995 3336 τῆς

423 3355 689 3427 τιμωρίας
728 3355 974 3408 ὀδυνᾶται
1021 3357 1050 3408 6
1085 3353 1452 3424 ἀδικούμενος,
1481 3352 1542 3406 οὐ
1578 3352 1758 3422 φέρων
1788 3352 1884 3422 τὴν
1910 3351 1998 3403 εὐ-

427 3440 660 3510 ημερίαν
691 3437 785 3490 τοῦ
826 3438 1080 3508 πονηροῦ.
1113 3437 1186 3491 Οὐ
1220 3436 1389 3507 μικρὰ
1417 3436 1474 3488 δὲ
1507 3436 1600 3488 καὶ
1645 3433 1800 3488 τοῦτο
1825 3446 1998 3500 τιμω-

433 3523 542 3596 ρία.
568 3519 696 3575 Εἶτα
723 3520 1070 3587 ἀξιοῖδοῦναι
1103 3520 1297 3582 αὐτοὺς
1322 3519 1494 3590 δίκην,
1519 3518 1612 3571 καὶ
1638 3517 1820 3580 αὐτοῖς
1845 3523 1998 3588 περι-

425 3606 700 3676 τραπῆναι
742 3604 841 3666 τὰς
884 3603 1170 3665 ὲπισουλὰς
1208 3601 1418 3654 αὐτῶν·
1465 3601 1560 3653 καὶ
1603 3599 1748 3668 λέγει
1800 3599 1998 3660 κακίας

427 3687 566 3752 εἶδος
602 3689 894 3759 ἀφόρητον.
932 3679 1089 3739 Ποῖον
1129 3685 1192 3755 δὴ
1242 3683 1437 3749 τοῦτο;
1475 3684 1602 3736 Ὅτι
1619 3682 1940 3737 ἐπαινεῖται
1964 3685 1997 3736 ὁ

428 3772 770 3842 ἁμαρτωλός
799 3772 869 3824 ἐν
893 3769 1020 3836 ταῖς
1051 3770 1386 3836 ἐπιθυμίαις
1421 3765 1529 3834 τῆς
1558 3765 1763 3836 ψυχῆς
1785 3763 1994 3820 αὑτοῦ.

441 3857 555 3926 Ἐφ’
584 3851 664 3920 οἷς
698 3852 1136 3923 ὲγκαλύπτεσθαι-
1172 3853 1295 3913 ἔδει,
1330 3852 1413 3921 ἐφ’
1456 3845 1556 3914 οἷς,
1599 3851 1782 3920 φησὶν,
1809 3847 1998 3918 αἰσχύ-

429 3941 632 4003 νεσθαι,
680 3941 818 4010 ὑπὲρ
862 3939 1063 3991 τούτων
1105 3936 1461 4006 θαυμάζεται,
1507 3937 1824 3989 ἐπαινεῖται.
1873 3932 1998 3997 Πῶς

429 4025 474 4078 δ’
505 4025 570 4078 ἂν
598 4025 804 4093 γένοιτο
839 4024 1029 4077 τούτου¹
1057 4019 1199 4085 ἴασις
1227 4020 1431 4084 λοιπὸν,
1467 4019 1594 4072 ὅταν
1633 4019 1919 4088 ἐπαινῆται
1963 4020 1996 4089 ή

431 4108 596 4162 κακία
618 4127 632 4173 ;
659 4109 763 4160 Καὶ
791 4107 899 4178 γὰρ
931 4107 1025 4160 καὶ
1049 4106 1142 4160 νῦν
1167 4105 1321 4158 τοῦτο
1344 4105 1575 4174 γίνεται.
1614 4104 1671 4158 '0
1700 4105 1846 4157 δεῖνα
1869 4103 1998 4155 θαυ-

435 4190 660 4260 μάζεται
680 4191 754 4254 ώς
777 4191 1056 4260 δυνάστης·
1079 4189 1109 4240 ὁ
1129 4189 1274 4242 δεῖνα
1296 4190 1370 4250 ὡς
1392 4187 1619 4258 ἐχθροὺς
1638 4186 1997 4257 ἀμυνόμενοςο

430 4276 460 4326 6
489 4272 635 4326 δεινὰ
673 4273 748 4336 ὡς
781 4272 1069 4343 φρόνιμος,
1098 4269 1283 4340 ἐπειδὴ
1325 4269 1396 4324 τὰ
1429 4270 1654 4324 πάντων
1688 4269 1960 4339 συνήγαγε
1983 4283 1997 4296 ·

431 4355 525 4408 καὶ
567 4357 655 4408 ὅτε
700 4355 939 4429 ἀπολέσῃ
977 4355 1165 4409 ἑαυτὸν
1195 4355 1245 4416 1),
1265 4354 1539 4423 λέγουσιν’
1572 4347 1744 4424 Εὗρεν
1777 4351 1996 4404 ἑαυτόνο

433 4439 525 4490 καὶ
552 4439 728 4508 ἓτεροί
755 4438 889 4492 ἄλλα
923 4438 1086 4506 φασί·
1118 4437 1212 4491 καὶ
1250 4436 1423 4500 οὐδεὶς
1465 4436 1591 4506 περὶ
1621 4434 2001 4504 πνευματικῶν

431 4521 586 4589 λόγος
613 4523 812 4585 αὐτοῖς.
835 4519 1084 4592 οὐδαμοῦ
1110 4521 1415 4590 ἀπράγμων
1447 4521 1746 4572 ἐπαινεῖται
1770 4517 1997 4586 ταχέως,

432 4603 549 4656 οὐδὲ
573 4607 601 4656 6
627 4604 815 4666 πενίας
844 4605 1077 4675 ἐραστής
1100 4621 1113 4634 ·
1144 4603 1256 4657 ἀλλ’
1295 4605 1324 4656 6
1353 4620 1455 4674 χρη
1465 4600 1744 4673 ματιστὴς,
1769 4603 1794 4653 6
1817 4599 1998 4665 κάπη-

432 4687 540 4751 λος,
579 4688 608 4739 ὁ
651 4689 834 4755 κόλαξ,
885 4691 913 4742 6
953 4688 1336 4758 δουλοπρεπεῖς
1386 4685 1680 4757 ὑπομένων
1729 4682 2000 4744 διακονίας

435 4769 570 4842 ὑπὲρ
597 4771 808 4834 οὐδενὸς
854 4771 1142 4843 χρησίμου.
1177 4770 1362 4823 Ταῦτα
1405 4769 1594 4840 θρηνεῖ
1622 4770 1650 4821 6
1689 4765 1999 4838 Προφήτης,

431 4854 510 4905 ὅτι
541 4853 711 4916 οὕτως
741 4855 1041 4924 ἐκράτησεν
1071 4858 1102 4924 ἡ
1144 4854 1329 4918 κακία,
1367 4853 1441 4916 ώς
1471 4852 1564 4904 καὶ
1594 4849 1998 4919 ἐγκαλλωπίζε-

435 4933 576 4996 σθαι,
609 4937 703 4989 καὶ
738 4933 1226 5008 παρρησιάζεσθαι,
1256 4936 1350 4988 καὶ
1392 4936 1452 4988 τὸ
1498 4934 1563 5004 δὴ
1603 4933 1999 5005 χαλεπώτερον,

432 5020 512 5072 ὅτι
540 5020 639 5073 οὐκ
662 5021 992 5090 αἰσχύνεται,
1022 5021 1146 5074 οὐδὲ
1191 5021 1348 5090 μόνον
1377 5019 1536 5082 αὐτὸς
1575 5018 1762 5071 ἑαυτὸν
1791 5018 2003 5069 ἐπαινεί

433 5102 524 5154 ἐπὶ
545 5107 656 5167 τοῖς
681 5104 1002 5174 γινομένοις,
1034 5103 1168 5158 ἀλλά
1189 5104 1282 5156 καὶ
1313 5095 1528 5173 ἑτέρους
1556 5101 1668 5171 ἔχει
1693 5101 1818 5162 τοὺς
1846 5100 2001 5151 ἐπαι-

431 5185 608 5246 νέτας.
636 5186 700 5238 Τί
728 5186 929 5256 ταύτης
954 5187 1146 5255 γένοιτ’
1165 5186 1231 5240 ἂν
1263 5188 1438 5256 χεῖρον
1463 5184 1562 5253 τῆς
1590 5181 1818 5252 μανίας;
1848 5185 2001 5248 Παρ-

429 5265 623 5330 ώξυνε
660 5268 766 5322 τὸν
794 5270 1020 5337 Κύριον
1056 5272 1088 5323 ὀ
1138 5270 1499 5337 ἁμαρτωλός.
1530 5265 1720 5328 ’Ἄλλος
1755 5276 1777 5304 °
1808 5263 1864 5317 δέ
1895 5277 2000 5332 φη-

432 5368 537 5413 σιν,
563 5351 692 5407 Ὀτι
724 5354 972 5419 α’ὶνέσας
1019 5357 1054 5408 ὁ
1097 5353 1436 5421 παράνομος
1473 5350 1622 5404 κατὰ
1652 5349 1767 5417 τὴν
1801 5349 2001 5402 ἐπιθυ-

427 5435 574 5504 μίαν
597 5436 708 5506 τῆς
735 5437 945 5508 ψυχῆς
974 5437 1182 5504 αὐτοῦ,
1209 5437 1304 5492 καὶ
1337 5435 1707 5502 πλεονέκτης
1750 5429 2008 5502 86107-7?-

492 5604 518 5668 Ρ
539 5603 675 5668 (Ξοινξλ
692 5611 775 5662 τῆς
793 5607 989 5668 πληγῆςο

489 5663 522 5703 Ῑι
549 5665 684 5715 Colb.
703 5663 1027 5743 ριηεεξῖιᾌὶη
1051 5672 1187 5743 textu
1214 5667 1294 5741 ᾷτε
1334 5667 1558 5715 ἀπολέσει
1585 5665 1744 5714 αὐτόν.
1770 5665 1920 5714 Savil.
1949 5667 1998 5714 in

428 5739 584 5786 marg.
605 5730 730 5790 τομῇ.
753 5730 832 5797 ὅτε
855 5730 1098 5777 ἀπώλεσεν
1114 5730 1273 5776 αὐτόν.

496 5791 516 5817 ε
541 5787 593 5836 In
622 5787 856 5850 Hexaphs
872 5791 1180 5856 nostristh
1200 5790 1502 5856 prioriectio
1525 5789 1811 5856 Symmacho
1829 5788 2001 5856 tribui-

432 5856 532 5907 tur,
572 5849 786 5912 sequens
832 5857 996 5900 autem
1037 5849 1247 5912 Aquilia.
1291 5849 1445 5912 quue
1475 5852 1770 5899 auctoritate
1809 5851 1999 5910 aliq’unt

431 5925 548 5959 mss.
575 5911 638 5959 At
662 5913 711 5960 in
738 5913 866 5975 edit.
890 5912 1040 5962 Savil.
1071 5911 1126 5962 Ᾱ.
1155 5914 1202 5960 id
1223 5920 1300 5961 est
1322 5911 1513 5975 Aquila,
1539 5925 1568 5960 c
1596 5914 1803 5973 regione
1825 5913 2000 5971 prioris

435 5973 854 6084 ἰιιιηιγιῖριμιὶοιιὶε
867 5976 1079 6037 ponitur,
1105 5983 1156 6026 et
1175 5977 1208 6023 Σ
1233 6012 1246 6036 ,
1269 5989 1358 6025 seu
1381 5973 1714 6037 Symmachus.
1734 5987 1763 6025 e
1797 5977 1999 6037 regione

435 6046 522 6084 nos
544 6047 597 6082 ει·
619 6047 735 6084 oris.
1058 6045 1065 6050 '

433 6045 735 6097 posterioris.
1058 6045 1065 6050 '

1511 399 1880 457 EXPOSITIO
1923 397 1990 453 ΙΝ
2021 395 2355 454 PSALMUM
2393 401 2486 455 IX.

3553 404 3664 461 156

2087 525 2224 575 σας,
2263 512 2570 580 παρώξυνε
2602 512 2706 565 τόν
2727 515 3144 582 Κύριον.”οταν
3170 515 3380 583 ὑψωθῇ
3410 519 3443 571 ὁ
3472 519 3658 586 θυμὸς

2086 594 2294 660 αὑτοῦ,
2349 597 2461 649 οὐκ
2516 595 2760 662 ἑκζητεῖ.
2812 598 3022 662 Ἀλλος,
3051 599 3180 653 Ὅτι
3231 600 3504 669 ὕμνησεν
3555 602 3656 655 ἐπὶ

2087 681 2248 745 πόθῳ
2279 678 2485 747 ψυχῆς
2513 680 2719 741 αὐτοῦ,
2756 681 2856 734 καὶ
2890 682 3258 748 πλεονέκτης
3290 684 3656 754 εὐλογήσας.

2086 762 2326 831 διέσυρε
2354 765 2590 832 Κύριον.
2633 766 2883 833 ’ἀσεϐής
2919 767 3069 820 κατὰ
3111 771 3513 839 μετεωρισμὸν
3557 773 3660 824 θυ-

2079 845 2200 913 μοῦ
2232 846 2418 899 αὑτοῦ
2458 849 2531 900 οὐ
2570 847 2656 916 μὴ
2703 848 3023 917 ἑκζητήση.
3055 852 3118 903 υἱ
3149 852 3205 904 δὲ
3239 852 3658 923 Ἐὁδομήκοντα.

2085 929 2406 997 Παρώξυνε
2459 930 2568 984 τὸν
2613 935 2833 1000 Κύριον
2889 937 2922 988 ό
2971 934 3315 1003 ἁμαρτωλός
3334 953 3349 967 ο
3400 937 3548 991 κατὰ
3591 938 3658 992 τὸ

2046 1072 2048 1074 _
2087 1013 2321 1080 πλῆθος
2368 1013 2479 1081 τῆς
2528 1015 2711 1085 ὀργῆς
2759 1017 2944 1071 αὐτοῦ
2985 1019 3095 1072 οὐκ
3135 1015 3465 1088 ἐκζητήσει.
3506 1017 3664 1086 Εἶδες

2089 1095 2191 1149 ποῦ
2230 1095 2465 1168 προῆλθε
2508 1097 2578 1151 τὰ
2613 1099 2711 1168 τῆς
2748 1100 2983 1166 κακίας;
3023 1100 3089 1153 Τί
3131 1099 3293 1170 λέγω,
3345 1105 3528 1174 φησὶν,
3575 1104 3659 1158 ὅτι

2086 1179 2212 1240 τοὺς
2242 1181 2488 1250 πτωχοὺς
2514 1179 2705 1246 λυπεῖ;
2732 1181 2904 1235 Αὐτὸν
2935 1182 3026 1236 τὸν
3057 1183 3186 1236 Θεὸν
3215 1185 3524 1257 παροξύνει.
3548 1187 3658 1241 Καὶ

2088 1262 2238 1316 κατὰ
2269 1262 2337 1314 τὸ
2368 1261 2598 1331 πλῆθος
2626 1262 2739 1331 τῆς
2767 1263 2950 1334 ὀργῆς
2969 1265 3154 1320 αὐτοῦ
3180 1268 3291 1322 οὐκ
3323 1267 3655 1337 ἐκζητήσει,

2087 1341 2253 1412 λέγει,
2281 1344 2388 1397 τὸν
2424 1347 2589 1402 Θεόν.
2617 1346 2807 1410 Ἄλλος
2847 1347 2907 1400 δὲ.
2952 1342 3080 1420 περὶ
3101 1348 3193 1402 τοῦ
3234 1350 3463 1413 ἀσεϐοῦς
3503 1351 3662 1405 τοῦτο

2087 1423 2356 1480 δείκνυσιν
2382 1426 2678 1501 δν,-λέγων,
2711 1429 2819 1483 Τοῦ
2842 1431 3247 1500 μετεωρισμοῦ
3270 1433 3480 1496 αὐτοῦ,
3508 1450 3664 1486 τουτ-

2089 1508 2226 1572 έστι,
2268 1509 2368 1581 τῆς
2408 1510 2695 1577 ἀπονοίας,
2741 1512 2843 1583 τῆς
2880 1513 3212 1579 ἀλαζονείας.
3259 1511 3410 1578 Εἶδες
3464 1515 3678 1586 μανίας.

2088 1591 2356 1657 ἐπίτασιν,
2381 1593 2476 1647 καὶ
2502 1594 2833 1666 διαφθοράν;
2864 1595 3008 1668 Πρὸς
3031 1598 3156 1662 τοὺς
3185 1597 3486 1667 ὁμοφύλους
3515 1599 3663 1652 ἐστὶν

2089 1673 2282 1744 ἐχθρὸς
2306 1675 2400 1729 καὶ
2431 1675 2703 1747 πολέμιος,
2731 1679 2832 1749 τῆς
2873 1679 3072 1750 ἀρετῆς
3092 1679 3536 1750 ἠλλοτριωμένος,
3563 1681 3667 1751 τῆς

2089 1757 2289 1822 κακίας
2335 1759 2569 1830 ἐραστὴς
2615 1763 2710 1815 καὶ
2765 1762 3072 1832 ἐπαινέτης.
3115 1762 3226 1815 Καὶ
3263 1761 3442 1826 καλῶς
3479 1763 3665 1833 ἔτερος

2090 1837 2273 1893 εἶπεν
2328 1841 2448 1895 οὐκ
2494 1839 2626 1896 ἔστι
2680 1844 2825 1911 Θεὸς
2871 1844 3096 1909 πάσαις
3137 1845 3398 1910 ἐννοίαις
3439 1846 3658 1900 αὐτοῦ·

2089 1921 2284 1992 δηλῶν,
2321 1925 2401 1978 ὅτι
2442 1925 2542 1978 οὐκ
2579 1925 2798 1996 ἐκζητεῖ
2847 1924 2938 1980 τδν
2977 1926 3128 1991 Θεὸν,
3167 1927 3250 1979 ὅτι
3295 1928 3515 1992 σκότους
3562 1928 3662 1999 ἐμ-

2091 2007 2436 2077 πέπλησται,
2487 2010 2569 2062 ὅτι
2621 2010 2720 2063 οὐκ
2769 2007 2880 2081 ἔχει
2931 2009 3024 2064 τὸν
3071 2005 3234 2080 φόϐον
3291 2011 3498 2064 ἐκείνου
3557 2012 3666 2082 πρὸ

2090 2088 2402 2160 ὀφθαλμῶν.
2440 2091 2579 2145 Ἀλλ’
2619 2091 2807 2165 ὥσπερ
2847 2095 2880 2165 ὴ
2925 2093 3073 2165 λήμη
3119 2095 3300 2148 σκοτοί
3330 2093 3428 2166 τὴν
3471 2093 3669 2166 κόρην,

2091 2172 2262 2236 οὕτως
2295 2175 2330 2244 ή
2367 2173 2598 2245 πονηρία
2645 2173 2742 2245 τὴν
2787 2175 3043 2244 διάνοιαν,
3088 2177 3182 2230 καὶ
3223 2176 3365 2231 κατὰ
3403 2176 3665 2248 κρημνῶν

2091 2254 2270 2325 φέρει.
2325 2257 2448 2310 Οὐκ
2489 2257 2621 2311 ἔστι
2671 2255 2816 2324 Θεὸς
2856 2255 3112 2313 ἐνώπιον
3150 2259 3358 2314 αὐτοῦ.
3378 2259 3569 2320 Ἀλλος
3608 2259 3665 2323 ἀ,

2091 2338 2174 2393 Δι’
2210 2338 2371 2393 ὅλων
2398 2338 2514 2393 τῶν
2537 2340 2967 2411 ἐνθυμημάτων
3011 2341 3217 2398 αὑτοῦ.
3263 2343 3664 2411 Βεϐηλοῦνται

2090 2421 2150 2472 at
2180 2416 2308 2472 ὁδοί
2345 2418 2532 2473 αὑτοῦ
2565 2420 2636 2474 ἐν
2677 2421 2855 2475 παντί
2900 2419 3102 2490 καιρῷ,
3127 2421 3560 2486 ἀνταναιρεῖται
3591 2421 3667 2474 τὰ

2091 2500 2344 2570 κρίματα
2379 2517 2498 2557 σου
2525 2503 2645 2558 ἀπὸ
2673 2503 2996 2573 προσώπου
3039 2505 3249 2560 αὐτοῦ.¹
3275 2503 3425 2578 [109]
3449 2506 3662 2570 Ἀλλος,

2092 2579 2306 2651 Ἦρται
2333 2586 2372 2654 ἠ
2395 2585 2591 2655 κρίσις
2610 2601 2747 2642 σου.
2771 2585 2925 2652 Εἶδες
2951 2589 3050 2660 τῆς
3079 2589 3276 2652 κακίας
3306 2589 3395 2642 τὸν
3414 2589 3622 2659 καρπόν
3645 2605 3682 2656 ;_

2093 2667 2387 2723 Σὸέννυται
2415 2669 2578 2722 αὐτοῦ
2606 2669 2665 2723 τὸ
2702 2671 2838 2746 φῶς,
2871 2671 3166 2742 πηροῦψται
3205 2674 3254 2725 οί
3303 2672 3684 2743 διαλογισμοὶ,-

2095 2751 2433 2822 αἰχμάλωτος
2463 2745 2750 2824 δίδοται
2781 2754 3028 2825 πονηρίᾳ.
3060 2756 3267 2825 ’Ὠσπερ
3297 2755 3402 2826 γὰρ
3427 2757 3456 2809 6
3487 2773 3666 2825 πεπηο

2099 2835 2339 2906 ρωμένος
2376 2836 2454 2900 εἰς
2499 2835 2744 2908 βάραθρα
2783 2837 2970 2890 πίπτει
3017 2839 3272 2908 συνεχῶς,
3298 2839 3438 2892 οὕτω
3478 2837 3668 2908 δήκαὶ

2096 2917 2279 2980 αὐτὸς,
2307 2917 2490 2986 ἐπειδὴ
2536 2919 2631 2971 τοῦ
2672 2919 2805 2972 Θεοῦ
2846 2919 2936 2972 τὸν
2966 2920 3129 2989 φόϐον
3162 2921 3260 2974 οὐκ
3285 2921 3396 2992 ἔχει
3424 2920 3529 2990 πρὸ
3559 2919 3694 2974 τῶν·

2095 2997 2408 3071 ὀφθαλμῶν,
2441 3000 2529 3054 διὰ
2563 3001 2762 3066 παντὸς
2792 3004 2849 3055 ὲν
2889 3003 3057 3074 κακίᾳ
3093 3003 3384 3076 διατρίϐειο
3422 3003 3541 3073 οὐχὶ
3572 3000 3678 3055 νῦν-

2100 3083 2205 3160 μὲνη
2226 3085 2283 3135 ὲν
2311 3083 2500 3154 ἀρετῇ,
2526 3084 2626 3138 νῦν
2654 3081 2711 3138 δὲ
2734 3087 2792 3138 ἐν
2821 3085 3008 3157 κακίᾳ,
3034 3087 3146 3140 ἀλλ’
3170 3087 3255 3140 ἀεὶ
3284 3088 3339 3139 ὲν
3362 3087 3548 3156 κακίᾳ,
3572 3086 3668 3139 καὶ

2095 3165 2216 3217 οὐδὲ
2248 3166 2346 3235 τῆς
2367 3166 2590 3238 γεέννης
2625 3167 2912 3237 μέμνηται,
2943 3167 3062 3221 οὐδὲ
3095 3167 3192 3240 τῆς
3225 3168 3519 3239 μελλούσης
3542 3169 3665 3239 κρί-

2099 3259 2254 3311 σεως,
2284 3249 2403 3302 οὐδὲ
2434 3249 2540 3302 τῶν
2569 3251 2806 3303 εὐθυνῶν
2825 3268 2840 3282 ο
2865 3251 2979 3304 ἀλλ’
3002 3250 3190 3322 ὥσπερ
3212 3251 3425 3321 χαλινὸν
3453 3251 3665 3304 ἅπαντα

2096 3332 2267 3386 ταῦτα
2308 3332 2378 3385 τὰ
2422 3327 2739 3405 βοηθήματα
2783 3334 3045 3397 ἐκϐαλὼν,
3075 3335 3323 3407 καθάπερ
3363 3335 3544 3388 πλοῖον
3574 3335 3668 3387 ἀν-

2097 3415 2424 3485 ερμάτιστον
2461 3419 2713 3486 πονηροῖς
2748 3417 3010 3470 ἐκδίδοται
3055 3416 3328 3488 πνεύμασι
3367 3417 3460 3471 καὶ
3491 3416 3668 3487 κύμα-

2099 3515 2184 3550 σιν
2207 3498 2435 3570 ἀγρίοις,
2467 3498 2676 3563 οὐδενὸς
2703 3500 2853 3564 ὄντος
2886 3500 2978 3554 τοῦ
3009 3498 3476 3569 παιδαγωγοῦντος
3502 3498 3674 3553 αὐτοῦ

2097 3580 2194 3652 τὴν
2222 3581 2479 3635 διάνοιαν.
2529 3578 2680 3645 Εἶδες
2720 3583 2811 3635 τὸν
2862 3583 3093 3654 πονηρὸν
3137 3585 3194 3636 ἐν
3223 3584 3358 3653 αὐτῇ
3393 3585 3459 3652 τῇ
3499 3584 3662 3652 κακίᾳ

2097 3665 2194 3732 τὴν
2223 3664 2378 3734 δίκην
2427 3665 2728 3735 ὐπὲχοντα;
2780 3665 2845 3719 Τί
2885 3667 2994 3736 γὰρ
3040 3667 3204 3719 ἵππου
3238 3665 3587 3736 ἀχαλινώτου,
3613 3665 3679 3718 τίκ

2097 3745 2154 3798 δὲ
2185 3746 2370 3800 πλοίου
2404 3748 2820 3818 ἀνερματίστου,
2845 3747 2901 3801 τί
2929 3748 2984 3802 δὲ
3017 3748 3301 3820 ἀνθρώπου
3335 3747 3668 3820 πεπηρωμὲ-

2099 3843 2188 3881 νου
2218 3829 2593 3902 χαλεπώτερον
2615 3847 2636 3897 ;

2173 3940 2224 3985 ι’.
2257 3933 2415 3988 Ἀλλὰ
2455 3933 2658 3988 τούτων
2702 3934 2954 3989 ἁπάντων
2992 3935 3318 4007 ἀθλιώτερος
3357 3937 3386 3989 6
3418 3936 3476 3988 ὲν
3500 3934 3671 4006 κακίᾳ.

2100 4019 2226 4085 ζῶν,
2257 4020 2316 4073 τὸ
2347 4020 2454 4074 ἀπὸ
2483 4020 2575 4073 τοῦ
2624 4015 2789 4090 φόϐου
2833 4022 2923 4074 τοῦ
2965 4021 3098 4076 Θεοῦ
3144 4023 3258 4092 φῶς
3298 4021 3531 4087 σϐέσας,
3574 4023 3684 4077 καὶκ

2100 4106 2439 4176 αἰχμάλωτος
2486 4106 2739 4172 ὲκδοθείς.
2782 4109 3030 4163 Πάντων
3071 4107 3188 4162 τῶν
3226 4106 3454 4177 ἐχθρῶν
3478 4109 3672 4164 αὐτοῦ

2099 4195 2569 4261 κιιτακιφιεύσει.
2592 4191 2737 4248 Εϊπε
2764 4195 2874 4264 γὰρ
2897 4193 2966 4249 ἐν
2989 4195 3201 4264 καρδίᾳ
3227 4194 3432 4249 αὐτοῦ’
3474 4198 3556 4250 Οὐ
3580 4194 3692 4266 μὴ,⁴

2101 4281 2376 4336 σαλευθῶ
2424 4283 2542 4338 ἀπὸ
2601 4283 2811 4353 γενεᾶς
2868 4283 2955 4351 εἷς
2999 4285 3214 4354 γενεὰν
3262 4283 3408 4339 ἄνευ
3456 4285 3665 4338 κακοῦ.

2106 4365 2298 4430 Ἀλλης
2337 4377 2382 4428 θ,
2431 4366 2666 4433 Πάντας
2703 4367 2845 4435 τοὺς
2885 4367 3136 4436 ἐχθροὺς
3177 4367 3362 4423 αὐτοῦ
3407 4366 3671 4438 ἐκφυσᾷ,

2100 4453 2294 4522 λέγων
2334 4453 2404 4506 ἐν
2440 4453 2653 4522 καρδίᾳ
2688 4455 2906 4509 αὐτοῦ’
2941 4458 3024 4508 Οὐ
3053 4454 3680 4525 περιτραπήσομαι-είς

2100 4543 2316 4609 γενεὰν
2352 4541 2450 4595 καὶ
2491 4541 2723 4610 γενεάν.
2769 4546 2851 4597 Οὐ
2889 4544 2999 4613 γὰρ
3042 4543 3259 4612 ἔσομαι·
3274 4541 3354 4597 -ἐν
3390 4542 3666 4597 κακώσει.

2099 4624 2252 4692 Εἶδες
2299 4628 2398 4696 τὴν
2445 4629 2732 4692 ἀπόνοιαν;
2787 4625 2924 4694 εῐδες
2965 4629 3066 4701 τὴν
3108 4631 3317 4699 ἄφατον
3357 4627 3666 4694 ἀπώλειαν;

2101 4711 2240 4778 εἶδες
2268 4716 2362 4768 τὸν
2380 4713 2520 4769 κατᾶ
2551 4716 2742 4786 μικρὸν
2778 4715 3136 4788 αὐξανόμενον
3166 4715 3416 4788 ὅλεθρονς
3444 4711 3579 4780 εῑδες
3602 4717 3670 4770 τά

2103 4804 2253 4876 παρά
2279 4805 2394 4868 τοὶἒς
2423 4805 2669 4876 ἀνοήτοις
2710 4805 2973 4876 μακάρια,
3011 4806 3082 4859 τὰ
3127 4805 3324 4874 πολλῆς
3360 4803 3670 4876 ἀθλιότητος

2101 4891 2356 4962 γέμοντα,
2402 4892 2498 4944 καὶ
2542 4890 2661 4954 πῶς
2691 4891 3053 4955 καταδύεταις
3101 4892 3430 4944 Ἐπαινεῖται
3473 4892 3532 4943 ὲν
3558 4893 3671 4953 τοῖς

2104 4979 2504 5049 ἁμαρτήμασιν,
2555 4979 2854 5047 εὐλογεῖται
2903 4980 2964 5032 ἐν
3010 4982 3128 5042 ταῖς
3169 4979 3420 5042 ἀδικίαις.
3451 4978 3676 5050 Πρῶτον

2105 5067 2372 5136 βάραθρον
2418 5067 2615 5133 τοῦτο,,
2646 5068 2742 5121 καὶ
2789 5067 2970 5121 ἱκανὸν
3014 5067 3398 5138 ἐκτραχηλίσαι
3446 5067 3538 5120 τὸν
3596 5067 3672 5136 μὴ

2103 5154 2456 5224 προσέχονται

2172 5262 2264 5314 Διὸ
2290 5262 2352 5333 δή
2379 5263 2580 5331 μᾶλλον
2603 5264 2729 5326 τοὺς
2765 5261 3118 5332 αίτιωμένους
3146 5261 3240 5314 καῖ
3261 5258 3672 5330 διορθουμένους

2103 5348 2628 5420 ἀποδέχεσθαι-χρή,
2667 5349 2710 5419 ἦ
2740 5350 2865 5412 τοὺς
2906 5347 3260 5409 ἐπαινοῦντας
3302 5346 3395 5399 καὶ
3441 5347 3525 5398 ἐπ’
3556 5345 3672 5400 ὀλέ·

2103 5433 2216 5504 θρῳ
2249 5432 2659 5494 κολακεύοντας.
2693 5431 2831 5495 Τοὺς
2870 5433 2978 5503 γὰρ
3017 5431 3218 5502 βλᾶκας
3255 5424 3397 5482 οὗτοι
3429 5429 3671 5498 διαφθεί-

2104 5531 2276 5584 ρουσι,
2323 5515 2418 5569 καὶ
2464 5515 2601 5587 πρὸς
2647 5507 2866 5584 μείζονα
2907 5513 3107 5568 ὠθοῦσι
3153 5512 3380 5566 κακίαν·
3424 5511 3674 5581 καθάπερ

2102 5597 2195 5650 καὶ
2222 5595 2406 5650 τοῦτον
2435 5598 2525 5651 τὸν
2551 5598 2872 5669 ἁμαρτωλὸν
2911 5599 3342 5668 ἐμφυσήσαντες,
3371 5595 3673 5664 ὲπαιδοτρί-

2103 5680 2276 5750 ϐησαν
2308 5681 2387 5744 είς
2431 5681 2634 5735 ἄνοιαν.
2669 5682 2761 5735 Διὸ
2811 5682 2903 5736 καὶ
2945 5681 3154 5746 Παῦλος
3186 5680 3491 5752 Κορινθίοις
3515 5678 3689 5733 τοῦτο-

2168 5849 2195 5887 d
2213 5850 2375 5922 -.Hujus
2400 5857 2449 5922 et
2486 5851 2629 5913 paulo
2649 5855 2758 5914 post
2775 5852 3030 5912 sequentis
3055 5852 3478 5915 interpretationis
3504 5857 3673 5900 auclo-

2106 5923 2186 5959 res
2211 5921 2512 5980 Ignorantur.

2124 5984 2197 6037 ge
2247 5973 2415 6037 Hujus
2448 5974 2867 6034 mterpretationis
2905 5981 3071 6027 auctor
3118 5984 3194 6026 est
3246 5974 3577 6037 Symmachus,
3622 5981 3708 6020 ιιι..

2108 6036 2276 6119 videas
2301 6037 2352 6086 in
2373 6033 2824 6107 ﬂexaplisnostris.
