4140 6356
416 403 518 457 ’ὂῖ

416 514 706 570 fornicatus
734 530 748 566 ε
781 511 844 564 Et
883 527 970 564 vos
1004 509 1169 580 inﬂati
1207 507 1325 562 estis
1345 545 1360 570 ,
1402 513 1447 558 et
1474 519 1576 556 non
1607 500 1771 571 potius
1799 496 1998 552 luxistis

415 609 495 672 tl.
523 605 642 660 Cor.
669 605 723 659 5.
748 603 804 675 2)
827 602 851 656 ?
882 603 1040 666 Eum,
1071 598 1160 670 qui
1186 606 1390 667 peccat,
1422 595 1644 649 multum
1672 592 1872 661 lugere,
1892 603 1998 641 non

419 696 634 750 laudare
659 701 891 764 oportet.
918 691 1103 746 Vidisti
1135 701 1442 759 perversum
1470 685 1655 738 vitium
1673 723 1690 749 ,
1717 680 1860 752 quod
1889 696 1996 733 non

421 788 589 842 solum
618 800 722 838 non
753 792 1063 848 accusatur,
1107 779 1200 834 sed
1249 780 1409 833 etiam
1456 775 1700 829 laudibus
1726 770 2000 825 afﬁcitur?

421 879 554 932 Ilinc
595 893 661 932 ex
698 875 910 945 propria
934 871 1235 941 arrogantia
1263 867 1605 938 ampliﬁcavit
1645 864 1860 920 laudum
1903 862 2003 916 im-

421 967 782 1037 probitatem:
812 964 1008 1020 oblitus
1046 971 1130 1018 est
1165 962 1372 1016 timoris
1412 959 1542 1026 Dei,
1583 965 1640 1013 et
1679 951 2002 1026 judiciorum

419 1064 567 1133 ejus;
617 1061 742 1114 hinc
783 1059 943 1114 etiam
987 1056 1215 1126 propria:
1258 1063 1343 1108 est
1385 1060 1589 1108 natura:
1635 1049 1853 1105 oblitus.
1899 1046 2002 1113 Qui

419 1155 562 1210 enitn
588 1152 910 1224 iudiciorum
939 1149 1031 1204 Dei
1057 1146 1420 1212 obliviscitur,
1463 1143 1547 1198 sui
1589 1143 1758 1213 ipsius
1794 1153 2005 1210 quoque

424 1247 638 1306 tandem
683 1243 1035 1299 obliviscitur.
1085 1239 1220 1295 Vide
1267 1253 1397 1309 ergo
1439 1251 1559 1308 quas
1600 1234 1842 1306 cogitat:
1882 1231 2006 1286 Non

422 1340 656 1393 ntavebor
681 1339 736 1391 in
763 1335 1138 1409 generationem
1157 1344 1202 1388 et
1228 1330 1601 1403 generationem
1620 1368 1637 1394 ,
1669 1326 1758 1381 sed
1785 1342 1870 1380 ero
1899 1325 2008 1378 sine

425 1432 579 1485 male.
608 1429 744 1497 Quid
769 1437 850 1483 est
876 1427 984 1482 bac-
999 1425 1322 1497 cogitatione
1347 1423 1558 1477 stultius
1581 1461 1597 1486 ,
1630 1426 1688 1474 ut
1726 1417 1815 1489 qui
1846 1416 2006 1470 homo

423 1535 506 1579 est
530 1567 546 1590 ,
592 1521 826 1577 interitui
861 1519 1150 1583 obnoxius,
1185 1517 1403 1572 caducis
1422 1529 1486 1570 ac
1515 1510 1901 1568 momentaneis
1922 1525 2008 1564 re-

427 1617 526 1671 bus
548 1615 868 1686 implicatus,
895 1623 948 1669 et
974 1610 1444 1667 innumerabilibus
1471 1606 1854 1662 mutationibus
1883 1604 2008 1659 sub-

425 1709 614 1780 jectus,
648 1709 770 1762 talia
797 1706 1146 1778 imaginetnr?
1172 1704 1444 1761 Undenam
1471 1711 1649 1758 autem
1674 1701 1779 1756 hoc
1805 1699 1899 1754 ﬁt?
1929 1699 2006 1753 Ex

427 1798 670 1854 stultitia.
698 1797 922 1865 Quando
945 1797 1086 1851 enim
1106 1796 1187 1849 vir
1215 1794 1407 1849 stultus
1427 1792 1607 1848 multis
1626 1791 1786 1846 rebus
1813 1805 2008 1846 secun—

426 1892 514 1946 dis
543 1906 670 1946 usus
695 1932 711 1955 ,
752 1889 996 1943 inimicos
1022 1887 1242 1949 vicerit,
1285 1895 1340 1940 et
1364 1884 1433 1939 ab
1453 1881 1704 1938 omnibus
1740 1881 2006 1946 laudatur,

429 1993 592 2049 atque
623 1982 675 2034 in
714 1979 1068 2034 admiratione
1105 1977 1372 2042 habetur,
1408 1975 1647 2030 omnium
1677 1973 2011 2029 miserrimus

431 2071 678 2127 eﬁicitur.
724 2071 800 2126 Eo
834 2069 976 2124 enim
1011 2067 1153 2139 quod
1183 2082 1291 2122 nou
1325 2075 1601 2136 exspectet
1640 2065 2009 2130 mutationem,

432 2179 605 2233 neque
637 2179 724 2217 res
750 2161 1009 2217 secundas
1033 2161 1134 2215 fert
1162 2161 1420 2225 modeste,
1449 2168 1503 2215 et
1521 2159 1565 2214 si
1592 2172 1681 2214 res
1700 2159 1747 2214 ei
1772 2157 2012 2212 adversm

433 2258 732 2322 evenerint,
758 2273 878 2311 cum
906 2257 973 2310 sit
994 2255 1390 2319 inexercitatus,
1426 2268 1526 2309 nec
1549 2267 1642 2309 eas
1669 2253 1740 2306 sit
1759 2266 2008 2321 umquam

435 2349 742 2413 meditatus,
775 2349 1021 2402 turbatur
1042 2356 1097 2402 et
1126 2347 1496 2401 tumultuatur.
1539 2345 1609 2399 At
1637 2359 1745 2398 non
1773 2343 1851 2398 sic
1874 2341 2007 2404 Job;

436 2442 530 2497 sed
569 2443 729 2497 etiam
773 2442 823 2494 in
865 2441 1023 2496 rebus
1069 2439 1318 2494 secundis
1357 2453 1447 2493 res
1483 2437 1735 2492 adversus
1781 2434 2016 2506 quotidie

436 2534 817 2602 exspectabat,
849 2539 904 2586 et
946 2531 1065 2586 ideo
1101 2531 1312 2585 dicebat
1341 2548 1354 2585 :
1387 2529 1557 2584 Metus
1584 2545 1730 2596 quem
1759 2525 2010 2590 timebant,

438 2627 569 2680 venit
604 2625 760 2687 mihi,
801 2633 849 2678 et
887 2640 1034 2695 queat
1059 2623 1357 2686 timuerant,
1390 2620 1605 2675 occurrit
1634 2618 1775 2672 mihi.
1827 2615 1940 2671 Nec
1965 2617 2018 2669 in

439 2735 562 2788 pace
579 2718 659 2787 egi
683 2756 698 2780 ,
735 2733 824 2770 nec
850 2716 1047 2785 quievi,
1077 2731 1167 2768 nec
1192 2715 1378 2769 cessavi
1407 2730 1426 2768 :
1447 2715 1578 2768 venit
1598 2723 1764 2766 tamen
1791 2710 1914 2764 mihi
1941 2710 2018 2763 ira

439 2812 560 2882 {Job
586 2812 640 2866 3.
661 2810 754 2864 25.
784 2809 900 2879 26).
947 2809 1014 2863 Et
1036 2807 1157 2862 ideo
1177 2807 1311 2861 alius
1334 2805 1543 2860 dicebat
1575 2825 1589 2860 :
1616 2803 1869 2858 Memento
1897 2813 2021 2855 tent-

440 2906 578 2974 poris
603 2903 754 2973 famis
777 2903 831 2956 in
856 2911 1078 2972 tempore
1099 2899 1464 2962 abundantia;
1491 2897 1803 2966 paupertatis
1846 2905 1892 2948 et
1932 2895 2017 2947 in-

439 2997 574 3067 cpite
593 2997 646 3050 in
673 2995 754 3048 die
777 2993 1061 3047 divitiarum
1081 2990 1272 3062 (Eccli.
1300 2991 1388 3045 18.
1415 2989 1528 3059 25).
1561 2988 1663 3044 Sed
1693 2988 1779 3042 hic
1804 2986 2019 3057 quidem

441 3087 606 3144 semel
628 3095 926 3156 corruptus,
950 3100 1054 3138 non
1084 3083 1386 3137 considerat
1405 3081 1655 3146 humana,
1681 3078 1776 3134 sed
1805 3087 2021 3150 propter

441 3180 653 3235 felicem
684 3193 862 3233 rerum
905 3191 1211 3233 successum
1242 3191 1302 3229 ea
1341 3190 1461 3230 esse
1506 3171 1798 3228 immobilia
1837 3172 2022 3226 existi-

443 3281 556 3328 mat
585 3290 599 3326 :
625 3271 768 3342 quod
792 3279 877 3326 est
904 3279 1156 3325 extremae
1180 3267 1414 3322 stultitiae
1445 3274 1500 3320 et
1523 3264 1840 3333 corruptela:
1868 3277 2024 3332 argu-

443 3373 706 3429 mentum,
737 3375 792 3418 et
815 3361 1026 3418 occasio
1055 3360 1324 3414 interitus.
1346 3358 1424 3413 Ne
1451 3358 1634 3412 beatos
1654 3355 1897 3411 existima
1929 3369 2022 3410 eos

443 3461 535 3529 qui
569 3466 698 3514 sunt
727 3457 938 3518 divites,
985 3469 1080 3510 eos
1107 3455 1198 3522 qui
1229 3453 1443 3507 vincunt
1483 3450 1758 3514 inimicos,
1802 3461 1896 3502 eos
1933 3446 2024 3517 qui

446 3561 729 3623 propterea
774 3548 1074 3604 laudantur.
1129 3545 1316 3616 Magna
1353 3553 1478 3598 sunt
1520 3543 1636 3598 luec
1677 3541 1926 3598 baratbra
1971 3549 2027 3596 et

447 3644 733 3716 praecipitia
753 3684 770 3708 ,
805 3657 924 3712 qua:
951 3640 1195 3694 homines
1225 3639 1461 3692 incautos
1485 3635 1754 3706 adipsum
1780 3634 2024 3703 impieta-

448 3737 516 3790 tis
539 3733 855 3806 profundum
880 3731 1156 3800 dejiciunt.
1203 3729 1257 3782 7.
1280 3727 1437 3798 Cujus
1461 3743 1517 3780 os
1547 3725 1899 3780 maledictiane
1921 3725 2029 3793 ple-

447 3846 568 3883 num
592 3836 686 3894 est,
711 3835 759 3881 et
785 3823 1142 3888 amaritudine,
1173 3830 1221 3875 et
1246 3820 1384 3874 dolo.
1411 3819 1518 3874 Sub
1546 3818 1719 3890 lingua
1744 3819 1858 3885 eius
1886 3817 2030 3871 labor

449 3931 498 3975 et
525 3922 686 3976 dolor.
733 3917 921 3985 Alius,
958 3915 1149 3970 Inutile
1176 3912 1272 3986 (a).
1317 3913 1372 3969 8.
1397 3912 1548 3968 Sedet
1589 3914 1643 3965 in
1683 3911 1880 3966 insidiis
1915 3926 2028 3964 cum

450 4011 684 4065 divitibus
720 4009 774 4062 in
805 4007 1045 4072 occultis,
1085 4014 1141 4059 ut
1181 4004 1448 4073 interﬁciat
1477 4005 1808 4057 innocentem.
1855 4002 2026 4066 Alius,

456 4103 714 4158 Insidians
737 4102 876 4170 apud
896 4101 1062 4154 aulas.
1108 4099 1161 4155 9.
1195 4097 1343 4152 Oculi
1362 4098 1470 4167 ejus
1496 4098 1550 4151 in
1576 4099 2032 4167 pauperemrespi-

448 4196 607 4251 ciunt.
657 4192 938 4247 lnsidiatur
975 4193 1030 4246 in
1073 4190 1365 4245 abscondito
1408 4190 1553 4260 quasi
1598 4191 1674 4243 leo
1703 4190 1755 4243 in
1792 4189 2033 4260 spelunca

453 4303 568 4340 sua.
616 4286 797 4348 Alius,
842 4284 1002 4352 Quasi
1045 4283 1100 4336 in
1133 4292 1272 4352 septo
1310 4297 1421 4335 suo.
1483 4279 1764 4337 Insidiatur
1787 4290 1842 4333 ut
1865 4282 2032 4350 rapiat

456 4393 748 4447 pauperem,
766 4385 820 4429 ut
844 4376 1009 4444 rapiat
1035 4389 1324 4444 pauperem,
1348 4373 1689 4426 dumattrultit
1709 4388 1838 4424 eum.
1860 4373 2030 4436 Alius,

453 4468 521 4523 In
558 4467 802 4521 tractione
843 4468 971 4535 eius.
1024 4465 1111 4520 10.
1134 4462 1202 4518 1η
1241 4465 1419 4534 laqueo
1453 4480 1546 4518 suo
1579 4462 1861 4518 Itumiliabit
1896 4480 2030 4516 eum.

422 4601 424 4604 μ
456 4563 641 4625 Alius,
669 4559 742 4614 In
757 4576 962 4631 sagetta.
1001 4557 1274 4613 Inclinabit
1297 4574 1352 4612 se
1377 4567 1437 4611 eL
1456 4557 1632 4624 cadet,
1660 4574 1772 4610 cum
1801 4558 2033 4610 dominu-

458 4665 537 4706 tus
571 4653 720 4724 fuerit
750 4667 1037 4722 pauperem.
1080 4650 1262 4713 Alius,
1294 4648 1596 4720 Confractus
1623 4657 1790 4700 autem
1809 4648 2036 4717 inflecte-

460 4755 560 4810 tur,
587 4759 702 4796 cum
727 4744 772 4797 is
790 4743 991 4796 irruerit
1013 4758 1128 4796 cum
1157 4741 1381 4813 fortibus.
1396 4741 1501 4794 suis
1530 4741 1583 4792 in
1607 4739 1901 4794 imbecillos.

531 4836 810 4904 Corruptor
839 4834 1032 4905 judicis
1075 4834 1187 4903 fure
1221 4833 1382 4902 pejor.
1408 4861 1480 4876 -ρ
1509 4830 1843 4885 Vidistieum
1874 4831 2036 4886 etiam

459 4924 706 4980 eﬂ'cctum
737 4939 858 4979 esse
894 4924 1177 4978 immanem
1217 4922 1494 4976 belluam?
1538 4921 1669 4975 Eum
1717 4921 1860 4976 enim
1907 4931 2039 4975 tam-

461 5033 618 5086 quam
647 5017 811 5072 feram
838 5015 1148 5071 describens
1179 5018 1435 5086 propheta
1454 5055 1470 5080 ,
1502 5014 1574 5074 ita
1595 5014 1661 5069 de
1685 5029 1752 5070 eo
1783 5013 2038 5084 loquitur,

462 5108 648 5174 dolos,
694 5105 940 5171 fraudes,
972 5105 1190 5160 insidias
1229 5104 1532 5160 traducens.
1586 5105 1722 5171 Quid
1760 5120 1826 5160 eo
1867 5115 2042 5175 potest

463 5216 582 5255 esse
609 5200 856 5258 miserius
877 5240 893 5265 ,
919 5198 1048 5269 quid
1077 5197 1362 5269 pauperius
1385 5239 1400 5263 ,
1442 5212 1563 5252 cum
1604 5196 1854 5266 pauperis
1883 5206 2042 5266 egeat

465 5291 743 5362 pecuniis?
770 5291 919 5345 Hunc
941 5305 1100 5360 ergo,
1134 5289 1250 5354 dic,
1279 5303 1486 5359 quaeso,
1514 5289 1750 5343 dicemus
1785 5288 2043 5344 divitem?

468 5383 609 5452 Ergo
647 5383 806 5437 etiam
848 5381 1021 5435 furem
1068 5390 1124 5436 et
1164 5395 1437 5435 murorum
1481 5379 1813 5438 emissorem.
1865 5381 2042 5445 Absit,

469 5473 657 5544 inquit.
701 5473 839 5540 Quid
865 5473 1008 5528 enim
1035 5473 1082 5528 si
1121 5472 1232 5526 fora
1262 5488 1366 5526 non
1395 5471 1663 5542 perfodit?
1712 5472 1839 5542 quid
1865 5472 1912 5527 si
1937 5488 2046 5529 non

467 5578 632 5624 noctu
654 5565 978 5637 aggreditur,
1007 5565 1101 5621 sed
1125 5581 1244 5621 cum
1272 5565 1398 5622 dolo
1417 5563 1611 5634 iudicis
1642 5564 1820 5621 lumen
1846 5565 2046 5620 exstin-

482 5743 493 5751 _
538 5682 624 5751 (a).
645 5681 751 5730 Vox
779 5678 946 5751 inutile
970 5679 1267 5751 (amasti-Eg),
1289 5685 1368 5751 est
1387 5676 1597 5749 Aquilae.
1623 5673 1871 5751 l‘nfraxhae
1885 5687 2057 5751 voces,

474 5736 714 5794 insidians
742 5743 882 5805 apud
935 5736 1075 5790 aulas
1103 5736 1389 5804 ’(ἐνεὸρεύων
1430 5736 1563 5805 napo}:
1607 5739 1690 5793 τὰς
1735 5736 1899 5796 αὐλάς)
1942 5747 2057 5805 sunt

477 5797 791 5866 Symmachi;
806 5805 926 5866 Quia:
945 5797 1224 5862 sequuntur
1243 5797 1693 5860 interpretationes
1717 5811 1927 5866 quorum
1949 5797 2055 5866 sint

479 5861 734 5934 ignoratur
762 5879 773 5913 :
795 5861 1208 5934 sedhpostrema,
1251 5866 1526 5926 contractus
1565 5866 1728 5912 autent
1769 5861 1827 5919 (6
1866 5862 1916 5910 δὲ
1945 5862 2056 5911 (πλατ-

479 5930 644 5991 σΘείς),
677 5935 756 5980 cst
778 5928 991 5992 Aquilae.

1561 384 1918 445 rJXPOSlTIO
1959 383 2022 438 IN
2065 377 2384 437 PSALMUM
2427 377 2516 432 lx.

3585 367 3692 423 153

2101 491 2258 562 guit?
2281 489 2407 560 quid
2436 490 2585 545 enim.
2615 488 2658 542 si
2697 502 2802 542 non
2837 487 3260 548 dormientibus,
3292 484 3385 540 sed
3419 483 3682 554 vigilanti-

2103 584 2204 638 bus
2231 582 2477 637 onmibus
2507 579 2694 634 irruit?
2737 579 2834 634 Hic
2875 589 2956 634 est
2994 580 3137 634 enim
3175 577 3550 647 impudentior.
3607 576 3684 631 Ex

2106 675 2310 730 furibus
2333 673 2475 730 enim
2502 672 2648 741 leges
2667 686 2764 727 eos
2789 672 3002 742 gravius
3039 671 3298 742 puniunt,
3337 669 3432 740 qui
3460 667 3687 723 interdiu

2107 764 2374 822 furantur.
2421 764 2611 820 Vidisti
2641 765 3042 834 paupertatem?
3071 763 3247 819 vidisti
3275 762 3690 818 crudelitatem?

2108 859 2682 930 Paupertatem,quod
2723 859 2858 913 bona
2886 859 3132 927 pauperis
3157 857 3496 926 concupiscat
3527 873 3541 908 :
3569 869 3690 909 cru-

2106 952 2377 1010 delitatem
2405 967 2532 1006 vero
2553 992 2568 1017 ,
2601 950 2744 1020 quod
2777 964 2876 1005 nec
2901 949 3204 1003 calamitate
3231 948 3446 1018 quidem
3475 946 3658 1016 frauga

2110 1053 2228 1110 tur,
2272 1043 2364 1098 sed
2389 1044 2542 1113 cujus
2571 1042 2850 1104 misereri,
2891 1051 2946 1096 et
2973 1041 3064 1096 cui,
3080 1039 3363 1096 subvenire
3387 1039 3693 1109 oportebat,

2109 1141 2470 1204 paupertatem
2491 1133 2774 1202 Opprimat.
2793 1131 2898 1186 Nec
2922 1143 3096 1185 tamen
3114 1131 3228 1184 lucc
3253 1130 3410 1184 faciet
3439 1131 3654 1198 impune
3683 1147 3696 1182 :

2108 1224 2202 1279 sed
2232 1223 2445 1294 quando
2475 1222 2830 1291 pra-valuerit,
2860 1221 3073 1291 quando
3097 1221 3197 1276 sibi
3219 1221 3363 1274 visus
3392 1221 3552 1275 fuerit
3577 1235 3697 1274 esse

2114 1315 2394 1383 superior,
2436 1315 2649 1383 quando
2690 1326 2750 1366 se
2794 1313 2990 1382 putarit
3032 1326 3153 1366 esse
3201 1310 3692 1382 inexpugnabilem,

2111 1415 2237 1460 tunc
2265 1404 2459 1474 peribit
2488 1421 2501 1456 :
2533 1413 2589 1457 ut
2629 1412 2684 1458 et
2711 1403 2800 1458 Dei
2823 1403 3064 1457 videatur
3091 1401 3335 1456 vincendi
3364 1401 3611 1467 facilitas,
3642 1413 3696 1457 et

2115 1512 2406 1567 pauperum
2438 1497 2690 1567 patientia
2716 1537 2731 1560 ,
2771 1505 2827 1551 et
2865 1495 3023 1566 hujus
3047 1495 3351 1566 corrigendi
3387 1495 3695 1559 difﬁcultas,

2111 1596 2168 1642 et
2190 1588 2284 1642 Dei
2327 1587 2559 1642 lenitatis
2599 1587 2901 1642 tolerantia.
2951 1588 3246 1657 Propterea
3283 1603 3388 1642 non
3415 1602 3446 1644 e
3471 1587 3698 1657 vestigio

2111 1679 2352 1749 sequitur
2373 1678 2616 1749 iustitia,
2633 1679 2741 1734 Deo
2763 1693 2862 1749 per
2888 1680 3200 1750 patientiam
3225 1689 3449 1734 vocante
3477 1695 3599 1734 eum
3627 1679 3696 1733 ad

2115 1770 2489 1840 paenitentiam
2518 1787 2530 1822 :
2563 1769 2657 1825 sed
2698 1769 2912 1841 quando
2939 1770 3074 1824 nihil
3104 1769 3374 1824 lucrifacit
3402 1771 3627 1824 leuitate
3643 1781 3698 1824 et

2115 1863 2390 1933 patientia,
2414 1873 2540 1918 tunc
2555 1879 2675 1918 eum
2699 1879 2793 1933 per
2819 1864 3134 1935 supplicium
3151 1865 3419 1919 admonet.
3447 1864 3510 1919 lli
3527 1865 3696 1927 enim,

2109 1953 2204 2026 qui
2247 1952 2445 2024 injuria.
2473 1953 2649 2009 allecti
2692 1963 2850 2021 sunt,
2892 1953 3173 2008 nihil-lmsi
3213 1963 3370 2020 sunt;
3411 1954 3696 2009 sedetiam

2115 2045 2364 2100 meliores
2407 2053 2463 2100 et
2514 2045 2773 2100 clariores
2824 2043 3114 2100 afﬂictione
3169 2043 3292 2099 facti
3346 2057 3511 2100 sunt:
3557 2046 3700 2099 Deus

2115 2145 2294 2192 autem
2322 2151 2473 2191 suam
2499 2136 2732 2191 ostendit
2756 2137 3085 2206 patientiam,
3125 2146 3180 2190 ut
3199 2137 3288 2206 qui
3311 2137 3622 2191 sustinuerit
3647 2147 3702 2192 et

2119 2228 2456 2294 toleraverit,
2487 2237 2542 2283 et
2579 2243 2700 2282 cum
2733 2227 2991 2298 patientia.
3031 2229 3360 2297 potentiam,
3400 2237 3456 2282 et
3496 2230 3572 2282 rei
3608 2244 3702 2298 gev

2118 2319 2300 2374 renda:
2345 2319 2648 2377 facultatem
2679 2336 2694 2372 :
2722 2318 2864 2389 quod
2907 2319 3121 2389 quando
3157 2319 3203 2373 is
3229 2328 3371 2374 esset
3399 2319 3578 2388 seipse
3609 2337 3702 2389 po-

2120 2413 2335 2479 tentior,
2369 2420 2496 2467 tunc
2522 2413 2778 2482 temporis
2805 2413 2976 2482 ipsum
3006 2421 3224 2481 superat
3255 2429 3268 2465 :
3303 2411 3390 2466 hic
3424 2428 3550 2468 vero
3578 2430 3700 2468 cum

2118 2502 2405 2559 mansisset
2429 2503 2820 2571 iuemendatus,
2845 2504 3090 2558 ultimum
3115 2503 3208 2559 dat
3233 2504 3569 2572 supplicium.
3591 2505 3704 2558 lloc

2118 2603 2296 2648 autem
2323 2610 2429 2653 non
2458 2609 2642 2665 parum
2673 2594 2882 2650 confert
2905 2594 2973 2650 ad
2997 2595 3342 2666 corrigendos
3366 2610 3458 2650 eos
3479 2637 3494 2661 ,
3527 2598 3614 2666 qui
3646 2597 3706 2650 in.

2119 2687 2281 2744 rebus
2304 2688 2556 2743 secundis
2577 2697 2874 2744 versantur.

2123 2815 2131 2850 ε
2181 2773 2283 2826 11.
2310 2771 2390 2827 Νε
2413 2787 2541 2843 ergo
2561 2771 2773 2842 quando
2797 2772 2990 2827 viceris
3018 2771 3292 2839 inimicos,
3321 2781 3377 2827 et
3403 2773 3579 2827 omnia
3611 2773 3703 2828 tibi

2123 2864 2356 2919 secunda
2395 2864 2610 2931 fuerint,
2647 2864 2888 2920 conﬁdas
2913 2863 3155 2934 improbe
3184 2865 3404 2930 vivens,
3445 2865 3538 2919 sed
3581 2873 3706 2918 tunc

2121 2959 2292 3028 magis
2312 2959 2675 3028 pertimescas.
2707 2960 2942 3028 Augetur
2969 2958 3110 3012 enim
3131 2957 3353 3024 vitium,
3383 2958 3582 3012 tollitur
3614 2958 3708 3014 tibi

2121 3049 2364 3106 defensio
2385 3093 2402 3119 ,
2431 3051 2736 3122 praeciditur
2762 3060 2819 3106 et
2845 3049 3084 3106 aufertur
3108 3051 3286 3117 venia,
3326 3051 3371 3106 si
3398 3052 3569 3109 malus
3597 3067 3708 3108 mar

2125 3159 2276 3199 neas.
2329 3145 2414 3199 11.
2443 3141 2588 3198 Dixit
2611 3144 2746 3198 enim
2782 3144 2832 3197 in
2862 3144 3013 3198 corde
3044 3161 3135 3199 suo
3161 3159 3180 3198 :
3209 3143 3406 3199 Oblitus
3429 3155 3504 3201 est
3532 3145 3666 3200 Deus
3689 3163 3712 3208 ;

2123 3235 2298 3290 avertit
2319 3235 2500 3306 faciem
2526 3251 2670 3289 suam
2693 3277 2707 3299 ,
2743 3251 2805 3289 ne
2828 3236 2992 3290 videat
3015 3235 3070 3288 in
3091 3235 3263 3305 ﬁnem.
3300 3236 3431 3291 Vide
3460 3238 3509 3291 in
3537 3255 3709 3308 quan-

2127 3337 2238 3382 tum
2267 3327 2574 3382 barathrum
2603 3325 2915 3397 perditionis
2940 3326 3244 3394 descendit,
3267 3327 3714 3398 qualia.dogmata

2125 3419 2356 3489 colligit,
2385 3435 2502 3489 qua:
2527 3427 2741 3489 propter
2770 3418 3151 3488 impudentiam
3177 3418 3391 3490 quidem
3421 3437 3523 3474 non
3553 3421 3715 3478 audet

2130 3511 2346 3580 efferre,
2373 3529 2434 3568 ea
2463 3521 2642 3568 autem
2669 3512 2810 3583 apud
2838 3527 2896 3567 se
2925 3523 3137 3580 versat,
3181 3528 3420 3584 pugnans
3462 3529 3582 3568 cum
3623 3532 3715 3570 VC!-

2131 3606 2308 3669 ritate,
2331 3614 2386 3661 et
2410 3621 2529 3675 qua:
2555 3615 2682 3659 sunt
2703 3604 2816 3660 sole
2844 3604 3070 3659 clariora
3091 3645 3120 3670 ,,
3137 3615 3355 3674 propter
3380 3606 3575 3660 mentis
3604 3622 3714 3661 sua:

2131 3696 2419 3752 orbitatem
2467 3695 2813 3750 adumbrans.
2869 3693 2955 3748 12.
2997 3693 3263 3765 Exsurge,
3311 3694 3527 3750 Domine
3577 3695 3716 3753 Deus

2130 3805 2273 3843 meus
2296 3828 2312 3854 ,
2353 3788 2602 3842 exaltetur
2627 3802 2808 3841 manus
2833 3795 2940 3840 tua.
2970 3784 3054 3839 Ne
3081 3786 3389 3841 obliviscaris
3413 3803 3716 3856 pauperum.

2130 3880 2304 3948 Alius,
2335 3878 2525 3934 Exalta
2549 3894 2754 3933 manum
2783 3888 2943 3932 tuam.
2991 3879 3076 3933 l5.
3112 3877 3333 3947 PrOpter
3356 3878 3479 3949 quid
3502 3879 3716 3932 irritavit

2131 3972 2318 4042 impius
2349 3969 2551 4026 Deum?
2586 3969 2727 4024 Dixit
2748 3971 2880 4025 enim
2903 3970 2957 4023 in
2985 3969 3138 4024 corde
3161 3986 3252 4024 suo
3284 3984 3304 4023 :
3335 3967 3712 4039 Nonrequiret.

2133 4062 2224 4117 14.
2266 4060 2412 4114 Vides
2446 4061 2684 4131 quoniam
2712 4071 2766 4114 tu
2810 4060 3031 4115 laborem
3059 4069 3105 4113 et
3144 4063 3367 4130 furorem
3402 4061 3717 4126 consideras,

2133 4165 2187 4210 ut
2217 4153 2391 4208 tradas
2417 4170 2532 4208 eum
2559 4153 2612 4207 in
2645 4170 2824 4206 manus
2856 4163 2988 4206 tuas.
3037 4152 3190 4206 Alius
3213 4192 3228 4218 ,
3270 4149 3486 4216 Vidisti,
3516 4153 3636 4222 quia
3661 4163 3722 4209 tu

2135 4247 2357 4302 laborem
2388 4256 2436 4300 et
2468 4244 2787 4301 iracundiam
2815 4242 3138 4314 inspectalis,
3159 4252 3212 4295 ut
3238 4243 3324 4298 des
3344 4243 3398 4296 in
3427 4259 3580 4296 manu
3605 4256 3723 4304 tua,

2134 4339 2306 4405 Alius,
2334 4337 2400 4394 Ut
2425 4338 2608 4393 dentur
2632 4339 2688 4392 in
2710 4353 2890 4394 manus
2921 4346 3052 4391 tuas.
3085 4336 3301 4406 Iniquus
3346 4337 3560 4406 quidem
3605 4338 3726 4392 lia-c

2135 4430 2292 4493 dicit,
2331 4439 2547 4498 raptor,
2583 4442 2807 4494 avarus,
2837 4437 3022 4497 utpote
3057 4427 3149 4497 qui
3186 4441 3292 4481 non
3343 4427 3437 4484 det
3481 4443 3666 4498 pmnas
3701 4445 3720 4487 :

2141 4521 2400 4593 prephcta
2419 4530 2594 4576 autem
2633 4520 2753 4588 ejus
2787 4527 3037 4574 evertens
3083 4517 3475 4588 dogmata,.de
3506 4520 3594 4574 Dei
3628 4535 3720 4588 pa-

2139 4618 2320 4671 tientia
2351 4614 2526 4686 ample
2553 4613 2804 4683 loquitur.
2835 4612 2930 4666 llle
2959 4611 3100 4666 enim
3127 4611 3257 4666 dicit
3286 4629 3299 4664 :
3328 4612 3514 4666 Avertit
3537 4614 3719 4683 faciem

2139 4724 2306 4774 suam,
2331 4723 2394 4760 ne
2411 4706 2576 4760 videat
2601 4705 2655 4758 in
2677 4704 2829 4773 ﬁnem
2860 4718 2878 4756 :
2907 4702 2992 4757 hic
3007 4712 3184 4758 autem
3206 4714 3390 4758 contra
3417 4721 3429 4756 :
3461 4703 3528 4756 Et
3549 4704 3718 4768 vides,

2141 4811 2198 4857 et
2221 4798 2559 4863 consideras,
2607 4807 2662 4852 et
2695 4811 2755 4852 es
2799 4795 3003 4866 patiens
3026 4834 3042 4860 ,
3079 4795 3249 4849 donec
3275 4795 3310 4849 ii
3337 4795 3629 4851 ceciderint
3667 4797 3722 4850 in

2141 4906 2332 4950 manus
2359 4900 2493 4944 tuas.
2538 4888 2674 4958 Quid
2702 4898 2782 4942 est
2804 4929 2819 4955 ,
2865 4887 3036 4940 Donec
3073 4886 3254 4944 dentur
3285 4887 3338 4940 in
3365 4901 3544 4942 manus
3569 4890 3724 4942 tuas?

2145 4984 2286 5052 Dixit
2327 4996 2477 5038 more
2521 4979 2756 5039 humano
2787 4994 2800 5029 :
2837 4979 2936 5032 hoc
2977 4987 3154 5032 autem
3191 4977 3288 5031 sibi
3325 4979 3437 5032 vult
3469 4997 3481 5031 :
3512 4978 3721 5047 Exspeo

2143 5087 2275 5149 etas,
2304 5073 2528 5139 toleras,
2569 5080 2627 5124 ut
2654 5070 2846 5141 insigni
2875 5069 3159 5129 tradantur
3179 5070 3520 5140 improbitati.
3567 5072 3722 5126 Pote-

2145 5185 2232 5223 ras
2257 5167 2398 5222 enim
2429 5165 2512 5221 vel
2539 5181 2568 5219 a
2597 5164 2855 5234 principio
2880 5178 2979 5220 eos
2991 5157 3232 5218 evertere
3263 5175 3314 5217 et
3338 5165 3604 5237 subigere,
3628 5167 3722 5220 sed

2147 5260 2470 5314 immensum.
2488 5264 2571 5311 est
2600 5256 2816 5330 pelagus
2857 5265 2959 5308 tua:
3008 5254 3335 5312 tolerantiae.
3383 5256 3642 5321 videntis,
3673 5266 3728 5311 et

2149 5370 2252 5408 non
2295 5350 2693 5422 persequentis,
2737 5348 2829 5403 sed
2860 5348 3216 5418 exspectantis
3239 5364 3330 5404 eos
3358 5345 3422 5400 ad
3455 5349 3725 5418 paeniten—

2151 5445 2295 5499 tiam.
2351 5441 2502 5508 Quod
2532 5443 2576 5495 si
2603 5440 2786 5494 nolunt
2810 5481 2826 5504 ,
2877 5449 3000 5492 tunc
3033 5439 3222 5510 punis,
3249 5441 3464 5511 quando
3494 5438 3623 5493 nihil
3651 5440 3737 5494 ιιι-ι

2151 5544 2366 5589 (‘ranlttr
2389 5549 2454 5588 ex
2486 5545 2571 5586 tua
2601 5529 2872 5604 patientia.
2922 5529 3074 5595 Quod
3104 5529 3246 5583 enim
3271 5545 3513 5598 magnam
3538 5528 3729 5585 habeat

2153 5627 2412 5681 rationem
2429 5637 2614 5679 eorum
2641 5622 2728 5691 qui
2757 5620 2947 5690 injuria
2969 5619 3292 5684 alliciuntur,
3319 5620 3439 5673 audi
3461 5622 3752 5690 quomodo-

2155 5735 2248 5790 per
2273 5735 2355 5784 ea,
2387 5733 2505 5788 quae
2531 5722 2854 5785 sequuntur,
2888 5711 3186 5767 conﬁrmat.
3233 5709 3346 5765 Tibi
3375 5713 3636 5766 derelictus
3663 5722 3746 5766 est.

2157 5825 2369 5883 pauper.
2399 5808 2628 5878 orn/iano
2658 5815 2708 5859 tu
2739 5804 2877 5873 fuisti
2905 5803 3129 5875 adjutor.
3158 5802 3337 5870 Alius,
3363 5802 3443 5859 Tu
3469 5808 3631 5878 [actus
3659 5821 3738 5865 es...
