4140 6356
391 389 496 447 159

385 508 690 563 λέλειπται
719 510 752 561 ὁ
781 508 1045 578 πτωχὸς,
1089 507 1327 577 ὀρφανῷ
1371 508 1452 565 σὺ
1494 504 1655 577 ἦσθα
1697 508 1944 574 βοηθός.

391 595 613 657 Ἄλλος,
660 595 742 648 Σὺ
783 596 1010 661 ἐγένου.
1054 598 1276 660 Ἀλλος,
1323 597 1406 650 Σὺ
1452 597 1588 664 ἔσῃ.
1629 599 1694 649 Ὃ
1723 597 1779 648 δὲ
1803 596 1951 662 λέγει

386 681 624 734 τοιοῦτόν
652 684 797 734 ἐστιν
813 699 827 712 ο
845 683 1014 736 Τοῦτο
1039 685 1196 754 ἔργον
1229 685 1338 744 σὸν,
1358 684 1514 737 τοῦτο
1536 683 1810 753 ἐξαίρετον
1839 683 1950 738 σόν.

390 769 502 822 Οὐκ
533 768 598 822 ἂν
621 768 676 821 δὲ
707 769 767 822 τὸ
790 769 982 822 ἑαυτοῦ
1013 772 1181 835 εἴασε,
1213 772 1304 825 καὶ
1349 769 1687 845 προῦδωκεν.
1727 771 1813 832 Ὠς
1846 769 1953 838 γὰρ

389 854 629 924 τεχνίτου
654 853 714 906 τὸ
738 855 1056 925 οἰκοδομεῖν,
1095 858 1188 910 καὶ
1235 856 1569 928 κυϐερνήτου
1610 857 1671 909 τὸ
1713 855 1955 908 εὐθύνειν

390 941 452 993 τὸ
475 941 698 1010 σκάφος,
745 943 839 996 καὶ
870 943 1020 1013 ἡλίου
1049 944 1109 996 τὸ
1147 944 1400 1014 φωτίζειν
1430 962 1443 974 ·
1475 943 1617 998 οὕτω
1643 944 1707 1015 δὴ
1743 944 1836 997 καὶ
1866 943 1956 996 σὸν

391 1027 454 1080 τὸ
484 1027 734 1100 ὀρφανῶν
765 1030 1142 1099 προΐστασθαι,
1171 1031 1232 1083 τὸ
1266 1033 1498 1101 πτωχοῖς
1540 1034 1697 1102 χεῖρα
1723 1030 1954 1101 ὀρέγειν,

394 1115 582 1178 Οὐδεὶς
611 1114 751 1168 οὕτω
780 1117 1090 1188 προστάτης
1127 1118 1354 1180 τούτων,
1386 1116 1522 1170 ἀλλά
1557 1119 1621 1172 σὺ
1676 1117 1854 1188 μόνος.
1885 1116 1958 1170 Τὸ

393 1208 524 1274 γάρ,
569 1203 1144 1272 Ἐγκαταλέλειπται,
1167 1206 1323 1258 τοῦτο
1356 1205 1702 1278 παρίστησιν.
1749 1205 1956 1268 Οὐδεὶς,

395 1290 578 1361 φησὶν,
614 1289 791 1357 ἄλλος,
827 1291 962 1346 ἀλλά
989 1293 1052 1346 σύ
1097 1293 1256 1364 μόνος
1311 1293 1559 1366 ὀρφανῶν
1592 1295 1686 1347 καὶ
1729 1293 1961 1363 πτωχῶν

396 1378 722 1450 προστάτης.
774 1380 1116 1447 Σύντριψον
1159 1379 1264 1432 τὸν
1302 1380 1601 1449 βραχίονα
1637 1379 1742 1434 τοῦ
1777 1379 1961 1447 ἀμαρ-

397 1465 590 1518 τωλοῦ
607 1466 703 1518 καί
730 1466 1015 1533 πονηροῦ.
1051 1465 1623 1537 [11212nt116120'szm
1646 1468 1684 1534 ἡ
1712 1466 1966 1534 ἁμαρτία

396 1551 608 1614 αὐτοῦ,
645 1553 744 1608 καὶ
774 1555 847 1607 οὐ
875 1553 962 1622 μὴ
1012 1552 1227 1621 εὑρεθῇ
1251 1553 1326 1606 δι’
1355 1553 1568 1621 αὑτήν.
1593 1554 1804 1617 Ἀλλος,
1845 1553 1966 1606 Ἐκ-

398 1637 694 1706 ζητηθήτω
712 1640 750 1708 ἠ
777 1640 1018 1694 ἀσέϐεια
1043 1640 1252 1702 αὑτοῦ,
1285 1641 1385 1693 ἵνα
1407 1639 1492 1708 μὴ
1528 1639 1740 1708 εὑρεθῇ
1761 1639 1962 1705 αὐτός.

400 1725 513 1796 Οὐχ
545 1719 860 1790 ἁπλῶς’τὸν
900 1727 1223 1799 ἁμαρτωλὸν
1263 1727 1404 1792 ἀξιοῖ
1437 1727 1802 1798 συντριϐῆναι,
1831 1727 1968 1780 ἀλλά

401 1811 498 1882 τὴν
539 1813 712 1883 ἰσχὺν,
742 1814 843 1885 τὴν
859 1813 1200 1880 δυναστείαν,
1227 1814 1289 1867 τὸ
1321 1814 1653 1885 ὑπέκκαυμα
1681 1813 1845 1867 αὐτοῦ
1868 1813 1969 1883 τῆς

403 1899 700 1969 πονηρίας·
731 1897 849 1953 εἶτα
883 1898 1028 1967 ἀξιοῖ
1051 1899 1280 1963 εὐθύνας
1328 1902 1490 1955 αὐτὸν
1533 1903 1822 1972 ὑποσχεῖν,
1878 1901 1971 1955 καὶ

404 1984 558 2052 λόγον
576 1986 756 2040 δοῦναι
770 1987 878 2039 τῶν
894 1987 1316 2060 πεπραγμένων,
1333 1989 1426 2041 καὶ
1442 1989 1654 2052 δεικνὺς
1669 1989 1732 2041 τὸ
1746 1989 1971 2060 μέγεθος

406 2074 502 2142 τῆς
533 2073 744 2138 ἀδικίας
776 2074 936 2144 φησίν
958 2087 974 2104 ⁸
1009 2076 1109 2128 Ἂν
1137 2074 1297 2128 τοῦτο
1340 2077 1600 2145 γένηται,
1633 2077 1752 2130 οὐδὲ
1780 2077 1972 2146 στῆναι

407 2158 712 2228 δυνήσεται,
744 2161 867 2214 οὐδὲ
901 2164 1168 2230 φανεῖται,
1199 2162 1315 2215 ἀλλ’
1340 2163 1643 2226 ἀπολεῖται,
1666 2165 1970 2234 οἰχήσεται,

409 2247 702 2318 πρόρριζος
747 2249 1191 2320 ἀφανισθήσεται,
1234 2251 1343 2302 τῶν
1377 2251 1778 2321 πεπραγμένων
1827 2249 1975 2320 αὐτῷ

410 2334 827 2405 ἐξεταζομένων.
862 2329 1060 2407 Μηδεὶς
1080 2334 1172 2392 οὖν
1187 2339 1452 2410 ὀρφανίαν
1472 2339 1758 2409 θρηνείτω,
1789 2339 1975 2408 μηδείς

414 2423 702 2490 πτωχείαν.
738 2423 886 2494 Ὀσῳ
912 2423 1020 2495 γάρ
1046 2424 1111 2478 ἂν
1139 2425 1470 2496 ὲπιτείνηται
1505 2425 1704 2489 ταῦτα,
1739 2425 1975 2494 τοσούτῳ

412 2506 480 2558 τά
513 2507 610 2577 τῆς
656 2508 907 2580 βοηθείας
938 2511 1303 2583 αὐξηθήσεται
1344 2513 1436 2566 τοῦ
1467 2512 1620 2566 Θεοῦ.
1655 2512 1857 2583 Μηδεὶς
1885 2511 1978 2566 ἐπὶ

414 2595 697 2670 δυναστείᾳ
731 2598 1216 2670 μεγαλοφρονείτω,
1249 2602 1383 2674 μηδὲ
1401 2601 1676 2670 φυσάσθω.
1716 2602 1964 2670 Ἐπισφα-

415 2684 503 2748 λὲς
526 2686 634 2756 γάρ
668 2687 824 2740 τοῦτο
857 2689 919 2740 τὸ
939 2689 1136 2761 χωρίον
1163 2691 1257 2743 καὶ
1281 2691 1688 2762 κατάκρημνον,
1739 2691 1831 2744 καὶ
1855 2692 1980 2754 τούς

423 2772 495 2844 μὴ
529 2774 888 2844 προσέχοντας
937 2777 1257 2848 περιτρέπει
1307 2781 1423 2848 μετ’
1469 2779 1714 2840 εὐκολίας
1760 2777 1978 2848 πολλῆς.

421 2862 778 2914 Βασιλεύσει
836 2863 1052 2931 Κύριος
1095 2867 1184 2930 είς
1225 2865 1330 2917 τὸν
1365 2863 1550 2919 αἰῶνα
1591 2865 1688 2918 καὶ
1741 2867 1827 2930 είς
1879 2865 1985 2917 τὸν

420 2947 604 3000 αἰῶνα
646 2947 752 3002 τοῦ
788 2949 1021 3016 αίῶνος.
1080 2951 1341 3005 Ἐνταῦθα
1371 2953 1505 3023 πρὸς
1549 2954 1675 3016 τοὺς
1721 2951 1983 3024 θορυϐου-

426 3035 618 3105 μένους
649 3036 746 3089 καὶ
769 3037 1238 3109 ταραττομένους,
1277 3038 1365 3092 διὰ
1396 3039 1457 3092 τὸ
1497 3039 1571 3110 μὴ
1601 3039 1782 3093 δοῦναι
1833 3038 1987 3108 δίκην

423 3120 626 3185 εὐθέως
670 3122 796 3184 τοὺς
824 3125 1259 3195 ἁμαρτάνοντας,
1305 3125 1679 3196 ἀποκρίνεται.
1710 3126 1796 3190 Τί,
1830 3125 1984 3195 φησὶ,

424 3208 560 3280 φοϐῇ
584 3225 599 3274 ;
630 3210 684 3263 τί
703 3210 980 3277 δέδοικας;
1015 3213 1108 3284 Μὴ
1144 3213 1253 3285 γὰρ
1276 3214 1608 3286 πρόσκαιρος
1635 3215 1664 3267 ό
1690 3215 1948 3284 δικαστής
1972 3230 1987 3279 ;

429 3297 504 3367 μὴ
549 3297 658 3367 γὰρ
698 3297 850 3362 τέλος
896 3298 1008 3369 ἔχει
1045 3300 1115 3352 τὰ
1152 3301 1250 3371 τῆς
1297 3300 1576 3370 βασιλείας
1623 3301 1820 3367 αὐτοῦς
1874 3300 1992 3354 Κᾶν

430 3385 503 3454 μὴ
529 3383 624 3436 νῦν
652 3384 747 3456 δῷ,
779 3385 938 3439 δώσει
975 3386 1210 3450 πάντως.
1228 3387 1394 3441 Μένει
1426 3387 1535 3459 γὰρ
1559 3389 1586 3440 ό
1607 3388 1872 3449 ἀπαιτῶν,
1900 3389 1994 3440 καὶ

432 3473 702 3541 βασιλεύει
730 3475 1011 3545 διηνεκῶς.
1060 3478 1428 3543 Ἀπολεῖσθε,
1456 3478 1620 3545 ἔθνη,
1648 3479 1720 3532 ἐκ
1737 3476 1846 3547 τῆς
1881 3476 1995 3548 γῆς

430 3562 636 3616 αὑτοῦ.
669 3563 786 3630 Τὴν
798 3564 1119 3634 ἐπιθυμίαν
1144 3565 1265 3620 τῶν
1290 3566 1564 3632 πενήτων
1606 3565 1994 3634 εὶσήκουσας,

431 3649 605 3718 Κύριε
619 3667 632 3680 ·
665 3649 782 3718 τὴν
803 3651 1155 3719 ἐτοιμασίαν
1174 3653 1286 3720 τῆς
1301 3655 1550 3722 καρδίας
1588 3652 1788 3706 αὐτῶν
1814 3665 2000 3721 προσ-

434 3735 580 3802 έσχε
612 3739 677 3790 τὸ
709 3733 822 3804 οὖς
849 3754 988 3794 σου.
1023 3740 1238 3805 Ἄλλος,
1258 3743 1377 3809 Τὴν
1403 3743 1692 3808 πρόθεσιν
1714 3739 1825 3810 τῆς
1856 3756 2000 3808 καρ-

435 3823 568 3889 δίας
589 3825 788 3880 αὐτῶν
816 3828 1156 3897 ἠκροάσατο
1187 3831 1252 3881 τὸ
1277 3824 1384 3894 οὖς
1405 3844 1543 3882 σου.
1572 3826 1783 3893 Ἄλλος,
1817 3827 2001 3881 Ἑτοι-

435 3911 650 3982 μάσεις
671 3913 922 3982 καρδίας
943 3916 1142 3970 αὐτῶν
1156 3915 1481 3984 προσέχειν
1505 3911 1614 3980 οὖς
1641 3930 1778 3968 σου.
1800 3912 2004 3982 Κρῖναι

443 3999 682 4069 ὀρφανῷ
733 4003 832 4058 καί
878 4001 1156 4068 ταπεινῷ,
1199 4003 1301 4056 ἵνα
1349 4002 1434 4071 μὴ
1484 4000 1717 4070 προσθῇ
1767 4002 1852 4056 ἐτι
1899 4001 2006 4054 τοῦ

437 4089 839 4159 μεγαλαυχεῖν
864 4091 1172 4160 ἄνθρωπος
1204 4091 1301 4143 ἐπι
1323 4090 1434 4159 τῆς
1463 4089 1595 4160 γῆς.
1631 4090 1840 4155 ΙἌλλος,
1871 4089 2008 4160 Κρῖ-

444 4193 542 4232 ναι
567 4177 810 4247 ὀρφανῷ
831 4179 936 4232 καί
961 4179 1364 4248 τεθλασμένῳ.

525 4265 687 4336 Ὁρᾷς
726 4266 818 4319 τὸν
854 4268 1134 4338 προφήτην
1172 4266 1262 4319 τὸν
1303 4265 1519 4318 πλείονα
1559 4264 1715 4333 λόγον
1750 4263 1888 4334 ὑπὲρ
1914 4263 2012 4334 τῆς

446 4350 554 4404 τῶν
590 4353 838 4425 πονηρῶν
885 4354 1200 4425 ἐπιμελείας
1241 4353 1602 4423 ποιού.μενον;
1654 4350 1867 4404 Τούτων
1905 4351 2014 4422 γὰρ

451 4439 766 4509 μάλιστατὸ
787 4441 971 4504 κακῶς
1010 4443 1256 4512 πάσχειν.
1289 4439 1378 4510 Τῷ
1407 4441 1506 4510 μὲν
1546 4438 1654 4511 γὰρ
1683 4438 2015 4508 ἀδικουμένῳ

449 4529 743 4600 χρημάτων
770 4530 803 4600 ή
830 4530 1020 4601 ζημία,
1048 4531 1124 4600 τῷ
1151 4530 1208 4583 δὲ
1231 4531 1356 4600 περὶ
1382 4529 1492 4582 τῶν
1517 4529 1760 4598 ἐσχάτων
1784 4529 1813 4580 ὁ
1839 4527 2018 4580 κίνδυ-

449 4633 559 4678 νος.
579 4615 645 4668 Τί
665 4615 794 4687 γὰρ,
818 4619 865 4669 εί
881 4618 973 4670 καὶ
991 4617 1065 4689 μὴ
1081 4616 1424 4671 αἰσθάνονται
1451 4616 1550 4686 τῆς
1569 4615 1876 4686 ἀρρωστίας
1893 4613 2020 4667 ἔνθα

452 4701 618 4768 είσίν;
648 4701 923 4766 Ἐπίτασις
943 4704 1098 4756 τοῦτο
1116 4701 1486 4771 ἀναισθησίας·
1517 4701 1611 4754 καὶ
1632 4700 1720 4754 διά
1738 4700 1890 4753 τοῦτο
1919 4700 2022 4771 μάα

453 4790 608 4843 λιστα
628 4791 820 4854 αὐτοὺς
844 4791 948 4861 χρὴ
967 4793 1156 4843 ὲλεείν’
1172 4790 1330 4844 τοῦτο
1353 4789 1574 4852 ἀτελοῦς
1600 4788 1853 4850 διανοίας.
1871 4787 2022 4840 Ἐπεὶ

455 4878 550 4931 καὶ
576 4877 644 4931 τά
665 4878 852 4932 παιδία
875 4880 983 4932 τῶν
1016 4879 1114 4950 μὲν
1139 4877 1383 4950 φοϐερῶν
1408 4877 1596 4930 οὐδένα
1621 4876 1896 4929 ποιοῦνται
1933 4875 2022 4927 λό-

455 4982 571 5034 γον,
605 4965 742 5019 ἀλλά
772 4966 864 5018 καὶ
908 4966 1042 5036 πυρὶ
1088 4964 1346 5027 πολλάκις
1382 4965 1644 5033 ἐπαφιᾶσι
1677 4963 1776 5021 τὰς
1813 4965 2022 5034 χεῖρας,

456 5057 774 5126 προσωπεῖα
827 5055 883 5108 δὲ
947 5055 1168 5109 διάκενα
1221 5053 1542 5107 δεδίττονται
1590 5053 1682 5106 καὶ
1733 5052 2025 5123 τρέμουσιν

457 5143 685 5212 ὁρῶντα.
713 5142 933 5205 Τούτοις
973 5141 1214 5194 ἐοίκασιν
1253 5140 1306 5193 οί
1334 5139 1680 5203 πλεονέκται,
1709 5138 1897 5191 πενίαν
1928 5138 2027 5208 μὲν

457 5234 708 5298 δεδιότες,
728 5234 865 5304 ὅπερ
891 5233 989 5286 οὐκ
1015 5231 1129 5285 ἔστι
1151 5230 1397 5302 φοϐερὸν,
1415 5228 1552 5284 ἀλλά
1574 5229 1667 5282 καὶ
1701 5227 2001 5298 ἀσφαλείας

461 5323 734 5385 ὑπόθεσις·
759 5321 984 5375 πλοῦτον
997 5321 1053 5374 δὲ
1065 5321 1244 5375 ἄδικον
1265 5322 1358 5374 καὶ
1373 5317 1683 5382 πλεονεξίαν
1694 5333 1761 5370 πε
1770 5317 1823 5388 ρὶ
1833 5313 2027 5369 πολλοῦ

465 5407 804 5478 ποιούμενοι,
834 5407 864 5460 δ
891 5407 1060 5477 πυρός
1089 5409 1206 5459 ἐστι
1245 5406 1443 5468 παντὸς
1471 5404 1860 5475 φοϐερώτερον.
1886 5404 2030 5457 Παν-

462 5493 629 5564 ταχοῦ
653 5495 760 5564 γὰρ
781 5497 814 5564 ἡ
841 5493 1116 5558 πλεονεξία
1147 5497 1337 5546 κακόν.
1358 5493 1572 5562 Ταύτην
1595 5491 1772 5544 τοίνυν
1789 5489 1876 5543 διά
1900 5505 2033 5542 παν-

461 5581 552 5646 τὸς
577 5582 875 5652 ἐκκοπῆναι
910 5581 1212 5653 παρακαλεῖ
1237 5584 1267 5634 ὁ
1300 5581 1604 5652 Προφήτης,
1639 5577 1893 5644 ἀπειλῶν,
1933 5594 2032 5645 φο-

468 5669 599 5734 ϐῶν,
625 5671 716 5723 τὸν
741 5670 874 5723 Θεὸν
907 5668 1236 5741 παρακαλῶν
1256 5669 1347 5720 ἐπὶ
1375 5667 1472 5736 τὴν
1501 5666 1718 5720 κόλασιν
1742 5664 2033 5734 ἀναστῆναι

468 5758 564 5825 τῆς
584 5756 834 5827 τοιαύτης
852 5757 1200 5826 ἀναλγησίας.
1220 5755 1310 5808 Διὸ
1333 5754 1426 5806 καὶ
1454 5754 1645 5820 ἐπάγει
1665 5753 1854 5819 λέγων·
1873 5752 2036 5804 Ἀπο-

473 5845 700 5912 λεῐσθε,
715 5845 877 5915 ἔθνη,
897 5847 964 5900 ἐκ
983 5845 1092 5914 τῆς
1105 5845 1217 5916 γῆς
1237 5843 1442 5910 αὑτοῦ,
1463 5841 1834 5914 πανωλεθρίαν
1857 5841 2034 5902 αὐτοῖς

1516 386 1877 444 EXPOSITIO
1915 386 1980 442 IN
2021 386 2351 444 PSALMUM
2386 389 2454 445 Χ.
2545 345 2551 352 ⁸

3517 385 3623 442 HO

2057 508 2313 569 ἀπειλῶν,
2351 509 2445 562 καὶ
2476 506 2640 572 ἀξιῶν
2668 505 2918 574 γενέσθαι
2946 502 3132 574 βοηθὸν
3163 501 3254 554 καὶ
3286 500 3495 553 ἔκδικον
3520 507 3628 554 τών

2057 596 2444 665 ἀδικουμένων,
2458 594 2598 647 ὥστε
2618 594 2711 646 καὶ
2725 592 2947 654 τούτους
2975 589 3326 652 ἀναπνεῦσαι,
3347 589 3630 652 κάκείνους

2061 681 2511 751 σωφρονισθῆναι.
2566 681 2769 750 Μηδεὶς
2802 679 2979 732 τοίνυν
3032 677 3274 731 διωκέτω
3330 675 3629 746 χρημάτων

2060 767 2398 837 περιουσίαν.
2455 768 2632 821 Πολλά
2686 766 2942 820 ἐντεῦθεν
2990 767 3104 827 τοῖς
3161 764 3236 834 μὴ
3304 763 3632 833 προσέχουσι

2059 855 2300 908 τίκτεται
2315 855 2493 909 κακά·
2527 855 2777 917 ἀπόνοια,
2810 853 3070 925 ῥᾳθυμία,
3101 852 3312 920 φθόνος,
3339 848 3631 914 κενοδοξία,

2065 941 2216 1013 1115]
2271 943 2367 996 καὶ
2418 943 2580 1016 ἕτερα
2624 941 2803 1011 πολλῷ
2844 941 3064 994 πλείονα
3099 938 3324 992 τούτων.
3372 937 3510 990 Ἀλλ’
3547 939 3632 991 ἵνα

2063 1029 2416 1098 ἀπαλλαγῆτε
2448 1029 2653 1083 τούτων
2695 1028 2971 1089 ἁπάντων,
2999 1026 3098 1096 τὴν
3131 1025 3286 1096 ῥίζαν
3320 1026 3584 1094 ἐκκόψατε
3615 1040 3630 1054 ⁶

2069 1116 2143 1186 μὴ
2185 1116 2450 1186 μενούσης
2488 1117 2596 1187 γὰρ
2648 1116 2841 1186 αὐτῆς,
2889 1115 2950 1168 οὐ
2981 1114 3266 1185 βλαστάνει
3312 1112 3382 1166 τὰ
3425 1112 3636 1182 πονηρά

2021 1269 2034 1291 δ
2069 1202 2438 1275 βλαστήματα.
2493 1204 2593 1258 Διὰ
2637 1201 2795 1257 τοῦτο
2851 1202 2945 1256 καὶ
2990 1201 3164 1255 ταῦτα
3228 1201 3481 1270 εἴρηται,
3539 1201 3638 1268 οὐχ

2072 1291 2158 1345 ἵνα
2184 1292 2471 1362 ἀκούωμεν
2498 1293 2658 1363 μόνον
2677 1334 2692 1359 ,
2739 1292 2853 1344 ἀλλ’
2893 1292 2980 1344 ἵνα
3028 1290 3122 1344 καὶ
3154 1287 3514 1360 διορθὼμεθα,
3545 1289 3640 1340 καὶ

2069 1378 2268 1449 πολλὴν
2295 1379 2393 1449 τὴν
2430 1377 2627 1450 ἀρετὴν
2655 1381 2711 1431 ὲν
2734 1377 2955 1449 Χριστῷ
2994 1376 3167 1447 Ἰησοῦ
3202 1373 3598 1442 ὲπιδειξώμεθα
3621 1390 3636 1404 ⁸

2069 1461 2114 1536 ᾧ
2143 1469 2179 1537 ἡ
2204 1466 2330 1532 δόξα
2357 1467 2451 1520 καὶ
2484 1467 2543 1520 τὸ
2573 1467 2773 1538 κράτος
2804 1468 2884 1532 είς
2902 1468 3028 1525 τοὺς
3051 1465 3253 1528 αἰῶνας
3281 1463 3388 1517 τῶν
3409 1461 3638 1516 αἰώνων.

2103 1557 2283 1627 Αμήν.
2511 1641 2619 1694 ΕΙΣ
2647 1638 2782 1694 TON
2814 1640 2850 1693 I'
2879 1639 3199 1694 ΨΑΛΜΟΝ.

2075 1728 2181 1793 Είς
2229 1725 2295 1780 τὸ
2350 1725 2526 1792 τέλος
2563 1724 2642 1791 τῷ
2690 1725 2888 1779 Δαυΐδ.
2944 1725 3154 1788 Ἄλλος,
3217 1722 3535 1790 Ἑπινίκιος
3566 1721 3648 1787 τῷ

2414 1796 2614 1849 Δαυΐδ.
2643 1796 2853 1860 Ἄλλος,
2899 1794 2982 1861 Τῷ
3010 1793 3310 1859 νικοποιῷ.

2147 1882 2216 1937 α’.
2235 1883 2360 1936 Ἐπὶ
2386 1881 2467 1948 τῷ
2493 1884 2686 1951 Κυρίῳ
2713 1882 2984 1937 πέποιθα·
3017 1881 3142 1948 πῶς
3168 1882 3352 1950 ἐρεῖτε
3371 1879 3445 1947 τῇ
3473 1877 3650 1948 ψυχῇ

2072 1989 2191 2041 μου
2215 1987 2230 2001 ⁸
2259 1972 2720 2025 Μεταναστεύου
2747 1970 2849 2024 ἐπὶ
2892 1971 2966 2025 τὰ
3012 1971 3122 2039 ὄρη
3151 1970 3233 2037 ὡς
3283 1968 3605 2036 στρουθίον
3627 1981 3648 2028 ;

2082 2058 2274 2120 Ἀλλος
2293 2098 2310 2122 ,
2351 2057 2706 2111 Ὰναστατοῦ
2753 2060 2842 2122 εις
2893 2057 2968 2112 τὰ
3014 2057 3120 2126 ὄρη
3167 2059 3248 2123 ὼς
3308 2055 3648 2123 στρουθίον.

2083 2145 2298 2209 Ἄλλος,
2322 2144 2674 2199 Μετακινοῦ.
2700 2145 2830 2198 ’Ὀτι
2855 2145 2984 2200 ίδοὺ
3012 2149 3065 2199 οἱ
3080 2144 3412 2215 ἁμαρτωλοὶ
3439 2141 3654 2195 ἐνέτει-

2080 2249 2196 2287 ναν
2219 2232 2434 2295 τόξον,
2477 2232 2815 2301 ἡτοίμασαν
2848 2230 3007 2300 ,βέλη
3050 2234 3138 2298 είς
3180 2230 3510 2300 φαρέτραν,
3544 2227 3652 2281 τοῦ

2081 2322 2518 2387 κατατοξεῦσαι
2540 2323 2609 2376 ἑν
2635 2323 2978 2392 σκοτομήνῃ
3007 2320 3150 2386 τοὺς
3175 2320 3364 2386 εὐθεῖ(
3401 2317 3478 2387 τῇ
3518 2335 3655 2385 καρ-

2083 2411 2201 2479 δίᾳ.
2229 2411 2443 2475 ¹Ἀλλος,
2492 2412 2585 2477 Ὡς
2625 2411 2696 2464 ἐν
2737 2409 2910 2480 ζόφῳ.
2942 2411 3072 2464 ’Ὁτι
3108 2409 3250 2464 ᾰσίὺ
3294 2409 3649 2477 κατηρτίσω.

2083 2501 2254 2555 αὐτοὶ
2275 2501 2572 2555 καθεῖλον.
2619 2500 2831 2563 Ἀλλος,
2866 2503 2986 2554 Ὅτι
3014 2503 3068 2553 οί
3091 2499 3298 2569 θεσμοὶ
3329 2498 3658 2563 κατελύθη-

2086 2606 2228 2643 σαν.
2247 2589 2461 2652 Ἀλλος,
2483 2590 2614 2642 Ὅτι
2637 2591 2698 2644 al
2729 2589 3110 2644 διδασκαλίαι
3132 2586 3657 2655 συντριϐήσονται.

2087 2677 2311 2747 Μεγάλη
2335 2677 2433 2746 τῆς
2461 2677 2552 2729 ἐπὶ
2577 2677 2666 2728 τὸν
2701 2675 2902 2746 Κύριον
2937 2675 3149 2738 ἐλπίδος
3172 2677 3204 2745 ἡ
3226 2675 3475 2745 δύναμις,
3495 2675 3660 2744 φρού-

2094 2781 2204 2834 ριον
2259 2763 2577 2834 ἀχείρωτον,
2613 2765 2790 2833 τεῖχος
2842 2762 3075 2834 ἄμαχον,
3124 2763 3410 2832 συμμαχία
3460 2762 3666 2815 ἀκατα-

2090 2851 2372 2920 γὼνιστος,
2401 2851 2565 2921 λιμὴν
2588 2849 2778 2913 εὔδιος,
2804 2851 3008 2921 πύργος
3036 2850 3482 2920 ἀκαταμάχητος,
3501 2847 3668 2900 ὅπλον

2092 2941 2360 3010 ἀήττητον
2389 2952 2453 3002 ι,
2489 2938 2716 3009 δύναμις
2767 2939 2978 3009 ἄμαχος
3025 2940 3120 2992 καὶ
3172 2939 3237 2990 ἐκ
3291 2937 3400 2990 τῶν
3447 2937 3668 3005 ἀπόρων

2094 3027 2423 3097 εὐρίσκουσα
2452 3027 2638 3096 πόρον.
2668 3026 2767 3080 Διά
2790 3026 2992 3095 ταύτης
3029 3025 3218 3078 ἄοπλοι
3250 3023 3359 3076 τῶν
3385 3021 3666 3090 ὠπλισμέ-

2095 3132 2221 3178 νων,
2273 3115 2367 3167 καὶ
2397 3116 2650 3181 γυναῖκες
2685 3112 2896 3183 ἀνδρῶν
2927 3112 3326 3185 περιεγένοντο,
3360 3110 3454 3162 καὶ
3481 3107 3670 3170 παῖδες

2096 3201 2203 3254 τῶν
2234 3201 2303 3254 τά
2344 3199 2614 3272 πολεμικά
2665 3199 3112 3270 μεμελετηκότων
3163 3197 3498 3267 ἰσχυρότεροι
3535 3193 3672 3264 μετά

2099 3288 2302 3359 πολλῆς
2333 3287 2433 3357 τῆς
2466 3287 2715 3350 εὐκολίας
2748 3287 3113 3356 ἀνεφάνησαν.
3149 3286 3260 3338 Καὶ
3289 3285 3341 3336 τί
3364 3281 3672 3353 θαυμαστὸν

2101 3377 2150 3429 εί
2174 3374 2445 3445 πολεμίων
2461 3374 2789 3445 ἐκράτησαν.
2808 3374 2941 3426 ὅπου
2956 3389 3019 3441 γε
3045 3372 3138 3425 καὶ
3161 3370 3324 3424 αὐτοῦ
3349 3369 3442 3423 τοῦ
3466 3370 3673 3438 κόσμου

2103 3481 2170 3516 πε
2181 3463 2483 3534 ριεγένοντο
2499 3477 2514 3524 ;
2547 3461 2590 3512 Τ
2596 3460 2629 3512 ἀ
2641 3460 2750 3531 γὰρ
2765 3463 2998 3530 στοιχεῖα
3009 3460 3106 3530 τὴν
3118 3458 3321 3512 οἰκείαν
3335 3457 3674 3526 ἀγνοήσαντα

2106 3551 2266 3621 φύσιν
2294 3548 2430 3620 πρὸς
2457 3549 2519 3600 τὸ
2538 3549 2807 3618 χρήσιμον
2823 3548 3048 3610 ἐκείνοις
3069 3545 3473 3617 μετεϐάλλοντο,
3489 3545 3580 3596 καὶ¹
3605 3542 3675 3594 τὰ

2106 3638 2274 3710 θηρία
2299 3638 2399 3690 οὐκ
2417 3636 2494 3689 έτι
2513 3635 2677 3706 θηρία
2705 3630 2796 3706 ἦν,
2827 3635 2947 3687 οὐδὲ
2973 3636 3006 3704 ὴ
3049 3634 3299 3702 κάμινος,
3318 3632 3568 3702 κάμινος.
3613 3631 3677 3682 Ἡ

2106 3727 2215 3797 γὰρ
2231 3727 2312 3788 εἰς
2330 3725 2421 3778 τὸν
2439 3723 2574 3777 Θεὸν
2593 3723 2748 3786 ἐλπὶς
2767 3723 2944 3775 πάντα
2971 3719 3415 3792 μεταρρυθμίζει.
3441 3717 3680 3778 Ὀδόντες

2107 3813 2454 3884 τεθηγμένοι,
2469 3812 2561 3864 καὶ
2571 3811 2941 3882 δεσμωτήριον
2954 3809 3157 3873 στενὸν,
3176 3809 3388 3877 φύσεως
3400 3803 3678 3875 ἀγριότης.

2111 3901 2206 3955 καὶ
2250 3901 2403 3970 λιμὸς
2432 3899 2668 3964 ὁπλίζων
2710 3898 2810 3968 τὴν
2842 3897 3003 3965 φύσιν
3023 3936 3038 3959 ,
3073 3896 3392 3966 διάφραγμα
3421 3892 3681 3962 οὐδαμοῦ,

2113 3989 2208 4043 καὶ
2260 3989 2502 4058 στόματα
2551 3986 2645 4038 τοῦ
2677 3985 2928 4055 σώματος
2966 3983 3197 4052 πλησίον
3229 3981 3324 4034 τοῦ
3357 3979 3639 4052 Προφήτου
3666 3993 3681 4008 υ

2114 4076 2228 4132 ἀλλ’
2258 4077 2290 4146 ἠ
2319 4077 2399 4138 εἰς
2422 4074 2514 4128 τὸν
2537 4073 2666 4126 Θεὸν
2695 4072 2850 4134 ἐλπὶς
2876 4069 3094 4140 χαλινοῦ
3116 4071 3313 4131 παντὸς
3343 4064 3684 4137 ἰσχυροτέρα,

2116 4166 2194 4228 είς
2210 4164 2280 4216 τά
2305 4164 2546 4232 στόματα
2565 4159 2804 4232 ὲμπεσοῦ
2813 4177 2898 4219 σα,
2915 4161 2993 4220 εἰς
3009 4155 3249 4210 τούπίσω
3264 4155 3436 4208 ταῦτα
3450 4153 3684 4207 ἀνεῖλκε.

2118 4251 2304 4306 Ταῦτα
2339 4250 2403 4321 δὴ
2461 4249 2556 4302 καὶ
2595 4243 2749 4310 οὗτος
2797 4244 3122 4316 φιλοσοφῶν,
3172 4243 3327 4311 ἔλεγε
3375 4239 3512 4312 πρὸς
3563 4240 3689 4301 τοὺς

2120 4337 2437 4400 κελεύοντας
2478 4335 2627 4406 αὐτῷ
2658 4333 2880 4404 φεύγειν
2933 4333 3026 4386 καὶ
3059 4330 3432 4402 δραπετεύειν,
3464 4328 3560 4382 καὶ
3582 4327 3691 4380 ἀπὸ

2121 4426 2220 4496 τῆς
2267 4425 2379 4478 τῶν
2435 4423 2614 4476 τόπων
2669 4420 2965 4490 ἀσφαλείας
3020 4420 3120 4490 τὴν
3185 4417 3458 4488 σωτηρίαν
3514 4412 3692 4496 ἑαυτῷ

2124 4495 2443 4585 πορίζεσθαι
2461 4527 2474 4540 °
2510 4510 2635 4562 Ἐπὶ
2653 4508 2733 4574 τῷ
2750 4509 2943 4576 Κυρίῳ
2964 4505 3245 4560 πέποιθα⁹
3260 4502 3383 4568 πῶς
3412 4499 3594 4570 ἐρεῖτε
3619 4495 3696 4566 τῇ

2124 4597 2295 4669 ψυχῇ
2316 4616 2435 4668 μου
2451 4613 2471 4661 ;
2501 4597 2565 4648 Τί
2595 4596 2772 4664 λέγεις
2796 4612 2811 4659 ;
2834 4595 2935 4648 Τὸν
2958 4595 3054 4664 τῆς
3072 4591 3391 4661 οἰκουμένης
3418 4587 3695 4656 Δεσπότην

2128 4689 2236 4758 ἔχω
2281 4685 2600 4757 σύμμαχον·
2633 4684 2724 4736 τὸν
2757 4678 3032 4751 πανταχοῦ
3076 4678 3311 4742 εὐκόλως
3333 4675 3696 4748 ἐργαζόμενον

2129 4775 2326 4839 πάντα,
2357 4776 2560 4826 ἐκεῖνον
2578 4769 2983 4842 στρατηγοῦντα
2999 4768 3107 4838 ἔχω
3139 4767 3233 4820 καὶ
3258 4764 3659 4836 παριστάμενον
3675 4777 3689 4790 ⁸

2129 4866 2224 4920 καὶ
2261 4863 2397 4935 πρὸς
2429 4862 2526 4933 τὴν
2577 4859 2828 4930 ἀοίκητόν
2865 4875 2932 4928 με
2986 4856 3244 4927 πέμπεις,
3291 4855 3384 4908 καὶ
3434 4853 3542 4905 ἀπὸ
3597 4851 3695 4920 τῆς

2132 4953 2364 5024 ἐρημίας
2398 4967 2484 5018 μοι
2517 4947 2768 5016 συνάγεις
2790 4945 2886 5016 τὴν
2911 4945 3239 5014 ἀσφάλειαν;
3266 4940 3360 5012 Μὴ
3373 4939 3481 5010 γὰρ
3499 4937 3705 5024 μείζων

2132 5023 2174 5110 ήί
2212 5025 2310 5110 τῆς
2359 5038 2593 5109 ἐρημίας
2622 5034 2842 5107 βοήθεια
2883 5032 2977 5085 τοῦ
3025 5031 3204 5084 πάντα
3247 5024 3547 5096 δυναμένου
3581 5023 3702 5095 μετ’

2133 5125 2381 5188 εὐκολίας
2434 5125 2679 5192 ἀπάσης;
2717 5121 2782 5174 Τί
2819 5137 2886 5191 με
2914 5119 3006 5172 τὸν
3056 5115 3398 5184 ὡπλισμένον
3445 5111 3704 5182 ἰσχυρῶς,

2135 5213 2386 5282 καθάπερ
2415 5211 2617 5281 γυμνὸν
2640 5211 2732 5263 καὶ
2759 5201 3337 5277 ἀοπλον,δραπετεύειν
3354 5198 3704 5270 παρασκευάν

2137 5299 2269 5362 ζεις,
2305 5299 2398 5350 καὶ
2430 5297 2773 5366 μετανάστην
2811 5290 2951 5346 εἶναι
3000 5290 3277 5353 κελεύεις;
3311 5282 3445 5340 Εἶτα
3477 5287 3569 5341 τὸν
3605 5286 3702 5355 μὲν

2140 5371 2498 5455 στρατόπεδον
2527 5383 2739 5454 ἔχοντα,
2782 5382 2876 5434 καὶ
2920 5379 3124 5449 τείχεσι
3173 5377 3560 5449 πεφραγμένον
3608 5374 3702 5426 καὶ

2139 5474 2340 5534 ὅπλοις,
2367 5470 2547 5524 οὐκᾶν
2580 5471 2867 5530 ἐκέλευσας
2887 5467 3333 5536 καταφυγεῖνὲπὶ
3353 5465 3449 5536 τὴν
3473 5465 3700 5535 ἔρημον,

2140 5562 2274 5615 ἀλλά
2306 5560 2705 5628 καταγέλαστος
2744 5556 2893 5630 [ηις
2926 5557 2990 5610 ἂν
3020 5556 3221 5626 ἐφάνης
3254 5553 3425 5607 ταῦτα
3465 5551 3705 5621 συμϐου-

2140 5634 2339 5701 λεύων·
2376 5648 2466 5700 τὸν
2495 5647 2552 5699 δὲ
2586 5646 2778 5715 ἔχοντα
2824 5644 2914 5696 τὸν
2938 5643 3037 5712 τῆς
3067 5641 3390 5712 οἰκουμένης
3425 5639 3705 5707 Δεσπότην

2147 5736 2262 5808 μεθ’
2285 5734 2474 5788 ἑαυτοῦ
2493 5733 2771 5804 ὲξορίζεις,
2785 5733 2877 5786 καὶ
2897 5729 3236 5801 φυγαδεύεις,
3251 5729 3346 5783 καὶ
3368 5726 3718 5802 μετανάστην,

2209 5849 2234 5875 ⁸
2254 5846 2439 5895 Ὅπλον
2460 5844 2710 5904 ἀήττητον,
2730 5855 2826 5891 non
2846 5841 2995 5890 habet
3015 5837 3164 5889 Sax‘il.
