4140 6356
498 331 597 388 ιιι
1241 331 1299 387 S.
1328 329 1612 387 JOANNIS
1641 327 2126 387 CIIRYSOSTOMI
2163 330 2480 388 ARCIIIEP.
2519 327 3064 387 CONSTANTINOP.

492 446 689 510 ποιεῖς,
709 443 797 497 διὰ
822 442 914 497 τὸν
937 443 1089 516 παρά
1115 443 1225 498 τῶν
1257 446 1597 518 ἁμαρτωλῶν
1626 446 1893 516 πόλεμον;
1919 445 2073 499 Μετά

495 534 607 604 γὰρ
630 531 741 587 τῶν
768 531 1095 603 εἰρημένων,
1125 532 1394 587 καὶτοῦτο
1412 533 1600 605 ἕτερον
1620 533 1894 603 δικαίωμα
1922 533 2029 604 ἔχω
2049 546 2075 573 α

492 621 588 674 τοῦ
618 620 694 691 μὴ
747 619 987 689 φεύγειν.
1024 621 1190 674 Ὅταν
1228 620 1337 691 7&9
1367 621 1463 674 καὶ⁸
1510 623 1539 674 6
1582 620 1715 684 Θεὸς
1755 620 1945 691 βοηθῇ,
1984 622 2077 674 καὶ

494 706 812 780 ἁμαρτωλοὶ
860 709 909 762 οί
960 707 1362 779 πολεμοῦντες,
1415 708 1533 773 πῶς
1581 711 1640 761 οὐ
1687 708 1785 780 τὴν
1837 711 2075 781 ἐσχάτην

491 795 810 865 ὀφλισκάνει
869 796 1132 866 αἰσχύνην
1177 797 1206 849 6
1265 795 1651 865 συμϐουλεύων
1683 796 1792 848 τῶν
1846 797 2074 867 ὀρνίθων

496 886 784 955 μιμεῖσθαι
817 883 878 937 τὸ
908 883 1206 957 ψοφρδεές;
1247 884 1361 937 Ούκ
1415 887 1616 948 ἐννοεῖς
1658 885 1718 937 τὸ
1768 887 2074 956 ἀντιπαρα-

488 972 818 1043 ταττόμενόν
855 989 944 1042 μοι
988 971 1355 1042 στρατόπεδον
1382 1012 1395 1033 ,
1456 973 1575 1035 πῶς
1626 973 1869 1044 ἀράχνης
1922 973 2074 1025 εὐτε-

490 1060 745 1132 λέστερον
763 1079 778 1126 ;
799 1060 860 1112 Εἰ
882 1058 991 1130 γὰρ
1013 1058 1042 1111 6
1063 1059 1157 1112 τοῦ
1187 1058 1450 1128 βασιλέως
1466 1059 1656 1130 ἐχθρὸς
1683 1060 1778 1114 τοῦ
1805 1061 2069 1129 ἐπιγείου,

490 1149 626 1203 ὅπου
654 1149 720 1202 ἂν
745 1147 1143 1219 παραγένηται,
1171 1147 1487 1217 ἐπισφαλῶς
1515 1146 1582 1219 ζῇ
1609 1149 1704 1201 καὶ
1725 1148 1951 1213 δέδοικε,
1977 1150 2075 1203 καὶ

488 1240 685 1309 τρέμει
707 1255 721 1269 ο
753 1236 934 1307 πολλῷ
966 1237 1165 1309 μᾶλλον
1190 1240 1218 1292 6
1242 1236 1337 1292 τοῦ
1384 1237 1494 1291 τῶν
1527 1238 1664 1292 ὅλων
1710 1238 1868 1293 Θεοῦ.
1896 1240 2072 1293 Ὅπου

489 1325 599 1396 7&9
631 1324 696 1378 ἂν
721 1325 1008 1396 ἀφίκηται,
1040 1325 1249 1390 πάντας
1284 1325 1400 1397 ἔχει
1434 1326 1746 1397 πολεμίους,
1777 1328 1873 1381 καὶ
1899 1328 2072 1398 αὐτὴν

488 1414 590 1483 τὴν
637 1414 836 1467 κτίσιν.
866 1412 1134 1485 Καθάπερ
1163 1412 1274 1485 7&9
1306 1414 1431 1477 τοὺς
1456 1412 1646 1483 φίλους
1676 1412 1842 1466 αὐτοῦ
1871 1415 1965 1467 καὶ
2000 1414 2070 1467 τά

491 1502 729 1570 στοιχεῖα
760 1500 855 1553 καὶ
883 1499 958 1553 τά
986 1499 1151 1571 θηρία
1180 1500 1385 1554 δέδοικε
1408 1541 1425 1564 ,
1475 1503 1574 1555 καὶ
1609 1502 1764 1555 πᾶσα
1816 1502 1852 1572 ἡ
1893 1500 2070 1565 κτίσις

488 1586 718 1641 αἰδεῖται
735 1605 751 1620 ο
775 1586 919 1641 οὕτω
938 1587 1032 1641 τὸν
1059 1587 1254 1659 ἐχθρὸν
1281 1588 1375 1642 καὶ
1403 1588 1666 1660 πολέμιον
1702 1590 1799 1643 καὶ
1824 1590 1892 1643 τά
1911 1588 2068 1644 ἀναίι

490 1674 663 1743 σθητα
696 1675 923 1748 πολεμεῖ
954 1678 1049 1729 καὶ
1079 1676 1347 1731 διαπτύει.
1374 1678 1476 1731 Διά
1511 1695 1594 1731 τοι
1615 1676 1914 1742 τοῦτοτοὺς
1944 1678 2065 1748 μὲν,

487 1765 621 1834 πρὶν
652 1764 687 1836 ἢ
729 1766 823 1819 τοῦ
874 1765 1105 1835 ἐδάφους
1141 1766 1409 1836 ἅψασθαι,
1454 1767 1838 1839 διειργάσαντο
1864 1767 1984 1821 τότε
2015 1769 2065 1821 οἰ

487 1852 675 1924 θῆρες,
703 1855 831 1918 τοὺς
856 1854 914 1909 δέ
937 1855 1000 1909 τὸ
1032 1854 1144 1926 πῦρ
1170 1856 1576 1927 κατηνάλωσεν.
1616 1856 1777 1911 Ἀλλά
1801 1854 1931 1921 τόξα
1973 1857 2067 1911 καὶ

487 1942 763 2014 φαρέτραν
779 1943 984 2014 έχουσι,
1002 1945 1096 1998 καὶ
1112 1947 1605 2018 παρεσκευασμένα
1621 1946 1803 2009 αὐτοῖς
1828 1946 2062 2001 ἅπανταο

498 2029 834 2101 Ἠτοίμασαν
870 2032 978 2105 γάρ
1034 2033 1196 2098 αὐτὰ,
1248 2035 1441 2105 φησὶν,
1497 2036 1578 2097 εἰς
1613 2034 1918 2106 φαρέτραν·
1948 2034 2065 2088 ἀλλ’

483 2117 712 2188 οὐδεμία
740 2118 945 2174 τούτων
996 2122 1172 2191 ἰσχὺς,
1219 2123 1373 2176 οὐδὲν
1406 2122 1656 2176 ἐντεῦθεν
1688 2122 2059 2194 δεδιττόμεθα.

485 2205 621 2260 Οὐδέ
659 2206 768 2277 7&9
797 2206 850 2259 εῖ
873 2225 995 2262 τινα
1045 2208 1401 2279 ἐκλελυμένον
1447 2207 1589 2264 εἶδον
1634 2212 1787 2279 τόξον
1833 2213 2060 2283 ἔχοντα,

483 2292 662 2346 ἔδεισα
703 2294 792 2348 ἀν.
825 2292 890 2348 Τί
912 2295 1020 2367 7&9
1047 2295 1238 2365 ὄφελος
1265 2297 1464 2360 ὅπλων,
1504 2298 1687 2369 ἰσχύος
1724 2300 1825 2353 οὐκ
1857 2298 2060 2370 οὐσης;

483 2381 559 2433 Οὐ
581 2381 761 2435 τοίνυν
789 2381 909 2435 οὐδὲ
930 2382 1184 2449 ἐνταῦθα,
1214 2385 1314 2455 τῆς
1345 2385 1496 2456 παρά
1540 2386 1634 2439 τοῦ
1668 2386 1802 2440 Θεοῦ
1852 2387 2064 2452 εὐνοίας

481 2466 749 2537 ἀπούσης.
794 2467 955 2521 Ἀλλά
980 2468 1165 2533 δόλους
1189 2472 1474 2541 ῥάπτουσι,
1503 2473 1596 2526 καὶ
1625 2474 1725 2528 οὐκ
1752 2474 1812 2541 ἐξ
1846 2474 2063 2540 εὐθείας

482 2552 897 2626 προσέρχονται.
931 2556 1033 2609 Διά
1070 2558 1229 2611 τοῦτο
1260 2559 1494 2626 μάλιστα
1526 2559 1707 2615 αὐτῶν
1753 2563 2059 2630 καταγελῶ,

479 2643 563 2697 ὅτι
582 2646 641 2698 ἐν
669 2647 982 2717 σκοτομήνῃ
1006 2646 1315 2715 βάλλουσιν.
1343 2650 1510 2703 Οὐδὲν
1540 2651 1648 2721 7&9
1677 2652 2060 2725 ἀσθενέστερον

479 2731 675 2803 ἀνδρὸς
709 2734 1168 2801 ἐπιϐουλεύοντος.
1204 2738 1279 2807 Οὐ
1314 2737 1484 2791 δεῖται
1511 2743 1624 2803 τοῖς
1647 2741 1851 2812 ἐτέρων
1877 2742 2062 2807 ὅπλοις

479 2820 701 2882 ἁλῶναι.
738 2822 852 2877 ἀλλ’
876 2823 981 2876 ὐπὸ
1020 2825 1117 2894 τῆς
1143 2824 1349 2889 οἰκείας
1394 2826 1581 2880 πίπτει
1609 2828 1788 2898 χειρὸς
1806 2869 1820 2893 ,
1861 2830 1955 2884 καὶ
1984 2830 2062 2902 τῷ

476 2909 669 2963 ἑαυτοῦ
707 2911 1094 2983 περιτρέπεται
1120 2912 1275 2984 δόλῳ.
1311 2913 1377 2967 Τί
1406 2910 1499 2969 οῦν
1531 2915 1726 2985 γένοιτ’
1746 2917 1813 2971 ἂν
1841 2918 2061 2973 ἀσθενέ-

479 3014 688 3070 στερον,
720 3001 848 3055 ὅταν
875 3001 980 3055 ὐπὸ
994 3002 1104 3056 τῶν
1129 3002 1345 3057 οἰκείων
1376 3007 1782 3077 μηχανημάτων
1803 3008 2056 3079 αἰρῆται;

476 3086 633 3142 Μετά
668 3087 724 3142 δέ
771 3088 976 3143 τούτων
1027 3089 1141 3143 ἔστι
1190 3092 1288 3144 καὶ
1334 3091 1522 3164 ἕτερον
1560 3096 1775 3148 εἰπεῖν’
1830 3096 1913 3150 ὅτι
1962 3098 2059 3169 οὐχ

474 3175 790 3246 ἁμαρτωλοὶ
832 3177 991 3247 μόνον
1036 3179 1163 3242 τοὺς
1196 3178 1302 3232 ὐπὸ
1334 3178 1468 3233 Θεοῦ
1518 3179 1917 3253 βοηθουμένους
1965 3187 2059 3239 καὶ

478 3263 617 3332 μετά
648 3262 799 3317 δόλου
824 3264 1172 3335 πολεμοῦσιν,
1203 3266 1318 3319 ἀλλ’
1339 3270 1420 3321 ὃτι
1442 3271 1535 3323 καὶ
1577 3269 1715 3341 πρὸς
1741 3273 1868 3335 τούς
1896 3274 2056 3327 ἀνευ-

476 3350 669 3415 θύνους
716 3352 812 3409 καὶ
856 3351 1008 3405 οὐδὲν
1062 3353 1258 3417 αὐτοὺς
1283 3355 1632 3427 ἠδικηκότας.
1659 3359 1769 3430 Οὐχ
1792 3359 1868 3422 ὡς
1901 3360 2056 3432 ἔτυχε

472 3439 531 3492 δὲ
579 3438 673 3493 καὶ
719 3439 880 3493 τοῦτο
923 3441 1122 3505 αὐτοὺς
1162 3441 1411 3507 ἀσθενεῖς
1444 3444 1755 3517 ἐργάζεται.
1793 3448 2057 3520 Καθάπερ

472 3527 585 3598 7&9
606 3527 657 3580 οί
685 3528 820 3599 πρὸς
855 3528 1061 3599 κέντρα
1112 3529 1481 3594 λακτίζοντες,
1536 3535 1721 3588 ἐκεῖνα
1770 3535 1871 3604 μὲν
1903 3537 2056 3591 οὐδὲν

472 3614 738 3697 Ξϐλαιιίαν,
788 3615 915 3678 τούς
976 3615 1034 3669 δὲ
1067 3616 1276 3670 ἑαυτῶν
1316 3618 1484 3682 πόδας
1529 3620 1783 3691 ᾕμαξαν
1818 3622 1962 3677 οὕτω
1992 3625 2055 3697 δὴ

473 3703 568 3757 καὶ
595 3694 763 3756 οὗτοι.
798 3701 955 3757 Μετὰ
993 3702 1051 3757 δὲ
1082 3703 1307 3771 τούτων,
1340 3707 1434 3760 καὶ
1471 3708 1635 3778 ἑτέρα
1664 3726 1746 3774 τις
1778 3712 1930 3766 αἰτία
1958 3694 2057 3767 καέ

470 3790 750 3845 ταλύουσα
776 3789 958 3845 αὐτῶν
983 3791 1083 3863 τὴν
1115 3792 1271 3863 ίσχύν
1314 3793 1412 3848 τοῦ
1449 3794 1686 3863 πολέμου
1736 3799 1873 3853 ἐστί.
1920 3800 2055 3855 Ποία

468 3878 536 3951 δὴ
555 3877 729 3949 αὐτη;
763 3878 892 3933 Ὀτι
921 3877 1063 3934 ἀσὺ
1102 3882 1465 3948 κατηρτίσω,
1495 3884 1688 3945 αὐτοὶ,
1726 3887 1879 3957 φησι,
1907 3892 2055 3943 καθ-

468 3966 659 4023 εῖλον.
701 3969 767 4022 Ὃ
792 3966 852 4021 δὲ
883 3965 1032 4036 λέγει
1067 3966 1307 4023 τοιοῦτόν
1335 3960 1487 4024 ἐστιέ
1517 3971 1609 4025 Σοὶ
1638 3972 1930 4044 πολεμοῦσι
1959 3976 2054 4030 καὶ

475 4054 739 4127 μάχονται
766 4093 782 4119 ,
825 4053 920 4109 τὸν
944 4054 1109 4126 νόμον
1144 4072 1238 4111 σου
1271 4057 1364 4112 καὶ
1393 4057 1463 4113 τά
1511 4060 1912 4133 προστάγματά
1957 4080 2051 4118 σου

471 4142 881 4213 καθαιροῦντες.
913 4144 1027 4198 Καὶ
1043 4142 1152 4216 7&9
1178 4144 1247 4199 τά
1276 4150 1345 4200 σά
1368 4148 1769 4218 προστάγματα
1802 4151 2051 4207 καθελεῖν

470 4230 832 4302 ἐπιχειροῦσι,
844 4231 940 4287 καὶ
958 4230 1131 4286 ταῦτα
1152 4235 1583 4306 κατηρτισμένα.
1602 4238 1673 4290 Ἦ
1691 4238 1849 4292 τοῦτό
1865 4258 2047 4311 φησιν,

470 4319 508 4390 ἢ
528 4320 611 4374 ὅτι
645 4321 739 4373 καὶ
766 4319 1082 4391 παραϐάται
1101 4320 1196 4375 τοῦ
1234 4321 1400 4393 νόμου
1426 4325 1552 4379 εἰσί.
1602 4325 1707 4380 Καὶ
1734 4326 1873 4400 αὐτη
1904 4329 1960 4383 δὲ
1987 4331 2049 4385 οὐ

473 4407 646 4478 μικρά
678 4407 958 4471 ἀσθενείας
984 4409 1255 4474 ὑπόθεσις,
1280 4411 1343 4464 τὸ
1368 4411 1438 4465 τὰ
1472 4413 1539 4466 σά
1571 4414 1645 4485 μὴ
1682 4416 2046 4484 φυλάξαντας,

469 4492 644 4559 οὕτως
680 4495 761 4559 είς
793 4495 1028 4567 πόλεμον
1076 4497 1230 4551 ἰέναι.
1277 4498 1377 4553 Διά
1420 4500 1527 4574 7&9
1557 4501 1718 4556 τοῦτο
1742 4503 1838 4557 καὶ
1867 4504 2049 4559 εὐθέσι

470 4581 789 4654 πολεμοῦσι,
819 4585 912 4637 καὶ
939 4583 1123 4648 δόλους
1149 4585 1436 4655 ῥάπτουσι,
1464 4588 1652 4661 ἐπειδὴ
1683 4590 1794 4645 τῶν
1819 4590 1927 4646 σῶν
1949 4593 2049 4648 οὐκ

466 4670 725 4725 ἀκούουσι
759 4672 1217 4743 προσταγμάτων.

541 4758 607 4829 β’.
626 4759 1037 4830 Διηγησάμενος
1060 4761 1239 4814 τοίνυν
1260 4762 1504 4834 περὶτῆς
1528 4763 1814 4829 ἀσθενείας
1831 4768 1939 4823 τῶν
1959 4787 2048 4824 πο·

465 4846 688 4930 λεμίων,
712 4847 806 4899 καὶ
830 4846 1032 4919 ταύτην
1052 4846 1231 4930 δείξας
1254 4847 1280 4890 5
1297 4850 1397 4903 οὐκ
1417 4850 1523 4905 ἀπὸ
1536 4852 1762 4919 τούτων,
1787 4855 1909 4929 άφΊ
1924 4857 1943 4911 1
1960 4856 2046 4930 15]

465 4929 541 4987 ὧν
564 4935 759 5004 ἕτεροι,
778 4935 893 4988 ἀλλ’
921 4935 1015 5004 ἀφ’
1042 4929 1117 4990 ὢν
1157 4936 1307 5009 αὐτῷ
1333 4939 1540 5010 πρέπον
1556 4936 1624 5013 ἦν
1652 4942 1733 5013 (οὐ
1755 4945 1865 5016 7&9
1900 4929 2043 5011 εἶπε,

464 5024 740 5095 Χρήματα
768 5024 869 5078 οὐκ
901 5023 1114 5095 ἔχουσιν
1139 5065 1155 5089 ,
1191 5027 1313 5080 οὐδὲ
1347 5027 1583 5100 φρούρια
1602 5071 1618 5098 ,
1665 5032 1788 5086 οὐδὲ
1825 5034 2047 5105 συμμά-

464 5129 615 5185 χους,
656 5111 779 5165 οὐδὲ
832 5112 1034 5177 πόλεις,
1069 5114 1179 5168 οὐδ’
1216 5114 1299 5168 ὅτι
1327 5115 1579 5187 πολέμων
1627 5118 1766 5174 εἰσὶν
1805 5119 2043 5194 ἄπειροι,

464 5199 604 5254 ἀλλά
648 5199 826 5255 πάντα
869 5199 1042 5257 ταῦτα
1074 5202 1449 5274 παραδραμὼν
1477 5206 1573 5258 καὶ
1619 5205 1920 5274 διαπτύσας
1968 5211 2045 5275 ὡς

462 5287 617 5343 οὐδὲν
658 5287 829 5353 ὄντα,
875 5290 972 5343 καὶ
1029 5288 1200 5343 εἰπὼν
1246 5291 1328 5345 ὅτι
1375 5292 1684 5365 παράνομοι
1733 5297 1907 5362 εἰσιν,
1961 5299 2044 5352 ὃτι

464 5375 760 5447 πολεμοῦσι
796 5379 910 5441 τοῖς
941 5376 1093 5432 οὐδὲν
1144 5379 1486 5449 ἠδικηκόσιν,
1519 5381 1603 5435 ὅτι
1655 5382 1725 5437 τά
1753 5383 1848 5438 τοῦ
1905 5387 2042 5441 Θεοῦ

461 5462 853 5536 καθαιροῦσι),
922 5464 1070 5534 λέγει
1115 5465 1300 5521 λοιπὸν
1351 5468 1445 5522 καὶ
1503 5470 1601 5540 τὴν
1657 5470 1767 5525 τῶν
1819 5473 2042 5528 δικαίων

461 5550 789 5621 παράταξιν,
813 5552 1106 5607 κάντεῦθεν
1123 5555 1338 5618 δεικνὺς
1352 5556 1414 5609 τὸ
1440 5557 1664 5614 ἐκείνων
1694 5561 2038 5631 εὐχείρωτον.

463 5636 620 5692 οὕτω
651 5640 748 5694 καὶ
778 5641 939 5711 ἡμεῖς
958 5642 1050 5696 τὸν
1076 5643 1295 5713 ἰσχυρὸν
1332 5645 1424 5699 καὶ
1452 5645 1541 5700 τὸν
1570 5646 1773 5718 ἀσθενῆ
1816 5649 2042 5720 δοκιμά-

465 5723 666 5799 ζωμεν,
699 5727 837 5783 ἀλλά
867 5730 942 5802 μὴ
966 5731 1058 5801 ἀφ’
1086 5726 1161 5786 ὧν
1199 5734 1248 5786 οἰ
1282 5735 1673 5803 καταγέλαστοι
1697 5738 1805 5792 τῶν
1835 5738 2039 5811 ἀνθρώ-

525 5875 550 5943 f
580 5875 714 5943 ξβχω
734 5877 880 5943 deest
901 5882 950 5929 in
974 5882 1122 5943 Savil.
1151 5891 1203 5934 el
1225 5884 1361 5936 Colb.

525 5935 554 5977 1»
578 5935 673 5988 [αἱ
696 5940 869 6000 ταύτην
889 5943 1055 6005 δείξας.
1086 5935 1205 5998 Hac
1226 5935 1406 6000 desum
1427 5950 1475 6000 in
1501 5949 1649 6002 Sull.
1679 5956 1730 6002 el
1750 5952 1888 6005 Colb.

3671 331 3774 385 “‘3

2190 463 2306 497 πων
2358 446 2669 515 φοϐοῦνται,
2722 448 2788 501 ἐκ
2832 445 3037 500 τούτων
3078 444 3276 515 μᾶλλον
3325 444 3641 516 φοϐώμεθα.
3704 445 3772 499 Τί

2185 534 2293 604 γάρ
2317 551 2448 601 φασι
2464 551 2478 600 ;
2495 533 2680 597 Δεινός
2695 535 2834 598 ἐστι,
2862 532 3099 604 πονηρός
3124 533 3263 593 ἐστι,
3286 533 3585 605 χρημάτων
3605 531 3772 602 δγκον

2185 619 2575 691 περιϐέϐληται
2603 620 2698 673 καὶ
2717 620 3054 673 δυναστείαν.
3084 620 3183 673 Διά
3205 619 3366 673 τοῦτο
3398 622 3636 691 μάλιστα
3665 620 3769 673 αὐ-

2182 706 2276 760 τοῦ
2305 708 2611 776 καταγελῶ.
2639 707 2826 760 Ταῦτα
2849 707 2957 778 γάρ
2978 707 3094 778 εἴδη
3118 707 3404 771 ἀσθενείας
3429 710 3595 765 ἐστίν.
3625 709 3768 764 Ἀλλ’

2182 791 2327 848 οἶδεν
2343 794 2734 860 ἐπιϐουλεύειν,
2748 795 2899 867 φησί.
2925 796 3094 849 Πάλιν
3113 794 3299 867 ἕτερον
3325 791 3463 861 εἶδός
3484 814 3574 867 μοι
3589 796 3767 867 λέγεις

2180 882 2485 947 ἀσθενείας.

2252 969 2318 1023 Τί
2352 967 2448 1024 οῦν
2492 971 2575 1024 ὅτι
2624 970 2809 1025 πολλοὶ
2859 971 3230 1042 περιγίνονται
3281 971 3513 1026 τοιοῦτοι
3561 971 3762 1039 δντεςς

2192 1057 2414 1130 Ἐπειδὴ
2449 1060 2513 1113 σύ
2542 1058 2725 1123 καλῶς
2755 1059 3046 1113 πυκτεύειν
3095 1061 3198 1115 οὐκ
3223 1056 3373 1124 οἶδας
3399 1076 3414 1091 ·
3455 1060 3641 1131 ἐπειδὴ
3670 1062 3765 1117 καὶ

2183 1146 2248 1198 σὺ
2298 1146 2440 1217 ύπέρ
2478 1145 2588 1197 τῶν
2635 1145 2815 1200 αὐτῶν
2858 1148 3314 1217 παγκρατιάζεις,
3343 1147 3437 1215 ἀφ’
3465 1140 3540 1201 ὧν
3566 1149 3765 1202 ἐκεῖνοι

2180 1231 2418 1299 γίνονται
2452 1224 2865 1306 ἀσθενέστεροι,
2904 1235 3033 1306 περὶ
3076 1234 3235 1305 δόξης
3280 1235 3374 1288 καὶ
3416 1234 3762 1299 δυναστείας.

2177 1322 2350 1391 Φεῦγε
2368 1322 2461 1376 τοῦ
2494 1322 2707 1392 ἀγῶνος
2735 1325 2836 1395 τὴν
2864 1323 3141 1389 ὑπόθεσιν,
3176 1324 3272 1378 καὶ
3300 1323 3570 1397 ἑτέρωθεν
3604 1324 3765 1395 βάλλε

2177 1410 2303 1474 τοὺς
2343 1410 2617 1474 ἐπιόντας,
2658 1410 2934 1482 ἐπιεικείᾳ
2980 1411 3074 1465 τὸν
3124 1411 3399 1477 ἀλαζόνα,
3452 1412 3612 1484 πενίᾳ
3671 1412 3764 1469 τὸν

2178 1497 2527 1568 πλεονέκτην,
2567 1498 2866 1569 ἐγκρατείᾳ
2896 1498 2988 1552 τὸν
3017 1498 3344 1565 ἀκόλαστον,
3396 1500 3762 1573 φιλοφροσύνῃ

2175 1586 2269 1639 τὸν
2296 1585 2553 1658 φθονερόν
2567 1602 2580 1616 ·
2605 1587 2699 1640 καὶ
2717 1586 2888 1650 οὕτως
2908 1586 3088 1642 αὐτῶν
3105 1588 3335 1661 περιέσῃ
3356 1588 3573 1661 ῥᾳδίως.
3600 1587 3760 1654 Ἀλλ’,

2175 1673 2314 1745 ὅπερ
2343 1673 2513 1746 ἔφθην
2543 1674 2745 1742 εἰπὼν,
2780 1675 3181 1749 διηγησάμενος
3212 1678 3311 1749 τὴν
3336 1678 3621 1733 ἀσθένειαν
3651 1677 3762 1732 τῶν

2175 1762 2483 1828 ἀντιδίκων,
2522 1764 2626 1835 ὅρα
2656 1764 2774 1828 πῶς
2808 1764 3022 1819 καὶτοῦ
3050 1765 3267 1820 δικαίου
3300 1766 3449 1837 λέγει
3471 1766 3569 1839 τὴν
3621 1784 3760 1821 παν-

2174 1850 2388 1904 οπλίαν.
2434 1851 2659 1919 Ἐπάγει
2704 1853 2848 1925 γάρ’
2891 1853 2953 1907 '0
2991 1853 3061 1908 δὲ
3111 1854 3342 1923 δίκαιος
3370 1855 3429 1910 τί
3470 1856 3761 1922 ἐποίησε;

2173 1938 2451 1992 τουτέστιν
2471 1956 2483 1968 ·
2535 1939 2788 1994 Ἑκείνων
2813 1939 2955 1996 οὕτω
2997 1943 3493 2014 παραταττομένων
3516 1984 3530 2007 ,
3578 1942 3758 2007 ζητεῖς

2175 2024 2338 2079 πόθεν
2362 2026 2635 2080 ὡπλίσατο
2660 2028 2689 2080 6
2713 2027 2920 2093 δίκαιος
2944 2046 2959 2096 ;
3001 2030 3201 2083 Ἀκουε
3228 2047 3243 2062 ο
3273 2031 3487 2099 Κύριος
3518 2030 3589 2084 ἐν
3634 2028 3759 2096 ναῷ

2173 2111 2319 2180 ἀγίῳ
2346 2114 2532 2169 αὐτοῦ
2552 2130 2567 2145 '
2599 2115 2814 2183 Κύριος
2844 2116 2915 2169 ἐν
2948 2115 3183 2186 οὐρανῷ
3231 2119 3264 2170 ό
3296 2117 3509 2187 θρόνος
3548 2116 3757 2173 αὐτοῦ.

2173 2195 2325 2263 Εἶδες
2342 2200 2459 2265 πῶς
2487 2201 2764 2273 συντόμως
2785 2202 2883 2274 τὴν
2904 2204 3221 2276 συμμαχίαν
3238 2204 3402 2258 αὐτοῦ
3419 2204 3718 2276 διηγήσατο
3740 2221 3756 2269 ;

2174 2288 2240 2341 Τί
2268 2290 2544 2360 ἐποίησεν,
2572 2293 2817 2363 ἐρωτᾷςς
2864 2293 2992 2346 Ἐπὶ
3024 2293 3116 2346 τὸν
3136 2294 3269 2348 Θεὸν
3286 2294 3562 2364 κατέφυγε
3588 2294 3677 2348 τὸν
3700 2296 3757 2348 ἐν

2170 2376 2248 2448 τῷ
2275 2377 2511 2449 οὐρανῷ,
2534 2380 2627 2433 τὸν
2660 2381 2937 2452 πανταχοῦ
2971 2382 3237 2453 παρόντα.
3263 2384 3338 2436 Οὐ
3370 2382 3501 2448 τόξα
3532 2382 3756 2447 ἔτεινεν,

2170 2464 2291 2519 οὐδὲ
2323 2466 2600 2537 φαρέτραν
2647 2468 2912 2539 ἡτοίμαζε
2932 2511 2948 2536 ,
2999 2468 3253 2541 καθάπερ
3286 2472 3511 2534 ἐκεῖνος,
3544 2471 3664 2525 οὐδέ
3698 2473 3757 2524 ἐν

2173 2555 2486 2626 σκοτομὴνῃ
2547 2556 2922 2626 παρετάξατο·
2958 2557 3096 2611 ἀλλά
3135 2558 3312 2612 πάντα
3362 2559 3533 2612 ταῦτα
3575 2560 3751 2628 ἀφεὶς,

2169 2643 2269 2715 τὴν
2298 2645 2377 2706 είς
2409 2644 2501 2698 τὸν
2529 2644 2661 2698 Θεὸν
2686 2645 2881 2701 ἐλπίδα
2905 2648 3071 2701 πᾶσιν
3095 2648 3428 2718 ἐπετείχισε,
3447 2648 3541 2701 καὶ
3567 2650 3756 2702 τοῦτον

2169 2730 2351 2794 αὐτοῖς
2383 2731 2683 2802 ἀντέστησε
2722 2743 2745 2771 ο
2789 2733 2882 2787 τὸν
2911 2734 3127 2798 οὐδενὸς
3156 2734 3362 2789 τούτων
3388 2736 3661 2807 δεόμενον,
3690 2738 3750 2789 οὐ

2169 2820 2398 2890 καιρῶν,
2438 2821 2499 2872 οὐ
2544 2820 2748 2882 τόπων,
2796 2821 2895 2892 οὐχ
2923 2821 3126 2885 ὃπλων,
3169 2822 3230 2875 οὐ
3262 2824 3584 2894 χρημάτων,
3616 2823 3757 2879 ἀλλά

2169 2906 2399 2978 νεύματι
2421 2907 2599 2962 πάντα
2628 2907 2880 2962 ἀνύοντα.
2910 2905 3064 2972 Εἶδες
3098 2909 3416 2981 συμμαχίαν
3448 2910 3658 2981 ἄμαχόν
3690 2928 3752 2964 τε

2169 2998 2263 3051 καὶ
2309 2998 2551 3063 εὔκολον,
2588 2999 2685 3053 καί⁵
2737 2998 2965 3071 ρᾳδίανς
3002 3002 3065 3055 Ol
3115 3000 3415 3070 ὀφθαλμοί
3445 3001 3632 3054 αὑτοῦ
3663 3004 3750 3067 εἰς

2166 3083 2275 3137 τὸν
2331 3084 2563 3154 πένητα
2614 3085 3008 3141 ἐπιϐλέπουσι
3033 3125 3049 3151 ,
3117 3088 3191 3142 τὰ
3240 3088 3521 3158 ,βλέφαρα
3565 3089 3757 3143 αὐτοῦ

2166 3170 2421 3236 ἐξετάζει
2440 3171 2584 3240 τοὺς
2606 3173 2777 3240 υίοὺς
2801 3172 2920 3228 τῶν
2947 3172 3294 3243 ἀνθρώπων.
3316 3176 3529 3244 Κύριος
3550 3176 3753 3241 ἐξετά-

2169 3258 2249 3320 ζει
2273 3261 2382 3314 τὸν
2408 3260 2649 3316 δίκαιον
2679 3262 2777 3316 καί
2808 3264 2916 3317 τὸν
2941 3262 3156 3333 ἀσεϐῆ,
3201 3267 3236 3318 ό
3273 3263 3344 3318 δὲ
3362 3265 3608 3333 ἀγαπῶν
3634 3265 3749 3332 τὴν

2166 3348 2446 3412 ἀδικίαν,
2494 3349 2670 3419 μισεῖ
2703 3349 2820 3418 τὴν
2866 3351 3085 3406 ἑαυτοῦ
3131 3352 3363 3421 ψυχήν.
3412 3353 3621 3418 Ἄλλος,
3669 3356 3745 3409 Τὰ

2162 3434 2447 3505 ,ϐλέφαρα
2478 3437 2665 3493 αὐτοῦ
2684 3437 3001 3507 δοκιμάζει.
3041 3439 3254 3504 Ἀλλος,
3283 3441 3496 3509 Κύριος
3516 3441 3743 3507 δίκαιος

2164 3523 2517 3591 ἐξεταστὴς.
2558 3525 2769 3589 ¹Ἄλλος,
2800 3529 3037 3582 Δίκαιον
3072 3528 3367 3599 δοκιμάζει
3399 3530 3497 3584 καί
3529 3530 3742 3601 ἀσεϐῆ,

2165 3611 2264 3665 καί
2297 3609 2624 3680 ἀγαπῶντα
2649 3613 2828 3667 ἄδικα
2877 3614 3178 3684 ἐμίσησεν
3229 3616 3269 3684 ἡ
3314 3616 3488 3687 ψυχὴ
3533 3619 3741 3674 αὑτοῦ.

2169 3699 2384 3764 Ἄλλος,
2422 3701 2485 3753 '0
2511 3698 2761 3769 ἀγαπῶν
2776 3700 3034 3767 ἀδικίαν,
3051 3703 3225 3773 μισεῖ
3243 3704 3359 3773 τὴν
3388 3704 3610 3761 ἑαυτοῦ
3628 3710 3746 3775 ψυ-

2170 3787 2293 3856 χήν
2325 3786 2376 3841 ἀ.
2431 3783 2587 3851 Εἶδες
2623 3786 2913 3860 σύμμαχον
2954 3793 3499 3864 παρεσκευασμένον,
3551 3794 3745 3865 βοηθὸν

2164 3876 2615 3947 εὐτρεπισμένον,
2647 3878 2925 3950 πανταχοῦ
2959 3880 3204 3951 παρόντα
3224 3920 3241 3945 ,
3285 3882 3465 3936 πάντα
3505 3883 3740 3953 ὁρῶντα,

2163 3964 2342 4018 πάντα
2367 3963 2654 4034 βλέποντα,
2698 3962 2861 4019 τοῦτο
2910 3965 3072 4040 ἔργον
3120 3966 3313 4039 ἔχοντα
3350 3969 3608 4040 μάλιστα,
3637 3971 3743 4025 κᾶν

2165 4050 2356 4123 μηδεὶς
2380 4052 2409 4103 6
2438 4049 2772 4122 παρακαλῶν
2805 4047 2866 4125 ᾗ,
2909 4058 3178 4125 προνοεῖν,
3204 4056 3487 4128 κήδεσθαι,
3513 4058 3746 4113 κωλύειν

2163 4138 2519 4203 ἀδικοῦντας,
2576 4137 2797 4210 βοηθεῖν,
2821 4138 3221 4213 ἀδικουμένοις,
3270 4148 3383 4209 τοῖς
3421 4144 3524 4216 μὲν
3552 4148 3743 4203 ἀποδι-

2158 4227 2305 4282 δόναι
2334 4227 2430 4291 τὰς
2452 4227 2688 4298 ἀμοιϐὰς
2710 4229 2820 4283 τῶν
2850 4230 3313 4304 κατορθωμάτων,
3331 4236 3443 4299 τοῖς
3461 4235 3516 4290 δὲ
3532 4236 3741 4293 τιθέναι

2158 4319 2257 4383 τὰς
2291 4318 2565 4389 τιμωρίας
2584 4318 2693 4372 τῶν
2728 4319 3144 4393 ἁμαρτημάτων
3163 4328 3189 4387 ;“
3210 4324 3375 4380 Οὐδὲν
3402 4322 3494 4381 οὖν
3522 4326 3734 4397 ἀγνοεῖ·

2157 4406 2207 4459 οἰ
2240 4404 2350 4476 7&9
2377 4403 2531 4477 [116]
2552 4405 2823 4478 ὀφθαλμοὶ
2845 4407 3010 4461 αὐτοῦ
3045 4410 3399 4466 ἐπιϐλέπουσι
3436 4413 3535 4487 τὴν
3557 4417 3737 4471 οἰκου-

2161 4492 2351 4563 μένην.
2403 4492 2519 4546 Οὐκ
2549 4494 2839 4548 ἐπίσταται
2866 4495 2923 4548 δὲ
2953 4495 3139 4568 μόνον,
3181 4497 3319 4554 ἀλλά
3350 4501 3445 4554 καὶ
3491 4501 3737 4573 βούλεται

2156 4580 2299 4634 αὐτά
2321 4579 2586 4652 διορθοῦν.
2617 4581 2709 4637 Διὸ
2739 4582 2831 4639 καὶ
2849 4582 3034 4655 ἕτερος
3051 4584 3210 4639 τοῦτο
3233 4587 3365 4641 αὐτὸ
3390 4587 3567 4660 δηλῶν
3591 4584 3735 4659 εἷπε,

2155 4669 2412 4736 Δίκαιος.
2449 4670 2511 4722 El
2542 4670 2649 4742 7&9
2672 4670 2900 4737 δίκαιος,
2932 4672 3032 4726 οὐκ
3058 4671 3305 4739 ἀνέᾷται
3337 4677 3512 4732 ταῦτα
3549 4680 3737 4746 ἁπλῶς

2156 4758 2417 4831 περιορᾷν
2450 4757 2732 4829 γινόμενα.
2775 4761 3206 4834 Ἀποστρέφεται
3258 4765 3387 4830 τούς
3441 4771 3731 4840 πονηροὺς,

2155 4847 2369 4900 ἐπαινεῖ
2416 4848 2546 4912 τοὺς
2583 4848 2847 4914 δικαίους.
2892 4848 3025 4906 Εῖτα
3059 4854 3198 4925 ὅπερ
3253 4855 3319 4910 ἐν-
3357 4856 3437 4928 τῷ
3484 4861 3736 4932 προτέρῳ

2153 4934 2354 5021 ψαλμῷ
2385 4935 2543 5021 έλεγε
2571 4978 2587 5003 ,
2640 4938 2856 5021 δεικνὺς
2895 4939 3103 5021 ὄτικαὶ
3122 4942 3267 5021 αὐτὴ
3304 4945 3338 5016 ἡ
3372 4947 3544 5002 κακία
3575 4949 3732 5021 ίκανὴ

2153 5015 2352 5079 αὐτοὺς
2374 5015 2669 5080 ἀναλῶσαι,
2687 5017 2844 5071 τοῦτο
2861 5021 2955 5073 καὶ
2983 5020 3217 5076 ἐνταῦθα
3232 5015 3408 5094 δηλῶν
3430 5015 3725 5098 ἐπήγαγενλ

2165 5102 2228 5157 '0
2274 5101 2344 5155 δὲ
2392 5102 2641 5171 ἀγαπῶν
2677 5105 2793 5173 τὴν
2839 5107 3100 5173 ἀδικίαν,
3140 5111 3315 5179 μισεῖ
3354 5112 3469 5182 τὴν
3511 5114 3730 5170 ἑαυτοῦ

2152 5190 2384 5258 ψυχήν.
2410 5191 2678 5260 Πολέμιον
2707 5193 2815 5265 7&9
2840 5197 2906 5267 τῇ
2946 5195 3092 5269 ψυχῇ
3122 5200 3376 5272 πονηρία,
3414 5201 3605 5274 ἐχθρὸν
3634 5204 3730 5258 καὶ

2151 5276 2413 5348 ὀλέθριον,
2447 5276 2592 5332 ὥστε
2623 5279 2719 5334 καὶ
2746 5281 2853 5353 πρὸ
2900 5283 3005 5353 τῆς
3028 5284 3310 5352 κολάσεως
3336 5288 3495 5361 δίκην
3518 5289 3730 5345 δίδωσιν

2150 5366 2179 5418 6
2222 5365 2476 5436 πονηρός.
2518 5362 2673 5430 Εἶδες
2699 5367 2820 5433 πῶς
2847 5370 3153 5437 εὐαλώτους
3195 5376 3463 5430 πάντοθεν
3486 5377 3728 5436 δείκνυσι

2149 5452 2277 5517 τοὺς
2302 5452 2773 5524 ἐναντιουμένους,
2801 5456 2929 5511 ὅταν
2954 5460 3052 5513 καὶ
3097 5460 3339 5529 τοιοῦτον
3377 5463 3475 5536 ἔχῃ
3504 5464 3727 5536 σύμμα-

2149 5555 2265 5609 χον,
2300 5542 2395 5593 καὶ
2431 5542 2630 5599 ἐκεῖνοι
2670 5543 2776 5597 ὐπὸ
2803 5543 2912 5598 τῶν
2933 5547 3152 5602 οἰκείων
3175 5548 3354 5603 ὃπλων
3372 5549 3722 5616 ἁλίσκωνται,

2148 5626 2215 5680 δι’
2246 5620 2321 5680 ὧν
2336 5628 2682 5699 φράττονται,
2710 5630 2798 5684 διὰ
2828 5632 3033 5687 τούτων
3055 5634 3452 5706 δαπανώμενοι.
3486 5639 3585 5692 καὶ
3601 5640 3727 5693 ἐαυ-

2148 5714 2401 5827 ςοῖδΗωε,
2424 5716 2507 5764 καὶ
2530 5715 2698 5766 τοῦτον
2720 5719 2880 5776 αὐτοῖς
2900 5721 3178 5783 ἀπέστησε,
3200 5724 3381 5774 desunt
3417 5726 3469 5774 in
3500 5725 3648 5779 Savil.
3672 5737 3726 5778 ει

2172 5790 2479 5913 ΙῗίῑῃὶΑλλνος,
2533 5840 2593 5889 ‘0
2631 5842 2830 5913 ἀγαπῶν
2866 5843 3085 5913 ἀδικίαν,
3127 5846 3255 5913 μισεῖ
3294 5848 3380 5906 τήν
3410 5848 3588 5913 ,ἑαυτοῦ
3631 5852 3721 5913 ψυ-

2149 5900 2253 6013 Hw.
2270 5899 2384 5948 "asc
2405 5899 2765 5972 interpretaiju,
2786 5906 2960 5978 fanl‘em
2985 5899 3381 5978 ρει-ἦρ’ίρεαάιιιὲε
3403 5899 3724 5975 ςεριιιιιείέιιδ

2187 5968 2333 6013 nem.
2362 5977 2527 6013 supra.
2552 5964 2603 6013 In
2632 5967 2749 6013 edn.
2775 5970 2926 6013 bam.
2948 5968 3129 6013 dlcuur
3163 5983 3275 6013 esse
3299 5972 3595 6013 Svmmarhi-

2187 5968 2333 6025 nerp.
2362 5977 2527 6028 supra.
2552 5964 2603 6013 In
2632 5965 2749 6015 edn.
2775 5968 2926 6017 Savil.
2948 5966 3129 6021 dicitur
3160 5964 3598 6035 'esse'Symm-‘achil
