4140 6356
367 435 460 491 Nl

368 550 678 616 peccatores
713 532 985 592 inferunt?
1010 529 1143 586 Cum
1175 525 1258 582 his
1289 523 1432 580 enim
1474 536 1596 591 qua:
1635 518 1776 572 dicta
1807 523 1953 576 sunt,

370 639 485 692 haec
525 633 690 687 etiam
726 629 828 682 alia
866 637 1026 680 causa
1068 629 1174 684 est,
1215 632 1313 672 cur
1353 630 1460 669 non
1490 611 1706 681 fugiam.
1735 603 1962 673 Quando

370 727 513 783 enim
552 723 694 778 Deus
739 719 843 773 fert
888 713 1166 776 auxilium,
1208 718 1262 764 et
1299 714 1610 776 peceatores
1635 708 1760 755 sunt
1786 697 1841 762 ii,
1872 693 1961 764 qui

372 817 568 874 bellum
597 821 812 884 gerunt,
841 803 1111 878 quomodo
1136 815 1245 856 non
1271 799 1429 868 longe
1454 805 1535 850 est
1561 793 1803 847 omnium
1826 789 1964 842 stul-

376 879 633 966 tissimus,
661 902 752 972 qui
797 899 950 970 jubet
995 893 1189 949 imitari
1227 891 1406 944 avium
1435 885 1775 941 timiditatem
1800 882 1822 932 ?
1849 879 1964 935 Non

378 971 693 1054 consideras
715 989 984 1062 quomodo
1010 983 1300 1045 exercitus,
1331 980 1422 1050 qui
1451 985 1637 1032 contra
1666 990 1752 1028 me
1781 980 1886 1026 stat
1912 971 1968 1024 in

379 1092 513 1154 acie,
543 1096 626 1142 est
663 1085 821 1140 vilior
857 1079 1097 1135 aranea?
1139 1075 1195 1130 Si
1225 1073 1372 1130 enim
1398 1066 1742 1138 [inperatoris
1771 1063 1966 1120 terreni

382 1180 649 1240 inimicus,
689 1176 1008 1243 ubicumque
1052 1169 1230 1232 fuerit,
1263 1166 1314 1219 in
1362 1161 1602 1233 periculo
1643 1157 1794 1222 vivit,
1823 1155 1972 1209 timet

381 1283 439 1330 et
459 1267 825 1328 eontremiscit
849 1285 862 1321 :
895 1264 1061 1320 multo
1087 1261 1255 1330 magis
1285 1258 1376 1312 Dei
1404 1255 1792 1310 universorum.
1821 1249 1961 1316 Quo-

384 1379 615 1434 cumque
651 1363 799 1416 enim
836 1357 1064 1420 venerit,
1092 1365 1283 1408 omnes
1311 1349 1470 1403 habet
1501 1345 1770 1403 inimicos.
1815 1351 1976 1410 atque

384 1458 522 1513 adeo
552 1458 726 1525 ipsam
763 1452 928 1508 etiam
965 1457 1288 1504 creaturam.
1325 1437 1785 1510 Quemadmodum
1831 1433 1977 1488 enim

387 1550 593 1606 amicos
615 1548 732 1618 ejus
758 1556 812 1600 et
835 1543 1104 1600 elementa
1133 1546 1187 1593 et
1215 1536 1402 1592 bestiae
1427 1540 1694 1595 metuunt,
1723 1538 1779 1582 et
1802 1525 1978 1581 omnis

388 1650 633 1698 creatura
684 1645 962 1692 reveretur
990 1631 1009 1702 (
1039 1631 1171 1701 Sap.
1203 1630 1256 1684 5.
1287 1626 1356 1681 l8
1384 1623 1402 1697 )
1435 1643 1448 1678 :
1483 1625 1555 1678 ita
1597 1621 1874 1676 inimicum
1919 1624 1973 1671 et

392 1736 602 1790 hostem
632 1731 775 1786 bello
798 1734 987 1798 petunt
1009 1733 1061 1780 et
1085 1729 1431 1778 exsecrantur
1451 1716 1536 1770 vel
1568 1715 1682 1783 ipsa
1707 1713 1870 1768 etiam
1898 1710 1982 1763 in-

393 1823 688 1881 scnsibilia.
708 1822 776 1876 Et
803 1820 924 1874 ideo
952 1817 1073 1872 illos
1102 1812 1315 1884 quidem
1345 1809 1654 1881 priusquam
1676 1802 1756 1858 vel
1785 1812 1982 1855 terram

395 1922 696 1985 tangerent,
727 1913 855 1968 ferae
875 1907 1244 1970 confecerunt,
1278 1903 1376 1957 hos
1403 1915 1532 1954 vero
1559 1897 1695 1967 ignis
1729 1908 1984 1950 consum-

400 2011 525 2082 psit.
549 2009 619 2065 At
642 2007 840 2062 habent
865 2016 1020 2058 arcus
1045 2009 1100 2056 et
1117 1999 1441 2070 pharetram,
1469 2002 1523 2047 et
1550 1993 1628 2046 eis
1657 1996 1834 2059 parata
1863 1993 1988 2041 sunt

400 2101 613 2155 omnia:
647 2097 906 2153 Pararunt
933 2092 1098 2156 enim,
1141 2088 1331 2159 inquit,
1377 2099 1438 2140 ea
1483 2083 1536 2138 in
1574 2082 1860 2152 pharetra:
1891 2074 1988 2130 sed

404 2191 561 2246 nulla:
591 2197 716 2244 sunt
740 2200 925 2242 eorum
957 2183 1122 2242 vires,
1157 2194 1258 2234 nec
1283 2191 1375 2233 eos
1407 2183 1686 2245 propterea
1714 2170 1985 2224 timemus.

402 2283 534 2339 Nam
565 2295 736 2351 neque
761 2279 806 2334 si
831 2275 1066 2330 viderem
1092 2270 1392 2342 quempiam
1433 2267 1522 2337 qui
1559 2264 1778 2318 haberet
1807 2274 1990 2313 arcum

405 2375 659 2437 solutum,
693 2370 958 2425 timerem.
983 2363 1118 2432 Quid
1150 2362 1289 2417 enim
1312 2360 1499 2430 juvant
1521 2370 1688 2417 arma,
1714 2353 1757 2407 si
1790 2367 1894 2406 non
1927 2349 1997 2404 sit

407 2463 614 2520 virtus?
644 2462 751 2518 Nec
781 2461 867 2514 hic
908 2474 1034 2528 ergo
1073 2455 1116 2511 si
1161 2469 1265 2508 nou
1306 2451 1445 2505 adsit
1476 2448 1566 2503 Dei
1599 2443 1991 2501 benevolentia.

416 2559 487 2610 At
505 2553 659 2608 dolos
686 2559 919 2614 Struunt,
946 2557 1119 2602 etnon
1149 2553 1288 2598 recta
1317 2539 1714 2610 aggrediuntur.
1741 2537 1996 2604 Propter-

409 2661 474 2700 ea
521 2658 616 2699 eos
664 2641 893 2695 maxime
935 2637 1103 2701 rideo,
1153 2631 1293 2704 quod
1336 2631 1588 2700 sagittent
1646 2628 1697 2681 iu
1742 2623 1996 2680 tenebris.

413 2735 552 2791 Nihil
593 2732 737 2788 enim
785 2729 1100 2785 imbecillius
1130 2725 1244 2780 viro
1284 2722 1374 2794 qui
1407 2721 1564 2775 struit
1603 2717 1842 2772 insidias.
1883 2713 2000 2768 Non

415 2844 550 2900 opus
578 2827 739 2882 habet
765 2835 823 2880 ut
847 2824 1008 2879 armis
1033 2823 1260 2876 aliorum
1288 2817 1565 2888 capiatur:
1600 2812 1691 2866 sed
1721 2810 1858 2865 cadit
1887 2824 2000 2862 nia-

418 2939 488 2976 nu
512 2922 743 2992 propria,
778 2927 833 2973 et
855 2931 949 2971 sua
975 2915 1139 2984 ipsius
1178 2910 1366 2965 fraude
1412 2906 1689 2962 evertitur.
1715 2902 1849 2968 Quid
1879 2914 2005 2968 ergo

419 3016 586 3085 possit
610 2989 731 3068 esse
755 3025 822 3065 eo
852 3005 1169 3063 imbecillius
1194 3042 1209 3066 ,
1247 2999 1460 3072 quando
1488 2997 1692 3065 capitur
1719 3008 1749 3046 a
1779 2989 2006 3060 propriis

419 3100 939 3161 machinationibus?
986 3097 1118 3152 Cum
1157 3094 1242 3148 his
1289 3099 1467 3145 autem
1511 3098 1796 3158 pussmnus
1839 3081 2003 3135 etiam

420 3196 563 3250 aliud
589 3194 769 3250 dicere
794 3208 808 3245 :
836 3205 931 3246 eos
970 3202 1075 3243 non
1118 3185 1289 3240 solum
1318 3183 1515 3236 bellum
1541 3192 1728 3247 gerere
1754 3173 2009 3227 adversus

419 3301 516 3343 eos
539 3328 554 3352 ,
581 3285 772 3356 quibus
799 3283 936 3337 Deus
957 3265 1061 3334 fert
1083 3275 1336 3332 auxilium
1367 3313 1380 3336 ,
1407 3271 1562 3340 idque
1580 3282 1700 3320 cum
1729 3264 1851 3319 dolo
1871 3303 1889 3328 ,
1914 3261 2010 3316 sed

425 3379 586 3434 etiam
623 3377 881 3431 adversus
909 3373 1241 3432 innocentes,
1273 3375 1326 3420 et
1354 3364 1442 3435 qui
1472 3363 1615 3431 ipsos
1644 3357 1787 3413 nulla
1815 3354 2014 3409 affece-

424 3480 550 3525 runt
571 3468 781 3538 injuria.
813 3465 924 3520 lâ€˜loe
947 3472 1123 3516 autem
1161 3475 1254 3514 eos
1284 3473 1389 3512 nou
1419 3467 1600 3524 parum
1642 3449 1813 3504 reddit
1839 3447 2012 3501 imbe-

427 3563 599 3620 cillos.
627 3556 1084 3629 Quemadmodum
1136 3553 1278 3608 enim
1325 3550 1413 3619 qui
1463 3546 1718 3601 adversus
1769 3539 2014 3596 stimulos

428 3653 728 3715 calcitrant,
773 3649 890 3703 illos
913 3645 1126 3716 quidem
1171 3657 1274 3695 nou
1313 3638 1531 3702 lardum,
1575 3633 1670 3689 sed
1697 3647 1823 3686 suos
1855 3627 2016 3699 pedes

430 3750 748 3800 cruentant:
784 3740 854 3792 ita
888 3736 941 3792 hi
971 3737 1155 3790 etiam.
1191 3732 1326 3785 Cum
1367 3729 1450 3781 his
1473 3734 1648 3780 autem
1674 3721 1778 3777 alia
1805 3732 2017 3789 quoque

432 3849 594 3890 causa
623 3841 726 3898 est,
757 3844 876 3899 quae
917 3826 1042 3882 belli
1083 3838 1268 3880 eorum
1316 3822 1455 3875 vires
1497 3815 1709 3885 frangit.
1761 3812 2016 3880 Quaenam

434 3936 609 3982 autem
639 3939 703 3981 ea
733 3923 857 3979 est?
883 3922 937 3976 4.
968 3919 1220 3988 Quoniam
1258 3931 1370 3984 qua:
1413 3910 1680 3984 perfecisti,
1713 3907 1901 3977 inquit,
1933 3906 2020 3958 de-

437 4027 748 4074 struxerunt.
799 4013 952 4082 Quod
993 4020 1170 4066 autem
1205 4008 1350 4072 dicit,
1385 4013 1470 4061 est
1493 4000 1753 4072 ejusmodi
1779 4016 1791 4052 :
1821 3997 2019 4052 Tecum

435 4111 635 4167 bellum
654 4117 845 4180 gerunt
865 4116 920 4162 et
943 4103 1270 4176 pradiantur,
1305 4099 1474 4167 legem
1505 4104 1646 4150 tuam
1678 4102 1732 4147 et
1759 4099 2021 4160 prtecepta

437 4213 527 4259 tua
576 4178 935 4256 destruentes.
987 4195 1258 4261 Praecepta
1301 4189 1442 4246 enim
1478 4195 1562 4240 tua
1594 4197 1761 4252 eaque
1789 4178 2021 4250 perfecta

436 4303 698 4349 conantur
724 4291 1020 4348 destruere.
1063 4285 1161 4340 Vel
1206 4283 1308 4337 hoc
1350 4280 1498 4341 dicit,
1546 4276 1629 4331 vel
1673 4273 1815 4344 quod
1862 4271 2020 4326 etiam

436 4383 546 4440 sint
583 4382 715 4452 legis
761 4389 1199 4450 transgressores.
1244 4372 1360 4427 Jam
1395 4384 1523 4424 vero
1563 4367 1665 4422 hoc
1706 4377 1917 4434 quoque
1942 4370 2025 4415 est

441 4492 548 4533 non
577 4489 793 4546 parvum
823 4476 1194 4542 argumentum
1215 4459 1613 4523 imbecillitatis,
1641 4453 1783 4526 quod
1811 4455 1900 4524 qui
1929 4461 2019 4506 tua

440 4576 708 4641 praecepta
758 4580 862 4621 non
908 4561 1292 4622 custodierunt,
1326 4555 1378 4610 iu
1420 4553 1617 4610 bellum
1665 4547 2021 4620 proficiscun-

444 4671 552 4718 tur.
580 4660 868 4729 Propterea
895 4654 1038 4710 enim
1064 4660 1119 4706 et
1143 4664 1264 4705 cum
1292 4644 1452 4701 reetis
1479 4641 1677 4697 bellum
1705 4644 1897 4708 gerunt
1924 4675 1940 4700 ,
1969 4641 2026 4689 et

441 4755 593 4811 dolos
616 4728 864 4813 struunt,
892 4745 1144 4818 quoniam
1169 4752 1256 4796 tua
1280 4744 1544 4810 prazcepta
1571 4747 1678 4787 non
1707 4728 1946 4784 audiunt.

511 4845 566 4900 2.
615 4843 902 4913 Postquam
948 4837 1110 4908 igitur
1159 4830 1398 4888 narravit
1435 4826 1668 4882 hostium
1695 4819 2030 4876 imbecillita-

445 4948 574 5000 tem,
617 4947 844 5004 eamque
883 4907 1116 4985 ostimdit
1143 4939 1252 4980 non
1278 4937 1344 4978 ex
1384 4921 1450 4975 iis
1473 4934 1538 4973 ex
1564 4915 1758 4986 quibus
1781 4912 1890 4977 alii,
1932 4907 2029 4964 sed

445 5042 513 5084 ex
550 5026 617 5081 iis
652 5001 773 5092 qum
799 5020 901 5077 sibi
940 5014 1334 5074 conveniebant
1363 5011 1489 5082 (non
1515 5007 1657 5062 enim
1685 5003 1835 5066 dixit,
1867 5001 2030 5054 Pecu-

445 5119 562 5174 nias
585 5131 692 5172 non
715 5114 934 5176 habent,
961 5125 1067 5165 non
1089 5103 1356 5178 praesidia,
1374 5116 1475 5157 nec
1499 5098 1696 5162 socios,
1723 5109 1823 5149 nec
1849 5091 2027 5154 urbes,

451 5223 554 5264 nec
578 5205 722 5278 quod
752 5203 860 5258 sint
884 5201 965 5256 rei
991 5197 1238 5254 militaris
1265 5189 1514 5264 imperiti,
1549 5186 1644 5243 sed
1675 5185 1758 5239 his
1785 5181 2032 5238 omnibus

447 5296 828 5373 praetermissis
857 5303 912 5350 et
939 5288 1251 5362 repudiatis,
1277 5294 1338 5340 ut
1359 5297 1477 5354 quae
1517 5278 1647 5334 nihil
1681 5282 1882 5338 essent,
1910 5286 2030 5325 cum

448 5393 672 5452 dixisset
721 5401 816 5444 eos
861 5400 981 5442 esse
1021 5381 1262 5450 iniquos,
1289 5384 1345 5432 et
1378 5372 1580 5430 bellum
1606 5382 1796 5440 gerere
1821 5378 1940 5418 cum
1969 5362 2034 5416 iis

448 5485 538 5556 qui
585 5482 786 5538 nullam
829 5477 1065 5532 fecerant
1104 5473 1371 5541 injuriam,
1402 5480 1465 5519 ae
1493 5477 1612 5533 qua:
1656 5459 1748 5514 Dei
1787 5464 1912 5511 sunt
1940 5453 2036 5508 de-

453 5577 735 5646 struere),
768 5577 948 5641 narrat
975 5568 1226 5634 deinceps
1250 5563 1519 5632 justorum
1547 5555 1734 5615 aciem,
1764 5566 1829 5604 ex
1855 5563 1921 5602 eo
1948 5562 2038 5602 os-

455 5639 691 5725 tendens.
705 5640 864 5734 quam
895 5661 1002 5716 sint
1030 5659 1212 5711 hostes
1251 5657 1554 5722 expugnata
1591 5641 1792 5697 faciles.
1828 5639 1900 5691 lta
1940 5651 2038 5690 nos

453 5760 612 5827 etiam
639 5757 758 5828 quis
775 5756 843 5810 sit
861 5762 1068 5823 potens,
1091 5746 1279 5817 etquis
1302 5738 1619 5801 imbecillus,
1651 5732 2034 5793 examinemus,

458 5851 550 5913 sed
579 5867 682 5911 non
730 5855 944 5921 propter
983 5858 1046 5900 ea
1071 5840 1302 5898 maxime
1349 5835 1646 5896 timeamus,
1677 5835 1891 5903 propter
1919 5839 2037 5894 qua:

1498 403 1850 466 EXPOSITIO
1888 399 1951 455 IN
1994 397 2308 455 lâ€˜SALMUM
2350 397 2414 452 Î§.

3553 388 3650 446 142

2071 511 2259 565 timent
2287 509 2530 564 homines
2574 507 2800 563 ridiculi.
2833 505 2969 574 Quid
2997 507 3136 560 enim
3169 503 3394 559 dicunt?
3434 502 3525 558 Est
3549 514 3652 557 terâ€”

2067 604 2254 668 ribilis,
2285 602 2577 672 improbus,
2608 602 2803 671 ingenti
2834 599 3057 668 pecunia
3101 607 3154 652 et
3191 596 3379 665 opibus
3409 595 3648 663 pollens.

2069 698 2358 766 Propterea
2385 709 2504 748 cum
2531 693 2766 747 maxime
2791 691 2960 746 rideo.
2992 691 3117 744 llaec
3143 689 3282 744 enim
3310 698 3431 742 sunt
3457 701 3651 757 genera

2072 785 2464 842 imbecillitatis.
2508 788 2577 838 At
2613 783 2732 846 scit,
2769 781 2956 850 inquit,
3004 780 3222 833 tendere
3250 778 3486 832 insidias.
3518 777 3656 831 Iiurâ€”

2074 893 2164 933 sus
2193 878 2319 932 mihi
2337 876 2478 931 aliud
2505 876 2638 930 dicis
2669 889 2834 943 genus
2866 871 3262 928 imbecillitatis.

2146 970 2396 1025 Formula
2421 969 2607 1026 Christi
2636 967 2814 1040 agonis
2842 967 3070 1021 ineundi.
3092 995 3164 1005 â€”
3187 965 3324 1031 Quid
3347 973 3429 1018 est
3453 978 3578 1033 ergo
3605 964 3657 1016 iu

2077 1081 2237 1121 causa
2263 1063 2402 1134 quod
2433 1063 2617 1128 multi,
2642 1062 2732 1131 qui
2761 1061 2893 1114 tales
2919 1068 3078 1124 sunt,
3118 1057 3374 1111 vincant?
3401 1057 3658 1122 Quoniam

2078 1166 2135 1211 tu
2166 1166 2310 1212 recte
2341 1170 2575 1225 pugnare
2603 1154 2777 1209 nescis
2807 1169 2822 1217 ;
2867 1152 3116 1222 quoniam
3145 1160 3200 1203 tu
3238 1165 3449 1220 quoque
3477 1149 3545 1203 de
3584 1150 3662 1202 eis

2079 1250 2344 1314 decertas,
2373 1265 2436 1303 ex
2465 1248 2658 1318 quibus
2682 1246 2759 1301 illi
2787 1247 2919 1299 fiunt
2948 1243 3345 1318 imbecilliores,
3375 1257 3570 1310 nempe
3597 1242 3666 1295 de

2081 1343 2246 1414 gloria
2296 1351 2352 1398 et
2394 1343 2460 1398 de
2508 1341 2760 1410 potentia.
2811 1338 2957 1408 Fuge
3003 1317 3582 1399 causam-certaminis,
3615 1343 3670 1387 et

2083 1438 2189 1492 alio
2226 1436 2384 1490 modo
2427 1435 2522 1490 feri
2548 1449 2643 1489 eos
2668 1435 2757 1504 qui
2784 1441 2835 1486 te
2865 1431 3152 1496 invadunt,
3181 1438 3516 1500 arrogantem
3555 1441 3671 1480 mo-

2084 1531 2359 1586 deratione
2384 1542 2446 1582 ac
2467 1527 2703 1588 lenitate,
2727 1539 2945 1578 avarum
2972 1529 3305 1593 paupertate,
3338 1518 3672 1574 incontinen-

2088 1636 2193 1680 tem
2223 1622 2570 1685 continentia,
2609 1618 2846 1673 invidum
2885 1615 3256 1671 humanitate:
3288 1621 3343 1668 et
3371 1614 3439 1667 ita
3467 1625 3562 1667 eos
3589 1612 3670 1664 fa-

2087 1719 2191 1774 cile
2219 1718 2422 1772 vinces.
2448 1714 2577 1780 Sed,
2607 1714 2745 1767 sicut
2774 1712 2921 1781 prius
2956 1709 3086 1776 dixi,
3115 1708 3241 1763 dum
3272 1721 3543 1761 narrarem
3571 1704 3672 1759 im-

2089 1809 2428 1866 becillitatem
2457 1806 2713 1869 hostium,
2746 1803 2865 1858 vide
2893 1799 3160 1872 quomodo
3182 1799 3310 1867 justi
3338 1811 3550 1866 quoque
3580 1795 3666 1848 di-

2090 1906 2162 1960 cit
2187 1913 2532 1958 armaturam.
2582 1898 2862 1968 Subjungit
2902 1896 3082 1951 enim:
3125 1892 3305 1946 Justus
3346 1901 3512 1944 autem
3556 1887 3676 1959 quid

2093 1997 2265 2072 fecit?
2297 1996 2408 2050 lloc
2459 1994 2623 2048 dicit:
2677 1991 2808 2047 Cum
2855 1989 2926 2043 illi
2969 1989 3048 2042 sic
3103 1988 3428 2041 inStrucreut
3475 1982 3676 2043 aciem,

2094 2091 2289 2161 quaeris
2324 2086 2588 2142 undenam
2632 2099 2688 2139 se
2726 2083 2899 2152 justus
2946 2078 3267 2134 armaverit?
3299 2076 3468 2131 Audi:
3497 2077 3550 2131 5.
3583 2073 3679 2126 Do-

2096 2183 2262 2236 minus
2279 2182 2330 2234 in
2354 2178 2538 2248 templo
2555 2185 2727 2232 sancto
2748 2189 2873 2230 suo:
2896 2171 3146 2226 Dominus
3165 2172 3216 2223 in
3241 2170 3364 2223 ÎµÏ‰á¿‘Î¿
3387 2168 3527 2221 sedes
3552 2167 3680 2237 ejus.

2098 2274 2261 2329 Vides
2297 2288 2453 2340 quam
2496 2269 2675 2340 paucis
2720 2267 2835 2338 ejus
2875 2265 3108 2319 narravit
3135 2262 3410 2317 auxilium.
3438 2259 3573 2327 Quid
3607 2258 3683 2311 fe-

2099 2366 2235 2426 cerit
2263 2365 2461 2434 rogas?
2487 2361 2566 2416 Ad
2602 2360 2877 2414 Domimun
2919 2355 3156 2426 confugit
3191 2354 3277 2424 qui
3306 2363 3388 2407 est
3427 2353 3480 2405 in
3514 2351 3676 2413 cadis,

2101 2457 2191 2527 qui
2240 2467 2322 2509 est
2353 2455 2546 2524 ubique
2577 2467 2832 2522 prmsens.
2889 2448 3006 2504 Non
3053 2462 3234 2502 aremn
3290 2443 3534 2508 intendit,
3585 2457 3685 2497 nec

2103 2551 2406 2620 pharetram
2449 2544 2654 2616 paravit
2696 2545 2835 2598 sicut
2877 2541 2983 2606 ille,
3021 2555 3117 2594 nec
3143 2540 3312 2593 aciem
3343 2535 3593 2592 instruxit
3632 2537 3684 2590 in

2104 2641 2315 2695 occulto
2347 2655 2360 2692 :
2394 2636 2488 2693 sed
2535 2636 2615 2690 his
2654 2635 2900 2690 omnibus
2942 2633 3158 2697 missis,
3216 2645 3363 2698 spem
3418 2630 3470 2681 in
3521 2626 3686 2680 Deum

2106 2741 2289 2787 contra
2331 2745 2518 2786 omnes
2559 2730 2776 2798 objecit,
2814 2737 2869 2782 et
2905 2741 3026 2779 eum
3077 2724 3180 2778 illis
3235 2721 3553 2792 opposuitâ€˜,
3601 2719 3687 2788 qui

2109 2831 2253 2885 nullo
2290 2825 2481 2885 horum
2512 2825 2742 2895 indiget,
2793 2835 2900 2874 non
2947 2819 3088 2881 loco,
3136 2830 3238 2868 non
3283 2823 3552 2880 tempore,
3587 2823 3694 2862 non

2109 2923 2306 2985 armis,
2355 2936 2460 2974 non
2501 2915 2782 2989 pecuniis,
2841 2910 2936 2964 sed
2983 2909 3098 2962 solo
3149 2916 3280 2959 nutu
3334 2901 3510 2956 omnia
3569 2915 3691 2968 per-

2112 3014 2238 3085 agit.
2289 3009 2477 3065 Vidisti
2522 3001 2932 3074 inexpugnabile
2972 2997 3387 3067 expeditnmque
3433 3001 3488 3046 et
3544 2989 3695 3044 facite

2112 3080 2404 3159 auxilium?
2434 3099 2583 3153 Oculi
2608 3099 2716 3166 ejus
2741 3096 2793 3146 in
2823 3105 3094 3162 pauperem
3120 3084 3416 3155 respiciunt,
3444 3080 3692 3153 palpebra

2113 3201 2223 3267 ejus
2262 3197 2572 3262 interrogant
2610 3189 2744 3257 filios
2794 3183 3073 3237 hominum.
3114 3178 3168 3232 6.
3205 3175 3450 3229 Dominus
3479 3173 3700 3226 interro-

2115 3266 2198 3360 gat
2233 3291 2430 3358 justum
2467 3292 2512 3336 et
2561 3279 2792 3349 impium.
2833 3274 2933 3340 Qui
2970 3281 3138 3325 autent
3175 3268 3341 3338 diligit
3364 3266 3700 3332 iniquitatem,

2117 3355 2245 3436 odit'
2275 3379 2496 3432 animam
2547 3388 2711 3428 suout.
2767 3368 2916 3422 Alius
2942 3407 2958 3431 ,
3001 3361 3264 3432 Palpebrae
3310 3359 3418 3430 ejus
3470 3355 3705 3425 probant.

2121 3473 2298 3536 Alius,
2327 3467 2570 3523 Dominus
2591 3466 2762 3535 justus
2789 3458 3125 3513 examinator.
3159 3454 3328 3517 Alius,
3361 3449 3391 3502 J
3402 3458 3566 3504 ustum
3594 3462 3708 3518 prc-

2121 3563 2202 3617 bat
2234 3571 2278 3616 ct
2307 3560 2538 3630 impium,
2557 3565 2735 3610 etcum
2763 3551 2847 3622 qui
2867 3559 3005 3603 autat
3031 3547 3224 3615 injusta
3247 3543 3352 3596 odit
3377 3542 3547 3595 anima
3572 3539 3702 3610 ejus.

2120 3658 2290 3717 Alius,
2329 3651 2426 3718 Qui
2455 3657 2591 3702 amat
2617 3644 2938 3716 injustitiam,
2974 3639 3091 3694 odio
3121 3637 3266 3690 habet
3287 3634 3508 3687 animant
3534 3646 3701 3684 suam.

2123 3749 2313 3807 Vidisti
2339 3754 2578 3818 paratqu
2610 3740 2911 3810 adjutorem
2934 3775 2948 3801 ,
2979 3739 3282 3803 promptum
3309 3725 3705 3796 opitulatorem,

2123 3847 2322 3915 ubique
2369 3846 2708 3910 prazsentem,
2751 3831 2931 3886 omnia
2978 3825 3269 3887 videntem,
3319 3819 3496 3874 omnia
3535 3815 3707 3884 respi-

2124 3940 2350 3994 cientem
2385 3951 2398 3985 :
2429 3929 2584 3999 cujus
2621 3927 2725 3980 hoc
2761 3921 2992 3977 maxime
3018 3929 3210 3970 munus
3243 3920 3345 3977 est,
3389 3909 3488 3963 etsi
3535 3907 3708 3961 nullus

2126 4045 2247 4087 eum
2270 4033 2444 4097 rogat,
2462 4018 2763 4094 providere,
2792 4027 2973 4069 curam
2989 4023 3204 4080 gerere,
3233 4017 3328 4058 eos
3352 4001 3439 4072 qui
3458 3999 3708 4069 iujuriam

2128 4095 2682 4189 faciuntâ€”prohibere,
2716 4108 2782 4164 iis
2815 4104 3006 4176 quibus
3050 4100 3108 4153 fit
3149 4095 3338 4165 injuria
3373 4103 3705 4154 succurrere,

2128 4218 2338 4274 illorum
2366 4220 2511 4266 recte
2540 4205 2674 4260 facta
2705 4193 3056 4259 remunerari,
3085 4190 3167 4244 his
3193 4200 3292 4258 pro
3318 4182 3548 4254 peccatis
3580 4193 3709 4248 sup-

2130 4308 2283 4382 plicia
2310 4304 2550 4374 infligere
2577 4300 2599 4353 ?
2622 4296 2765 4354 Nihil
2793 4308 2920 4363 ergo
2951 4291 3198 4359 ignorat:
3243 4280 3380 4334 oculi
3423 4276 3566 4332 enim
3597 4271 3715 4341 ejus

2130 4363 2313 4458 orbem
2342 4363 2499 4452 terim
2528 4389 2822 4461 reSpiciunt
2848 4385 2923 4455 (2.
2958 4379 3139 4436 Paral.
3172 4377 3259 4433 16.
3283 4373 3361 4445 9).
3392 4371 3509 4426 ÎÎ¿Î¹Î¹
3539 4363 3715 4420 solum

2131 4504 2308 4548 autem
2337 4491 2458 4552 hoc,
2491 4483 2584 4540 sed
2610 4484 2767 4538 etiam
2796 4495 2858 4534 ea
2884 4476 3000 4530 vult
3018 4473 3300 4542 corrigere.
3334 4467 3402 4522 Et
3430 4463 3549 4518 ideo
3579 4458 3716 4512 alius

2132 4598 2343 4655 quoque
2391 4550 2563 4650 ipsum
2617 4571 2923 4643 significans
2966 4565 3196 4628 dicebat,
3233 4559 3432 4614 Justus.
3463 4553 3520 4610 Si
3573 4550 3717 4607 enim

2127 4680 2326 4750 justus,
2354 4655 2459 4727 non
2488 4668 2704 4724 inducet
2751 4665 2803 4717 in
2848 4660 3082 4716 animum
3121 4663 3180 4709 ut
3223 4655 3335 4706 haec
3375 4660 3574 4704 temere
3603 4643 3718 4697 fieri

2132 4735 2425 4843 permutat.
2474 4765 2765 4817 Aversatur
2816 4753 3007 4816 malos,
3051 4748 3231 4806 laudat
3271 4745 3464 4814 justos.
3516 4735 3719 4792 Deinde

2133 4831 2276 4935 quod
2307 4861 2359 4914 in
2386 4855 2551 4929 priori
2582 4850 2794 4908 PSalmo
2830 4845 3060 4910 dicebat,
3099 4837 3386 4894 ostendens
3430 4831 3560 4888 satis
3598 4844 3720 4884 esse

2134 4923 2321 5009 vitium
2353 4923 2420 5004 ad
2450 4949 2595 5018 ipsos
2619 4937 3031 5001 consumendos,
3078 4933 3178 4987 hoc
3217 4930 3306 4986 hic
3330 4928 3490 4983 etiam
3518 4923 3719 4994 signiti-

2138 5061 2267 5101 cans
2297 5014 2607 5112 subjunxit:
2637 5035 2736 5102 Qui
2760 5041 2928 5086 autem
2964 5035 3102 5080 amat
3126 5021 3451 5094 injustitiam,
3481 5018 3586 5072 odit
3610 5014 3724 5068 ani-

2137 5152 2273 5190 mam
2317 5147 2480 5188 suam.
2523 5127 2620 5184 Est
2647 5124 2788 5180 enim
2813 5119 3010 5176 anima:
3036 5115 3308 5170 inimicum
3335 5110 3518 5165 vitium
3540 5147 3556 5173 ,
3585 5103 3722 5160 infe-

2138 5239 2301 5291 stum,
2328 5235 2381 5280 et
2409 5219 2762 5294 perniciosum
2790 5233 2802 5267 :
2825 5225 2994 5283 quare
3022 5208 3124 5262 vel
3143 5214 3268 5261 ante
3292 5200 3609 5273 supplicium
3633 5197 3720 5250 dat

2139 5289 2320 5390 ptenas
2367 5289 2656 5384 improbus.
2692 5305 2879 5362 Vidisti
2925 5298 3194 5372 quomodo
3235 5294 3466 5364 undique
3491 5289 3721 5344 ostendit

2141 5407 2476 5466 adversarios
2528 5401 2680 5456 facile
2717 5398 2834 5467 capi
2880 5407 3056 5464 posse,
3099 5404 3218 5444 cum
3256 5394 3311 5440 et
3344 5384 3503 5438 talem
3533 5379 3722 5432 habeat

2141 5504 2463 5573 adjutorem,
2491 5505 2545 5550 et
2565 5513 2593 5547 a
2617 5490 2844 5564 propriis
2867 5487 2940 5542 illi
2965 5484 3129 5539 armis
3157 5481 3454 5541 vincantur,
3487 5487 3580 5542 per
3604 5484 3724 5540 qua:

2143 5597 2474 5659 muniuntur,
2498 5605 2592 5660 per
2619 5602 2680 5642 ea
2708 5600 2766 5640 se
2793 5586 3188 5638 consumentes,
3213 5579 3268 5627 et
3291 5570 3493 5639 seipsos
3523 5563 3723 5620 Luden-

2209 5820 2224 5850 Î¹
2251 5817 2334 5869 liae
2355 5828 2518 5877 voces,
2536 5819 2580 5866 et
2599 5824 2708 5864 cum
2730 5805 2826 5859 illis
2850 5804 3084 5868 opposuit,
3109 5799 3283 5850 desunt
3301 5788 3500 5840 iusavil.
3517 5795 3567 5839 et
3588 5785 3721 5839 Culb.
