4140 6356
432 347 535 404 H3

426 464 546 518 tes?
594 461 769 516 vidisti
816 461 998 516 auxilii
1051 459 1401 516 facilitatem?
1427 459 1617 530 Neque
1655 458 1797 515 enim
1835 458 2015 528 aliquo

423 555 679 622 eutnlum,
709 572 808 610 nec
833 556 1154 610 currendum
1184 563 1299 620 est,
1324 570 1423 609 nec
1450 557 1826 610 consumenda:
1857 566 2017 620 pecu-

427 648 550 713 niae,
580 636 701 701 cum
734 647 874 700 Deus
899 647 969 700 sit.
998 647 1192 716 ubique
1231 661 1488 715 praesens,
1518 656 1572 700 et
1596 643 1774 698 omnia
1817 641 2017 697 videat.

422 739 478 791 7.
513 737 665 791 Pluet
695 754 847 809 super
873 747 1156 808 peccatores
1190 737 1414 806 laqueos,
1450 736 1583 807 ignis
1618 745 1664 789 et
1692 734 1934 802 sulphur,
1967 743 2016 787 et

423 831 634 900 spiritus
680 830 1040 900 procellarum,
1085 847 1205 900 pars
1240 829 1412 883 colicis
1453 844 1648 882 eorum.
1680 827 1734 882 8.
1761 825 2016 894 Quoniam

425 923 588 986 iustus
627 921 898 986 Dominus,
949 931 996 976 et
1033 921 1266 992 justitias
1314 921 1512 988 dilexit,
1565 921 1852 990 (equitatem
1891 918 2014 972 vidit

421 1015 588 1067 vultus
626 1014 756 1085 ejus.
811 1013 981 1080 Alius,
1025 1011 1180 1067 Pluet
1220 1029 1372 1083 super
1411 1011 1610 1082 iniquos
1637 1009 1880 1065 carbones
1911 1008 2010 1079 (a).

421 1106 593 1171 Alius,
621 1105 966 1161 Rectitudines
991 1105 1173 1159 videbit
1193 1104 1359 1159 vultus
1379 1119 1570 1166 eorum,
1591 1101 1695 1157 hoc
1719 1112 1822 1165 est,
1840 1099 1986 1168 justo

422 1215 563 1262 rum,
596 1201 678 1256 vel
703 1200 862 1255 etiam
893 1198 1058 1269 ipsius
1080 1198 1195 1253 Dei.
1218 1197 1506 1268 Postquam
1533 1195 1670 1250 dixit
1691 1192 2011 1264 supplicium

421 1293 562 1362 quod
587 1307 654 1348 cx
675 1291 802 1346 vitio
821 1292 1008 1356 oritur,
1031 1290 1278 1360 quoniam
1307 1288 1460 1344 multi
1482 1288 1535 1344 id
1557 1293 1925 1351 contemnunt,
1943 1298 2012 1339 ex

425 1383 574 1452 plaga
601 1397 719 1451 quae
748 1396 982 1450 superne
1008 1379 1232 1435 infertur
1266 1388 1501 1434 mentem
1525 1377 1778 1447 deinceps
1807 1376 2010 1445 impro-

423 1472 613 1528 borum
627 1472 880 1537 concutit,
900 1456 1199 1542 emphatica
1219 1479 1274 1526 et
1287 1485 1401 1526 rem
1422 1469 1753 1540 ekprimente
1768 1467 2012 1522 oratione

425 1571 601 1630 utens,
656 1571 711 1617 et
760 1577 852 1633 per
899 1561 1116 1617 nomina
1171 1561 1429 1618 terribilia
1468 1560 1782 1631 procedens.
1827 1557 2010 1629 Ignem

419 1656 587 1719 enim,
618 1667 672 1710 et
691 1655 935 1727 sulphur,
964 1664 1018 1710 et
1046 1655 1293 1726 spiritum
1323 1655 1696 1726 procellarum,
1729 1661 1785 1710 et
1816 1653 2010 1708 carbo-

422 1761 540 1810 nes,
591 1746 780 1816 inquit,
830 1761 1062 1816 superne
1117 1745 1284 1817 pluet,
1326 1745 1616 1801 dictionum
1666 1744 2013 1801 translatione

424 1852 635 1906 pcenam
667 1837 1062 1904 inevitabilem,
1093 1835 1340 1907 supplicii
1369 1831 1756 1902 diversitatem,
1785 1833 2010 1890 feriendi

420 1928 748 1997 facilitatem,
770 1939 825 1984 et
847 1929 1199 1986 consumendi
1224 1929 1331 1984 vim
1353 1929 1541 1984 volens
1567 1927 1871 1984 ostendere.

490 2023 544 2078 5.
567 2022 702 2091 Quid
732 2033 833 2088 est,
877 2021 1012 2078 Pars
1040 2022 1214 2077 colicis
1238 2023 1449 2077 eorum?
1475 2021 1636 2089 ﬂare,
1679 2020 1871 2092 inquit,
1923 2028 2008 2076 est

419 2130 539 2170 Sors
567 2131 776 2183 eorum,
807 2116 920 2171 hinc
941 2115 1246 2185 possessio:
1284 2115 1339 2169 in
1377 2128 1445 2171 eo
1468 2114 1840 2180 versabuntur,
1868 2113 1921 2166 in
1943 2127 2010 2167 eo

417 2219 821 2264 consumentur.
872 2208 1076 2264 Deinde
1120 2221 1341 2263 causam
1381 2221 1597 2277 quoque
1641 2203 1818 2271 alTert,
1866 2201 2010 2274 quod

418 2301 507 2368 qui
529 2300 705 2354 omnia
735 2299 952 2370 respicit
983 2314 1093 2355 non
1120 2300 1394 2370 permittat
1436 2305 1498 2352 ut
1525 2297 1642 2353 haec
1666 2297 1884 2366 impune
1911 2295 2008 2350 ab-

418 2399 563 2444 eant.
591 2390 743 2459 Quod
775 2391 910 2446 alius
937 2391 1101 2447 etiam
1129 2390 1259 2446 dicit
1279 2388 1539 2460 propheta
1566 2405 1580 2442 :
1615 2386 1790 2442 Purus
1829 2385 2008 2442 oculus

418 2493 556 2547 tuus,
589 2500 653 2539 ne
691 2484 856 2538 videat
902 2484 1072 2552 mala,
1101 2493 1149 2538 et
1173 2500 1329 2551 super
1371 2483 1569 2537 labores
1616 2482 1865 2553 respicere
1905 2497 2009 2536 non

421 2576 604 2644 poteris
655 2591 673 2629 :
715 2574 818 2629 hoc
845 2591 1057 2646 quoque
1097 2575 1332 2630 ostendit
1359 2573 1448 2630 hic
1492 2573 1676 2629 dicens
1708 2591 1722 2627 :
1758 2572 2008 2639 Quoniam

412 2667 584 2736 justus
609 2665 878 2732 Dominus,
925 2674 973 2721 et
1004 2667 1238 2736 justitias
1291 2665 1468 2720 dilexit
1520 2663 1746 2734 (Habac.
1778 2665 1829 2719 1.
1877 2661 2002 2733 15).

419 2757 533 2813 Hoc
560 2757 652 2814 Dei
669 2767 751 2813 est
769 2757 1045 2826 eximium,
1067 2773 1188 2828 quae
1203 2759 1346 2828 justa
1369 2764 1493 2812 sunt
1517 2756 1824 2822 admittere,
1843 2755 2010 2825 atqui-

419 2862 581 2907 tatem
616 2851 866 2923 amplecti
895 2868 908 2906 :
938 2867 1038 2908 nec
1065 2868 1184 2923 quae
1208 2851 1366 2906 aliter
1387 2851 1538 2917 fiunt,
1564 2864 1813 2921 umquam
1842 2847 2007 2903 susti-

419 2945 616 3000 nuerit.

484 3035 807 3104 Comparatio
844 3035 1062 3106 passeris
1089 3051 1204 3089 cum
1230 3034 1402 3088 divite.
1427 3064 1500 3074 —
1527 3033 1817 3103 Propterea
1854 3031 2006 3088 Psal-

415 3143 560 3184 nmm
591 3127 869 3196 incipiens,
893 3125 1132 3182 dicebat:
1154 3125 1224 3179 In
1244 3124 1466 3180 Domino
1491 3124 1694 3193 conﬁdo
1715 3141 1734 3190 ;
1755 3125 2006 3197 quomodo

416 3221 583 3274 dicitis
609 3220 795 3274 anima:
838 3234 962 3272 mea:
993 3233 1013 3273 :
1035 3217 1364 3289 Transmigra
1407 3217 1463 3270 in
1501 3226 1695 3272 montes
1736 3217 1863 3272 sicut
1889 3233 2009 3288 pas-

415 3316 534 3368 ser?
562 3313 662 3381 Qui
688 3313 830 3368 enim
861 3311 914 3367 in
940 3311 1101 3367 rebus
1127 3310 1354 3366 terrenis
1377 3352 1392 3376 ,
1423 3319 1478 3365 et
1503 3310 1568 3364 iis
1609 3325 1730 3381 quae
1757 3308 1823 3364 ad
1871 3309 2007 3365 hanc

416 3409 577 3461 vitam
607 3407 894 3476 pertinent,
927 3404 1236 3468 confidunt,
1268 3403 1437 3460 nihilo
1475 3403 1665 3458 melius
1693 3403 2007 3460 afliciuntur

421 3515 580 3568 quam
613 3513 800 3568 passer
823 3497 914 3566 qui
942 3497 1112 3552 fidens
1149 3495 1446 3562 solitudini,
1500 3495 1660 3552 facile
1689 3497 1805 3567 capi
1829 3505 2004 3567 potest

415 3591 484 3645 ab
512 3590 780 3645 omnibus.
827 3587 971 3643 Talis
993 3597 1078 3644 est
1104 3588 1194 3659 qui
1210 3597 1388 3659 sperat
1416 3589 1468 3644 in
1497 3590 1769 3660 pecuniis.
1800 3589 2005 3658 Quem-

415 3683 702 3760 admodum
736 3697 918 3752 passer
941 3690 995 3737 et
1020 3697 1048 3734 a
1082 3683 1281 3752 pueris,
1303 3689 1358 3737 et
1379 3695 1408 3735 a
1439 3683 1585 3738 visco
1609 3683 1839 3752 capitur,
1869 3698 1901 3738 a
1927 3683 2008 3738 la-

414 3776 590 3845 queis,
622 3785 675 3830 et
699 3775 766 3830 ab
797 3774 919 3829 aliis
948 3773 1428 3830 innumerabilibus
1457 3790 1471 3828 :
1520 3773 1592 3828 ita
1621 3774 1782 3830 etiam
1809 3775 1900 3847 qui
1923 3785 2008 3832 est

412 3867 586 3928 dives.
613 3874 670 3922 et
701 3880 918 3920 suorum
941 3905 962 3931 ,
992 3873 1047 3920 et
1077 3865 1308 3921 hostium
1361 3865 1560 3935 petitur
1595 3865 1802 3921 insidiis
1833 3874 1924 3922 :et
1949 3866 2002 3921 in

412 3958 617 4029 majore
638 3972 798 4027 quam
820 3957 908 4011 ille
932 3964 1178 4011 versatur
1207 3955 1468 4027 periculo,
1498 3965 1556 4010 ut
1575 3956 1666 4027 qui
1688 3958 1886 4012 multos
1911 3957 2006 4012 ha-

412 4053 558 4116 heat,
584 4051 673 4121 qui
700 4050 902 4105 viscum
927 4049 1203 4115 adhibent,
1230 4057 1285 4105 et
1317 4056 1444 4103 ante
1469 4048 1612 4115 illos,
1639 4049 1809 4103 malas
1849 4049 2004 4118 cupi-

410 4145 640 4208 ditates;
669 4151 856 4212 estque
904 4156 1118 4211 semper
1153 4140 1577 4210 transmigrator,
1623 4154 1838 4210 semper
1865 4150 2003 4196 tem-

412 4235 528 4306 puri
565 4234 828 4299 serviens,
855 4239 910 4286 et
939 4232 1186 4288 lictorum
1225 4230 1334 4286 iras
1382 4231 1786 4300 pertimescens,
1813 4241 1867 4286 et
1895 4229 2002 4285 lm-

412 4327 678 4398 peratoris
729 4325 1170 4396 indignationem,
1200 4332 1254 4378 et
1281 4321 1616 4377 adulatorum
1661 4321 1898 4388 insidias,
1948 4330 2005 4377 et:

410 4421 627 4478 fraudes
667 4420 999 4483 amicorum;
1046 4427 1102 4472 et
1147 4430 1268 4470 cum
1323 4415 1506 4469 hostes
1561 4413 1832 4480 irruerint,
1885 4415 2002 4483 plus

413 4529 574 4586 quam
603 4527 794 4567 omnes
835 4510 1220 4576 contremiscit,
1249 4518 1303 4564 et
1327 4522 1448 4562 cum
1477 4518 1561 4562 est
1587 4523 1711 4576 pas,
1757 4507 2001 4577 suspica-

413 4619 500 4665 tur
529 4607 870 4664 insidiatores
899 4623 914 4659 :
948 4621 1120 4673 neque
1163 4603 1306 4658 enim
1334 4600 1495 4657 habet
1519 4601 1730 4655 divitias
1756 4600 1996 4664 stabiles,

411 4711 473 4758 et
491 4715 610 4771 quae
634 4697 834 4754 auferri
865 4704 1154 4765 nequeunt.
1191 4693 1315 4749 Ideo
1340 4709 1554 4762 semper
1578 4693 1720 4748 volat
1743 4701 1798 4746 et
1825 4701 1999 4747 trans-

412 4793 628 4862 migrat,
663 4798 873 4844 montes
916 4796 974 4841 et
1023 4786 1236 4840 deserta
1286 4799 1638 4854 persequens,
1687 4797 1903 4836 versans
1945 4782 2004 4835 in-

408 4884 667 4954 caligine,
689 4891 743 4937 et
771 4882 823 4935 in
859 4879 1089 4936 meridie
1115 4893 1326 4934 crassas
1354 4877 1554 4932 habens
1597 4876 1864 4942 tenebras,
1895 4875 1996 4930 do-

407 4978 595 5044 losqne
639 4981 872 5028 struens.
899 4970 1007 5026 Sed
1055 4985 1160 5023 non
1194 4968 1312 5024 talis
1353 4978 1436 5022 est
1473 4967 1668 5038 justus.
1712 4964 1818 5020 Via:
1861 4968 1994 5020 enim

396 5067 664 5139 jnstorum
688 5063 1008 5133 resplendent
1035 5063 1198 5115 instar
1217 5061 1343 5115 lucis
1372 5053 1554 5132 (Prov.
1590 5060 1643 5113 4.
1672 5057 1779 5129 l8).
1809 5058 1995 5128 Neque

406 5160 552 5216 enim
584 5156 802 5212 insidias
827 5169 1036 5225 parare,
1083 5168 1256 5223 neque
1291 5153 1543 5222 iniuriam
1589 5147 1762 5207 facere
1791 5152 1993 5206 consti-

405 5261 582 5319 tuunt,
609 5249 705 5306 sed
729 5251 966 5320 quietum
1009 5247 1206 5301 habent
1231 5245 1490 5300 animum.
1517 5243 1595 5298 llli
1623 5253 1799 5298 autem
1838 5243 1993 5299 dolos

404 5359 619 5414 semper
639 5349 926 5405 struentes,
955 5354 1168 5408 semper
1193 5346 1320 5392 sunt
1345 5338 1398 5392 in
1424 5346 1569 5392 metu
1596 5347 1650 5391 et
1675 5337 1727 5390 in
1755 5334 1993 5392 tenebris

402 5439 545 5494 sicut
583 5436 841 5499 latrones,
865 5447 1138 5488 murorum
1165 5429 1494 5501 perfossores
1523 5437 1576 5482 et
1606 5427 1835 5482 adulteri
1873 5445 1886 5482 :
1913 5427 1992 5481 iu-

468 5570 542 5634 (a)
564 5571 619 5620 ln
639 5577 826 5634 Grtcoo,
840 5578 918 5619 tau
941 5581 998 5618 ιιι
1258 5572 1444 5622 ἄνθρακας.
1462 5561 1615 5634 .Cujus
1635 5560 1698 5634 sit
1716 5560 1820 5634 haec
1843 5565 1990 5634 inter.

404 5623 615 5698 pretatio
634 5639 792 5682 Graeca
810 5623 1081 5693 ignoratur:
1108 5623 1197 5676 Ille
1223 5639 1365 5684 vero,
1394 5625 1613 5698 quisquis
1651 5623 1824 5681 fuerit,
1849 5627 1990 5698 Dm}:

406 5694 571 5766 vertit,
585 5711 778 5766 ίηορωις,
797 5700 1027 5766 carbones
1049 5712 1066 5749 :
1087 5712 1180 5747 nec
1193 5694 1579 5766 fortassenialez
1608 5707 1803 5766 ωιτη-ω(
1825 5697 1990 5746 radice

402 5773 503 5828 ΠΕ)
524 5756 856 5829 inﬂammandi
894 5763 1097 5813 verbum
1133 5760 1285 5809 oritur
1322 5760 1368 5806 iu
1403 5756 1551 5818 hiphil
1589 5761 1754 5820 ctn‘D
1778 5771 1988 5810 (ωσι-ειη

408 5835 661 5903 signiticet.
690 5835 812 5886 Vide
835 5836 1037 5885 chicun
1062 5839 1276 5882 nostrum
1299 5831 1350 5881 iu
1373 5833 1598 5881 tlcxanla.

1096 342 1154 401 S.
1192 342 1470 401 JOANNIS
1506 340 1981 398 CllliYSOSTOMI
2020 340 2337 397 ARCHIEP.
2379 337 2915 400 CONSTANTINOP.

3615 347 3716 401 1-H

2129 459 2300 513 terdin
2329 459 2518 516 vident
2560 461 2830 529 tenebras,
2859 477 2981 518 cum
3007 464 3078 518 sit
3103 477 3290 518 eorum
3317 464 3495 519 anima
3523 465 3717 518 timore

2121 553 2460 608 conturbata.
2493 553 2773 621 Quomodo
2799 571 2927 626 ergo
2967 567 3194 626 possunt
3225 557 3308 611 ha:
3344 557 3536 612 discuti
3566 566 3714 612 tene-

2120 643 2272 699 braa?
2295 644 2350 699 Si
2391 654 2442 698 te
2470 645 2538 700 ab
2567 645 2651 700 his
2679 646 2929 702 omnibus
2953 646 3254 717 sejunxeris
3273 687 3292 715 ,
3321 659 3377 702 et
3417 663 3446 701 a
3481 649 3572 704 Dei
3619 663 3716 718 spe

2121 736 2460 806 pependeris,
2495 738 2597 793 etsi
2625 739 2700 793 sis
2743 739 2937 794 millies
2967 749 3237 810 peccator.
3271 741 3524 811 Respicite
3545 743 3711 808 enim,

2120 826 2308 896 inquit,
2339 829 2407 880 ad
2432 831 2668 900 antiquas
2693 832 3064 900 generationes,
3092 842 3137 886 et
3160 832 3323 887 videte
3344 835 3456 904 quis
3483 836 3706 898 speravit

2119 917 2174 971 in
2211 916 2524 984 Dominum,
2555 931 2604 974 et
2632 924 2876 992 confusus
2923 931 2998 978 est
3030 923 3046 954 ¹
3078 921 3271 992 (Eccli.
3313 923 3370 978 2.
3415 923 3548 997 11).
3595 925 3720 980 Non:

2117 1007 2285 1075 dixit,
2309 1008 2492 1065 Justus
2526 1029 2539 1064 :
2569 1010 2665 1065 sed
2691 1051 2707 1078 ,
2734 1009 2860 1079 Quis
2881 1014 2907 1066 ?
2934 1013 3048 1068 Etsi
3073 1014 3176 1079 sit,
3206 1015 3413 1086 inquit,
3439 1028 3710 1086 peccator.

2123 1099 2240 1156 Hoc
2279 1101 2422 1156 enim
2451 1101 2794 1170 admirabile,
2821 1103 2965 1174 quod
2993 1104 3157 1159 etiam
3199 1115 3510 1176 peccatores
3549 1123 3713 1160 anco-

2117 1207 2233 1246 ram
2281 1189 2419 1247 banc
2449 1202 2730 1259 tenentes,
2780 1203 2906 1249 sunt
2947 1197 3196 1252 omnibus
3243 1198 3707 1270 inexpugnabiles.

2117 1283 2231 1339 lloc
2252 1293 2338 1340 est
2367 1284 2511 1340 enim
2556 1288 2788 1343 maxime
2830 1287 2886 1342 in
2917 1287 3085 1344 Deum
3136 1289 3453 1355 alfectionis,
3495 1293 3711 1362 quando

2115 1385 2196 1430 tot
2222 1376 2379 1432 malis
2404 1393 2691 1448 oppressus
2717 1380 2771 1434 in
2800 1379 2916 1450 ejus
2943 1381 3270 1453 benignitate
3295 1382 3542 1439 habuerit
3567 1384 3711 1438 lida-

2115 1466 2275 1522 ciam.
2303 1467 2605 1524 Sicutenim
2624 1470 2940 1527 maledictus
2965 1483 3049 1527 est
3066 1473 3157 1542 qui
3176 1482 3359 1543 sperat
3387 1473 3438 1527 in
3466 1473 3704 1538 homine,

2114 1556 2188 1612 ita
2212 1558 2371 1613 etiam
2397 1558 2587 1615 beatus
2611 1571 2696 1617 est
2723 1562 2814 1633 qui
2857 1571 3043 1632 sperat
3068 1563 3120 1618 in
3165 1563 3276 1619 Deo
3305 1562 3456 1636 (λεν.
3491 1565 3578 1620 l7.
3623 1563 3709 1637 5);

2115 1650 2200 1706 Ab
2222 1651 2472 1707 omnibus
2497 1667 2627 1724 ergo
2657 1661 2712 1709 te
2758 1654 3063 1726 sejungens,
3109 1655 3247 1711 hanc
3273 1667 3396 1712 tene
3424 1671 3708 1716 ancoram.

2117 1740 2259 1797 Deus
2284 1742 2428 1798 enim
2469 1743 2648 1799 omnia
2688 1745 2949 1813 intuetur,
2975 1747 3117 1817 juste
3140 1746 3365 1818 iudicat,
3395 1757 3451 1804 et
3476 1765 3581 1803 non
3611 1765 3705 1803 so-

2114 1833 2222 1888 lum
2249 1833 2475 1904 judicat,
2498 1833 2594 1892 sed
2619 1837 2778 1892 etiam
2805 1837 2870 1892 ad
2899 1853 3035 1907 opus
3058 1837 3272 1893 deducit
3298 1855 3312 1892 :
3336 1848 3390 1893 et
3407 1839 3526 1894 ideo
3549 1851 3698 1908 post-

2111 1939 2272 1996 quam
2294 1925 2429 1981 dixit
2447 1926 2516 1981 de
2543 1928 2904 1997 ejusjustitia,
2932 1930 3166 1986 ostendit
3189 1931 3353 1986 etiam
3383 1933 3702 2002 supplicium

2111 2031 2212 2086 per
2238 2017 2441 2088 ignem,
2470 2033 2569 2089 per
2595 2021 2881 2091 procellam
2910 2037 2926 2075 :
2957 2021 3060 2078 hoc
3105 2031 3286 2078 autem
3331 2023 3458 2079 facit
3489 2024 3703 2080 illormn

2112 2122 2295 2163 curam
2319 2124 2535 2180 gerens,
2573 2120 2629 2166 et
2658 2127 2754 2182 per
2787 2112 3103 2182 supplicium
3145 2114 3377 2169 reddens
3416 2116 3708 2170 modestio-

2113 2213 2221 2255 res.
2249 2201 2511 2258 Omnibus
2538 2219 2668 2275 ergo
2693 2204 2762 2260 de
2791 2205 2968 2261 causis
2995 2207 3062 2261 ad
3092 2221 3212 2261 eum
3260 2208 3575 2262 accedamus
3593 2249 3609 2267 .
3651 2219 3707 2264 et

2112 2303 2374 2362 perpetuo
2405 2295 2472 2350 ad
2501 2311 2628 2350 eum
2654 2297 3026 2367 respiciamus.
3055 2298 3128 2352 Ita
3157 2300 3300 2354 enim
3333 2301 3494 2355 etiam
3525 2304 3702 2356 omnia

2112 2382 2251 2438 bona
2291 2399 2682 2455 consequemur
2719 2387 2772 2441 in
2801 2387 3016 2442 Christo
3040 2388 3166 2444 .lesn
3214 2391 3441 2446 Domino
3495 2401 3702 2458 nostro,

2113 2474 2200 2531 cui
2225 2475 2392 2547 gloria
2424 2477 2478 2532 in
2509 2479 2702 2533 sarcula
2733 2479 3080 2534 saeculorum.
3110 2482 3306 2538 Amen.

2433 2629 2796 2692 EXPOSITIO
2838 2632 2906 2690 IN
2936 2627 3260 2693 PSALMUM
3291 2637 3380 2692 XI.

2115 2768 2167 2822 1.
2197 2765 2262 2823 In
2305 2770 2458 2838 ﬁnem
2503 2786 2598 2840 pro
2640 2781 2835 2824 octava.
2879 2770 3063 2835 Alius,
3109 2772 3340 2827 Victoriae
3377 2785 3568 2827 αιισευτι
3609 2793 3704 2844 pro

2289 2872 2481 2915 octava.
2511 2861 2767 2917 Hebraeus
2790 2873 2991 2929 autem,
3018 2864 3318 2930 Aseminith,
3348 2865 3533 2935 inquit.

2109 2951 2165 3006 2.
2199 2952 2413 3007 Salvum
2458 2969 2537 3007 me
2579 2957 2684 3025 fac,
2715 2952 2954 3020 Domine,
2984 2959 3222 3024 quoniam
3261 2956 3440 3025 defecit
3465 2968 3697 3023 sanctus,

2180 3047 2423 3118 quoniam
2445 3047 2708 3101 diminuta:
2746 3056 2862 3100 sunt
2909 3048 3138 3102 veritates
3172 3063 3204 3101 α
3249 3047 3370 3112 ﬁliis
3416 3048 3698 3103 frontium».

2181 3139 2354 3207 Alius,
2387 3139 2642 3205 Quoniam
2670 3141 2924 3194 terminati
3019 3149 3149 3193 sunt
3206 3140 3383 3210 ﬁdeles
3405 3156 3438 3194 a
3462 3140 3583 3210 ﬁliis
3608 3141 3701 3194 [ως

2183 3235 2399 3289 minam.

2183 3345 2237 3401 l.
2265 3344 2444 3400 Ardua
2465 3343 2681 3415 quidem
2709 3358 2798 3400 res
2815 3351 2899 3400 est
2923 3344 3112 3411 virtus,
3133 3351 3189 3399 et
3218 3357 3313 3413 per
3341 3357 3400 3398 se
3427 3344 3662 3399 difﬁcilis
3681 3355 3699 3409 ;‘

2110 3439 2342 3494 maxime
2369 3447 2568 3504 autem,
2598 3437 2812 3508 quando
2841 3438 2932 3507 qui
2960 3445 3215 3506 operatur
3239 3452 3363 3493 cum
3389 3451 3575 3508 magna
3602 3439 3699 3491 ho-s

2110 3547 2304 3588 norum
2331 3531 2568 3585 virorum
2599 3530 2868 3602 paucitate
2913 3541 3174 3585 versatur.
3219 3529 3368 3584 Sicut
3410 3530 3555 3584 enim
3600 3531 3700 3584 iter

2109 3625 2284 3698 agenti
2308 3624 2459 3680 labor
2477 3630 2561 3680 est
2582 3667 2597 3691 ,
2629 3625 2799 3679 multo
2836 3624 3004 3694 magis
3036 3631 3216 3677 autem
3241 3623 3285 3676 si
3318 3622 3464 3677 solus
3489 3627 3558 3677 sit
3583 3625 3697 3676 via-

2113 3727 2216 3782 tor,
2245 3729 2300 3772 et
2338 3717 2455 3772 sine
2498 3716 2598 3769 viae
2637 3717 2877 3771 comite:
2912 3715 2987 3769 ita
3010 3715 3097 3769 hic
3135 3714 3315 3768 etiam.
3372 3708 3485 3768 Non
3537 3723 3703 3784 parva

2110 3810 2252 3865 enim
2282 3820 2371 3863 res
2396 3816 2478 3862 est
2515 3805 2737 3861 fratrum
2760 3807 2988 3862 societas
3013 3815 3065 3861 et
3099 3804 3419 3860 adhortatio.
3469 3806 3535 3869 Et
3577 3803 3700 3860 ideo

2109 3898 2235 3953 dicit
2263 3899 2422 3954 etiam
2455 3897 2668 3965 Paulus,
2693 3896 3078 3952 Considerantes
3104 3912 3188 3950 vos
3207 3895 3345 3966 ipsos
3362 3897 3431 3949 ad
3457 3909 3697 3965 provoca-

2111 3991 2294 4044 tionem
2330 3989 2613 4044 dilectionis
2642 3997 2688 4042 et
2723 3987 2976 4042 bonorum
3007 4003 3214 4058 operum
3244 3985 3432 4059 (Hebr.
3465 3987 3552 4041 10.
3578 3986 3693 4058 24).

2110 4080 2179 4136 Et
2207 4081 2328 4135 ideo
2369 4089 2494 4136 sunt
2537 4073 2627 4136 vel
2671 4080 2905 4134 maxime
2950 4077 3090 4134 beati
3138 4077 3410 4148 judicandi
3463 4087 3695 4145 veteres,

2109 4186 2214 4231 non
2239 4175 2378 4246 quod
2411 4183 2556 4230 recte
2581 4177 2636 4229 et
2680 4188 2748 4228 ex
2773 4173 2969 4228 virtute
2995 4187 3054 4226 se
3081 4171 3352 4242 gesserint
3375 4211 3390 4234 ,
3425 4171 3518 4225 sed
3546 4163 3697 4240 quod

2108 4276 2242 4332 tum,
2268 4281 2392 4323 cum
2419 4280 2610 4336 magna
2640 4274 2786 4321 esset
2805 4257 3016 4319 virtutis
3041 4261 3314 4329 sterilitas,
3350 4271 3404 4317 et
3428 4272 3698 4332 nusquam

2107 4369 2427 4433 apparerent
2453 4359 2545 4431 qui
2584 4374 2645 4416 se
2689 4367 2839 4415 recte
2864 4365 3133 4428 gererent.
3175 4355 3291 4410 Hoc
3330 4369 3466 4426 ergo
3487 4353 3694 4426 signiti-

2107 4471 2234 4511 cans
2260 4464 2473 4525 quoque
2496 4452 2770 4522 Scriptura
2798 4450 3008 4506 dicebat
3035 4457 3053 4504 ἐ
3082 4445 3198 4502 Noe
3213 4450 3411 4518 justus,
3440 4453 3697 4520 perfectus

2104 4549 2158 4602 in
2185 4548 2505 4619 generatione
2528 4555 2623 4600 sua
2652 4543 2800 4615 (Gen.
2829 4543 2884 4597 6.
2915 4542 3003 4612 9).
3051 4541 3344 4610 Propterea
3368 4541 3696 4597 admiramur

2105 4637 2402 4703 Abraham,
2421 4646 2703 4706 pr0pterea
2723 4635 2842 4700 Let,
2862 4640 3151 4703 propterea
3169 4629 3391 4698 Mosem,
3412 4630 3560 4704 quod
3581 4635 3693 4691 velis

2105 4732 2182 4786 uti
2217 4733 2271 4786 in
2302 4727 2562 4801 profunda
2585 4737 2740 4783 nocte
2761 4726 2932 4781 Stella:
2956 4733 3298 4797 apparerent,
3328 4736 3384 4782 et
3416 4737 3696 4798 tamquam

2103 4840 2243 4879 rosae
2270 4823 2407 4877 inter
2434 4823 2638 4889 spinas,
2677 4827 2734 4875 et
2772 4831 2900 4874 oves
2941 4819 3082 4874 inter
3122 4818 3276 4888 lupos
3329 4816 3694 4875 innumeram-

2103 4911 2204 4981 les,
2233 4923 2290 4970 ut
2325 4913 2413 4984 qui
2440 4914 2580 4966 viam
2607 4909 2856 4966 omnibus
2879 4912 3206 4966 contrariam
3257 4911 3688 4980 ingrederentur,

2101 5005 2554 5076 emptumqneiter
2574 5004 2791 5059 minime
2814 5005 3283 5071 in‘t‘errumperent.
3309 5002 3362 5055 Si
3387 5001 3490 5057 hoc
3515 5003 3698 5071 ipsum

2100 5101 2241 5156 enim
2263 5109 2347 5153 est
2366 5097 2582 5152 difﬁcile
2609 5098 2660 5151 in
2679 5095 3038 5158 multitudine,
3062 5105 3116 5151 et
3145 5096 3242 5165 qui
3261 5095 3441 5151 multis
3470 5105 3690 5150 conn-a-

2100 5193 2235 5247 rium
2281 5191 2382 5244 iter
2435 5188 2853 5259 ingredientibus
2909 5184 3034 5256 ipse
3067 5179 3212 5240 solbs
3263 5198 3445 5241 contra
3496 5181 3686 5250 tencﬁt,

2099 5283 2307 5353 magnis
2331 5281 2561 5336 afficitur
2588 5281 2863 5344 mol’eSIiis‘,
2884 5290 2938 5334 et
2959 5281 3002 5334 si
3034 5281 3086 5334 i'n
3111 5279 3443 5350 navigatione
3472 5289 3558 5334 est‘
3579 5278 3686 5332 dif-

2099 5373 2256 5440 ficile,
2288 5389 2410 5430 cum
2443 5373 2633 5427 ﬂuctus
2659 5380 2714 5427 et
2737 5381 2907 5426 :eslus’
2928 5381 3112 5426 contra
3143 5371 3344 5426 feratur
3367 5412 3382 5435 ,
3413 5385 3600 5424 navem
3633 5370 3686 5424 in

2097 5469 2423 5524 contrarium
2441 5467 2667 5536 dirigere
2698 5485 2711 5519 :
2744 5466 2911 5519 multo
2927 5465 3161 5533 magis’in
3191 5466 3406 5518 virtute.
3428 5463 3682 5530 Propter-

2097 5578 2160 5617 ea
2201 5559 2288 5618 hic
2324 5573 2535 5633 quoque
2556 5557 2752 5630 justus,
2781 5565 2843 5612 ut
2861 5557 2952 5627 qui
2980 5556 3125 5612 solus
3149 5569 3266 5611 eam
3294 5553 3679 5624 apprehende.

2161 5756 2176 5783 ι
2208 5752 2256 5799 In
2280 5749 2499 5800 Siracide
2529 5761 2617 5798 seu
2647 5747 2993 5810 Ecclesiastico
3015 5745 3227 5810 legitur,
3250 5741 3361 5808 quis
3387 5738 3586 5806 conﬁdit
3628 5737 3681 5791 in

2105 5810 2337 5866 Domino?
2367 5813 2458 5875 (τίς
2484 5812 2788 5862 ἐνεπίστευσε
2809 5809 2973 5873 Κυρίῳ
2992 5807 3035 5870 ;),
