4140 6356
393 369 495 425 H5

391 495 491 550 set,
519 484 730 539 czeteris
754 475 942 540 contra
970 485 1330 548 tendentibus,
1358 488 1596 555 confugit
1626 488 1692 542 ad
1719 489 1809 542 Dei
1842 502 1967 558 pro-

388 577 698 644 videntium,
731 578 952 634 dicens:
1011 579 1226 634 Salvum
1275 597 1354 633 me
1382 581 1486 649 fac,
1541 580 1776 634 Domine.
1831 581 1971 635 Nihil

385 684 515 739 ergo
558 671 644 725 hic
693 671 837 725 aliud
883 687 1042 741 quam
1091 671 1192 727 hoc
1231 673 1536 742 signiﬁcat:
1571 673 1811 744 Superna
1843 673 1971 728 mihi

387 776 545 816 manu
573 776 708 830 opus
761 770 864 829 est,
911 763 1111 817 ca-lesti
1155 778 1275 832 ope,
1309 774 1366 818 et
1409 766 1499 819 illo
1526 765 1707 820 divino
1751 766 1969 820 auxilio.

386 851 519 905 Cum
549 851 690 906 enim
715 853 852 907 viam
878 853 1144 924 ingrediar
1178 855 1426 910 omnibus
1469 859 1812 922 contrariam,
1854 873 1970 911 ma-

383 958 485 1010 gna
514 942 642 996 mihi
670 958 804 1012 opus
832 954 914 999 est
943 946 1291 1014 providentia.
1327 947 1394 1001 Et
1414 962 1519 1003 non
1549 947 1718 1002 dixit:
1750 947 1967 1004 Salvum

385 1050 472 1088 me
497 1033 597 1098 fac,
619 1035 870 1104 quoniam
915 1052 1019 1090 non
1047 1046 1129 1092 est
1152 1049 1366 1091 sanctus
1400 1055 1413 1091 :
1438 1038 1552 1101 sed,
1581 1039 1832 1106 Quoniam
1875 1040 1966 1093 de-

385 1126 501 1195 fecit
530 1136 754 1193 sanctus,
783 1127 1075 1182 ostendens
1101 1143 1196 1182 eos
1221 1131 1380 1183 etiam
1403 1130 1492 1199 qui
1519 1140 1692 1196 erant,
1720 1132 1963 1201 periisse,

385 1227 666 1286 postquam
694 1217 916 1274 invaluit
950 1221 1157 1285 vitium,
1190 1230 1244 1275 et
1289 1221 1505 1276 morbus
1531 1225 1770 1291 superior
1800 1223 1968 1278 factus

385 1315 490 1360 est.
522 1308 635 1364 Hoc
680 1309 874 1363 Paulus
899 1325 1111 1380 quoque
1139 1310 1289 1366 timet
1314 1311 1499 1366 dicens
1530 1329 1542 1364 :
1579 1311 1798 1366 Nesritis
1835 1315 1967 1383 quod

389 1413 568 1464 parum
597 1399 827 1468 [ermenti
855 1410 1010 1454 totum
1035 1418 1252 1456 massam
1280 1407 1545 1471 jizrmentat
1571 1403 1646 1475 (Ι.
1675 1402 1852 1459 Cor.5.
1875 1405 1966 1473 6)?

389 1490 454 1544 Et
478 1505 662 1545 rursus
694 1509 706 1543 :
753 1493 1093 1562 Corrumpunt
1134 1495 1293 1548 bonos
1321 1511 1482 1549 mores
1510 1497 1761 1565 colloquia
1812 1512 1967 1565 prava

387 1580 548 1653 (Ibid.
581 1583 666 1637 15.
693 1583 818 1652 '53).
861 1585 996 1651 Quid
1042 1596 1125 1640 est
1169 1597 1345 1640 autem
1374 1629 1388 1653 ,
1435 1587 1712 1641 Diminutu:
1739 1598 1855 1642 sunt
1884 1606 1968 1642 ve-

385 1678 598 1730 ritates?
645 1676 821 1731 Multae
884 1688 1010 1733 sunt
1067 1679 1337 1734 veritates.
1402 1680 1859 1746 Quemadmodum
1911 1684 1964 1735 in

387 1771 680 1837 coloribus,
709 1781 763 1825 et
783 1771 904 1826 aliis
934 1772 1219 1842 generibus
1241 1815 1256 1838 ,
1286 1773 1386 1827 alia
1412 1773 1626 1843 quidem
1654 1782 1777 1829 sunt
1817 1790 1961 1835 vera.

390 1861 493 1914 alia
525 1861 675 1926 falsa,
708 1872 762 1917 et
799 1872 881 1918 est
907 1879 1138 1934 purpura
1181 1881 1330 1927 vera,
1367 1874 1420 1919 et
1449 1881 1680 1934 purpura
1732 1865 1881 1929 falsa,
1911 1879 1965 1919 et

385 1951 436 2007 in
468 1969 626 2008 croco
647 1955 749 2027 (a),
770 1956 823 2010 in
850 1956 1125 2026 lapidibus,
1153 1957 1205 2010 in
1236 1958 1582 2021 aromatibus,
1605 1967 1657 2012 et
1679 1957 1796 2012 aliis
1819 1959 1963 2027 ejus-

387 2046 529 2100 modi
564 2066 578 2101 :
610 2049 678 2102 ita
708 2050 868 2103 etiam
899 2049 950 2103 in
991 2050 1296 2104 virtutibus.
1329 2047 1538 2104 Veritas
1559 2051 1701 2106 enim
1719 2051 1961 2121 estquod

382 2153 507 2193 vere
532 2149 616 2194 est
646 2159 659 2194 :
688 2142 1020 2198 mendacium
1049 2153 1227 2198 autem
1262 2143 1405 2213 quod
1431 2157 1536 2198 non
1557 2151 1660 2198 est.
1699 2143 1960 2211 Quoniam

379 2246 508 2300 ergo
529 2231 644 2286 haec
669 2233 873 2288 inversa
894 2243 946 2288 et
967 2233 1246 2288 obscurata
1271 2233 1499 2299 fuerant,
1525 2249 1628 2288 non
1653 2234 1793 2304 quod
1811 2249 1959 2288 suam

380 2323 740 2391 perdidissent
784 2327 1158 2390 substantiam,
1185 2326 1278 2380 sed
1309 2327 1450 2397 quod
1474 2327 1542 2382 ab
1572 2327 1875 2381 hominibus
1895 2328 1961 2381 de

380 2418 559 2472 medio
589 2418 794 2473 sublata
841 2419 1104 2474 fuissent:
1139 2430 1417 2490 propterea
1450 2436 1554 2474 non
1584 2419 1718 2474 dixit
1762 2421 1957 2486 solum,

379 2507 660 2564 Diminqu
707 2519 851 2576 sunt,
882 2511 974 2565 sed
1019 2511 1234 2580 adjecit,
1276 2512 1320 2564 Α
1370 2513 1490 2581 ﬁliis
1537 2514 1816 2577 hominum,
1859 2515 1959 2567 hoc

378 2601 548 2671 ipsum
562 2604 746 2658 volens
766 2605 1080 2674 signiﬁcare.
1099 2605 1386 2660 Considera
1417 2616 1612 2661 autem.
1629 2607 1725 2662 Est
1740 2617 1959 2662 ornatus

377 2708 553 2757 verus,
583 2703 665 2749 est
690 2696 849 2750 etiam
876 2695 1058 2750 falsus.
1089 2696 1219 2764 Quis
1245 2707 1326 2751 est
1355 2713 1482 2765 ergo
1513 2714 1668 2751 verus
1696 2699 1957 2753 ornatus?

377 2784 474 2850 Qui
500 2796 582 2839 est
609 2787 659 2838 in
689 2786 882 2840 anima.
914 2785 1042 2853 Quis
1077 2797 1159 2841 est
1186 2797 1363 2842 autem
1403 2787 1605 2842 falsus?
1633 2789 1735 2856 Qui
1765 2797 1854 2844 est
1895 2791 1949 2844 in

377 2891 621 2945 corpore.
655 2876 792 2930 Sunt
815 2877 1012 2932 divitia:
1034 2894 1194 2937 verae.
1227 2887 1353 2932 sunt
1378 2879 1535 2934 etiam
1563 2878 1730 2935 falsa}.
1761 2879 1953 2944 Falsas,

376 2968 719 3035 pecuniarum
745 2985 759 3021 :
809 2985 970 3035 verse,
1004 2980 1148 3024 recte
1178 2970 1459 3024 factorum.
1487 2971 1583 3025 Est
1613 2971 1792 3025 laetitia
1826 2971 1956 3026 hanc

375 3057 586 3124 quidem
612 3073 759 3124 vera,
789 3058 876 3112 illa
897 3075 1024 3115 vero
1053 3061 1202 3126 falsa,
1230 3061 1357 3115 item
1382 3061 1821 3130 pulchritudines,
1856 3077 1955 3132 po-

375 3148 575 3213 tentia),
621 3159 676 3202 et
719 3149 909 3218 gloria.
948 3149 1054 3206 Sed
1085 3152 1315 3205 maxima
1347 3167 1466 3221 pars
1507 3152 1802 3219 hominum,
1859 3152 1954 3206 bo-

375 3253 489 3292 rum
527 3240 748 3295 veritate
785 3242 991 3307 relicta,
1043 3257 1162 3310 quae
1205 3241 1336 3297 falsa
1385 3253 1508 3298 sunt
1545 3245 1881 3314 persequitur
1937 3263 1950 3299 :

374 3331 510 3384 sicut
548 3332 692 3385 enim
726 3341 808 3388 est
835 3333 995 3388 homo
1024 3349 1181 3388 verus
1222 3345 1277 3389 et
1303 3334 1501 3391 falsus:
1532 3350 1690 3390 verus
1714 3335 1950 3405 quidem,

373 3420 461 3488 qui
490 3421 617 3474 vivit
641 3430 694 3475 et
721 3433 1002 3491 operatur;
1027 3424 1190 3479 falsus
1211 3436 1387 3480 autem
1415 3426 1695 3496 quipictus
1721 3435 1805 3481 est
1831 3444 1844 3480 :
1879 3427 1950 3480 ita

372 3511 530 3565 etiam
555 3513 737 3569 videre
772 3530 1054 3584 possumus
1083 3517 1133 3570 in
1159 3516 1466 3571 virtutibus.

470 3602 544 3657 De
594 3607 763 3660 cordis
815 3606 1130 3676 dnplicitate.
1173 3638 1244 3648 —
1289 3610 1343 3663 5.
1391 3609 1538 3664 Vana
1586 3609 1780 3680 loquuti
1836 3619 1951 3664 sunt

372 3699 711 3768 unusquisque
760 3701 831 3753 ad
886 3703 1174 3771 proximum
1231 3718 1400 3756 suum.
1461 3701 1622 3756 Labia
1653 3702 1852 3770 dolosa,
1896 3705 1955 3759 in

371 3793 523 3844 corde
543 3802 589 3845 et
604 3793 754 3846 corde
777 3793 969 3864 loquuti
993 3806 1108 3848 sunt
1128 3796 1284 3849 mala.
1332 3795 1482 3849 Alius
1505 3795 1675 3863 dixit,
1699 3794 1766 3850 In
1803 3798 1955 3853 corde

371 3884 474 3936 alio
497 3893 544 3937 et
568 3885 670 3938 alio
700 3886 940 3955 loquitur.
972 3887 1086 3940 Duo
1115 3887 1203 3942 hic
1228 3886 1356 3941 dicit
1384 3887 1530 3953 vitia,
1560 3897 1616 3942 et
1642 3888 1784 3959 quod
1814 3904 1947 3944 vana

376 3973 576 4042 loquuti
603 3975 730 4039 sint,
760 3985 810 4029 et
837 3976 981 4045 quod
1017 3977 1260 4046 proximo
1301 3991 1402 4031 suo
1429 3994 1442 4030 :
1474 3978 1561 4032 vel
1585 3994 1645 4033 ea
1675 3995 1794 4048 qua:
1819 3979 1953 4034 falsa

371 4074 496 4118 sunt
517 4065 643 4119 dicit
670 4081 826 4132 vana,
856 4067 941 4122 vel
969 4083 1031 4122 ca
1061 4083 1180 4138 qua:
1206 4078 1330 4122 sunt
1355 4069 1620 4138 superﬂua
1647 4080 1703 4124 et
1723 4071 1949 4125 inutilia.

371 4155 502 4212 Tale
527 4158 651 4227 quid
673 4158 833 4213 etiam
863 4158 993 4214 dicit
1032 4160 1226 4214 Paulus
1255 4177 1268 4212 :
1304 4161 1388 4214 Ne
1409 4162 1687 4216 mentimini
1714 4162 1783 4216 ad
1818 4163 1952 4216 invi-

372 4268 476 4304 cem
505 4251 725 4323 (Coloss.
758 4253 810 4307 3.
858 4251 949 4324 9).
985 4253 1050 4307 Et
1095 4254 1239 4323 quod
1289 4261 1374 4308 est
1415 4254 1652 4308 omnium
1701 4257 1952 4326 gravissi-

371 4356 536 4404 mum,
566 4357 753 4398 omnes
769 4353 921 4398 erant
949 4345 1204 4414 corrupti.
1240 4345 1307 4399 Et
1353 4332 1601 4400 ideo'non
1651 4347 1805 4412 dixit,
1843 4347 1949 4414 hic,

373 4433 460 4487 vel
489 4433 601 4497 ille,
649 4435 764 4500 sed,
800 4433 1171 4507 Unusquisque.
1217 4435 1402 4506 Neque
1429 4437 1572 4491 enim
1609 4445 1721 4492 erat
1749 4446 1954 4493 tantum

373 4525 581 4588 vitium,
613 4525 751 4594 quod
782 4535 986 4581 nataret
1014 4527 1066 4580 in
1106 4525 1388 4596 superﬁcie
1416 4543 1429 4579 :
1453 4527 1547 4581 sed
1587 4536 1703 4582 erat
1748 4529 1800 4581 in
1827 4543 1952 4598 pro-

375 4616 558 4681 ﬁtndo,
585 4618 716 4671 etin
747 4617 928 4672 corde.
960 4617 1028 4672 In
1062 4617 1212 4672 corde
1238 4627 1284 4672 et
1321 4619 1373 4672 in
1413 4618 1565 4672 corde
1594 4635 1612 4673 :
1656 4619 1796 4690 quod
1821 4621 1954 4676 alius

375 4709 641 4778 interpres
678 4709 830 4774 dixit,
869 4707 937 4764 In
987 4711 1140 4765 corde
1166 4711 1269 4765 alio
1308 4720 1356 4765 et
1403 4712 1506 4764 alio
1543 4727 1564 4768 :
1594 4711 1795 4768 docens
1834 4728 1956 4769 esse

373 4817 620 4871 magnam
652 4805 704 4856 in
727 4802 891 4857 corde
917 4803 1300 4872 dnplicitatem.
1331 4805 1444 4861 Hoc
1478 4815 1562 4861 est
1584 4808 1830 4862 omnibus
1854 4807 1956 4860 ho-

375 4894 548 4947 stibus
589 4894 851 4948 acerbius.
902 4893 981 4949 llli
1034 4896 1175 4950 enim
1206 4905 1327 4950 sunt
1381 4897 1570 4966 aperti,
1605 4896 1746 4952 unde
1794 4898 1955 4952 etiam

375 4983 531 5040 facile
573 4995 795 5056 possunt
820 4988 995 5042 caveri
1023 5004 1037 5041 :
1069 4987 1121 5042 hi
1152 5004 1279 5043 vero
1306 5005 1426 5044 cum
1461 4990 1620 5044 aliam
1670 5005 1954 5060 personam

376 5091 486 5146 pra:
522 5092 582 5132 se
610 5079 800 5144 ferant,
830 5089 885 5134 et
927 5080 1034 5134 sint
1068 5080 1234 5142 aliud,
1283 5083 1442 5137 abiis
1493 5082 1684 5153 quibus
1732 5085 1957 5140 tendunt

377 5168 598 5223 insidias
625 5185 730 5223 non
759 5170 913 5225 facile
952 5171 1423 5242 deprehenduntur
1443 5215 1458 5240 ,
1488 5176 1655 5230 multo
1683 5177 1957 5246 graviores

377 5258 441 5312 iis
460 5261 548 5330 qui
570 5260 771 5330 gladios
799 5262 1148 5317 abscondunt.
1175 5265 1229 5318 4.
1263 5263 1526 5335 Disperdet
1545 5265 1797 5320 Dominus
1825 5269 1946 5321 uni-

375 5365 518 5406 versa
542 5352 676 5405 labia
703 5353 908 5419 dolosa,
940 5356 1166 5425 linguam
1195 5358 1588 5428 magniloquam,
1619 5359 1671 5414 5.
1701 5359 1788 5429 qui
1814 5361 1959 5414 dixe-

375 5454 494 5497 runt
513 5444 801 5514 :Linguam
826 5457 1050 5500 nostram
1081 5449 1535 5518 magni/icabimus.
1569 5451 1716 5505 Alius
1738 5492 1752 5515 ,
1784 5451 1959 5505 Domi-

379 5535 634 5588 nubimur.
667 5535 829 5590 Labia
870 5549 1045 5592 nostra
1083 5540 1222 5608 apud
1249 5558 1340 5595 nos
1377 5551 1513 5596 sunt.
1545 5544 1716 5609 Alius,
1763 5543 1960 5598 Adsunt

381 5627 657 5682 uobiscum.
716 5628 843 5696 Quis
871 5641 1038 5685 noster
1077 5632 1327 5689 Dominus
1351 5636 1474 5689 est?
1519 5636 1688 5704 Alius,
1722 5636 1848 5705 Quis
1869 5653 1962 5692 no-

444 5795 517 5859 (a)
551 5805 632 5848 Hae
653 5811 816 5861 voces,
841 5807 886 5853 et
907 5815 957 5852 tu
977 5814 1136 5866 croco,
1161 5804 1339 5858 desunt
1362 5807 1408 5857 in
1432 5807 1592 5858 Morel.

1455 371 1812 428 EXPOSITIO
1855 370 1916 426 IN
1957 369 2278 426 PSALMUM
2316 372 2407 425 XI.

3564 379 3663 438 156

2079 489 2172 540 stri
2197 486 2587 540 dominabitur?
2622 488 2806 543 Vidisti
2852 493 3121 560 quomodo
3143 509 3324 548 corium
3365 510 3546 550 curam
3566 513 3661 567 ge-

2076 583 2146 634 rit
2169 581 2448 650 propheta,
2476 583 2740 650 quomodo
2759 601 2853 652 pro
2883 585 2961 640 eis
2985 589 3140 642 orat?
3163 587 3345 657 Neque
3366 593 3506 644 enim
3527 606 3664 644 con-

2077 681 2153 725 tra
2184 673 2326 740 ipsos
2362 682 2465 736 est,
2498 673 2549 726 id
2579 674 2722 743 quod
2751 674 2952 730 dictum
2993 687 3094 742 est,
3139 681 3232 734 scd
3261 697 3356 748 pro
3376 682 3522 751 ipsis.
3555 682 3656 737 Ne:

2075 779 2177 832 que
2203 765 2344 818 enim
2371 765 2541 818 oravit
2572 776 2630 820 ut
2660 766 3028 834 perderentur,
3058 771 3150 826 sed
3173 783 3231 827 ut
3257 789 3442 827 eorum
3461 775 3648 829 vitium

2073 852 2141 907 de
2164 853 2340 908 medio
2370 854 2668 910 tolleretur.
2701 856 2818 912 Non
2858 858 2993 914 dixit
3046 862 3213 926 enim,
3265 863 3463 920 Perdet
3513 866 3660 936 ipsus

2073 946 2352 1014 Dominus,
2375 947 2490 1014 sed,
2517 947 2680 1003 Labia
2699 949 2897 1006 dolosa.

2140 1036 2193 1090 2.
2231 1035 2352 1091 Non
2387 1040 2564 1106 nostri,
2595 1041 2684 1094 sed
2708 1040 2910 1096 Domini
2929 1060 3119 1099 sumus.
3154 1045 3360 1102 Domini
3386 1049 3658 1120 potentiam

2072 1130 2303 1183 universa
2331 1139 2561 1184 creatura
2589 1133 2851 1202 prauiicat.
2877 1164 2952 1174 —
2975 1135 3044 1190 Et
3069 1153 3253 1192 rursus
3284 1154 3388 1193 non
3413 1140 3658 1195 substan-
3693 1206 3700 1214 _

2071 1219 2326 1294 tiam,_sed
2357 1220 2610 1291 linguam,
2630 1225 3010 1295 arrogantiam,
3038 1225 3280 1283 fraudem
3306 1229 3417 1284 vult
3436 1230 3654 1297 auferri,
3696 1220 3702 1234 ’

2070 1311 2374 1379 superbiam
2402 1314 2660 1369 exscindi.
2694 1314 2928 1372 lrridens
2951 1327 3130 1374 autem
3147 1334 3333 1375 eorum
3354 1320 3654 1388 stultitiam,
3701 1331 3710 1344 '

2069 1399 2218 1466 dicit,
2243 1400 2403 1456 Labia
2429 1413 2602 1458 nostra
2626 1406 2767 1474 apud
2789 1424 2880 1461 nos
2909 1418 3046 1462 sunt.
3069 1409 3194 1476 Quis
3216 1420 3381 1465 noster
3407 1409 3656 1466 Dominus

2070 1494 2192 1547 est?
2245 1495 2558 1552 lnsanorum
2585 1507 2640 1552 et
2681 1511 2862 1556 mente
2891 1511 3168 1571 captorum
3211 1504 3394 1559 verba.
3425 1505 3494 1559 Et
3535 1505 3656 1560 ideo

2071 1584 2265 1638 Paulus
2285 1601 2440 1641 secus
2455 1603 2613 1657 quam
2640 1589 2674 1642 ii
2695 1589 2941 1660 loquens,
2959 1592 3177 1648 suadet:
3205 1593 3327 1648 Non
3345 1595 3459 1649 estis
3480 1596 3651 1660 vestri,

2069 1677 2228 1743 pretio
2253 1679 2407 1747 empti
2435 1681 2554 1733 estis
2581 1679 2658 1752 (l.
2679 1681 2796 1736 Cor.
2826 1683 2879 1738 6.
2901 1683 2988 1740 l9.
3007 1683 3136 1756 20):
3166 1694 3220 1739 et
3245 1685 3396 1755 jubet
3424 1702 3515 1740 eos
3545 1704 3650 1740 non

2069 1768 2301 1837 sihiipsis
2325 1770 2526 1825 vivere.
2543 1771 2660 1826 Non
2686 1784 2808 1827 sunt
2830 1783 2918 1828 tua
2950 1775 3107 1843 labia,
3128 1777 3221 1832 sed
3243 1777 3449 1831 Domini
3473 1777 3648 1848 (Rom.

2069 1861 2154 1915 M.
2191 1863 2266 1930 7).
2301 1861 2417 1930 lpse
2443 1864 2583 1917 enim
2610 1879 2670 1918 ea
2703 1865 2846 1931 fecit,
2867 1868 2979 1936 ipse
3000 1867 3325 1934 construxit,
3353 1868 3465 1938 ipse
3488 1870 3649 1923 vitam

2069 1953 2364 2022 inspiravit.
2393 1956 2462 2009 At
2495 1965 2548 2010 tu
2580 1955 2783 2011 habes?
2819 1957 2924 2013 Sed
2966 1974 3069 2012 non
3108 1959 3286 2012 omnia
3325 1974 3445 2029 quae
3483 1958 3648 2015 habe-

2066 2059 2211 2107 mus,
2257 2056 2436 2100 nostra
2475 2056 2598 2101 sunt
2638 2066 2651 2101 :
2696 2050 2946 2118 pecunias
2984 2051 3126 2105 enim
3167 2051 3462 2116 habemus,
3514 2068 3646 2121 quas

2063 2135 2150 2190 alii
2203 2137 2343 2206 apud
2391 2152 2490 2192 nos
2534 2138 2929 2209 deposuerunt;
2961 2151 3014 2195 et
3040 2156 3196 2212 agros
3234 2141 3528 2197 conductos
3556 2143 3649 2196 ha-

2065 2226 2271 2292 bemus,
2303 2243 2437 2297 quos
2469 2229 2558 2284 alii
2600 2231 2752 2286 nobis
2792 2231 3076 2287 dederunt.
3118 2233 3195 2288 Ita
3229 2233 3344 2289 haec
3363 2234 3523 2289 etiam
3553 2235 3648 2289 tibi

2063 2319 2262 2374 locavit
2300 2321 2575 2386 Christus,
2618 2338 2723 2377 non
2764 2333 2822 2378 ut
2853 2323 2995 2379 feras
3040 2325 3252 2394 spinas,
3285 2325 3381 2380 Sed
3421 2336 3477 2380 ut
3516 2341 3648 2381 cou-

2064 2423 2244 2466 vertas
2270 2414 2473 2467 semina
2503 2413 2569 2467 ad
2598 2413 2649 2469 id
2686 2415 2829 2484 quod
2858 2425 2941 2471 est
2967 2416 3128 2480 utile;
3162 2433 3266 2470 non
3310 2427 3366 2470 ut
3395 2433 3649 2486 arrogan-

2065 2502 2214 2563 tiam,
2248 2519 2349 2555 non
2384 2512 2439 2556 ut
2462 2503 2666 2566 dolum.
2695 2504 2790 2559 sed
2834 2515 2892 2559 ut
2924 2505 3298 2570 humilitatem.
3329 2515 3382 2560 et
3411 2506 3642 2570 laudem,

2060 2611 2123 2649 ac
2149 2595 2600 2660 benedictionem,
2632 2597 3082 2667 dilectionemque
3121 2614 3217 2667 per
3242 2614 3302 2653 ea
3344 2597 3646 2668 germinare

2060 2701 2234 2741 cures.
2260 2687 2326 2741 Et
2353 2687 2499 2742 dedit
2521 2689 2728 2751 oculos,
2749 2705 2855 2742 non
2881 2699 2938 2742 ut
2967 2689 3232 2758 impudice
3259 2690 3519 2758 aspicias:
3549 2689 3644 2742 sed

2061 2789 2119 2832 ut
2144 2779 2288 2849 ipsos
2317 2794 2477 2834 ornes
2506 2783 2891 2857 temperantia:
2917 2789 2972 2835 ct
3001 2796 3212 2845 manus,
3245 2796 3354 2835 non
3382 2790 3438 2834 ut
3463 2779 3641 2843 ferias,

2059 2872 2152 2926 sed
2183 2882 2241 2926 ut
2266 2874 2661 2944 eleemosynam
2688 2875 2951 2944 largiaris.
2974 2873 3254 2940 Quomodo
3283 2885 3459 2928 autem
3486 2873 3638 2934 dicis,

2061 2959 2220 3015 Labia
2251 2973 2422 3016 nostra
2445 2975 2563 3016 sunt
2592 2965 2731 3033 apud
2773 2981 2884 3030 nos,
2912 2963 3125 3030 quando
3153 2980 3214 3018 ea
3256 2964 3458 3033 peccati
3490 2977 3642 3016 serva

2061 3053 2271 3121 feceris,
2311 3057 2526 3125 quando
2570 3055 2958 3123 fornicationis,
3000 3055 3214 3124 quando
3255 3053 3642 3111 immunditizn?

2061 3147 2187 3214 Quis
2225 3158 2297 3202 est
2340 3159 2509 3202 noster
2546 3148 2834 3203 Dominus?
2875 3149 2920 3204 Ο
2951 3150 3171 3204 verbum
3222 3149 3575 3204 diabolicum!
3608 3162 3642 3201 ο

2056 3239 2289 3294 animam
2319 3240 2743 3296 da‘moniacam!
2790 3240 2970 3308 Vides,
3015 3257 3048 3293 o
3099 3241 3280 3302 homo,
3332 3240 3640 3294 universam

2055 3341 2354 3386 creaturam
2386 3332 2681 3402 praedicare
2725 3333 2933 3387 Domini
2972 3333 3046 3386 tui
3079 3333 3391 3402 potentiam,
3425 3331 3640 3398 sapien-

2058 3423 2205 3486 tiam,
2234 3439 2442 3489 curam,
2479 3423 2909 3493 providentiam;
2955 3437 3150 3492 corpus
3178 3433 3344 3486 tuum,
3383 3421 3638 3483 animam,

2056 3513 2241 3578 vitam,
2262 3530 2380 3583 qua:
2405 3514 2505 3568 sub
2533 3523 2812 3582 aSpectum
2834 3513 3052 3578 cadunt,
3075 3521 3129 3568 et
3153 3528 3272 3582 qua:
3293 3527 3397 3566 non
3420 3510 3637 3577 cadunt,

2056 3605 2234 3659 omnia
2262 3604 2647 3674 propemodum
2674 3620 2860 3659 vocem
2887 3604 3181 3660 emittentia
3210 3602 3430 3658 laudare
3459 3612 3643 3672 poten-

2058 3695 2182 3749 tiam
2206 3695 2446 3762 artiﬁcis,
2471 3709 2526 3750 et
2550 3695 2684 3751 dicis
2707 3715 2720 3750 :
2757 3695 2882 3760 Quis
2911 3695 3159 3750 Dominus
3185 3704 3353 3748 noster
3377 3694 3487 3748 est?
3532 3693 3643 3747 lloc

2056 3796 2140 3843 est
2179 3787 2394 3853 luroris,
2423 3788 2524 3843 hoc
2568 3789 2823 3859 stuporis,
2858 3789 2962 3843 hoc
2989 3789 3226 3857 corrupti
3271 3788 3456 3841 animi.
3507 3787 3638 3840 Pro-

2056 3887 2238 3949 pterea
2283 3889 2413 3934 sunt
2459 3881 2597 3935 mala
2630 3880 3061 3935 innumerabilia.
3089 3879 3194 3935 Sed
3223 3880 3275 3934 hi
3302 3880 3514 3951 quidem
3561 3879 3640 3933 di-

2056 3981 2212 4026 cunt:
2236 3971 2363 4038 Quis
2388 3982 2460 4026 est
2487 3982 2656 4028 noster
2679 3973 2926 4027 Dominus
2943 3974 2969 4026 Σ)
2995 3973 3097 4027 Alii
3122 3973 3403 4027 Dominum
3427 3972 3638 4040 quidem

2055 4062 2401 4126 conﬁtentur,
2429 4063 2690 4131 judicium
2721 4073 2899 4118 autem
2929 4072 2986 4119 et
3010 4077 3197 4134 poenas
3225 4064 3522 4132 propositas
3547 4077 3640 4115 au-

2057 4153 2266 4218 fernnt,-
2285 4154 2435 4209 brevi
2463 4154 2798 4224 jucunditate
2824 4169 3073 4224 magnum
3105 4153 3206 4207 sibi
3234 4162 3473 4206 ementes
3514 4167 3641 4220 sup-

2056 4245 2294 4313 plicium,
2328 4253 2382 4299 et
2405 4243 2534 4299 dum
2573 4245 2762 4299 volunt
2801 4251 2862 4300 Se
2902 4257 3170 4307 recreare,
3199 4241 3340 4312 quod
3382 4241 3640 4312 gehenna:

2058 4350 2164 4390 non
2213 4337 2590 4402 meminerint,
2636 4352 2734 4407 per
2781 4337 2921 4389 hanc
2969 4335 3318 4390 securitatem
3361 4342 3642 4402 metusque

2057 4428 2376 4482 vacuitatem
2415 4428 2468 4482 in
2515 4443 2766 4497 magnum
2798 4427 3044 4480 interitus
3089 4441 3147 4480 se
3188 4424 3497 4480 barathrum
3537 4424 3641 4478 im-

2057 4517 2347 4588 prudentes
2372 4519 2683 4573 immittunt.
2709 4519 2773 4572 Et
2792 4517 2914 4573 ideo
2941 4533 3072 4588 rogo
3088 4525 3148 4572 ut
3168 4517 3424 4588 gehennae
3449 4517 3640 4571 memi-

2059 4611 2224 4675 neris,
2241 4608 2308 4664 de
2322 4608 2563 4680 gehenna
2581 4608 2813 4679 loquaris
2830 4627 2843 4664 :
2862 4609 2932 4662 ita
2949 4608 3181 4662 animam
3197 4618 3341 4662 tuam
3356 4621 3640 4677 compone,

2060 4700 2444 4770 pulchramque
2469 4716 2532 4755 ac
2547 4699 2798 4756 decoram
2833 4698 3006 4755 efﬁce.
3040 4699 3225 4770 Magna
3266 4699 3409 4753 enim
3452 4699 3644 4754 horum

2058 4790 2346 4844 verborum
2362 4789 2581 4844 utilitas.
2598 4789 2712 4844 Non
2730 4790 2873 4844 enim
2893 4790 3032 4844 Deus
3052 4804 3169 4843 eam
3193 4800 3394 4843 temere
3415 4789 3644 4843 minatus

2060 4890 2164 4946 est,
2179 4891 2338 4951 atque
2352 4880 2688 4936 manifestam
2702 4881 2826 4936 hinc
2840 4880 3098 4937 reddidit:
3115 4879 3207 4934 sed
3229 4879 3278 4934 id
3294 4881 3418 4934 fecit
3432 4891 3487 4934 ut
3501 4891 3642 4934 metu

2060 4975 2308 5029 meliores
2333 4974 2602 5030 redderet.
2623 4975 2688 5029 Et
2709 4975 2828 5030 ideo
2849 4975 3094 5030 diabolus
3115 4977 3289 5029 omnia
3315 4973 3438 5028 facit
3460 4984 3513 5027 et
3532 4989 3645 5026 tnu-

2063 5067 2222 5134 litur,
2279 5067 2395 5136 ejus
2454 5067 2639 5122 volens
2687 5069 2898 5123 auferre
2953 5069 3288 5123 memoriam.
3349 5067 3466 5120 Noli
3524 5081 3640 5120 eam

2063 5159 2319 5213 memoria
2364 5158 2560 5228 ejicere
2611 5175 2624 5213 :
2677 5174 2778 5213 nec
2824 5158 3006 5214 dicas:
3052 5159 3160 5214 Cur
3209 5174 3296 5213 me
3345 5159 3642 5226 importuna

2062 5249 2292 5305 afﬁciam
2339 5251 2597 5306 tristitia?
2650 5251 2956 5320 lmportuna
3007 5253 3110 5306 erit
3141 5251 3376 5313 tristitia,
3424 5249 3639 5318 quando

2063 5342 2277 5411 angoris
2323 5341 2376 5395 in
2426 5341 2708 5412 gehenna;
2743 5343 2843 5395 hoc
2890 5351 2973 5396 est
3019 5352 3228 5412 tempus
3258 5340 3507 5403 tristitim,
3541 5354 3643 5392 nou

2064 5432 2215 5488 illud.
2249 5433 2316 5486 Et
2341 5432 2442 5486 hoc
2466 5432 2701 5488 ostendit
2746 5433 2835 5487 ille
2879 5431 3140 5486 Lazarum
3162 5431 3462 5500 deSpicieus
3499 5429 3644 5484 dives

2067 5525 2216 5596 (Luc.
2253 5525 2339 5579 16.
2381 5524 2498 5595 23),
2548 5526 2632 5580 cui
2682 5525 2815 5580 nihil
2861 5525 3173 5594 profuerunt
3214 5523 3644 5583 innumerabiles,

2066 5617 2260 5686 quibus
2293 5615 2644 5681 afﬁciebatur,
2671 5617 2952 5671 molestiaa.
2993 5615 3048 5670 Si
3077 5624 3257 5669 autem
3308 5617 3360 5668 in
3413 5623 3650 5680 tempore

2064 5707 2344 5774 doluisset,
2364 5723 2468 5762 nou
2496 5724 2556 5763 ea
2591 5725 2776 5779 passus
2803 5718 2950 5764 esset
2971 5724 3090 5777 qua:
3116 5721 3302 5777 passus
3328 5717 3428 5762 est.
3450 5709 3502 5761 6.
3527 5705 3650 5760 Pro-

2067 5817 2175 5874 pter
2202 5803 2454 5859 miseriam
2483 5803 2688 5872 inopum
2726 5812 2773 5856 et
2802 5803 3041 5872 gem-{tum
3083 5810 3362 5871 pauperum
3402 5814 3535 5852 nunc
3565 5815 3657 5852 ex-
