  <div class='ocr_page' id='page_1' title='image "/cluster/home/n/w/nwhite01/storage/ocr_20150623/55/nnc1.0046980016/137.png"; bbox 0 0 4140 6356; ppageno 0'>
   <div class='ocr_carea' id='block_1_1' title="bbox 510 375 608 428">
    <p class='ocr_par' dir='ltr' id='par_1_1' title="bbox 510 375 608 428">
     <span class='ocr_line' id='line_1_1' title="bbox 510 375 608 428; baseline -0.02 0"><span class='ocrx_word' id='word_1_1' title='bbox 510 375 608 428; x_wconf 76' lang='grc'><strong>1-17</strong></span> 
     </span>
    </p>
   </div>
   <div class='ocr_carea' id='block_1_2' title="bbox 507 477 2092 556">
    <p class='ocr_par' dir='ltr' id='par_1_2' title="bbox 507 477 2092 556">
     <span class='ocr_line' id='line_1_2' title="bbox 507 477 2092 556; baseline -0.006 -16"><span class='ocrx_word' id='word_1_2' title='bbox 507 501 729 556; x_wconf 83' lang='lat' dir='ltr'><strong>surgam.</strong></span> <span class='ocrx_word' id='word_1_3' title='bbox 761 483 881 537; x_wconf 81' lang='lat' dir='ltr'><strong>dicit</strong></span> <span class='ocrx_word' id='word_1_4' title='bbox 923 480 1190 535; x_wconf 77' lang='lat' dir='ltr'><strong>Dominus.</strong></span> <span class='ocrx_word' id='word_1_5' title='bbox 1225 479 1418 534; x_wconf 81' lang='lat' dir='ltr'><strong>Ponant</strong></span> <span class='ocrx_word' id='word_1_6' title='bbox 1445 480 1498 533; x_wconf 89' lang='lat' dir='ltr'><strong>in</strong></span> <span class='ocrx_word' id='word_1_7' title='bbox 1523 477 1758 543; x_wconf 85' lang='lat' dir='ltr'><strong>salutari,</strong></span> <span class='ocrx_word' id='word_1_8' title='bbox 1789 477 2092 546; x_wconf 80' lang='lat' dir='ltr'><strong>[iducialiter</strong></span> 
     </span>
    </p>
   </div>
   <div class='ocr_carea' id='block_1_3' title="bbox 501 568 2088 649">
    <p class='ocr_par' dir='ltr' id='par_1_3' title="bbox 501 568 2088 649">
     <span class='ocr_line' id='line_1_3' title="bbox 501 568 2088 649; baseline -0.004 -19"><span class='ocrx_word' id='word_1_9' title='bbox 501 595 652 649; x_wconf 87' lang='lat' dir='ltr'><strong>agam</strong></span> <span class='ocrx_word' id='word_1_10' title='bbox 676 579 727 630; x_wconf 90' lang='lat' dir='ltr'><strong>in</strong></span> <span class='ocrx_word' id='word_1_11' title='bbox 756 579 885 647; x_wconf 86' lang='lat' dir='ltr'><strong>ipso.</strong></span> <span class='ocrx_word' id='word_1_12' title='bbox 909 575 1080 641; x_wconf 82' lang='lat' dir='ltr'><strong>Alius,</strong></span> <span class='ocrx_word' id='word_1_13' title='bbox 1113 575 1348 629; x_wconf 85' lang='lat' dir='ltr'><strong>Statuam</strong></span> <span class='ocrx_word' id='word_1_14' title='bbox 1391 575 1615 627; x_wconf 84' lang='lat' dir='ltr'><strong>salutare</strong></span> <span class='ocrx_word' id='word_1_15' title='bbox 1637 573 1965 642; x_wconf 83' lang='lat' dir='ltr'><strong>conspicuum</strong></span> <span class='ocrx_word' id='word_1_16' title='bbox 1990 568 2088 640; x_wconf 93' lang='lat' dir='ltr'><strong>(a).</strong></span> 
     </span>
    </p>
   </div>
   <div class='ocr_carea' id='block_1_4' title="bbox 576 662 2090 736">
    <p class='ocr_par' dir='ltr' id='par_1_4' title="bbox 576 662 2090 736">
     <span class='ocr_line' id='line_1_4' title="bbox 576 662 2090 736; baseline -0.003 -15"><span class='ocrx_word' id='word_1_17' title='bbox 576 668 874 722; x_wconf 74' lang='lat' dir='ltr'><strong>Adhortatio</strong></span> <span class='ocrx_word' id='word_1_18' title='bbox 899 668 968 720; x_wconf 87' lang='lat' dir='ltr'><strong>ad</strong></span> <span class='ocrx_word' id='word_1_19' title='bbox 1006 666 1322 736; x_wconf 77' lang='lat' dir='ltr'><strong>patientiam.</strong></span> <span class='ocrx_word' id='word_1_20' title='bbox 1343 694 1415 705; x_wconf 91' lang='lat'><strong>—-</strong></span> <span class='ocrx_word' id='word_1_21' title='bbox 1434 664 1590 718; x_wconf 85' lang='lat' dir='ltr'><strong>Disce</strong></span> <span class='ocrx_word' id='word_1_22' title='bbox 1611 672 1805 732; x_wconf 87' lang='lat' dir='ltr'><strong>quanta</strong></span> <span class='ocrx_word' id='word_1_23' title='bbox 1830 662 1898 715; x_wconf 92' lang='lat' dir='ltr'><strong>sit</strong></span> <span class='ocrx_word' id='word_1_24' title='bbox 1923 662 2090 716; x_wconf 87' lang='lat' dir='ltr'><strong>virtus</strong></span> 
     </span>
    </p>
   </div>
   <div class='ocr_carea' id='block_1_5' title="bbox 500 755 2089 827">
    <p class='ocr_par' dir='ltr' id='par_1_5' title="bbox 500 755 2089 827">
     <span class='ocr_line' id='line_1_5' title="bbox 500 755 2089 827; baseline -0.005 -11"><span class='ocrx_word' id='word_1_25' title='bbox 500 760 834 816; x_wconf 78' lang='lat' dir='ltr'><strong>humilitatis.</strong></span> <span class='ocrx_word' id='word_1_26' title='bbox 883 758 1185 827; x_wconf 87' lang='lat' dir='ltr'><strong>Pauperum</strong></span> <span class='ocrx_word' id='word_1_27' title='bbox 1214 765 1296 810; x_wconf 91' lang='lat' dir='ltr'><strong>est</strong></span> <span class='ocrx_word' id='word_1_28' title='bbox 1335 756 1568 826; x_wconf 88' lang='lat' dir='ltr'><strong>potentia</strong></span> <span class='ocrx_word' id='word_1_29' title='bbox 1613 756 1977 826; x_wconf 84' lang='lat' dir='ltr'><strong>(pauperum.</strong></span> <span class='ocrx_word' id='word_1_30' title='bbox 2008 755 2089 808; x_wconf 91' lang='lat' dir='ltr'><strong>in-</strong></span> 
     </span>
    </p>
   </div>
   <div class='ocr_carea' id='block_1_6' title="bbox 501 845 2089 920">
    <p class='ocr_par' dir='ltr' id='par_1_6' title="bbox 501 845 2089 920">
     <span class='ocr_line' id='line_1_6' title="bbox 501 845 2089 920; baseline -0.004 -16"><span class='ocrx_word' id='word_1_31' title='bbox 501 866 684 920; x_wconf 87' lang='lat' dir='ltr'><strong>quam,</strong></span> <span class='ocrx_word' id='word_1_32' title='bbox 712 865 901 905; x_wconf 89' lang='lat' dir='ltr'><strong>eorum</strong></span> <span class='ocrx_word' id='word_1_33' title='bbox 930 849 1019 918; x_wconf 81' lang='lat' dir='ltr'><strong>qui</strong></span> <span class='ocrx_word' id='word_1_34' title='bbox 1052 857 1179 903; x_wconf 90' lang='lat' dir='ltr'><strong>sunt</strong></span> <span class='ocrx_word' id='word_1_35' title='bbox 1205 847 1420 901; x_wconf 93' lang='lat' dir='ltr'><strong>contriti</strong></span> <span class='ocrx_word' id='word_1_36' title='bbox 1453 845 1671 915; x_wconf 88' lang='lat' dir='ltr'><strong>corde),</strong></span> <span class='ocrx_word' id='word_1_37' title='bbox 1717 853 1800 898; x_wconf 89' lang='lat' dir='ltr'><strong>est</strong></span> <span class='ocrx_word' id='word_1_38' title='bbox 1850 845 1900 898; x_wconf 90' lang='lat' dir='ltr'><strong>in</strong></span> <span class='ocrx_word' id='word_1_39' title='bbox 1933 845 2089 899; x_wconf 92' lang='lat' dir='ltr'><strong>malis</strong></span> 
     </span>
    </p>
   </div>
   <div class='ocr_carea' id='block_1_7' title="bbox 498 935 2087 1013">
    <p class='ocr_par' dir='ltr' id='par_1_7' title="bbox 498 935 2087 1013">
     <span class='ocr_line' id='line_1_7' title="bbox 498 935 2087 1013; baseline -0.002 -21"><span class='ocrx_word' id='word_1_40' title='bbox 498 941 872 1013; x_wconf 79' lang='lat' dir='ltr'><strong>patrocinium.</strong></span> <span class='ocrx_word' id='word_1_41' title='bbox 919 939 1036 994; x_wconf 88' lang='lat' dir='ltr'><strong>Non</strong></span> <span class='ocrx_word' id='word_1_42' title='bbox 1083 939 1229 994; x_wconf 91' lang='lat' dir='ltr'><strong>enim</strong></span> <span class='ocrx_word' id='word_1_43' title='bbox 1281 939 1466 1002; x_wconf 88' lang='lat' dir='ltr'><strong>vitam,</strong></span> <span class='ocrx_word' id='word_1_44' title='bbox 1519 952 1616 992; x_wconf 92' lang='lat' dir='ltr'><strong>nec</strong></span> <span class='ocrx_word' id='word_1_45' title='bbox 1663 947 1943 1000; x_wconf 82' lang='lat' dir='ltr'><strong>virtutem,</strong></span> <span class='ocrx_word' id='word_1_46' title='bbox 1992 935 2087 989; x_wconf 89' lang='lat' dir='ltr'><strong>sed</strong></span> 
     </span>
    </p>
   </div>
   <div class='ocr_carea' id='block_1_8' title="bbox 499 1029 2087 1101">
    <p class='ocr_par' dir='ltr' id='par_1_8' title="bbox 499 1029 2087 1101">
     <span class='ocr_line' id='line_1_8' title="bbox 499 1029 2087 1101; baseline -0.003 -15"><span class='ocrx_word' id='word_1_47' title='bbox 499 1032 762 1087; x_wconf 86' lang='lat' dir='ltr'><strong>malorum</strong></span> <span class='ocrx_word' id='word_1_48' title='bbox 809 1030 1213 1101; x_wconf 83' lang='lat' dir='ltr'><strong>perpessionem</strong></span> <span class='ocrx_word' id='word_1_49' title='bbox 1243 1029 1370 1083; x_wconf 83' lang='lat' dir='ltr'><strong>dicit</strong></span> <span class='ocrx_word' id='word_1_50' title='bbox 1411 1029 1582 1083; x_wconf 89' lang='lat' dir='ltr'><strong>Deum</strong></span> <span class='ocrx_word' id='word_1_51' title='bbox 1609 1031 1864 1093; x_wconf 90' lang='lat' dir='ltr'><strong>excitare,</strong></span> <span class='ocrx_word' id='word_1_52' title='bbox 1887 1037 1940 1082; x_wconf 90' lang='lat' dir='ltr'><strong>et</strong></span> <span class='ocrx_word' id='word_1_53' title='bbox 1963 1043 2087 1082; x_wconf 89' lang='lat' dir='ltr'><strong>eum</strong></span> 
     </span>
    </p>
   </div>
   <div class='ocr_carea' id='block_1_9' title="bbox 496 1119 2082 1192">
    <p class='ocr_par' dir='ltr' id='par_1_9' title="bbox 496 1119 2082 1192">
     <span class='ocr_line' id='line_1_9' title="bbox 496 1119 2082 1192; baseline -0.004 -15"><span class='ocrx_word' id='word_1_54' title='bbox 496 1123 566 1178; x_wconf 82' lang='lat' dir='ltr'><strong>ad</strong></span> <span class='ocrx_word' id='word_1_55' title='bbox 612 1123 936 1192; x_wconf 83' lang='lat' dir='ltr'><strong>supplicium</strong></span> <span class='ocrx_word' id='word_1_56' title='bbox 965 1131 1021 1177; x_wconf 91' lang='lat' dir='ltr'><strong>et</strong></span> <span class='ocrx_word' id='word_1_57' title='bbox 1049 1122 1336 1176; x_wconf 78' lang='lat' dir='ltr'><strong>vindictam</strong></span> <span class='ocrx_word' id='word_1_58' title='bbox 1383 1136 1630 1176; x_wconf 90' lang='lat' dir='ltr'><strong>evocare.</strong></span> <span class='ocrx_word' id='word_1_59' title='bbox 1663 1119 1832 1174; x_wconf 86' lang='lat' dir='ltr'><strong>Tanta</strong></span> <span class='ocrx_word' id='word_1_60' title='bbox 1863 1133 1950 1173; x_wconf 88' lang='lat' dir='ltr'><strong>res</strong></span> <span class='ocrx_word' id='word_1_61' title='bbox 1978 1125 2082 1183; x_wconf 90' lang='lat' dir='ltr'><strong>est,</strong></span> 
     </span>
    </p>
   </div>
   <div class='ocr_carea' id='block_1_10' title="bbox 491 1211 2083 1284">
    <p class='ocr_par' dir='ltr' id='par_1_10' title="bbox 491 1211 2083 1284">
     <span class='ocr_line' id='line_1_10' title="bbox 491 1211 2083 1284; baseline -0.004 -14"><span class='ocrx_word' id='word_1_62' title='bbox 491 1215 540 1270; x_wconf 79' lang='lat' dir='ltr'><strong>si</strong></span> <span class='ocrx_word' id='word_1_63' title='bbox 570 1215 664 1270; x_wconf 83' lang='lat' dir='ltr'><strong>tibi</strong></span> <span class='ocrx_word' id='word_1_64' title='bbox 713 1215 804 1268; x_wconf 86' lang='lat' dir='ltr'><strong>fiat</strong></span> <span class='ocrx_word' id='word_1_65' title='bbox 846 1214 1069 1284; x_wconf 87' lang='lat' dir='ltr'><strong>injuria,</strong></span> <span class='ocrx_word' id='word_1_66' title='bbox 1116 1230 1234 1268; x_wconf 90' lang='lat' dir='ltr'><strong>eam</strong></span> <span class='ocrx_word' id='word_1_67' title='bbox 1273 1212 1417 1268; x_wconf 87' lang='lat' dir='ltr'><strong>ferre</strong></span> <span class='ocrx_word' id='word_1_68' title='bbox 1460 1211 1582 1266; x_wconf 90' lang='lat' dir='ltr'><strong>forti</strong></span> <span class='ocrx_word' id='word_1_69' title='bbox 1625 1212 1837 1277; x_wconf 84' lang='lat' dir='ltr'><strong>auitno;</strong></span> <span class='ocrx_word' id='word_1_70' title='bbox 1884 1221 2083 1264; x_wconf 83' lang='lat' dir='ltr'><strong>tantam</strong></span> 
     </span>
    </p>
   </div>
   <div class='ocr_carea' id='block_1_11' title="bbox 496 1302 2080 1375">
    <p class='ocr_par' dir='ltr' id='par_1_11' title="bbox 496 1302 2080 1375">
     <span class='ocr_line' id='line_1_11' title="bbox 496 1302 2080 1375; baseline -0.004 -14"><span class='ocrx_word' id='word_1_71' title='bbox 496 1305 638 1361; x_wconf 90' lang='lat' dir='ltr'><strong>Deus</strong></span> <span class='ocrx_word' id='word_1_72' title='bbox 668 1321 848 1360; x_wconf 89' lang='lat' dir='ltr'><strong>curam</strong></span> <span class='ocrx_word' id='word_1_73' title='bbox 877 1306 1015 1375; x_wconf 87' lang='lat' dir='ltr'><strong>gerit</strong></span> <span class='ocrx_word' id='word_1_74' title='bbox 1043 1320 1228 1360; x_wconf 90' lang='lat' dir='ltr'><strong>eorum</strong></span> <span class='ocrx_word' id='word_1_75' title='bbox 1271 1305 1359 1373; x_wconf 93' lang='lat' dir='ltr'><strong>qui</strong></span> <span class='ocrx_word' id='word_1_76' title='bbox 1387 1303 1690 1358; x_wconf 87' lang='lat' dir='ltr'><strong>afficiuntur</strong></span> <span class='ocrx_word' id='word_1_77' title='bbox 1711 1302 2080 1358; x_wconf 83' lang='lat' dir='ltr'><strong>contumeliis:</strong></span> 
     </span>
    </p>
   </div>
   <div class='ocr_carea' id='block_1_12' title="bbox 492 1395 2079 1452">
    <p class='ocr_par' dir='ltr' id='par_1_12' title="bbox 492 1395 2079 1452">
     <span class='ocr_line' id='line_1_12' title="bbox 492 1395 2079 1452; baseline -0.003 -2"><span class='ocrx_word' id='word_1_78' title='bbox 492 1395 739 1451; x_wconf 67' lang='lat' dir='ltr'><strong>maximae</strong></span> <span class='ocrx_word' id='word_1_79' title='bbox 780 1395 1108 1452; x_wconf 78' lang='lat' dir='ltr'><strong>defensionis</strong></span> <span class='ocrx_word' id='word_1_80' title='bbox 1150 1396 1267 1450; x_wconf 91' lang='lat' dir='ltr'><strong>loco</strong></span> <span class='ocrx_word' id='word_1_81' title='bbox 1295 1405 1379 1450; x_wconf 89' lang='lat' dir='ltr'><strong>est</strong></span> <span class='ocrx_word' id='word_1_82' title='bbox 1420 1396 1696 1449; x_wconf 85' lang='lat' dir='ltr'><strong>calamitas</strong></span> <span class='ocrx_word' id='word_1_83' title='bbox 1722 1402 1778 1449; x_wconf 93' lang='lat' dir='ltr'><strong>et</strong></span> <span class='ocrx_word' id='word_1_84' title='bbox 1823 1406 2079 1447; x_wconf 42' lang='lat' dir='ltr'><strong>a‘rumna.</strong></span> 
     </span>
    </p>
   </div>
   <div class='ocr_carea' id='block_1_13' title="bbox 489 1485 2082 1558">
    <p class='ocr_par' dir='ltr' id='par_1_13' title="bbox 489 1485 2082 1558">
     <span class='ocr_line' id='line_1_13' title="bbox 489 1485 2082 1558; baseline -0.002 -16"><span class='ocrx_word' id='word_1_85' title='bbox 489 1487 675 1558; x_wconf 77' lang='lat' dir='ltr'><strong>Magna</strong></span> <span class='ocrx_word' id='word_1_86' title='bbox 715 1497 799 1543; x_wconf 90' lang='lat' dir='ltr'><strong>est</strong></span> <span class='ocrx_word' id='word_1_87' title='bbox 835 1489 916 1543; x_wconf 88' lang='lat' dir='ltr'><strong>vis</strong></span> <span class='ocrx_word' id='word_1_88' title='bbox 959 1489 1205 1557; x_wconf 90' lang='lat' dir='ltr'><strong>ejulatus,</strong></span> <span class='ocrx_word' id='word_1_89' title='bbox 1235 1503 1353 1558; x_wconf 69' lang='lat' dir='ltr'><strong>quae</strong></span> <span class='ocrx_word' id='word_1_90' title='bbox 1398 1502 1685 1557; x_wconf 89' lang='lat' dir='ltr'><strong>supernum</strong></span> <span class='ocrx_word' id='word_1_91' title='bbox 1712 1494 1899 1541; x_wconf 82' lang='lat' dir='ltr'><strong>evocat</strong></span> <span class='ocrx_word' id='word_1_92' title='bbox 1927 1485 2082 1539; x_wconf 88' lang='lat' dir='ltr'><strong>auxi-</strong></span> 
     </span>
    </p>
   </div>
   <div class='ocr_carea' id='block_1_14' title="bbox 493 1578 2076 1652">
    <p class='ocr_par' dir='ltr' id='par_1_14' title="bbox 493 1578 2076 1652">
     <span class='ocr_line' id='line_1_14' title="bbox 493 1578 2076 1652; baseline -0.002 -18"><span class='ocrx_word' id='word_1_93' title='bbox 493 1580 644 1635; x_wconf 90' lang='lat' dir='ltr'><strong>lium.</strong></span> <span class='ocrx_word' id='word_1_94' title='bbox 689 1581 918 1646; x_wconf 88' lang='lat' dir='ltr'><strong>Timete,</strong></span> <span class='ocrx_word' id='word_1_95' title='bbox 962 1583 1281 1652; x_wconf 88' lang='lat' dir='ltr'><strong>quicumque</strong></span> <span class='ocrx_word' id='word_1_96' title='bbox 1322 1595 1583 1652; x_wconf 80' lang='lat' dir='ltr'><strong>pauperes</strong></span> <span class='ocrx_word' id='word_1_97' title='bbox 1614 1580 1804 1650; x_wconf 89' lang='lat' dir='ltr'><strong>injuria</strong></span> <span class='ocrx_word' id='word_1_98' title='bbox 1847 1578 2076 1634; x_wconf 86' lang='lat' dir='ltr'><strong>affleitis.</strong></span> 
     </span>
    </p>
   </div>
   <div class='ocr_carea' id='block_1_15' title="bbox 489 1671 2076 1745">
    <p class='ocr_par' dir='ltr' id='par_1_15' title="bbox 489 1671 2076 1745">
     <span class='ocr_line' id='line_1_15' title="bbox 489 1671 2076 1745; baseline -0.001 -17"><span class='ocrx_word' id='word_1_99' title='bbox 489 1673 710 1730; x_wconf 82' lang='lat' dir='ltr'><strong>Habetis</strong></span> <span class='ocrx_word' id='word_1_100' title='bbox 737 1691 832 1730; x_wconf 88' lang='lat' dir='ltr'><strong>vos</strong></span> <span class='ocrx_word' id='word_1_101' title='bbox 871 1675 1184 1745; x_wconf 87' lang='lat' dir='ltr'><strong>potentiam,</strong></span> <span class='ocrx_word' id='word_1_102' title='bbox 1217 1690 1367 1744; x_wconf 89' lang='lat' dir='ltr'><strong>opes,</strong></span> <span class='ocrx_word' id='word_1_103' title='bbox 1409 1674 1706 1745; x_wconf 86' lang='lat' dir='ltr'><strong>pecuniam,</strong></span> <span class='ocrx_word' id='word_1_104' title='bbox 1749 1682 1802 1728; x_wconf 89' lang='lat' dir='ltr'><strong>et</strong></span> <span class='ocrx_word' id='word_1_105' title='bbox 1837 1671 2076 1744; x_wconf 90' lang='lat' dir='ltr'><strong>judicum</strong></span> 
     </span>
    </p>
   </div>
   <div class='ocr_carea' id='block_1_16' title="bbox 485 1764 2079 1822">
    <p class='ocr_par' dir='ltr' id='par_1_16' title="bbox 485 1764 2079 1822">
     <span class='ocr_line' id='line_1_16' title="bbox 485 1764 2079 1822; baseline -0.002 0"><span class='ocrx_word' id='word_1_106' title='bbox 485 1766 949 1822; x_wconf 83' lang='lat' dir='ltr'><strong>benevolentiam:</strong></span> <span class='ocrx_word' id='word_1_107' title='bbox 988 1767 1081 1822; x_wconf 87' lang='lat' dir='ltr'><strong>sed</strong></span> <span class='ocrx_word' id='word_1_108' title='bbox 1105 1767 1300 1822; x_wconf 87' lang='lat' dir='ltr'><strong>habent</strong></span> <span class='ocrx_word' id='word_1_109' title='bbox 1323 1768 1396 1821; x_wconf 90' lang='lat' dir='ltr'><strong>illi</strong></span> <span class='ocrx_word' id='word_1_110' title='bbox 1429 1782 1574 1822; x_wconf 89' lang='lat' dir='ltr'><strong>arma</strong></span> <span class='ocrx_word' id='word_1_111' title='bbox 1597 1765 1832 1820; x_wconf 90' lang='lat' dir='ltr'><strong>omnium</strong></span> <span class='ocrx_word' id='word_1_112' title='bbox 1865 1764 2079 1820; x_wconf 87' lang='lat' dir='ltr'><strong>validis-</strong></span> 
     </span>
    </p>
   </div>
   <div class='ocr_carea' id='block_1_17' title="bbox 483 1857 2076 1930">
    <p class='ocr_par' dir='ltr' id='par_1_17' title="bbox 483 1857 2076 1930">
     <span class='ocr_line' id='line_1_17' title="bbox 483 1857 2076 1930; baseline -0.001 -17"><span class='ocrx_word' id='word_1_113' title='bbox 483 1859 639 1923; x_wconf 88' lang='lat' dir='ltr'><strong>sima,</strong></span> <span class='ocrx_word' id='word_1_114' title='bbox 684 1861 874 1923; x_wconf 92' lang='lat' dir='ltr'><strong>luctus,</strong></span> <span class='ocrx_word' id='word_1_115' title='bbox 923 1869 978 1914; x_wconf 91' lang='lat' dir='ltr'><strong>et</strong></span> <span class='ocrx_word' id='word_1_116' title='bbox 1024 1859 1276 1929; x_wconf 91' lang='lat' dir='ltr'><strong>ejulatus,</strong></span> <span class='ocrx_word' id='word_1_117' title='bbox 1328 1859 1574 1930; x_wconf 89' lang='lat' dir='ltr'><strong>ipsasque</strong></span> <span class='ocrx_word' id='word_1_118' title='bbox 1623 1857 1843 1928; x_wconf 85' lang='lat' dir='ltr'><strong>injurias</strong></span> <span class='ocrx_word' id='word_1_119' title='bbox 1889 1873 2008 1927; x_wconf 62' lang='lat' dir='ltr'><strong>quas</strong></span> <span class='ocrx_word' id='word_1_120' title='bbox 2043 1872 2076 1912; x_wconf 87' lang='lat' dir='ltr'><strong>e</strong></span> 
     </span>
    </p>
   </div>
   <div class='ocr_carea' id='block_1_18' title="bbox 482 1947 2071 2015">
    <p class='ocr_par' dir='ltr' id='par_1_18' title="bbox 482 1947 2071 2015">
     <span class='ocr_line' id='line_1_18' title="bbox 482 1947 2071 2015; baseline -0.002 -10"><span class='ocrx_word' id='word_1_121' title='bbox 482 1953 629 2006; x_wconf 79' lang='lat' dir='ltr'><strong>cadis</strong></span> <span class='ocrx_word' id='word_1_122' title='bbox 657 1951 909 2006; x_wconf 80' lang='lat' dir='ltr'><strong>auxilium</strong></span> <span class='ocrx_word' id='word_1_123' title='bbox 933 1951 1226 2006; x_wconf 83' lang='lat' dir='ltr'><strong>attrahunt.</strong></span> <span class='ocrx_word' id='word_1_124' title='bbox 1258 1951 1380 2006; x_wconf 77' lang='lat' dir='ltr'><strong>lltec</strong></span> <span class='ocrx_word' id='word_1_125' title='bbox 1404 1965 1550 2006; x_wconf 89' lang='lat' dir='ltr'><strong>arma</strong></span> <span class='ocrx_word' id='word_1_126' title='bbox 1579 1949 1768 2004; x_wconf 91' lang='lat' dir='ltr'><strong>domos</strong></span> <span class='ocrx_word' id='word_1_127' title='bbox 1792 1947 2071 2015; x_wconf 80' lang='lat' dir='ltr'><strong>effodiunt,</strong></span> 
     </span>
    </p>
   </div>
   <div class='ocr_carea' id='block_1_19' title="bbox 483 2044 2069 2110">
    <p class='ocr_par' dir='ltr' id='par_1_19' title="bbox 483 2044 2069 2110">
     <span class='ocr_line' id='line_1_19' title="bbox 483 2044 2069 2110; baseline -0.003 -9"><span class='ocrx_word' id='word_1_128' title='bbox 483 2046 600 2101; x_wconf 80' lang='lat' dir='ltr'><strong>hrec</strong></span> <span class='ocrx_word' id='word_1_129' title='bbox 646 2047 993 2103; x_wconf 89' lang='lat' dir='ltr'><strong>fundamenta</strong></span> <span class='ocrx_word' id='word_1_130' title='bbox 1035 2055 1302 2110; x_wconf 87' lang='lat' dir='ltr'><strong>evertunt,</strong></span> <span class='ocrx_word' id='word_1_131' title='bbox 1339 2046 1453 2100; x_wconf 72' lang='lat' dir='ltr'><strong>lucc</strong></span> <span class='ocrx_word' id='word_1_132' title='bbox 1496 2045 1739 2100; x_wconf 88' lang='lat' dir='ltr'><strong>civitates</strong></span> <span class='ocrx_word' id='word_1_133' title='bbox 1768 2044 2069 2107; x_wconf 89' lang='lat' dir='ltr'><strong>destruunt,</strong></span> 
     </span>
    </p>
   </div>
   <div class='ocr_carea' id='block_1_20' title="bbox 480 2135 2073 2208">
    <p class='ocr_par' dir='ltr' id='par_1_20' title="bbox 480 2135 2073 2208">
     <span class='ocr_line' id='line_1_20' title="bbox 480 2135 2073 2208; baseline -0.001 -17"><span class='ocrx_word' id='word_1_134' title='bbox 480 2136 597 2193; x_wconf 71' lang='grc' dir='ltr'><strong>11ωο</strong></span> <span class='ocrx_word' id='word_1_135' title='bbox 625 2139 859 2208; x_wconf 80' lang='lat' dir='ltr'><strong>integras</strong></span> <span class='ocrx_word' id='word_1_136' title='bbox 901 2149 1088 2208; x_wconf 86' lang='lat' dir='ltr'><strong>gentes</strong></span> <span class='ocrx_word' id='word_1_137' title='bbox 1128 2138 1510 2208; x_wconf 85' lang='lat' dir='ltr'><strong>submerguut;</strong></span> <span class='ocrx_word' id='word_1_138' title='bbox 1555 2137 1784 2207; x_wconf 80' lang='lat' dir='ltr'><strong>gemitus</strong></span> <span class='ocrx_word' id='word_1_139' title='bbox 1828 2135 1951 2190; x_wconf 88' lang='lat' dir='ltr'><strong>dico</strong></span> <span class='ocrx_word' id='word_1_140' title='bbox 1979 2151 2073 2190; x_wconf 85' lang='lat' dir='ltr'><strong>eo-</strong></span> 
     </span>
    </p>
   </div>
   <div class='ocr_carea' id='block_1_21' title="bbox 478 2225 2069 2300">
    <p class='ocr_par' dir='ltr' id='par_1_21' title="bbox 478 2225 2069 2300">
     <span class='ocr_line' id='line_1_21' title="bbox 478 2225 2069 2300; baseline -0.001 -17"><span class='ocrx_word' id='word_1_141' title='bbox 478 2243 622 2293; x_wconf 84' lang='lat' dir='ltr'><strong>rum,</strong></span> <span class='ocrx_word' id='word_1_142' title='bbox 659 2230 750 2300; x_wconf 90' lang='lat' dir='ltr'><strong>qui</strong></span> <span class='ocrx_word' id='word_1_143' title='bbox 793 2229 1098 2284; x_wconf 87' lang='lat' dir='ltr'><strong>afficiuntur</strong></span> <span class='ocrx_word' id='word_1_144' title='bbox 1127 2229 1340 2298; x_wconf 88' lang='lat' dir='ltr'><strong>injuria.</strong></span> <span class='ocrx_word' id='word_1_145' title='bbox 1383 2228 1587 2282; x_wconf 84' lang='lat' dir='ltr'><strong>Bonum</strong></span> <span class='ocrx_word' id='word_1_146' title='bbox 1616 2242 1800 2283; x_wconf 92' lang='lat' dir='ltr'><strong>eorum</strong></span> <span class='ocrx_word' id='word_1_147' title='bbox 1834 2225 2069 2282; x_wconf 87' lang='lat' dir='ltr'><strong>animum</strong></span> 
     </span>
    </p>
   </div>
   <div class='ocr_carea' id='block_1_22' title="bbox 480 2317 2073 2392">
    <p class='ocr_par' dir='ltr' id='par_1_22' title="bbox 480 2317 2073 2392">
     <span class='ocr_line' id='line_1_22' title="bbox 480 2317 2073 2392; baseline -0.001 -19"><span class='ocrx_word' id='word_1_148' title='bbox 480 2320 621 2376; x_wconf 87' lang='lat' dir='ltr'><strong>Deus</strong></span> <span class='ocrx_word' id='word_1_149' title='bbox 662 2330 956 2386; x_wconf 88' lang='lat' dir='ltr'><strong>reveretur,</strong></span> <span class='ocrx_word' id='word_1_150' title='bbox 986 2319 1201 2392; x_wconf 86' lang='lat' dir='ltr'><strong>quando</strong></span> <span class='ocrx_word' id='word_1_151' title='bbox 1241 2319 1376 2374; x_wconf 90' lang='lat' dir='ltr'><strong>mala</strong></span> <span class='ocrx_word' id='word_1_152' title='bbox 1409 2319 1693 2389; x_wconf 84' lang='lat' dir='ltr'><strong>patientes,</strong></span> <span class='ocrx_word' id='word_1_153' title='bbox 1725 2317 1928 2372; x_wconf 91' lang='lat' dir='ltr'><strong>nullum</strong></span> <span class='ocrx_word' id='word_1_154' title='bbox 1960 2333 2073 2372; x_wconf 90' lang='lat' dir='ltr'><strong>ma-</strong></span> 
     </span>
    </p>
   </div>
   <div class='ocr_carea' id='block_1_23' title="bbox 477 2411 2067 2482">
    <p class='ocr_par' dir='ltr' id='par_1_23' title="bbox 477 2411 2067 2482">
     <span class='ocr_line' id='line_1_23' title="bbox 477 2411 2067 2482; baseline 0 -18"><span class='ocrx_word' id='word_1_155' title='bbox 477 2411 585 2465; x_wconf 92' lang='lat' dir='ltr'><strong>lum</strong></span> <span class='ocrx_word' id='word_1_156' title='bbox 617 2412 838 2467; x_wconf 83' lang='lat' dir='ltr'><strong>verbum</strong></span> <span class='ocrx_word' id='word_1_157' title='bbox 879 2413 1176 2482; x_wconf 88' lang='lat' dir='ltr'><strong>proferunt,</strong></span> <span class='ocrx_word' id='word_1_158' title='bbox 1220 2411 1316 2467; x_wconf 91' lang='lat' dir='ltr'><strong>sed</strong></span> <span class='ocrx_word' id='word_1_159' title='bbox 1363 2419 1571 2466; x_wconf 89' lang='lat' dir='ltr'><strong>tantum</strong></span> <span class='ocrx_word' id='word_1_160' title='bbox 1614 2421 1853 2482; x_wconf 87' lang='lat' dir='ltr'><strong>gemunt,</strong></span> <span class='ocrx_word' id='word_1_161' title='bbox 1879 2419 1933 2464; x_wconf 92' lang='lat' dir='ltr'><strong>et</strong></span> <span class='ocrx_word' id='word_1_162' title='bbox 1973 2424 2067 2464; x_wconf 92' lang='lat' dir='ltr'><strong>sua</strong></span> 
     </span>
    </p>
   </div>
   <div class='ocr_carea' id='block_1_24' title="bbox 477 2503 2064 2574">
    <p class='ocr_par' dir='ltr' id='par_1_24' title="bbox 477 2503 2064 2574">
     <span class='ocr_line' id='line_1_24' title="bbox 477 2503 2064 2574; baseline -0.001 -17"><span class='ocrx_word' id='word_1_163' title='bbox 477 2505 616 2557; x_wconf 85' lang='lat' dir='ltr'><strong>mala</strong></span> <span class='ocrx_word' id='word_1_164' title='bbox 647 2503 947 2574; x_wconf 82' lang='lat' dir='ltr'><strong>deplorant.</strong></span> <span class='ocrx_word' id='word_1_165' title='bbox 977 2503 1114 2572; x_wconf 87' lang='lat' dir='ltr'><strong>Quid</strong></span> <span class='ocrx_word' id='word_1_166' title='bbox 1145 2512 1229 2560; x_wconf 87' lang='lat' dir='ltr'><strong>est</strong></span> <span class='ocrx_word' id='word_1_167' title='bbox 1253 2513 1452 2568; x_wconf 85' lang='lat' dir='ltr'><strong>autem,</strong></span> <span class='ocrx_word' id='word_1_168' title='bbox 1485 2503 1690 2558; x_wconf 89' lang='lat' dir='ltr'><strong>Ponam</strong></span> <span class='ocrx_word' id='word_1_169' title='bbox 1735 2503 1788 2556; x_wconf 90' lang='lat' dir='ltr'><strong>in</strong></span> <span class='ocrx_word' id='word_1_170' title='bbox 1830 2503 2064 2568; x_wconf 84' lang='lat' dir='ltr'><strong>salutari,</strong></span> 
     </span>
    </p>
   </div>
   <div class='ocr_carea' id='block_1_25' title="bbox 474 2593 2068 2665">
    <p class='ocr_par' dir='ltr' id='par_1_25' title="bbox 474 2593 2068 2665">
     <span class='ocr_line' id='line_1_25' title="bbox 474 2593 2068 2665; baseline 0.003 -19"><span class='ocrx_word' id='word_1_171' title='bbox 474 2593 782 2662; x_wconf 81' lang='lat' dir='ltr'><strong>ﬁducialiter</strong></span> <span class='ocrx_word' id='word_1_172' title='bbox 817 2610 968 2665; x_wconf 90' lang='lat' dir='ltr'><strong>agam</strong></span> <span class='ocrx_word' id='word_1_173' title='bbox 997 2595 1049 2647; x_wconf 91' lang='lat' dir='ltr'><strong>in</strong></span> <span class='ocrx_word' id='word_1_174' title='bbox 1077 2594 1231 2664; x_wconf 85' lang='lat' dir='ltr'><strong>ipso?</strong></span> <span class='ocrx_word' id='word_1_175' title='bbox 1259 2593 1390 2650; x_wconf 91' lang='lat' dir='ltr'><strong>Cum</strong></span> <span class='ocrx_word' id='word_1_176' title='bbox 1423 2593 1634 2659; x_wconf 83' lang='lat' dir='ltr'><strong>fiducia,</strong></span> <span class='ocrx_word' id='word_1_177' title='bbox 1663 2595 1853 2664; x_wconf 88' lang='lat' dir='ltr'><strong>inquit,</strong></span> <span class='ocrx_word' id='word_1_178' title='bbox 1883 2603 2068 2660; x_wconf 87' lang='lat' dir='ltr'><strong>aperte</strong></span> 
     </span>
    </p>
   </div>
   <div class='ocr_carea' id='block_1_26' title="bbox 474 2683 2067 2755">
    <p class='ocr_par' dir='ltr' id='par_1_26' title="bbox 474 2683 2067 2755">
     <span class='ocr_line' id='line_1_26' title="bbox 474 2683 2067 2755; baseline 0.001 -17"><span class='ocrx_word' id='word_1_179' title='bbox 474 2693 529 2738; x_wconf 90' lang='lat' dir='ltr'><strong>et</strong></span> <span class='ocrx_word' id='word_1_180' title='bbox 557 2685 838 2740; x_wconf 89' lang='lat' dir='ltr'><strong>manifeste</strong></span> <span class='ocrx_word' id='word_1_181' title='bbox 863 2700 958 2739; x_wconf 90' lang='lat' dir='ltr'><strong>eos</strong></span> <span class='ocrx_word' id='word_1_182' title='bbox 987 2683 1296 2751; x_wconf 81' lang='lat' dir='ltr'><strong>defendam,</strong></span> <span class='ocrx_word' id='word_1_183' title='bbox 1333 2694 1390 2740; x_wconf 90' lang='lat' dir='ltr'><strong>ut</strong></span> <span class='ocrx_word' id='word_1_184' title='bbox 1432 2699 1620 2739; x_wconf 87' lang='lat' dir='ltr'><strong>omnes</strong></span> <span class='ocrx_word' id='word_1_185' title='bbox 1647 2685 1961 2755; x_wconf 85' lang='lat' dir='ltr'><strong>intelligant.</strong></span> <span class='ocrx_word' id='word_1_186' title='bbox 2000 2685 2067 2739; x_wconf 86' lang='lat' dir='ltr'><strong>Et</strong></span> 
     </span>
    </p>
   </div>
   <div class='ocr_carea' id='block_1_27' title="bbox 476 2775 2066 2846">
    <p class='ocr_par' dir='ltr' id='par_1_27' title="bbox 476 2775 2066 2846">
     <span class='ocr_line' id='line_1_27' title="bbox 476 2775 2066 2846; baseline 0.001 -20"><span class='ocrx_word' id='word_1_187' title='bbox 476 2775 814 2844; x_wconf 86' lang='lat' dir='ltr'><strong>qnaudonam</strong></span> <span class='ocrx_word' id='word_1_188' title='bbox 844 2791 950 2830; x_wconf 91' lang='lat' dir='ltr'><strong>non</strong></span> <span class='ocrx_word' id='word_1_189' title='bbox 981 2785 1268 2831; x_wconf 85' lang='lat' dir='ltr'><strong>conservat</strong></span> <span class='ocrx_word' id='word_1_190' title='bbox 1304 2791 1399 2831; x_wconf 90' lang='lat' dir='ltr'><strong>eos</strong></span> <span class='ocrx_word' id='word_1_191' title='bbox 1429 2776 1602 2846; x_wconf 85' lang='lat' dir='ltr'><strong>palam</strong></span> <span class='ocrx_word' id='word_1_192' title='bbox 1650 2787 1702 2830; x_wconf 91' lang='lat' dir='ltr'><strong>et</strong></span> <span class='ocrx_word' id='word_1_193' title='bbox 1748 2776 2066 2830; x_wconf 84' lang='lat' dir='ltr'><strong>manifeste?</strong></span> 
     </span>
    </p>
   </div>
   <div class='ocr_carea' id='block_1_28' title="bbox 470 2866 2065 2940">
    <p class='ocr_par' dir='ltr' id='par_1_28' title="bbox 470 2866 2065 2940">
     <span class='ocr_line' id='line_1_28' title="bbox 470 2866 2065 2940; baseline 0.001 -17"><span class='ocrx_word' id='word_1_194' title='bbox 470 2866 880 2938; x_wconf 78' lang='lat' dir='ltr'><strong>Nonnumquam</strong></span> <span class='ocrx_word' id='word_1_195' title='bbox 903 2869 954 2923; x_wconf 92' lang='lat' dir='ltr'><strong>id</strong></span> <span class='ocrx_word' id='word_1_196' title='bbox 984 2867 1106 2924; x_wconf 80' lang='lat' dir='ltr'><strong>facit</strong></span> <span class='ocrx_word' id='word_1_197' title='bbox 1132 2884 1238 2923; x_wconf 89' lang='lat' dir='ltr'><strong>non</strong></span> <span class='ocrx_word' id='word_1_198' title='bbox 1271 2868 1568 2932; x_wconf 86' lang='lat' dir='ltr'><strong>manifeste,</strong></span> <span class='ocrx_word' id='word_1_199' title='bbox 1588 2872 1679 2924; x_wconf 90' lang='lat' dir='ltr'><strong>sed</strong></span> <span class='ocrx_word' id='word_1_200' title='bbox 1707 2869 1870 2923; x_wconf 90' lang='lat' dir='ltr'><strong>clam:</strong></span> <span class='ocrx_word' id='word_1_201' title='bbox 1893 2885 2065 2940; x_wconf 86' lang='lat' dir='ltr'><strong>neque</strong></span> 
     </span>
    </p>
   </div>
   <div class='ocr_carea' id='block_1_29' title="bbox 470 2959 2062 3032">
    <p class='ocr_par' dir='ltr' id='par_1_29' title="bbox 470 2959 2062 3032">
     <span class='ocr_line' id='line_1_29' title="bbox 470 2959 2062 3032; baseline 0 -18"><span class='ocrx_word' id='word_1_202' title='bbox 470 2961 614 3014; x_wconf 90' lang='lat' dir='ltr'><strong>enim</strong></span> <span class='ocrx_word' id='word_1_203' title='bbox 636 2975 770 3030; x_wconf 91' lang='lat' dir='ltr'><strong>opus</strong></span> <span class='ocrx_word' id='word_1_204' title='bbox 795 2959 954 3015; x_wconf 84' lang='lat' dir='ltr'><strong>habet</strong></span> <span class='ocrx_word' id='word_1_205' title='bbox 969 2975 1030 3014; x_wconf 88' lang='lat' dir='ltr'><strong>ea</strong></span> <span class='ocrx_word' id='word_1_206' title='bbox 1047 2976 1166 3030; x_wconf 71' lang='lat' dir='ltr'><strong>qua:</strong></span> <span class='ocrx_word' id='word_1_207' title='bbox 1191 2969 1273 3016; x_wconf 91' lang='lat' dir='ltr'><strong>est</strong></span> <span class='ocrx_word' id='word_1_208' title='bbox 1292 2960 1362 3015; x_wconf 88' lang='lat' dir='ltr'><strong>ab</strong></span> <span class='ocrx_word' id='word_1_209' title='bbox 1385 2959 1688 3016; x_wconf 91' lang='lat' dir='ltr'><strong>hominibus</strong></span> <span class='ocrx_word' id='word_1_210' title='bbox 1710 2961 1896 3032; x_wconf 84' lang='lat' dir='ltr'><strong>gloria.</strong></span> <span class='ocrx_word' id='word_1_211' title='bbox 1912 2961 2062 3015; x_wconf 90' lang='lat' dir='ltr'><strong>Nunc</strong></span> 
     </span>
    </p>
   </div>
   <div class='ocr_carea' id='block_1_30' title="bbox 473 3053 2062 3126">
    <p class='ocr_par' dir='ltr' id='par_1_30' title="bbox 473 3053 2062 3126">
     <span class='ocr_line' id='line_1_30' title="bbox 473 3053 2062 3126; baseline 0.003 -20"><span class='ocrx_word' id='word_1_212' title='bbox 473 3062 673 3115; x_wconf 87' lang='lat' dir='ltr'><strong>autem.</strong></span> <span class='ocrx_word' id='word_1_213' title='bbox 691 3054 938 3124; x_wconf 87' lang='lat' dir='ltr'><strong>quoniam</strong></span> <span class='ocrx_word' id='word_1_214' title='bbox 952 3053 1244 3109; x_wconf 83' lang='lat' dir='ltr'><strong>verisimile</strong></span> <span class='ocrx_word' id='word_1_215' title='bbox 1259 3054 1630 3109; x_wconf 87' lang='lat' dir='ltr'><strong>eratinimieos</strong></span> <span class='ocrx_word' id='word_1_216' title='bbox 1650 3055 2062 3126; x_wconf 88' lang='lat' dir='ltr'><strong>irruere,eisque</strong></span> 
     </span>
    </p>
   </div>
   <div class='ocr_carea' id='block_1_31' title="bbox 478 3142 2060 3214">
    <p class='ocr_par' dir='ltr' id='par_1_31' title="bbox 478 3142 2060 3214">
     <span class='ocr_line' id='line_1_31' title="bbox 478 3142 2060 3214; baseline 0.002 -17"><span class='ocrx_word' id='word_1_217' title='bbox 478 3142 756 3210; x_wconf 89' lang='lat' dir='ltr'><strong>insultare,</strong></span> <span class='ocrx_word' id='word_1_218' title='bbox 774 3152 828 3199; x_wconf 92' lang='lat' dir='ltr'><strong>et</strong></span> <span class='ocrx_word' id='word_1_219' title='bbox 851 3143 1176 3213; x_wconf 77' lang='lat' dir='ltr'><strong>exprobrare</strong></span> <span class='ocrx_word' id='word_1_220' title='bbox 1205 3144 1344 3214; x_wconf 92' lang='lat' dir='ltr'><strong>quod</strong></span> <span class='ocrx_word' id='word_1_221' title='bbox 1365 3145 1527 3199; x_wconf 88' lang='lat' dir='ltr'><strong>Deum</strong></span> <span class='ocrx_word' id='word_1_222' title='bbox 1551 3159 1656 3200; x_wconf 91' lang='lat' dir='ltr'><strong>non</strong></span> <span class='ocrx_word' id='word_1_223' title='bbox 1681 3145 1940 3200; x_wconf 88' lang='lat' dir='ltr'><strong>haberent</strong></span> <span class='ocrx_word' id='word_1_224' title='bbox 1962 3145 2060 3200; x_wconf 86' lang='lat' dir='ltr'><strong>ad-</strong></span> 
     </span>
    </p>
   </div>
   <div class='ocr_carea' id='block_1_32' title="bbox 466 3233 2062 3306">
    <p class='ocr_par' dir='ltr' id='par_1_32' title="bbox 466 3233 2062 3306">
     <span class='ocr_line' id='line_1_32' title="bbox 466 3233 2062 3306; baseline 0.003 -19"><span class='ocrx_word' id='word_1_225' title='bbox 466 3233 724 3304; x_wconf 90' lang='lat' dir='ltr'><strong>jutorem,</strong></span> <span class='ocrx_word' id='word_1_226' title='bbox 758 3244 825 3306; x_wconf 87' lang='lat' dir='ltr'><strong>ut</strong></span> <span class='ocrx_word' id='word_1_227' title='bbox 868 3234 944 3291; x_wconf 91' lang='lat' dir='ltr'><strong>illi</strong></span> <span class='ocrx_word' id='word_1_228' title='bbox 981 3250 1194 3306; x_wconf 84' lang='lat' dir='ltr'><strong>quoque</strong></span> <span class='ocrx_word' id='word_1_229' title='bbox 1244 3235 1661 3291; x_wconf 88' lang='lat' dir='ltr'><strong>emendareutur</strong></span> <span class='ocrx_word' id='word_1_230' title='bbox 1709 3246 1766 3291; x_wconf 90' lang='lat' dir='ltr'><strong>et</strong></span> <span class='ocrx_word' id='word_1_231' title='bbox 1810 3237 2062 3292; x_wconf 89' lang='lat' dir='ltr'><strong>meliores</strong></span> 
     </span>
    </p>
   </div>
   <div class='ocr_carea' id='block_1_33' title="bbox 469 3305 2056 3396">
    <p class='ocr_par' dir='ltr' id='par_1_33' title="bbox 469 3305 2056 3396">
     <span class='ocr_line' id='line_1_33' title="bbox 469 3305 2056 3396; baseline 0 -14"><span class='ocrx_word' id='word_1_232' title='bbox 469 3328 678 3392; x_wconf 86' lang='lat' dir='ltr'><strong>fierent,</strong></span> <span class='ocrx_word' id='word_1_233' title='bbox 697 3305 817 3382; x_wconf 58' lang='lat' dir='ltr'><strong>etim</strong></span> <span class='ocrx_word' id='word_1_234' title='bbox 844 3328 1172 3396; x_wconf 82' lang='lat' dir='ltr'><strong>experientia</strong></span> <span class='ocrx_word' id='word_1_235' title='bbox 1201 3327 1518 3384; x_wconf 87' lang='lat' dir='ltr'><strong>didicissent</strong></span> <span class='ocrx_word' id='word_1_236' title='bbox 1541 3326 1751 3383; x_wconf 88' lang='lat' dir='ltr'><strong>Domini</strong></span> <span class='ocrx_word' id='word_1_237' title='bbox 1777 3328 2056 3396; x_wconf 81' lang='lat' dir='ltr'><strong>auxilium,</strong></span> 
     </span>
    </p>
   </div>
   <div class='ocr_carea' id='block_1_34' title="bbox 469 3419 2059 3492">
    <p class='ocr_par' dir='ltr' id='par_1_34' title="bbox 469 3419 2059 3492">
     <span class='ocr_line' id='line_1_34' title="bbox 469 3419 2059 3492; baseline -0.001 -16"><span class='ocrx_word' id='word_1_238' title='bbox 469 3423 689 3491; x_wconf 85' lang='lat' dir='ltr'><strong>Aperte,</strong></span> <span class='ocrx_word' id='word_1_239' title='bbox 710 3421 896 3491; x_wconf 90' lang='lat' dir='ltr'><strong>inquit,</strong></span> <span class='ocrx_word' id='word_1_240' title='bbox 914 3420 1104 3476; x_wconf 87' lang='lat' dir='ltr'><strong>faciam</strong></span> <span class='ocrx_word' id='word_1_241' title='bbox 1129 3436 1226 3490; x_wconf 89' lang='lat' dir='ltr'><strong>pro</strong></span> <span class='ocrx_word' id='word_1_242' title='bbox 1253 3421 1332 3476; x_wconf 90' lang='lat' dir='ltr'><strong>eis</strong></span> <span class='ocrx_word' id='word_1_243' title='bbox 1348 3422 1596 3478; x_wconf 88' lang='lat' dir='ltr'><strong>salutem.</strong></span> <span class='ocrx_word' id='word_1_244' title='bbox 1618 3422 1670 3475; x_wconf 86' lang='lat'><strong>7.</strong></span> <span class='ocrx_word' id='word_1_245' title='bbox 1699 3419 1918 3492; x_wconf 82' lang='lat' dir='ltr'><strong>Eloquia</strong></span> <span class='ocrx_word' id='word_1_246' title='bbox 1945 3419 2059 3476; x_wconf 82' lang='lat' dir='ltr'><strong>Do-</strong></span> 
     </span>
    </p>
   </div>
   <div class='ocr_carea' id='block_1_35' title="bbox 467 3513 2058 3584">
    <p class='ocr_par' dir='ltr' id='par_1_35' title="bbox 467 3513 2058 3584">
     <span class='ocr_line' id='line_1_35' title="bbox 467 3513 2058 3584; baseline 0.003 -20"><span class='ocrx_word' id='word_1_247' title='bbox 467 3513 614 3578; x_wconf 84' lang='lat' dir='ltr'><strong>mini,</strong></span> <span class='ocrx_word' id='word_1_248' title='bbox 644 3513 844 3582; x_wconf 82' lang='lat' dir='ltr'><strong>eloquia</strong></span> <span class='ocrx_word' id='word_1_249' title='bbox 887 3523 1054 3578; x_wconf 82' lang='lat' dir='ltr'><strong>casta,</strong></span> <span class='ocrx_word' id='word_1_250' title='bbox 1098 3523 1362 3584; x_wconf 80' lang='lat' dir='ltr'><strong>argentum</strong></span> <span class='ocrx_word' id='word_1_251' title='bbox 1409 3514 1524 3584; x_wconf 83' lang='lat' dir='ltr'><strong>igne</strong></span> <span class='ocrx_word' id='word_1_252' title='bbox 1548 3515 1910 3580; x_wconf 74' lang='lat' dir='ltr'><strong>examinatum,</strong></span> <span class='ocrx_word' id='word_1_253' title='bbox 1934 3531 2058 3584; x_wconf 84' lang='lat' dir='ltr'><strong>pro-</strong></span> 
     </span>
    </p>
   </div>
   <div class='ocr_carea' id='block_1_36' title="bbox 467 3603 2060 3678">
    <p class='ocr_par' dir='ltr' id='par_1_36' title="bbox 467 3603 2060 3678">
     <span class='ocr_line' id='line_1_36' title="bbox 467 3603 2060 3678; baseline 0.005 -22"><span class='ocrx_word' id='word_1_254' title='bbox 467 3603 636 3656; x_wconf 82' lang='lat' dir='ltr'><strong>batum</strong></span> <span class='ocrx_word' id='word_1_255' title='bbox 654 3614 818 3658; x_wconf 72' lang='lat' dir='ltr'><strong>terrae.</strong></span> <span class='ocrx_word' id='word_1_256' title='bbox 841 3605 908 3660; x_wconf 82' lang='lat' dir='ltr'><strong>Et</strong></span> <span class='ocrx_word' id='word_1_257' title='bbox 921 3605 1192 3676; x_wconf 91' lang='lat' dir='ltr'><strong>quomodo</strong></span> <span class='ocrx_word' id='word_1_258' title='bbox 1207 3617 1330 3661; x_wconf 90' lang='lat' dir='ltr'><strong>sunt</strong></span> <span class='ocrx_word' id='word_1_259' title='bbox 1349 3605 1462 3661; x_wconf 82' lang='lat' dir='ltr'><strong>haec</strong></span> <span class='ocrx_word' id='word_1_260' title='bbox 1479 3621 1543 3662; x_wconf 84' lang='lat' dir='ltr'><strong>ex</strong></span> <span class='ocrx_word' id='word_1_261' title='bbox 1563 3606 1628 3662; x_wconf 92' lang='lat' dir='ltr'><strong>iis</strong></span> <span class='ocrx_word' id='word_1_262' title='bbox 1642 3623 1762 3678; x_wconf 68' lang='lat' dir='ltr'><strong>qua:</strong></span> <span class='ocrx_word' id='word_1_263' title='bbox 1778 3608 1919 3663; x_wconf 88' lang='lat' dir='ltr'><strong>dicta</strong></span> <span class='ocrx_word' id='word_1_264' title='bbox 1937 3617 2060 3664; x_wconf 89' lang='lat' dir='ltr'><strong>sunt</strong></span> 
     </span>
    </p>
   </div>
   <div class='ocr_carea' id='block_1_37' title="bbox 466 3696 2056 3766">
    <p class='ocr_par' dir='ltr' id='par_1_37' title="bbox 466 3696 2056 3766">
     <span class='ocr_line' id='line_1_37' title="bbox 466 3696 2056 3766; baseline 0.004 -18"><span class='ocrx_word' id='word_1_265' title='bbox 466 3696 847 3764; x_wconf 87' lang='lat' dir='ltr'><strong>consequentia</strong></span> <span class='ocrx_word' id='word_1_266' title='bbox 869 3696 894 3748; x_wconf 69' lang='grc' dir='ltr'>Τ</span> <span class='ocrx_word' id='word_1_267' title='bbox 929 3696 1158 3752; x_wconf 91' lang='lat' dir='ltr'><strong>Pulchre</strong></span> <span class='ocrx_word' id='word_1_268' title='bbox 1187 3696 1497 3751; x_wconf 88' lang='lat' dir='ltr'><strong>admodum.</strong></span> <span class='ocrx_word' id='word_1_269' title='bbox 1522 3696 1600 3752; x_wconf 87' lang='lat' dir='ltr'><strong>Ne</strong></span> <span class='ocrx_word' id='word_1_270' title='bbox 1639 3697 1754 3754; x_wconf 67' lang='lat' dir='ltr'><strong>haec</strong></span> <span class='ocrx_word' id='word_1_271' title='bbox 1779 3699 1939 3766; x_wconf 90' lang='lat' dir='ltr'><strong>enim,</strong></span> <span class='ocrx_word' id='word_1_272' title='bbox 1971 3700 2056 3754; x_wconf 86' lang='lat' dir='ltr'><strong>iu-</strong></span> 
     </span>
    </p>
   </div>
   <div class='ocr_carea' id='block_1_38' title="bbox 464 3785 2060 3860">
    <p class='ocr_par' dir='ltr' id='par_1_38' title="bbox 464 3785 2060 3860">
     <span class='ocr_line' id='line_1_38' title="bbox 464 3785 2060 3860; baseline 0.006 -23"><span class='ocrx_word' id='word_1_273' title='bbox 464 3785 598 3854; x_wconf 87' lang='lat' dir='ltr'><strong>quit,</strong></span> <span class='ocrx_word' id='word_1_274' title='bbox 617 3785 934 3841; x_wconf 80' lang='lat' dir='ltr'><strong>existimetis</strong></span> <span class='ocrx_word' id='word_1_275' title='bbox 955 3796 1157 3842; x_wconf 89' lang='lat' dir='ltr'><strong>temere</strong></span> <span class='ocrx_word' id='word_1_276' title='bbox 1175 3787 1318 3842; x_wconf 84' lang='lat' dir='ltr'><strong>dicta</strong></span> <span class='ocrx_word' id='word_1_277' title='bbox 1339 3803 1460 3843; x_wconf 85' lang='lat' dir='ltr'><strong>esse</strong></span> <span class='ocrx_word' id='word_1_278' title='bbox 1485 3789 1774 3860; x_wconf 89' lang='lat' dir='ltr'><strong>inanesque</strong></span> <span class='ocrx_word' id='word_1_279' title='bbox 1797 3799 1852 3845; x_wconf 92' lang='lat' dir='ltr'><strong>et</strong></span> <span class='ocrx_word' id='word_1_280' title='bbox 1871 3804 2060 3860; x_wconf 87' lang='lat' dir='ltr'><strong>super-</strong></span> 
     </span>
    </p>
   </div>
   <div class='ocr_carea' id='block_1_39' title="bbox 466 3878 2055 3951">
    <p class='ocr_par' dir='ltr' id='par_1_39' title="bbox 466 3878 2055 3951">
     <span class='ocr_line' id='line_1_39' title="bbox 466 3878 2055 3951; baseline 0.005 -23"><span class='ocrx_word' id='word_1_281' title='bbox 466 3891 728 3930; x_wconf 84' lang='lat' dir='ltr'><strong>vacaneas</strong></span> <span class='ocrx_word' id='word_1_282' title='bbox 761 3892 881 3932; x_wconf 90' lang='lat' dir='ltr'><strong>esse</strong></span> <span class='ocrx_word' id='word_1_283' title='bbox 923 3878 1137 3932; x_wconf 88' lang='lat' dir='ltr'><strong>minas:</strong></span> <span class='ocrx_word' id='word_1_284' title='bbox 1165 3890 1289 3934; x_wconf 90' lang='lat' dir='ltr'><strong>sunt</strong></span> <span class='ocrx_word' id='word_1_285' title='bbox 1326 3881 1470 3934; x_wconf 89' lang='lat' dir='ltr'><strong>enim</strong></span> <span class='ocrx_word' id='word_1_286' title='bbox 1512 3895 1642 3950; x_wconf 90' lang='lat' dir='ltr'><strong>pura</strong></span> <span class='ocrx_word' id='word_1_287' title='bbox 1671 3881 1786 3951; x_wconf 87' lang='lat' dir='ltr'><strong>ejus</strong></span> <span class='ocrx_word' id='word_1_288' title='bbox 1809 3881 1990 3946; x_wconf 88' lang='lat' dir='ltr'><strong>verba,</strong></span> <span class='ocrx_word' id='word_1_289' title='bbox 2024 3897 2055 3936; x_wconf 86' lang='lat' dir='ltr'><strong>a</strong></span> 
     </span>
    </p>
   </div>
   <div class='ocr_carea' id='block_1_40' title="bbox 465 3966 2054 4042">
    <p class='ocr_par' dir='ltr' id='par_1_40' title="bbox 465 3966 2054 4042">
     <span class='ocr_line' id='line_1_40' title="bbox 465 3966 2054 4042; baseline 0.003 -20"><span class='ocrx_word' id='word_1_290' title='bbox 465 3966 746 4024; x_wconf 87' lang='lat' dir='ltr'><strong>mendacio</strong></span> <span class='ocrx_word' id='word_1_291' title='bbox 797 3966 985 4022; x_wconf 87' lang='lat' dir='ltr'><strong>libera.</strong></span> <span class='ocrx_word' id='word_1_292' title='bbox 1051 3969 1512 4037; x_wconf 85' lang='lat' dir='ltr'><strong>Quemadmodum</strong></span> <span class='ocrx_word' id='word_1_293' title='bbox 1562 3972 1705 4026; x_wconf 90' lang='lat' dir='ltr'><strong>enim</strong></span> <span class='ocrx_word' id='word_1_294' title='bbox 1774 3981 2054 4042; x_wconf 77' lang='lat' dir='ltr'><strong>argentum</strong></span> 
     </span>
    </p>
   </div>
   <div class='ocr_carea' id='block_1_41' title="bbox 465 4057 2055 4128">
    <p class='ocr_par' dir='ltr' id='par_1_41' title="bbox 465 4057 2055 4128">
     <span class='ocr_line' id='line_1_41' title="bbox 465 4057 2055 4128; baseline 0.004 -16"><span class='ocrx_word' id='word_1_295' title='bbox 465 4058 687 4128; x_wconf 88' lang='lat' dir='ltr'><strong>iguitttm</strong></span> <span class='ocrx_word' id='word_1_296' title='bbox 717 4058 848 4112; x_wconf 87' lang='lat' dir='ltr'><strong>nihil</strong></span> <span class='ocrx_word' id='word_1_297' title='bbox 876 4057 1037 4114; x_wconf 89' lang='lat' dir='ltr'><strong>habet</strong></span> <span class='ocrx_word' id='word_1_298' title='bbox 1064 4060 1294 4115; x_wconf 87' lang='lat' dir='ltr'><strong>alienum</strong></span> <span class='ocrx_word' id='word_1_299' title='bbox 1318 4070 1374 4116; x_wconf 91' lang='lat' dir='ltr'><strong>et</strong></span> <span class='ocrx_word' id='word_1_300' title='bbox 1398 4061 1778 4128; x_wconf 89' lang='lat' dir='ltr'><strong>adulterinum,</strong></span> <span class='ocrx_word' id='word_1_301' title='bbox 1797 4063 1867 4116; x_wconf 85' lang='lat' dir='ltr'><strong>ita</strong></span> <span class='ocrx_word' id='word_1_302' title='bbox 1893 4065 2055 4118; x_wconf 87' lang='lat' dir='ltr'><strong>etiam</strong></span> 
     </span>
    </p>
   </div>
   <div class='ocr_carea' id='block_1_42' title="bbox 465 4149 2057 4224">
    <p class='ocr_par' dir='ltr' id='par_1_42' title="bbox 465 4149 2057 4224">
     <span class='ocr_line' id='line_1_42' title="bbox 465 4149 2057 4224; baseline 0.004 -20"><span class='ocrx_word' id='word_1_303' title='bbox 465 4149 558 4205; x_wconf 89' lang='lat' dir='ltr'><strong>Dei</strong></span> <span class='ocrx_word' id='word_1_304' title='bbox 591 4150 751 4204; x_wconf 85' lang='lat' dir='ltr'><strong>verba</strong></span> <span class='ocrx_word' id='word_1_305' title='bbox 770 4191 786 4217; x_wconf 96' lang='lat'><strong>,</strong></span> <span class='ocrx_word' id='word_1_306' title='bbox 817 4165 936 4220; x_wconf 64' lang='lat' dir='ltr'><strong>quae</strong></span> <span class='ocrx_word' id='word_1_307' title='bbox 966 4149 1195 4215; x_wconf 77' lang='lat' dir='ltr'><strong>dixerit,</strong></span> <span class='ocrx_word' id='word_1_308' title='bbox 1225 4152 1446 4206; x_wconf 90' lang='lat' dir='ltr'><strong>omnino</strong></span> <span class='ocrx_word' id='word_1_309' title='bbox 1485 4153 1701 4208; x_wconf 89' lang='lat' dir='ltr'><strong>evenire</strong></span> <span class='ocrx_word' id='word_1_310' title='bbox 1728 4164 1959 4224; x_wconf 88' lang='lat' dir='ltr'><strong>oportet.</strong></span> <span class='ocrx_word' id='word_1_311' title='bbox 1987 4155 2057 4210; x_wconf 86' lang='lat' dir='ltr'><strong>Et</strong></span> 
     </span>
    </p>
   </div>
   <div class='ocr_carea' id='block_1_43' title="bbox 464 4237 2054 4315">
    <p class='ocr_par' dir='ltr' id='par_1_43' title="bbox 464 4237 2054 4315">
     <span class='ocr_line' id='line_1_43' title="bbox 464 4237 2054 4315; baseline 0.006 -24"><span class='ocrx_word' id='word_1_312' title='bbox 464 4237 584 4295; x_wconf 87' lang='lat' dir='ltr'><strong>ideo</strong></span> <span class='ocrx_word' id='word_1_313' title='bbox 631 4241 762 4296; x_wconf 90' lang='lat' dir='ltr'><strong>dicit</strong></span> <span class='ocrx_word' id='word_1_314' title='bbox 807 4259 819 4294; x_wconf 91' lang='lat'>:</span> <span class='ocrx_word' id='word_1_315' title='bbox 867 4243 1146 4313; x_wconf 82' lang='lat' dir='ltr'><strong>Argentum</strong></span> <span class='ocrx_word' id='word_1_316' title='bbox 1191 4243 1309 4314; x_wconf 83' lang='lat' dir='ltr'><strong>igne</strong></span> <span class='ocrx_word' id='word_1_317' title='bbox 1354 4245 1738 4310; x_wconf 75' lang='lat' dir='ltr'><strong>examinatum,</strong></span> <span class='ocrx_word' id='word_1_318' title='bbox 1789 4245 2054 4315; x_wconf 76' lang='lat' dir='ltr'><strong>probatum</strong></span> 
     </span>
    </p>
   </div>
   <div class='ocr_carea' id='block_1_44' title="bbox 463 4332 2053 4406">
    <p class='ocr_par' dir='ltr' id='par_1_44' title="bbox 463 4332 2053 4406">
     <span class='ocr_line' id='line_1_44' title="bbox 463 4332 2053 4406; baseline 0.004 -20"><span class='ocrx_word' id='word_1_319' title='bbox 463 4348 631 4392; x_wconf 69' lang='lat' dir='ltr'><strong>terrae.</strong></span> <span class='ocrx_word' id='word_1_320' title='bbox 661 4334 830 4400; x_wconf 85' lang='lat' dir='ltr'><strong>Alius,</strong></span> <span class='ocrx_word' id='word_1_321' title='bbox 870 4332 1120 4406; x_wconf 85' lang='lat' dir='ltr'><strong>Ignitum,</strong></span> <span class='ocrx_word' id='word_1_322' title='bbox 1154 4335 1333 4389; x_wconf 86' lang='lat' dir='ltr'><strong>cedens</strong></span> <span class='ocrx_word' id='word_1_323' title='bbox 1376 4343 1544 4390; x_wconf 81' lang='lat' dir='ltr'><strong>teme.</strong></span> <span class='ocrx_word' id='word_1_324' title='bbox 1576 4334 1834 4392; x_wconf 70' lang='lat' dir='ltr'><strong>llebrteus</strong></span> <span class='ocrx_word' id='word_1_325' title='bbox 1875 4346 2053 4393; x_wconf 90' lang='lat' dir='ltr'><strong>autem</strong></span> 
     </span>
    </p>
   </div>
   <div class='ocr_carea' id='block_1_45' title="bbox 468 4425 2048 4503">
    <p class='ocr_par' dir='ltr' id='par_1_45' title="bbox 468 4425 2048 4503">
     <span class='ocr_line' id='line_1_45' title="bbox 468 4425 2048 4503; baseline 0.005 -26"><span class='ocrx_word' id='word_1_326' title='bbox 468 4440 563 4496; x_wconf 89' lang='lat' dir='ltr'><strong>pro</strong></span> <span class='ocrx_word' id='word_1_327' title='bbox 581 4441 647 4480; x_wconf 90' lang='lat' dir='ltr'><strong>eo</strong></span> <span class='ocrx_word' id='word_1_328' title='bbox 671 4426 811 4496; x_wconf 90' lang='lat' dir='ltr'><strong>quod</strong></span> <span class='ocrx_word' id='word_1_329' title='bbox 841 4435 944 4488; x_wconf 91' lang='lat' dir='ltr'><strong>est,</strong></span> <span class='ocrx_word' id='word_1_330' title='bbox 973 4426 1172 4481; x_wconf 89' lang='lat' dir='ltr'><strong>cedens</strong></span> <span class='ocrx_word' id='word_1_331' title='bbox 1201 4435 1379 4491; x_wconf 65' lang='lat' dir='ltr'><strong>terrae,</strong></span> <span class='ocrx_word' id='word_1_332' title='bbox 1397 4426 1550 4492; x_wconf 84' lang='lat' dir='ltr'><strong>dixit,</strong></span> <span class='ocrx_word' id='word_1_333' title='bbox 1569 4425 1739 4482; x_wconf 74' lang='lat' dir='ltr'><strong>Bauli!</strong></span> <span class='ocrx_word' id='word_1_334' title='bbox 1765 4429 1928 4483; x_wconf 84' lang='lat' dir='ltr'><strong>laares</strong></span> <span class='ocrx_word' id='word_1_335' title='bbox 1949 4430 2048 4503; x_wconf 74' lang='grc' dir='ltr'><strong>(ὁ),</strong></span> 
     </span>
    </p>
   </div>
   <div class='ocr_carea' id='block_1_46' title="bbox 465 4516 2048 4593">
    <p class='ocr_par' dir='ltr' id='par_1_46' title="bbox 465 4516 2048 4593">
     <span class='ocr_line' id='line_1_46' title="bbox 465 4516 2048 4593; baseline 0.004 -24"><span class='ocrx_word' id='word_1_336' title='bbox 465 4516 567 4569; x_wconf 87' lang='lat' dir='ltr'><strong>hoc</strong></span> <span class='ocrx_word' id='word_1_337' title='bbox 588 4526 698 4576; x_wconf 88' lang='lat' dir='ltr'><strong>est,</strong></span> <span class='ocrx_word' id='word_1_338' title='bbox 715 4516 908 4584; x_wconf 90' lang='lat' dir='ltr'><strong>fusum,</strong></span> <span class='ocrx_word' id='word_1_339' title='bbox 925 4518 975 4572; x_wconf 92' lang='lat' dir='ltr'><strong>iu</strong></span> <span class='ocrx_word' id='word_1_340' title='bbox 1007 4527 1202 4573; x_wconf 86' lang='lat' dir='ltr'><strong>terram</strong></span> <span class='ocrx_word' id='word_1_341' title='bbox 1220 4518 1410 4574; x_wconf 83' lang='lat' dir='ltr'><strong>ﬂuens.</strong></span> <span class='ocrx_word' id='word_1_342' title='bbox 1435 4517 1717 4589; x_wconf 86' lang='lat' dir='ltr'><strong>Purgatum</strong></span> <span class='ocrx_word' id='word_1_343' title='bbox 1743 4524 2048 4593; x_wconf 82' lang='lat' dir='ltr'><strong>septuplum.</strong></span> 
     </span>
    </p>
   </div>
   <div class='ocr_carea' id='block_1_47' title="bbox 535 4608 2054 4680">
    <p class='ocr_par' dir='ltr' id='par_1_47' title="bbox 535 4608 2054 4680">
     <span class='ocr_line' id='line_1_47' title="bbox 535 4608 2054 4680; baseline 0.003 -17"><span class='ocrx_word' id='word_1_344' title='bbox 535 4609 588 4664; x_wconf 82' lang='lat'><strong>5.</strong></span> <span class='ocrx_word' id='word_1_345' title='bbox 631 4608 814 4664; x_wconf 84' lang='lat' dir='ltr'><strong>Vidisti</strong></span> <span class='ocrx_word' id='word_1_346' title='bbox 840 4610 1110 4680; x_wconf 89' lang='lat' dir='ltr'><strong>quomodo</strong></span> <span class='ocrx_word' id='word_1_347' title='bbox 1133 4609 1275 4680; x_wconf 89' lang='lat' dir='ltr'><strong>quod</strong></span> <span class='ocrx_word' id='word_1_348' title='bbox 1303 4626 1485 4666; x_wconf 84' lang='lat' dir='ltr'><strong>verum</strong></span> <span class='ocrx_word' id='word_1_349' title='bbox 1512 4621 1616 4678; x_wconf 91' lang='lat' dir='ltr'><strong>est,</strong></span> <span class='ocrx_word' id='word_1_350' title='bbox 1645 4622 1700 4668; x_wconf 90' lang='lat' dir='ltr'><strong>et</strong></span> <span class='ocrx_word' id='word_1_351' title='bbox 1720 4629 1748 4666; x_wconf 92' lang='lat' dir='ltr'><strong>a</strong></span> <span class='ocrx_word' id='word_1_352' title='bbox 1775 4615 2054 4669; x_wconf 80' lang='lat' dir='ltr'><strong>mendacio</strong></span> 
     </span>
    </p>
   </div>
   <div class='ocr_carea' id='block_1_48' title="bbox 459 4701 2054 4772">
    <p class='ocr_par' dir='ltr' id='par_1_48' title="bbox 459 4701 2054 4772">
     <span class='ocr_line' id='line_1_48' title="bbox 459 4701 2054 4772; baseline 0.004 -16"><span class='ocrx_word' id='word_1_353' title='bbox 459 4701 696 4756; x_wconf 86' lang='lat' dir='ltr'><strong>alienum</strong></span> <span class='ocrx_word' id='word_1_354' title='bbox 726 4744 740 4763; x_wconf 88' lang='lat'><strong>.</strong></span> <span class='ocrx_word' id='word_1_355' title='bbox 789 4718 884 4772; x_wconf 86' lang='lat' dir='ltr'><strong>per</strong></span> <span class='ocrx_word' id='word_1_356' title='bbox 936 4703 1333 4758; x_wconf 87' lang='lat' dir='ltr'><strong>similitudinem</strong></span> <span class='ocrx_word' id='word_1_357' title='bbox 1390 4706 1631 4761; x_wconf 61' lang='lat' dir='ltr'><strong>materia</strong></span> <span class='ocrx_word' id='word_1_358' title='bbox 1696 4707 1990 4762; x_wconf 86' lang='lat' dir='ltr'><strong>ostenderit</strong></span> <span class='ocrx_word' id='word_1_359' title='bbox 2030 4711 2054 4762; x_wconf 69' lang='grc' dir='ltr'>Υ</span> 
     </span>
    </p>
   </div>
   <div class='ocr_carea' id='block_1_49' title="bbox 472 4793 2052 4868">
    <p class='ocr_par' dir='ltr' id='par_1_49' title="bbox 472 4793 2052 4868">
     <span class='ocr_line' id='line_1_49' title="bbox 472 4793 2052 4868; baseline 0.007 -23"><span class='ocrx_word' id='word_1_360' title='bbox 472 4793 918 4862; x_wconf 82' lang='lat' dir='ltr'><strong>quemadmodum</strong></span> <span class='ocrx_word' id='word_1_361' title='bbox 958 4796 1100 4850; x_wconf 90' lang='lat' dir='ltr'><strong>enim</strong></span> <span class='ocrx_word' id='word_1_362' title='bbox 1147 4796 1272 4850; x_wconf 89' lang='lat' dir='ltr'><strong>illttd</strong></span> <span class='ocrx_word' id='word_1_363' title='bbox 1318 4795 1492 4851; x_wconf 90' lang='lat' dir='ltr'><strong>fusum</strong></span> <span class='ocrx_word' id='word_1_364' title='bbox 1516 4839 1532 4863; x_wconf 95' lang='lat'><strong>,</strong></span> <span class='ocrx_word' id='word_1_365' title='bbox 1563 4798 1782 4868; x_wconf 85' lang='lat' dir='ltr'><strong>ignitum</strong></span> <span class='ocrx_word' id='word_1_366' title='bbox 1805 4840 1820 4867; x_wconf 92' lang='lat'><strong>,</strong></span> <span class='ocrx_word' id='word_1_367' title='bbox 1853 4811 1905 4854; x_wconf 89' lang='lat' dir='ltr'><strong>et</strong></span> <span class='ocrx_word' id='word_1_368' title='bbox 1950 4801 2052 4856; x_wconf 88' lang='lat' dir='ltr'><strong>hoc</strong></span> 
     </span>
    </p>
   </div>
   <div class='ocr_carea' id='block_1_50' title="bbox 464 4887 2053 4954">
    <p class='ocr_par' dir='ltr' id='par_1_50' title="bbox 464 4887 2053 4954">
     <span class='ocr_line' id='line_1_50' title="bbox 464 4887 2053 4954; baseline 0.002 -15"><span class='ocrx_word' id='word_1_369' title='bbox 464 4901 607 4952; x_wconf 56' lang='lat' dir='ltr'><strong>sa&#39;pe</strong></span> <span class='ocrx_word' id='word_1_370' title='bbox 636 4899 871 4952; x_wconf 86' lang='lat' dir='ltr'><strong>passum,</strong></span> <span class='ocrx_word' id='word_1_371' title='bbox 898 4895 980 4941; x_wconf 90' lang='lat' dir='ltr'><strong>est</strong></span> <span class='ocrx_word' id='word_1_372' title='bbox 999 4887 1078 4940; x_wconf 80' lang='lat' dir='ltr'><strong>ab&#39;</strong></span> <span class='ocrx_word' id='word_1_373' title='bbox 1095 4887 1266 4942; x_wconf 89' lang='lat' dir='ltr'><strong>aliena</strong></span> <span class='ocrx_word' id='word_1_374' title='bbox 1301 4888 1521 4942; x_wconf 88' lang='lat' dir='ltr'><strong>materia</strong></span> <span class='ocrx_word' id='word_1_375' title='bbox 1547 4889 1800 4954; x_wconf 90' lang='lat' dir='ltr'><strong>alienum,</strong></span> <span class='ocrx_word' id='word_1_376' title='bbox 1829 4905 2053 4944; x_wconf 85' lang='lat' dir='ltr'><strong>accura-</strong></span> 
     </span>
    </p>
   </div>
   <div class='ocr_carea' id='block_1_51' title="bbox 463 4977 2047 5047">
    <p class='ocr_par' dir='ltr' id='par_1_51' title="bbox 463 4977 2047 5047">
     <span class='ocr_line' id='line_1_51' title="bbox 463 4977 2047 5047; baseline 0.003 -16"><span class='ocrx_word' id='word_1_377' title='bbox 463 4978 670 5031; x_wconf 91' lang='lat' dir='ltr'><strong>tissime</strong></span> <span class='ocrx_word' id='word_1_378' title='bbox 694 4985 970 5046; x_wconf 87' lang='lat' dir='ltr'><strong>purgatutn</strong></span> <span class='ocrx_word' id='word_1_379' title='bbox 1004 4994 1017 5029; x_wconf 87' lang='lat'>:</span> <span class='ocrx_word' id='word_1_380' title='bbox 1051 4977 1122 5031; x_wconf 87' lang='lat' dir='ltr'><strong>ita</strong></span> <span class='ocrx_word' id='word_1_381' title='bbox 1146 4979 1305 5032; x_wconf 90' lang='lat' dir='ltr'><strong>etiam</strong></span> <span class='ocrx_word' id='word_1_382' title='bbox 1336 4979 1430 5037; x_wconf 84' lang='lat' dir='ltr'><strong>Dei</strong></span> <span class='ocrx_word' id='word_1_383' title='bbox 1457 4979 1661 5047; x_wconf 87' lang='lat' dir='ltr'><strong>prolata</strong></span> <span class='ocrx_word' id='word_1_384' title='bbox 1689 4982 1971 5036; x_wconf 88' lang='lat' dir='ltr'><strong>sententia.</strong></span> <span class='ocrx_word' id='word_1_385' title='bbox 1995 4982 2047 5036; x_wconf 92' lang='lat'><strong>8.</strong></span> 
     </span>
    </p>
   </div>
   <div class='ocr_carea' id='block_1_52' title="bbox 466 5068 2054 5143">
    <p class='ocr_par' dir='ltr' id='par_1_52' title="bbox 466 5068 2054 5143">
     <span class='ocr_line' id='line_1_52' title="bbox 466 5068 2054 5143; baseline 0.003 -20"><span class='ocrx_word' id='word_1_386' title='bbox 466 5068 568 5132; x_wconf 80' lang='lat' dir='ltr'><strong>Tu,</strong></span> <span class='ocrx_word' id='word_1_387' title='bbox 593 5069 828 5135; x_wconf 85' lang='lat' dir='ltr'><strong>Domine,</strong></span> <span class='ocrx_word' id='word_1_388' title='bbox 855 5071 1072 5125; x_wconf 79' lang='lat' dir='ltr'><strong>servabis</strong></span> <span class='ocrx_word' id='word_1_389' title='bbox 1101 5088 1212 5134; x_wconf 85' lang='lat' dir='ltr'><strong>nos,</strong></span> <span class='ocrx_word' id='word_1_390' title='bbox 1240 5082 1284 5126; x_wconf 93' lang='lat' dir='ltr'><strong>et</strong></span> <span class='ocrx_word' id='word_1_391' title='bbox 1306 5074 1556 5126; x_wconf 86' lang='lat' dir='ltr'><strong>custodies</strong></span> <span class='ocrx_word' id='word_1_392' title='bbox 1584 5089 1676 5128; x_wconf 87' lang='lat' dir='ltr'><strong>nos</strong></span> <span class='ocrx_word' id='word_1_393' title='bbox 1699 5073 1760 5125; x_wconf 87' lang='lat' dir='ltr'><strong>ab</strong></span> <span class='ocrx_word' id='word_1_394' title='bbox 1790 5074 1884 5127; x_wconf 86' lang='lat' dir='ltr'><strong>hac</strong></span> <span class='ocrx_word' id='word_1_395' title='bbox 1903 5091 2054 5143; x_wconf 83' lang='lat' dir='ltr'><strong>gene-</strong></span> 
     </span>
    </p>
   </div>
   <div class='ocr_carea' id='block_1_53' title="bbox 459 5156 2047 5237">
    <p class='ocr_par' dir='ltr' id='par_1_53' title="bbox 459 5156 2047 5237">
     <span class='ocr_line' id='line_1_53' title="bbox 459 5156 2047 5237; baseline 0.006 -22"><span class='ocrx_word' id='word_1_396' title='bbox 459 5164 655 5216; x_wconf 77' lang='lat' dir='ltr'><strong>ratione</strong></span> <span class='ocrx_word' id='word_1_397' title='bbox 680 5172 728 5216; x_wconf 81' lang='lat' dir='ltr'><strong>et</strong></span> <span class='ocrx_word' id='word_1_398' title='bbox 769 5165 822 5216; x_wconf 91' lang='lat' dir='ltr'><strong>in</strong></span> <span class='ocrx_word' id='word_1_399' title='bbox 865 5165 1125 5218; x_wconf 76' lang='lat' dir='ltr'><strong>swculum.</strong></span> <span class='ocrx_word' id='word_1_400' title='bbox 1156 5165 1335 5233; x_wconf 86' lang='lat' dir='ltr'><strong>Alius,</strong></span> <span class='ocrx_word' id='word_1_401' title='bbox 1373 5165 1632 5221; x_wconf 84' lang='lat' dir='ltr'><strong>Custodies</strong></span> <span class='ocrx_word' id='word_1_402' title='bbox 1671 5168 1826 5237; x_wconf 84' lang='lat' dir='ltr'><strong>ipsos.</strong></span> <span class='ocrx_word' id='word_1_403' title='bbox 1859 5156 2008 5223; x_wconf 72' lang='lat' dir='ltr'><strong>Ahus</strong></span> <span class='ocrx_word' id='word_1_404' title='bbox 2031 5211 2047 5233; x_wconf 95' lang='lat'><strong>,</strong></span> 
     </span>
    </p>
   </div>
   <div class='ocr_carea' id='block_1_54' title="bbox 521 5298 2046 5371">
    <p class='ocr_par' dir='ltr' id='par_1_54' title="bbox 521 5298 2046 5371">
     <span class='ocr_line' id='line_1_54' title="bbox 521 5298 2046 5371; baseline 0.003 -25"><span class='ocrx_word' id='word_1_405' title='bbox 521 5298 594 5359; x_wconf 80' lang='grc' dir='ltr'><strong>(α)</strong></span> <span class='ocrx_word' id='word_1_406' title='bbox 618 5299 675 5349; x_wconf 85' lang='grc' dir='ltr'><strong>ῐη</strong></span> <span class='ocrx_word' id='word_1_407' title='bbox 697 5306 876 5371; x_wconf 63' lang='grc' dir='ltr'><strong>(ὲιοῳςο,</strong></span> <span class='ocrx_word' id='word_1_408' title='bbox 895 5309 998 5370; x_wconf 74' lang='grc' dir='ltr'><strong>τάξω</strong></span> <span class='ocrx_word' id='word_1_409' title='bbox 1020 5312 1192 5371; x_wconf 42' lang='lat' dir='ltr'><strong>ww</strong></span> <span class='ocrx_word' id='word_1_410' title='bbox 1214 5313 1378 5371; x_wconf 49' lang='grc' dir='ltr'><strong>ιντεκιινᾳςἒ</strong></span> <span class='ocrx_word' id='word_1_411' title='bbox 1397 5307 1507 5371; x_wconf 74' lang='lat' dir='ltr'><strong>Hzec</strong></span> <span class='ocrx_word' id='word_1_412' title='bbox 1531 5302 1872 5371; x_wconf 78' lang='lat' dir='ltr'><strong>interpretatio</strong></span> <span class='ocrx_word' id='word_1_413' title='bbox 1890 5309 2046 5371; x_wconf 66' lang='lat' dir='ltr'><strong>Graeca</strong></span> 
     </span>
    </p>
   </div>
   <div class='ocr_carea' id='block_1_55' title="bbox 461 5361 2049 5426">
    <p class='ocr_par' dir='ltr' id='par_1_55' title="bbox 461 5361 2049 5426">
     <span class='ocr_line' id='line_1_55' title="bbox 461 5361 2049 5426; baseline 0.003 -16"><span class='ocrx_word' id='word_1_414' title='bbox 461 5361 986 5426; x_wconf 21' lang='lat' dir='ltr'><strong>estsymmachijtqui‘</strong></span> <span class='ocrx_word' id='word_1_415' title='bbox 1003 5361 1192 5408; x_wconf 80' lang='lat' dir='ltr'><strong>videtur</strong></span> <span class='ocrx_word' id='word_1_416' title='bbox 1213 5361 1340 5426; x_wconf 74' lang='lat' dir='ltr'><strong>aliud</strong></span> <span class='ocrx_word' id='word_1_417' title='bbox 1367 5361 1550 5426; x_wconf 82' lang='lat' dir='ltr'><strong>legisse</strong></span> <span class='ocrx_word' id='word_1_418' title='bbox 1565 5397 1580 5421; x_wconf 92' lang='lat'><strong>,</strong></span> <span class='ocrx_word' id='word_1_419' title='bbox 1605 5361 1749 5425; x_wconf 82' lang='lat' dir='ltr'><strong>quam</strong></span> <span class='ocrx_word' id='word_1_420' title='bbox 1773 5367 1824 5413; x_wconf 86' lang='lat' dir='ltr'><strong>in</strong></span> <span class='ocrx_word' id='word_1_421' title='bbox 1846 5365 2049 5415; x_wconf 62' lang='lat' dir='ltr'><strong>Hebraeo</strong></span> 
     </span>
    </p>
   </div>
   <div class='ocr_carea' id='block_1_56' title="bbox 458 5421 1489 5484">
    <p class='ocr_par' dir='ltr' id='par_1_56' title="bbox 458 5421 1489 5484">
     <span class='ocr_line' id='line_1_56' title="bbox 458 5421 1489 5484; baseline -0.001 -12"><span class='ocrx_word' id='word_1_422' title='bbox 458 5421 606 5472; x_wconf 71' lang='lat' dir='ltr'><strong>hodie</strong></span> <span class='ocrx_word' id='word_1_423' title='bbox 627 5423 802 5484; x_wconf 83' lang='lat' dir='ltr'><strong>jaceat.</strong></span> <span class='ocrx_word' id='word_1_424' title='bbox 828 5421 953 5472; x_wconf 67' lang='lat' dir='ltr'><strong>Vide</strong></span> <span class='ocrx_word' id='word_1_425' title='bbox 976 5423 1025 5470; x_wconf 91' lang='lat' dir='ltr'><strong>in</strong></span> <span class='ocrx_word' id='word_1_426' title='bbox 1047 5421 1272 5484; x_wconf 65' lang='lat' dir='ltr'><strong>Hexaplis</strong></span> <span class='ocrx_word' id='word_1_427' title='bbox 1298 5421 1489 5473; x_wconf 71' lang='lat' dir='ltr'><strong>nostris.</strong></span> 
     </span>
    </p>
   </div>
   <div class='ocr_carea' id='block_1_57' title="bbox 523 5483 2049 5548">
    <p class='ocr_par' dir='ltr' id='par_1_57' title="bbox 523 5483 2049 5548">
     <span class='ocr_line' id='line_1_57' title="bbox 523 5483 2049 5548; baseline 0.003 -15"><span class='ocrx_word' id='word_1_428' title='bbox 523 5483 596 5548; x_wconf 66' lang='grc' dir='ltr'><strong>(ὁ)</strong></span> <span class='ocrx_word' id='word_1_429' title='bbox 637 5483 890 5548; x_wconf 11' lang='grc' dir='ltr'><strong>Ιιιὲῦῃντξιεο,</strong></span> <span class='ocrx_word' id='word_1_430' title='bbox 918 5496 1048 5548; x_wconf 58' lang='lat' dir='ltr'><strong>Mn</strong></span> <span class='ocrx_word' id='word_1_431' title='bbox 1067 5483 1207 5548; x_wconf 59' lang='grc' dir='ltr'><strong>λάαρεέ.</strong></span> <span class='ocrx_word' id='word_1_432' title='bbox 1227 5484 1360 5534; x_wconf 81' lang='lat' dir='ltr'><strong>Coll).</strong></span> <span class='ocrx_word' id='word_1_433' title='bbox 1382 5493 1434 5534; x_wconf 90' lang='lat' dir='ltr'><strong>et</strong></span> <span class='ocrx_word' id='word_1_434' title='bbox 1453 5485 1592 5534; x_wconf 75' lang='lat' dir='ltr'><strong>Savil.</strong></span> <span class='ocrx_word' id='word_1_435' title='bbox 1612 5499 1878 5548; x_wconf 66' lang='grc' dir='ltr'><strong>Βααλῑνλάαρς.</strong></span> <span class='ocrx_word' id='word_1_436' title='bbox 1896 5489 2049 5538; x_wconf 86' lang='lat' dir='ltr'><strong>Prima</strong></span> 
     </span>
    </p>
   </div>
   <div class='ocr_carea' id='block_1_58' title="bbox 460 5544 2048 5607">
    <p class='ocr_par' dir='ltr' id='par_1_58' title="bbox 460 5544 2048 5607">
     <span class='ocr_line' id='line_1_58' title="bbox 460 5544 2048 5607; baseline 0.003 -12"><span class='ocrx_word' id='word_1_437' title='bbox 460 5559 554 5595; x_wconf 84' lang='lat' dir='ltr'><strong>vox</strong></span> <span class='ocrx_word' id='word_1_438' title='bbox 581 5546 706 5594; x_wconf 89' lang='lat' dir='ltr'><strong>haud</strong></span> <span class='ocrx_word' id='word_1_439' title='bbox 731 5547 891 5607; x_wconf 83' lang='lat' dir='ltr'><strong>dubie</strong></span> <span class='ocrx_word' id='word_1_440' title='bbox 903 5548 971 5594; x_wconf 90' lang='lat' dir='ltr'><strong>sic</strong></span> <span class='ocrx_word' id='word_1_441' title='bbox 995 5544 1220 5607; x_wconf 83' lang='lat' dir='ltr'><strong>legenda,</strong></span> <span class='ocrx_word' id='word_1_442' title='bbox 1239 5559 1387 5604; x_wconf 67' lang='grc' dir='ltr'><strong>βαιλίλ,</strong></span> <span class='ocrx_word' id='word_1_443' title='bbox 1410 5561 1518 5596; x_wconf 86' lang='lat' dir='ltr'><strong>nam</strong></span> <span class='ocrx_word' id='word_1_444' title='bbox 1541 5549 1590 5596; x_wconf 90' lang='lat' dir='ltr'><strong>in</strong></span> <span class='ocrx_word' id='word_1_445' title='bbox 1614 5544 1846 5599; x_wconf 83' lang='lat' dir='ltr'><strong>Hebraico</strong></span> <span class='ocrx_word' id='word_1_446' title='bbox 1869 5551 1940 5599; x_wconf 84' lang='lat' dir='ltr'><strong>sie</strong></span> <span class='ocrx_word' id='word_1_447' title='bbox 1961 5551 2048 5599; x_wconf 87' lang='lat' dir='ltr'><strong>ha-</strong></span> 
     </span>
    </p>
   </div>
   <div class='ocr_carea' id='block_1_59' title="bbox 457 5605 2044 5712">
    <p class='ocr_par' dir='ltr' id='par_1_59' title="bbox 457 5605 2044 5712">
     <span class='ocr_line' id='line_1_59' title="bbox 457 5605 2044 5712; baseline 0.003 -34"><span class='ocrx_word' id='word_1_448' title='bbox 457 5629 607 5678; x_wconf 86' lang='lat' dir='ltr'><strong>betur</strong></span> <span class='ocrx_word' id='word_1_449' title='bbox 624 5665 638 5687; x_wconf 94' lang='lat'><strong>,</strong></span> <span class='ocrx_word' id='word_1_450' title='bbox 661 5606 810 5712; x_wconf 56' lang='lat' dir='ltr'><strong>vix&quot;)</strong></span> <span class='ocrx_word' id='word_1_451' title='bbox 1037 5605 1300 5678; x_wconf 59' lang='lat' dir='ltr'><strong>secundam</strong></span> <span class='ocrx_word' id='word_1_452' title='bbox 1327 5644 1493 5680; x_wconf 86' lang='lat' dir='ltr'><strong>vocem</strong></span> <span class='ocrx_word' id='word_1_453' title='bbox 1516 5632 1586 5681; x_wconf 88' lang='lat' dir='ltr'><strong>sic</strong></span> <span class='ocrx_word' id='word_1_454' title='bbox 1607 5633 1887 5694; x_wconf 86' lang='lat' dir='ltr'><strong>exprimunt</strong></span> <span class='ocrx_word' id='word_1_455' title='bbox 1906 5634 2044 5683; x_wconf 81' lang='lat' dir='ltr'><strong>savii.</strong></span> 
     </span>
    </p>
   </div>
   <div class='ocr_carea' id='block_1_60' title="bbox 458 5706 2046 5773">
    <p class='ocr_par' dir='ltr' id='par_1_60' title="bbox 458 5706 2046 5773">
     <span class='ocr_line' id='line_1_60' title="bbox 458 5706 2046 5773; baseline 0.003 -17"><span class='ocrx_word' id='word_1_456' title='bbox 458 5714 512 5756; x_wconf 91' lang='lat' dir='ltr'><strong>et</strong></span> <span class='ocrx_word' id='word_1_457' title='bbox 533 5706 666 5773; x_wconf 54' lang='lat' dir='ltr'><strong>Coll»</strong></span> <span class='ocrx_word' id='word_1_458' title='bbox 823 5720 912 5768; x_wconf 83' lang='lat' dir='ltr'><strong>pro</strong></span> <span class='ocrx_word' id='word_1_459' title='bbox 924 5719 1079 5773; x_wconf 56' lang='lat' dir='ltr'><strong>)a&#39;apsg.</strong></span> <span class='ocrx_word' id='word_1_460' title='bbox 1106 5706 1167 5773; x_wconf 80' lang='lat' dir='ltr'><strong>ln</strong></span> <span class='ocrx_word' id='word_1_461' title='bbox 1197 5709 1529 5773; x_wconf 74' lang='lat' dir='ltr'><strong>antiquissimo</strong></span> <span class='ocrx_word' id='word_1_462' title='bbox 1551 5708 1726 5773; x_wconf 84' lang='lat' dir='ltr'><strong>Codice</strong></span> <span class='ocrx_word' id='word_1_463' title='bbox 1752 5723 1815 5760; x_wconf 84' lang='lat' dir='ltr'><strong>ex</strong></span> <span class='ocrx_word' id='word_1_464' title='bbox 1838 5724 1936 5773; x_wconf 89' lang='lat' dir='ltr'><strong>quo</strong></span> <span class='ocrx_word' id='word_1_465' title='bbox 1956 5723 2046 5760; x_wconf 85' lang='lat' dir='ltr'><strong>ex-</strong></span> 
     </span>
    </p>
   </div>
   <div class='ocr_carea' id='block_1_61' title="bbox 455 5767 2044 5840">
    <p class='ocr_par' dir='ltr' id='par_1_61' title="bbox 455 5767 2044 5840">
     <span class='ocr_line' id='line_1_61' title="bbox 455 5767 2044 5840; baseline 0.007 -25"><span class='ocrx_word' id='word_1_466' title='bbox 455 5767 726 5840; x_wconf 65' lang='lat' dir='ltr'><strong>cerpsimus</strong></span> <span class='ocrx_word' id='word_1_467' title='bbox 740 5767 1022 5840; x_wconf 62' lang='lat' dir='ltr'><strong>opusculum</strong></span> <span class='ocrx_word' id='word_1_468' title='bbox 1039 5771 1260 5840; x_wconf 68' lang='lat' dir='ltr'><strong>origems</strong></span> <span class='ocrx_word' id='word_1_469' title='bbox 1279 5767 1328 5840; x_wconf 81' lang='lat' dir='ltr'><strong>in</strong></span> <span class='ocrx_word' id='word_1_470' title='bbox 1348 5771 1506 5820; x_wconf 87' lang='lat' dir='ltr'><strong>fronte</strong></span> <span class='ocrx_word' id='word_1_471' title='bbox 1526 5767 1893 5840; x_wconf 59' lang='lat' dir='ltr'><strong>liexaplorum&#39;a</strong></span> <span class='ocrx_word' id='word_1_472' title='bbox 1909 5774 2044 5827; x_wconf 78' lang='lat' dir='ltr'><strong>nobis</strong></span> 
     </span>
    </p>
   </div>
   <div class='ocr_carea' id='block_1_62' title="bbox 458 5829 1932 5907">
    <p class='ocr_par' dir='ltr' id='par_1_62' title="bbox 458 5829 1932 5907">
     <span class='ocr_line' id='line_1_62' title="bbox 458 5829 1932 5907; baseline 0.003 -28"><span class='ocrx_word' id='word_1_473' title='bbox 458 5829 662 5892; x_wconf 78' lang='lat' dir='ltr'><strong>editum,</strong></span> <span class='ocrx_word' id='word_1_474' title='bbox 689 5847 734 5894; x_wconf 90' lang='lat' dir='ltr'><strong>p.</strong></span> <span class='ocrx_word' id='word_1_475' title='bbox 761 5829 839 5888; x_wconf 83' lang='lat'><strong>8|,</strong></span> <span class='ocrx_word' id='word_1_476' title='bbox 866 5832 970 5882; x_wconf 74' lang='lat' dir='ltr'><strong>hzec</strong></span> <span class='ocrx_word' id='word_1_477' title='bbox 994 5844 1082 5882; x_wconf 80' lang='lat' dir='ltr'><strong>vox</strong></span> <span class='ocrx_word' id='word_1_478' title='bbox 1110 5837 1223 5907; x_wconf 64' lang='lat' dir='ltr'><strong>V‘lN</strong></span> <span class='ocrx_word' id='word_1_479' title='bbox 1249 5838 1318 5886; x_wconf 85' lang='lat' dir='ltr'><strong>sic</strong></span> <span class='ocrx_word' id='word_1_480' title='bbox 1341 5844 1503 5887; x_wconf 70' lang='lat' dir='ltr'><strong>Graece</strong></span> <span class='ocrx_word' id='word_1_481' title='bbox 1525 5829 1832 5895; x_wconf 85' lang='lat' dir='ltr'><strong>exprimitur,</strong></span> <span class='ocrx_word' id='word_1_482' title='bbox 1857 5860 1932 5896; x_wconf 52' lang='lat' dir='ltr'><strong>in“.</strong></span> 
     </span>
    </p>
   </div>
   <div class='ocr_carea' id='block_1_63' title="bbox 1145 363 2978 424">
    <p class='ocr_par' dir='ltr' id='par_1_63' title="bbox 1145 363 2978 424">
     <span class='ocr_line' id='line_1_63' title="bbox 1145 363 2978 424; baseline -0.001 -2"><span class='ocrx_word' id='word_1_483' title='bbox 1145 367 1201 423; x_wconf 91' lang='lat' dir='ltr'><strong>S.</strong></span> <span class='ocrx_word' id='word_1_484' title='bbox 1242 366 1522 424; x_wconf 75' lang='lat' dir='ltr'><strong>JOANNIS</strong></span> <span class='ocrx_word' id='word_1_485' title='bbox 1557 363 2038 422; x_wconf 79' lang='lat' dir='ltr'><strong>CHRYSOSTOMI</strong></span> <span class='ocrx_word' id='word_1_486' title='bbox 2077 363 2397 420; x_wconf 79' lang='lat' dir='ltr'><strong>ARCIIIEP.</strong></span> <span class='ocrx_word' id='word_1_487' title='bbox 2441 365 2978 424; x_wconf 77' lang='lat' dir='ltr'><strong>CONSTANTINOP.</strong></span> 
     </span>
    </p>
   </div>
   <div class='ocr_carea' id='block_1_64' title="bbox 3686 373 3786 428">
    <p class='ocr_par' dir='ltr' id='par_1_64' title="bbox 3686 373 3786 428">
     <span class='ocr_line' id='line_1_64' title="bbox 3686 373 3786 428; baseline -0.01 0"><span class='ocrx_word' id='word_1_488' title='bbox 3686 373 3786 428; x_wconf 82' lang='grc'><strong>118</strong></span> 
     </span>
    </p>
   </div>
   <div class='ocr_carea' id='block_1_65' title="bbox 2205 474 3788 550">
    <p class='ocr_par' dir='ltr' id='par_1_65' title="bbox 2205 474 3788 550">
     <span class='ocr_line' id='line_1_65' title="bbox 2205 474 3788 550; baseline 0.004 -17"><span class='ocrx_word' id='word_1_489' title='bbox 2205 474 2464 533; x_wconf 74' lang='lat' dir='ltr'><strong>Custbdics</strong></span> <span class='ocrx_word' id='word_1_490' title='bbox 2490 478 2604 542; x_wconf 85' lang='lat' dir='ltr'><strong>ipsa</strong></span> <span class='ocrx_word' id='word_1_491' title='bbox 2623 520 2638 543; x_wconf 92' lang='lat'><strong>,</strong></span> <span class='ocrx_word' id='word_1_492' title='bbox 2667 490 2713 533; x_wconf 89' lang='lat' dir='ltr'><strong>et</strong></span> <span class='ocrx_word' id='word_1_493' title='bbox 2737 479 3049 534; x_wconf 77' lang='lat' dir='ltr'><strong>canscruabis</strong></span> <span class='ocrx_word' id='word_1_494' title='bbox 3078 495 3169 535; x_wconf 88' lang='lat' dir='ltr'><strong>nos</strong></span> <span class='ocrx_word' id='word_1_495' title='bbox 3191 481 3252 534; x_wconf 87' lang='lat' dir='ltr'><strong>ab</strong></span> <span class='ocrx_word' id='word_1_496' title='bbox 3281 481 3377 535; x_wconf 85' lang='lat' dir='ltr'><strong>hac</strong></span> <span class='ocrx_word' id='word_1_497' title='bbox 3401 484 3718 550; x_wconf 73' lang='lat' dir='ltr'><strong>generatione</strong></span> <span class='ocrx_word' id='word_1_498' title='bbox 3741 497 3788 541; x_wconf 82' lang='lat' dir='ltr'><strong>ct</strong></span> 
     </span>
    </p>
   </div>
   <div class='ocr_carea' id='block_1_66' title="bbox 2196 572 3785 644">
    <p class='ocr_par' dir='ltr' id='par_1_66' title="bbox 2196 572 3785 644">
     <span class='ocr_line' id='line_1_66' title="bbox 2196 572 3785 644; baseline 0.004 -20"><span class='ocrx_word' id='word_1_499' title='bbox 2196 573 2250 625; x_wconf 91' lang='lat' dir='ltr'><strong>in</strong></span> <span class='ocrx_word' id='word_1_500' title='bbox 2277 572 2536 626; x_wconf 71' lang='lat' dir='ltr'><strong>sarculum.</strong></span> <span class='ocrx_word' id='word_1_501' title='bbox 2578 573 2746 635; x_wconf 78' lang='lat' dir='ltr'><strong>Alius,</strong></span> <span class='ocrx_word' id='word_1_502' title='bbox 2770 572 2894 627; x_wconf 84' lang='lat' dir='ltr'><strong>Cum</strong></span> <span class='ocrx_word' id='word_1_503' title='bbox 2923 575 3273 644; x_wconf 76' lang='lat' dir='ltr'><strong>generatione,</strong></span> <span class='ocrx_word' id='word_1_504' title='bbox 3301 591 3412 644; x_wconf 80' lang='lat' dir='ltr'><strong>qua:</strong></span> <span class='ocrx_word' id='word_1_505' title='bbox 3435 586 3505 628; x_wconf 89' lang='lat' dir='ltr'><strong>cst</strong></span> <span class='ocrx_word' id='word_1_506' title='bbox 3540 577 3593 629; x_wconf 86' lang='lat' dir='ltr'><strong>in</strong></span> <span class='ocrx_word' id='word_1_507' title='bbox 3621 593 3785 632; x_wconf 77' lang='lat' dir='ltr'><strong>sarcu-</strong></span> 
     </span>
    </p>
   </div>
   <div class='ocr_carea' id='block_1_67' title="bbox 2196 662 3782 733">
    <p class='ocr_par' dir='ltr' id='par_1_67' title="bbox 2196 662 3782 733">
     <span class='ocr_line' id='line_1_67' title="bbox 2196 662 3782 733; baseline 0.004 -17"><span class='ocrx_word' id='word_1_508' title='bbox 2196 663 2320 716; x_wconf 89' lang='lat' dir='ltr'><strong>lum.</strong></span> <span class='ocrx_word' id='word_1_509' title='bbox 2349 663 2400 718; x_wconf 90' lang='lat'><strong>9.</strong></span> <span class='ocrx_word' id='word_1_510' title='bbox 2433 662 2497 716; x_wconf 87' lang='lat' dir='ltr'><strong>In</strong></span> <span class='ocrx_word' id='word_1_511' title='bbox 2521 663 2728 716; x_wconf 84' lang='lat' dir='ltr'><strong>circuitu</strong></span> <span class='ocrx_word' id='word_1_512' title='bbox 2750 664 2893 733; x_wconf 88' lang='lat' dir='ltr'><strong>impii</strong></span> <span class='ocrx_word' id='word_1_513' title='bbox 2920 665 3202 718; x_wconf 79' lang='lat' dir='ltr'><strong>ambulant.</strong></span> <span class='ocrx_word' id='word_1_514' title='bbox 3224 665 3394 732; x_wconf 83' lang='lat' dir='ltr'><strong>Alius,</strong></span> <span class='ocrx_word' id='word_1_515' title='bbox 3423 667 3782 723; x_wconf 78' lang='lat' dir='ltr'><strong>Ambulabunt.</strong></span> 
     </span>
    </p>
   </div>
   <div class='ocr_carea' id='block_1_68' title="bbox 2196 753 3786 825">
    <p class='ocr_par' dir='ltr' id='par_1_68' title="bbox 2196 753 3786 825">
     <span class='ocr_line' id='line_1_68' title="bbox 2196 753 3786 825; baseline 0.004 -17"><span class='ocrx_word' id='word_1_516' title='bbox 2196 753 2375 817; x_wconf 80' lang='lat' dir='ltr'><strong>Alius,</strong></span> <span class='ocrx_word' id='word_1_517' title='bbox 2406 753 2471 808; x_wconf 86' lang='lat' dir='ltr'><strong>In</strong></span> <span class='ocrx_word' id='word_1_518' title='bbox 2513 755 2730 808; x_wconf 83' lang='lat' dir='ltr'><strong>circuitu</strong></span> <span class='ocrx_word' id='word_1_519' title='bbox 2776 756 3047 825; x_wconf 87' lang='lat' dir='ltr'><strong>impiorum</strong></span> <span class='ocrx_word' id='word_1_520' title='bbox 3101 756 3448 811; x_wconf 81' lang='lat' dir='ltr'><strong>ambulabunt.</strong></span> <span class='ocrx_word' id='word_1_521' title='bbox 3493 759 3786 815; x_wconf 82' lang='lat' dir='ltr'><strong>Secundum</strong></span> 
     </span>
    </p>
   </div>
   <div class='ocr_carea' id='block_1_69' title="bbox 2193 846 3781 922">
    <p class='ocr_par' dir='ltr' id='par_1_69' title="bbox 2193 846 3781 922">
     <span class='ocr_line' id='line_1_69' title="bbox 2193 846 3781 922; baseline 0.004 -24"><span class='ocrx_word' id='word_1_522' title='bbox 2193 846 2510 901; x_wconf 85' lang='lat' dir='ltr'><strong>altitudinem</strong></span> <span class='ocrx_word' id='word_1_523' title='bbox 2553 856 2692 901; x_wconf 89' lang='lat' dir='ltr'><strong>tuam</strong></span> <span class='ocrx_word' id='word_1_524' title='bbox 2728 849 3078 919; x_wconf 64' lang='lat' dir='ltr'><strong>multiplicati</strong></span> <span class='ocrx_word' id='word_1_525' title='bbox 3119 851 3255 918; x_wconf 79' lang='lat' dir='ltr'><strong>ﬁlios</strong></span> <span class='ocrx_word' id='word_1_526' title='bbox 3297 851 3576 906; x_wconf 78' lang='lat' dir='ltr'><strong>hominum.</strong></span> <span class='ocrx_word' id='word_1_527' title='bbox 3609 854 3781 922; x_wconf 65' lang='lat' dir='ltr'><strong>Alitis,</strong></span> 
     </span>
    </p>
   </div>
   <div class='ocr_carea' id='block_1_70' title="bbox 2197 937 3782 1012">
    <p class='ocr_par' dir='ltr' id='par_1_70' title="bbox 2197 937 3782 1012">
     <span class='ocr_line' id='line_1_70' title="bbox 2197 937 3782 1012; baseline 0.006 -20"><span class='ocrx_word' id='word_1_528' title='bbox 2197 937 2416 1004; x_wconf 78' lang='lat' dir='ltr'><strong>Quando</strong></span> <span class='ocrx_word' id='word_1_529' title='bbox 2440 939 2646 993; x_wconf 72' lang='lat' dir='ltr'><strong>exaltati</strong></span> <span class='ocrx_word' id='word_1_530' title='bbox 2673 942 2860 1010; x_wconf 76' lang='lat' dir='ltr'><strong>fuerint</strong></span> <span class='ocrx_word' id='word_1_531' title='bbox 2889 941 3010 996; x_wconf 77' lang='lat' dir='ltr'><strong>viles</strong></span> <span class='ocrx_word' id='word_1_532' title='bbox 3030 942 3254 1012; x_wconf 74' lang='lat' dir='ltr'><strong>ﬁliorum</strong></span> <span class='ocrx_word' id='word_1_533' title='bbox 3283 942 3560 1000; x_wconf 79' lang='lat' dir='ltr'><strong>hominum.</strong></span> <span class='ocrx_word' id='word_1_534' title='bbox 3590 945 3741 1001; x_wconf 85' lang='lat' dir='ltr'><strong>Alius</strong></span> <span class='ocrx_word' id='word_1_535' title='bbox 3764 987 3782 1012; x_wconf 89' lang='lat'><strong>,</strong></span> 
     </span>
    </p>
   </div>
   <div class='ocr_carea' id='block_1_71' title="bbox 2194 1031 3780 1105">
    <p class='ocr_par' dir='ltr' id='par_1_71' title="bbox 2194 1031 3780 1105">
     <span class='ocr_line' id='line_1_71' title="bbox 2194 1031 3780 1105; baseline 0.004 -19"><span class='ocrx_word' id='word_1_536' title='bbox 2194 1031 2486 1086; x_wconf 83' lang='lat' dir='ltr'><strong>Secundum</strong></span> <span class='ocrx_word' id='word_1_537' title='bbox 2515 1033 2831 1087; x_wconf 80' lang='lat' dir='ltr'><strong>altitudith</strong></span> <span class='ocrx_word' id='word_1_538' title='bbox 2859 1049 3012 1102; x_wconf 88' lang='lat' dir='ltr'><strong>parvo</strong></span> <span class='ocrx_word' id='word_1_539' title='bbox 3039 1035 3191 1105; x_wconf 85' lang='lat' dir='ltr'><strong>empti</strong></span> <span class='ocrx_word' id='word_1_540' title='bbox 3213 1035 3335 1104; x_wconf 75' lang='lat' dir='ltr'><strong>[iliis</strong></span> <span class='ocrx_word' id='word_1_541' title='bbox 3361 1035 3642 1090; x_wconf 83' lang='lat' dir='ltr'><strong>hominum.</strong></span> <span class='ocrx_word' id='word_1_542' title='bbox 3675 1037 3780 1093; x_wconf 83' lang='lat' dir='ltr'><strong>Hc-</strong></span> 
     </span>
    </p>
   </div>
   <div class='ocr_carea' id='block_1_72' title="bbox 2191 1123 3778 1199">
    <p class='ocr_par' dir='ltr' id='par_1_72' title="bbox 2191 1123 3778 1199">
     <span class='ocr_line' id='line_1_72' title="bbox 2191 1123 3778 1199; baseline 0.004 -20"><span class='ocrx_word' id='word_1_543' title='bbox 2191 1123 2367 1179; x_wconf 77' lang='lat' dir='ltr'><strong>brteus</strong></span> <span class='ocrx_word' id='word_1_544' title='bbox 2391 1133 2596 1189; x_wconf 85' lang='lat' dir='ltr'><strong>autem,</strong></span> <span class='ocrx_word' id='word_1_545' title='bbox 2629 1125 2817 1180; x_wconf 82' lang='lat' dir='ltr'><strong>Charm</strong></span> <span class='ocrx_word' id='word_1_546' title='bbox 2837 1124 3025 1179; x_wconf 77' lang='lat' dir='ltr'><strong>zotloth</strong></span> <span class='ocrx_word' id='word_1_547' title='bbox 3055 1125 3197 1180; x_wconf 85' lang='lat' dir='ltr'><strong>lebne</strong></span> <span class='ocrx_word' id='word_1_548' title='bbox 3220 1125 3387 1180; x_wconf 82' lang='lat' dir='ltr'><strong>Adam</strong></span> <span class='ocrx_word' id='word_1_549' title='bbox 3410 1125 3508 1199; x_wconf 91' lang='lat' dir='ltr'><strong>(a).</strong></span> <span class='ocrx_word' id='word_1_550' title='bbox 3536 1127 3635 1195; x_wconf 84' lang='lat' dir='ltr'><strong>Tu,</strong></span> <span class='ocrx_word' id='word_1_551' title='bbox 3670 1129 3747 1184; x_wconf 90' lang='lat' dir='ltr'><strong>Do</strong></span> <span class='ocrx_word' id='word_1_552' title='bbox 3772 1165 3778 1171; x_wconf 90' lang='lat'><strong>-</strong></span> 
     </span>
    </p>
   </div>
   <div class='ocr_carea' id='block_1_73' title="bbox 2189 1217 3777 1282">
    <p class='ocr_par' dir='ltr' id='par_1_73' title="bbox 2189 1217 3777 1282">
     <span class='ocr_line' id='line_1_73' title="bbox 2189 1217 3777 1282; baseline 0.006 -13"><span class='ocrx_word' id='word_1_553' title='bbox 2189 1217 2323 1270; x_wconf 88' lang='lat' dir='ltr'><strong>mine</strong></span> <span class='ocrx_word' id='word_1_554' title='bbox 2341 1259 2355 1280; x_wconf 91' lang='lat'><strong>,</strong></span> <span class='ocrx_word' id='word_1_555' title='bbox 2378 1217 2628 1271; x_wconf 76' lang='lat' dir='ltr'><strong>custodies</strong></span> <span class='ocrx_word' id='word_1_556' title='bbox 2654 1234 2778 1282; x_wconf 90' lang='lat' dir='ltr'><strong>nos,</strong></span> <span class='ocrx_word' id='word_1_557' title='bbox 2809 1227 2856 1272; x_wconf 88' lang='lat' dir='ltr'><strong>et</strong></span> <span class='ocrx_word' id='word_1_558' title='bbox 2883 1219 3197 1274; x_wconf 81' lang='lat' dir='ltr'><strong>conseruabis</strong></span> <span class='ocrx_word' id='word_1_559' title='bbox 3225 1237 3332 1276; x_wconf 90' lang='lat' dir='ltr'><strong>nos.</strong></span> <span class='ocrx_word' id='word_1_560' title='bbox 3365 1221 3498 1276; x_wconf 86' lang='lat' dir='ltr'><strong>Vide</strong></span> <span class='ocrx_word' id='word_1_561' title='bbox 3523 1238 3645 1278; x_wconf 91' lang='lat' dir='ltr'><strong>eum</strong></span> <span class='ocrx_word' id='word_1_562' title='bbox 3674 1223 3777 1278; x_wconf 79' lang='lat' dir='ltr'><strong>fre-</strong></span> 
     </span>
    </p>
   </div>
   <div class='ocr_carea' id='block_1_74' title="bbox 2186 1308 3778 1383">
    <p class='ocr_par' dir='ltr' id='par_1_74' title="bbox 2186 1308 3778 1383">
     <span class='ocr_line' id='line_1_74' title="bbox 2186 1308 3778 1383; baseline 0.004 -22"><span class='ocrx_word' id='word_1_563' title='bbox 2186 1317 2432 1378; x_wconf 89' lang='lat' dir='ltr'><strong>quenter,</strong></span> <span class='ocrx_word' id='word_1_564' title='bbox 2464 1308 2572 1364; x_wconf 91' lang='lat' dir='ltr'><strong>imo</strong></span> <span class='ocrx_word' id='word_1_565' title='bbox 2601 1322 2731 1364; x_wconf 87' lang='lat' dir='ltr'><strong>vero</strong></span> <span class='ocrx_word' id='word_1_566' title='bbox 2759 1309 2971 1364; x_wconf 89' lang='lat' dir='ltr'><strong>assidue</strong></span> <span class='ocrx_word' id='word_1_567' title='bbox 2997 1309 3065 1363; x_wconf 84' lang='lat' dir='ltr'><strong>ad</strong></span> <span class='ocrx_word' id='word_1_568' title='bbox 3103 1309 3267 1366; x_wconf 89' lang='lat' dir='ltr'><strong>Deum</strong></span> <span class='ocrx_word' id='word_1_569' title='bbox 3295 1310 3602 1383; x_wconf 80' lang='lat' dir='ltr'><strong>confugere,</strong></span> <span class='ocrx_word' id='word_1_570' title='bbox 3631 1324 3685 1370; x_wconf 89' lang='lat' dir='ltr'><strong>et</strong></span> <span class='ocrx_word' id='word_1_571' title='bbox 3707 1313 3778 1368; x_wconf 91' lang='lat' dir='ltr'><strong>ab</strong></span> 
     </span>
    </p>
   </div>
   <div class='ocr_carea' id='block_1_75' title="bbox 2186 1398 3776 1472">
    <p class='ocr_par' dir='ltr' id='par_1_75' title="bbox 2186 1398 3776 1472">
     <span class='ocr_line' id='line_1_75' title="bbox 2186 1398 3776 1472; baseline 0.004 -18"><span class='ocrx_word' id='word_1_572' title='bbox 2186 1412 2255 1454; x_wconf 87' lang='lat' dir='ltr'><strong>eo</strong></span> <span class='ocrx_word' id='word_1_573' title='bbox 2283 1398 2537 1454; x_wconf 78' lang='lat' dir='ltr'><strong>auxilium</strong></span> <span class='ocrx_word' id='word_1_574' title='bbox 2583 1409 2810 1468; x_wconf 89' lang='lat' dir='ltr'><strong>petere:</strong></span> <span class='ocrx_word' id='word_1_575' title='bbox 2843 1411 2925 1456; x_wconf 90' lang='lat' dir='ltr'><strong>est</strong></span> <span class='ocrx_word' id='word_1_576' title='bbox 2966 1401 3107 1456; x_wconf 89' lang='lat' dir='ltr'><strong>enim</strong></span> <span class='ocrx_word' id='word_1_577' title='bbox 3152 1404 3577 1472; x_wconf 82' lang='lat' dir='ltr'><strong>potentissimum</strong></span> <span class='ocrx_word' id='word_1_578' title='bbox 3627 1406 3776 1460; x_wconf 80' lang='lat' dir='ltr'><strong>auxi-</strong></span> 
     </span>
    </p>
   </div>
   <div class='ocr_carea' id='block_1_76' title="bbox 2185 1491 3772 1565">
    <p class='ocr_par' dir='ltr' id='par_1_76' title="bbox 2185 1491 3772 1565">
     <span class='ocr_line' id='line_1_76' title="bbox 2185 1491 3772 1565; baseline 0.004 -20"><span class='ocrx_word' id='word_1_579' title='bbox 2185 1491 2344 1556; x_wconf 85' lang='lat' dir='ltr'><strong>lium,</strong></span> <span class='ocrx_word' id='word_1_580' title='bbox 2375 1491 2517 1560; x_wconf 91' lang='lat' dir='ltr'><strong>quod</strong></span> <span class='ocrx_word' id='word_1_581' title='bbox 2560 1492 2706 1546; x_wconf 90' lang='lat' dir='ltr'><strong>nullo</strong></span> <span class='ocrx_word' id='word_1_582' title='bbox 2747 1501 2987 1562; x_wconf 91' lang='lat' dir='ltr'><strong>tempore</strong></span> <span class='ocrx_word' id='word_1_583' title='bbox 3030 1493 3448 1565; x_wconf 90' lang='lat' dir='ltr'><strong>interrumpitur.</strong></span> <span class='ocrx_word' id='word_1_584' title='bbox 3496 1495 3652 1551; x_wconf 85' lang='lat' dir='ltr'><strong>Nulla</strong></span> <span class='ocrx_word' id='word_1_585' title='bbox 3691 1512 3772 1558; x_wconf 88' lang='lat' dir='ltr'><strong>re.</strong></span> 
     </span>
    </p>
   </div>
   <div class='ocr_carea' id='block_1_77' title="bbox 2184 1582 3770 1657">
    <p class='ocr_par' dir='ltr' id='par_1_77' title="bbox 2184 1582 3770 1657">
     <span class='ocr_line' id='line_1_77' title="bbox 2184 1582 3770 1657; baseline 0.004 -21"><span class='ocrx_word' id='word_1_586' title='bbox 2184 1582 2388 1652; x_wconf 90' lang='lat' dir='ltr'><strong>inquit,</strong></span> <span class='ocrx_word' id='word_1_587' title='bbox 2419 1583 2650 1638; x_wconf 89' lang='lat' dir='ltr'><strong>humana</strong></span> <span class='ocrx_word' id='word_1_588' title='bbox 2690 1599 2824 1653; x_wconf 88' lang='lat' dir='ltr'><strong>opus</strong></span> <span class='ocrx_word' id='word_1_589' title='bbox 2865 1583 3141 1639; x_wconf 87' lang='lat' dir='ltr'><strong>habemus.</strong></span> <span class='ocrx_word' id='word_1_590' title='bbox 3167 1585 3250 1640; x_wconf 88' lang='lat' dir='ltr'><strong>Tu</strong></span> <span class='ocrx_word' id='word_1_591' title='bbox 3292 1586 3434 1641; x_wconf 92' lang='lat' dir='ltr'><strong>enim</strong></span> <span class='ocrx_word' id='word_1_592' title='bbox 3461 1601 3552 1654; x_wconf 90' lang='lat' dir='ltr'><strong>es,</strong></span> <span class='ocrx_word' id='word_1_593' title='bbox 3581 1588 3770 1657; x_wconf 90' lang='lat' dir='ltr'><strong>inquit,</strong></span> 
     </span>
    </p>
   </div>
   <div class='ocr_carea' id='block_1_78' title="bbox 2181 1675 3771 1745">
    <p class='ocr_par' dir='ltr' id='par_1_78' title="bbox 2181 1675 3771 1745">
     <span class='ocr_line' id='line_1_78' title="bbox 2181 1675 3771 1745; baseline 0.004 -18"><span class='ocrx_word' id='word_1_594' title='bbox 2181 1675 2272 1744; x_wconf 88' lang='lat' dir='ltr'><strong>qui</strong></span> <span class='ocrx_word' id='word_1_595' title='bbox 2297 1684 2558 1745; x_wconf 85' lang='lat' dir='ltr'><strong>perpetuo</strong></span> <span class='ocrx_word' id='word_1_596' title='bbox 2580 1675 2836 1730; x_wconf 88' lang='lat' dir='ltr'><strong>custodis.</strong></span> <span class='ocrx_word' id='word_1_597' title='bbox 2857 1675 2994 1742; x_wconf 86' lang='lat' dir='ltr'><strong>Quid</strong></span> <span class='ocrx_word' id='word_1_598' title='bbox 3022 1685 3105 1730; x_wconf 91' lang='lat' dir='ltr'><strong>est</strong></span> <span class='ocrx_word' id='word_1_599' title='bbox 3123 1684 3318 1742; x_wconf 89' lang='lat' dir='ltr'><strong>autem,</strong></span> <span class='ocrx_word' id='word_1_600' title='bbox 3343 1676 3410 1732; x_wconf 86' lang='lat' dir='ltr'><strong>In</strong></span> <span class='ocrx_word' id='word_1_601' title='bbox 3437 1678 3648 1734; x_wconf 83' lang='lat' dir='ltr'><strong>circuitu</strong></span> <span class='ocrx_word' id='word_1_602' title='bbox 3671 1681 3771 1734; x_wconf 84' lang='lat' dir='ltr'><strong>im-</strong></span> 
     </span>
    </p>
   </div>
   <div class='ocr_carea' id='block_1_79' title="bbox 2183 1765 3770 1839">
    <p class='ocr_par' dir='ltr' id='par_1_79' title="bbox 2183 1765 3770 1839">
     <span class='ocr_line' id='line_1_79' title="bbox 2183 1765 3770 1839; baseline 0.006 -22"><span class='ocrx_word' id='word_1_603' title='bbox 2183 1765 2256 1833; x_wconf 87' lang='lat' dir='ltr'><strong>pii</strong></span> <span class='ocrx_word' id='word_1_604' title='bbox 2293 1765 2554 1820; x_wconf 84' lang='lat' dir='ltr'><strong>ambulant</strong></span> <span class='ocrx_word' id='word_1_605' title='bbox 2571 1766 2598 1820; x_wconf 84' lang='lat'><strong><em>?</em></strong></span> <span class='ocrx_word' id='word_1_606' title='bbox 2623 1765 2929 1822; x_wconf 89' lang='lat' dir='ltr'><strong>Secundum</strong></span> <span class='ocrx_word' id='word_1_607' title='bbox 2955 1766 3305 1838; x_wconf 86' lang='lat' dir='ltr'><strong>Septuaginta</strong></span> <span class='ocrx_word' id='word_1_608' title='bbox 3344 1770 3558 1839; x_wconf 90' lang='lat' dir='ltr'><strong>quidem</strong></span> <span class='ocrx_word' id='word_1_609' title='bbox 3589 1771 3658 1826; x_wconf 90' lang='lat' dir='ltr'><strong>ita</strong></span> <span class='ocrx_word' id='word_1_610' title='bbox 3684 1772 3770 1827; x_wconf 89' lang='lat' dir='ltr'><strong>di-</strong></span> 
     </span>
    </p>
   </div>
   <div class='ocr_carea' id='block_1_80' title="bbox 2180 1855 3771 1928">
    <p class='ocr_par' dir='ltr' id='par_1_80' title="bbox 2180 1855 3771 1928">
     <span class='ocr_line' id='line_1_80' title="bbox 2180 1855 3771 1928; baseline 0.005 -18"><span class='ocrx_word' id='word_1_611' title='bbox 2180 1855 2408 1910; x_wconf 89' lang='lat' dir='ltr'><strong>cendum</strong></span> <span class='ocrx_word' id='word_1_612' title='bbox 2461 1869 2590 1912; x_wconf 90' lang='lat' dir='ltr'><strong>est:</strong></span> <span class='ocrx_word' id='word_1_613' title='bbox 2642 1857 2862 1912; x_wconf 80' lang='lat' dir='ltr'><strong>Etiamsi</strong></span> <span class='ocrx_word' id='word_1_614' title='bbox 2903 1857 3051 1928; x_wconf 89' lang='lat' dir='ltr'><strong>impii</strong></span> <span class='ocrx_word' id='word_1_615' title='bbox 3097 1873 3196 1912; x_wconf 91' lang='lat' dir='ltr'><strong>nos</strong></span> <span class='ocrx_word' id='word_1_616' title='bbox 3235 1859 3578 1916; x_wconf 87' lang='lat' dir='ltr'><strong>circumcirca</strong></span> <span class='ocrx_word' id='word_1_617' title='bbox 3625 1862 3771 1918; x_wconf 86' lang='lat' dir='ltr'><strong>obsi-</strong></span> 
     </span>
    </p>
   </div>
   <div class='ocr_carea' id='block_1_81' title="bbox 2179 1945 3771 2019">
    <p class='ocr_par' dir='ltr' id='par_1_81' title="bbox 2179 1945 3771 2019">
     <span class='ocr_line' id='line_1_81' title="bbox 2179 1945 3771 2019; baseline 0.005 -18"><span class='ocrx_word' id='word_1_618' title='bbox 2179 1945 2360 2013; x_wconf 88' lang='lat' dir='ltr'><strong>deant,</strong></span> <span class='ocrx_word' id='word_1_619' title='bbox 2387 1947 2518 2002; x_wconf 88' lang='lat' dir='ltr'><strong>nihil</strong></span> <span class='ocrx_word' id='word_1_620' title='bbox 2556 1963 2717 2019; x_wconf 84' lang='lat' dir='ltr'><strong>grave</strong></span> <span class='ocrx_word' id='word_1_621' title='bbox 2746 1948 3006 2019; x_wconf 88' lang='lat' dir='ltr'><strong>patiemur</strong></span> <span class='ocrx_word' id='word_1_622' title='bbox 3031 1964 3046 2001; x_wconf 86' lang='lat'><strong>:</strong></span> <span class='ocrx_word' id='word_1_623' title='bbox 3080 1963 3178 2004; x_wconf 90' lang='lat' dir='ltr'><strong>nos</strong></span> <span class='ocrx_word' id='word_1_624' title='bbox 3202 1949 3344 2004; x_wconf 90' lang='lat' dir='ltr'><strong>enim</strong></span> <span class='ocrx_word' id='word_1_625' title='bbox 3380 1966 3686 2019; x_wconf 85' lang='lat' dir='ltr'><strong>conservas,</strong></span> <span class='ocrx_word' id='word_1_626' title='bbox 3715 1963 3771 2009; x_wconf 87' lang='lat' dir='ltr'><strong>et</strong></span> 
     </span>
    </p>
   </div>
   <div class='ocr_carea' id='block_1_82' title="bbox 2177 2039 3766 2111">
    <p class='ocr_par' dir='ltr' id='par_1_82' title="bbox 2177 2039 3766 2111">
     <span class='ocr_line' id='line_1_82' title="bbox 2177 2039 3766 2111; baseline 0.008 -19"><span class='ocrx_word' id='word_1_627' title='bbox 2177 2039 2406 2100; x_wconf 87' lang='lat' dir='ltr'><strong>extollis.</strong></span> <span class='ocrx_word' id='word_1_628' title='bbox 2433 2039 2712 2111; x_wconf 87' lang='lat' dir='ltr'><strong>clarosque</strong></span> <span class='ocrx_word' id='word_1_629' title='bbox 2737 2050 2792 2096; x_wconf 90' lang='lat' dir='ltr'><strong>et</strong></span> <span class='ocrx_word' id='word_1_630' title='bbox 2817 2039 3051 2098; x_wconf 89' lang='lat' dir='ltr'><strong>illustres</strong></span> <span class='ocrx_word' id='word_1_631' title='bbox 3075 2041 3275 2098; x_wconf 87' lang='lat' dir='ltr'><strong>reddis.</strong></span> <span class='ocrx_word' id='word_1_632' title='bbox 3303 2044 3359 2098; x_wconf 87' lang='lat' dir='ltr'><strong>Si</strong></span> <span class='ocrx_word' id='word_1_633' title='bbox 3383 2044 3545 2100; x_wconf 84' lang='lat' dir='ltr'><strong>alium</strong></span> <span class='ocrx_word' id='word_1_634' title='bbox 3588 2058 3766 2103; x_wconf 88' lang='lat' dir='ltr'><strong>autem</strong></span> 
     </span>
    </p>
   </div>
   <div class='ocr_carea' id='block_1_83' title="bbox 2177 2128 3766 2206">
    <p class='ocr_par' dir='ltr' id='par_1_83' title="bbox 2177 2128 3766 2206">
     <span class='ocr_line' id='line_1_83' title="bbox 2177 2128 3766 2206; baseline 0.006 -22"><span class='ocrx_word' id='word_1_635' title='bbox 2177 2128 2527 2199; x_wconf 84' lang='lat' dir='ltr'><strong>interpretem</strong></span> <span class='ocrx_word' id='word_1_636' title='bbox 2558 2145 2862 2201; x_wconf 86' lang='lat' dir='ltr'><strong>sequamur,</strong></span> <span class='ocrx_word' id='word_1_637' title='bbox 2883 2132 2986 2186; x_wconf 92' lang='lat' dir='ltr'><strong>hoc</strong></span> <span class='ocrx_word' id='word_1_638' title='bbox 3005 2130 3290 2188; x_wconf 88' lang='lat' dir='ltr'><strong>dicendum</strong></span> <span class='ocrx_word' id='word_1_639' title='bbox 3321 2142 3404 2189; x_wconf 89' lang='lat' dir='ltr'><strong>est</strong></span> <span class='ocrx_word' id='word_1_640' title='bbox 3431 2153 3446 2188; x_wconf 82' lang='lat'><strong><em>:</em></strong></span> <span class='ocrx_word' id='word_1_641' title='bbox 3477 2135 3625 2206; x_wconf 88' lang='lat' dir='ltr'><strong>lmpii</strong></span> <span class='ocrx_word' id='word_1_642' title='bbox 3667 2153 3766 2192; x_wconf 82' lang='lat' dir='ltr'><strong>ex-</strong></span> 
     </span>
    </p>
   </div>
   <div class='ocr_carea' id='block_1_84' title="bbox 2175 2223 3762 2294">
    <p class='ocr_par' dir='ltr' id='par_1_84' title="bbox 2175 2223 3762 2294">
     <span class='ocr_line' id='line_1_84' title="bbox 2175 2223 3762 2294; baseline 0.008 -19"><span class='ocrx_word' id='word_1_643' title='bbox 2175 2223 2476 2288; x_wconf 83' lang='lat' dir='ltr'><strong>trudentur,</strong></span> <span class='ocrx_word' id='word_1_644' title='bbox 2495 2224 2710 2294; x_wconf 89' lang='lat' dir='ltr'><strong>quando</strong></span> <span class='ocrx_word' id='word_1_645' title='bbox 2734 2225 2869 2280; x_wconf 85' lang='lat' dir='ltr'><strong>viles</strong></span> <span class='ocrx_word' id='word_1_646' title='bbox 2893 2240 2960 2280; x_wconf 82' lang='lat' dir='ltr'><strong>ex</strong></span> <span class='ocrx_word' id='word_1_647' title='bbox 2989 2226 3109 2280; x_wconf 82' lang='lat' dir='ltr'><strong>filiis</strong></span> <span class='ocrx_word' id='word_1_648' title='bbox 3129 2225 3400 2282; x_wconf 89' lang='lat' dir='ltr'><strong>hominum</strong></span> <span class='ocrx_word' id='word_1_649' title='bbox 3426 2229 3762 2286; x_wconf 81' lang='lat' dir='ltr'><strong>exaltaveris.</strong></span> 
     </span>
    </p>
   </div>
   <div class='ocr_carea' id='block_1_85' title="bbox 2175 2312 3767 2387">
    <p class='ocr_par' dir='ltr' id='par_1_85' title="bbox 2175 2312 3767 2387">
     <span class='ocr_line' id='line_1_85' title="bbox 2175 2312 3767 2387; baseline 0.006 -20"><span class='ocrx_word' id='word_1_650' title='bbox 2175 2312 2290 2368; x_wconf 84' lang='lat' dir='ltr'><strong>Hoc</strong></span> <span class='ocrx_word' id='word_1_651' title='bbox 2315 2322 2400 2368; x_wconf 87' lang='lat' dir='ltr'><strong>est</strong></span> <span class='ocrx_word' id='word_1_652' title='bbox 2430 2331 2443 2367; x_wconf 91' lang='lat'><strong>:</strong></span> <span class='ocrx_word' id='word_1_653' title='bbox 2473 2314 2697 2380; x_wconf 87' lang='lat' dir='ltr'><strong>Quando</strong></span> <span class='ocrx_word' id='word_1_654' title='bbox 2720 2331 2816 2370; x_wconf 87' lang='lat' dir='ltr'><strong>nos</strong></span> <span class='ocrx_word' id='word_1_655' title='bbox 2838 2316 2928 2386; x_wconf 88' lang='lat' dir='ltr'><strong>qui</strong></span> <span class='ocrx_word' id='word_1_656' title='bbox 2953 2315 3088 2371; x_wconf 87' lang='lat' dir='ltr'><strong>viles</strong></span> <span class='ocrx_word' id='word_1_657' title='bbox 3114 2325 3424 2387; x_wconf 85' lang='lat' dir='ltr'><strong>reputamur</strong></span> <span class='ocrx_word' id='word_1_658' title='bbox 3449 2328 3503 2374; x_wconf 90' lang='lat' dir='ltr'><strong>et</strong></span> <span class='ocrx_word' id='word_1_659' title='bbox 3529 2329 3767 2375; x_wconf 83' lang='lat' dir='ltr'><strong>contem-</strong></span> 
     </span>
    </p>
   </div>
   <div class='ocr_carea' id='block_1_86' title="bbox 2175 2404 3766 2482">
    <p class='ocr_par' dir='ltr' id='par_1_86' title="bbox 2175 2404 3766 2482">
     <span class='ocr_line' id='line_1_86' title="bbox 2175 2404 3766 2482; baseline 0.008 -24"><span class='ocrx_word' id='word_1_660' title='bbox 2175 2406 2272 2476; x_wconf 87' lang='lat' dir='ltr'><strong>pti,</strong></span> <span class='ocrx_word' id='word_1_661' title='bbox 2307 2404 2612 2462; x_wconf 86' lang='lat' dir='ltr'><strong>humiliatos</strong></span> <span class='ocrx_word' id='word_1_662' title='bbox 2638 2408 2805 2478; x_wconf 89' lang='lat' dir='ltr'><strong>gloria</strong></span> <span class='ocrx_word' id='word_1_663' title='bbox 2835 2408 3078 2463; x_wconf 80' lang='lat' dir='ltr'><strong>atl‘eeeris</strong></span> <span class='ocrx_word' id='word_1_664' title='bbox 3103 2451 3118 2474; x_wconf 92' lang='lat'><strong>,</strong></span> <span class='ocrx_word' id='word_1_665' title='bbox 3145 2410 3396 2480; x_wconf 87' lang='lat' dir='ltr'><strong>sejunges</strong></span> <span class='ocrx_word' id='word_1_666' title='bbox 3423 2411 3569 2482; x_wconf 85' lang='lat' dir='ltr'><strong>ipsos</strong></span> <span class='ocrx_word' id='word_1_667' title='bbox 3592 2423 3645 2469; x_wconf 90' lang='lat' dir='ltr'><strong>et</strong></span> <span class='ocrx_word' id='word_1_668' title='bbox 3667 2429 3766 2470; x_wconf 80' lang='lat' dir='ltr'><strong>ex-</strong></span> 
     </span>
    </p>
   </div>
   <div class='ocr_carea' id='block_1_87' title="bbox 2173 2498 3766 2568">
    <p class='ocr_par' dir='ltr' id='par_1_87' title="bbox 2173 2498 3766 2568">
     <span class='ocr_line' id='line_1_87' title="bbox 2173 2498 3766 2568; baseline 0.005 -16"><span class='ocrx_word' id='word_1_669' title='bbox 2173 2498 2364 2568; x_wconf 88' lang='lat' dir='ltr'><strong>pelles.</strong></span> <span class='ocrx_word' id='word_1_670' title='bbox 2396 2498 2531 2566; x_wconf 90' lang='lat' dir='ltr'><strong>Quid</strong></span> <span class='ocrx_word' id='word_1_671' title='bbox 2557 2509 2638 2555; x_wconf 88' lang='lat' dir='ltr'><strong>est</strong></span> <span class='ocrx_word' id='word_1_672' title='bbox 2659 2509 2867 2563; x_wconf 87' lang='lat' dir='ltr'><strong>autem,</strong></span> <span class='ocrx_word' id='word_1_673' title='bbox 2899 2499 3194 2555; x_wconf 88' lang='lat' dir='ltr'><strong>Secundum</strong></span> <span class='ocrx_word' id='word_1_674' title='bbox 3229 2503 3548 2557; x_wconf 83' lang='lat' dir='ltr'><strong>altitudinem</strong></span> <span class='ocrx_word' id='word_1_675' title='bbox 3583 2507 3766 2560; x_wconf 81' lang='lat' dir='ltr'><strong>tuam?</strong></span> 
     </span>
    </p>
   </div>
   <div class='ocr_carea' id='block_1_88' title="bbox 2173 2588 3760 2664">
    <p class='ocr_par' dir='ltr' id='par_1_88' title="bbox 2173 2588 3760 2664">
     <span class='ocr_line' id='line_1_88' title="bbox 2173 2588 3760 2664; baseline 0.005 -20"><span class='ocrx_word' id='word_1_676' title='bbox 2173 2588 2279 2644; x_wconf 85' lang='lat' dir='ltr'><strong>Pro</strong></span> <span class='ocrx_word' id='word_1_677' title='bbox 2306 2605 2372 2644; x_wconf 93' lang='lat' dir='ltr'><strong>eo</strong></span> <span class='ocrx_word' id='word_1_678' title='bbox 2408 2589 2551 2660; x_wconf 90' lang='lat' dir='ltr'><strong>quod</strong></span> <span class='ocrx_word' id='word_1_679' title='bbox 2589 2598 2672 2644; x_wconf 91' lang='lat' dir='ltr'><strong>est</strong></span> <span class='ocrx_word' id='word_1_680' title='bbox 2693 2631 2707 2654; x_wconf 93' lang='lat'><strong>,</strong></span> <span class='ocrx_word' id='word_1_681' title='bbox 2739 2590 2943 2646; x_wconf 89' lang='lat' dir='ltr'><strong>similes</strong></span> <span class='ocrx_word' id='word_1_682' title='bbox 2969 2591 3042 2646; x_wconf 92' lang='lat' dir='ltr'><strong>tui</strong></span> <span class='ocrx_word' id='word_1_683' title='bbox 3071 2591 3326 2658; x_wconf 66' lang='lat' dir='ltr'><strong>effecisti,</strong></span> <span class='ocrx_word' id='word_1_684' title='bbox 3356 2602 3617 2664; x_wconf 88' lang='lat' dir='ltr'><strong>quatenus</strong></span> <span class='ocrx_word' id='word_1_685' title='bbox 3647 2598 3760 2652; x_wconf 82' lang='lat' dir='ltr'><strong>fieri</strong></span> 
     </span>
    </p>
   </div>
   <div class='ocr_carea' id='block_1_89' title="bbox 2173 2682 3758 2757">
    <p class='ocr_par' dir='ltr' id='par_1_89' title="bbox 2173 2682 3758 2757">
     <span class='ocr_line' id='line_1_89' title="bbox 2173 2682 3758 2757; baseline 0.007 -25"><span class='ocrx_word' id='word_1_686' title='bbox 2173 2690 2346 2750; x_wconf 90' lang='lat' dir='ltr'><strong>potest</strong></span> <span class='ocrx_word' id='word_1_687' title='bbox 2376 2691 2434 2735; x_wconf 87' lang='lat' dir='ltr'><strong>ttt</strong></span> <span class='ocrx_word' id='word_1_688' title='bbox 2475 2682 2635 2736; x_wconf 89' lang='lat' dir='ltr'><strong>homo</strong></span> <span class='ocrx_word' id='word_1_689' title='bbox 2662 2683 2733 2737; x_wconf 89' lang='lat' dir='ltr'><strong>sit</strong></span> <span class='ocrx_word' id='word_1_690' title='bbox 2762 2683 2951 2737; x_wconf 88' lang='lat' dir='ltr'><strong>similis</strong></span> <span class='ocrx_word' id='word_1_691' title='bbox 2981 2701 2994 2736; x_wconf 91' lang='lat'><strong>:</strong></span> <span class='ocrx_word' id='word_1_692' title='bbox 3029 2682 3303 2738; x_wconf 84' lang='lat' dir='ltr'><strong>Faciamus</strong></span> <span class='ocrx_word' id='word_1_693' title='bbox 3345 2686 3487 2740; x_wconf 90' lang='lat' dir='ltr'><strong>enim</strong></span> <span class='ocrx_word' id='word_1_694' title='bbox 3508 2729 3524 2752; x_wconf 91' lang='lat'><strong>,</strong></span> <span class='ocrx_word' id='word_1_695' title='bbox 3552 2687 3758 2757; x_wconf 87' lang='lat' dir='ltr'><strong>inquit,</strong></span> 
     </span>
    </p>
   </div>
   <div class='ocr_carea' id='block_1_90' title="bbox 2171 2771 3757 2848">
    <p class='ocr_par' dir='ltr' id='par_1_90' title="bbox 2171 2771 3757 2848">
     <span class='ocr_line' id='line_1_90' title="bbox 2171 2771 3757 2848; baseline 0.008 -23"><span class='ocrx_word' id='word_1_696' title='bbox 2171 2771 2423 2826; x_wconf 81' lang='lat' dir='ltr'><strong>hominem</strong></span> <span class='ocrx_word' id='word_1_697' title='bbox 2452 2774 2521 2827; x_wconf 89' lang='lat' dir='ltr'><strong>ad</strong></span> <span class='ocrx_word' id='word_1_698' title='bbox 2563 2773 2834 2844; x_wconf 89' lang='lat' dir='ltr'><strong>imaginem</strong></span> <span class='ocrx_word' id='word_1_699' title='bbox 2858 2783 2904 2828; x_wconf 85' lang='lat' dir='ltr'><strong>et</strong></span> <span class='ocrx_word' id='word_1_700' title='bbox 2931 2775 3310 2829; x_wconf 74' lang='lat' dir='ltr'><strong>similitudinem</strong></span> <span class='ocrx_word' id='word_1_701' title='bbox 3338 2787 3562 2830; x_wconf 89' lang='lat' dir='ltr'><strong>nostram</strong></span> <span class='ocrx_word' id='word_1_702' title='bbox 3592 2777 3757 2848; x_wconf 82' lang='lat' dir='ltr'><strong>(Gen.</strong></span> 
     </span>
    </p>
   </div>
   <div class='ocr_carea' id='block_1_91' title="bbox 2169 2863 3755 2936">
    <p class='ocr_par' dir='ltr' id='par_1_91' title="bbox 2169 2863 3755 2936">
     <span class='ocr_line' id='line_1_91' title="bbox 2169 2863 3755 2936; baseline 0.003 -15"><span class='ocrx_word' id='word_1_703' title='bbox 2169 2865 2222 2921; x_wconf 91' lang='grc'><strong>1.</strong></span> <span class='ocrx_word' id='word_1_704' title='bbox 2251 2863 2364 2936; x_wconf 84' lang='lat'><strong>26).</strong></span> <span class='ocrx_word' id='word_1_705' title='bbox 2390 2866 2540 2934; x_wconf 87' lang='lat' dir='ltr'><strong>Quod</strong></span> <span class='ocrx_word' id='word_1_706' title='bbox 2570 2867 2683 2936; x_wconf 88' lang='lat' dir='ltr'><strong>ipse</strong></span> <span class='ocrx_word' id='word_1_707' title='bbox 2710 2868 2852 2922; x_wconf 90' lang='lat' dir='ltr'><strong>enim</strong></span> <span class='ocrx_word' id='word_1_708' title='bbox 2879 2877 2962 2922; x_wconf 91' lang='lat' dir='ltr'><strong>est</strong></span> <span class='ocrx_word' id='word_1_709' title='bbox 2991 2868 3041 2921; x_wconf 93' lang='lat' dir='ltr'><strong>in</strong></span> <span class='ocrx_word' id='word_1_710' title='bbox 3068 2868 3221 2934; x_wconf 69' lang='lat' dir='ltr'><strong>caelo,</strong></span> <span class='ocrx_word' id='word_1_711' title='bbox 3247 2869 3347 2923; x_wconf 92' lang='lat' dir='ltr'><strong>hoc</strong></span> <span class='ocrx_word' id='word_1_712' title='bbox 3377 2884 3474 2923; x_wconf 91' lang='lat' dir='ltr'><strong>nos</strong></span> <span class='ocrx_word' id='word_1_713' title='bbox 3504 2871 3554 2922; x_wconf 93' lang='lat' dir='ltr'><strong>iu</strong></span> <span class='ocrx_word' id='word_1_714' title='bbox 3579 2881 3715 2926; x_wconf 85' lang='lat' dir='ltr'><strong>terra</strong></span> <span class='ocrx_word' id='word_1_715' title='bbox 3740 2889 3755 2925; x_wconf 89' lang='lat'><strong>:</strong></span> 
     </span>
    </p>
   </div>
   <div class='ocr_carea' id='block_1_92' title="bbox 2168 2958 3758 3029">
    <p class='ocr_par' dir='ltr' id='par_1_92' title="bbox 2168 2958 3758 3029">
     <span class='ocr_line' id='line_1_92' title="bbox 2168 2958 3758 3029; baseline 0.005 -20"><span class='ocrx_word' id='word_1_716' title='bbox 2168 2965 2222 3010; x_wconf 92' lang='lat' dir='ltr'><strong>et</strong></span> <span class='ocrx_word' id='word_1_717' title='bbox 2249 2958 2696 3026; x_wconf 87' lang='lat' dir='ltr'><strong>quemadmodum</strong></span> <span class='ocrx_word' id='word_1_718' title='bbox 2727 2973 2959 3027; x_wconf 88' lang='lat' dir='ltr'><strong>superne</strong></span> <span class='ocrx_word' id='word_1_719' title='bbox 2989 2959 3164 3013; x_wconf 89' lang='lat' dir='ltr'><strong>nullus</strong></span> <span class='ocrx_word' id='word_1_720' title='bbox 3191 2967 3274 3013; x_wconf 89' lang='lat' dir='ltr'><strong>est</strong></span> <span class='ocrx_word' id='word_1_721' title='bbox 3299 2974 3365 3013; x_wconf 92' lang='lat' dir='ltr'><strong>eo</strong></span> <span class='ocrx_word' id='word_1_722' title='bbox 3393 2965 3654 3029; x_wconf 89' lang='lat' dir='ltr'><strong>superior,</strong></span> <span class='ocrx_word' id='word_1_723' title='bbox 3689 2964 3758 3018; x_wconf 84' lang='lat' dir='ltr'><strong>ita</strong></span> 
     </span>
    </p>
   </div>
   <div class='ocr_carea' id='block_1_93' title="bbox 2167 3049 3756 3121">
    <p class='ocr_par' dir='ltr' id='par_1_93' title="bbox 2167 3049 3756 3121">
     <span class='ocr_line' id='line_1_93' title="bbox 2167 3049 3756 3121; baseline 0.003 -17"><span class='ocrx_word' id='word_1_724' title='bbox 2167 3049 2344 3104; x_wconf 88' lang='lat' dir='ltr'><strong>nullus</strong></span> <span class='ocrx_word' id='word_1_725' title='bbox 2365 3050 2419 3104; x_wconf 90' lang='lat' dir='ltr'><strong>in</strong></span> <span class='ocrx_word' id='word_1_726' title='bbox 2443 3061 2583 3106; x_wconf 85' lang='lat' dir='ltr'><strong>terra</strong></span> <span class='ocrx_word' id='word_1_727' title='bbox 2608 3059 2691 3106; x_wconf 89' lang='lat' dir='ltr'><strong>est</strong></span> <span class='ocrx_word' id='word_1_728' title='bbox 2721 3051 2844 3107; x_wconf 91' lang='lat' dir='ltr'><strong>huic</strong></span> <span class='ocrx_word' id='word_1_729' title='bbox 2867 3051 3080 3105; x_wconf 88' lang='lat' dir='ltr'><strong>animali</strong></span> <span class='ocrx_word' id='word_1_730' title='bbox 3102 3051 3296 3106; x_wconf 88' lang='lat' dir='ltr'><strong>virtute</strong></span> <span class='ocrx_word' id='word_1_731' title='bbox 3320 3052 3528 3107; x_wconf 79' lang='lat' dir='ltr'><strong>sizuilis.</strong></span> <span class='ocrx_word' id='word_1_732' title='bbox 3556 3052 3756 3121; x_wconf 86' lang='lat' dir='ltr'><strong>Estote,</strong></span> 
     </span>
    </p>
   </div>
   <div class='ocr_carea' id='block_1_94' title="bbox 2165 3140 3756 3214">
    <p class='ocr_par' dir='ltr' id='par_1_94' title="bbox 2165 3140 3756 3214">
     <span class='ocr_line' id='line_1_94' title="bbox 2165 3140 3756 3214; baseline 0.002 -19"><span class='ocrx_word' id='word_1_733' title='bbox 2165 3140 2360 3211; x_wconf 91' lang='lat' dir='ltr'><strong>inquit,</strong></span> <span class='ocrx_word' id='word_1_734' title='bbox 2391 3140 2579 3196; x_wconf 86' lang='lat' dir='ltr'><strong>similes</strong></span> <span class='ocrx_word' id='word_1_735' title='bbox 2609 3141 2779 3198; x_wconf 87' lang='lat' dir='ltr'><strong>Patris</strong></span> <span class='ocrx_word' id='word_1_736' title='bbox 2803 3143 2971 3208; x_wconf 84' lang='lat' dir='ltr'><strong>vestri,</strong></span> <span class='ocrx_word' id='word_1_737' title='bbox 3001 3141 3087 3210; x_wconf 86' lang='lat' dir='ltr'><strong>qui</strong></span> <span class='ocrx_word' id='word_1_738' title='bbox 3113 3151 3187 3196; x_wconf 86' lang='lat' dir='ltr'><strong>est</strong></span> <span class='ocrx_word' id='word_1_739' title='bbox 3213 3143 3267 3195; x_wconf 90' lang='lat' dir='ltr'><strong>in</strong></span> <span class='ocrx_word' id='word_1_740' title='bbox 3294 3143 3432 3197; x_wconf 71' lang='lat' dir='ltr'><strong>cretis</strong></span> <span class='ocrx_word' id='word_1_741' title='bbox 3459 3142 3672 3214; x_wconf 74' lang='lat' dir='ltr'><strong>(Matth.</strong></span> <span class='ocrx_word' id='word_1_742' title='bbox 3700 3145 3756 3200; x_wconf 84' lang='lat'><strong>5.</strong></span> 
     </span>
    </p>
   </div>
   <div class='ocr_carea' id='block_1_95' title="bbox 2163 3232 3759 3304">
    <p class='ocr_par' dir='ltr' id='par_1_95' title="bbox 2163 3232 3759 3304">
     <span class='ocr_line' id='line_1_95' title="bbox 2163 3232 3759 3304; baseline 0.001 -16"><span class='ocrx_word' id='word_1_743' title='bbox 2163 3233 2282 3304; x_wconf 78' lang='grc'><strong>45).</strong></span> <span class='ocrx_word' id='word_1_744' title='bbox 2319 3232 2620 3301; x_wconf 83' lang='lat' dir='ltr'><strong>Quinetiam</strong></span> <span class='ocrx_word' id='word_1_745' title='bbox 2660 3233 2893 3290; x_wconf 90' lang='lat' dir='ltr'><strong>nominis</strong></span> <span class='ocrx_word' id='word_1_746' title='bbox 2917 3247 3126 3304; x_wconf 85' lang='lat' dir='ltr'><strong>quoque</strong></span> <span class='ocrx_word' id='word_1_747' title='bbox 3162 3233 3242 3288; x_wconf 90' lang='lat' dir='ltr'><strong>sui</strong></span> <span class='ocrx_word' id='word_1_748' title='bbox 3270 3249 3370 3288; x_wconf 89' lang='lat' dir='ltr'><strong>nos</strong></span> <span class='ocrx_word' id='word_1_749' title='bbox 3393 3234 3516 3290; x_wconf 86' lang='lat' dir='ltr'><strong>fecit</strong></span> <span class='ocrx_word' id='word_1_750' title='bbox 3545 3235 3759 3304; x_wconf 85' lang='lat' dir='ltr'><strong>partici-</strong></span> 
     </span>
    </p>
   </div>
   <div class='ocr_carea' id='block_1_96' title="bbox 2167 3323 3757 3394">
    <p class='ocr_par' dir='ltr' id='par_1_96' title="bbox 2167 3323 3757 3394">
     <span class='ocr_line' id='line_1_96' title="bbox 2167 3323 3757 3394; baseline 0.003 -16"><span class='ocrx_word' id='word_1_751' title='bbox 2167 3338 2265 3394; x_wconf 87' lang='lat' dir='ltr'><strong>pes</strong></span> <span class='ocrx_word' id='word_1_752' title='bbox 2294 3341 2308 3378; x_wconf 89' lang='lat'><strong>:</strong></span> <span class='ocrx_word' id='word_1_753' title='bbox 2337 3323 2451 3394; x_wconf 84' lang='lat' dir='ltr'><strong>Ego</strong></span> <span class='ocrx_word' id='word_1_754' title='bbox 2474 3324 2602 3390; x_wconf 73' lang='lat' dir='ltr'><strong>dixi,</strong></span> <span class='ocrx_word' id='word_1_755' title='bbox 2637 3323 2827 3394; x_wconf 90' lang='lat' dir='ltr'><strong>inquit,</strong></span> <span class='ocrx_word' id='word_1_756' title='bbox 2854 3324 2942 3379; x_wconf 84' lang='lat' dir='ltr'><strong>Dii</strong></span> <span class='ocrx_word' id='word_1_757' title='bbox 2979 3325 3118 3387; x_wconf 87' lang='lat' dir='ltr'><strong>estis,</strong></span> <span class='ocrx_word' id='word_1_758' title='bbox 3149 3335 3196 3378; x_wconf 87' lang='lat' dir='ltr'><strong>et</strong></span> <span class='ocrx_word' id='word_1_759' title='bbox 3223 3325 3317 3394; x_wconf 82' lang='lat' dir='ltr'><strong>ﬁlii</strong></span> <span class='ocrx_word' id='word_1_760' title='bbox 3347 3325 3549 3381; x_wconf 71' lang='grc' dir='ltr'><strong>Επειδί</strong></span> <span class='ocrx_word' id='word_1_761' title='bbox 3586 3343 3757 3382; x_wconf 88' lang='lat' dir='ltr'><strong>omnes</strong></span> 
     </span>
    </p>
   </div>
   <div class='ocr_carea' id='block_1_97' title="bbox 2163 3413 3756 3487">
    <p class='ocr_par' dir='ltr' id='par_1_97' title="bbox 2163 3413 3756 3487">
     <span class='ocr_line' id='line_1_97' title="bbox 2163 3413 3756 3487; baseline 0.003 -18"><span class='ocrx_word' id='word_1_762' title='bbox 2163 3413 2338 3483; x_wconf 82' lang='lat' dir='ltr'><strong>(Psat.</strong></span> <span class='ocrx_word' id='word_1_763' title='bbox 2368 3415 2456 3471; x_wconf 91' lang='grc'><strong>81.</strong></span> <span class='ocrx_word' id='word_1_764' title='bbox 2488 3415 2567 3487; x_wconf 88' lang='grc'><strong>6).</strong></span> <span class='ocrx_word' id='word_1_765' title='bbox 2593 3415 2661 3470; x_wconf 83' lang='grc' dir='ltr'><strong>Ει</strong></span> <span class='ocrx_word' id='word_1_766' title='bbox 2693 3431 2910 3484; x_wconf 85' lang='lat' dir='ltr'><strong>rursus,</strong></span> <span class='ocrx_word' id='word_1_767' title='bbox 2937 3415 3184 3472; x_wconf 74' lang='lat' dir='ltr'><strong>Constitui</strong></span> <span class='ocrx_word' id='word_1_768' title='bbox 3210 3427 3257 3470; x_wconf 91' lang='lat' dir='ltr'><strong>te</strong></span> <span class='ocrx_word' id='word_1_769' title='bbox 3289 3416 3436 3470; x_wconf 82' lang='lat' dir='ltr'><strong>deum</strong></span> <span class='ocrx_word' id='word_1_770' title='bbox 3467 3416 3756 3474; x_wconf 87' lang='lat' dir='ltr'><strong>Pharaonis</strong></span> 
     </span>
    </p>
   </div>
   <div class='ocr_carea' id='block_1_98' title="bbox 2163 3506 3752 3580">
    <p class='ocr_par' dir='ltr' id='par_1_98' title="bbox 2163 3506 3752 3580">
     <span class='ocr_line' id='line_1_98' title="bbox 2163 3506 3752 3580; baseline 0.003 -19"><span class='ocrx_word' id='word_1_771' title='bbox 2163 3506 2359 3577; x_wconf 75' lang='lat' dir='ltr'><strong>(Exod.</strong></span> <span class='ocrx_word' id='word_1_772' title='bbox 2403 3508 2456 3562; x_wconf 88' lang='lat'><strong>7.</strong></span> <span class='ocrx_word' id='word_1_773' title='bbox 2503 3509 2609 3579; x_wconf 72' lang='lat'><strong>1):</strong></span> <span class='ocrx_word' id='word_1_774' title='bbox 2642 3517 2697 3564; x_wconf 92' lang='lat' dir='ltr'><strong>et</strong></span> <span class='ocrx_word' id='word_1_775' title='bbox 2743 3507 2868 3564; x_wconf 89' lang='lat' dir='ltr'><strong>fecit</strong></span> <span class='ocrx_word' id='word_1_776' title='bbox 2893 3518 2951 3563; x_wconf 93' lang='lat' dir='ltr'><strong>ut</strong></span> <span class='ocrx_word' id='word_1_777' title='bbox 2990 3517 3132 3565; x_wconf 89' lang='lat' dir='ltr'><strong>esset</strong></span> <span class='ocrx_word' id='word_1_778' title='bbox 3169 3509 3342 3579; x_wconf 87' lang='lat' dir='ltr'><strong>opifex</strong></span> <span class='ocrx_word' id='word_1_779' title='bbox 3375 3524 3752 3580; x_wconf 88' lang='lat' dir='ltr'><strong>corporeorum</strong></span> 
     </span>
    </p>
   </div>
   <div class='ocr_carea' id='block_1_99' title="bbox 2161 3599 3754 3670">
    <p class='ocr_par' dir='ltr' id='par_1_99' title="bbox 2161 3599 3754 3670">
     <span class='ocr_line' id='line_1_99' title="bbox 2161 3599 3754 3670; baseline 0.002 -17"><span class='ocrx_word' id='word_1_780' title='bbox 2161 3607 2213 3653; x_wconf 85' lang='lat' dir='ltr'><strong>et</strong></span> <span class='ocrx_word' id='word_1_781' title='bbox 2255 3599 2710 3669; x_wconf 79' lang='lat' dir='ltr'><strong>incorporearum.</strong></span> <span class='ocrx_word' id='word_1_782' title='bbox 2738 3599 2803 3654; x_wconf 91' lang='lat' dir='ltr'><strong>Et</strong></span> <span class='ocrx_word' id='word_1_783' title='bbox 2829 3607 2954 3654; x_wconf 86' lang='lat' dir='ltr'><strong>tunc</strong></span> <span class='ocrx_word' id='word_1_784' title='bbox 2977 3599 3190 3670; x_wconf 84' lang='lat' dir='ltr'><strong>quidem</strong></span> <span class='ocrx_word' id='word_1_785' title='bbox 3213 3609 3380 3654; x_wconf 89' lang='lat' dir='ltr'><strong>mutat</strong></span> <span class='ocrx_word' id='word_1_786' title='bbox 3406 3600 3576 3655; x_wconf 81' lang='lat' dir='ltr'><strong>Moses</strong></span> <span class='ocrx_word' id='word_1_787' title='bbox 3603 3615 3754 3656; x_wconf 80' lang='lat' dir='ltr'><strong>crea-</strong></span> 
     </span>
    </p>
   </div>
   <div class='ocr_carea' id='block_1_100' title="bbox 2163 3689 3754 3752">
    <p class='ocr_par' dir='ltr' id='par_1_100' title="bbox 2163 3689 3754 3752">
     <span class='ocr_line' id='line_1_100' title="bbox 2163 3689 3754 3752; baseline 0.002 -7"><span class='ocrx_word' id='word_1_788' title='bbox 2163 3698 2372 3752; x_wconf 88' lang='lat' dir='ltr'><strong>turam.</strong></span> <span class='ocrx_word' id='word_1_789' title='bbox 2416 3705 2559 3745; x_wconf 90' lang='lat' dir='ltr'><strong>nunc</strong></span> <span class='ocrx_word' id='word_1_790' title='bbox 2599 3699 2776 3746; x_wconf 86' lang='lat' dir='ltr'><strong>autem</strong></span> <span class='ocrx_word' id='word_1_791' title='bbox 2818 3691 2909 3745; x_wconf 90' lang='lat' dir='ltr'><strong>alii</strong></span> <span class='ocrx_word' id='word_1_792' title='bbox 2951 3689 3052 3744; x_wconf 89' lang='lat' dir='ltr'><strong>alia</strong></span> <span class='ocrx_word' id='word_1_793' title='bbox 3091 3689 3356 3747; x_wconf 88' lang='lat' dir='ltr'><strong>elementa</strong></span> <span class='ocrx_word' id='word_1_794' title='bbox 3385 3707 3401 3746; x_wconf 89' lang='lat'><strong>:</strong></span> <span class='ocrx_word' id='word_1_795' title='bbox 3429 3691 3582 3747; x_wconf 81' lang='lat' dir='ltr'><strong>nobis</strong></span> <span class='ocrx_word' id='word_1_796' title='bbox 3624 3709 3754 3748; x_wconf 89' lang='lat' dir='ltr'><strong>vero</strong></span> 
     </span>
    </p>
   </div>
   <div class='ocr_carea' id='block_1_101' title="bbox 2159 3781 3753 3854">
    <p class='ocr_par' dir='ltr' id='par_1_101' title="bbox 2159 3781 3753 3854">
     <span class='ocr_line' id='line_1_101' title="bbox 2159 3781 3753 3854; baseline 0.001 -19"><span class='ocrx_word' id='word_1_797' title='bbox 2159 3781 2414 3851; x_wconf 64' lang='lat' dir='ltr'><strong>praecepit</strong></span> <span class='ocrx_word' id='word_1_798' title='bbox 2442 3796 2540 3837; x_wconf 88' lang='lat' dir='ltr'><strong>nos</strong></span> <span class='ocrx_word' id='word_1_799' title='bbox 2561 3781 2704 3850; x_wconf 85' lang='lat' dir='ltr'><strong>ipsos</strong></span> <span class='ocrx_word' id='word_1_800' title='bbox 2730 3781 2841 3837; x_wconf 90' lang='lat' dir='ltr'><strong>Deo</strong></span> <span class='ocrx_word' id='word_1_801' title='bbox 2865 3782 3123 3853; x_wconf 89' lang='lat' dir='ltr'><strong>templum</strong></span> <span class='ocrx_word' id='word_1_802' title='bbox 3151 3791 3447 3838; x_wconf 87' lang='lat' dir='ltr'><strong>exstruere.</strong></span> <span class='ocrx_word' id='word_1_803' title='bbox 3479 3783 3592 3836; x_wconf 76' lang='lat' dir='ltr'><strong>Etsi</strong></span> <span class='ocrx_word' id='word_1_804' title='bbox 3624 3800 3753 3854; x_wconf 83' lang='lat' dir='ltr'><strong>ergo</strong></span> 
     </span>
    </p>
   </div>
   <div class='ocr_carea' id='block_1_102' title="bbox 2161 3871 3752 3943">
    <p class='ocr_par' dir='ltr' id='par_1_102' title="bbox 2161 3871 3752 3943">
     <span class='ocr_line' id='line_1_102' title="bbox 2161 3871 3752 3943; baseline 0.001 -18"><span class='ocrx_word' id='word_1_805' title='bbox 2161 3886 2267 3925; x_wconf 88' lang='lat' dir='ltr'><strong>non</strong></span> <span class='ocrx_word' id='word_1_806' title='bbox 2294 3871 2569 3928; x_wconf 87' lang='lat' dir='ltr'><strong>fabriceris</strong></span> <span class='ocrx_word' id='word_1_807' title='bbox 2597 3873 2805 3938; x_wconf 74' lang='lat' dir='ltr'><strong>caelum,</strong></span> <span class='ocrx_word' id='word_1_808' title='bbox 2842 3872 2935 3927; x_wconf 90' lang='lat' dir='ltr'><strong>Dei</strong></span> <span class='ocrx_word' id='word_1_809' title='bbox 2963 3882 3140 3927; x_wconf 89' lang='lat' dir='ltr'><strong>tamen</strong></span> <span class='ocrx_word' id='word_1_810' title='bbox 3170 3873 3425 3943; x_wconf 89' lang='lat' dir='ltr'><strong>templum</strong></span> <span class='ocrx_word' id='word_1_811' title='bbox 3475 3873 3752 3928; x_wconf 81' lang='lat' dir='ltr'><strong>fabricars</strong></span> 
     </span>
    </p>
   </div>
   <div class='ocr_carea' id='block_1_103' title="bbox 2162 3961 3754 4036">
    <p class='ocr_par' dir='ltr' id='par_1_103' title="bbox 2162 3961 3754 4036">
     <span class='ocr_line' id='line_1_103' title="bbox 2162 3961 3754 4036; baseline 0.001 -19"><span class='ocrx_word' id='word_1_812' title='bbox 2162 3961 2256 4036; x_wconf 89' lang='grc'><strong>(1.</strong></span> <span class='ocrx_word' id='word_1_813' title='bbox 2280 3961 2398 4017; x_wconf 87' lang='lat' dir='ltr'><strong>Cor.</strong></span> <span class='ocrx_word' id='word_1_814' title='bbox 2423 3961 2622 4036; x_wconf 67' lang='lat'><strong>6.19).</strong></span> <span class='ocrx_word' id='word_1_815' title='bbox 2664 3964 2954 4034; x_wconf 85' lang='lat' dir='ltr'><strong>Propterea</strong></span> <span class='ocrx_word' id='word_1_816' title='bbox 2997 3963 3141 4019; x_wconf 91' lang='lat' dir='ltr'><strong>enim</strong></span> <span class='ocrx_word' id='word_1_817' title='bbox 3185 3965 3374 4019; x_wconf 60' lang='lat' dir='ltr'><strong>caelum</strong></span> <span class='ocrx_word' id='word_1_818' title='bbox 3419 3977 3630 4034; x_wconf 90' lang='lat' dir='ltr'><strong>quoque</strong></span> <span class='ocrx_word' id='word_1_819' title='bbox 3670 3974 3754 4018; x_wconf 71' lang='lat' dir='ltr'><strong>est</strong></span> 
     </span>
    </p>
   </div>
   <div class='ocr_carea' id='block_1_104' title="bbox 2159 4052 3749 4126">
    <p class='ocr_par' dir='ltr' id='par_1_104' title="bbox 2159 4052 3749 4126">
     <span class='ocr_line' id='line_1_104' title="bbox 2159 4052 3749 4126; baseline 0.001 -17"><span class='ocrx_word' id='word_1_820' title='bbox 2159 4052 2495 4123; x_wconf 85' lang='lat' dir='ltr'><strong>splendidum</strong></span> <span class='ocrx_word' id='word_1_821' title='bbox 2520 4096 2535 4120; x_wconf 96' lang='lat'><strong>,</strong></span> <span class='ocrx_word' id='word_1_822' title='bbox 2562 4055 2814 4126; x_wconf 88' lang='lat' dir='ltr'><strong>quoniam</strong></span> <span class='ocrx_word' id='word_1_823' title='bbox 2859 4054 3019 4111; x_wconf 89' lang='lat' dir='ltr'><strong>habet</strong></span> <span class='ocrx_word' id='word_1_824' title='bbox 3058 4055 3222 4110; x_wconf 89' lang='lat' dir='ltr'><strong>Deum</strong></span> <span class='ocrx_word' id='word_1_825' title='bbox 3263 4057 3316 4109; x_wconf 93' lang='lat' dir='ltr'><strong>in</strong></span> <span class='ocrx_word' id='word_1_826' title='bbox 3360 4056 3475 4124; x_wconf 88' lang='lat' dir='ltr'><strong>ipso</strong></span> <span class='ocrx_word' id='word_1_827' title='bbox 3504 4054 3749 4110; x_wconf 82' lang='lat' dir='ltr'><strong>habitan-</strong></span> 
     </span>
    </p>
   </div>
   <div class='ocr_carea' id='block_1_105' title="bbox 2160 4145 3750 4219">
    <p class='ocr_par' dir='ltr' id='par_1_105' title="bbox 2160 4145 3750 4219">
     <span class='ocr_line' id='line_1_105' title="bbox 2160 4145 3750 4219; baseline 0.002 -20"><span class='ocrx_word' id='word_1_828' title='bbox 2160 4154 2266 4200; x_wconf 91' lang='lat' dir='ltr'><strong>tem</strong></span> <span class='ocrx_word' id='word_1_829' title='bbox 2302 4165 2316 4199; x_wconf 91' lang='lat'><strong>:</strong></span> <span class='ocrx_word' id='word_1_830' title='bbox 2345 4147 2453 4202; x_wconf 94' lang='lat' dir='ltr'><strong>imo</strong></span> <span class='ocrx_word' id='word_1_831' title='bbox 2481 4161 2610 4202; x_wconf 88' lang='lat' dir='ltr'><strong>vero</strong></span> <span class='ocrx_word' id='word_1_832' title='bbox 2635 4156 2691 4203; x_wconf 90' lang='lat' dir='ltr'><strong>et</strong></span> <span class='ocrx_word' id='word_1_833' title='bbox 2734 4161 2833 4204; x_wconf 90' lang='lat' dir='ltr'><strong>nos</strong></span> <span class='ocrx_word' id='word_1_834' title='bbox 2867 4163 2965 4219; x_wconf 89' lang='lat' dir='ltr'><strong>per</strong></span> <span class='ocrx_word' id='word_1_835' title='bbox 2997 4146 3288 4202; x_wconf 85' lang='lat' dir='ltr'><strong>Christum.</strong></span> <span class='ocrx_word' id='word_1_836' title='bbox 3332 4145 3750 4202; x_wconf 78' lang='lat' dir='ltr'><strong>Com-esuscitat-it</strong></span> 
     </span>
    </p>
   </div>
   <div class='ocr_carea' id='block_1_106' title="bbox 2159 4239 3748 4312">
    <p class='ocr_par' dir='ltr' id='par_1_106' title="bbox 2159 4239 3748 4312">
     <span class='ocr_line' id='line_1_106' title="bbox 2159 4239 3748 4312; baseline 0.004 -19"><span class='ocrx_word' id='word_1_837' title='bbox 2159 4239 2322 4303; x_wconf 89' lang='lat' dir='ltr'><strong>enim,</strong></span> <span class='ocrx_word' id='word_1_838' title='bbox 2350 4249 2398 4292; x_wconf 89' lang='lat' dir='ltr'><strong>et</strong></span> <span class='ocrx_word' id='word_1_839' title='bbox 2424 4256 2516 4294; x_wconf 90' lang='lat' dir='ltr'><strong>nos</strong></span> <span class='ocrx_word' id='word_1_840' title='bbox 2544 4241 2811 4296; x_wconf 88' lang='lat' dir='ltr'><strong>consedere</strong></span> <span class='ocrx_word' id='word_1_841' title='bbox 2848 4243 2964 4312; x_wconf 83' lang='lat' dir='ltr'><strong>fecit</strong></span> <span class='ocrx_word' id='word_1_842' title='bbox 2991 4242 3042 4294; x_wconf 88' lang='lat' dir='ltr'><strong>in</strong></span> <span class='ocrx_word' id='word_1_843' title='bbox 3069 4241 3259 4295; x_wconf 72' lang='lat' dir='ltr'><strong>dextris</strong></span> <span class='ocrx_word' id='word_1_844' title='bbox 3286 4241 3340 4295; x_wconf 88' lang='lat' dir='ltr'><strong>in</strong></span> <span class='ocrx_word' id='word_1_845' title='bbox 3368 4242 3504 4297; x_wconf 75' lang='lat' dir='ltr'><strong>ctelis</strong></span> <span class='ocrx_word' id='word_1_846' title='bbox 3529 4241 3748 4312; x_wconf 82' lang='lat' dir='ltr'><strong>(Ephes.</strong></span> 
     </span>
    </p>
   </div>
   <div class='ocr_carea' id='block_1_107' title="bbox 2157 4329 3750 4404">
    <p class='ocr_par' dir='ltr' id='par_1_107' title="bbox 2157 4329 3750 4404">
     <span class='ocr_line' id='line_1_107' title="bbox 2157 4329 3750 4404; baseline 0.003 -18"><span class='ocrx_word' id='word_1_847' title='bbox 2157 4329 2212 4386; x_wconf 86' lang='lat'><strong>2.</strong></span> <span class='ocrx_word' id='word_1_848' title='bbox 2237 4330 2318 4400; x_wconf 85' lang='lat'><strong>6),</strong></span> <span class='ocrx_word' id='word_1_849' title='bbox 2349 4341 2399 4386; x_wconf 93' lang='lat' dir='ltr'><strong>et</strong></span> <span class='ocrx_word' id='word_1_850' title='bbox 2425 4331 2594 4399; x_wconf 90' lang='lat' dir='ltr'><strong>dedit,</strong></span> <span class='ocrx_word' id='word_1_851' title='bbox 2624 4335 2683 4388; x_wconf 85' lang='lat' dir='ltr'><strong>&#39;ut</strong></span> <span class='ocrx_word' id='word_1_852' title='bbox 2710 4333 2909 4402; x_wconf 87' lang='lat' dir='ltr'><strong>majora</strong></span> <span class='ocrx_word' id='word_1_853' title='bbox 2937 4332 3236 4388; x_wconf 85' lang='lat' dir='ltr'><strong>faceremus</strong></span> <span class='ocrx_word' id='word_1_854' title='bbox 3262 4332 3348 4400; x_wconf 90' lang='lat' dir='ltr'><strong>iis,</strong></span> <span class='ocrx_word' id='word_1_855' title='bbox 3376 4349 3495 4404; x_wconf 68' lang='lat' dir='ltr'><strong>qua:</strong></span> <span class='ocrx_word' id='word_1_856' title='bbox 3526 4335 3637 4404; x_wconf 89' lang='lat' dir='ltr'><strong>ipse</strong></span> <span class='ocrx_word' id='word_1_857' title='bbox 3668 4335 3750 4390; x_wconf 83' lang='lat' dir='ltr'><strong>fe-</strong></span> 
     </span>
    </p>
   </div>
   <div class='ocr_carea' id='block_1_108' title="bbox 2158 4421 3750 4495">
    <p class='ocr_par' dir='ltr' id='par_1_108' title="bbox 2158 4421 3750 4495">
     <span class='ocr_line' id='line_1_108' title="bbox 2158 4421 3750 4495; baseline 0.003 -19"><span class='ocrx_word' id='word_1_858' title='bbox 2158 4421 2250 4476; x_wconf 89' lang='lat' dir='ltr'><strong>cit.</strong></span> <span class='ocrx_word' id='word_1_859' title='bbox 2283 4421 2446 4492; x_wconf 88' lang='lat' dir='ltr'><strong>Signa</strong></span> <span class='ocrx_word' id='word_1_860' title='bbox 2466 4423 2628 4486; x_wconf 87' lang='lat' dir='ltr'><strong>enim,</strong></span> <span class='ocrx_word' id='word_1_861' title='bbox 2665 4424 2855 4492; x_wconf 89' lang='lat' dir='ltr'><strong>inquit,</strong></span> <span class='ocrx_word' id='word_1_862' title='bbox 2871 4438 2986 4494; x_wconf 66' lang='lat' dir='ltr'><strong>qua:</strong></span> <span class='ocrx_word' id='word_1_863' title='bbox 3009 4438 3099 4494; x_wconf 85' lang='lat' dir='ltr'><strong>ego</strong></span> <span class='ocrx_word' id='word_1_864' title='bbox 3128 4424 3283 4494; x_wconf 78' lang='lat' dir='ltr'><strong>facio,</strong></span> <span class='ocrx_word' id='word_1_865' title='bbox 3310 4424 3418 4492; x_wconf 84' lang='lat' dir='ltr'><strong>ipse</strong></span> <span class='ocrx_word' id='word_1_866' title='bbox 3440 4441 3636 4495; x_wconf 84' lang='lat' dir='ltr'><strong>quoque</strong></span> <span class='ocrx_word' id='word_1_867' title='bbox 3670 4427 3750 4495; x_wconf 79' lang='lat' dir='ltr'><strong>fa-</strong></span> 
     </span>
    </p>
   </div>
   <div class='ocr_carea' id='block_1_109' title="bbox 2158 4512 3742 4584">
    <p class='ocr_par' dir='ltr' id='par_1_109' title="bbox 2158 4512 3742 4584">
     <span class='ocr_line' id='line_1_109' title="bbox 2158 4512 3742 4584; baseline 0.004 -18"><span class='ocrx_word' id='word_1_868' title='bbox 2158 4513 2273 4578; x_wconf 87' lang='lat' dir='ltr'><strong>ciet,</strong></span> <span class='ocrx_word' id='word_1_869' title='bbox 2298 4522 2344 4567; x_wconf 93' lang='lat' dir='ltr'><strong>et</strong></span> <span class='ocrx_word' id='word_1_870' title='bbox 2381 4515 2581 4584; x_wconf 87' lang='lat' dir='ltr'><strong>majora</strong></span> <span class='ocrx_word' id='word_1_871' title='bbox 2620 4514 2698 4568; x_wconf 86' lang='lat' dir='ltr'><strong>his</strong></span> <span class='ocrx_word' id='word_1_872' title='bbox 2735 4514 2883 4582; x_wconf 79' lang='lat' dir='ltr'><strong>faciet</strong></span> <span class='ocrx_word' id='word_1_873' title='bbox 2907 4512 3083 4583; x_wconf 85' lang='lat' dir='ltr'><strong>(Joan.</strong></span> <span class='ocrx_word' id='word_1_874' title='bbox 3117 4514 3204 4569; x_wconf 78' lang='lat' dir='ltr'><strong>M.</strong></span> <span class='ocrx_word' id='word_1_875' title='bbox 3235 4514 3348 4578; x_wconf 76' lang='lat' dir='ltr'><strong>i2).</strong></span> <span class='ocrx_word' id='word_1_876' title='bbox 3384 4515 3452 4570; x_wconf 85' lang='lat' dir='ltr'><strong>Et</strong></span> <span class='ocrx_word' id='word_1_877' title='bbox 3488 4517 3539 4570; x_wconf 91' lang='lat' dir='ltr'><strong>in</strong></span> <span class='ocrx_word' id='word_1_878' title='bbox 3563 4515 3742 4572; x_wconf 81' lang='lat' dir='ltr'><strong>Veteri</strong></span> 
     </span>
    </p>
   </div>
   <div class='ocr_carea' id='block_1_110' title="bbox 2159 4603 3746 4676">
    <p class='ocr_par' dir='ltr' id='par_1_110' title="bbox 2159 4603 3746 4676">
     <span class='ocr_line' id='line_1_110' title="bbox 2159 4603 3746 4676; baseline 0.003 -18"><span class='ocrx_word' id='word_1_879' title='bbox 2159 4603 2502 4658; x_wconf 87' lang='lat' dir='ltr'><strong>Testamento</strong></span> <span class='ocrx_word' id='word_1_880' title='bbox 2527 4603 2613 4658; x_wconf 92' lang='lat' dir='ltr'><strong>hic</strong></span> <span class='ocrx_word' id='word_1_881' title='bbox 2637 4604 2849 4674; x_wconf 85' lang='lat' dir='ltr'><strong>quidem</strong></span> <span class='ocrx_word' id='word_1_882' title='bbox 2878 4618 3024 4660; x_wconf 89' lang='lat' dir='ltr'><strong>mare</strong></span> <span class='ocrx_word' id='word_1_883' title='bbox 3047 4605 3272 4658; x_wconf 89' lang='lat' dir='ltr'><strong>mutavit</strong></span> <span class='ocrx_word' id='word_1_884' title='bbox 3292 4603 3485 4676; x_wconf 77' lang='lat' dir='ltr'><strong>(Exod.</strong></span> <span class='ocrx_word' id='word_1_885' title='bbox 3520 4607 3605 4661; x_wconf 81' lang='grc'><strong>14.</strong></span> <span class='ocrx_word' id='word_1_886' title='bbox 3627 4607 3746 4675; x_wconf 79' lang='lat' dir='ltr'><strong>2i),</strong></span> 
     </span>
    </p>
   </div>
   <div class='ocr_carea' id='block_1_111' title="bbox 2159 4694 3748 4766">
    <p class='ocr_par' dir='ltr' id='par_1_111' title="bbox 2159 4694 3748 4766">
     <span class='ocr_line' id='line_1_111' title="bbox 2159 4694 3748 4766; baseline 0.004 -18"><span class='ocrx_word' id='word_1_887' title='bbox 2159 4694 2250 4748; x_wconf 91' lang='lat' dir='ltr'><strong>ille</strong></span> <span class='ocrx_word' id='word_1_888' title='bbox 2279 4709 2406 4749; x_wconf 87' lang='lat' dir='ltr'><strong>vero</strong></span> <span class='ocrx_word' id='word_1_889' title='bbox 2444 4694 2613 4749; x_wconf 86' lang='lat' dir='ltr'><strong>solem</strong></span> <span class='ocrx_word' id='word_1_890' title='bbox 2656 4695 2900 4761; x_wconf 83' lang='lat' dir='ltr'><strong>frenavit,</strong></span> <span class='ocrx_word' id='word_1_891' title='bbox 2930 4695 3064 4748; x_wconf 89' lang='lat' dir='ltr'><strong>alius</strong></span> <span class='ocrx_word' id='word_1_892' title='bbox 3104 4695 3283 4750; x_wconf 91' lang='lat' dir='ltr'><strong>lunam</strong></span> <span class='ocrx_word' id='word_1_893' title='bbox 3320 4695 3479 4766; x_wconf 91' lang='lat' dir='ltr'><strong>jussit</strong></span> <span class='ocrx_word' id='word_1_894' title='bbox 3528 4713 3748 4754; x_wconf 88' lang='lat' dir='ltr'><strong>manere</strong></span> 
     </span>
    </p>
   </div>
   <div class='ocr_carea' id='block_1_112' title="bbox 2159 4783 3742 4858">
    <p class='ocr_par' dir='ltr' id='par_1_112' title="bbox 2159 4783 3742 4858">
     <span class='ocr_line' id='line_1_112' title="bbox 2159 4783 3742 4858; baseline 0.003 -21"><span class='ocrx_word' id='word_1_895' title='bbox 2159 4783 2344 4850; x_wconf 72' lang='lat' dir='ltr'><strong>(Iosue</strong></span> <span class='ocrx_word' id='word_1_896' title='bbox 2372 4785 2461 4839; x_wconf 88' lang='grc'><strong>10.</strong></span> <span class='ocrx_word' id='word_1_897' title='bbox 2489 4785 2612 4854; x_wconf 79' lang='grc'><strong>15),</strong></span> <span class='ocrx_word' id='word_1_898' title='bbox 2638 4783 2773 4839; x_wconf 84' lang='lat' dir='ltr'><strong>alius</strong></span> <span class='ocrx_word' id='word_1_899' title='bbox 2801 4800 2986 4841; x_wconf 90' lang='lat' dir='ltr'><strong>rursus</strong></span> <span class='ocrx_word' id='word_1_900' title='bbox 3028 4785 3082 4840; x_wconf 92' lang='lat' dir='ltr'><strong>in</strong></span> <span class='ocrx_word' id='word_1_901' title='bbox 3127 4799 3187 4840; x_wconf 90' lang='lat' dir='ltr'><strong>se</strong></span> <span class='ocrx_word' id='word_1_902' title='bbox 3225 4785 3404 4841; x_wconf 90' lang='lat' dir='ltr'><strong>radios</strong></span> <span class='ocrx_word' id='word_1_903' title='bbox 3431 4789 3623 4842; x_wconf 88' lang='lat' dir='ltr'><strong>avertit</strong></span> <span class='ocrx_word' id='word_1_904' title='bbox 3649 4789 3742 4858; x_wconf 75' lang='lat'><strong>(4.</strong></span> 
     </span>
    </p>
   </div>
   <div class='ocr_carea' id='block_1_113' title="bbox 2153 4875 3747 4952">
    <p class='ocr_par' dir='ltr' id='par_1_113' title="bbox 2153 4875 3747 4952">
     <span class='ocr_line' id='line_1_113' title="bbox 2153 4875 3747 4952; baseline 0.003 -20"><span class='ocrx_word' id='word_1_905' title='bbox 2153 4875 2287 4944; x_wconf 76' lang='lat' dir='ltr'><strong>Reg.</strong></span> <span class='ocrx_word' id='word_1_906' title='bbox 2325 4875 2417 4930; x_wconf 85' lang='lat'><strong>20.</strong></span> <span class='ocrx_word' id='word_1_907' title='bbox 2455 4876 2545 4946; x_wconf 90' lang='grc'><strong>11)</strong></span> <span class='ocrx_word' id='word_1_908' title='bbox 2577 4893 2589 4929; x_wconf 92' lang='lat'><strong>:</strong></span> <span class='ocrx_word' id='word_1_909' title='bbox 2617 4875 2768 4946; x_wconf 87' lang='lat' dir='ltr'><strong>pueri</strong></span> <span class='ocrx_word' id='word_1_910' title='bbox 2796 4887 2976 4932; x_wconf 89' lang='lat' dir='ltr'><strong>autem</strong></span> <span class='ocrx_word' id='word_1_911' title='bbox 3005 4877 3058 4932; x_wconf 89' lang='lat' dir='ltr'><strong>in</strong></span> <span class='ocrx_word' id='word_1_912' title='bbox 3098 4876 3312 4933; x_wconf 91' lang='lat' dir='ltr'><strong>fornace</strong></span> <span class='ocrx_word' id='word_1_913' title='bbox 3337 4879 3586 4935; x_wconf 89' lang='lat' dir='ltr'><strong>elementi</strong></span> <span class='ocrx_word' id='word_1_914' title='bbox 3613 4897 3747 4952; x_wconf 84' lang='lat' dir='ltr'><strong>ope-</strong></span> 
     </span>
    </p>
   </div>
   <div class='ocr_carea' id='block_1_114' title="bbox 2155 4967 3746 5037">
    <p class='ocr_par' dir='ltr' id='par_1_114' title="bbox 2155 4967 3746 5037">
     <span class='ocr_line' id='line_1_114' title="bbox 2155 4967 3746 5037; baseline 0.002 -16"><span class='ocrx_word' id='word_1_915' title='bbox 2155 4968 2420 5022; x_wconf 85' lang='lat' dir='ltr'><strong>rationem</strong></span> <span class='ocrx_word' id='word_1_916' title='bbox 2451 4967 2767 5036; x_wconf 86' lang='lat' dir='ltr'><strong>alligarunt,</strong></span> <span class='ocrx_word' id='word_1_917' title='bbox 2795 4976 2850 5022; x_wconf 91' lang='lat' dir='ltr'><strong>et</strong></span> <span class='ocrx_word' id='word_1_918' title='bbox 2887 4967 3101 5022; x_wconf 86' lang='lat' dir='ltr'><strong>ﬂamma</strong></span> <span class='ocrx_word' id='word_1_919' title='bbox 3132 4967 3404 5024; x_wconf 87' lang='lat' dir='ltr'><strong>insaniens</strong></span> <span class='ocrx_word' id='word_1_920' title='bbox 3447 4971 3668 5037; x_wconf 87' lang='lat' dir='ltr'><strong>silebat,</strong></span> <span class='ocrx_word' id='word_1_921' title='bbox 3691 4980 3746 5026; x_wconf 88' lang='lat' dir='ltr'><strong>et</strong></span> 
     </span>
    </p>
   </div>
   <div class='ocr_carea' id='block_1_115' title="bbox 2154 5059 3741 5132">
    <p class='ocr_par' dir='ltr' id='par_1_115' title="bbox 2154 5059 3741 5132">
     <span class='ocr_line' id='line_1_115' title="bbox 2154 5059 3741 5132; baseline 0.003 -21"><span class='ocrx_word' id='word_1_922' title='bbox 2154 5059 2364 5129; x_wconf 87' lang='lat' dir='ltr'><strong>alligata</strong></span> <span class='ocrx_word' id='word_1_923' title='bbox 2402 5059 2648 5115; x_wconf 85' lang='lat' dir='ltr'><strong>sibilabat</strong></span> <span class='ocrx_word' id='word_1_924' title='bbox 2689 5059 2864 5130; x_wconf 90' lang='lat' dir='ltr'><strong>(Dan.</strong></span> <span class='ocrx_word' id='word_1_925' title='bbox 2891 5061 2949 5115; x_wconf 83' lang='lat'><strong>5.</strong></span> <span class='ocrx_word' id='word_1_926' title='bbox 2996 5060 3088 5118; x_wconf 77' lang='lat'><strong>25.</strong></span> <span class='ocrx_word' id='word_1_927' title='bbox 3119 5077 3228 5132; x_wconf 86' lang='lat' dir='ltr'><strong>sqq.</strong></span> <span class='ocrx_word' id='word_1_928' title='bbox 3252 5059 3296 5130; x_wconf 95' lang='lat'><strong>).</strong></span> <span class='ocrx_word' id='word_1_929' title='bbox 3341 5061 3548 5118; x_wconf 85' lang='lat' dir='ltr'><strong>Norunt</strong></span> <span class='ocrx_word' id='word_1_930' title='bbox 3584 5065 3741 5118; x_wconf 90' lang='lat' dir='ltr'><strong>etiam</strong></span> 
     </span>
    </p>
   </div>
   <div class='ocr_carea' id='block_1_116' title="bbox 2156 5149 3741 5224">
    <p class='ocr_par' dir='ltr' id='par_1_116' title="bbox 2156 5149 3741 5224">
     <span class='ocr_line' id='line_1_116' title="bbox 2156 5149 3741 5224; baseline 0.005 -22"><span class='ocrx_word' id='word_1_931' title='bbox 2156 5149 2282 5205; x_wconf 74' lang='lat' dir='ltr'><strong>ferte</strong></span> <span class='ocrx_word' id='word_1_932' title='bbox 2308 5151 2538 5205; x_wconf 81' lang='lat' dir='ltr'><strong>revereri</strong></span> <span class='ocrx_word' id='word_1_933' title='bbox 2567 5150 2661 5206; x_wconf 89' lang='lat' dir='ltr'><strong>Dei</strong></span> <span class='ocrx_word' id='word_1_934' title='bbox 2686 5151 2886 5207; x_wconf 90' lang='lat' dir='ltr'><strong>amicos</strong></span> <span class='ocrx_word' id='word_1_935' title='bbox 2911 5151 3075 5224; x_wconf 89' lang='lat' dir='ltr'><strong>(Dan.</strong></span> <span class='ocrx_word' id='word_1_936' title='bbox 3096 5153 3149 5208; x_wconf 88' lang='lat'><strong>6.</strong></span> <span class='ocrx_word' id='word_1_937' title='bbox 3179 5153 3272 5224; x_wconf 85' lang='lat'><strong>22)</strong></span> <span class='ocrx_word' id='word_1_938' title='bbox 3299 5172 3312 5208; x_wconf 89' lang='lat'><strong>:</strong></span> <span class='ocrx_word' id='word_1_939' title='bbox 3343 5163 3397 5209; x_wconf 88' lang='lat' dir='ltr'><strong>et</strong></span> <span class='ocrx_word' id='word_1_940' title='bbox 3429 5153 3551 5210; x_wconf 90' lang='lat' dir='ltr'><strong>licet</strong></span> <span class='ocrx_word' id='word_1_941' title='bbox 3579 5155 3741 5210; x_wconf 89' lang='lat' dir='ltr'><strong>fames</strong></span> 
     </span>
    </p>
   </div>
   <div class='ocr_carea' id='block_1_117' title="bbox 2155 5241 3744 5315">
    <p class='ocr_par' dir='ltr' id='par_1_117' title="bbox 2155 5241 3744 5315">
     <span class='ocr_line' id='line_1_117' title="bbox 2155 5241 3744 5315; baseline 0.004 -19"><span class='ocrx_word' id='word_1_942' title='bbox 2155 5251 2342 5310; x_wconf 80' lang='lat' dir='ltr'><strong>orgeat</strong></span> <span class='ocrx_word' id='word_1_943' title='bbox 2363 5282 2378 5306; x_wconf 97' lang='lat'><strong>,</strong></span> <span class='ocrx_word' id='word_1_944' title='bbox 2419 5241 2771 5297; x_wconf 89' lang='lat' dir='ltr'><strong>modestiores</strong></span> <span class='ocrx_word' id='word_1_945' title='bbox 2801 5253 2979 5298; x_wconf 90' lang='lat' dir='ltr'><strong>tamen</strong></span> <span class='ocrx_word' id='word_1_946' title='bbox 3010 5244 3158 5298; x_wconf 85' lang='lat' dir='ltr'><strong>fiunt.</strong></span> <span class='ocrx_word' id='word_1_947' title='bbox 3187 5244 3287 5312; x_wconf 90' lang='lat' dir='ltr'><strong>Qui</strong></span> <span class='ocrx_word' id='word_1_948' title='bbox 3331 5254 3453 5298; x_wconf 91' lang='lat' dir='ltr'><strong>sunt</strong></span> <span class='ocrx_word' id='word_1_949' title='bbox 3490 5246 3624 5315; x_wconf 74' lang='lat' dir='ltr'><strong>gulae</strong></span> <span class='ocrx_word' id='word_1_950' title='bbox 3654 5245 3744 5302; x_wconf 86' lang='lat' dir='ltr'><strong>de-</strong></span> 
     </span>
    </p>
   </div>
   <div class='ocr_carea' id='block_1_118' title="bbox 2153 5332 3742 5396">
    <p class='ocr_par' dir='ltr' id='par_1_118' title="bbox 2153 5332 3742 5396">
     <span class='ocr_line' id='line_1_118' title="bbox 2153 5332 3742 5396; baseline 0.004 -9"><span class='ocrx_word' id='word_1_951' title='bbox 2153 5333 2272 5396; x_wconf 86' lang='lat' dir='ltr'><strong>diti,</strong></span> <span class='ocrx_word' id='word_1_952' title='bbox 2303 5341 2644 5388; x_wconf 88' lang='lat' dir='ltr'><strong>revereantur</strong></span> <span class='ocrx_word' id='word_1_953' title='bbox 2669 5332 2902 5390; x_wconf 89' lang='lat' dir='ltr'><strong>ferarum</strong></span> <span class='ocrx_word' id='word_1_954' title='bbox 2932 5335 3324 5391; x_wconf 89' lang='lat' dir='ltr'><strong>abstinentiam.</strong></span> <span class='ocrx_word' id='word_1_955' title='bbox 3352 5335 3555 5394; x_wconf 87' lang='lat' dir='ltr'><strong>Leones</strong></span> <span class='ocrx_word' id='word_1_956' title='bbox 3593 5336 3742 5393; x_wconf 68' lang='lat' dir='ltr'><strong>video</strong></span> 
     </span>
    </p>
   </div>
   <div class='ocr_carea' id='block_1_119' title="bbox 2154 5423 3744 5490">
    <p class='ocr_par' dir='ltr' id='par_1_119' title="bbox 2154 5423 3744 5490">
     <span class='ocr_line' id='line_1_119' title="bbox 2154 5423 3744 5490; baseline 0.004 -14"><span class='ocrx_word' id='word_1_957' title='bbox 2154 5433 2279 5477; x_wconf 90' lang='lat' dir='ltr'><strong>runt</strong></span> <span class='ocrx_word' id='word_1_958' title='bbox 2308 5423 2603 5490; x_wconf 88' lang='lat' dir='ltr'><strong>Danielem,</strong></span> <span class='ocrx_word' id='word_1_959' title='bbox 2633 5435 2687 5480; x_wconf 90' lang='lat' dir='ltr'><strong>et</strong></span> <span class='ocrx_word' id='word_1_960' title='bbox 2713 5425 3106 5482; x_wconf 86' lang='lat' dir='ltr'><strong>moderatiores</strong></span> <span class='ocrx_word' id='word_1_961' title='bbox 3126 5425 3297 5481; x_wconf 81' lang='lat' dir='ltr'><strong>effecti</strong></span> <span class='ocrx_word' id='word_1_962' title='bbox 3338 5437 3460 5481; x_wconf 88' lang='lat' dir='ltr'><strong>sunt</strong></span> <span class='ocrx_word' id='word_1_963' title='bbox 3486 5445 3499 5480; x_wconf 89' lang='lat'><strong>:</strong></span> <span class='ocrx_word' id='word_1_964' title='bbox 3532 5443 3628 5481; x_wconf 87' lang='lat' dir='ltr'><strong>nos</strong></span> <span class='ocrx_word' id='word_1_965' title='bbox 3650 5445 3744 5482; x_wconf 81' lang='lat' dir='ltr'><strong>ve-</strong></span> 
     </span>
    </p>
   </div>
   <div class='ocr_carea' id='block_1_120' title="bbox 2153 5515 3740 5586">
    <p class='ocr_par' dir='ltr' id='par_1_120' title="bbox 2153 5515 3740 5586">
     <span class='ocr_line' id='line_1_120' title="bbox 2153 5515 3740 5586; baseline 0.003 -16"><span class='ocrx_word' id='word_1_966' title='bbox 2153 5517 2385 5572; x_wconf 87' lang='lat' dir='ltr'><strong>nientem</strong></span> <span class='ocrx_word' id='word_1_967' title='bbox 2416 5515 2482 5569; x_wconf 90' lang='lat' dir='ltr'><strong>ad</strong></span> <span class='ocrx_word' id='word_1_968' title='bbox 2505 5532 2603 5571; x_wconf 92' lang='lat' dir='ltr'><strong>nos</strong></span> <span class='ocrx_word' id='word_1_969' title='bbox 2627 5515 2822 5571; x_wconf 87' lang='lat' dir='ltr'><strong>Filium</strong></span> <span class='ocrx_word' id='word_1_970' title='bbox 2855 5517 2949 5571; x_wconf 90' lang='lat' dir='ltr'><strong>Dei</strong></span> <span class='ocrx_word' id='word_1_971' title='bbox 2977 5517 3236 5581; x_wconf 85' lang='lat' dir='ltr'><strong>videntes.</strong></span> <span class='ocrx_word' id='word_1_972' title='bbox 3255 5518 3604 5586; x_wconf 88' lang='lat' dir='ltr'><strong>sapientiores</strong></span> <span class='ocrx_word' id='word_1_973' title='bbox 3636 5535 3740 5574; x_wconf 90' lang='lat' dir='ltr'><strong>non</strong></span> 
     </span>
    </p>
   </div>
   <div class='ocr_carea' id='block_1_121' title="bbox 2152 5607 3742 5679">
    <p class='ocr_par' dir='ltr' id='par_1_121' title="bbox 2152 5607 3742 5679">
     <span class='ocr_line' id='line_1_121' title="bbox 2152 5607 3742 5679; baseline 0.001 -16"><span class='ocrx_word' id='word_1_974' title='bbox 2152 5608 2452 5665; x_wconf 87' lang='lat' dir='ltr'><strong>reddimur.</strong></span> <span class='ocrx_word' id='word_1_975' title='bbox 2485 5608 2783 5664; x_wconf 77' lang='lat' dir='ltr'><strong>Maluerunt</strong></span> <span class='ocrx_word' id='word_1_976' title='bbox 2814 5607 2887 5663; x_wconf 89' lang='lat' dir='ltr'><strong>illi</strong></span> <span class='ocrx_word' id='word_1_977' title='bbox 2913 5607 3052 5664; x_wconf 91' lang='lat' dir='ltr'><strong>fame</strong></span> <span class='ocrx_word' id='word_1_978' title='bbox 3081 5610 3272 5678; x_wconf 90' lang='lat' dir='ltr'><strong>perire,</strong></span> <span class='ocrx_word' id='word_1_979' title='bbox 3304 5625 3462 5679; x_wconf 87' lang='lat' dir='ltr'><strong>quam</strong></span> <span class='ocrx_word' id='word_1_980' title='bbox 3502 5622 3742 5666; x_wconf 88' lang='lat' dir='ltr'><strong>sanctum</strong></span> 
     </span>
    </p>
   </div>
   <div class='ocr_carea' id='block_1_122' title="bbox 2151 5701 3740 5772">
    <p class='ocr_par' dir='ltr' id='par_1_122' title="bbox 2151 5701 3740 5772">
     <span class='ocr_line' id='line_1_122' title="bbox 2151 5701 3740 5772; baseline 0.002 -15"><span class='ocrx_word' id='word_1_981' title='bbox 2151 5715 2348 5771; x_wconf 88' lang='lat' dir='ltr'><strong>corpus</strong></span> <span class='ocrx_word' id='word_1_982' title='bbox 2373 5711 2592 5772; x_wconf 87' lang='lat' dir='ltr'><strong>tangere</strong></span> <span class='ocrx_word' id='word_1_983' title='bbox 2624 5719 2636 5754; x_wconf 89' lang='lat'><strong>:</strong></span> <span class='ocrx_word' id='word_1_984' title='bbox 2669 5717 2768 5758; x_wconf 90' lang='lat' dir='ltr'><strong>nos</strong></span> <span class='ocrx_word' id='word_1_985' title='bbox 2793 5702 2994 5759; x_wconf 88' lang='lat' dir='ltr'><strong>nudum</strong></span> <span class='ocrx_word' id='word_1_986' title='bbox 3020 5703 3286 5759; x_wconf 88' lang='lat' dir='ltr'><strong>Christum</strong></span> <span class='ocrx_word' id='word_1_987' title='bbox 3312 5715 3366 5758; x_wconf 88' lang='lat' dir='ltr'><strong>et</strong></span> <span class='ocrx_word' id='word_1_988' title='bbox 3394 5701 3533 5760; x_wconf 90' lang='lat' dir='ltr'><strong>fame</strong></span> <span class='ocrx_word' id='word_1_989' title='bbox 3562 5703 3740 5760; x_wconf 83' lang='lat' dir='ltr'><strong>confe-</strong></span> 
     </span>
    </p>
   </div>
   <div class='ocr_carea' id='block_1_123' title="bbox 2215 5818 3432 5900">
    <p class='ocr_par' dir='ltr' id='par_1_123' title="bbox 2215 5818 3432 5900">
     <span class='ocr_line' id='line_1_123' title="bbox 2215 5818 3432 5900; baseline 0.007 -10"><span class='ocrx_word' id='word_1_990' title='bbox 2215 5839 2288 5900; x_wconf 63' lang='grc' dir='ltr'><strong>(αἱ</strong></span> <span class='ocrx_word' id='word_1_991' title='bbox 2323 5839 2480 5891; x_wconf 79' lang='lat' dir='ltr'><strong>Voces</strong></span> <span class='ocrx_word' id='word_1_992' title='bbox 2498 5839 2716 5890; x_wconf 63' lang='lat' dir='ltr'><strong>Hebraeae</strong></span> <span class='ocrx_word' id='word_1_993' title='bbox 2734 5850 2866 5897; x_wconf 87' lang='lat' dir='ltr'><strong>sunt.</strong></span> <span class='ocrx_word' id='word_1_994' title='bbox 2891 5849 3010 5899; x_wconf 63' lang='lat' dir='ltr'><strong>Dm</strong></span> <span class='ocrx_word' id='word_1_995' title='bbox 3037 5819 3155 5899; x_wconf 57' lang='grc' dir='ltr'><strong>’Σὺ</strong></span> <span class='ocrx_word' id='word_1_996' title='bbox 3177 5818 3298 5898; x_wconf 65' lang='lat' dir='ltr'><strong>m5:</strong></span> <span class='ocrx_word' id='word_1_997' title='bbox 3322 5848 3432 5898; x_wconf 71' lang='grc' dir='ltr'><strong>ΞΠ)</strong></span> 
     </span>
    </p>
   </div>
  </div>
