4090 6346
353 408 458 466 Ιιῑτ

347 523 561 591 σηρὶῳ,
616 522 1104 596 παρρησιάσομαι
1146 525 1217 580 ἐν
1258 523 1438 590 αὐτῷ.
1497 527 1707 592 Ἀλλος,
1761 527 1924 592 Τὰξω

349 619 648 688 σωτήριον
670 620 949 689 ἐμφανές.

424 757 578 812 Μάθε
624 759 762 831 πόση
801 760 900 831 τῆς
943 761 1450 832 ταπεινοφροσύνης
1495 763 1530 832 η
1583 760 1756 830 ίσχύς.
1802 761 1925 814 Τῶν

351 858 602 927 πενήτων
643 858 676 928 ἡ
715 856 947 928 δύναμις
988 858 1261 930 (πενήτων
1304 859 1470 927 λέγω,
1513 859 1625 912 τῶν
1665 858 1764 930 τὴν
1803 859 1923 913 διά·-

350 972 502 1008 νοιαν
530 954 1050 1027 συντετριμμένων),
1071 955 1166 1009 τοῦ
1201 955 1388 1020 κακῶς
1430 956 1660 1026 πάσχειν
1691 956 1839 1008 ἐστὶν
1886 957 1920 1027 ἡ

350 1034 656 1122 ἀντίληψις.
677 1052 812 1106 οὐδὲ
835 1051 942 1123 γὰρ
967 1051 1082 1122 βίον
1100 1051 1331 1106 ἐνταῦθά
1354 1069 1536 1122 φησιν,
1559 1051 1679 1104 οὐδὲ
1700 1050 1920 1122 ἀρετὴν,

350 1147 490 1202 ἀλλά
505 1148 566 1201 τὸ
582 1148 809 1218 πάσχειν
829 1148 1034 1212 κακῶς,
1055 1148 1209 1218 φησὶ,
1225 1148 1382 1202 τοῦτο
1396 1147 1746 1218 ἀνίστησιτὸν
1766 1146 1920 1209 Θεὸν,

358 1235 514 1307 1121]
533 1237 627 1288 καὶ
645 1236 958 1291 ἐκκαλεῖται
982 1237 1117 1308 πρὸς
1143 1237 1417 1308 τιμωρίαν
1437 1239 1531 1291 καὶ
1561 1237 1791 1308 ἄμυναν.
1821 1237 1913 1289 Τοσ

351 1327 548 1380 σοῦτόν
568 1329 682 1380 ἐστι
709 1327 771 1381 τὸ
798 1325 1148 1398 ἀδικούμενον
1165 1328 1348 1398 φέρειν
1371 1327 1628 1396 γενναίως
1643 1366 1658 1390 ,
1687 1327 1922 1398 τοσαύτη

350 1420 463 1474 τῶν
495 1420 947 1490 ὲπηρεαζομένων
980 1418 1130 1489 παρά
1148 1419 1242 1472 τοῦ
1268 1418 1402 1471 Θεοῦ
1432 1421 1465 1488 ἡ
1495 1418 1718 1491 πρόνοια
1736 1459 1750 1484 ,
1803 1419 1922 1472 ἀντὶ

355 1509 622 1579 μεγίστης
654 1508 976 1579 συνηγορίας
1001 1510 1034 1577 ἡ
1073 1507 1325 1578 συμφορά
1351 1507 1444 1560 καὶ
1465 1507 1543 1576 τῷ
1568 1508 1794 1577 πάσχειν
1823 1525 1920 1560 κα-

351 1601 469 1662 κῶς
493 1599 770 1670 γινομένη.
811 1599 1034 1670 Μεγάλη
1070 1598 1164 1651 τοῦ
1195 1597 1500 1668 στεναγμοῦ
1549 1601 1582 1669 ἡ
1627 1600 1798 1668 ἰσχὺς,
1824 1598 1922 1669 τὴν

350 1688 560 1742 ἀνωθεν
587 1687 828 1742 καλοῦσα
866 1691 1056 1761 ῥοπήν.
1084 1688 1359 1760 Φοϐήθητε
1382 1689 1496 1742 ὅσοι
1533 1689 1659 1752 τοὺς
1687 1689 1923 1758 πένητας

348 1777 810 1846 ὣικεῖτεβΕμτε
833 1777 1062 1848 δύναμιν
1084 1777 1260 1848 ὑμεῖς,
1279 1778 1374 1832 καὶ
1403 1777 1650 1842 πλοῦτον,
1677 1778 1770 1829 καὶ
1790 1777 1924 1846 χρή-

353 1884 525 1937 ματα.
573 1867 668 1922 καὶ
718 1867 987 1922 δικαστῶν
1025 1867 1272 1922 εὔνοιαν·
1325 1867 1440 1921 ἀλλ’
1473 1867 1686 1939 ἔχουσιν
1725 1870 1922 1922 ἐκεῖνοι

351 1959 578 2012 πάντων
603 1959 946 2030 ἰσχυρότερον
961 1959 1143 2022 ὅπλον,
1172 1959 1300 2022 τοὺς
1323 1959 1658 2030 στεναγμοὺς
1677 1957 1772 2012 καὶ
1797 1958 1923 2022 τοὺς

349 2050 610 2122 ορήνους,
640 2053 733 2105 καὶ
773 2052 905 2104 αὐτὸ
931 2052 994 2105 τὸ
1023 2051 1347 2112 ἀδικεῖσθαι,
1391 2050 1533 2121 άπερ
1575 2052 1674 2120 τὴν
1708 2053 1774 2102 ἐκ
1815 2049 1923 2102 τῶν

348 2142 601 2214 οὐρανῶν
626 2144 920 2196 ἐπισπᾶται
943 2142 1277 2213 συμμαχίαν.
1295 2141 1464 2195 Τοῦτο
1482 2141 1542 2194 τὸ
1563 2141 1724 2194 ὅπλον
1745 2140 1923 2204 οἰκίας

349 2231 658 2301 ἁνορύττει,
695 2231 853 2284 τοῦτο
885 2231 1162 2301 θεμελίους
1188 2229 1519 2298 κατέσκαψε,
1555 2228 1711 2282 τοῦτο
1741 2227 1924 2293 πόλεις

352 2313 564 2375 ἀνεῖλε,
608 2313 765 2367 τοῦτο
814 2315 1082 2386 ὁλόκληρα
1131 2314 1259 2383 ἔθνη
1303 2314 1686 2367 κατεπόντισε·
1735 2328 1924 2365 στενα-

349 2399 530 2470 γμοὺς
564 2398 930 2470 ἀδικουμένων
949 2396 1248 2472 ἀνθρώπων
1265 2395 1426 2466 λέγω.
1446 2396 1684 2450 Αίδεῖται
1719 2396 1815 2467 τὴν
1841 2395 1924 2448 εὐ-

349 2495 709 2566 γνωμοσύνην
735 2495 912 2551 αὐτῶν
936 2498 965 2550 6
980 2496 1132 2560 Θεὸς,
1151 2498 1276 2551 ὅταν
1294 2493 1474 2556 κακῶς
1496 2493 1794 2564 πάσχοντες
1819 2509 1922 2562 μη-

346 2587 442 2640 δὲν
464 2588 698 2658 πονηρὸν
713 2588 984 2659 ἑκφέρωσι
1012 2589 1184 2659 ῥῆμα,
1213 2586 1509 2650 στενάζωσι
1534 2586 1593 2639 δὲ
1619 2584 1796 2656 μόνον,
1829 2585 1924 2638 καὶ

350 2679 730 2750 ἀποδύρωνται
777 2679 846 2732 τά
889 2680 1064 2735 οίκεῖα
1097 2679 1261 2734 κακά.
1294 2679 1359 2730 Τί
1398 2677 1456 2731 δέ
1488 2679 1623 2739 ἐστι,
1655 2675 1924 2744 Θήσομαι

348 2771 423 2824 ἐν
453 2773 744 2840 σωτηρίῳ,
774 2773 1260 2840 παρρησιάσομαι
1282 2770 1353 2823 ἐν
1377 2765 1574 2833 αὐτῷ;
1610 2767 1764 2821 Μετά
1790 2767 1923 2837 παρ-

352 2866 571 2936 ρησίας,
605 2865 790 2934 φησὶν,
814 2861 990 2917 αὐτῶν
1014 2861 1394 2932 προστήσομαι
1421 2857 1672 2930 φανερῶς
1701 2857 1795 2910 καὶ
1823 2855 1921 2925 δή·

349 2955 480 3018 λως,
497 2955 635 3009 ὥστε
667 2957 866 3016 πάντας
890 2953 1098 3023 μαθεῖν.
1112 2951 1223 3004 Καὶ
1243 2949 1372 3008 πότε
1393 2950 1452 3003 οὐ
1471 2945 1718 3017 φανερῶς
1737 2945 1919 3009 σώζει;

355 3051 545 3102 Ἔστιν
572 3048 662 3100 ὅτε
687 3047 747 3098 οὐ
779 3044 1047 3116 φανερῶς,
1073 3041 1208 3096 ἀλλά
1239 3041 1411 3111 λάθρα
1431 3056 1444 3070 ·
1478 3039 1598 3093 οὐδέ
1625 3037 1732 3108 γὰρ
1753 3036 1919 3088 δεῖται

348 3140 450 3208 τῆς
483 3136 640 3209 παρά
666 3135 964 3206 ἀνθρώπων
994 3133 1170 3204 δόξης.
1191 3133 1330 3194 Νυνὶ
1358 3133 1436 3196 δὲ,
1466 3130 1652 3201 ἐπειδὴ
1682 3129 1825 3191 εἰκὸς
1852 3123 1920 3198 ἦν

347 3232 475 3293 τοὺς
517 3229 744 3300 ἐχθροὺς
788 3227 914 3290 τοὺς
956 3225 1134 3283 αὐτῶν
1173 3223 1543 3294 ἐπεμϐαίνειν,
1586 3220 1918 3282 ἐνάλλεσθαι,

345 3320 630 3384 ὀνειδίζειν
661 3317 863 3380 αὐτοῖς,
891 3314 966 3378 ὡς
1002 3316 1100 3368 οὐκ
1131 3314 1309 3385 έχουσι
1342 3312 1473 3365 Θεὸν
1516 3311 1736 3381 βοηθὸν,
1777 3309 1918 3362 ὥστε

348 3396 640 3473 κάκείνους
679 3406 1127 3479 σωφρονισθῆναι,
1163 3407 1258 3458 καὶ
1284 3403 1534 3472 γενέσθαι
1565 3402 1820 3472 βελτίους,
1852 3401 1916 3470 τῇ

349 3504 520 3572 πείρᾳ
552 3500 818 3570 μαθόντας
850 3497 944 3550 τοῦ
972 3497 1239 3553 Δεσπὸτου
1267 3495 1364 3566 τὴν
1391 3493 1727 3563 συμμαχίαν,
1747 3493 1918 3544 Φανεο

348 3596 464 3666 ρώς
494 3593 788 3662 ποιήσομαι
825 3589 922 3659 τὴν
947 3589 1084 3660 ὑπὲρ
1109 3587 1287 3640 αὐτῶν
1331 3584 1623 3656 σωτηρίαν,
1659 3581 1809 3654 φησί.
1845 3580 1919 3666 Τὰ

346 3662 528 3755 λόγια
563 3683 801 3750 Κυρίου,
837 3681 1011 3750 ,λόγια
1047 3679 1215 3748 ἁγνά·
1251 3677 1531 3745 ἀργύριον
1575 3662 1918 3742 πεπιφωμέ-

345 3795 485 3840 νον,
508 3775 777 3843 δοκίμιον
804 3770 878 3840 τῇ
1021 3771 1130 3824 Καὶ
1159 3767 1285 3822 ποία
1306 3767 1440 3836 αὕτη
1473 3763 1756 3818 ἀκολουθία
1784 3764 1918 3835 πρὸς

347 3867 422 3928 τά
456 3865 754 3936 είρημένα;
785 3861 960 3932 Πολλὴ
998 3861 1088 3915 καὶ
1121 3858 1367 3928 συνεχής.
1402 3856 1494 3925 Μὴ
1531 3853 1638 3926 γὰρ
1675 3854 1737 3923 δὴ
1765 3853 1917 3923 νομί-

353 3974 486 4028 σητε
528 3954 716 4018 ταῦτα,
752 3954 936 4024 φησὶν,
978 3951 1163 4029 ἁπλῶς
1200 3947 1468 4018 εἰρῆσθαι,
1515 3945 1647 4015 μηδὲ
1691 3944 1918 4014 ἀπειλὴν

351 4045 499 4100 εἶναι
531 4045 805 4115 περιττήν’
846 4041 1054 4112 καθαρά
1082 4039 1244 4092 αὐτοῦ
1290 4039 1402 4089 ἐστι
1448 4035 1516 4088 τὰ
1545 4038 1781 4106 ῥήματα,
1810 4035 1919 4086 ἀπ-

345 4136 669 4206 ηλλαγμένα
701 4132 948 4203 ψεύδους.
983 4130 1190 4199 Ὥσπερ
1219 4125 1325 4198 γάρ
1362 4128 1390 4178 6
1422 4125 1656 4196 ἄργυρος
1686 4126 1713 4176 6
1749 4139 1920 4174 πεπυ-

353 4229 598 4300 ρωμένος
621 4225 769 4279 οὐδὲν
795 4223 1068 4292 ἀλλότριον
1089 4219 1198 4289 ἔχει
1229 4219 1322 4271 καὶ
1341 4217 1511 4281 νόθον,
1537 4215 1676 4269 οὕτω
1699 4214 1792 4266 καί
1826 4211 1917 4264 τοῦ

350 4320 493 4374 Θεοῦ
522 4319 588 4372 τά
619 4321 859 4392 ῥήματα,
884 4315 1026 4387 άπερ
1051 4314 1116 4368 ἂν
1145 4313 1292 4385 εἴπῃ,
1326 4310 1541 4372 πάντως
1569 4308 1794 4376 ἐκϐῆναι
1819 4306 1914 4358 δεῖ.

351 4414 449 4468 Διό
483 4427 662 4482 φησιν’
713 4409 1009 4478 Ἀργύριον
1039 4401 1486 4472 πεπυρωμένον,
1529 4400 1800 4468 δοκίμιον
1844 4394 1920 4464 τῇ

351 4507 454 4578 τῇ.
492 4506 701 4569 Ἄλλος,
746 4501 1197 4570 Πεπυρωμένον,
1245 4496 1476 4568 χωροῦν
1513 4493 1587 4563 τῇ
1622 4492 1718 4562 τῇ.
1764 4492 1820 4544 '0
1861 4491 1918 4544 δὲ

361 4599 614 4670 Ἐϐραῖος
645 4597 765 4650 ἀντὶ
793 4594 908 4660 τοῦ,
929 4590 1169 4660 Χωροῦν
1193 4589 1268 4658 τῇ
1294 4587 1394 4658 γῇ,
1434 4587 1664 4641 Βααυῖὶλ
1699 4583 1919 4652 λάαρες

351 4686 497 4753 εἶπε,
527 4689 794 4750 τουτέστι,
832 4685 892 4738 τὸ
923 4686 1308 4757 χωνευόμενον,
1339 4679 1397 4734 τὸ
1444 4681 1568 4752 ῥέον
1613 4680 1671 4733 ἐν
1715 4679 1780 4751 τῇ
1822 4679 1914 4748 γῇ.

349 4785 873 4854 Κεκαθαρισμένον
895 4778 1337 4842 ἑπταπλασίως.

425 4924 493 4979 δ’.
518 4922 669 4985 Εἶδες
695 4921 810 4985 πῶς
836 4922 1073 4975 δείκνυσι
1094 4918 1156 4972 τὸ
1189 4915 1435 4987 ἀψευδὲς,
1463 4915 1525 4968 τὸ
1552 4911 1832 4984 ἀληθεῦον,
1852 4914 1918 4982 τῇ

355 5019 523 5073 είκόνι
556 5017 657 5088 τῆς
688 5015 851 5086 ῦληςς
879 5012 1064 5082 ὥσπερ
1100 5011 1210 5081 γὰρ
1241 5011 1415 5062 ἐκεῖνο
1452 5009 1512 5064 τὸ
1537 5005 1821 5078 χωνευθέν,
1859 5005 1920 5057 τὸ

357 5109 628 5182 πυρωθὲν,
661 5106 723 5160 τὸ
754 5104 1011 5168 πολλάκις
1049 5102 1207 5156 τοῦτο
1233 5101 1425 5164 παθὸν,
1464 5099 1740 5167 ἀλλότριόν
1773 5101 1921 5150 ἐστιν

353 5202 637 5273 ἀλλοτρίας
667 5198 816 5270 ὕλης,
846 5193 1317 5265 ἐκκεκαθαρμένον
1343 5190 1481 5262 μετά
1504 5190 1805 5262 ἀκριϐείας·
1832 5188 1922 5241 οῦ-

353 5312 460 5358 τως
505 5297 539 5364 η
598 5291 869 5360 ἀπόφασις
918 5284 1013 5340 τοῦ
1057 5285 1210 5338 Θεοῦ.
1245 5284 1349 5347 Σὺ,
1394 5281 1590 5351 Κύριε,
1628 5279 1923 5350 φυλάξεις

353 5391 530 5460 ἡμᾶς,
560 5391 659 5443 καὶ
694 5383 1071 5452 διατηρήσας
1091 5379 1247 5450 ἡμᾶς
1271 5380 1388 5434 ἀπὸ
1419 5377 1528 5446 τῆς
1551 5378 1759 5448 γενεᾶς
1786 5378 1923 5431 ταύ-

357 5501 480 5550 της,
516 5478 616 5534 καὶ
645 5480 732 5543 εις
748 5477 856 5530 τὸν
885 5472 1088 5531 αἰῶνα.
1112 5471 1321 5534 Ἀλλος,
1355 5469 1648 5536 Φυλάξεις
1681 5469 1918 5534 αὐτούς.

361 5575 572 5635 Ἄλλος,
613 5569 908 5635 Φυλάξεις
955 5566 1126 5630 αὐτὰ,
1183 5564 1282 5619 καί
1332 5560 1712 5630 διατηρήσεις
1764 5557 1923 5628 ἡμᾶς

355 5663 470 5716 ἀπὸ
499 5661 614 5729 τῆς
636 5659 846 5730 γενεᾶς
866 5657 1103 5730 ταύτης⁹
1130 5655 1226 5708 καί
1252 5657 1338 5718 είς
1361 5654 1465 5706 τὸν
1484 5649 1920 5713 αἰῶνα.·Ἀλλος,

362 5757 500 5823 Ἅμα
521 5751 598 5820 τῇ
632 5731 808 5816 γενεᾷ
839 5749 913 5816 τῇ
942 5749 1163 5813 αῑωνίᾳ.
1197 5747 1407 5808 Κύκλῳ
1433 5747 1486 5798 οἱ
1515 5741 1749 5806 ἀσεϐεῖς
1769 5756 1924 5809 περι-

663 5863 936 5923 ΡΔτιιοι..
959 5861 962 5864 ⁴
983 5863 1100 5924 Gn.
1146 5860 1268 5922 LV.

1503 411 1864 470 EXI‘OSITIO
1894 410 1962 468 IN
1998 412 2329 476 PSALMUM
2365 419 2452 475 XI.

3485 419 3585 476 ΗΒ

2021 531 2336 586 πατοῦσιν.
2385 530 2595 594 Ἀλλος,
2635 529 3174 598 Περιπατήσουσιν.
3214 529 3424 596 Ἀλλος.
3473 536 3584 588 Κύι-

2020 630 2145 692 κλῳ
2173 625 2406 680 ἀσεϐῶν
2419 623 2989 694 ἑμπεριπατήσουσι.
3016 626 3175 681 Κατὰ
3204 627 3269 680 τὸ
3291 629 3448 697 ὕψος
3467 646 3584 684 σου

2019 719 2452 788 ἐπολυώρησας
2481 721 2620 786 τοὺς
2648 719 2818 784 υἱοὺς
2849 719 2968 784 τῶν
2995 721 3337 788 ἀνθρώπων.
3371 723 3585 788 Ἀλλος,

2021 807 2198 871 Ὅταν
2228 817 2548 886 ὐψωθῶσιν
2569 819 2622 870 οι
2652 815 2918 882 εὐτελεῖς
2932 815 3050 868 τῶν
3067 816 3210 870 υἱῶν
3231 816 3347 871 τῶν
3369 817 3587 889 ἀνθρώ-

2018 927 2167 966 πων.
2209 912 2454 983 Ἕτερος,
2491 910 2652 965 Κατὰ
2696 909 2762 963 τὸ
2807 910 2964 979 ὕψος
3003 910 3152 983 [122]
3196 914 3588 984 εὐωνισμένοι

2020 1005 2138 1070 τοῖς
2177 1004 2327 1070 υἱοῖς
2359 1003 2476 1056 τῶν
2519 1002 2860 1070 ἀνθρώπων.
2912 1006 2970 1058 ’0
3001 1004 3057 1056 δὲ
3113 1005 3377 1078 Ἑϐραῖος,
3421 1007 3587 1078 Χὰρμ

2019 1094 2228 1158 ζολλῶ,
2276 1095 2428 1166 φησὶ,
2471 1095 2656 1163 λεϐνὴ
2705 1095 2896 1164 Ἀδάμ.
2936 1095 3040 1159 Σὺ,
3073 1097 3265 1165 Κύριε,
3296 1099 3585 1166 φυλάξεις

2019 1185 2196 1255 ἡμᾶς,
2223 1187 2318 1239 καὶ
2348 1186 2736 1255 ὄιατηρήσεις
2772 1183 2948 1253 ἡμᾶς.
2978 1187 3117 1257 Ὅρα
3159 1190 3414 1258 συνεχῶς,
3452 1190 3584 1258 μᾶλ-

2018 1279 2106 1331 λον
2133 1278 2188 1331 δὲ
2215 1278 2477 1349 διηνεκῶς
2501 1279 2592 1331 ἐπὶ
2614 1279 2702 1330 τὸν
2728 1278 2859 1330 Θεὸν
2883 1277 3313 1345 καταφεύγοντα,
3333 1281 3585 1335 κάκεῖθεν

2019 1371 2282 1442 ζητοῦντα
2311 1371 2408 1441 τὴν
2437 1370 2755 1441 συμμαχίαν
2784 1385 2796 1399 ·
2826 1371 2921 1423 καὶ
2948 1371 3056 1442 γάρ
3088 1371 3366 1442 παναλκὴς
3390 1374 3423 1442 ἠ
3453 1372 3584 1442 βοή-

2019 1464 2160 1528 θεια,
2193 1463 2368 1516 οὐδενί⁵
2403 1462 2807 1533 διακοπτομένη
2851 1463 3046 1534 χρόνῳ.
3079 1463 3305 1526 Οὐδενὸς
3337 1463 3448 1516 τῶν
3493 1465 3586 1518 άνο

2019 1540 2305 1631 θρωπίνων
2351 1557 2603 1628 δεόμεθα,
2655 1558 2818 1628 φησί’
2851 1558 2922 1629 ab.
2975 1557 3083 1628 γὰρ
3127 1559 3156 1610 ὁ
3210 1556 3494 1626 φυλάττων
3534 1552 3588 1610 εἴ

2016 1649 2300 1721 διηνεκῶς.
2324 1649 2388 1701 Τί
2417 1650 2555 1710 ἐστι,
2586 1650 2802 1713 Κύκλῳ
2825 1651 2880 1701 οἱ
2903 1647 3139 1714 ἀσεϐεῖς
3158 1647 3586 1716 περιπατοῦσις

2018 1741 2176 1796 Κατά
2208 1741 2306 1812 μὲν
2321 1741 2446 1804 τοὺς
2478 1740 2884 1811 Ἐϐδομήκοντα
2913 1740 3056 1794 οὕτω
3083 1741 3324 1806 λεκτέον,
3358 1742 3438 1794 ὃτι
3465 1740 3583 1795 Κᾶν

2019 1830 2372 1885 κυκλώσωσιν
2419 1833 2468 1884 οί
2495 1832 2732 1896 ἀσεϐεῖς,
2771 1832 2924 1886 οὐδὲν
2965 1831 3270 1902 πεισόμεθα
3293 1849 3306 1864 ·
3342 1833 3436 1886 καὶ
3477 1833 3588 1904 γὰρ

2020 1923 2307 1992 φυλάττεις
2329 1924 2605 1994 ἡμᾶς,καὶ
2626 1923 3000 1996 μετεωρίζεις,
3021 1925 3112 1976 καὶ
3129 1922 3372 1990 ἐνδόξους
3387 1927 3582 1988 ποιεῖς.

2019 2015 2175 2069 Κατά
2214 2015 2270 2068 δὲ
2308 2014 2398 2068 τὸν
2434 2015 2620 2086 ἕτερον
2665 2015 3009 2088 ἐρμηνευτὴν
3053 2016 3214 2070 τοῦτο
3258 2017 3477 2087 ῥητέονο
3521 2019 3585 2074 Οί

2017 2106 2231 2170 ἀσεϐεῖς
2264 2105 2684 2177 ἐξωσθήσονται,
2715 2107 2844 2160 ὅταν
2872 2109 3000 2170 τοὺς
3027 2107 3266 2170 εὐτελεῖς
3288 2108 3411 2171 τοὺς
3438 2109 3586 2171 υίοὺς

2016 2197 2126 2251 τῶν
2159 2197 2464 2269 ἀνθρώπων
2504 2196 2756 2268 ὐψώσῃς·
2786 2197 3086 2262 τουτέστιν,
3117 2198 3246 2252 ὅταν
3275 2200 3420 2269 ἡμᾶς
3460 2199 3586 2262 τοὺς

2017 2289 2406 2361 νομιζομένους
2434 2285 2576 2343 εἶναι
2608 2289 3143 2362 εὐκαταφρονήτους,
3187 2292 3312 2353 τοὺς
3343 2307 3587 2344 τεταπει·

2017 2399 2092 2434 νω
2100 2380 2292 2451 μένους
2312 2379 2562 2454 δοξάσῃς,
2591 2381 2923 2454 ἀποστήσεις
2938 2383 3137 2446 αὐτοὺς
3155 2385 3248 2437 καὶ
3263 2382 3583 2454 διακρούσῃ.

2018 2474 2083 2527 Τί
2107 2474 2165 2526 δέ
2195 2475 2332 2539 ἐστι,
2364 2473 2524 2529 Κατὰ
2546 2472 2613 2527 τὸ
2634 2475 2792 2543 ὕψος
2816 2491 2964 2539 σου;
3007 2475 3152 2528 Ἀντί
3173 2475 3291 2538 τοῦ,
3337 2474 3586 2546 Ὁμοίους

2020 2584 2115 2620 σου
2143 2566 2424 2638 ἐποίησας,
2465 2566 2543 2630 ὼς
2583 2565 2856 2638 ἀνθρώπῳ
2907 2565 3132 2621 δυνατὸν
3178 2564 3318 2620 εἶναι
3364 2567 3581 2637 ὅμοιονο

2017 2658 2372 2728 Ποιήσωμεν
2420 2658 2529 2730 γὰρ
2577 2659 2892 2728 ἄνθρωπον
2941 2659 3070 2712 κατ’
3115 2661 3341 2721 εἰκόνα,
3395 2658 3582 2729 φησὶν,

2017 2748 2329 2818 ἡμετέραν,
2361 2750 2459 2804 καὶ
2493 2751 2623 2804 καθ’
2649 2751 2950 2820 ὁμοίωσιν.
2978 2750 3156 2822 Ὅπερ
3173 2750 3282 2822 γάρ
3312 2752 3459 2803 ἐστιν
3488 2749 3586 2803 αὐ-

2015 2839 2109 2904 τὸς
2140 2842 2198 2894 ὲν
2224 2840 2459 2912 οὐρανῷ,
2494 2839 2654 2894 τοῦτο
2681 2842 2841 2912 ἡμεῖς
2871 2841 2962 2896 ἐπὶ
2987 2840 3087 2910 τῆς
3111 2841 3243 2912 γῆς·
3275 2840 3370 2894 καὶ
3399 2839 3587 2912 ὥσπερ

2015 2931 2192 2996 οὐδεὶς
2219 2931 2383 2985 αὐτοῦ
2415 2929 2687 3001 ἀνώτερος
2715 2929 2848 2994 ἀνω,
2878 2928 3051 2994 οὓτως
3067 2931 3241 2994 οὐδεὶς
3253 2932 3344 2984 ἐπὶ
3364 2931 3461 3000 τῆς
3480 2931 3586 3000 γῆς

2015 3021 2110 3074 τοῦ
2142 3019 2282 3085 ζώου
2319 3021 2510 3074 τούτου
2540 3020 2683 3074 κατά
2707 3020 2908 3092 ἀρετὴν
2935 3020 3140 3092 ὅμοιος.
3171 3022 3445 3086 Γίνεσθε,
3479 3039 3584 3092 φη-

2017 3112 2123 3175 σὶν,
2154 3110 2342 3180 ὅμοιοι
2357 3112 2461 3165 τοῦ
2488 3109 2719 3178 Πατρός
2737 3106 2904 3180 ὑμῶν
2921 3109 3026 3163 τοῦ
3045 3110 3116 3164 ἐν
3140 3111 3265 3178 τοῖς
3286 3112 3580 3179 οὐρανοῖς.

2017 3200 2128 3254 Καὶ
2174 3199 2268 3253 τοῦ
2299 3199 2562 3270 ὀνόματος
2593 3200 2651 3252 δὲ
2697 3202 2829 3270 ἡμῖν
2863 3200 3194 3268 μετέδωκενο
3236 3199 3381 3271 Ἒγὼ
3423 3197 3580 3267 εἶπα,

2019 3291 2151 3343 Θεοί
2177 3290 2336 3353 ἐστε,
2363 3289 2519 3361 φησὶ,
2553 3289 2653 3342 καὶ
2689 3287 2807 3343 υἱοὶ
2860 3289 3141 3358 Ὑψίστου
3189 3289 3431 3357 πάντες.
3472 3291 3584 3345 Καὶ

2017 3380 2179 3434 πάλιν
2196 3397 2209 3410 ·
2245 3384 2287 3435 Τ
2283 3377 2483 3434 ἐθεικὰ
2510 3396 2584 3434 σε
2616 3380 2753 3433 θεὸν
2775 3378 3002 3448 Φαραώ.
3030 3381 3136 3433 Καὶ
3155 3381 3478 3452 δημιουργὸν
3506 3378 3583 3435 ε’ί-

2015 3457 2104 3522 ναι
2136 3469 2357 3539 ἐποίησε
2384 3469 2478 3524 καὶ
2513 3469 2840 3540 σωματικῶν
2873 3471 2968 3524 καὶ
2995 3471 3321 3542 ἀσωμάτων.
3357 3472 3467 3525 Καὶ
3488 3470 3583 3526 νῦν

2019 3561 2118 3631 μὲν
2143 3562 2243 3630 τὴν
2276 3559 2455 3614 κτίσιν
2483 3561 2511 3614 6
2545 3560 2787 3631 Μωῡσῆς
2827 3561 3174 3634 μεταϐάλλει,
3203 3561 3297 3616 νῦν
3325 3563 3380 3614 δέ
3405 3563 3581 3634 ἕτεροι

2014 3652 2178 3724 ἕτερα
2208 3654 2446 3722 στοιχεῖα
2470 3659 2492 3683 ⁸
2512 3666 2526 3679 ⁸
2558 3652 2690 3722 ἡμῖν
2718 3651 2774 3704 δὲ
2795 3652 3023 3717 ἐπέταξε
3054 3652 3176 3706 ναὸν
3209 3653 3354 3724 αὐτῷ
3377 3654 3582 3718 κτίζειν

2014 3747 2163 3817 ἡμᾶς
2201 3744 2417 3808 αὐτούς.
2466 3745 2585 3798 Κᾶν
2620 3743 2800 3798 τοίνυν
2847 3744 2906 3797 οὐ
2947 3744 3286 3815 δημιουργῇς
3334 3742 3581 3814 οὐρανὸν,

2015 3839 2150 3892 ἀλλά
2176 3839 2528 3910 δημιουργεῖς
2568 3835 2693 3890 ναὸν
2728 3834 2886 3891 Θεοῦ.
2930 3835 3081 3889 Ἐπεὶ
3126 3837 3220 3888 καὶ
3247 3835 3471 3906 οὐρανὸς
3494 3834 3584 3888 διὰ

2015 3928 2172 3983 τοῦτο
2191 3927 2462 4000 λαμπρὸς,
2478 3927 2666 3998 ἐπειδὴ
2677 3927 2810 3980 Θεὸν
2828 3927 2940 3998 ἔχει
2965 3927 3323 3980 κατοικοῦντα
3339 3927 3395 3979 ἐν
3410 3923 3578 3995 αὐτῷ·

2021 4020 2220 4090 μᾶλλον
2262 4020 2319 4073 δέ
2351 4019 2438 4072 διὰ
2476 4018 2716 4089 Χριστοῦ
2747 4019 2840 4071 καὶ
2875 4017 3040 4088 ἡμᾶς.
3075 4016 3397 4086 Συνήγειρε
3449 4016 3580 4087 γάρ,

2017 4110 2170 4180 φησὶ,
2208 4110 2305 4163 καὶ
2334 4107 2738 4162 συνεκάθισεν
2769 4105 2923 4176 ἡμᾶς
2955 4106 3024 4159 ἐν
3046 4105 3212 4172 δεξιᾷ
3243 4105 3312 4158 ἐν
3334 4105 3456 4172 τοῖς
3483 4108 3581 4159 οὺ-

2009 4200 2248 4271 ρανοῖς·
2281 4201 2375 4253 καὶ
2399 4199 2628 4268 μείζονα
2659 4198 2824 4250 ἔδωκε
2853 4200 3026 4250 ποιεῖν
3049 4189 3124 4251 ὧν
3147 4197 3303 4266 αὐτὸς
3336 4196 3578 4267 ἐποίησε.

2023 4291 2097 4345 Τὰ
2139 4292 2246 4364 γὰρ
2300 4290 2540 4360 σημεῖα,
2585 4290 2783 4360 φησὶν,
2838 4288 2876 4342 ἅ
2922 4287 3035 4358 ἐγὼ
3068 4288 3251 4351 ποιῶ,
3305 4287 3582 4354 κάκεῖνος

2017 4382 2276 4450 ποιήσει,
2307 4381 2406 4435 καί
2429 4379 2668 4450 μείζονα
2697 4383 2920 4435 τούτων
2947 4379 3204 4446 ποιήσει.
3228 4380 3337 4434 Καὶ
3366 4380 3458 4432 ἐπὶ
3481 4380 3581 4448 τῆς

2017 4471 2260 4534 Παλαιᾶς
2291 4474 2320 4525 6
2355 4473 2454 4542 μὲν
2501 4471 2598 4542 τὴν
2645 4470 2921 4524 θάλασσαν
2963 4471 3279 4541 μετέϐαλεν,
3313 4472 3340 4524 6
3383 4471 3439 4524 δὲ
3490 4471 3583 4523 τὸν

2016 4561 2168 4631 ἣλιον
2191 4561 2461 4631 ἐχαλίνου,
2491 4563 2520 4614 6
2548 4562 2605 4615 δὲ
2630 4562 2727 4633 τὴν
2757 4561 2983 4634 σελήνην
3011 4561 3192 4632 μένειν
3222 4561 3526 4623 ἐκέλευσεν,
3551 4565 3582 4616 6

2015 4651 2072 4705 δὲ
2111 4651 2272 4705 πάλιν
2305 4656 2384 4716 είς
2423 4654 2611 4706 ἑαυτὸν
2645 4653 2743 4717 τὰς
2782 4653 3005 4718 ἀκτῖνας
3037 4654 3409 4724 ἀπέστρεφενο
3448 4656 3495 4706 οί
3523 4653 3582 4707 δέ

2019 4743 2210 4806 παῖδες
2249 4745 2306 4796 ἐν
2342 4746 2409 4814 τῇ
2444 4743 2658 4813 καμίνῳ
2709 4742 2802 4796 τοῦ
2840 4743 3101 4813 στοιχείου
3149 4744 3249 4815 τὴν
3302 4744 3582 4815 ἐνέργειαν

2018 4834 2311 4903 ἐπέδησαν,
2338 4835 2432 4887 καὶ
2461 4833 2757 4905 μαινομένη
2787 4835 2821 4905 ἡ
2852 4833 2982 4902 φλὸξ
3002 4835 3177 4903 ἐσίγα,
3200 4835 3295 4889 καὶ
3323 4833 3579 4906 δεδεμένη

2021 4921 2289 4994 ἐσύριζεν.
2325 4918 2448 4977 Οἵδε
2473 4922 2567 4976 καὶ
2589 4921 2754 4993 θηρία
2785 4921 3198 4976 αἱδεῖσθαιΘεοῦ
3226 4921 3410 4992 φίλους
3428 4938 3443 4952 ο
3477 4919 3583 4974 κᾶν

2021 5016 2174 5086 λιμὸς
2196 5015 2498 5084 ἀναγκάζῃ,
2529 5013 2933 5084 φιλοσοφώτερα
2956 4995 3187 5082 γίνεται.
3220 5011 3583 5065 Λίδείσθωσαν

2019 5107 2069 5158 οἱ
2097 5107 2505 5177 γαστρίμαργοι
2530 5105 2628 5176 τὴν
2650 5105 2976 5176 ἐγκράτειαν
2995 5105 3102 5157 τῶν
3119 5105 3342 5175 θηρίων.
3359 5103 3583 5167 Λέοντες

2021 5193 2164 5250 εἶδον
2191 5197 2284 5249 τὸν
2318 5197 2536 5268 Δανιὴλ,
2572 5196 2664 5250 καὶ
2693 5195 3090 5267 ἐφιλοσόφησαν
3113 5211 3126 5225 °
3151 5197 3310 5266 ἡμεῖς
3335 5195 3427 5248 τὸν
3453 5194 3586 5248 Υίὸν

2020 5287 2114 5341 τοῦ
2149 5287 2284 5342 Θεοῦ
2322 5287 2610 5358 βλέποντες
2639 5289 2933 5359 ἐρχόμενον
2965 5288 3101 5358 πρὸς
3140 5289 3306 5359 ἡμᾶς,
3339 5287 3402 5340 οὐ
3431 5287 3582 5356 φιλο-

2025 5379 2316 5449 σοφοῦμεν.
2344 5379 2563 5433 Είλοντο
2593 5381 2788 5431 ἐκεῖνοι
2811 5378 3175 5448 διαφθαρῆναι
3203 5376 3365 5448 λιμῷ,
3390 5376 3480 5429 καὶ
3505 5376 3582 5447 μὴ

2022 5470 2263 5539 ἅψασθαι
2318 5469 2412 5522 τοῦ
2463 5468 2711 5539 σώματος
2761 5469 2856 5521 τοῦ
2906 5469 3095 5535 ἀγίουο
3148 5469 3307 5538 ⁴ἡμεῖς
3351 5465 3618 5536 ὁρῶντες

2024 5560 2231 5630 γυμνὸν
2253 5559 2344 5612 τὸν
2366 5559 2598 5628 Χριστὸν
2629 5558 3049 5629 περιερχόμενον
3075 5558 3166 5611 καὶ
3187 5554 3330 5626 λιμῷ
3350 5554 3587 5626 τηκόμεέ

2087 5751 2110 5776 ⁸
2133 5747 2343 5810 Στοιχεῖα
2365 5747 2504 5795 deest
2531 5747 2577 5793 in
2601 5742 2734 5796 Colb.
2761 5749 2811 5793 et
2831 5741 2979 5791 Saxil.

3213 5842 3254 5903 9
