4140 6356
448 376 552 432 “9

445 509 555 556 νον,
585 489 702 543 οὐδὲ
733 488 802 542 τα
840 488 1072 560 περιττά
1107 488 1432 560 προϊέμεθα,
1463 489 1579 542 ἀλλ’
1618 489 1677 540 ἐν
1729 485 2017 560 περιουσίᾳ.

445 580 668 644 ζῶντες,
697 577 1044 651 περιορῶμεν
1074 579 1200 642 τοὺς
1229 578 1381 651 [125]
1409 577 1616 648 ἁγίους.
1657 577 1720 630 Ἦ
1751 579 1822 648 γῆ
1857 575 2020 631 πάλιν

446 673 618 744 ἑτέρῳ
650 671 786 725 Θεοῦ
825 670 961 742 φίλῳ
989 669 1225 724 τοσαῦτα
1265 671 1608 742 προσήνεγκε
1644 667 1792 740 δῶρα
1814 669 1879 720 ἐκ
1910 666 2020 721 τῶν

444 762 663 817 οίκείων
715 761 955 828 κόλπων,
991 760 1260 830 τοσαύτην
1309 759 1512 831 φοράν,
1571 761 1704 830 ὅσην
1766 757 2021 811 οὐδέποτε

447 854 777 927 ἐμπροσθεν.
817 855 929 908 Καὶ
977 853 1033 906 τί
1081 852 1404 923 θαυμάζεις,
1451 854 1500 905 εί
1551 851 1706 904 αὐτοὶ
1753 851 2020 920 αἰδέσιμοι

445 943 602 1019 ἦσαν.
651 948 784 1000 ὅπου
829 963 892 1014 γε
932 947 1028 999 καὶ
1065 943 1137 999 τά
1176 946 1366 1016 ἱμάτια
1394 943 1595 1008 αὐτῶν,
1633 943 1727 996 καὶ
1763 944 1817 994 αί
1871 941 2022 995 σκιαὶ

446 1038 695 1109 δαίμοσιν
719 1034 860 1108 ἦσαν
896 1035 1146 1107 φοϐεραὶ,
1190 1036 1286 1088 καὶ
1313 1035 1548 1104 θανάτῳ,
1591 1033 1683 1086 καὶ
1716 1033 1844 1102 νοσή
1857 1047 2019 1101 ματι;

447 1130 556 1183 Καὶ
604 1129 824 1198 ἄγγελοι
867 1127 1172 1200 ᾐδέσθησαν
1229 1125 1570 1198 ἀνθρώπους,
1613 1125 1707 1179 καὶ
1752 1124 2020 1195 ἐτίμησαν

452 1219 570 1288 μεθ’
608 1219 934 1292 ὑπερσολῆς·
963 1217 1089 1292 Πῷε
1115 1216 1224 1292 γὰρ
1251 1218 1352 1292 9ὺὲ
1374 1217 1618 1292 ἔμελλονε
1645 1215 1738 1292 εὒς
1758 1215 2018 1292 δμΔεσπάῖ

447 1287 546 1359 της
562 1287 744 1342 αὐτῶν
764 1287 958 1359 ἐτίμα;
992 1288 1102 1341 Καὶ
1123 1290 1180 1340 ἐν
1197 1287 1275 1358 ’τῇ
1300 1288 1514 1358 Παλαιᾷ
1535 1287 1630 1341 καὶ
1656 1289 1713 1340 ὲν
1738 1288 1804 1356 τῇ
1846 1287 2018 1358 Καινῇ

447 1375 605 1428 τοῦτο
633 1375 779 1428 ἐστιν
815 1375 962 1430 ἰδεῖν.
1008 1375 1107 1430 Διὰ
1141 1375 1298 1428 τοῦτο
1330 1375 1512 1443 λέγει·
1554 1375 1715 1428 Κατὰ
1750 1374 1820 1429 τὸ
1861 1375 2022 1443 ὕψος

447 1481 566 1522 σου
585 1466 1020 1535 ἐπολυώρησας
1033 1467 1174 1532 τοὺς
1193 1467 1364 1533 υἱοὺς
1382 1465 1500 1522 τῶν
1524 1466 1865 1535 ἀνθρώπων.
1904 1469 2021 1521 Ἐν-

448 1561 744 1630 νοήσαντες
770 1559 951 1612 τοίνυν
983 1558 1044 1613 τὸ
1086 1559 1317 1631 μέγεθος
1348 1560 1448 1629 τῆς
1483 1561 1670 1631 τιμῆς,
1703 1558 1861 1625 ἀξίαν
1909 1577 2019 1614 πα-

451 1651 743 1722 ράσχωμεν
771 1644 1032 1720 τῆν’ὑπὲρ
1063 1650 1270 1722 ταύτης
1295 1651 1553 1722 ἀμοιϐὴν,
1587 1653 1674 1706 ἵνα
1704 1654 1778 1725 μὴ
1810 1654 1910 1724 τῆς
1937 1672 2020 1708 τι-

454 1741 560 1812 μῆς
591 1742 624 1813 ή
666 1740 940 1812 ὑπερϐολὴ
969 1742 1179 1811 ἐφόδιον
1213 1744 1343 1813 ήμῖν
1367 1743 1639 1815 τιμωρίας
1675 1745 1922 1814 γένηται·
1953 1741 2022 1818 ἧς

452 1832 782 1904 ῥυσθείημεν
810 1831 1051 1896 ἀπαντες
1095 1833 1150 1886 οἴ
1185 1851 1244 1887 τε
1273 1833 1618 1900 διδάσκοντες
1648 1837 1822 1890 ταῦτα
1850 1839 1944 1892 καὶ
1971 1841 2020 1890 οἱ

453 1923 836 1995 μανθάνοντες,
878 1927 937 1978 ἐν
973 1924 1194 1997 Χριστῷ
1241 1925 1417 1996 Ἰησοῦ
1445 1925 1524 1998 τῷ
1558 1927 1747 2000 Κυρίῳ
1773 1929 1950 1999 ἡμῶν,
1977 1923 2022 1998 ᾧ

451 2017 652 2088 πρέπει
684 2019 834 2072 πᾶσα
858 2017 1008 2084 δόξα,
1043 2019 1178 2089 τιμὴ
1208 2021 1304 2073 καὶ
1355 2021 1728 2094 προσκύνησις
1777 2024 1858 2088 είς
1896 2024 2024 2089 τοὺς

451 2107 655 2172 αἰῶνας
697 2109 810 2164 τῶν
834 2110 1069 2167 αἰώνων.
1115 2113 1310 2184 Ἀμήν.

860 2243 969 2296 ΕΙΣ
1007 2243 1142 2297 ΤΟΝ
1181 2245 1260 2297 IB'
1299 2244 1620 2300 ΨΑΛΜΟΝ.

456 2375 560 2438 Εἰς
588 2373 656 2426 τὸ
685 2373 862 2440 τέλος
894 2375 1138 2443 ψαλμὸς
1184 2373 1264 2440 τῷ
1314 2376 1514 2430 Δαυῖδ.
1549 2376 1762 2440 Ἀλλος,
1802 2379 2024 2433 Ἐπιγί-

593 2460 721 2509 κιος
743 2445 866 2514 ᾠδὴ
904 2445 1010 2499 τοῦ
1037 2446 1217 2499 Δαυΐδ
1235 2457 1283 2500 α.
1320 2446 1530 2511 Ἄλλος,
1561 2450 1664 2514 Είς
1690 2448 1879 2515 νῖκος.

457 2578 610 2645 Ἕως
625 2577 791 2642 πότε,
816 2575 1014 2646 Κύριε,
1039 2579 1307 2647 ἐπιλήσῃ
1321 2597 1437 2648 μου
1451 2581 1540 2644 είς
1565 2579 1778 2646 τέλος;
1805 2581 2021 2648 Ἀλλος,

539 2648 914 2720 Ἐκλακ-θάνῃ
944 2666 1078 2720 μου,
1109 2649 1339 2703 τέλεον.
1368 2649 1539 2720 ,Ἕως-ί
1557 2651 1704 2704 πότε
1734 2651 2028 2720 ἀποστρέ-

524 2735 660 2787 φεις
692 2717 760 2771 τὸ
793 2719 1118 2786 πρόσωπόν
1141 2736 1255 2773 σου
1277 2719 1378 2773 ἀπ’
1407 2719 1591 2788 ἐμοῦ;
1619 2720 1831 2787 Ἄλλος,
1870 2717 2025 2791 Κρύ-

527 2805 715 2853 πτεις.

458 2943 609 3010 Ἕως
645 2943 809 3016 τίνος
837 2944 1096 3016 θήσομαι
1131 2945 1370 3016 βουλὰς
1404 2945 1476 2999 ἐν
1502 2945 1680 3016 ψυχῇ
1711 2965 1860 3016 μου,
1900 2947 2028 3000 Ἀλ-

527 3017 638 3078 λος,
675 3015 836 3078 Τάξω
864 3013 1118 3083 γνώμας.
1152 3015 1497 3086 ,Ὀδύναςίὲν
1513 3013 1731 3084 παρδίᾲ
1750 3036 1870 3086 μου
1889 3018 2030 3085 ἠμέ-

520 3104 637 3157 ρας
668 3086 766 3138 καὶ
793 3086 1030 3157 νυκτός.
1081 3084 1296 3157 Ἄλλος,
1343 3085 1650 3156 Μέριμναν
1691 3084 1763 3140 ἐνί
1788 3087 1863 3156 τῇ
1901 3084 2028 3141 δια-

528 3154 665 3222 νοίᾳ
693 3154 966 3226 μου,καθ⁹
993 3154 1242 3225 ἡμέραν.

530 3317 602 3367 α’.
615 3311 689 3365 Ού
710 3309 906 3382 μικρὸν
921 3308 1188 3362 καὶτοῦτο
1207 3309 1428 3379 ἀγαθὸν,
1446 3312 1508 3364 τὸ
1519 3311 1816 3383 λαμϐάνειν
1837 3313 2031 3386 αἴσθη-

468 3422 549 3458 σιν
581 3403 682 3473 τῆς
717 3401 812 3455 τοῦ
844 3399 980 3454 Θεοῦ
1017 3399 1210 3472 λήθης.
1255 3401 1440 3472 Λήθην
1473 3402 1530 3456 δὲ
1573 3404 1648 3474 μὴ
1677 3403 1848 3469 πάθος
1891 3401 2030 3460 εἶναι

462 3491 674 3565 νόμιζε,
716 3492 853 3547 ἀλλά
891 3490 991 3562 τὴν
1035 3492 1440 3561 ἐγκατάλειψιν.
1475 3493 1666 3548 Πολλοὶ
1705 3495 1832 3564 γοῦν
1875 3496 2034 3551 τοῦτο

464 3584 747 3648 παθόντες,
781 3584 904 3637 οὐδὲ
936 3582 1068 3636 αὐτὸ
1097 3583 1255 3637 τοῦτο
1301 3584 1502 3647 ῐσασιν,
1544 3586 1666 3639 οὐδέ
1712 3586 1994 3659 ὀδύρονται
2015 3605 2030 3620 ⁸

462 3670 617 3740 οὗτος
649 3676 706 3730 δέ
731 3676 760 3728 6
783 3674 1051 3748 μακάριος
1083 3676 1144 3728 06
1172 3675 1329 3745 μόνον
1358 3675 1489 3730 αὐτὸ
1504 3677 1644 3748 ᾔδει,
1661 3678 1800 3733 ἀλλά
1825 3681 2035 3734 καὶτὸν

463 3769 655 3839 χρόνον
686 3765 1043 3835 ἀνελογίζετο.
1079 3766 1153 3820 Τὸ
1177 3766 1306 3836 γάρ,
1352 3768 1500 3835 Ἕως
1523 3772 1688 3833 πότε,
1727 3771 2035 3837 δεικνύντος

469 3858 582 3916 ἐστὶ
611 3857 818 3929 μακρὸν
846 3858 976 3911 ὄντα
1001 3858 1094 3912 τὸν
1125 3859 1314 3929 χρόνον
1334 3876 1346 3890 ·
1373 3859 1461 3914 διά
1482 3860 1640 3914 τοῦτο
1667 3863 1760 3915 καὶ
1788 3862 2035 3933 ὀδύρεται

465 3947 559 4000 καὶ
587 3945 792 4019 θρηνεῖ.
829 3947 900 4000 Σὺ
930 3946 986 4000 δέ
1023 3965 1111 4018 μοι
1143 3948 1334 4001 σκόπει
1367 3949 1484 4013 πῶς
1509 3949 1746 4021 οὐδαμοῦ
1781 3951 2035 4022 βιωτικοῦ

464 4055 610 4102 τινος
640 4038 829 4091 ’ἐνεκεν
864 4038 1040 4107 ἀλγεῖ,
1088 4040 1184 4110 οὐχ
1222 4039 1360 4111 ὑπὲρ
1393 4042 1712 4112 χρημάτων,
1761 4043 1860 4114 οὐχ
1897 4044 2037 4116 ὑπὲρ

465 4126 644 4200 δόξης,
680 4130 792 4183 ἀλλ’
825 4131 965 4202 ὑπὲρ
1007 4132 1106 4201 τῆς
1134 4132 1346 4196 εὐνοίας
1375 4134 1672 4204 πανταχοῦ.
1707 4137 1817 4189 Καὶ
1848 4137 2036 4201 πόθεν,

467 4221 653 4290 φησὶν.
704 4219 844 4288 ἔγνω
881 4221 961 4274 ὅτι
995 4221 1286 4275 ἐπελάθετο
1331 4223 1497 4276 αὑτοῦ
1536 4226 1564 4277 6
1609 4224 1781 4292 Θεός;
1823 4227 2038 4300 Ἐπειδὴ

467 4315 586 4386 ⁴ᾔδει
619 4317 712 4369 καὶ
741 4313 869 4368 πότε
901 4312 1198 4384 ἐμέμνητο,
1223 4315 1316 4367 καὶ
1349 4315 1533 4384 σαφῶς
1562 4317 1827 4385 ήπίστατο
1856 4319 1908 4372 τί
1941 4320 2039 4388 μὲν

469 4407 632 4478 λήθη,
657 4406 788 4460 τίδὲ
809 4407 997 4477 μνήμη
1019 4421 1033 4435 '
1063 4406 1124 4458 οὐ
1147 4405 1397 4476 καθάπερ
1418 4409 1465 4460 οί
1497 4407 1680 4460 πολλοὶ
1699 4409 1806 4462 τῶν
1838 4410 2042 4482 ἀνθρώ-

469 4515 588 4552 πων
615 4498 742 4552 ὃταν
767 4497 1092 4562 πλουτῶσιν,
1125 4499 1254 4553 ὅταν
1276 4499 1604 4568 εὐδοκιμῶσι
1634 4501 1786 4573 παρὰ
1806 4504 1919 4564 τοῖς
1949 4502 2043 4555 ἀν-

472 4585 729 4660 θρώποις,
759 4588 888 4640 ὅταν
930 4588 1115 4652 αὐτοῖς
1161 4589 1304 4642 κατά
1353 4588 1480 4661 ῥοῦν
1521 4589 1737 4645 ἅπαντα
1786 4592 2044 4662 φέρηται,

471 4681 601 4734 ὅταν
630 4678 738 4733 τῶν
763 4679 972 4751 ἐχθρῶν
993 4680 1260 4753 κρατῶσι,
1289 4682 1410 4735 τότε
1431 4681 1708 4754 νομίζουσι
1735 4685 2044 4756 μεμνῆσθαι

470 4771 651 4826 αὐτῶν
682 4772 771 4826 τὸν
802 4772 967 4826 Θεόν·
1011 4773 1099 4827 διά
1135 4773 1293 4828 τοῦτο
1334 4773 1458 4828 οὔτε
1505 4775 1637 4829 πότε
1681 4774 1833 4848 [124]
1866 4778 2046 4832 αὐτῶν

473 4863 890 4920 ἐπιλανθάνεται
921 4865 1118 4920 ἴσασιν.
1151 4867 1212 4918 Οί
1240 4865 1350 4938 γάρ
1376 4867 1474 4937 τῆς
1500 4869 1718 4938 μνήμης
1738 4867 1799 4921 τὸ
1824 4872 2046 4940 σημεῖον

474 4956 577 5011 οὐκ
609 4957 829 5022 ειδότες,
851 4957 971 5010 ούδὲ
999 4957 1061 5011 τὸ
1090 4958 1191 5028 τῆς
1207 4957 1378 5029 λήθης
1408 4957 1745 5013 ἐπίστανται.
1767 4959 1830 5013 Et
1851 4959 1960 5032 γὰρ
1979 4959 2050 5014 τά

473 5050 577 5120 τῆς
609 5049 792 5120 φιλίας
845 5049 1087 5120 σύμϐολα
1133 5050 1231 5102 οὐκ
1279 5048 1619 5112 ἐπίστανται,
1667 5051 1788 5104 οὐδὲ
1840 5051 1908 5104 τά
1948 5053 2048 5123 τῆς

476 5140 677 5212 ἔχθρας
713 5139 1056 5209 γινώσκουσι.
1091 5139 1308 5194 Πολλῶν
1333 5140 1442 5213 γάρ
1473 5141 1582 5196 τῶν
1613 5141 1786 5196 ταῦτα
1817 5143 2050 5213 ἐχόντων

475 5229 890 5286 ἐπιλανθάνεται
927 5232 955 5284 6
982 5229 1133 5295 Θεὸς,
1181 5231 1275 5284 καὶ
1307 5231 1542 5301 μάλιστα
1563 5233 1766 5288 τούτων
1786 5251 1800 5265 ·
1833 5233 1942 5288 τῶν
1992 5235 2049 5288 δὲ

541 5394 571 5425 ⁸
596 5393 1085 5457 Ηωοίίηιειῖρτείαῑιο
1095 5394 1539 5456 estSymmachLut
1559 5395 1726 5444 videas
1743 5397 1794 5444 in
1812 5394 2052 5457 Hexaplis

477 5458 677 5520 nostris,
704 5456 824 5520 Ibid.
850 5456 1136 5520 “1104,1515
1164 5458 1308 5512 νῖκος.
1347 5457 1460 5505 Haec
1494 5463 1573 5506 est
1589 5457 1938 5520 Theodolionis
1962 5456 2054 5507 'le-

480 5518 599 5578 cllo,
622 5517 734 5579 qua
758 5519 809 5566 in
853 5519 990 5579 prius
1015 5517 1162 5567 editis
1190 5531 1448 5580 perperam
1473 5522 1628 5582 posita
1666 5519 1825 5568 fuerat
1845 5527 1955 5580 post.
1975 5521 2053 5582 τέ-

481 5577 604 5642 λεονο
641 5577 757 5641 ham
799 5577 1001 5655 reeplcit
1051 5577 1222 5643 vocem
1258 5577 1486 5655 ﬁrimam'
1515 5594 1802 5643 Hebraicam
1846 5577 2051 5660 hyzn‘).

483 5671 790 5731 ΜοιἋλλος.
806 5675 1116 5740 ξΕκὶανθὰνῃ.
1131 5683 1210 5740 εει
1229 5680 1575 5740 interpretatio
1592 5677 1886 5739 Symmachi.
1906 5676 2055 5740 P_aulo

483 5743 597 5846 ml
627 5749 714 5797 pro
736 5738 956 5848 κρύπτεις
974 5738 1165 5800 Aquila,
1179 5738 1496 5814 Symmaiehus
1513 5738 1846 5814 et'l‘heodogio
1864 5738 2054 5810 κρύψεις

583 5805 687 5848 em.
709 5798 768 5848 In
791 5811 842 5848 ra
859 5815 1100 5848 αεοιιιναν.
1115 5802 1350 5848 ειτηὶιαιο
1379 5808 1642 5848 mlernrel.
1661 5805 1740 5848 est
1759 5801 2052 5848 Symmachi.

583 5805 687 5848 em.
709 5798 842 5850 Infra
859 5798 1100 5865 μέριμναν.
1115 5798 1350 5854 εισ..Ιιεσ
1379 5805 1642 5864 interpret.
1661 5805 1740 5852 est
1759 5798 2052 5864 Symmachi.

1168 372 1225 429 S.
1265 369 1546 429 JOANNIS
1583 366 2062 428 CHRYSOSTOMI
2095 365 2409 424 ARCIIIEP.
2445 364 2984 426 CONSTAN'IINOP.

3586 364 3695 421 ιιςσ

2121 483 2179 538 ἐν
2206 486 2318 547 τοῖς
2341 485 2602 550 ἐναντίοις
2648 485 2815 540 ὄντων
2843 485 3109 557 μέμνηται
3140 478 3419 545 πολλάκις.
3453 482 3692 553 Μνήμην

2116 575 2226 648 γάρ
2247 577 2400 630 οὐδὲν
2431 575 2573 630 οὕτω
2603 581 2747 631 ποιεῖ
2768 577 2917 650 παρά
2945 575 3022 648 τῷ
3053 574 3192 646 Θεῷ,
3228 576 3304 639 ὼς
3329 575 3391 628 τὸ
3415 573 3618 642 ἀγαθόν
3635 592 3692 628 τι

2117 671 2314 732 ποιεῖν,
2342 669 2402 722 τὸ
2433 669 2644 739 νήφειν,
2679 668 2739 721 τὸ
2771 668 3147 740 ἐγρηγορέναι,
3176 668 3235 720 τὸ
3265 667 3464 739 ἀρετῆς
3497 669 3692 738 ἐπιμε-

2116 761 2360 816 λεῖσθαισ
2410 760 2599 830 ὥσπερ
2644 757 2737 813 οὖν
2772 760 2942 832 λήθην
2988 759 3138 813 οὐδὲν
3169 759 3372 830 ἕτερον,
3422 758 3498 821 ὡς
3527 756 3589 810 τὺ
3633 759 3693 809 ἐν

2120 851 2426 922 ἁμαρτίαις
2451 848 2590 906 εἶναι
2631 851 2724 904 καὶ
2769 849 3098 916 πλεονεξίαις
3139 849 3231 903 καὶ
3252 851 3547 918 ἁρπαγαῖς.
3579 842 3692 901 Καὶ

2121 943 2184 995 σὺ
2213 941 2410 1006 τοίνυν,
2441 941 2710 1014 ἀγαπητὰ
2743 943 2871 996 ὅταν
2899 943 2956 994 ἐν
2980 944 3282 1012 συμφοραῖς
3309 937 3396 1016 ᾗς,
3435 939 3509 1012 μὴ
3541 939 3691 1008 λέγε,

2119 1035 2201 1088 ὅτι
2223 1033 2548 1087 Ἐπελάθετό
2575 1051 2676 1106 μου
2698 1035 2726 1086 6
2741 1033 2872 1097 Θεός
2892 1051 2906 1067 ·
2925 1032 3040 1087 ἀλλ’
3060 1033 3187 1086 ὅταν
3216 1033 3273 1086 ἐν
3292 1032 3586 1102 ἁμαρτίαις
3601 1027 3690 1105 ᾗς,

2120 1126 2211 1178 καὶ
2242 1126 2416 1178 πάντα
2451 1143 2532 1178 σοι
2567 1124 2708 1178 κατά
2740 1125 2866 1195 ῥοῦν
2899 1125 3150 1195 φέρηται.
3185 1125 3283 1176 Ἂν
3306 1122 3414 1194 γάρ
3448 1122 3604 1176 τοῦτο
3624 1119 3693 1197 ᾖς

2118 1215 2289 1279 εἰδὼς.
2339 1217 2550 1287 ταχέως
2593 1217 2876 1289 ἀποστήσῃ
2902 1215 3010 1268 τῶν
3040 1213 3292 1286 πονηρῶν
3327 1214 3689 1285 πραγμάτων.

2120 1307 2260 1372 Ἕως
2313 1309 2461 1361 πότε
2499 1308 2898 1376 ἀποστρέφεις
2943 1307 3010 1360 τὸ
3056 1306 3383 1374 πρόσωπόν
3427 1323 3544 1359 σου
3588 1303 3694 1359 ἀπ’

2117 1397 2262 1466 ἐμοῦ
2285 1413 2304 1462 ;
2325 1397 2497 1451 Τοῦτο
2517 1399 2878 1468 ἐπιτεταμένη
2897 1398 3055 1469 λήθη,
3093 1398 3222 1451 ’Λπὸ
3236 1398 3342 1467 γάρ
3362 1397 3469 1449 τῶν
3491 1395 3696 1468 ἀνθρωο

2120 1486 2292 1540 πίνων
2320 1486 2611 1559 σχημάτων
2635 1488 2728 1540 τοῦ
2749 1488 2880 1542 Θεοῦ
2903 1489 3000 1551 τάς
3029 1488 3306 1559 ἐνεργείας
3325 1487 3581 1550 δείκνυσι,
3597 1487 3693 1540 καὶ

2118 1579 2216 1650 τὴν
2244 1579 2409 1652 ὀργὴν
2426 1579 2588 1633 αὑτοῦ
2616 1580 2709 1632 καὶ
2730 1579 2827 1651 τὴν
2849 1580 3068 1634 κόλασιν
3083 1577 3500 1652 χαρακτηρίζει.
3531 1578 3692 1631 Ἀπο-

2123 1671 2342 1743 στρέφει
2374 1672 2430 1726 δὲ
2466 1672 2627 1726 πάλιν
2659 1674 2687 1726 6
2733 1673 2864 1737 Θεὸς
2907 1673 2966 1726 τὸ
2999 1673 3289 1744 πρόσωπον
3334 1670 3522 1734 αὑτοῦ,
3564 1672 3695 1725 ὅταν

2120 1760 2315 1826 ἀνάξια
2348 1763 2677 1836 πράττωμεν
2724 1762 2833 1816 τῶν
2865 1762 3254 1833 ἐπιταγμάτων
3291 1759 3476 1816 αὑτοῦ.
3505 1761 3695 1814 Ὅταν

2120 1854 2230 1922 γὰρ
2244 1855 2567 1923 ἐκτείνητε,
2590 1855 2741 1927 φησὶ,
2763 1855 2869 1920 τὰς
2896 1853 3097 1923 χεῖρας
3119 1852 3305 1924 ὑμῶν,
3334 1852 3696 1921 ἀποστρέψαι

2121 1948 2262 2012 τοὺς
2287 1948 2634 2016 ὀφθαλμούς
2655 1965 2772 2016 μου
2817 1946 2916 2015 ἀφ’
2951 1946 3136 2016 ὑμῶν.
3172 1940 3304 1998 Εἶτα
3328 1945 3421 1999 καὶ
3451 1945 3484 2013 ἡ
3521 1944 3690 1998 αίτία.

2121 2041 2192 2094 At
2225 2038 2336 2108 γὰρ
2377 2037 2569 2106 χεῖρες
2614 2036 2778 2107 ὑμῶν
2802 2037 3052 2105 αἵματος
3082 2035 3351 2104 πλήρεις.
3397 2033 3556 2088 Ἀλλά
3597 2035 3694 2086 καὶ

2121 2129 2278 2184 τοῦτο
2311 2129 2473 2182 πάλιν
2501 2127 2826 2199 κηδεμονίας
2853 2129 3073 2199 πολλῆς,
3103 2127 3196 2181 καὶ
3223 2128 3256 2197 ή
3286 2124 3689 2194 ἐγκατάλειψις,

2122 2223 2214 2278 καλ⁵
2253 2224 2285 2294 ή
2311 2219 2627 2293 ἀποστροφὴ
2655 2219 2747 2273 τοῦ
2782 2219 3071 2291 προσώπου
3089 2236 3102 2250 ·
3131 2219 3275 2272 ποιεῖ
3317 2217 3374 2271 δὲ
3405 2216 3580 2282 τοῦτο,
3606 2217 3694 2269 ἵνα

2125 2316 2480 2388 σφοδρότερον
2525 2316 2670 2387 ἡμᾶς
2709 2314 3099 2386 ἐπισπάσηται.
3147 2314 3300 2366 Ἐπεὶ
3330 2313 3423 2366 καὶ
3458 2310 3696 2382 ἐραστὴς

2127 2407 2354 2478 μανικὸς
2386 2406 2478 2460 τὸν
2506 2406 2781 2478 ἐρώμενον
2810 2407 3160 2478 ὑπερορῶντα
3182 2405 3373 2476 ἀφίησι
3405 2405 3498 2458 καὶ
3526 2404 3693 2472 ἐγκα-

2123 2482 2470 2568 ταλιμπάνει,
2497 2496 2596 2548 οὐκ
2631 2495 2904 2549 ἐκϐάλλων
2933 2495 3098 2548 αὑτὸν
3124 2497 3224 2566 τῆς
3256 2494 3517 2559 διανοίας,
3557 2491 3698 2546 ἀλλά

2127 2587 2451 2659 ἐπιστρέψαι
2483 2586 2643 2639 αὐτὸν
2687 2585 3026 2657 βουλόμενος,
3071 2586 3164 2639 καί⁵
3209 2583 3387 2654 ἐαυτῷ
3436 2581 3693 2652 συνάψαι.

2126 2678 2311 2733 Εἰπὼν
2335 2678 2391 2731 δέ
2424 2676 2522 2748 τὴν
2548 2677 2916 2748 ἀποστροφὴν,
2953 2676 3100 2745 λέγει
3141 2676 3235 2729 καί.
3257 2673 3354 2745 τὴν
3382 2675 3571 2744 λήθην,
3601 2671 3698 2724 καὶ

2125 2771 2194 2826 τά
2241 2771 2300 2834 ἐξ
2351 2769 2520 2839 αὐτῆς
2563 2766 2711 2837 αὕτῷ
2745 2767 3174 2839 προσγενόμενα.
3227 2765 3362 2820 Τίνα
3410 2765 3473 2834 δὴ
3520 2763 3695 2817 ταῦτά

2129 2863 2306 2928 ἐστινς
2344 2861 2411 2912 Ἀ
2436 2859 2630 2927 ἐπάγει
2653 2857 2825 2926 λέγων
2845 2873 2860 2888 ο
2897 2859 3052 2923 Ἕως
3072 2859 3236 2923 τίνος
3262 2856 3520 2925 θήσομαι
3546 2854 3694 2919 βου-

2127 2952 2241 3019 λὰς
2279 2951 2349 3004 ὲν
2379 2948 2552 3019 ψυχῇ
2579 2963 2729 3019 pou;
2763 2948 2972 3018 ’Ὥσπερ
2994 2948 3101 3020 γὰρ
3133 2949 3160 3000 6
3187 2946 3281 3000 τοῦ
3304 2946 3521 3017 λιμένος
3552 2944 3698 3010 ἐξελ-

2131 3044 2238 3100 θὼν
2267 3039 2543 3112 πανταχοῦ
2571 3039 2857 3103 πλανᾶται,
2885 3038 2979 3092 καὶ
3009 3040 3036 3092 6
3062 3037 3155 3091 τοῦ
3189 3036 3363 3108 φωτὸς
3390 3038 3698 3106 ἀποστερηο

2132 3136 2245 3200 θεὶς
2277 3132 2491 3195 πολλοῖς
2529 3131 2888 3202 προσπταίει’
2926 3128 3068 3182 οὓτω
3095 3128 3160 3198 δὴ
3197 3129 3293 3182 καὶ
3321 3129 3349 3181 6
3396 3128 3476 3190 είς
3524 3125 3698 3195 λήθην

2133 3226 2386 3299 ἐμπεσὼν
2437 3222 2530 3277 τοῦ
2573 3221 2730 3287 Θεοῦ,
2779 3219 3043 3293 φροντίσι,
3096 3218 3191 3271 καὶ¹
3235 3217 3543 3288 μερίμναις,
3604 3218 3701 3272 καὶ

2130 3317 2343 3380 ὀδύναις
2379 3314 2643 3368 ἐκδίδοται
2676 3309 2961 3382 διηνεκῶς.
2997 3309 3073 3362 υύ
3106 3307 3298 3379 μικρὸν
3325 3309 3381 3362 δέ
3422 3307 3702 3363 καὶτοῦτο

2132 3413 2212 3474 είς
2232 3409 2294 3462 τὺ
2315 3407 2406 3461 τὶν
2429 3406 2559 3459 Θεὸν
2577 3403 2901 3475 ἐπιστρέψαι
2929 3401 3066 3474 πρὸς
3087 3401 3297 3466 ἑαυτὸν,
3323 3400 3382 3453 τὸ
3410 3419 3473 3472 με
3484 3418 3532 3472 ρι
3541 3403 3699 3473 μνᾷν.

2132 3497 2192 3550 τδ
2209 3513 2374 3567 φροντ
2384 3491 2601 3558 ίζειν,τὺ
2615 3489 2902 3561 τήκεσθαι,
2915 3489 2974 3542 τὸ
2987 3488 3289 3549 ὀδυνᾶσθαι,
3303 3489 3363 3542 τὸ
3375 3489 3529 3556 λόγον
3542 3491 3704 3542 ποιεῖ-

2135 3586 2258 3639 σθαι
2278 3582 2444 3639 αὑτοῦ
2458 3582 2555 3653 τῆς
2573 3579 2943 3652 ἀποστροφῆς.
2973 3580 3037 3630 '0
3058 3577 3152 3631 καὶ
3171 3578 3379 3643 Παῦλος
3398 3577 3706 3649 Κορινθίοις

2133 3675 2360 3746 γράφων
2382 3689 2448 3726 πε
2455 3672 2510 3744 ρὶ
2525 3669 2717 3724 ἐαυτοῦ
2732 3685 2884 3740 φησιο
2906 3668 3013 3722 Καὶ
3033 3670 3123 3732 τίς
3137 3667 3306 3722 ἐστιν
3322 3670 3355 3721 ὁ
3368 3668 3706 3736 εὐφραίνων

2127 3782 2224 3836 με,
2263 3766 2314 3819 εὶ
2346 3763 2430 3832 μὴ
2459 3765 2493 3817 ὁ
2527 3762 2906 3830 λυπούμενος
2938 3757 3006 3822 ἐξ
3044 3758 3228 3827 ἐμοῦ;
3260 3757 3334 3810 Ού
3369 3758 3562 3828 μικρὸν
3593 3756 3704 3828 γὰρ

2133 3855 2312 3922 τοῦτο,
2347 3851 2616 3922 ἀγαπητὴ
2653 3850 2863 3922 κέρδος,
2918 3847 2980 3900 τὸ
3031 3846 3379 3901 αἰσθάνεσθαι
3422 3848 3520 3917 τῆς
3567 3847 3706 3900 ἀποι-

2138 3944 2373 4018 στροφῆς
2414 3941 2508 3996 τοῦ
2553 3939 2717 4002 Θεοῦ,
2762 3939 2827 3992 τὸ
2853 3939 3070 4007 ἀλγεῖν,
3117 3937 3178 3990 τὸ
3209 3935 3513 3990 ὀδυνᾶσθαι.
3546 3935 3705 3990 Οὖτω

2135 4055 2244 4126 γὰρ
2288 4053 2448 4107 αὐτὸν
2491 4051 2700 4123 ταχέως
2749 4053 2888 4122 πρὸς
2927 4052 3072 4121 ἡμᾶς
3115 4046 3707 4118 ἐπιστρέψομεν.Ἕως

2137 4147 2282 4200 πότε
2306 4141 2689 4213 ὑψωθήσεται
2717 4145 2749 4196 ό
2779 4141 2991 4210 ἐχθρός
3016 4157 3130 4210 μου
3153 4139 3243 4192 ἐπ’
3265 4138 3402 4207 ἐμέ;
3438 4139 3708 4192 Ἐπίόλε-

2137 4241 2280 4306 ψον,
2298 4233 2665 4289 είσὰκουσόν
2681 4249 2824 4301 μου,
2856 4232 3030 4299 Κύριε
3057 4233 3089 4284 ό
3113 4231 3254 4294 Θεός
3270 4247 3410 4298 μου.
3441 4226 3709 4282 Φὼτισον

2140 4327 2280 4393 τοὺς
2304 4324 2647 4394 ὀφθαλμούς
2663 4340 2803 4391 μου,
2827 4319 2911 4390 μή
2963 4336 3105 4373 ποτε
3134 4319 3391 4374 ὐπνώσω
3425 4321 3511 4384 είς
3539 4317 3710 4372 θάνα-

2142 4435 2268 4473 τον.
2297 4416 2507 4486 ’Ὠσπερ
2547 4413 2653 4484 γάρ
2697 4411 3053 4481 ἀντεχομένου
3108 4409 3200 4463 τοῦ
3235 4408 3404 4476 Θεοῦ,
3449 4411 3543 4463 καὶ
3590 4409 3712 4479 μεθ’

2143 4508 2297 4581 ἡμῶν
2331 4507 2504 4569 δντος,
2532 4506 2600 4558 τά
2624 4504 2896 4558 λυποῦντα
2928 4501 3169 4556 ἐκποδὼν
3221 4502 3435 4556 ἅπαντα
3461 4501 3666 4571 γίνεται
3691 4518 3707 4533 ο

2144 4603 2314 4665 οὓτως
2338 4598 2670 4660 ἀποστάντος
2695 4597 2790 4650 καὶ
2811 4594 3225 4664 ἐπιλαϐομένου,
3249 4595 3342 4647 καὶ
3366 4593 3512 4664 ψυχὴ
3533 4593 3714 4649 διακό.

2145 4711 2358 4756 πτεται,
2389 4691 2479 4746 καὶ
2501 4689 2695 4760 καρδία
2717 4687 2989 4752 όδυνᾶται,
3024 4685 3117 4740 καὶ
3143 4686 3193 4738 οἱ
3217 4685 3514 4748 λυποῦντες
3541 4687 3711 4757 ἐπεμ-

2148 4787 2411 4844 ϐαίνουσι,
2442 4783 2537 4837 καὶ
2566 4780 2744 4834 πάντα
2780 4777 3014 4850 κρημνοὶ
3058 4777 3154 4832 καὶ
3184 4777 3456 4833 σκόπελοι.
3489 4778 3710 4846 Συγχω-

2151 4880 2324 4949 ρεῖται
2348 4876 2406 4928 δὲ
2434 4872 2607 4927 ταῦτα
2636 4869 3050 4940 συμφερόντως,
3089 4868 3230 4922 ὥστε
3257 4867 3346 4922 διὰ
3375 4869 3590 4922 πάντων
3622 4867 3715 4920 δα-

2147 4971 2441 5041 κνομένους
2468 4967 2594 5028 τοὺς
2623 4961 3022 5035 ῥᾳθυμοτέρως
3045 4961 3456 5031 σπουδαιότερον
3485 4959 3716 5013 ἐπανελο

2149 5065 2281 5127 θεῖν,
2303 5061 2422 5116 ὅθεν
2452 5056 2602 5130 [125]
2632 5055 2908 5122 ἐξέπεσον.
2928 5053 3246 5108 Παιδεύσει
3271 5052 3382 5122 γάρ
3409 5069 3501 5116 σε,
3529 5051 3718 5122 φησὶν,

2147 5153 2188 5222 ἡ
2216 5150 2562 5208 ἀποστασία
2610 5163 2726 5202 σου
2744 5185 2761 5210 ,
2796 5145 2896 5200 καί
2939 5145 2978 5213 ἡ
3008 5144 3190 5200 κακία
3215 5158 3331 5197 σου
3359 5140 3590 5210 ἐλέγξει
3619 5157 3710 5195 σε.

2153 5244 2314 5296 ’Ὥστε
2357 5240 2452 5293 καὶ
2483 5239 2518 5309 ή
2553 5234 2936 5303 ἐγκατάλειψις
2968 5232 3062 5285 τοῦ
3100 5231 3235 5284 Θεοῦ
3285 5228 3538 5302 προνοίας
3581 5222 3720 5292 εἶδός

2151 5333 2320 5384 ἐστιν.
2339 5328 2506 5382 Ὅταν
2537 5325 2644 5396 γὰρ
2679 5321 2920 5395 προνοῶν
2946 5322 3038 5374 καὶ
3063 5320 3354 5390 κηδόμενος
3383 5315 3722 5387 καταφρονῆ-

2149 5435 2262 5481 ται,
2291 5414 2482 5485 ἀφίησι
2510 5412 2705 5484 μικρὸν
2731 5411 2824 5464 καὶ
2856 5407 3339 5478 ἐγκαταλιμπάνει,
3367 5406 3452 5458 ἵνα
3479 5403 3596 5455 τότε
3622 5399 3721 5470 τῆς

2155 5503 2425 5578 ῥᾳθυμίας
2462 5499 2850 5571 ἐκϐληθείσης,
2906 5493 3306 5563 σπουδαιότεροι
3364 5491 3417 5578 οί
3469 5488 3721 5578 όλίγωροι

2153 5572 2435 5660 γένωνται.
2483 5585 2818 5656 Ἐπίϐλεψον,
2868 5583 3052 5654 φησὶν,
3090 5579 3166 5633 ἴδε
3218 5579 3306 5632 τὸν
3335 5576 3526 5648 ἐχθρὸν
3554 5572 3721 5644 ὑψού-

2155 5716 2315 5772 μενον
2347 5698 2432 5752 ἐπ’
2471 5697 2572 5768 ὲμέ
2591 5712 2604 5725 ·
2640 5695 2733 5749 καὶ
2759 5695 2808 5746 εί
2838 5692 2912 5764 μὴ
2929 5690 3015 5744 διά
3033 5690 3130 5760 τὴν
3162 5687 3302 5759 ἐμὴν
3318 5683 3725 5757 ταλαιπωρίαν,

2158 5787 2293 5843 ἀλλά
2337 5787 2427 5842 διά
2469 5786 2566 5854 τὴν
2599 5783 2804 5839 ἐκείνου
2847 5777 3161 5844 ἀλαζονείαν
3207 5775 3304 5829 καὶ
3336 5774 3591 5830 ἀπόνοιαν
3620 5774 3733 5826 εἰσ-
