4140 6356
370 390 479 446 ιω.

367 516 511 562 ctum
538 498 763 557 circuire
797 492 1037 549 videntes
1058 532 1072 555 ,
1104 505 1170 543 ne
1199 501 1261 542 ea
1299 484 1508 556 quidem
1538 500 1656 555 quae
1693 488 1817 536 sunt
1860 494 1950 534 su-

369 607 695 668 pervacanea
721 588 1055 651 dimittimus,
1075 582 1236 639 sedin
1255 594 1459 637 summa
1485 592 1662 634 rerum
1683 572 1953 630 afﬂuentia

367 690 637 750 viventes,
685 689 895 737 sanctos
939 675 1278 746 despicimus.
1306 669 1471 727 Terra
1507 680 1691 723 rursus
1731 664 1818 720 alii
1861 662 1955 718 Dei

368 781 542 835 amico
570 783 713 831 tanta
743 773 881 827 dona
900 784 968 825 ex
992 783 1090 823 suo
1118 764 1236 820 sinu
1265 760 1505 834 protulit,
1533 768 1588 814 et
1617 766 1814 812 tantam
1844 752 1954 808 fer-

369 871 637 934 tilitatem,
664 870 915 936 quantam
946 871 1233 926 numquam
1277 863 1432 909 antea
1460 848 1601 924 (Job.
1629 848 1717 903 42.
1752 847 1861 916 10).
1890 846 1959 900 Et

368 960 496 1034 qttid
540 956 750 1013 miraris
774 995 788 1019 ,
822 954 866 1007 si
905 950 1001 1020 ipsi
1032 957 1184 1003 erant
1212 941 1543 999 venerabiles
1566 982 1581 1006 ,
1611 954 1733 995 cum
1781 944 1958 991 vestes

370 1067 576 1119 eorum,
606 1057 664 1105 et
684 1047 886 1102 umbrae
909 1039 1261 1103 dmmouibus,
1292 1034 1448 1090 morti
1474 1042 1529 1086 et
1554 1030 1753 1085 morbis
1778 1035 1958 1083 essent

369 1141 735 1205 formidabiles
763 1137 919 1209 (Act.
948 1135 1037 1190 19.
1072 1133 1160 1188 ll.
1194 1129 1282 1186 12.
1311 1136 1367 1184 et
1406 1126 1460 1181 5.
1495 1124 1617 1194 i5)?
1657 1120 1956 1190 Quinetiam

375 1236 544 1308 angeli
569 1247 782 1306 quoque
827 1226 1038 1284 reveriti
1068 1231 1213 1289 sunt,
1242 1229 1298 1276 et
1322 1216 1601 1288 insigniter
1630 1214 1961 1269 honorarunt

371 1305 617 1385 homines
648 1323 803 1395 (Gen.
835 1321 923 1377 18.
955 1320 1006 1375 5.
1037 1326 1083 1371 et
1110 1316 1197 1372 19.
1227 1315 1303 1385 5).
1344 1310 1538 1379 Quidni
1566 1309 1705 1362 enim
1732 1305 1961 1359 honora-

371 1428 513 1485 rent,
541 1392 677 1488 quos
705 1416 819 1484 ipse
847 1410 1102 1467 Dominus
1127 1402 1423 1460 honorabat
1452 1398 1471 1471 (
1496 1398 1666 1453 Exod.
1698 1397 1785 1451 M.
1818 1394 1910 1461 t9)
1936 1392 1960 1447 ?

371 1506 487 1567 Hoc
522 1486 700 1564 autem
731 1504 896 1560 videri
927 1508 1103 1573 potest
1138 1506 1192 1553 et
1218 1495 1270 1551 iu
1313 1492 1461 1549 Novo
1486 1499 1540 1545 et
1566 1490 1619 1544 in
1646 1487 1826 1545 Veteri
1853 1486 1960 1542 Te-

372 1609 639 1658 stamento
660 1595 803 1666 (Jud.
831 1594 886 1649 2.
920 1594 971 1648 1.
996 1590 1159 1645 Marc.
1187 1586 1274 1642 16.
1303 1586 1358 1642 5.
1380 1584 1492 1639 Act.
1513 1583 1568 1638 8.
1597 1580 1687 1636 26.
1716 1588 1762 1633 et
1793 1577 1875 1634 l0.
1904 1578 1958 1630 3.

372 1705 420 1751 et
448 1693 533 1750 1‘2.
562 1693 594 1747 7
618 1692 657 1761 ).
702 1690 767 1744 Et
811 1686 930 1741 ideo
962 1682 1091 1739 dicit
1119 1699 1132 1734 :
1162 1676 1454 1736 Secundum
1480 1673 1796 1728 altitudinem
1826 1679 1964 1723 tuam

374 1781 722 1855 nultiplicasti
751 1780 883 1850 ﬁlios
913 1779 1190 1831 hominum.
1218 1771 1352 1826 Cum
1380 1784 1507 1837 ergo
1536 1762 1962 1822 considerat-eri-

375 1898 496 1940 mus
521 1877 739 1937 honoris
764 1871 1201 1946 magnitudinem,
1220 1880 1377 1938 quam
1405 1879 1499 1935 par
1523 1869 1605 1917 est
1632 1858 1966 1929 praebeamus

376 1990 478 2047 pro
526 1989 590 2029 ea
636 1967 1153 2027 remunerationem,
1201 1976 1269 2015 ne
1321 1958 1473 2013 nobis
1527 1954 1739 2008 habitus
1794 1949 1965 2005 honor

379 2043 601 2137 insignis
647 2062 719 2118 sit
760 2059 914 2115 nobis
960 2055 1209 2112 viaticum
1265 2049 1426 2105 futuri
1471 2043 1715 2116 supplicii
1746 2060 1759 2097 :
1788 2056 1818 2095 a
1860 2054 1967 2124 quo

380 2117 580 2214 utian
608 2155 683 2228 (a)
717 2152 1004 2208 liberemur
1039 2158 1227 2202 omnes
1270 2150 1325 2198 et
1351 2140 1440 2211 qui
1479 2138 1733 2193 docemus
1775 2134 1875 2188 ista
1912 2117 1969 2186 et

381 2252 473 2322 qui
500 2248 759 2305 discimus
780 2286 796 2312 ,
826 2243 878 2298 in
903 2239 1118 2297 Christo
1153 2235 1281 2292 Jesu
1307 2231 1532 2288 Domino
1576 2234 1777 2291 nostro,
1808 2237 1967 2295 quem

382 2317 539 2397 decet
565 2338 741 2394 omnis
767 2334 958 2407 gloria,
990 2330 1161 2385 honor
1186 2336 1240 2383 et
1268 2322 1507 2379 adoratio
1544 2320 1596 2375 in
1635 2317 1828 2373 saecula
1870 2330 1970 2369 sa:-

383 2435 645 2492 culorum.
677 2430 869 2486 Amen.

696 2558 1050 2620 EXPOSITIO
1090 2552 1156 2611 IN
1196 2546 1516 2611 PSALMUM
1554 2545 1665 2602 XII.

389 2710 439 2764 1.
483 2705 548 2761 1η
571 2704 728 2775 ﬁnem
753 2698 993 2756 Psalmus
1021 2693 1206 2749 David.
1234 2691 1408 2757 Alius,
1443 2686 1550 2744 Pro
1574 2682 1784 2740 victoria
1813 2678 1973 2733 canti-

460 2815 574 2854 cum
598 2795 786 2851 David.
816 2792 990 2857 Alius,
1019 2786 1086 2841 ln
1106 2785 1383 2840 victoriam.

393 2934 658 3003 Usqttequo
679 2972 693 2996 ,
718 2925 936 2982 Domine
954 2963 970 2989 ,
1000 2917 1301 2977 obliviscaris
1343 2932 1422 2969 me
1467 2913 1521 2966 in
1564 2909 1757 2980 ﬁnem?
1785 2906 1935 2963 Alius
1960 2946 1973 2968 ,

468 2996 790 3080 Oblivisceris
840 3032 920 3070 me
962 3012 1179 3085 penitus.
1238 3007 1503 3077 Usquequo
1562 3002 1745 3057 avertis
1801 2996 1979 3069 faciem

464 3131 603 3173 tuam
626 3131 660 3168 a
686 3129 766 3167 me
787 3111 812 3164 ?
837 3108 1007 3172 Alius,
1034 3102 1335 3159 Absconais.

392 3256 449 3312 2.
493 3249 751 3319 Quamdiu
775 3260 963 3316 ponam
988 3238 1200 3296 consilia
1224 3237 1278 3293 in
1306 3235 1478 3288 anima
1500 3247 1610 3285 mea
1626 3230 1651 3282 ?
1673 3228 1841 3291 Alius,
1861 3224 1985 3281 Sta-

467 3356 608 3400 tuam
633 3338 922 3395 sententias.
950 3333 1163 3393 Dolores
1192 3330 1246 3383 in
1291 3329 1442 3380 corde
1482 3339 1591 3377 meo
1634 3336 1724 3391 per
1772 3319 1904 3372 diem
1936 3326 1984 3370 et

467 3444 683 3490 noctem.
709 3429 884 3493 Alius,
918 3420 1325 3482 Sollicitudinem
1350 3416 1402 3469 in
1428 3412 1728 3486 cogitatione
1748 3424 1858 3464 mea
1896 3422 1985 3476 per

471 3527 630 3581 diem.

473 3661 525 3715 1.
563 3656 679 3712 Non
717 3661 800 3708 est
829 3650 929 3705 hoc
965 3659 1185 3718 parvum
1224 3642 1450 3704 bonum,
1482 3634 1681 3691 sentire
1718 3632 1814 3687 Dei
1846 3629 1987 3685 obli-

402 3754 634 3808 vinnem.
682 3743 1012 3802 Oblivionem
1054 3746 1232 3792 autem
1276 3748 1345 3788 ne
1382 3730 1653 3786 existimes
1695 3740 1815 3781 esse
1856 3722 1986 3776 all'e-

403 3855 568 3908 ctum,
596 3838 688 3894 sed
715 3833 1135 3891 derelictionem.
1163 3825 1309 3881 Multi
1334 3831 1479 3878 certe
1502 3820 1693 3891 quibus
1715 3817 1815 3873 hoc
1844 3814 1985 3869 acci-

404 3936 483 3992 dit
504 3936 603 3988 hoc
629 3931 800 4001 ipsum
826 3939 997 3995 neque
1018 3927 1231 3983 norunt,
1258 3930 1428 3986 neque
1446 3913 1644 3968 deflent
1668 3926 1681 3963 :
1702 3909 1789 3962 hic
1810 3915 1987 3960 autem

409 4027 594 4081 batus
640 3996 745 4076 non
797 4016 967 4072 solum
1012 4012 1115 4067 hoc
1156 4014 1411 4071 noverat,
1443 4002 1536 4058 sed
1582 4010 1794 4069 tempus
1828 3996 1991 4050 etiam

408 4119 586 4173 animo
615 4110 911 4183 reputabat.
943 4104 1072 4161 lllud
1112 4102 1258 4158 enim
1295 4097 1595 4166 Usquequo,
1627 4099 1709 4147 est
1752 4090 1869 4158 ejus
1903 4086 1993 4157 qui

409 4223 657 4279 magnum
678 4180 899 4272 vtempus
917 4195 1151 4254 ostendit
1178 4211 1191 4247 :
1222 4201 1276 4247 et
1306 4190 1424 4244 ideo
1449 4186 1609 4242 deflet
1634 4199 1698 4240 ac
1725 4184 1885 4253 luget.
1915 4180 1995 4235 Tu

409 4312 586 4357 autem
609 4296 888 4353 considera
916 4289 1186 4363 quomodo
1209 4285 1276 4340 de
1297 4283 1439 4338 nulla
1471 4296 1528 4335 re
1552 4289 1783 4339 terrena,
1801 4283 1856 4330 et
1878 4288 1998 4343 qua:

420 4395 486 4450 ad
519 4394 657 4449 hanc
694 4390 855 4445 vitam
887 4385 1184 4459 pertineat,
1213 4386 1456 4447 angatur,
1496 4388 1600 4428 non
1624 4371 1694 4427 de
1723 4366 1994 4440 pecuniis,

412 4503 520 4545 non
562 4486 630 4540 de
670 4481 835 4554 gloria
862 4457 998 4545 ,Vsed
1026 4474 1219 4543 ubique
1260 4470 1327 4525 de
1374 4466 1468 4522 Dei
1508 4462 1901 4520 benevolentia.
1935 4457 2002 4511 Et

415 4579 680 4634 undenam
703 4573 866 4638 novit,
894 4568 1119 4639 inquies,
1140 4565 1305 4618 Deum
1325 4574 1444 4615 esse
1464 4556 1543 4611 sui
1570 4551 1832 4610 oblitum?
1857 4549 2002 4616 Quo-

418 4674 559 4727 niam
603 4672 825 4722 noverat
867 4662 1030 4716 etiam
1069 4653 1280 4726 quando
1321 4647 1673 4711 meminerat,
1723 4650 1780 4698 et
1817 4647 2002 4710 aperte

418 4762 620 4819 sciebat
644 4756 770 4828 quid
800 4754 869 4809 sit
892 4749 1107 4813 oblivio,
1133 4744 1257 4816 quid
1283 4738 1539 4797 memoria
1572 4753 1584 4789 :
1618 4750 1724 4790 non
1747 4730 2002 4804 quemad-

420 4853 637 4911 modum
662 4821 852 4918 vulgus
881 4843 1156 4899 hominum
1179 4833 1391 4907 quando
1411 4839 1535 4886 sunt
1562 4827 1776 4889 divites,
1791 4821 2005 4895 quando

420 4944 561 5016 apud
583 4912 827 4997 homines
847 4932 1070 5007 gloriam
1097 4932 1470 4996 assequuntur,
1496 4917 1708 4991 quando
1730 4917 1808 4971 eis
1828 4912 2007 4969 omnia

425 5009 649 5093 feliciter
697 5025 1019 5092 succedunt,
1056 5018 1270 5092 quando
1309 5016 1527 5071 vincunt
1567 5009 1812 5066 inimicos
1836 5047 1852 5072 ,
1884 5014 2010 5059 tunc

425 5132 735 5190 existimant
786 5126 956 5181 Deum
1001 5132 1187 5176 eorum
1228 5111 1577 5174 meminisse;
1635 5112 1692 5161 et
1737 5102 1858 5159 ideo
1910 5115 2011 5156 nec

426 5227 621 5290 sciunt,
639 5218 853 5293 quando
879 5217 1019 5272 Deus
1043 5223 1227 5269 eorum
1256 5205 1616 5265 obliviscatur.
1639 5197 1739 5266 Qui
1766 5194 1910 5250 enim
1937 5193 2011 5249 si-

428 5333 586 5391 gnum
616 5313 887 5371 memoriae
926 5305 1208 5368 nesciunt,
1235 5314 1334 5356 nec
1378 5303 1575 5353 norunt
1601 5293 1759 5348 etiam
1801 5289 2010 5359 signum

431 5381 733 5466 oblivionis.
764 5403 820 5460 Si
846 5401 990 5457 enim
1034 5412 1140 5451 non
1186 5399 1380 5448 norunt
1421 5388 1569 5458 signa
1616 5381 1883 5446 amicitiae,
1914 5391 2015 5433 nec

432 5501 828 5560 inimicitiarum
846 5495 1006 5551 etiam
1027 5491 1176 5561 signa
1204 5492 1416 5541 norunt.
1446 5480 1729 5536 Multorum
1757 5473 1901 5529 enim
1927 5469 2017 5541 qui

1473 368 1829 429 EXI’OSlTlO
1869 366 1932 422 1N
1976 364 2299 422 PSALMUM
2342 365 2457 425 XII.

3544 366 3644 425 (.30

2064 479 2207 533 xime
2236 496 2249 532 :
2281 492 2466 534 eorum
2496 484 2673 532 autem
2704 476 2793 547 qui
2824 475 2875 530 in
2905 474 3067 532 rebus
3089 472 3326 531 adversis
3347 485 3646 538 versantur.

2062 584 2206 640 smpe
2226 568 2487 624 meminit.
2508 567 2650 622 Nihil
2666 568 2805 622 enim
2826 567 2963 637 apud
2981 568 3147 624 Deum
3170 580 3323 638 atque
3337 565 3652 621 memoriam

2063 660 2235 732 parit,
2265 669 2426 730 atque
2464 659 2586 715 boni
2616 658 2813 729 aliquid
2846 660 3051 725 facere,
3082 674 3240 730 quant
3267 672 3389 714 esse
3413 658 3651 712 sobrium

2063 769 2127 810 ac
2157 754 2482 823 vigilantem,
2510 753 2720 807 virtutis
2744 768 2925 807 curam
2952 768 3138 824 gerere
3166 770 3179 807 :
3203 750 3652 823 quemadmodum

2066 847 2198 902 nihil
2236 863 2387 918 aeque
2429 846 2713 901 oblivionis
2739 862 2898 902 causa
2928 854 3039 909 est,
3074 854 3132 900 ut
3172 861 3294 901 esse
3338 846 3391 900 in
3420 844 3655 915 peccatis

2065 939 2407 1009 avaritiaeque
2450 949 2502 992 et
2541 938 2740 1010 rapinae
2778 953 2899 993 esse
2944 937 3203 992 deditum.
3245 936 3315 991 Et
3340 946 3393 990 tu
3433 951 3592 1005 ergo,
3618 950 3656 990 ο

2065 1030 2275 1097 dilecte,
2296 1030 2511 1100 quando
2541 1030 2593 1083 in
2621 1030 2793 1100 aliqua
2838 1030 2999 1083 fueris
3027 1029 3357 1094 calamitate,
3390 1043 3457 1083 ne
3484 1027 3654 1093 dicas,

2066 1125 2208 1181 Deus
2234 1125 2341 1179 ttei
2371 1124 2567 1179 oblitus
2605 1132 2724 1178 est:
2752 1124 2847 1178 sed
2876 1121 3089 1191 quando
3121 1120 3288 1176 fueris
3316 1120 3371 1175 in
3399 1120 3652 1189 peccatis,

2066 1227 2122 1274 et
2146 1217 2323 1272 omt'ia
2354 1216 2447 1270 tibi
2478 1215 2703 1272 feliciter
2727 1213 3040 1270 succedunt.
3069 1213 3126 1269 Si
3154 1212 3255 1267 hoc
3279 1212 3421 1268 enim
3459 1226 3657 1281 COgno-

2067 1311 2230 1376 veris,
2270 1326 2299 1363 a
2338 1310 2500 1365 rebus
2537 1310 2692 1364 malis
2723 1307 2940 1379 agendis
2980 1307 3086 1362 cito
3116 1306 3354 1362 recedes.
3388 1303 3659 1374 Usquequo

2067 1402 2248 1455 avertis
2289 1401 2471 1470 faciem
2499 1410 2637 1453 tuam
2670 1417 2702 1453 α
2728 1398 2989 1453 me?Hoc
3034 1404 3117 1452 est
3159 1396 3388 1451 maxima
3435 1393 3655 1449 oblivio.

2071 1492 2148 1547 Ex
2178 1492 2424 1547 humanis
2452 1490 2593 1547 enim
2625 1490 2805 1560 figuris
2825 1488 3062 1544 ostendit
3090 1487 3184 1543 Dei
3214 1486 3573 1559 operationes,
3605 1491 3660 1539 et

2069 1588 2186 1655 ejus
2225 1586 2359 1641 iram
2401 1594 2456 1640 et
2495 1584 2750 1639 ultionem
2786 1581 3055 1652 exprimit.
3085 1581 3227 1635 Deus
3265 1588 3441 1634 autem
3473 1590 3660 1632 rursus

2073 1679 2256 1732 faciem
2287 1690 2438 1731 suam
2463 1674 2673 1737 avertit,
2705 1671 2919 1743 quando
2944 1669 3168 1725 facimus
3197 1685 3315 1740 qua:
3358 1674 3483 1723 sunt
3517 1665 3660 1721 indi-

2070 1786 2172 1842 gna
2199 1770 2316 1839 ejus
2357 1768 2639 1840 prazceptis
2663 1785 2676 1821 :
2709 1766 2926 1832 Quando
2952 1764 3085 1819 enim
3115 1762 3390 1817 euertdetis
3411 1803 3424 1826 ,
3459 1761 3657 1831 inquit,

2073 1881 2253 1919 manus
2294 1874 2511 1924 vestras,
2543 1870 2764 1914 avertam
2792 1859 2963 1913 oculos
3002 1873 3137 1910 meos
3179 1871 3211 1909 a
3250 1854 3406 1908 vobis.
3457 1853 3659 1908 Deinde

2073 1972 2228 2013 causa
2256 1955 2627 2026 subjungitur:
2658 1952 2845 2006 Manus
2870 1951 3000 2007 enim
3028 1958 3203 2005 vestra:
3224 1947 3467 2018 sanguine
3498 1946 3664 2015 plena!

2072 2059 2190 2106 sunt
2221 2049 2371 2123 (lsai.
2398 2051 2447 2105 1.
2480 2049 2587 2116 15).
2616 2048 2739 2102 Haec
2769 2047 2879 2116 ipsa
2914 2052 3092 2099 autem
3122 2042 3414 2105 derelictio,
3449 2048 3505 2094 et
3538 2039 3663 2092 vul-

2078 2154 2162 2199 tus
2196 2141 2438 2205 aversio,
2487 2154 2693 2209 maguae
2721 2148 2803 2195 est
2847 2152 2991 2191 curae
3039 2150 3101 2190 ac
3141 2132 3488 2203 providentia:
3518 2148 3531 2185 :
3563 2130 3666 2184 huc

2076 2247 2252 2291 autem
2281 2234 2436 2297 facit,
2464 2242 2523 2288 ut
2546 2247 2644 2287 nos
2672 2230 2741 2286 ad
2767 2246 2827 2286 se
2852 2228 3221 2285 vehementius
3250 2225 3501 2281 attrahat.
3532 2224 3665 2279 Nam

2076 2329 2237 2385 etiam
2262 2328 2328 2393 is,
2351 2326 2441 2396 qui
2463 2334 2544 2380 est
2574 2324 2762 2379 insano
2787 2337 2972 2377 amore
3000 2329 3207 2391 captus,
3238 2334 3362 2374 eum
3399 2316 3489 2388 qui
3515 2330 3667 2371 ama-

2079 2429 2163 2474 tur
2186 2424 2613 2473 contemnentem
2640 2412 2860 2470 dimittit
2888 2427 2951 2467 ac
2978 2410 3320 2480 derelinquit,
3355 2423 3461 2463 non
3489 2406 3669 2462 animo

2078 2510 2291 2581 quidem
2335 2507 2647 2576 expellens,
2678 2504 2773 2561 sed
2814 2505 2984 2573 ipsum
3014 2502 3200 2559 volens
3240 2499 3304 2555 ad
3337 2515 3397 2556 se
3440 2513 3668 2554 convcr-

2080 2613 2195 2659 tere
2216 2643 2232 2668 ,
2258 2610 2312 2658 et
2338 2601 2437 2657 sibi
2462 2597 2801 2670 conjungere.
2826 2598 3112 2667 Postquam
3141 2602 3317 2648 autem
3357 2592 3491 2648 dixit
3515 2605 3672 2646 aver-

2081 2697 2322 2757 sionem,
2362 2694 2493 2750 dicit
2530 2695 2689 2747 etiam
2732 2691 3082 2755 oblivionem,
3114 2697 3165 2742 et
3205 2702 3324 2757 qua:
3361 2685 3462 2741 sibi
3501 2701 3566 2740 ex
3605 2698 3670 2738 ea

2082 2794 2393 2845 evenerunt.
2434 2784 2686 2854 Qumnam
2713 2790 2887 2838 autem
2918 2796 2981 2836 ea
3008 2778 3173 2836 sunt?
3202 2780 3276 2835 Ea
3302 2793 3420 2850 qua:
3448 2775 3671 2849 subjun-

2081 2886 2177 2954 git.
2205 2881 2389 2941 dicens
2412 2918 2428 2945 ,
2464 2877 2721 2946 Quamdiu
2747 2891 2931 2946 ponam
2966 2873 3178 2929 consilia
3213 2872 3267 2926 in
3299 2872 3473 2925 anima
3515 2886 3625 2924 mea
3649 2869 3674 2921 ?

2085 2971 2540 3043 Quemadmodum
2571 2971 2714 3025 enim
2743 2968 2833 3040 qui
2861 2983 2892 3023 e
2921 2976 3076 3037 portu
3097 2980 3343 3036 egressus
3372 2973 3455 3019 est
3480 2963 3675 3031 ultique

2084 3076 2325 3140 vagatur,
2354 3074 2407 3120 et
2441 3063 2529 3133 qui
2558 3063 2675 3117 luce
2712 3060 2948 3130 privatus
2983 3066 3068 3113 est
3108 3058 3161 3111 in
3190 3055 3371 3110 multis
3405 3053 3623 3110 offendit
3658 3070 3672 3106 :

2088 3160 2157 3215 ita
2190 3158 2349 3214 etiam
2379 3156 2467 3226 qui
2499 3154 2551 3207 in
2583 3151 2673 3208 Dei
2701 3149 3024 3205 oblivionem
3067 3146 3284 3211 incidit,
3308 3146 3452 3201 curis
3472 3185 3486 3208 ,
3520 3143 3677 3198 solli-

2088 3250 2411 3309 citudinibus
2439 3262 2502 3303 ac
2525 3245 2800 3302 doloribus
2821 3250 3080 3313 perpetuo
3105 3241 3333 3310 angitur.
3362 3239 3472 3293 Hoc
3498 3247 3675 3292 autent

2089 3362 2195 3403 non
2227 3359 2411 3416 parum
2455 3339 2664 3396 confert
2705 3338 2773 3391 ad
2815 3337 2980 3391 Deum
3015 3331 3435 3389 convcrtendum
3466 3331 3531 3385 ad
3576 3344 3672 3393 se,

2090 3440 2232 3494 curis
2272 3446 2327 3491 ct
2360 3429 2804 3489 sollicitudinibus
2844 3427 2963 3498 angi
2987 3467 3003 3494 ,
3034 3424 3324 3495 doloreque
3371 3432 3425 3478 et
3464 3421 3678 3476 tristitia

2090 3530 2452 3590 extabescere,
2483 3523 2777 3578 aversionis
2813 3519 2954 3574 illius
2988 3518 3247 3573 rationem
3278 3514 3494 3569 ducere.
3525 3511 3680 3580 Quod

2092 3625 2252 3680 etiam
2285 3620 2479 3676 Paulus
2502 3616 2745 3673 scribens
2773 3613 2839 3667 ad
2868 3610 3173 3667 Corinthios
3211 3608 3340 3663 dicit
3368 3606 3434 3661 de
3463 3605 3677 3674 seipso:

2094 3718 2163 3772 Et
2188 3716 2298 3786 quis
2317 3723 2390 3768 est
2413 3711 2499 3780 qui
2523 3725 2602 3763 me
2626 3706 2800 3763 laetitia
2821 3704 3026 3774 ofﬁciat,
3051 3702 3145 3754 nisi
3171 3701 3256 3770 qui
3285 3715 3346 3753 ea:
3374 3713 3453 3751 me
3479 3695 3685 3749 tristitia

2095 3812 2306 3883 afﬁcitur
2331 3807 2408 3878 (2.
2431 3805 2547 3860 Cor.
2574 3802 2630 3856 2.
2651 3800 2750 3871 2)?
2776 3798 2887 3853 lloc
2904 3801 3047 3851 enim
3074 3811 3178 3848 non
3206 3807 3390 3864 parum
3422 3790 3551 3845 lucri
3577 3797 3681 3854 est,

2096 3878 2388 3962 oudilectc,
2436 3895 2639 3951 sentire
2678 3891 2771 3946 Dei
2810 3888 3175 3947 aversionem,
3222 3882 3440 3944 dolere,
3473 3878 3685 3933 tristitia

2098 3992 2253 4049 affici.
2293 3988 2370 4044 Ita
2405 3978 2546 4042 enim
2594 3984 2765 4053 ipsum
2793 3979 2859 4033 ad
2888 3993 2986 4032 nos
3015 3975 3259 4031 celeriter
3285 3977 3682 4027 convertemus.

2098 4088 2151 4142 5.
2185 4083 2452 4153 Usquequo
2489 4074 2793 4131 eraltabitur
2838 4071 3072 4125 inimicus
3101 4082 3241 4121 meus
3282 4079 3434 4133 super
3476 4060 3601 4115 me?
3629 4064 3684 4114 4.

2102 4176 2333 4245 Respice,
2362 4169 2547 4226 exaudi
2574 4183 2671 4231 me,
2704 4164 2918 4219 Domine
2946 4160 3083 4215 Dens
3110 4174 3265 4213 mens:
3295 4154 3541 4210 Illumina
3569 4169 3689 4206 ocu-

2102 4270 2178 4324 los
2206 4282 2340 4321 meos
2360 4305 2376 4328 ,
2407 4280 2469 4317 ne
2498 4274 2738 4329 umquam
2772 4255 3085 4310 obdormiam
3121 4251 3175 4304 in
3214 4257 3391 4303 morte.
3418 4243 3688 4314 Quemad-

2104 4358 2317 4413 modum
2359 4355 2500 4410 enim
2546 4366 2665 4405 cum
2706 4348 2898 4403 retinet
2940 4360 3001 4398 ac
3030 4340 3265 4398 defendit
3307 4353 3406 4393 nos
3438 4338 3607 4402 Deus,
3636 4344 3692 4389 ct

2104 4461 2209 4508 Stat
2233 4466 2264 4504 a
2298 4447 2471 4512 nobis,
2493 4459 2612 4516 quae
2639 4441 2935 4497 molestiam
2964 4436 3192 4492 ail'erunt
3218 4434 3375 4503 longe
3402 4430 3688 4486 recedunt:

2106 4544 2176 4599 ita
2202 4540 2362 4597 etiam
2392 4552 2511 4593 cum
2535 4534 2756 4590 recessit
2786 4541 2839 4586 et
2873 4529 3069 4585 oblitus
3102 4535 3205 4591 est,
3232 4525 3409 4580 anima
3433 4520 3694 4590 discerpi-

2109 4646 2213 4703 tur,
2243 4649 2305 4689 ac
2330 4647 2426 4688 cor
2466 4629 2654 4685 dolore
2685 4626 2916 4698 angitur,
2956 4633 3011 4678 et
3041 4623 3129 4693 qui
3172 4627 3368 4676 vexant
3407 4613 3693 4678 insultant,

2110 4737 2341 4797 suntque
2364 4723 2540 4779 omnia
2571 4718 2770 4789 scopuli
2799 4733 2861 4773 ac
2890 4713 3199 4787 przccipitia.
3220 4711 3346 4767 Haec
3369 4718 3547 4763 autem
3591 4710 3697 4765 nti-

2112 4824 2232 4879 liter
2276 4819 2674 4891 permittuntur,
2717 4823 2765 4867 ul
2811 4828 2904 4882 per
2934 4807 3109 4864 omnia
3155 4803 3416 4862 stimulati
3454 4802 3541 4873 qui
3572 4811 3700 4854 sunt

2112 4912 2471 4977 socordiores,
2502 4906 2690 4975 majori
2719 4903 2894 4959 studio
2923 4900 3143 4956 redeant
3172 4913 3237 4953 eo
3258 4937 3273 4962 ,
3304 4894 3444 4949 unde
3482 4891 3700 4947 excide-

2114 5017 2259 5064 runt.
2293 5004 2504 5061 Erudiet
2532 5004 2674 5056 enim
2699 5040 2716 5064 ,
2750 4996 2938 5067 inquit,
2971 5004 3017 5048 te
3055 4990 3268 5064 defectio
3306 4999 3413 5052 tua,
3443 4997 3488 5041 et
3526 4986 3702 5039 vitium

2116 5112 2258 5157 tuum
2300 5108 2347 5153 te
2382 5096 2648 5165 redarguct
2678 5089 2829 5162 (Jer.
2851 5086 3052 5156 2.19).
3090 5083 3185 5140 Dei
3224 5084 3403 5153 itaque
3427 5079 3710 5135 derelictio

2117 5205 2201 5252 est
2228 5191 2435 5263 species
2466 5184 2830 5259 providentiae.
2859 5178 3081 5250 Quando
3124 5176 3267 5232 enim
3307 5173 3398 5245 qui
3431 5170 3703 5242 providet,

2119 5295 2175 5343 et
2197 5261 2379 5340 curam
2400 5280 2557 5352 gerit,
2580 5274 2959 5336 contemnitur,
2982 5282 3266 5341 parumper
3290 5264 3507 5320 dimittit
3534 5271 3587 5316 et
3616 5261 3711 5315 de-

2121 5377 2390 5449 relinquit,
2416 5382 2475 5429 ut
2498 5380 2626 5427 tunc
2651 5367 2873 5439 expulsa
2906 5362 3170 5428 socordia,
3207 5358 3537 5429 negligentes
3580 5355 3710 5407 liant

2120 5438 2485 5541 diligentiores
2533 5461 2632 5537 (a).
2682 5438 2947 5530 Respice,
2996 5453 3206 5524 inquit,
3250 5448 3371 5504 vide
3433 5445 3711 5502 inimicum
3784 5438 3787 5441 ’

437 5596 554 5653 haec
577 5594 793 5662 habent,
821 5590 958 5645 Deus
985 5581 1331 5645 obliviscitur,
1354 5585 1510 5645 atque
1535 5571 1670 5628 adeo
1694 5581 1879 5625 eorum
1906 5580 2021 5621 ma-
2123 5580 2302 5624 meum
2322 5605 2339 5632 ,
2374 5560 2465 5633 qui
2505 5556 2770 5615 exaltatur
2796 5565 2954 5623 supra
3005 5563 3091 5603 me
3124 5564 3137 5600 :
3170 5554 3224 5600 et
3259 5542 3304 5598 si
3350 5556 3457 5596 non
3494 5545 3712 5611 propter

501 5731 574 5793 (a)
597 5724 1161 5793 Haec_ad_finern_usqu_e
1197 5709 1627 5793 deslderanturnia
1653 5704 1809 5793 Sitti};
1827 5703 2018 5793 sced'fx

440 5765 1297 5847 dﬁiceadjicﬁitdaesse
1314 5774 1498 5827 monuit
1513 5770 1598 5822 ille
1615 5771 1667 5820 in
1684 5769 1826 5820 notis.
1848 5765 2021 5815 Eadem

442 5853 694 5917 doxologia
716 5851 841 5917 apud
864 5845 997 5901 Colb.
1023 5845 1285 5907 rep:ritur.

2190 5698 2264 5761 (α)
2298 5696 2353 5747 ιιι
2376 5696 2483 5761 haec
2505 5690 2656 5761 verba
2678 5682 3150 5761 desperavi!!!
3172 5673 3418 5761 esse}?
3437 5672 3712 5761 animi;

2129 5739 2276 5816 liuiii’.
2298 5739 2354 5809 ἶ.
2380 5739 2731 5820 tiqui—monet
2763 5748 3152 5820 podicemsuugt
3172 5739 3411 5820 Jdeﬂeere
3435 5744 3713 5820 metet-inge

2447 5794 2540 5869 é'é'd'
2565 5794 2731 5866 "iisiis
2765 5794 3025 5879 illitegravit
3047 5821 3074 5859 e
3099 5804 3271 5858 Codice
3294 5794 3551 5851 Barberino
3573 5794 3713 5858 T.'8,
