4140 6356
426 335 521 393 εει

425 460 597 500 meam
627 441 915 504 miseriam,
945 439 1130 495 saltem
1159 447 1378 509 propter
1405 436 1542 491 illius
1569 435 1922 504 arrogantiam
1951 443 2005 490 et

423 535 724 608 superbiam
760 531 954 588 exaudi
995 545 1100 586 me.
1127 529 1194 584 Et
1221 529 1346 598 quid
1379 528 1555 597 petis?
1585 527 1652 583 Ut
1692 526 1874 583 vincas
1905 526 2007 581 ini-

428 627 635 684 micas?
685 625 800 680 Non
859 623 962 679 huc
1003 621 1152 686 dicit,
1199 620 1314 686 sed,
1351 620 1420 676 Ut
1458 619 1820 674 illumineutur
1866 615 2008 673 oculi

425 718 624 784 cordis,
656 726 711 771 ut
731 716 1067 785 expellantur
1093 713 1346 785 tenebraz,
1377 727 1495 778 quae
1522 719 1646 765 sunt
1669 709 1852 764 offusae
1885 725 2006 779 per-

425 810 617 879 spicaci
647 809 838 862 animm
882 804 1154 869 facultati,
1194 811 1250 858 et
1279 802 1638 871 intelligentiae
1664 801 1874 856 oculum
1906 801 2006 854 ob-

423 909 724 958 scurarunt.
772 899 884 954 Hoc
928 910 1076 966 peto,
1117 891 1360 949 litamina
1401 894 1575 948 oculos
1623 908 1780 947 meos.
1813 893 1865 948 5.
1899 890 2004 945 Ne-

424 993 626 1062 quaudo
655 991 792 1045 dicat
816 991 1056 1045 inimicus
1077 1003 1235 1050 meus,
1263 1001 1384 1040 cum
1414 999 1499 1039 me
1523 983 1716 1039 viderit
1751 983 2006 1038 deturba-

430 1095 541 1138 tum
571 1083 636 1136 ad
665 1090 889 1137 mortem
919 1077 1119 1148 peccati
1153 1093 1166 1131 :
1204 1075 1290 1130 Ita
1319 1075 1564 1146 pra-valui
1607 1075 1844 1129 adversus
1867 1089 2001 1128 eum.

424 1173 602 1242 Ipsum
633 1171 875 1241 superavi
899 1187 913 1235 ;
942 1168 1082 1237 quod
1112 1167 1355 1222 volebam
1383 1166 1564 1222 videre
1585 1207 1599 1229 ,
1630 1165 1732 1220 hoc
1761 1164 1891 1220 mihi
1920 1180 2009 1219 ac-

423 1265 571 1320 cidit.
597 1262 734 1330 Quid
779 1270 887 1327 est,
932 1258 1188 1313 Prceualui
1229 1257 1468 1312 adversus
1504 1257 1662 1310 cum?
1689 1255 1804 1310 EtSI
1831 1270 1926 1326 per
1949 1265 2008 1310 se‘

428 1369 531 1407 non
553 1365 632 1408 est
665 1353 834 1414 fortis,
858 1358 1041 1407 contra
1072 1365 1158 1404 me
1187 1349 1401 1419 quidem
1427 1359 1574 1403 certe
1594 1357 1675 1402 est
1703 1349 1872 1402 fortis.
1901 1345 2007 1401 No-

427 1455 535 1499 stra
561 1443 740 1498 clades
763 1444 812 1498 ei
841 1441 996 1498 affert
1023 1441 1190 1504 vires,
1219 1455 1445 1510 eumque
1470 1439 1642 1496 reddit
1662 1447 1930 1511 potentem
1954 1446 2010 1495 et

429 1539 679 1600 validum,
703 1546 756 1592 et
776 1533 1254 1606 inexpugnabilem.

495 1627 552 1680 2.
577 1625 751 1680 Hostis
776 1625 1005 1679 cladibus
1027 1623 1212 1677 nostris
1234 1621 1398 1676 euadit
1418 1620 1856 1694 fortior.-Vides
1882 1635 2000 1688 nos,

427 1720 639 1792 quando
669 1733 969 1789 peccamus,
999 1731 1104 1773 non
1130 1715 1303 1770 solum
1334 1715 1578 1784 nosipsos
1601 1712 1863 1770 dedecore
1891 1713 2007 1768 afﬁ—

427 1829 569 1876 cere,
597 1811 842 1882 perdere,
865 1810 930 1865 ad
956 1817 1184 1864 mortem
1204 1807 1491 1875 deducere,
1521 1807 1613 1862 sed
1633 1821 1698 1861 eo
1721 1804 1863 1876 quod
1884 1805 2006 1861 victi

427 1918 628 1968 sumus,
657 1903 902 1958 inimicos
924 1911 1135 1957 nostros
1153 1899 1358 1955 validos
1383 1907 1730 1969 potentesque
1749 1898 2006 1970 praedica-

430 2011 490 2052 re
521 2015 534 2048 :
563 2011 661 2050 nec
687 1996 787 2050 hoc
812 1995 1008 2058 solum,
1037 1993 1130 2049 sed
1151 1993 1310 2048 etiam
1333 2007 1427 2048 eos
1455 1993 1505 2046 in
1531 2007 1716 2064 magna
1746 1992 1926 2047 laetitia
1953 1999 2011 2048 et

426 2088 776 2144 exsultatione
803 2088 1087 2143 collocare.
1135 2086 1295 2156 Papae
1319 2126 1334 2154 ,
1378 2093 1594 2155 quantae
1620 2093 1702 2140 est
1730 2085 1965 2140 stultitiae
1989 2126 2004 2150 ,

431 2181 610 2252 quanti
638 2181 868 2251 stuporis
895 2179 1218 2236 adversariis
1242 2178 1497 2234 adversus
1522 2179 1726 2248 seipsos
1752 2178 1891 2234 ferre
1913 2194 2010 2233 au-

427 2273 610 2328 xilium
629 2314 645 2336 _.
673 2283 728 2328 et
755 2273 820 2328 iis
838 2315 852 2338 ,
880 2273 968 2344 qui
999 2272 1231 2327 animam
1260 2279 1494 2326 nostram
1519 2271 1826 2326 excruciant
1847 2281 1900 2325 et
1925 2269 2015 2324 af-

429 2364 615 2435 lligunt
635 2406 649 2430 ,
679 2365 874 2420 laatitite
910 2379 1123 2419 causam
1153 2373 1208 2419 et
1233 2362 1598 2419 exsultationis
1622 2362 1845 2418 afferre!
1874 2361 2010 2418 Vide

429 2464 557 2524 quot
581 2455 830 2510 absurda.
857 2454 991 2509 Cum
1020 2454 1288 2509 inimicum
1317 2453 1533 2508 vincere
1560 2461 1831 2523 Oporteret
1863 2453 1881 2526 (
1898 2451 2012 2507 Im-

431 2547 622 2602 beciltte
643 2547 782 2601 enim
814 2549 962 2616 facite
985 2555 1100 2600 sunt
1133 2546 1243 2616 ejus
1272 2549 1478 2616 frameae
1497 2545 1549 2598 in
1577 2545 1761 2613 finem,
1791 2554 1838 2598 et
1863 2545 2009 2614 periit

430 2639 613 2708 impius
635 2636 802 2712 (Psat.
822 2637 876 2692 9.
894 2639 946 2692 7.
966 2637 1043 2702 6),
1066 2652 1207 2704 cum,
1236 2637 1467 2706 inquam,
1485 2635 1696 2690 vincere
1715 2643 2005 2706 oporteret,

431 2731 728 2796 vincimur;
755 2746 854 2786 nec
881 2730 933 2786 id
959 2731 1150 2796 solum,
1174 2729 1266 2785 sed
1296 2731 1457 2785 etiam
1482 2728 1714 2784 validum
1738 2743 1801 2784 ac
1823 2739 2007 2799 poten-

431 2830 536 2876 tem
568 2820 840 2877 reddimus
869 2837 886 2876 :
917 2837 1014 2877 nec
1041 2837 1276 2891 eousque
1301 2821 1439 2876 sistit
1461 2820 1727 2877 dementia
1755 2829 1810 2877 et
1832 2831 2010 2878 extre-

431 2927 552 2967 mus
590 2912 805 2967 morbus
846 2921 1060 2979 noster,
1099 2911 1194 2968 sed
1231 2929 1350 2984 quae
1386 2913 1436 2968 ci
1477 2913 1637 2967 etiam
1680 2911 1916 2968 laetitiam
1957 2921 2010 2968 et

429 3005 832 3060 exsultationem
874 3003 1097 3062 afferant
1122 3017 1511 3072 comparamus.
1557 3003 1762 3059 Revera
1795 3012 1881 3059 est
1905 3020 2004 3058 ex-

434 3107 600 3151 trema
629 3097 881 3164 ebrietas,
905 3106 960 3152 et
980 3107 1244 3151 summum
1273 3095 1467 3149 malum
1495 3104 1790 3165 peccatum.
1820 3095 2010 3150 Exsul-

433 3187 602 3241 tabunt
634 3190 649 3219 ³
670 3228 686 3253 ,
713 3189 758 3242 si
782 3197 946 3242 motus
972 3191 1138 3259 fuero.
1163 3185 1296 3241 Tres
1319 3199 1509 3240 causas
1532 3185 1688 3241 affert
1709 3185 1965 3257 propheta
1990 3227 2006 3252 ,

433 3288 492 3336 ut
513 3280 793 3335 Dominum
812 3287 1024 3335 moveat
1041 3286 1352 3347 exoretquc,
1377 3287 1435 3332 ut
1453 3277 1720 3348 respiciat,
1743 3286 1800 3334 et
1819 3278 2007 3335 faciem

432 3385 582 3431 suam
623 3379 930 3437 convertat,
960 3379 1016 3424 et
1051 3368 1170 3439 ejus
1208 3368 1501 3424 orationem
1542 3368 1792 3424 exaudiat
1821 3386 1836 3424 :
1867 3371 2010 3426 vires

433 3465 766 3520 inimicorum
789 3505 806 3530 ,
835 3471 892 3518 et
924 3472 1048 3518 ante
1087 3462 1141 3517 id
1183 3461 1506 3517 erectiouem
1543 3469 1598 3517 et
1635 3463 2008 3518 exultationem

433 3572 648 3622 eorum;
681 3556 893 3610 tertium
911 3597 928 3618 ,
961 3555 1196 3610 lmtitiam
1223 3561 1276 3608 et
1303 3553 1712 3608 exsultationem
1739 3555 1972 3624 ipsorum
1991 3594 2006 3620 ,

432 3647 814 3719 propemodum
833 3646 1018 3702 dicens
1037 3663 1050 3700 :
1067 3645 1122 3702 Si
1144 3660 1251 3701 non
1270 3653 1484 3715 propter
1503 3660 1674 3701 meam
1691 3647 2006 3711 orationem,

434 3755 533 3798 nec
560 3747 775 3810 propter
801 3753 974 3794 meam
1013 3737 1280 3793 miseriam
1307 3739 1578 3793 convertis
1603 3738 1669 3794 ad
1706 3753 1793 3794 me
1822 3738 2010 3794 faciem

435 3842 612 3898 tuam,
642 3831 899 3896 Domine;
931 3829 1119 3884 saltem
1151 3837 1366 3898 propter
1393 3828 1728 3884 inimicorum
1753 3844 2008 3900 arrogan-

436 3927 579 3993 tiam,
613 3941 681 3981 eo
707 3925 846 3998 quod
871 3939 994 3980 suas
1017 3925 1161 3980 vires
1188 3932 1474 3989 ostentant,
1504 3931 1559 3979 et
1583 3923 1685 3978 sibi
1712 3923 1865 3979 valde
1893 3923 2010 3993 pla-

433 4030 554 4074 cent
579 4037 594 4071 :
618 4020 866 4089 quoniam
897 4017 1030 4072 meis
1054 4016 1212 4072 malis
1235 4015 1518 4083 lmtantur,
1549 4024 1604 4070 et
1627 4029 1806 4070 casum
1833 4029 2009 4068 meum

434 4110 675 4166 irrident.
706 4109 910 4164 Exaudi
933 4125 1033 4174 me,
1063 4108 1297 4162 ittumina
1324 4107 1495 4161 oculos
1520 4123 1675 4161 meos.
1705 4105 1868 4161 Aufer
1891 4120 2011 4176 gra-

433 4217 550 4256 vem
577 4215 822 4256 somnum
849 4201 901 4254 in
925 4199 1157 4270 peccatis
1180 4199 1313 4253 meis
1340 4215 1356 4253 :
1382 4214 1487 4270 quo
1510 4199 1713 4269 sopitus
1734 4212 2012 4270 propemo-

435 4293 560 4347 dum
603 4292 669 4347 ad
710 4292 901 4346 anima:
941 4299 1167 4346 mortem
1209 4289 1546 4345 dormitando
1575 4289 1834 4345 deductus
1869 4305 2008 4344 sum.

436 4383 494 4438 Si
531 4384 674 4438 enim
716 4398 748 4437 a
787 4383 1072 4438 securitate
1098 4391 1186 4436 tua
1223 4389 1426 4436 tantum
1467 4391 1678 4436 emotus
1715 4379 1864 4435 fuero
1886 4421 1902 4447 ,
1933 4381 2014 4435 eis

436 4474 618 4529 laetitia
641 4514 657 4541 ,
684 4474 851 4543 gloria
874 4515 888 4538 ,
922 4483 976 4528 et
1004 4474 1171 4528 virtus
1213 4473 1315 4529 hoc
1353 4487 1472 4528 esse
1505 4475 1842 4529 existimatur
1868 4491 1882 4527 :
1911 4472 2014 4529 hoc

435 4567 649 4622 nomine
673 4581 732 4620 se
753 4566 952 4635 jactant
972 4606 986 4628 ,
1017 4575 1072 4621 et
1096 4565 1196 4620 sibi
1228 4565 1385 4620 valde
1410 4564 1646 4634 placent,
1673 4572 1904 4636 sun-tque
1930 4566 2014 4619 in-

437 4657 773 4723 tolerabiles;
799 4658 845 4712 si
871 4667 1046 4712 autem
1069 4656 1137 4712 ad
1163 4665 1388 4712 mortem
1409 4655 1561 4710 fuero
1584 4655 1861 4720 deductus,
1885 4654 2012 4726 quid

435 4750 471 4804 ii
496 4763 602 4803 non
623 4747 888 4804 fecerint?
913 4747 1076 4804 Vides
1096 4761 1253 4818 quam
1280 4761 1530 4814 magnum
1555 4745 1810 4800 damnum
1832 4748 2014 4801 existi-

433 4849 547 4893 met
578 4837 832 4908 propheta
856 4878 872 4903 ,
900 4846 955 4892 et
983 4837 1147 4898 nihilo
1176 4837 1351 4891 minus
1376 4851 1536 4907 quam
1563 4850 1772 4906 pinnam
1803 4851 1866 4891 ac
1888 4851 2016 4907 sup‘

434 4931 650 5002 plicium
669 4973 686 4999 ,
715 4946 1050 4988 communem
1088 4930 1358 4985 inimicum
1387 4929 1566 4984 lmtitia
1592 4928 1808 4985 allicere
1830 4971 1845 4994 ,
1876 4941 1930 4984 et
1959 4939 2016 4985 ut

437 5023 555 5090 ipse
594 5030 784 5092 potens
825 5022 1176 5091 excelsusque
1214 5020 1488 5087 videatur,
1515 5018 1748 5076 ellicere.
1789 5020 1846 5076 Si
1875 5021 2017 5076 enim

441 5114 558 5169 lucc
593 5128 700 5168 non
736 5113 1065 5169 existimaret
1102 5112 1239 5166 mala
1276 5112 1507 5167 maxima
1538 5121 1595 5167 et
1623 5111 1972 5167 intolerabilia
1997 5154 2013 5178 ,

437 5221 544 5259 non
587 5204 703 5260 haec
748 5205 1112 5273 proposuisset
1151 5203 1219 5257 ad
1261 5203 1425 5258 Deum
1466 5203 1820 5273 placandum,
1862 5213 1917 5258 et
1951 5203 2018 5259 ad

439 5300 606 5369 ipsius
643 5297 1070 5354 benevolentiam
1097 5295 1489 5351 attrahendam.
1522 5295 1596 5349 lla
1625 5296 1783 5349 etiam
1811 5311 1912 5350 nos
1938 5295 2016 5348 fa-

436 5424 486 5474 p.
511 5411 625 5471 5-8,
643 5411 784 5474 unde
805 5409 969 5474 litorei.
994 5421 1082 5474 sua
1116 5409 1336 5474 sumpsit.
1377 5415 1484 5457 Post
1506 5406 1597 5474 illa
1607 5414 1774 5456 autem
1790 5408 1946 5474 verba
1969 5409 2021 5474 in

435 5468 910 5525 Codiee'Colbertino
923 5470 1143 5534 quaedam
1165 5468 1467 5534 adjiciuntur,
1485 5469 1547 5517 ab
1570 5470 1642 5526 iis,
1661 5482 1770 5534 quae
1788 5468 2018 5534 innatet-el.

437 5549 526 5596 per
545 5541 671 5584 totas
691 5535 847 5583 ferme
863 5528 1069 5596 quatuor
1088 5528 1286 5596 paginas
1301 5530 1538 5588 feruntur,
1556 5539 1658 5580 toto
1671 5528 1792 5596 czelo
1808 5531 2017 5596 diversa.

438 5593 532 5647 itoc
554 5605 720 5645 autem
737 5593 939 5657 hujusce
963 5594 1147 5644 Codicis
1169 5593 1547 5657 additamentum
1564 5625 1578 5650 ,
1597 5593 1742 5657 quod
1765 5605 1907 5657 unam
1930 5594 2022 5657 cir-

438 5661 561 5706 citer
597 5652 819 5722 paginam
851 5657 1148 5718 compleret,
1182 5653 1372 5704 videtur
1397 5666 1424 5701 a
1449 5652 1644 5701 librario
1659 5653 1862 5716 quodam
1886 5652 2021 5716 adje-

441 5729 589 5769 etum.

506 5784 522 5811 ι
558 5777 674 5830 Bibl.
701 5779 899 5840 habent,
932 5777 1226 5829 Tributantes
1246 5790 1322 5827 me
1342 5773 1661 5828 exsultabant.

1132 319 1188 378 S.
1225 322 1507 379 JOANNIS
1544 323 2034 381 CHRYSOSTOMI
2083 322 2398 379 ARCHIEP.
2443 322 2986 381 CONSTANTINOP.

3585 328 3690 383 152

2115 433 2334 500 ciamus,
2359 446 2413 491 et
2432 437 2830 493 consideremus
2848 448 2905 494 et
2921 438 3305 495 contendamus
3331 455 3398 496 ne
3420 441 3690 497 inimicum

2114 526 2408 587 exaltemus
2427 569 2443 594 ,
2475 543 2541 581 ne
2571 539 2836 598 potentem
2867 529 3120 585 faciamus
3139 571 3154 598 ,
3185 545 3252 586 ne
3281 531 3459 586 ltetitia
3483 532 3693 588 afﬁcia-

2114 635 2252 685 mus,
2283 621 2379 676 sed
2409 631 2593 678 contra
2619 632 2671 677 et
2700 623 2972 684 humilem,
2995 633 3045 676 et
3070 621 3352 692 abjectum,
3377 624 3696 680 et‘imbecil-

2115 711 2242 776 lum,
2278 711 2588 783 tristemque
2613 721 2666 768 et
2689 712 2981 768 demissum
3009 713 3312 769 reddamus.
3345 713 3400 770 Si
3427 715 3567 770 enim
3599 733 3695 773 eos

2110 802 2199 871 qui
2233 811 2516 871 peccarunt
2541 844 2558 868 ,
2589 811 2735 858 recte
2761 813 2816 858 et
2844 819 2909 858 ex
2937 805 3131 861 virtute
3158 819 3217 860 se
3245 821 3432 876 gerere
3460 807 3688 875 viderit,

2112 889 2227 946 haec
2265 892 2440 946 omnia
2478 892 2636 946 simul
2666 894 2816 947 fiunt.
2847 894 2903 949 6.
2931 892 3043 961 Ego
3068 905 3234 949 autem
3265 897 3319 950 in
3347 897 3694 952 misericordia

2111 991 2200 1035 tua
2226 983 2439 1053 speravi.
2472 983 2608 1052 Quid
2636 999 2764 1054 ergo
2791 993 2935 1040 recte
2955 986 3120 1041 fecisti
3144 994 3203 1040 ut
3225 997 3394 1056 petas,
3423 997 3482 1043 ut
3510 1003 3695 1044 rursus

2113 1080 2165 1128 te
2207 1074 2493 1142 reSpiciat,
2537 1084 2593 1128 ut
2635 1082 2777 1129 tuam
2825 1076 3120 1130 orationem
3162 1077 3450 1145 exaudiat,
3493 1087 3550 1132 ut
3589 1088 3694 1134 tua:

2113 1166 2310 1221 mentis
2339 1165 2478 1220 oculi
2510 1165 2915 1222 illuminentur?
2954 1169 3216 1224 undenam
3246 1180 3422 1227 autem
3453 1170 3568 1226 haec
3598 1173 3693 1228 tibi

2111 1269 2295 1326 speras
2340 1256 2553 1313 futura?
2596 1260 2783 1315 Dicant
2823 1261 3070 1330 quidem,
3112 1263 3312 1333 inquit,
3343 1264 3466 1330 alii,
3493 1265 3541 1321 si
3565 1267 3692 1336 quid

2112 1350 2317 1418 possint
2357 1350 2537 1408 dicere
2563 1369 2577 1406 :
2608 1368 2706 1423 ego
2743 1363 2920 1409 autem
2951 1370 3116 1409 unum
3145 1357 3257 1412 scio
3281 1399 3296 1424 ,
3329 1373 3492 1413 unum
3527 1359 3648 1415 dico
3671 1402 3692 1430 ,

2111 1456 2326 1498 omnem
2365 1458 2512 1512 spem
2540 1459 2712 1498 meam
2744 1445 2797 1498 in
2829 1445 2917 1499 illo
2945 1446 3152 1501 colloco
3183 1464 3196 1500 :
3227 1447 3354 1502 illud
3385 1450 3515 1504 mihi
3562 1467 3691 1520 pro—

2108 1547 2252 1604 pono
2274 1575 2290 1600 ,
2322 1535 2740 1591 misericordiam
2776 1544 2920 1590 tuam
2944 1578 2961 1603 ,
2997 1545 3142 1592 tuam
3186 1538 3543 1595 clementiam.
3580 1539 3692 1614 Ego

2110 1633 2298 1691 autent,
2328 1624 2516 1697 inquit,
2545 1625 2598 1679 in
2629 1626 2971 1680 misericordia
2992 1637 3080 1681 tua
3101 1632 3316 1696 speravi.
3351 1629 3541 1686 Vidisti
3570 1647 3693 1701 pru-

2110 1715 2286 1786 pheta:
2312 1715 2702 1773 humilitatem?
2732 1718 2906 1772 vidisti
2945 1719 3085 1787 pium
3111 1727 3165 1774 et
3189 1729 3398 1790 gratum
3440 1721 3538 1776 viri
3577 1723 3709 1777 ani-’

2111 1809 2296 1862 mum?
2323 1807 2475 1864 Licet
2517 1817 2697 1879 posset
2742 1809 3144 1864 innumerabilia
3193 1825 3222 1863 a
3267 1825 3327 1866 se
3367 1819 3515 1867 recte
3550 1811 3710 1868 facta

2111 1896 2288 1954 dicere
2313 1939 2328 1965 ,
2361 1907 2416 1954 et
2442 1913 2538 1968 per
2561 1914 2624 1954 ea
2655 1898 2822 1954 Deum
2860 1913 3084 1954 exorare
3104 1942 3119 1965 ,
3148 1914 3334 1956 eorum
3364 1901 3491 1956 nihil
3521 1901 3689 1970 dicit,

2109 1989 2204 2046 sed
2231 1989 2296 2046 ad
2326 1991 2495 2046 solam
2529 1989 2767 2062 confugit
2795 1991 2891 2047 Dei
2927 1991 3366 2047 misericordiam.
3395 1993 3545 2050 Unde
3571 1995 3687 2049 cla-

2109 2095 2227 2135 rum
2254 2091 2357 2148 est,
2383 2082 2530 2136 illum
2558 2097 2677 2138 cum
2704 2081 2816 2138 hzec
2838 2082 2984 2148 dicit,
3010 2098 3225 2154 nempe,
3254 2085 3316 2140 Si
3337 2087 3433 2158 feci
3452 2087 3601 2153 illud,
3627 2086 3708 2142 Si'

2110 2171 2315 2226 retribui
2340 2173 2477 2228 mata
2499 2190 2592 2244 pro
2619 2174 2761 2229 bonis
2791 2173 2810 2245 (
2835 2173 2980 2229 Psal.
3002 2175 3055 2230 7.
3085 2177 3138 2229 4.
3165 2173 3281 2248 5),
3319 2185 3374 2231 et
3410 2193 3529 2248 quae
3565 2188 3708 2234 sunt:

2110 2261 2448 2334 hujusmodi,
2484 2265 2536 2320 in
2571 2279 2816 2337 magnam
2849 2266 3135 2322 adductum
3157 2271 3538 2324 necessitatem
3575 2269 3709 2326 hare

2109 2353 2290 2412 dicere
2318 2373 2332 2410 :
2361 2371 2479 2425 quae
2507 2356 2551 2411 si
2577 2372 2683 2411 non
2703 2355 2860 2424 adsit,
2883 2356 3014 2412 nihil
3038 2357 3167 2413 dicit
3193 2359 3402 2414 illorum
3422 2403 3435 2424 ,
3465 2360 3558 2415 sed
3589 2363 3712 2415 Illi-‘

2109 2445 2452 2501 sericordiam
2473 2454 2528 2502 et
2551 2447 2644 2502 Dei
2661 2447 3000 2502 clementiam
3023 2463 3120 2518 pro
3140 2450 3284 2504 omni
3307 2450 3690 2521 supplicatione

2111 2537 2376 2607 proponit.
2407 2537 2608 2594 Deinde
2631 2539 2904 2595 confidens
2927 2541 3040 2595 fore
3070 2548 3126 2595 ut
3153 2555 3249 2609 Spe
3274 2556 3378 2596 non
3404 2541 3688 2598 frustrare-

2115 2639 2217 2693 tur,
2245 2630 2517 2698 subjunxit
2535 2673 2548 2696 ,
2581 2629 2869 2687 Ezsultabit
2892 2649 2978 2688 cor
3003 2649 3168 2688 meum
3185 2635 3242 2688 in
3266 2635 3479 2688 salutari
3506 2646 3613 2690 tuo.

2185 2721 2473 2777 Gratian
2499 2726 2630 2779 actio
2657 2736 2774 2780 ante
2803 2725 3116 2795 beneﬁcium.
3144 2756 3215 2766 —
3237 2726 3425 2782 Vidisti
3455 2729 3688 2785 animam

2112 2812 2248 2869 bene
2273 2815 2613 2886 sperantem?
2638 2817 2814 2884 Petiit,
2835 2824 2890 2872 et
2917 2816 3220 2887 priusquam
3243 2819 3526 2889 acceperit,
3552 2831 3689 2874 tatu—

2112 2923 2269 2978 quam
2309 2909 2398 2981 qui
2427 2912 2749 2980 accepisset,
2781 2911 2889 2982 agit
2923 2911 3153 2983 gratias,
3181 2927 3246 2968 ac
3283 2913 3392 2969 Deo
3419 2915 3562 2969 canit
3591 2914 3690 2987 hy-

2113 3017 2316 3068 mnum,
2341 3004 2624 3074 omuiaque
2649 3003 2774 3058 facit
2798 3019 2915 3074 qua:
2943 3005 3212 3074 praemissa
3240 3015 3384 3062 sunt.
3412 3005 3688 3063 Undenam

2111 3103 2287 3149 autem
2324 3102 2407 3149 est
2449 3102 2554 3149 tam
2595 3094 2731 3150 bona
2761 3110 2854 3166 spe
2882 3096 3170 3166 praeditus?
3217 3098 3290 3151 Ex
3323 3099 3409 3168 pio
3441 3108 3495 3154 et
3537 3110 3690 3170 grato

2114 3187 2329 3252 animo,
2375 3202 2439 3242 ex
2484 3202 2676 3258 magno
2721 3197 2774 3242 et
2820 3189 3119 3245 vehementi
3158 3191 3333 3246 studio
3373 3192 3684 3262 petitionis:

2111 3277 2310 3332 sciebat
2335 3292 2455 3333 eum
2482 3279 2570 3348 qui
2597 3279 2672 3333 sic
2694 3289 2918 3352 peteret,
2937 3295 2967 3334 a
2992 3281 3099 3337 Deo
3123 3282 3381 3350 exaudiri,
3404 3297 3469 3338 ex
3496 3299 3690 3355 magno

2112 3369 2288 3423 cordis
2317 3369 2496 3424 calore
2519 3379 2570 3425 et
2599 3370 2901 3440 agitatione.
2935 3371 3390 3440 Quemadmodum
3431 3389 3560 3444 ergo
3593 3376 3683 3446 qui

2113 3462 2346 3532 segniter
2367 3473 2418 3518 et
2441 3463 2768 3534 negligenter
2789 3472 2993 3533 petunt,
3018 3464 3177 3518 etiam
3205 3480 3326 3519 cum
3355 3467 3681 3536 acceperint,

2113 3555 2201 3610 vix
2241 3554 2580 3611 donationem
2625 3555 2857 3610 sentiunt
2897 3573 2910 3610 :
2953 3554 3021 3608 ita
3061 3554 3150 3626 qui
3186 3555 3395 3611 intonso
3432 3557 3608 3613 studio
3635 3569 3690 3614 et

2111 3648 2415 3703 vehementi
2437 3646 2597 3702 animi
2615 3648 2953 3704 contentione
2973 3655 3186 3717 petunt,
3202 3647 3361 3702 etiam
3383 3647 3711 3719 priusquam

2112 3742 2452 3812 acceperint,
2484 3755 2548 3796 ex
2579 3754 2766 3810 magna
2803 3748 2853 3794 et
2885 3754 3013 3808 pura
3041 3754 3134 3794 sua
3161 3738 3438 3795 affectione
3472 3741 3714 3809 perinde.

2114 3849 2177 3889 ac
2205 3840 2250 3888 sl
2275 3834 2624 3903 accepissent,
2651 3833 2847 3888 donum
2877 3832 3132 3898 sentiunt,
3160 3830 3338 3886 divina
3359 3832 3525 3902 gratia
3553 3831 3692 3887 laui-

2115 3927 2240 3981 tiam
2281 3935 2436 3980 antea
2478 3925 2797 3981 immittente
2823 3941 2837 3977 :
2867 3933 2922 3979 et
2948 3932 3228 3994 propterea
3261 3931 3424 3992 agunt
3448 3925 3646 3994 gratias
3669 3965 3688 3990 ,

2115 4027 2170 4073 et
2203 4018 2272 4072 ab
2313 4017 2623 4087 accipiendo
2664 4031 2769 4073 non
2815 4017 2970 4088 longe
3011 4016 3220 4071 absunt.
3273 4014 3558 4070 Exsultabt't
3589 4032 3691 4070 cor

2113 4127 2278 4165 meum
2301 4115 2355 4165 in
2378 4111 2590 4166 salutari
2619 4119 2721 4165 tuo.
2751 4110 2884 4177 Hoc,
2916 4109 3113 4180 inquit,
3143 4123 3314 4163 meam
3339 4111 3568 4164 animam
3595 4110 3692 4164 lae-

2117 4201 2228 4256 titia
2268 4200 2472 4268 afticit,
2497 4201 2638 4272 quod
2666 4216 2696 4256 a
2735 4209 2789 4257 te
2824 4201 3048 4256 salutem
3087 4208 3438 4270 assequatur;
3481 4200 3692 4256 laetatur

2115 4293 2289 4348 anima
2316 4309 2433 4348 mea
2449 4334 2464 4359 ,
2491 4293 2632 4364 quod
2656 4294 2771 4364 ejus
2795 4295 2870 4349 sis
2887 4295 3052 4349 salus.

2184 4379 2238 4434 5.
2271 4378 2455 4434 Vidisti
2493 4379 2898 4434 exsultationem
2919 4420 2934 4441 ,
2965 4387 3022 4434 et
3046 4379 3480 4445 exsultationem;
3512 4380 3692 4435 inimi-

2115 4485 2299 4526 corum
2319 4470 2722 4527 exsultationem
2741 4479 2957 4542 propter
2973 4471 3198 4542 lapsum,
3217 4480 3271 4526 et
3285 4471 3690 4527 exsultationem

2117 4567 2309 4621 animae
2337 4574 2556 4637 propter
2587 4565 2853 4636 propriam
2888 4564 3151 4620 salutem?
3193 4565 3284 4620 Illa
3313 4573 3396 4622 est
3421 4564 3687 4634 improbi;

2120 4658 2235 4714 lucc
2270 4665 2354 4714 est
2385 4672 2570 4712 eorum
2604 4657 2694 4727 qui
2717 4665 3122 4712 conservantur.
3159 4655 3249 4712 illa
3283 4666 3365 4712 est
3393 4656 3610 4710 exitium
3637 4664 3694 4709 et

2119 4751 2234 4822 ejus
2276 4751 2365 4820 qui
2408 4749 2682 4805 videbatur
2726 4749 2991 4804 exsultare
3013 4789 3030 4815 ,
3061 4756 3115 4804 et
3153 4748 3268 4818 ejus
3303 4757 3517 4817 propter
3551 4745 3691 4816 quod

2119 4841 2450 4908 exsultabat;
2483 4841 2597 4896 haec
2621 4849 2703 4896 est
2727 4840 2871 4896 salus
2894 4849 2948 4894 et
2974 4839 3240 4896 restitutio
3265 4837 3380 4908 ejus
3403 4838 3496 4908 qui
3516 4837 3694 4892 exsul-

2120 4945 2215 4991 tat.
2247 4935 2359 4991 Hae
2381 4951 2508 5006 ergo
2523 4934 2878 4990 exsultatione
2899 4942 2954 4988 et
2978 4933 3152 4988 laetitia
3178 4933 3420 4987 lzetemur
3438 4941 3492 4986 et
3511 4931 3694 4985 exsul-

2123 5037 2295 5084 temus
2319 5046 2332 5082 :
2355 5027 2498 5082 illam
2526 5026 2786 5096 fugiamus
2809 5033 3210 5092 etaversemur.
3235 5021 3456 5078 Cantabo
3476 5020 3694 5076 Domino

2121 5122 2205 5192 qui
2229 5121 2360 5174 bona
2383 5119 2551 5174 tribuit
2580 5119 2723 5184 mihi,
2750 5129 2796 5173 et
2823 5117 3039 5188 psallam
3065 5119 3253 5171 nomini
3280 5115 3483 5170 Domini
3505 5115 3696 5168 altissi-

2125 5213 2214 5266 mi.
2263 5211 2657 5266 Monumentum
2681 5249 2699 5276 ,
2730 5209 2934 5278 inquit,
2965 5207 3122 5276 hujus
3161 5206 3404 5263 beneficii
3433 5205 3697 5260 canticum

2126 5303 2351 5358 Domino
2376 5300 2594 5356 offeram
2613 5341 2630 5365 ,
2659 5299 2800 5371 quod
2825 5315 2911 5354 me
2937 5297 3194 5353 beneficio
3217 5297 3457 5353 aﬂ‘ecerit
3475 5336 3492 5359 ,
3520 5295 3699 5350 inimi-

2125 5411 2245 5453 cum
2275 5395 2527 5450 humilem
2557 5401 2610 5448 et
2643 5393 2909 5461 abjectum
2932 5391 3260 5458 reddiderit,
3289 5389 3575 5462 ignominia
3602 5388 3700 5443 ima

2128 5488 2346 5558 pleverit
2372 5526 2389 5554 ,
2435 5484 2755 5541 imbecillum
2807 5483 3138 5548 ostenderit,
3187 5497 3359 5537 meam
3407 5479 3704 5536 exaudierit

2128 5581 2444 5644 orationem,
2473 5579 2524 5631 in
2554 5592 2639 5631 me
2667 5577 2867 5631 vultum
2898 5591 3051 5631 suum
3081 5575 3436 5639 converterit,
3467 5573 3704 5630 discussa

2130 5672 2355 5743 caligine
2378 5679 2434 5726 et
2459 5669 2689 5725 tenebris
2712 5709 2728 5734 ,
2760 5684 2854 5738 per
2877 5684 3010 5738 quas
3037 5668 3104 5724 ad
3131 5679 3355 5723 mortem
3379 5667 3589 5722 ferebar
3613 5685 3626 5721 :
3654 5676 3703 5721 ri

2132 5770 2349 5839 propter
2391 5761 2505 5832 ejus
2549 5760 2776 5815 salutare
2826 5759 3137 5827 exsultans,
3182 5767 3448 5829 tamquam
3489 5751 3703 5826 aliquod
