4090 6346
328 399 449 466 131

346 513 579 566 ἀκουσὼ
613 533 736 585 μου.
771 521 880 576 Καὶ
909 525 963 578 τί
1000 526 1198 590 αίτεῖς;
1227 526 1509 594 Κρατῆσαι
1542 527 1648 579 τῶν
1674 527 1914 597 ἐχθρῶνῖ

346 602 429 654 υύ
451 602 608 658 τοῦτό
633 624 817 678 φησιν,
845 613 980 666 ἀλλὰ
997 656 1012 678 ,
1039 614 1373 685 φωτιοθῆναι
1403 616 1528 677 τοὺς
1562 617 1663 687 τῆς
1683 618 1920 690 ξκαρδίας

346 689 680 761 ὀφθαλμοὺς,
709 697 1106 772 ἀποδιωχθῆναι
1126 703 1188 756 τὸ
1220 704 1411 766 σκότος
1443 705 1502 756 τὸ
1531 689 1784 776 ἐπιχυθέν
1815 724 1916 776 μου

348 777 428 845 τῷ
455 777 749 852 διορατικῷ
792 786 890 856 τῆς
933 789 1144 861 ψυχῆς,
1188 791 1281 844 καὶ
1325 791 1578 846 σκοτίσαν
1606 793 1696 846 τὸν
1729 796 1918 866 νοητὸν

347 862 644 934 ὀφθαλμόν.
691 871 860 927 Τοῦτο
892 875 1046 939 αἰτῶ,
1094 877 1360 932 Φώτισον
1404 879 1545 945 τοὺς
1579 862 1918 952 ὀφθαλμούς

342 967 484 1016 μου.
508 953 606 1022 Μή
646 969 790 1011 ποτε
816 961 954 1028 εἴπῃ
989 965 1021 1015 ὁ
1040 964 1250 1032 ἐχθρός
1268 984 1388 1034 μου
1409 1006 1423 1030 ,
1457 967 1578 1020 ίδών
1610 987 1675 1039 με
1703 987 1919 1024 κατενε-

345 1036 544 1105 χθέντα
564 1043 644 1128 εἰς
665 1043 754 1097 τὸν
779 1047 876 1117 τῆς
905 1050 1177 1121 ἁμαρτίας
1198 1052 1422 1108 θάνατον
1441 1072 1457 1088 ο
1475 1036 1666 1120 Οὕτως
1689 1071 1714 1098 ι
1735 1059 1912 1128 ισχυ-

343 1141 434 1176 σα
472 1127 622 1195 πρὸς
644 1131 849 1188 αὐτόν.
893 1137 1290 1210 Κατεκράτησα
1319 1144 1484 1196 αὐτοῦ
1503 1185 1516 1207 ,
1566 1145 1702 1216 ὅπερ
1725 1127 1914 1218 ἤθελον

349 1211 509 1301 ίδεῖν,
539 1217 730 1284 γέγονέ
761 1238 868 1289 μοι.
914 1224 979 1278 Τί
1009 1227 1179 1293 ἐστιν,
1215 1232 1477 1299 Ἰσχυσα
1516 1211 1912 1301 πρὸς-αὐτόη

349 1299 472 1353 Ὀτι
505 1304 552 1394 εἰ
583 1305 677 1358 καὶ
712 1308 786 1379 μὴ
821 1310 1005 1375 άπλῶς
1037 1315 1252 1386 ἰσχυρός
1277 1320 1450 1384 ἐστιν,
1481 1299 1616 1374 ἀλλά
1642 1299 1785 1392 πρὸς
1813 1299 1912 1394 ἐμέ

345 1387 567 1458 ἰσχυρὸς
601 1392 839 1461 γέγονεν.
876 1396 940 1450 Ἠ
977 1400 1130 1470 ήμῶν
1159 1398 1296 1474 ¹ἧττα
1345 1407 1496 1476 ἰσχὺν
1521 1407 1668 1478 αὐτῴ
1696 1387 1909 1482 περιτί-

340 1474 526 1542 θησιν,
563 1479 781 1552 ἰσχυρὸν
813 1485 1119 1556 ἀποφαίνει,
1145 1493 1239 1545 καὶ
1267 1495 1546 1564 κραταιὸν,
1575 1497 1670 1550 καὶ
1703 1498 1910 1553 ἀκατα-

344 1577 610 1632 μαχητον.

415 1709 482 1778 β’.
501 1712 680 1804 Ὁρᾷς,
706 1717 787 1772 ὅτι
817 1720 942 1774 ὅταν
961 1723 1380 1801 ἀμαρτάνωμεν,
1404 1733 1465 1786 οὐ
1502 1735 1659 1804 μόνον
1685 1737 1906 1803 ἑαυτοὺς

337 1803 792 1896 καταισχύνομεν,
828 1810 1154 1882 ἀπόλλυμεν,
1188 1819 1266 1881 είς
1295 1803 1519 1876 θάνατον
1549 1824 1903 1896 ἐμϐάλλομεν,

337 1885 476 1976 ἀλλὰ
511 1892 603 1943 καὶ
633 1894 756 1958 τοὺς
785 1897 1008 1967 ἐχθροὺς
1040 1907 1331 1971 κραταιοὺς
1374 1909 1466 1961 καὶ
1519 1885 1806 1976 δυνατοὺς..
1838 1885 1904 1966 δέ

335 1969 417 2026 ὧν
452 1977 762 2048 ἡττήμεθα,
794 1985 1239 2060 ἀνακηρύττομεν
1259 2008 1272 2024 ο
1311 1994 1406 2048 καὶ
1439 1996 1499 2049 οὐ
1529 1999 1688 2068 μόνον
1711 1999 1900 2066 τοῦτο,

510 2068 606 2118 καὶ
641 2069 700 2120 ἐν
732 2053 1048 2138 ἀγαλλιάσει
1079 2053 1173 2132 καὶ
1201 2080 1503 2155 εὐφροσύνῃ
1529 2053 1732 2150 ἀὐτοὺς

309 2151 596 2246 ,ιστῶμειμ
619 2155 805 2246 Βαϐαῖ,
825 2161 995 2230 πόσης
1023 2166 1228 2231 ἀνοίας,
1254 2151 1426 2242 πόσης
1447 2151 1824 2246 παραπληξίας
1841 2179 1902 2230 τὸ

331 2241 449 2301 τοῖς
486 2241 764 2313 πολεμίοις
788 2247 906 2300 καθ’
935 2250 1142 2306 ἑαυτῶν
1182 2241 1520 2327 συμμαχεῖν,
1553 2263 1647 2314 καὶ
1674 2266 1787 2326 τοῖς
1811 2264 1903 2317 λυ-

332 2325 502 2420 ποῦσι
523 2331 635 2420 ,καὶ
682 2331 951 2420 θλίϐουσιν
992 2341 1148 2409 ἡμῶν
1175 2325 1272 2414 τὴν
1508 2325 1898 2420 εὐφραίνεσθαι

335 2415 432 2466 καὶ
459 2414 820 2483 ἀγαλλιᾶσθαι
857 2429 1319 2494 παρασκευάζεινί
1365 2414 1504 2504 Ὅρα
1534 2414 1676 2490 πόσα
1703 2438 1896 2494 ἄτοπα.

303 2532 310 2540 ε
333 2500 464 2554 Δέον
485 2507 642 2574 νικᾷν
666 2506 756 2560 τὸν
777 2509 965 2581 ἐχθρὸν
988 2514 1392 2586 (Ἠσθένησαν
1411 2500 1520 2590 γὰρ
1542 2525 1602 2576 αἱ
1616 2524 1899 2594 ρομφαῖαι

310 2592 519 2646 αὑτοῦ
552 2597 642 2660 εἰς
667 2596 858 2664 τέλος,
893 2602 994 2655 καί
1014 2605 1286 2660 ἀπώλετο
1322 2613 1356 2664 ό
1379 2611 1648 2682 ἀσεϐὴς),
1673 2592 1790 2670 δέον
1818 2634 1898 2670 νι-

332 2681 459 2750 κᾷν,
481 2683 771 2753 ἡττώμεθα
791 2703 805 2716 ·
835 2690 927 2742 καὶ
958 2692 1018 2744 οὐ
1051 2695 1210 2764 μόνον
1242 2699 1429 2763 τοῦτο,
1465 2681 1614 2754 ἀλλά
1631 2705 1725 2756 καὶ
1766 2722 1900 2775 κρα-

331 2774 483 2825 ταιὸν
509 2774 602 2826 καὶ
632 2775 848 2848 ἰσχυρὸν
871 2781 1279 2855 ἀποφαινόμεθα
1295 2801 1308 2816 “
1337 2790 1430 2842 καὶ
1452 2791 1573 2844 οὐδέ
1599 2792 1758 2863 μέχρι
1774 2774 1898 2848 τού-

305 2875 426 2912 -του
454 2861 672 2916 ἵσταται
700 2867 831 2936 ἡμῖν
862 2871 957 2923 καὶ
971 2871 1040 2924 τὰ
1057 2874 1156 2944 τῆς
1176 2877 1391 2945 μανίας,
1414 2879 1596 2934 καὶτὰ
1736 2885 1896 2954 ἐσχά-

327 2963 430 3018 της
473 2951 632 3004 νόσου
655 2995 668 3017 ,
698 2953 834 3008 ἀλλά
875 2957 968 3011 καὶ⁹
1006 2959 1075 3014 τὰ
1122 2964 1201 3026 είς
1231 2964 1566 3038 εὐφροσύνην
1610 2951 1774 3023 αὐτοῦ
1801 2951 1897 3028 καὶ

326 3034 655 3101 ἀγαλλίασιν
685 3045 1234 3118 παρασκευαζόμεθα.
1265 3034 1470 3117 Ὄντως
1498 3034 1698 3127 ἐσχάτη
1731 3058 1891 3129 μέθη,

328 3126 425 3192 καὶ
452 3127 623 3182 κακὸν
644 3129 867 3202 ἔσχατον
886 3135 919 3205 ἡ
941 3136 1204 3210 ἁμαρτία.
1243 3126 1770 3208 Ἀγαλλιάσονταιὶι
1790 3126 1898 3205 ἐὰνο

321 3218 626 3311 σαλευθῶ.
649 3222 784 3294 Τρία
812 3225 1151 3296 δικαιώματα
1175 3233 1438 3302 προσάγει
1459 3237 1537 3298 εἰς
1564 3237 1624 3289 τὸ
1647 3237 1896 3311 δυσωπῆ-

331 3319 420 3355 σαι
448 3300 476 3358 ό
509 3306 802 3381 Προφήτης
835 3312 927 3366 τὸν
955 3300 1230 3388 Δεσπότην
1249 3360 1264 3381 ,
1302 3300 1448 3386 ὅπως
1476 3323 1739 3398 ἐπιϐλέψῃ
1757 3367 1770 3390 ,
1801 3300 1895 3382 καὶ

324 3391 632 3465 ἐπιστρέψῃ
675 3396 736 3450 τὸ
779 3401 1066 3470 πρόσωπον
1105 3406 1268 3460 αὐτοῦ
1299 3409 1386 3462 ἐπ’
1418 3411 1578 3466 αὐτὸν
1605 3452 1620 3476 ,
1779 3417 1893 3470 εισ-

326 3479 536 3554 σκούσῃ
565 3483 667 3554 τῆς
689 3486 924 3558 δεήσεως
955 3492 1117 3546 αὐτοῦ
1137 3509 1151 3524 ·
1183 3495 1244 3549 τὸ
1269 3499 1465 3569 κράτος
1499 3501 1592 3554 καὶ
1619 3503 1715 3573 τὴν
1745 3505 1894 3574 ἰσχὺν

297 3628 301 3630 Ἴ
325 3566 433 3620 τῶν
465 3571 698 3642 ἐχθρῶν,
727 3577 822 3629 καὶ
844 3579 948 3649 πρὸ
975 3581 1164 3636 τούτου
1188 3585 1248 3638 τὸ
1273 3586 1473 3659 ὕψωμα
1499 3591 1591 3642 καὶ
1612 3591 1709 3661 τὴν
1733 3592 1896 3665 ἐπαρ-

326 3671 412 3706 σιν
439 3657 640 3723 αὐτῶν,
676 3663 770 3716 καὶ
796 3666 994 3737 τρίτον,
1022 3669 1120 3741 τὴν
1144 3672 1480 3746 εὐφροσύνην
1510 3679 1602 3729 καὶ
1632 3679 1893 3746 ἀγαλλία-

328 3759 415 3839 σιν
440 3745 642 3810 αὐτῶν,
675 3754 952 3824 μονονουχὶ
979 3755 1167 3824 λέγων,
1199 3760 1274 3823 ὡς
1310 3760 1373 3814 Εἰ
1514 3762 1600 3818 διά
1631 3745 1728 3837 την
1757 3767 1892 3839 ἐμὴν

322 3829 528 3902 δέησιν,
554 3834 639 3888 διὰ
664 3836 761 3908 τὴν
787 3842 924 3913 ἐμὴν
949 3844 1318 3917 ταλαιπωρίαν
1346 3829 1696 3923 ἐπιστρέφεις
1718 3829 1806 3925 μοί
1833 3829 1894 3910 τὸ

326 3920 616 4010 πρόσωπόν
653 3941 747 3977 σου
769 3966 782 3988 ,
814 3928 1012 4000 Κύριε,
1059 3932 1172 3986 ἀλλ’
1206 3931 1298 3988 οὖν
1329 3935 1416 3989 διὰ
1443 3920 1539 4010 τὴν
1578 3920 1891 4004 ἀλαζονείαν

325 4006 436 4061 τῶν
466 4009 705 4098 ἐχθρῶν,
753 4013 885 4067 διότι
919 4019 1010 4071 ἐπὶ
1058 4021 1201 4092 ίσχύῖ
1238 4006 1508 4096 φρονοῦσιν
1538 4028 1682 4098 μέγα
1710 4045 1723 4057 θ
1757 4031 1891 4085 διότι

323 4096 667 4167 ἑπιχαίρουσι
693 4103 806 4164 τοῖς
833 4108 1017 4169 κακοῖς
1039 4124 1162 4176 μου,
1192 4112 1482 4182 ἐπιγελῶσί
1510 4133 1612 4185 μου
1639 4116 1716 4189 τῷ
1747 4118 1892 4172 πτὼι

322 4198 478 4252 ματι.
502 4184 890 4273 βίσᾴκουσόν
905 4210 1026 4261 μου
1045 4233 1059 4258 ,
1089 4195 1352 4264 ςεώτισον
1374 4184 1518 4267 τοὺςί
1549 4184 1889 4273 ὀφθαλμούς

318 4285 462 4336 μου.
499 4271 698 4364 ’Δφελε
739 4276 830 4329 τὸν
861 4278 1030 4346 βαθὺν
1058 4280 1224 4336 ὕπνον
1254 4285 1347 4337 ἐπὶ
1374 4289 1492 4350 ταῖς
1518 4271 1677 4360 ἐμαῖς
1707 4271 1886 4364 ἀ-μαρζ

320 4355 486 4420 τίαις,
498 4356 514 4428 [
527 4357 650 4450 12θ]
669 4359 988 4450 δνᾲύπνώσας
1005 4368 1156 4440 παρά
1173 4369 1203 4440 β
1210 4373 1344 4442 ραχύ
1358 4374 1494 4446 πρὸς
1507 4355 1596 4430 τὸν
1606 4355 1888 4450 τῆςψΙυχῆς

320 4443 673 4514 ἁπενύσταξα
723 4448 970 4510 θάνατον.
1019 4456 1084 4510 El
1127 4458 1233 4530 γὰρ
1283 4443 1442 4531 μόνον
1484 4464 1595 4518 ἀπὸ

320 4532 623 4601 ἀσφαλείας
665 4537 935 4626 σαλευθῶ,
963 4544 1107 4615 χαρά
1139 4547 1340 4614 αὐτοῖς,
1381 4549 1476 4604 καὶ
1515 4532 1884 4626 μεγαλαυχία,

320 4619 416 4670 καὶ
437 4620 592 4690 ἰσχὺς
616 4622 775 4679 τοῦτο
796 4628 1107 4698 νομίζεται·
1134 4634 1226 4686 καὶ
1245 4635 1416 4706 τούτῳ
1448 4619 1884 4712 μέγα-φρονοῦσι,

321 4706 420 4759 καὶ
448 4709 915 4800 είσὶνάνύποιστοι
929 4731 943 4747 ·
973 4717 1038 4770 ἂν
1057 4718 1115 4772 δὲ
1137 4723 1218 4783 είς
1243 4706 1468 4778 θάνατον
1491 4706 1813 4800 κατενεχθῶ,
1834 4706 1887 4786 τι

316 4794 422 4846 οὐκ
461 4795 527 4848 ἂν
563 4790 711 4852 οὗτοι
741 4803 1054 4873 ποιήσειαν;
1105 4807 1263 4879 Ὁρᾷς
1301 4811 1392 4864 τὸν
1416 4790 1732 4888 Προφήτην,
1771 4790 1888 4884 πῶς

279 4927 284 4935 ,
317 4881 536 4948 ἡγεῖται
581 4885 844 4958 μεγίστην
882 4891 1114 4962 ζημίαν,
1160 4897 1254 4950 καὶ
1299 4881 1764 4968 οὐδὲννκολάσεως

316 4968 588 5062 τιμωρίας
617 4971 856 5062 ἐλαττον,
884 4977 946 5030 τὸ
969 4981 1228 5052 εὐφρᾶναι
1251 4986 1340 5039 τὸν
1371 4989 1544 5044 κοινὸν
1571 4991 1764 5062 ἐχθρὸν
1782 5036 1796 5058 ,
1827 4995 1888 5048 τὸ

320 5052 541 5152 ἰσχυρὸν
571 5057 730 5111 αὐτὸν
762 5061 1020 5133 ὀφθῆναι,
1049 5069 1109 5121 τὸ
1151 5071 1350 5142 ὑψηλὸν
1377 5075 1544 5142 δόξαι.
1674 5052 1794 5150 γὰρ,
1810 5083 1884 5152 μὴ

317 5141 413 5192 καὶ
439 5141 670 5211 μέγιστα
700 5150 794 5201 καὶ
818 5151 1063 5224 ἀφόρητα
1097 5141 1277 5227 ἠγεῖτο
1298 5162 1466 5216 ταῦτα
1495 5167 1658 5231 κακά,
1691 5171 1790 5222 οὐκ
1819 5172 1884 5225 ἂν

315 5227 458 5328 αὐτά
481 5233 842 5300 προύϐάλλετο
867 5239 946 5302 είς
971 5243 1314 5314 παράκλησιν
1336 5247 1427 5300 τοῦ
1452 5251 1607 5319 Θεοῦ,
1629 5227 1723 5308 καὶ
1751 5258 1887 5328 πρὸς

312 5313 378 5366 τὺ
405 5316 815 5376 ἐπισπάσασθαι
842 5324 940 5396 τὴν
965 5327 1243 5399 εὐμένειαν
1264 5335 1452 5392 αὐτοῦ.
1469 5338 1624 5393 Οὐτω
1646 5343 1886 5415 ποιῶμεν

313 5403 605 5498 καὶήμεῖς
626 5447 642 5471 ,
671 5409 764 5462 καὶ
804 5414 1115 5487 σκοπῶμεν,
1156 5421 1247 5474 καὶ
1276 5422 1668 5498 ἀγωνιζώμεθα
1691 5470 1707 5493 ,
1735 5403 1880 5497 ὅπως

310 5488 390 5588 μὴ
414 5490 722 5565 ὐψώσωμεν
749 5498 840 5552 τὸν
859 5501 1070 5572 ἐχθρὸν,
1095 5507 1240 5572 ὅπως
1364 5488 1580 5585 ἰσχυρὸν
1601 5488 1879 5590 δείξωμεν,

305 5576 456 5643 ὅπως
481 5583 557 5653 μὴ
579 5584 960 5659 εὐφράνωμεν,
984 5592 1119 5648 ἀλλά
1144 5576 1588 5674 τούναντίονλκαὶ
1608 5576 1879 5675 ταπείνὸν,

366 5744 392 5804 ξ
418 5741 588 5804 ρῦτως
612 5741 763 5791 deest
795 5746 844 5793 in
877 5746 998 5797 edit.
1027 5750 1254 5804 Romana.

363 5801 391 5838 δ
419 5801 544 5852 Bibl.
579 5807 624 5853 οἱ
650 5806 880 5864 θλίϐοντές
899 5826 957 5867 με
978 5812 1142 5885 ἀγαλλ.

1496 412 1864 469 EXPOSITIO
1902 413 1969 468 IN
2011 413 2337 473 PSALMUM
2380 419 2491 474 ΧΠ.

3463 433 3588 490 -152

2024 528 2118 578 καὶ
2146 527 2395 600 ἐξουθενη
2405 532 2583 600 μένον,
2609 532 2702 585 καὶ
2725 535 2946 606 ἀσθενῆ,
2975 537 3068 590 καὶ
3089 543 3326 611 κατηφῆ,
3355 542 3447 595 καὶ
3467 561 3592 598 σκυ-

2020 612 2236 683 θρωπὸν
2260 616 2640 689 ἐργασώμεθά.
2670 623 2766 675 Ἂν
2793 624 2898 694 γάρ
2923 626 3316 697 κατορθοῦντας
3341 629 3434 682 ἴδοι
3461 633 3587 696 τοὺς

2019 700 2447 771 ἁμαρτάνοντας,
2484 707 2662 760 πάντα
2694 707 2812 779 ἅμα
2847 712 3016 766 ταῦτα
3063 716 3291 782 γίνεται.
3335 717 3483 786 Ἐγὼ
3517 719 3587 772 δὲ

2021 788 2114 841 ἐπὶ
2139 788 2220 854 τῷ
2237 789 2390 844 ἐλέει
2413 807 2528 846 σου
2552 793 2800 862 ἤλπισα.
2821 799 2886 850 Τί
2908 793 2999 853 οῦν
3021 802 3388 874 κατορθώσας,
3412 805 3584 858 ταῦτα

2017 877 2214 940 αἰτεῖς,
2252 879 2536 950 ἐπιϐλέψαι
2575 883 2735 937 πάλιν
2779 888 2860 948 εἰς
2901 886 2980 951 σέ,
3012 890 3329 946 εῖσακοῦσαί
3360 909 3452 946 σου
3481 894 3583 964 τῆς

2014 961 2270 1034 δεήσεως,
2321 969 2654 1040 φωπσθῆναί
2692 988 2786 1025 σου
2817 973 2914 1044 τῆς
2951 973 3188 1040 διανοίας
3227 980 3354 1042 τοὺς
3383 961 3582 1048 ὀφθαλ-

2018 1051 2184 1122 μούς;
2215 1053 2377 1108 πόθεν
2408 1057 2466 1110 δέ
2488 1075 2568 1111 σοι
2589 1060 2791 1127 ταῦτα;
2827 1063 2888 1115 οε
2922 1064 3021 1134 μὲν
3045 1064 3212 1131 ἄλλοι,
3237 1070 3419 1138 φησὶν,
3447 1071 3500 1122 εί
3527 1088 3580 1123 τι

2015 1139 2110 1192 καὶ
2129 1143 2304 1196 εἰπεῖν
2327 1142 2516 1214 ἔχοιεν,
2541 1145 2845 1215 λεγέτωσαν
2862 1167 2876 1181 ·
2901 1149 3012 1219 ἐγὼ
3030 1152 3087 1205 δὲ
3107 1152 3165 1204 ἓν
3183 1151 3316 1218 οἶδα,
3336 1155 3393 1208 ἐν
3413 1155 3578 1224 λέγω,

2014 1227 2129 1280 ἐκεῖ
2177 1245 2274 1300 μου
2303 1233 2476 1285 πᾶσαν
2507 1234 2718 1305 ἠρτησα
2748 1237 2844 1308 τὴν
2875 1237 3094 1305 ἐλπίδα,
3127 1241 3303 1296 ἐκεῖνο
3338 1244 3574 1313 προϐάλ-

2011 1313 2196 1385 λομαι,
2221 1315 2281 1369 τὸ
2309 1317 2454 1383 ἔλεός
2483 1337 2597 1382 σου,
2624 1321 2720 1394 τὴν
2746 1325 3150 1397 φιλανθρωπίαν
3174 1345 3288 1382 σου.
3327 1330 3465 1399 Ἐγὼ
3487 1331 3575 1395 δὲ,

2013 1402 2196 1472 φησὶν,
2235 1403 2332 1458 ἐπὶ
2365 1404 2444 1471 τῷ
2487 1407 2641 1463 ἐλέει
2686 1426 2802 1464 σου
2843 1411 3093 1481 ἤλπισα.
3129 1411 3284 1480 Εἶδες
3324 1435 3576 1471 ταπεινο-

2011 1491 2284 1562 φροσύνην
2327 1493 2646 1568 Προφήτους
2701 1495 2838 1564 εἶδες
2882 1501 3296 1574 εὐγνωμοσύνην
3343 1507 3575 1578 ἀνδρός;

2008 1579 2200 1634 Καίτοι
2231 1585 2400 1654 μυρία
2442 1586 2840 1659 κατορθώματα
2866 1589 3025 1661 ἔχων,
3054 1593 3149 1646 καὶ
3189 1593 3252 1647 δι’
3284 1595 3462 1648 αὐτῶν
3489 1597 3577 1650 δυ-

2009 1666 2238 1733 νάμενος
2267 1670 2584 1742 δυσωπῆσαι
2615 1674 2706 1726 τὸν
2753 1675 2917 1740 Θεὸν,
2960 1677 3110 1731 οὐδὲν
3157 1679 3362 1734 τούτων
3391 1682 3572 1750 λέγει,

2007 1754 2121 1808 ἀλλ’
2150 1757 2243 1809 ἐπὶ
2280 1759 2440 1828 μόνον
2467 1761 2526 1814 τὸ
2555 1762 2702 1827 ἕλεος
2732 1764 2826 1818 τοῦ
2859 1765 2994 1820 Θεοῦ
3033 1768 3386 1838 καταφεύγει.
3411 1771 3572 1825 Ὥστε

2005 1842 2162 1913 δῆλον
2190 1846 2272 1898 ὃτι
2312 1847 2406 1900 καὶ
2450 1850 2538 1902 ὅτε
2567 1850 2740 1906 ταῦτα
2776 1852 2944 1922 λέγει,
2973 1853 3052 1918 ὡς
3090 1855 3172 1919 τὸ,
3215 1859 3284 1910 El
3312 1858 3575 1926 ἐποίησα

2004 1930 2202 1999 τοῦτο,
2229 1937 2300 1989 El
2328 1935 2737 2001 ἁνταπέδωκα,
2773 1941 2866 1994 καὶ
2894 1941 2962 1995 τὰ
2990 1943 3234 2005 τοιαῦτα,
3268 1947 3347 2007 εἰς
3373 1947 3572 2017 πολλὴν

2004 2022 2250 2091 ἀνάγκην
2287 2023 2381 2076 τοῦ
2423 2027 2595 2080 εἰπεῖν
2633 2027 2888 2098 ἐμπεσὼν
2912 2069 2928 2092 ,
2960 2031 3133 2084 ταῦτα
3176 2032 3354 2101 λέγει·
3397 2032 3466 2106 ἧς
3495 2037 3570 2107 μὴ

2005 2107 2287 2180 παρούσης
2320 2111 2472 2166 οὐδὲν
2521 2115 2745 2168 ἐκείνων
2793 2117 2981 2186 φησὶν,
3011 2117 3148 2171 ἀλλά
3188 2119 3249 2172 τὸ
3297 2120 3443 2185 ἕλεος
3476 2123 3571 2176 καὶ

2002 2195 2100 2267 τὴν
2150 2196 2560 2269 φιλανθρωπίαν
2598 2203 2691 2255 τοῦ
2725 2203 2858 2257 Θεοῦ
2901 2205 3022 2258 ἀντὶ
3063 2206 3243 2276 πάσης
3291 2208 3569 2281 ἱκετηρίας

2002 2283 2383 2353 προϐάλλεται.
2407 2282 2540 2341 Εἶτα
2565 2288 2858 2354 πεποιθὼς,
2876 2293 2958 2346 ὅτι
2989 2293 3086 2364 τῆς
3117 2295 3326 2360 ἐλπίδος
3347 2297 3406 2349 οὐ
3436 2299 3568 2368 ψευ-

2003 2369 2279 2439 σθήσεται,
2306 2373 2501 2442 ἐπάγει
2517 2392 2531 2406 ν
2565 2377 3005 2446 Ἀγιιλλιάσεται
3031 2382 3069 2450 ἡ
3096 2381 3305 2450 καρδία
3323 2403 3444 2454 μου
3470 2386 3565 2439 ἐπι

1999 2455 2080 2522 τῷ
2107 2461 2373 2526 σωτηρίῳ
2402 2478 2519 2515 σου

2069 2558 2221 2628 Εἶδες
2250 2565 2505 2620 εὐέλπιδα
2544 2566 2756 2641 ψυχήνς
2798 2572 3026 2644 ’ᾘτησε,
3062 2574 3154 2629 καὶ
3180 2578 3310 2647 πρὶν
3342 2577 3374 2649 ἢ
3405 2577 3565 2650 λάϐῃ,

2019 2651 2093 2714 ὡς
2122 2651 2299 2705 λαϐὼν
2332 2655 2658 2727 εὐχαριστεῖ,
2695 2659 2791 2711 καὶ
2827 2659 2940 2731 ᾄδει
2978 2660 3054 2731 τῷ
3091 2663 3228 2734 Θεῷ,
3271 2667 3364 2718 καὶ
3390 2667 3568 2720 πάντα

1997 2740 2065 2794 τὰ
2111 2743 2472 2813 προειληφότα
2505 2745 2912 2817 διαπράττεται.
2956 2749 3125 2804 Πόθεν
3171 2753 3228 2805 δὲ
3279 2751 3451 2816 οὕτως
3497 2751 3567 2826 ἦν

1999 2826 2244 2896 εῦελπις;
2299 2831 2429 2883 Ἀπὸ
2477 2833 2677 2903 πολλῆς
2719 2835 3168 2906 εὐγνωμοσύνης,
3216 2840 3322 2893 ἀπὸ
3367 2841 3566 2912 πολλῆς

2000 2916 2236 2986 σπουδῆς
2287 2919 2386 2988 τῆς
2439 2919 2567 2990 περὶ
2631 2920 2728 2992 τὴν
2785 2924 3025 2993 αἴτησιν·
3087 2925 3202 2996 ᾔδει
3261 2928 3342 2981 ὃτι
3392 2927 3566 2994 οὕτως

1997 3005 2315 3074 αἰτουμένου
2369 3006 2503 3070 Θεὸς
2563 3009 2867 3076 είσακούει,
2923 3013 3029 3065 ἀπὸ
3091 3013 3290 3084 πολλῆς
3344 3018 3443 3087 τῆς
3506 3020 3565 3073 ἐν

1996 3093 2061 3161 τῇ
2122 3091 2317 3163 καρδίᾳ
2367 3093 2576 3164 θέρμης
2625 3097 2720 3149 καὶ
2755 3100 3041 3168 κινήσεως.
3104 3099 3316 3173 Ὥσπερ
3370 3100 3464 3157 οὖν
3515 3108 3564 3159 οῖ

1995 3179 2217 3249 νωθρῶς
2257 3181 2351 3233 καὶ¹
2398 3182 2742 3254 παρειμένως
2785 3185 3114 3257 αἰτούμενοι,
3164 3190 3259 3242 καὶ
3289 3189 3562 3259 λαϐόντες,

1999 3267 2150 3337 μόλις
2179 3268 2277 3338 τῆς
2316 3269 2524 3340 δωρεᾶς
2561 3273 3008 3328 ἐπαισθάνονται·
3039 3275 3213 3341 οὕτως
3248 3281 3296 3333 οἱ
3344 3297 3565 3335 συνεπι-

1994 3354 2265 3426 τεταμένῃ
2303 3357 2581 3429 προθυμίᾳ
2627 3360 2722 3412 καὶ
2757 3361 2958 3433 σπουδῇ
2991 3364 3090 3435 τὴν
3125 3367 3338 3434 αἴτησιν
3382 3367 3566 3421 ποιούο

1999 3458 2169 3512 μενοι,
2197 3444 2292 3496 καὶ
2315 3444 2422 3524 πρὸ
2450 3445 2545 3498 τοῦ
2573 3445 2776 3512 λαϐεῖν,
2801 3449 2911 3502 ἀπὸ
2930 3450 3030 3520 τῆς
3060 3453 3180 3506 κατ’
3204 3454 3400 3518 αὐτοὺς
3430 3471 3562 3524 σφο-

1993 3528 2124 3600 δρᾶς
2144 3532 2240 3584 καὶ
2267 3521 2514 3602 καθαρᾶς
2535 3533 2844 3599 διαθέσεως,
2863 3536 2940 3601 ὼς
2964 3537 3236 3604 λαϐόντες,
3262 3541 3442 3612 ἔχουσι
3469 3521 3562 3596 τοῦ

1993 3617 2164 3690 δώρου
2195 3621 2560 3692 συναίσθησιν,
2586 3622 2689 3693 τῆς
2715 3623 2865 3689 θείας
2895 3626 3077 3690 αὐτοῖς
3103 3628 3324 3700 χάριτος
3349 3631 3445 3702 τὴν
3475 3633 3564 3684 εὐ-

1995 3706 2264 3780 φροσύνην
2281 3709 2686 3782 προεντιθείσης
2705 3727 2718 3742 ο
2752 3713 2846 3767 καὶ
2867 3714 3247 3786 εὐχαριστοῦσι
3271 3717 3359 3771 διὰ
3385 3719 3561 3781 τοῦτο,

1995 3797 2085 3849 καὶ
2108 3797 2202 3849 τοῦ
2219 3796 2403 3850 λαϐεῖν
2427 3799 2594 3866 ἐγγὺς
2618 3799 3039 3872 καθεστήκασιν.
3060 3804 3504 3872 Ἀταλλιάσεται
3523 3810 3560 3876 ἡ

1992 3885 2204 3952 καρδία
2225 3903 2346 3954 μου
2371 3885 2470 3939 ἐπὶ
2504 3887 2584 3952 τῷ
2611 3889 2878 3956 σωτηρίῳ
2900 3905 3037 3947 σου.
3069 3889 3262 3959 Τοῦτο,
3289 3896 3440 3964 φησί.
3463 3896 3564 3965 τὴν

1992 3971 2128 4042 ἐμὴν
2167 3972 2448 4042 εὐφραίνει
2477 3973 2676 4046 ψυχὴν,
2715 3975 2780 4029 τὸ
2825 3977 2975 4045 παρά
3021 3977 3114 4030 σοῦ
3144 3979 3244 4049 τῆς
3288 3981 3560 4050 σωτηρίας

1992 4062 2169 4130 τυχεῖν
2190 4077 2204 4092 ·
2228 4061 2328 4134 τὴν
2359 4061 2536 4134 ψυχὴν
2575 4063 2877 4136 εὐφραίνει,
2907 4065 2991 4119 ὅτι
3027 4065 3232 4136 ταύτης
3272 4065 3323 4121 εἱ
3361 4071 3424 4124 σὺ
3450 4087 3559 4124 0w.-

1992 4147 2176 4217 τηρία.

2061 4257 2129 4320 γ’.
2160 4247 2314 4316 Εἶδες
2355 4253 2699 4322 ἀγαλλίασιν,
2730 4255 2826 4309 καὶ
2857 4257 3207 4327 ἀγαλλίασιν;
3240 4259 3559 4328 ἀγαλλίασιν

1990 4339 2198 4411 ἐχθρῶν
2213 4341 2305 4393 ἐπὶ
2331 4341 2716 4412 πτώματι,καὶ
2743 4344 3066 4412 ἀγαλλίασιν
3089 4347 3268 4419 ψυχῆς
3287 4351 3379 4404 ἐπὶ
3404 4348 3557 4421 [1271

1988 4428 2165 4499 οἰκείᾳ
2198 4429 2470 4501 σωτηρίας
2505 4431 2718 4504 Ἐκείνη
2741 4431 3117 4506 τοῦᾙονηροῦ.
3148 4436 3287 4509 αῦτη
3317 4437 3423 4491 τῶν
3451 4456 3556 4492 σω-

1990 4513 2254 4586 ζομένων.
2303 4517 2514 4589 Ἐκείνη
2542 4518 2685 4590 λύμη
2717 4521 2812 4574 καὶ
2839 4521 2934 4574 τοῦ
2975 4523 3255 4589 δοκοῦντος
3298 4527 3558 4595 ἀγαλλιᾶ-

1991 4603 2131 4666 σθαι,
2173 4604 2267 4658 καὶ
2311 4606 2396 4672 ἐφ’
2427 4598 2470 4671 ᾧ
2501 4606 2825 4674 ὴγαλλιᾶτο·
2856 4607 2992 4680 αὐτη
3031 4611 3271 4682 σωτηρία
3301 4615 3394 4666 καὶ
3426 4616 3557 4668 ἀνά-

1988 4693 2179 4764 κλησις
2228 4693 2320 4746 τοῦ
2371 4696 2796 4766 ἀγαλλιωμένου.
2837 4698 3052 4769 Ταύτην
3100 4702 3199 4771 τὴν
3239 4703 3556 4770 ἁγαλλίασιν

1989 4778 2084 4831 καὶ
2132 4778 2468 4851 εὐφροσύνην
2499 4780 2889 4853 εὐφρανθῶμεν
2931 4785 3025 4839 καὶ
3069 4787 3554 4860 ἁγαλλιασὼμεθα,

1989 4865 2202 4935 ἐκείνην
2228 4868 2283 4920 δὲ
2305 4868 2580 4938 φύγωμεν,
2614 4870 2706 4923 καὶ
2741 4870 3134 4940 βδελυξώμεθα.
3159 4877 3310 4945 Ι’ᾼονω
3335 4877 3413 4943 τῷ
3441 4884 3556 4934 Κυ-

1979 4953 2093 5020 ρίῳ
2132 4952 2212 5018 τῷ
2248 4955 2705 5024 εὐεργετήσαντι
2727 4975 2822 5026 με,
2853 4960 2952 5013 καὶ
2975 4961 3151 5029 ψαλῶ
3187 4964 3267 5029 τῷ
3314 4967 3556 5034 ὀνόματι

1987 5043 2208 5110 Κυρίου
2238 5044 2342 5098 τοῦ
2374 5045 2656 5112 ὑψίστου.
2692 5046 3063 5119 Μνημόσυνον,
3095 5053 3246 5122 φησὶ,
3278 5054 3378 5123 τῆς
3403 5056 3554 5121 εὐερ-

1989 5131 2175 5197 γεσίας
2202 5130 2402 5201 ταύτης
2452 5132 2592 5204 ᾠδὴν
2622 5134 2875 5206 ἀναθήσω
2919 5137 2996 5207 τῷ
3032 5141 3241 5210 Κυρίῳ,
3278 5142 3359 5194 ὅτι
3392 5143 3553 5212 εὐηρ-

1987 5220 2184 5291 γέτησέ
2217 5237 2305 5290 με,
2349 5221 2675 5276 ἐταπείνωσε
2708 5225 2799 5278 τὸν
2847 5225 3057 5295 ἐχθρὸν,
3082 5230 3340 5300 αἰσχύνης
3386 5231 3553 5302 ἐπλή-

1990 5323 2161 5374 ρωσεν
2183 5347 2198 5372 ,
2257 5307 2452 5378 ἀσθενῆ
2501 5310 2827 5380 ἐπήλεγξεν,
2864 5313 3149 5382 είσήκουσε
3183 5316 3278 5384 τῆς
3316 5315 3551 5388 δεήσεὼς

1990 5410 2111 5462 μου,
2150 5394 2448 5466 ἐπέστρεψε
2478 5412 2500 5434 ο
2529 5397 2590 5450 τὸ
2632 5399 2922 5470 πρόσωπον
2966 5400 3130 5453 αὐτοῦ
3165 5403 3248 5454 ἐπ’
3291 5403 3410 5472 ἐμὲ,
3453 5406 3552 5474 τὴν

1985 5480 2152 5551 ἀχλὺν
2179 5484 2274 5536 καὶ
2302 5483 2393 5535 τὸν
2424 5483 2606 5553 ζόφον,
2637 5486 2703 5539 δι’
2727 5481 2803 5541 ὧν
2827 5488 2964 5559 πρὸς
2994 5488 3086 5542 τὸν
3112 5488 3336 5542 θάνατον
3362 5493 3551 5561 ἐφερό⁴

1988 5587 2116 5640 μην,
2143 5571 2528 5635 διασκεδάσαςο
2562 5574 2656 5627 καὶ
2686 5577 2778 5629 ἐπὶ
2807 5576 2886 5648 τῷ
2916 5577 3167 5648 σωτηρίῳ
3183 5576 3347 5631 αὐτοῦ
3378 5579 3550 5644 ἀγαλο

1983 5657 2268 5729 λιὼμενος,
2283 5659 2473 5728 ὥσπερ
2499 5677 2553 5713 τι
2584 5665 2844 5733 μνημεῖον
2870 5664 3272 5732 ἀνεξάλειπτον,
3292 5663 3390 5737 τὴν
3409 5665 3549 5737 ᾠδὴν

2050 5841 2072 5870 ε
2095 5837 2240 5889 Savil.
2269 5841 2464 5903 conﬁcit
2485 5841 2724 5906 ἐπέτρεψε.
