4140 6356
575 389 672 443 133

566 505 767 573 ταύτην
810 502 916 556 τῶν
957 505 1038 568 εἰς
1078 504 1177 574 ἐμὲ
1233 508 1688 582 εὐεργετημάτων
1721 516 2038 589 ἀνατίθημι,
2074 521 2135 573 οὐ

563 586 661 639 νύν
698 587 858 656 μόνον
907 587 1046 658 ᾄδων
1083 590 1254 661 αὐτὴν
1277 631 1292 652 .
1342 595 1438 646 καὶ
1489 596 1782 651 ἀνελίσσων
1829 586 1966 664 τοῖς
1991 601 2138 670 λογι-

563 674 724 755 σμοῖς
753 671 851 736 τάς
886 673 1225 742 εὐεργεσίας,
1256 675 1394 730 ἀλλά
1421 679 1516 732 καὶ
1549 681 1630 740 είς
1657 681 1750 734 τὸν
1782 683 1910 752 ἑξῆς
1943 683 2136 755 χρόνον

562 752 679 839 dum
704 755 797 808 καὶ
818 755 972 839 ψαλῶ
994 755 1074 826 τῷ
1092 756 1315 827 ὀνόματι
1343 761 1567 830 Κυρίου,
1603 763 1958 834 ἀνεπίληστον
1981 752 2038 818 ἓν
2069 770 2132 839 τῇ

558 837 707 908 ψυχῇ
744 838 1057 908 περιφέρων
1085 839 1186 909 τῆς
1215 840 1528 912 εὐεργεσίας
1561 843 1622 898 τὸ
1649 846 1895 914 μέγεθος.
1935 849 2001 902 Ἦ
2024 837 2134 902 τοεέ

560 919 700 990 αὐτη
721 921 898 973 τοίνυν
923 921 1068 991 ψυχὴ
1101 921 1161 974 οὐ
1199 923 1358 992 μόνον
1384 929 1574 989 κακοῖς
1602 929 1916 1000 ὲμπαρείσα
1943 929 2130 1000 ῥύεται

559 1004 754 1076 ῥᾳδίως
780 1004 886 1057 τῶν
916 1003 1120 1068 κακῶν,
1162 1003 1298 1063 ἁλλά
1342 1009 1434 1060 καὶ
1481 1009 1862 1082 ἀσφαλεστέρα
1898 1012 2128 1079 γίνεται,

558 1089 638 1148 εἰς
667 1089 725 1140 τὸ
759 1087 956 1158 μηκέτι
978 1090 1088 1150 τοῖς
1114 1089 1322 1157 ὁμοίοις
1348 1095 1682 1159 περιπεσεῖν.
1706 1094 1872 1149 Ὅταν
1905 1096 2012 1166 γὰρ
2039 1097 2131 1150 ἐπὶ

561 1171 780 1240 μνήμης
819 1171 907 1229 ἀεὶ
951 1170 1094 1245 φέρῃ
1120 1169 1218 1240 τὴν
1249 1172 1586 1242 εὐεργεσίαν,
1622 1174 1777 1245 δῆλον
1805 1177 1886 1229 ὅτι
1933 1178 2023 1231 καὶ
2059 1178 2129 1231 τά

555 1253 789 1324 δυσχερῆ
823 1254 916 1312 ἐπὶ
945 1256 1165 1325 μνήμης
1195 1253 1329 1326 ἔχει,
1347 1249 1422 1310 ὧν
1446 1257 1818 1328 ἀπαλλαγεῖσα
1845 1260 2002 1333 ἔτυχε
2029 1263 2128 1334 τῆς

556 1336 892 1408 εὐεργεσίας.
929 1337 1108 1408 Ἐχων
1152 1338 1208 1397 δὲ
1250 1339 1346 1392 καὶ
1388 1339 1487 1410 τὴν
1519 1341 1738 1413 μνήμην
1774 1343 1881 1398 τῶν
1918 1345 2124 1410 κακῶν,

555 1419 930 1489 ἀναλογίζεται
946 1421 1238 1492 ἐπιμελῶς,
1265 1423 1430 1477 πόθεν
1449 1423 1619 1477 ταῦτα
1641 1427 1932 1482 συνέπεσεν
1953 1429 2123 1500 αὐτῷ,

555 1505 648 1560 καὶ
679 1503 766 1556 διά
789 1504 950 1558 ποίαν
992 1505 1171 1561 αἰτίαν
1211 1507 1293 1569 είς
1322 1505 1383 1558 τὸ
1415 1506 1655 1561 τοιοῦτον
1694 1509 1990 1581 συνηνέχθη
2026 1528 2127 1566 κα-

554 1585 650 1639 κόν
673 1601 687 1615 ·
725 1586 817 1640 καὶ
849 1585 1306 1658 ἀναλογιζόμενος
1333 1587 1516 1644 λοιπὸν
1540 1590 1766 1661 τειχίζει
1789 1594 2124 1664 πανταχόθεν

553 1669 764 1734 ἑαυτὸν,
788 1669 872 1722 ῖνα
905 1669 978 1741 μὴ
993 1670 1087 1723 ἐπὶ
1109 1671 1207 1735 τὰς
1225 1671 1418 1743 ὁμοίας
1445 1675 1767 1750 περιενεχθῇ
1799 1678 2084 1750 συμφοράς
2106 1696 2119 1708 -

551 1751 693 1805 οὕτω
715 1769 775 1805 τε
804 1752 990 1806 λοιπὸν
1018 1753 1107 1806 τὸν
1139 1755 1331 1809 ἑαυτοῦ
1355 1756 1468 1826 βίον
1497 1757 1676 1822 καλῶς
1706 1759 2003 1830 ῥυθμίζων,
2029 1761 2122 1814 καὶ

553 1835 912 1906 παιδαγωγῶν
937 1876 950 1898 ,
1000 1839 1096 1890 καὶ
1131 1837 1208 1908 τῷ
1241 1840 1531 1912 ῥυσαμένῳ
1568 1841 1768 1914 πολλὴν
1805 1845 2125 1914 ἀνομολογεῖ

548 1919 648 1991 τὴν
674 1920 830 1988 χάριν
848 1935 863 1951 ο
895 1919 1083 1991 ὥσπερ
1111 1916 1236 1993 εὗρε
1267 1922 1490 1994 ρύστην,
1517 1923 1660 1978 οὕτω
1679 1927 1774 1978 καὶ¹
1797 1927 2012 1994 φύλακα
2036 1927 2122 1981 διὰ

550 2003 748 2066 παντὸς
774 2001 922 2072 ἔχειν
949 2004 1008 2056 ὲν
1034 2007 1147 2068 τοῖς
1178 2005 1460 2076 μέλλουσιν
1484 2008 1883 2081 ἐξαιτούμενος.
1902 2011 2120 2083 Ταύτην
2165 2010 2171 2016 ’

549 2083 879 2156 ζηλώσωμεν
909 2086 1005 2139 καὶ
1034 2087 1214 2158 ἡμεῖς,
1243 2088 1346 2141 κᾶν
1371 2106 1478 2144 τινι
1509 2093 1914 2164 παραπρῶμεν
1944 2097 2122 2166 ἁμαρ-

547 2169 784 2240 τήματι,
817 2169 1027 2238 ταχέως
1074 2169 1465 2242 ἀνανήψωμεν,
1523 2174 1618 2227 καὶ
1663 2176 2016 2247 ποιησώμεθα
2059 2179 2122 2232 τὸ

547 2250 750 2322 πτῶμα
796 2251 1068 2322 πρόφασιν
1101 2253 1419 2322 ἀσφαλείας,
1454 2256 1550 2310 καὶ
1597 2259 1852 2330 ἀφορμὴν
1888 2260 1982 2313 τοῦ
2011 2279 2117 2333 μη-

547 2335 665 2396 κέτι
699 2335 1050 2406 ἁμαρτάνειν.
1077 2336 1201 2401 Πῶς
1233 2333 1326 2392 οὖν
1349 2340 1629 2412 ποιήσεις;
1659 2343 1842 2412 Ἔχεις
1869 2343 2121 2397 διδάσκα-

545 2417 635 2470 λον
659 2417 750 2472 τὸν
776 2417 956 2471 Δαυῖδ.
978 2417 1291 2489 Ἥμαρτες;
1319 2421 1410 2493 Μὴ
1433 2423 1701 2495 νυστάξῃς
1727 2425 1818 2478 ἐπὶ
1844 2428 1908 2496 τῇ
1937 2427 2119 2497 ἁμαρ-

544 2502 654 2572 τίᾳ,
675 2501 808 2554 ἀλλά
839 2501 1153 2572 διανάστηθι
1170 2519 1184 2532 ο
1221 2505 1476 2576 ἐννόησον
1504 2507 1720 2572 αὐτίκα,
1743 2509 1826 2561 ὅτι
1849 2508 2119 2580 ἀπέστρε-

544 2584 644 2653 ψεν
674 2587 702 2638 ὁ
732 2584 864 2646 Θεὸς
881 2585 943 2636 τὸ
973 2584 1260 2656 πρόσωπον
1285 2588 1393 2641 ἀπὸ
1418 2588 1636 2655 σού,ὃτι
1668 2589 1960 2645 ὲπελάθετό
1987 2609 2081 2645 σου
2101 2608 2115 2623 ·

544 2664 663 2721 εἶτα
703 2667 956 2732 κλαύσον,
992 2668 1265 2738 στέναξον,
1297 2669 1485 2725 λοῦσον
1518 2673 1640 2726 καθ’
1671 2674 1909 2744 ἑκάστην
1948 2674 2120 2729 νύκτα

541 2751 645 2822 τὴν,
672 2750 856 2822 κλίνην
885 2767 980 2803 σου
1011 2751 1261 2828 δάκρυσι,
1290 2753 1638 2824 ἀποπήδησον
1669 2755 1776 2808 ἀπὸ
1805 2756 1913 2810 τῶν
1947 2758 2117 2828 ἐργα-

1274 395 1332 448 S.
1371 397 1658 454 .IOALV'NIS
1691 403 2170 460 Clllli’SUS'l'OMl
2208 409 2523 471 ARCHIEP.
2563 412 2774 470 CONS'I
2789 417 3101 477 ANTINOP.

3707 432 3808 491 154

2233 542 2354 593 μου
2387 529 2474 594 εἰς
2509 527 2682 596 τέλος
2701 546 2720 595 ;
2752 530 2863 598 ἕως
2905 533 3050 589 πότε
3077 535 3474 606 ἀποστρέφεις
3512 539 3578 592 τὸ
3612 547 3807 612 πρόσει

2236 612 2402 693 ωπον
2431 627 2547 666 σου
2580 613 2680 666 ἀπ’
2707 614 2852 681 ἐμοῦ
2869 632 2888 678 ;
2907 617 3040 669 Είπὲ
3063 618 3138 690 μὴ
3163 622 3228 691 τῇ
3252 619 3492 693 γλώσσῃ,
3511 623 3648 678 ἀλλά
3667 627 3805 684 πολὺ

2236 691 2592 778 πρότεροντῇ
2628 696 2854 768 καρδίᾳ’
2895 700 3016 753 εἰπὲ
3055 702 3149 755 καὶ
3184 703 3252 756 τά
3289 691 3805 778 ἀλλαήδικαιώματα

2233 773 2328 826 τού
2357 776 2537 830 Δαυῖδ.
2566 777 2734 830 Ὅταν
2765 780 2926 852 εἴπης
2954 783 3152 850 πάντα,
3189 784 3405 839 ἒλπισον
3440 788 3533 841 ἐπὶ
3562 789 3623 842 τὸ
3655 773 3804 856 ἕλεος

2234 856 2419 923 αὐτοῦ,
2469 859 2706 942 ἐλπισον,
2741 863 2815 934 μὴ
2852 865 3156 937 διακριθῇς.
3194 867 3256 920 Ὅ
3291 869 3403 938 τὰρ
3430 869 3802 942 διακρινόμεο

2233 954 2360 1024 νος,
2388 941 2571 1024 φησιν,
2601 943 2760 998 ἔοικε
2779 948 3039 1002 κλύδωνι
3067 949 3383 1020 θαλάσσης
3409 941 3802 1024 ἀνεμιζομένῳ

2233 1021 2334 1104 real
2351 1023 2724 1094 ῥιπιζομένῳ.
2745 1027 2844 1095 Μὴ
2868 1030 2977 1100 γὰρ
3001 1030 3228 1093 οἰέσθω,
3253 1033 3439 1104 φησὶν,
3459 1038 3494 1088 ὀ
3515 1021 3798 1104 ratein-oc,

2231 1101 2321 1156 ὅτι
2353 1106 2616 1175 λήψεταί
2663 1127 2716 1162 τι
2750 1112 2908 1178 παρὰ
2947 1113 3115 1167 Θεοῦ.
3155 1101 3325 1184 Ἀνὴρ
3361 1116 3471 1186 γὰρ
3512 1101 3796 1187 δίψυχος,

2229 1187 2641 1257 ἀκατάστατος
2661 1191 2730 1244 ἐν
2749 1193 2972 1262 πάσαις
2991 1195 3118 1261 ταῖς
3139 1196 3300 1264 ὁδοῖς
3317 1200 3522 1254 αὑτοῦ.
3541 1201 3798 1256 Ἐλπισον

2229 1267 2324 1322 οὖν
2353 1271 2447 1324 ἐπὶ
2473 1271 2624 1346 [128]
2655 1274 2716 1328 τὸ
2751 1275 2898 1340 ἕλεος
2932 1277 3118 1342 αὐτοῦ,
3157 1281 3322 1351 μηδὲν
3355 1281 3673 1352 διακριθεὶς,
3705 1286 3798 1338 καὶ

2227 1353 2390 1438 τεύξῃ
2432 1356 2648 1420 πάντως
2705 1358 2804 1428 τῆς
2853 1360 3156 1431 αἰτήσεως·
3201 1362 3377 1433 τυχὼν
3425 1365 3480 1416 δὲ
3532 1365 3608 1438 μὴ
3662 1368 3794 1438 γένῃ

2226 1437 2498 1509 ἀγνώμων
2539 1441 2666 1511 περὶ
2695 1440 2787 1495 τὸν
2823 1443 3140 1514 εὐεργέτην,
3178 1447 3268 1498 καὶ
3306 1437 3618 1520 ἀχάριστος,
3659 1437 3796 1504 ἀλλά

2227 1520 2451 1592 ποίησον
2496 1526 2758 1593 μνημεῖον
2796 1525 2894 1596 τῆς
2941 1526 3278 1597 εὐεργεσίας,
3313 1530 3407 1582 καὶ
3436 1531 3630 1596 ἀνάθες
3662 1533 3796 1586 αὐτὸ

2226 1602 2546 1673 εὐχάριστον
2577 1605 2653 1676 τῷ
2679 1608 2922 1681 Δεσπότῃ
2951 1607 3114 1680 ᾠδήν.
3150 1611 3310 1675 Ἴσως
3343 1612 3506 1676 αὐτὸς
3527 1614 3627 1668 οὐκ
3645 1611 3793 1678 οἶδας

2227 1686 2532 1769 συνθεῖναι·
2562 1689 2894 1759 συγκάλεσω
2917 1693 3042 1756 τοὺς
3067 1693 3323 1764 πένητας,
3351 1695 3445 1751 xui.
3471 1696 3669 1769 χρῆσαι
3695 1698 3794 1763 τὰς

2221 1768 2472 1839 γλώσσας
2497 1773 2696 1836 αὐτῶν,
2733 1774 2827 1826 καὶ
2865 1774 2948 1828 σοὶ
2977 1777 3414 1847 παρασκεύασον.
3450 1776 3524 1834 Εὐ
3562 1781 3668 1835 ίσθι
3708 1782 3794 1837 ὃτι

2223 1851 2356 1936 ἡδίω
2372 1854 2472 1924 τῆς
2494 1855 2786 1927 Δαυῖδικῆς
2813 1857 2960 1928 ᾠδῆς
2986 1858 3189 1931 ταύτην
3227 1860 3536 1927 ἀκούσεται,
3558 1863 3628 1934 ἢν
3651 1863 3792 1936 ὑπὲρ

2224 1935 2317 1988 σού
2341 1936 2537 1991 ἐκεῖνοι
2573 1939 2990 2010 μελῳδήσουσιν.
3022 1942 3231 2016 Ὥσπερ
3256 1944 3364 2017 γὰρ
3395 1946 3430 2016 ἡ
3459 1946 3567 2000 ἀπὸ
3601 1935 3790 2016 διαφόὲ

2225 2033 2332 2086 ρων
2352 2019 2558 2090 χορδῶν
2585 2021 2684 2093 τῆς
2713 2025 2844 2095 μονή
2855 2041 2979 2095 ρους
3000 2025 3150 2096 ἥδιον
3179 2025 3335 2097 μέλος
3361 2027 3627 2090 ἀποτελεῖ,
3650 2028 3794 2083 οὓτω

2221 2105 2316 2158 καὶ
2343 2106 2376 2176 ἡ
2406 2105 2514 2158 τῶν
2547 2109 2794 2177 πενήτων
2826 2110 2891 2162 ἐκ
2924 2109 3197 2180 διαφόρων
3241 2106 3406 2175 οὖσα,
3433 2110 3511 2182 τῷ
3538 2112 3790 2166 είσακού-

2221 2205 2332 2240 οντι
2382 2189 2480 2258 τῆς
2509 2191 2690 2259 φωνῆς
2725 2191 2831 2245 τῶν
2863 2195 3110 2262 πενήτων
3146 2192 3263 2264 Θεῷ
3303 2192 3399 2266 ἡδύ
3439 2210 3492 2248 τι
3533 2195 3626 2248 καὶ
3659 2197 3788 2267 ἐρά-

2222 2289 2378 2341 σμιον
2400 2273 2614 2342 ὴχήσει.
2640 2274 2841 2345 Στῆσον
2876 2275 3083 2346 σεαυτῷ
3111 2277 3205 2330 καὶ
3232 2275 3350 2348 Θεῷ
3384 2277 3622 2332 τοιοῦτον
3653 2297 3788 2352 μνη-

2223 2358 2390 2424 μεῖον,
2426 2356 2572 2426 αὐτῷ
2609 2358 2707 2428 μὲν
2749 2357 3048 2430 ὑπόμνημα
3091 2362 3190 2431 τῆς
3217 2360 3564 2432 εὐεργεσίας,
3606 2361 3790 2434 σαυτῷ

2218 2436 2276 2489 δὲ
2331 2438 2604 2502 ἀπόδειξιν
2652 2440 2750 2510 τῆς
2796 2441 3176 2511 εὐχαριστίας,
3216 2444 3315 2512 τῆς
3345 2444 3785 2516 εὐγνωμοσύνης,

2220 2520 2484 2590 σύμϐολον
2509 2525 2606 2593 τῆς
2633 2522 2912 2593 διηνεκοῦς
2941 2527 3189 2596 μνήμης,
3221 2526 3290 2596 ἢν
3323 2527 3608 2598 ἐγκάρδιον
3647 2527 3788 2598 ἔχων

2219 2605 2330 2670 ἀεὶ,
2367 2605 2664 2659 κατεύθυνέ
2705 2623 2797 2660 σου
2837 2609 2928 2661 τὸν
2964 2609 3104 2679 βίον⁸
3133 2609 3330 2680 μᾶλλον
3354 2609 3410 2662 δὲ
3449 2610 3787 2664 κατευθύνω-

2221 2703 2341 2758 μεν,
2367 2688 2454 2742 ῐνα
2488 2687 2775 2760 γενώμεθα
2805 2690 2898 2743 καὶ
2926 2691 3023 2761 τῆς
3050 2691 3258 2744 ἐκεῖθεν
3289 2691 3427 2758 ἄξιοι
3456 2693 3786 2764 κληρουχίας

2216 2772 2324 2824 τῶν
2343 2772 2586 2840 ἀγαθῶν,
2614 2775 2673 2828 ὲν
2697 2772 2917 2846 Χριστῷ
2952 2774 3122 2845 Ἰησοῦ
3151 2774 3227 2845 τῷ
3249 2775 3438 2847 Κυρίῳ
3469 2776 3647 2846 ἡμῶν,
3676 2770 3720 2845 ᾧ
3747 2779 3786 2850 ἠ

543 2831 801 2932 ςοίνιξξωχ,
818 2833 917 2932 τῂν
937 2825 1338 2932 ἀνῗμίξίνοηκξξ
1348 2837 1526 2932 ταῦτῆ
1553 2836 1720 2932 γάξχ
1730 2825 1990 2932 “dif-“7%-
2013 2839 2115 2932 ,τοῦ
2215 2855 2340 2923 δόξα
2354 2825 2446 2910 παὶ
2545 2825 2838 2928 κ’ράτοςείς
2855 2825 2987 2922 τοὺς
3000 2825 3325 2922 dubitavere—div

542 2914 876 2968 Δαυῒδ.Είπὲ
913 2916 1030 2985 μετ’
1057 2915 1220 2979 αὐτοῦ
1237 2934 1252 2947 ⁸
1271 2918 1418 2985 Ἕως
1444 2919 1609 2989 πότε,
1629 2921 1823 2995 Κύριε,
1850 2919 2115 2991 ἐπιλήσῃ

1961 3191 2244 3200 .—.———_«

2250 3193 2261 3199 -
2268 3187 3525 3217 __——-—-—.———-————————_—-_
3204 3188 3574 3217 ____.._____
3574 3188 3724 3216 '-—-—-_
3741 3213 3745 3218 .

540 3178 1960 3220 Mm

662 3295 1020 3357 MONITUM
1065 3295 1142 3354 IN
1185 3295 1746 3362 EXPOSITIONEM
1790 3295 1933 3355 SEU
1975 3296 2352 3356 HOMIUAM
2395 3296 2918 3358 CHRYSOSTOMI
2971 3296 3050 3355 IN
3093 3295 3451 3356 PSALMUM
3492 3296 3641 3356 XLI.

601 3415 658 3471 In
687 3417 828 3471 hanc
856 3417 1284 3487 Expositionem,
1329 3418 1446 3472 sive
1495 3418 1817 3483 llomiliam,
1855 3435 1980 3475 nam
2014 3436 2141 3476 vere
2185 3419 2418 3475 llomilia
2466 3430 2570 3481 est.
2606 3420 2720 3475 hare
2763 3428 2914 3474 notat
2964 3417 3245 3474 Savilius:
3283 3437 3303 3471 ι
3336 3417 3567 3472 Homilia
3599 3425 3683 3473 est
3711 3417 3779 3474 ad
3857 3475 3861 3480 ,

533 3509 798 3581 populum
833 3508 998 3572 dicta,
1035 3511 1088 3564 in
1120 3511 1446 3582 principium
1475 3513 1676 3571 Psalmi
1709 3517 1798 3584 41,
1825 3532 1933 3571 non
1961 3523 2218 3585 perpetua
2241 3516 2409 3572 totius
2432 3514 2631 3570 Psalmi
2663 3514 2930 3586 expositio
2959 3533 2973 3568 :
3006 3528 3104 3567 nec
3133 3512 3428 3583 quidquam
3457 3511 3618 3566 habet
3643 3511 3780 3564 ὐπο-

535 3603 900 3674 μνηματικόν,
934 3614 1029 3658 aut
1053 3604 1230 3660 simile
1262 3615 1582 3662 exterarum
1617 3627 1631 3664 :
1665 3608 1803 3664 adde
1835 3608 2078 3664 habitam
2105 3623 2230 3663 esse
2260 3608 2401 3662 hanc
2435 3616 2555 3675 post
2584 3607 2745 3661 aiiam
2781 3607 2847 3661 de
2885 3605 3297 3659 Melchisedeco.
3330 3601 3460 3656 Eam
3490 3603 3685 3657 damus
3711 3617 3779 3657 ex

531 3697 637 3752 ﬁde
665 3697 900 3751 duorum
925 3697 1208 3763 Codicum,
1238 3699 1292 3754 in
1324 3715 1557 3770 quorum
1581 3702 1751 3758 altero
1780 3703 2051 3772 reperitur
2093 3701 2234 3755 inter
2278 3701 2568 3772 διαφόρους
2602 3710 2653 3754 et
2689 3699 3027 3768 singulares;
3061 3707 3225 3763 recte,
3259 3712 3365 3751 non
3411 3705 3470 3752 ut
3505 3697 3559 3750 in
3582 3694 3781 3750 Codice

531 3789 700 3852 altero
725 3790 934 3844 czeteris
965 3789 1017 3844 in
1055 3789 1304 3846 Psalmos
1331 3794 1742 3849 commentariis
1773 3794 2104 3864 interiecta,»
2135 3791 2485 3860 Exploratum
2517 3802 2659 3846 certe
2689 3800 2772 3847 est
2800 3791 2941 3846 hanc
2969 3789 3244 3845 homiliam
3270 3805 3378 3844 non
3415 3789 3684 3858 pertinere
3709 3785 3778 3840 ad

529 3879 905 3947 Expositiones
937 3883 988 3936 in
1019 3882 1289 3946 Psalmos,
1325 3885 1418 3940 sed
1449 3901 1574 3940 esse
1598 3886 1859 3941 moralem
1896 3886 2352 3951 adhortationem,
2395 3893 2714 3954 argumento
2741 3884 3031 3952 desumpto
3063 3899 3128 3939 ex
3159 3881 3431 3952 principio.
3452 3879 3651 3935 Psalmi
3683 3877 3776 3932 41.

598 3971 718 4038 Quo
752 3983 932 4028 autem
967 3983 1203 4044 tempore
1234 3974 1417 4029 habita
1451 3974 1636 4040 fuerit,
1667 3977 1785 4044 ipse
1809 3974 2234 4046 Chrysostomus
2265 3991 2362 4028 nec
2401 3975 2636 4028 obscure
2673 3973 2877 4028 indicat
2911 3973 3065 4027 initio
3099 3991 3114 4027 ε
3159 3972 3260 4026 Vos
3291 3970 3536 4042 quidem,
3581 3967 3776 4038 inquit,

527 4081 620 4117 uos
649 4082 812 4135 nuper
841 4068 1276 4134 admirabamini,
1301 4070 1511 4139 quando
1551 4069 1706 4124 verba
1748 4069 1969 4139 fecimus
1998 4069 2065 4122 de
2099 4067 2444 4121 Melcltiscdec
2466 4109 2481 4134 ,
2516 4076 2726 4138 propter
2763 4083 2942 4120 eorum
2981 4081 3097 4135 qua:
3135 4065 3276 4118 dicta
3318 4072 3442 4117 sunt
3485 4058 3782 4131 longitudi-

527 4172 643 4208 nem
675 4173 692 4209 :
733 4175 824 4229 ego
851 4171 1026 4214 autem
1055 4176 1143 4214 vos
1171 4161 1482 4215 admirabar
1512 4171 1727 4232 propter
1756 4170 1980 4215 vestram
2028 4161 2085 4214 in
2125 4159 2385 4217 audiendo
2415 4161 2757 4214 attentionem
2791 4169 2839 4213 et
2877 4159 3218 4228 sapientiam,
3248 4166 3298 4211 ct
3325 4155 3463 4226 quod
3497 4170 3617 4208 cum
3652 4168 3780 4223 pro-

525 4251 688 4304 limior
708 4268 764 4306 se
793 4251 1066 4308 obtulisset
1102 4255 1294 4321 oratio,
1331 4270 1424 4309 nos
1458 4255 1528 4308 ad
1561 4255 1720 4324 ﬁnem
1749 4269 1910 4324 usque
1945 4255 2208 4308 consecuti
2258 4255 2404 4308 estis.
2467 4251 2530 4308 Et
2563 4251 2888 4324 quibusdam
2918 4250 3250 4321 interpositis
3279 4266 3294 4303 :
3328 4247 3780 4315 Quemadmodum

526 4357 650 4410 ergo
685 4351 809 4396 tunc
837 4343 1098 4410 dicebam,
1121 4344 1261 4414 quod
1284 4344 1409 4398 dum
1439 4345 1553 4415 lupi
1590 4360 1795 4416 gregem
1831 4345 2111 4407 invadunt,
2143 4345 2327 4404 relicta
2369 4343 2576 4414 ﬁstula,
2611 4345 2832 4414 [aridam
2869 4344 2928 4398 in
2967 4359 3181 4397 manum
3225 4350 3440 4396 sumunt
3487 4349 3725 4412 pastores
3755 4356 3778 4395 :

524 4436 604 4494 ita
635 4450 794 4503 nunc,
823 4437 948 4490 dum
986 4437 1122 4507 festa
1153 4436 1465 4492 Iudaeorum
1494 4439 1880 4508 prwterierunt,
1913 4438 2004 4509 qui
2029 4447 2151 4492 sunt
2180 4437 2426 4508 quibusve
2467 4437 2602 4508 lupis
2641 4437 2996 4502 immaniores,
3028 4436 3212 4490 relicta
3249 4451 3433 4489 rursus
3461 4433 3628 4504 funda
3647 4473 3663 4496 ,
3694 4449 3779 4488 re-

525 4529 742 4590 deamus
774 4533 844 4586 ad
877 4513 1136 4599 ﬁstutam.
1171 4531 1270 4587 Hic
1292 4531 1443 4588 vides
1468 4533 1610 4588 hanc
1634 4534 1687 4587 in
1713 4531 1988 4589 Psalmum
2024 4533 2087 4588 M
2121 4531 2410 4589 llomiliam
2441 4541 2572 4587 tunc
2600 4531 2839 4587 habitam
2877 4531 3066 4596 fuisse,
3111 4546 3236 4586 eum
3278 4531 3346 4586 de
3387 4528 3778 4585 Melchisedeeo

527 4623 696 4678 multa
726 4624 974 4690 dixisset,
1008 4635 1063 4680 et
1091 4625 1355 4692 Homilias
1380 4634 1570 4681 contra
1591 4623 1809 4681 Iudaeos
1838 4626 2240 4696 complevisset.
2271 4627 2434 4682 Multa
2466 4635 2646 4682 autem
2693 4627 2760 4683 de
2804 4625 3198 4683 Melehisedeeo
3246 4625 3384 4681 dixit
3435 4624 3490 4679 in
3540 4623 3775 4680 llomilia

525 4726 716 4776 contra
746 4715 964 4773 Judteos
1002 4719 1254 4788 septima,
1279 4733 1400 4789 qua:
1420 4727 1505 4782 est
1539 4716 1836 4788 penultima
1860 4719 2007 4775 illius
2030 4721 2334 4790 argumenti
2367 4735 2380 4772 :
2421 4719 2621 4790 illaque
2661 4719 2804 4774 inter
2851 4720 3040 4789 longas
3087 4718 3359 4774 orationes
3401 4715 3776 4789 Chrysostomi

525 4811 740 4864 censeri
772 4811 968 4878 debet;
1001 4811 1214 4882 longior
1245 4819 1428 4874 tamen
1451 4819 1538 4870 est
1565 4822 1757 4867 octava
1787 4818 1842 4865 et
1871 4810 2082 4877 ultima,
2118 4813 2211 4868 sed
2260 4813 2313 4867 in
2345 4829 2408 4870 ea
2443 4811 2577 4880 nihil
2611 4811 2679 4866 de
2711 4810 3122 4877 Melchisedeeo,
3151 4813 3294 4866 unde
3332 4809 3469 4866 forte
3507 4811 3776 4880 conjicere

529 4905 693 4958 liceat
722 4904 862 4972 hanc
891 4906 944 4960 in
974 4905 1177 4963 Psalm.
1210 4907 1272 4962 ιι
1313 4905 1605 4962 Homiliam
1645 4907 1879 4964 habitam
1921 4906 2092 4964 fuisse
2126 4908 2320 4963 diebus
2365 4907 2652 4977 septimam
2698 4907 2842 4962 inter
2887 4915 2941 4960 et
2974 4914 3220 4961 octavam
3265 4904 3774 4964 intercurrentibus.

525 4992 680 5052 Licet
701 4999 844 5063 enim
878 4999 992 5054 haec
1017 4999 1070 5053 in
1095 4999 1372 5056 Psalmum
1407 4999 1468 5054 41
1501 4997 1645 5062 facta
1665 5000 1897 5062 dicatur,
1922 5013 2046 5053 eum
2089 4999 2227 5056 festa
2256 4997 2567 5058 Iudaeorum
2612 4998 3036 5064 praeteriissent;
3084 5014 3207 5068 qua:
3244 4998 3451 5054 scilicet
3479 4997 3615 5054 festa
3647 5014 3771 5055 cum

523 5096 738 5166 jejunio
769 5096 1185 5153 celebrabantur
1217 5115 1232 5151 :
1265 5105 1321 5151 at
1349 5103 1539 5152 octava
1571 5096 1734 5151 etiam
1768 5095 1858 5150 illa
1886 5105 2078 5151 contra
2102 5093 2320 5151 Iudaeos
2343 5094 2578 5150 Humilia
2603 5105 2729 5164 post
2760 5094 2897 5152 festa
2931 5095 3205 5165 ctjejunia
3239 5095 3550 5152 Judteornm
3589 5097 3772 5154 habita

523 5191 726 5250 dicitur
763 5189 960 5246 initio:
995 5189 1280 5261 Παρῆλθεν
1313 5187 1464 5262 [129]
1497 5191 1530 5261 ἡ
1565 5189 1789 5260 νηστεία
1821 5188 1928 5245 τῶν
1959 5189 2126 5244 Ἰουδα

2226 5211 2228 5226 ι
2254 5205 2269 5242 :
2295 5198 2351 5244 et
2381 5189 2526 5244 illam
2555 5197 2678 5260 post
2704 5188 2844 5244 hanc
2873 5188 2929 5242 in
2960 5189 3022 5242 Μ
3057 5187 3330 5244 Psalmum
3369 5189 3566 5244 dictam
3603 5187 3676 5243 fui
3711 5203 3775 5246 se

525 5283 720 5340 suadet
753 5283 1192 5356 Chrysostomus,
1221 5298 1345 5338 cum
1375 5283 1451 5338 ait
1483 5298 1543 5338 se
1573 5298 1767 5353 nuper,
1796 5283 1848 5337 id
1893 5292 2013 5348 est,
2052 5291 2113 5338 ut
2154 5282 2402 5348 videtur,
2443 5282 2496 5336 in
2545 5288 2821 5352 postrema
2860 5281 3153 5346 concione,
3207 5281 3421 5352 longam
3469 5281 3773 5336 oralionem

524 5379 782 5440 texuisse,
812 5385 868 5432 et
895 5375 961 5430 de
992 5373 1388 5431 Melchisedeco
1415 5375 1588 5430 multa
1611 5376 1839 5443 dixisse,
1882 5375 2028 5446 quod
2073 5391 2207 5432 sane
2247 5375 2480 5446 pertinet
2522 5373 2588 5432 ad
2631 5374 2914 5445 septimam
2957 5385 3147 5430 contra
3187 5372 3425 5430 Iudaeos.
3473 5374 3610 5429 Cum
3646 5388 3774 5430 vero

533 5481 717 5540 postea
749 5485 807 5525 se
833 5479 984 5528 tunc,
1013 5469 1158 5534 τότε,
1196 5467 1503 5539 exemplum
1531 5469 1767 5539 pastoris
1793 5467 2044 5524 attulisse
2071 5468 2222 5534 dicit,
2250 5467 2343 5538 qui
2371 5467 2558 5537 lupum
2591 5466 2806 5529 videns,
2840 5467 3014 5537 posita
3043 5467 3242 5531 ﬁstula,
3280 5466 3501 5522 fundam
3536 5466 3733 5538 accipit
3755 5479 3776 5520 :

539 5547 670 5621 illud
705 5576 828 5618 tunc
855 5563 1126 5632 intelligas
1150 5563 1218 5617 de
1239 5571 1352 5618 tota
1382 5572 1573 5618 contra
1601 5561 1820 5618 Judaaos
1851 5563 2275 5629 concertatione,
2315 5577 2438 5632 quae
2466 5576 2591 5616 cum
2627 5560 2740 5630 jam
2775 5569 2962 5623 coorta
2993 5560 3184 5615 [uisset
3211 5576 3355 5615 anno
3391 5560 3513 5625 586,
3545 5559 3596 5614 in
3634 5559 3778 5614 festo

525 5659 860 5720 Iudaeorum,
894 5655 1040 5711 circa
1061 5669 1304 5710 mensem
1341 5653 1740 5724 Septembrem,
1769 5667 1880 5724 quo
1914 5661 2161 5723 tempore
2187 5659 2296 5707 tres
2323 5652 2532 5723 priores
2563 5661 2752 5706 contra
2778 5649 2996 5708 Judaaos
3043 5650 3336 5706 conciones
3371 5651 3561 5706 habuit
3590 5652 3770 5724 Chry-

525 5761 824 5814 sostomus,
848 5748 1012 5805 etiam
1040 5763 1186 5804 anno
1220 5747 1469 5818 sequenti
1503 5745 1610 5802 387
1637 5753 1955 5802 recurrente
1982 5743 2173 5800 eodem
2205 5744 2364 5813 festo,
2396 5745 2574 5801 denuo
2603 5754 2778 5816 coepta
2807 5743 2929 5810 fuit,
2959 5759 3082 5803 eum
3116 5751 3338 5799 caeteras
3369 5744 3613 5814 quinque
3640 5759 3774 5799 con-

526 5856 607 5906 tra
643 5841 862 5904 Iudaeos
887 5842 1143 5899 humilius
1171 5840 1333 5902 dixit,
1365 5839 1418 5896 in
1445 5849 1640 5912 quarta
1687 5839 1873 5912 igitur,
1915 5837 2073 5897 initio
2111 5840 2338 5901 secundi
2364 5839 2515 5906 belli,
2539 5838 2620 5900 sic
2651 5838 2944 5899 classicum
2974 5853 3168 5895 canere
3194 5836 3764 5914 videtur.Chrysosto-
