4140 6356
421 368 533 425 ’155

423 491 832 538 monumentum
877 483 1159 542 indelebile
1183 527 1198 553 ,
1228 484 1333 542 hoc
1373 491 1634 546 canticum
1679 491 1795 564 ejus
1835 494 1888 550 in
1931 512 2017 554 me

427 573 810 628 beneﬁciorum
839 574 1050 643 dedico,
1083 593 1186 632 non
1217 593 1357 634 nunc
1386 581 1556 635 solum
1587 582 1688 638 hoc
1711 599 1932 653 canens,
1961 597 2016 643 et

427 664 688 720 beneﬁcia
717 665 833 736 ejus
870 668 1009 737 apud
1037 683 1123 723 me
1160 678 1340 726 mente
1370 686 1588 727 versans
1608 715 1622 736 ,
1651 674 1745 729 sed
1775 676 1933 732 etiam
1963 679 2014 733 in

428 766 701 825 posterum
740 759 968 814 cantabo
1003 769 1058 814 et
1096 761 1316 830 psallam
1357 764 1558 819 nomini
1593 764 1837 834 Domini,
1869 769 2016 826 nulla

423 861 678 916 umquam
709 848 976 904 oblivione
1000 848 1278 906 delendam
1311 853 1554 909 beneﬁcii
1594 856 2012 926 magnitudinem

417 939 606 993 animo
631 939 1032 996 circumferens.
1091 942 1231 997 Talis
1259 958 1388 1014 ergo
1425 945 1601 1000 anima
1631 947 1783 1002 malis
1814 949 2013 1004 irretita

427 1045 534 1084 non
563 1031 735 1084 solum
761 1045 792 1084 a
817 1031 975 1086 malis
1009 1031 1267 1088 liberatur
1289 1076 1306 1100 ,
1336 1034 1428 1090 sed
1458 1041 1617 1091 etiam
1644 1036 1701 1090 ﬁt
1725 1039 1890 1094 tutior
1909 1079 1926 1104 ,
1959 1051 2016 1096 nt

427 1135 533 1176 non
559 1122 787 1191 amplius
812 1121 865 1175 in
903 1121 1097 1178 similia
1126 1123 1342 1179 incidat.
1386 1125 1611 1194 Quando
1639 1129 1780 1183 enim
1811 1130 2014 1185 beneﬁ-

425 1214 566 1267 cium
596 1228 809 1282 semper
833 1212 995 1269 habet
1019 1214 1072 1268 in
1100 1217 1386 1281 memoria,
1414 1218 1615 1272 clarum
1646 1229 1728 1274 est
1753 1235 1870 1275 eam
1903 1237 2015 1276 ma-

425 1305 596 1359 lorum
625 1319 836 1375 quoque
861 1305 1152 1371 recordari,
1181 1321 1210 1361 a
1234 1308 1426 1378 quibus
1451 1309 1667 1364 liberata
1696 1309 2010 1367 beneﬁcium

424 1395 528 1451 fuit
566 1409 914 1462 consequuta.
961 1398 1097 1453 Cum
1137 1408 1314 1456 autem
1360 1402 1619 1457 malorum
1664 1405 2009 1473 recordetur,

423 1487 710 1558 diligenter
727 1490 869 1559 apud
891 1504 952 1548 se
973 1500 1200 1560 reputat,
1225 1491 1487 1548 undenam
1509 1510 1570 1550 ea
1593 1495 1692 1549 sibi
1713 1498 2010 1566 evenerint,

421 1591 476 1633 et
507 1589 726 1650 propter
751 1594 910 1650 quam
933 1595 1151 1636 causam
1183 1583 1236 1636 in
1273 1592 1472 1638 tantum
1503 1587 1699 1640 malum
1730 1569 1889 1642 fuerit
1914 1587 2012 1643 de-

421 1671 633 1725 tnrbata
663 1690 678 1726 :
707 1680 763 1726 et
799 1671 1050 1742 deinceps
1093 1673 1145 1728 id
1183 1684 1437 1744 reputans
1459 1716 1476 1741 ,
1508 1677 1737 1746 seipsam
1779 1679 2013 1748 undique

421 1762 616 1828 munit,
641 1777 710 1818 ne
735 1762 788 1818 in
818 1764 953 1819 tales
975 1764 1178 1820 recidat
1196 1765 1562 1832 calamitates;
1587 1777 1640 1824 et
1666 1768 1737 1823 ita
1758 1769 2011 1840 deinceps

419 1869 573 1909 suam
605 1854 765 1910 vitam
811 1866 955 1912 recte
980 1872 1309 1928 componens
1333 1867 1389 1914 et
1418 1859 1718 1928 instituens,
1751 1863 1797 1918 ei
1824 1864 1915 1933 qui
1944 1864 2009 1918 li-

417 1945 629 2002 beravit
665 1963 884 2018 magnas
921 1949 1029 2019 agit
1055 1951 1252 2020 gratias
1281 1967 1294 2004 :
1331 1952 1780 2022 quemadmodum
1811 1955 2012 2012 invenit

427 2036 768 2094 liberatorem
794 2081 809 2107 ,
841 2041 910 2094 ita
949 2044 1108 2098 etiam
1149 2043 1421 2100 custodem
1458 2045 1511 2100 in
1546 2045 1776 2102 futurum
1812 2048 2010 2106 habere

422 2130 718 2198 postulans.
741 2129 889 2186 Hanc
915 2149 1010 2188 nos
1035 2149 1245 2204 quoque
1267 2135 1553 2203 imitemur,
1578 2146 1632 2193 et
1650 2139 1695 2192 si
1719 2138 1772 2192 in
1796 2139 2008 2210 aliqum]

420 2228 698 2286 peccatum
726 2219 1070 2278 inciderimus
1094 2266 1107 2290 ,
1141 2225 1208 2280 ad
1239 2240 1338 2281 nos
1367 2226 1473 2281 cito
1503 2228 1782 2283 redeamus
1805 2271 1821 2296 ,
1851 2240 1905 2285 ct
1931 2230 2008 2285 la-

421 2309 625 2365 eiamns
651 2320 708 2365 ut
729 2311 910 2384 lapsus
939 2315 1010 2370 sit
1035 2330 1193 2376 causa
1217 2314 1551 2385 securitatis,
1581 2329 1634 2374 et
1658 2321 1872 2376 occasio
1900 2337 2006 2376 non

419 2399 646 2468 amplius
667 2405 942 2472 peccandi.
969 2407 1247 2476 Quomodo
1267 2425 1396 2480 ergo
1418 2410 1617 2467 facies?
1643 2412 1818 2468 Habes
1845 2415 2006 2470 David

420 2507 822 2566 praeceptorem.
857 2501 1182 2556 Peccavisti?
1206 2503 1281 2558 Ne
1306 2505 1539 2560 dormias
1565 2506 1615 2560 in
1643 2516 1882 2577 peccato,
1907 2508 2006 2563 scd

418 2602 647 2659 exsurge
669 2631 685 2655 ,
716 2600 771 2646 et
804 2593 986 2648 statim
1017 2595 1154 2662 apud
1185 2603 1237 2650 te
1264 2597 1434 2665 cogita
1468 2597 1630 2652 Deum
1669 2612 1700 2651 a
1732 2609 1783 2654 te
1818 2597 2005 2654 faciem

417 2681 694 2745 avertisse,
724 2684 796 2736 tui
828 2683 1051 2739 oblitum
1081 2700 1204 2740 esse
1232 2703 1246 2740 :
1275 2685 1466 2741 deinde
1494 2688 1663 2756 plora,
1693 2688 2004 2758 ingentis-ce,

418 2771 534 2826 lava
561 2789 658 2843 per
684 2775 917 2846 singulas
943 2786 1128 2833 noctes
1163 2777 1358 2832 lectum
1400 2787 1546 2833 tuum
1583 2779 1834 2851 lacrymis
1853 2822 1868 2847 ,
1899 2782 2005 2835 cito

417 2864 608 2921 recede
650 2867 718 2919 ab
759 2868 823 2921 iis
863 2869 952 2937 qui
995 2879 1285 2939 operantur
1326 2871 1678 2941 iniquitatem.
1721 2873 1852 2928 Nam
1891 2875 2006 2930 hacc

415 2971 628 3027 quoque
653 2966 779 3012 sunt
808 2959 1019 3014 Davidis
1044 2969 1330 3031 praecepta.
1358 2962 1448 3016 Dic
1473 2978 1592 3017 cum
1618 2965 1733 3033 ipso
1762 2981 1773 3016 :
1805 2962 2005 3030 Usque-

1399 395 1761 455 EXPOSITIO
1815 407 1879 461 ΙΝ
1917 405 2242 465 PSALMUM
2278 404 2416 464 XLI.
2448 429 2518 442 -—
2545 401 2875 459 MONITUM.

3603 407 3705 463 154

2120 501 2302 572 faciem
2328 513 2465 562 tuam
2488 523 2522 562 a
2547 525 2627 565 me
2651 510 2822 582 (Psal.
2847 513 2900 569 6.
2929 514 2980 569 7.
3003 513 3102 586 8)?
3131 516 3225 574 Dic
3255 533 3358 575 non
3384 517 3580 591 lingua,
3607 522 3702 579 sed

2116 601 2278 654 corde
2319 599 2486 656 multo
2521 613 2646 660 ante
2678 623 2692 661 :
2725 604 2814 662 dic
2835 606 2966 664 alias
3003 609 3168 666 David
3203 626 3414 684 quoque
3440 615 3694 672 rationes.

2116 690 2342 757 Quando
2377 693 2578 751 dixeris
2615 699 2792 754 omnia
2818 740 2834 766 ,
2863 714 3017 770 spera
3056 703 3108 757 in
3152 704 3514 761 misericordia
3543 706 3700 776 ejus,

2116 797 2271 851 spera
2294 824 2311 849 ,
2342 800 2409 841 ne
2437 785 2785 845 basim-teris.
2821 791 2921 857 Qui
2949 793 3082 847 enim
3119 795 3349 863 hesitat,
3382 796 3590 867 inquit,
3629 810 3706 854 est

2111 874 2296 929 similis
2324 877 2475 932 unde
2499 881 2673 948 maris,
2701 897 2814 952 qua:
2831 893 2974 938 uento
3003 885 3248 940 excitatur
3275 897 3320 941 et
3343 889 3585 960 agitatur.
3621 889 3708 946 Ns

2117 983 2234 1039 ergo
2268 969 2510 1024 existimet
2537 973 2624 1044 qui
2651 984 2724 1028 est
2750 974 2998 1046 ejusmodi
3015 1017 3029 1038 ,
3057 993 3110 1031 se
3136 978 3331 1050 aliquid
3355 997 3387 1035 a
3415 979 3524 1038 Deo
3552 999 3706 1039 acce-

2119 1071 2346 1132 pturum.
2380 1061 2470 1117 Vir
2485 1065 2620 1119 enim
2641 1065 2835 1136 duplici
2852 1071 3023 1135 corde,
3045 1080 3117 1125 est
3137 1072 3383 1129 instabilis
3403 1075 3455 1128 in
3475 1077 3706 1130 omnibus

2117 1153 2207 1204 viis
2233 1153 2338 1206 suis
2390 1152 2410 1225 (
2428 1151 2607 1209 Iacob.
2642 1157 2692 1212 1.
2723 1157 2883 1230 6-8).
2915 1159 3078 1229 Spera
3109 1176 3236 1230 ergo
3266 1163 3318 1218 in
3347 1164 3461 1234 ejus
3489 1165 3704 1221 miseri-

2116 1240 2294 1297 cordia
2313 1285 2332 1312 ,
2361 1244 2490 1300 nihil
2516 1245 2802 1316 haesitans,
2834 1259 2888 1304 et
2919 1251 3240 1321 postulatum
3267 1255 3485 1310 omnino
3507 1271 3704 1314 conse-

2116 1335 2329 1403 queris;
2359 1345 2638 1406 postquam
2677 1349 2856 1395 autem
2893 1354 3255 1413 consequutus
3296 1344 3457 1401 lueris
3479 1388 3496 1412 ,
3527 1363 3594 1402 ne
3630 1350 3706 1402 sis

2117 1423 2356 1494 ingratus
2383 1427 2435 1480 in
2462 1427 2857 1486 benefactorem
2878 1474 2893 1497 ,
2923 1432 3016 1488 sed
3049 1433 3132 1489 lac
3155 1445 3559 1493 monumentum
3588 1440 3706 1508 ejus

2116 1515 2400 1585 beneﬁcii,
2431 1528 2485 1574 et
2528 1535 2625 1590 pro
2668 1523 2959 1591 gratiarum
3009 1525 3218 1581 actione
3257 1526 3484 1583 Domino
3516 1529 3703 1585 dedica

2115 1611 2398 1666 canticum.
2441 1612 2556 1668 Non
2585 1624 2735 1682 potes
2761 1616 2875 1685 ipse
2903 1616 3042 1673 forte
3075 1634 3397 1689 componere
3426 1642 3440 1677 :
3469 1636 3704 1678 convoca

2115 1717 2394 1773 pauperes,
2414 1720 2598 1760 eorum
2621 1706 2824 1776 linguas
2842 1709 3177 1764 commodato
3196 1712 3398 1781 accipe,
3415 1721 3472 1768 et
3486 1713 3577 1769 tibi
3599 1729 3693 1770 eas

2114 1807 2383 1862 compara.
2409 1793 2526 1850 Scis
2548 1812 2667 1850 cum
2693 1798 2957 1853 lubentius
2980 1800 3030 1854 id
3052 1801 3374 1869 auditurum,
3399 1819 3557 1874 quam
3576 1820 3704 1860 can-

2115 1888 2277 1942 ticum
2307 1887 2615 1944 Davidieum
2635 1932 2652 1957 ,
2681 1891 2822 1961 quod
2850 1893 2927 1947 illi
2957 1910 3050 1962 pro
3080 1904 3130 1950 te
3157 1896 3464 1952 cecinerint.
3498 1896 3698 1965 Quem-

2115 1978 2402 2034 admodum
2428 1979 2568 2035 enim
2595 1982 2733 2052 quod
2756 1999 2820 2037 ex
2849 1983 3073 2038 diversis
3098 1994 3180 2040 cst
3202 1986 3417 2042 chordis
3445 1990 3708 2044 constitu-

2115 2077 2225 2124 tum
2250 2109 2265 2134 ,
2287 2069 2658 2140 jucundiorem
2686 2073 2881 2128 emittit
2907 2075 3320 2132 modulationem
3339 2119 3353 2143 ,
3379 2093 3536 2149 quam
3561 2078 3706 2149 quod

2115 2176 2178 2216 ex
2211 2161 2364 2216 unica
2397 2178 2412 2214 :
2444 2161 2515 2216 ita
2544 2163 2708 2219 etiam
2737 2164 2878 2234 quod
2907 2173 3080 2221 estex
3103 2166 3330 2224 diversis
3354 2169 3702 2240 pauperibus,

2116 2252 2226 2307 Deo
2254 2253 2345 2322 qui
2382 2253 2532 2308 audit
2557 2269 2741 2309 vocem
2783 2269 3075 2326 pauperum
3094 2298 3111 2324 ,
3137 2257 3432 2328 jucundum
3459 2258 3594 2330 quid
3617 2275 3702 2316 re-

2113 2347 2325 2403 sonabit
2358 2355 2414 2403 et
2437 2346 2684 2402 amabile.
2725 2347 2882 2418 Erige
2912 2349 3003 2404 tibi
3044 2349 3146 2421 ipsi
3175 2360 3230 2406 et
3260 2351 3370 2406 Deo
3400 2350 3704 2422 lmjusmodi

2114 2447 2516 2495 monumentum
2559 2455 2574 2492 :
2615 2440 2666 2495 ei
2709 2439 2923 2512 quidem
2969 2453 3372 2499 monumentum
3417 2444 3698 2510 beneﬁcii;

2113 2530 2205 2585 tibi
2234 2546 2361 2586 vero
2385 2531 2746 2588 ostensioncm
2773 2535 3060 2604 gratiarum
3089 2535 3312 2592 actiunis
3330 2579 3346 2604 ,
3378 2540 3512 2610 grati
3537 2539 3702 2594 animi

2112 2631 2166 2677 et
2213 2624 2467 2678 memoris
2491 2664 2505 2688 ,
2533 2623 2740 2695 signum
2789 2635 3059 2695 perpetuae
3102 2629 3375 2684 memoriae
3401 2671 3416 2696 ,
3447 2645 3606 2700 quam
3648 2631 3700 2684 in

2109 2713 2274 2769 corde
2315 2729 2528 2785 semper
2567 2714 2768 2770 habens
2798 2715 3012 2770 inﬁxam
3038 2757 3054 2782 ,
3083 2719 3293 2789 corrige
3323 2727 3464 2775 tuam
3493 2721 3654 2774 vitam
3685 2738 3700 2773 :

2111 2804 2221 2859 imo
2247 2821 2376 2861 vero
2410 2805 2743 2877 corrigamus
2767 2847 2782 2870 ,
2817 2815 2874 2860 ut
2901 2808 3068 2864 simus
3106 2808 3246 2879 digni
3280 2810 3572 2866 hereditate
3601 2810 3700 2867 bo-

2111 2911 2300 2952 norum
2326 2913 2446 2967 qua:
2471 2897 2582 2952 illic
2607 2908 2749 2962 sunt,
2774 2897 2827 2952 in
2850 2899 3062 2954 Christo
3087 2900 3212 2955 .Iesu
3240 2901 3466 2958 Domino
3491 2914 3696 2968 nostro,

2109 2989 2194 3042 cui
2222 2988 2388 3058 gloria
2416 2997 2472 3042 et
2498 2988 2776 3057 imperium
2809 2989 2862 3042 in
2889 2989 3084 3043 sarcula
3114 2991 3452 3048 saeculorum.
3483 2995 3675 3049 Amen.

412 3063 534 3114 quo,
565 3046 798 3114 Domine,
821 3049 1121 3106 Oblivisceris
1147 3067 1225 3105 me
1248 3051 1300 3104 in
1327 3051 1522 3120 ﬁnem?
1546 3069 1798 3122 usquequo
1825 3056 2004 3107 avertis

447 3203 3678 3240 βψ

441 3315 568 3355 mus
601 3323 614 3355 :
655 3298 859 3353 Rursus
885 3297 1122 3368 infelices
1154 3295 1259 3362 illi,
1294 3295 1703 3366 mortaliumque
1729 3296 1964 3350 omnium
1987 3295 2273 3349 miserrimi
2299 3293 2476 3350 Juda'i
2507 3293 2806 3364 jejunaturi
2839 3304 2962 3348 sunt
2991 3312 3009 3348 :
3042 3312 3231 3350 rursus
3261 3294 3464 3350 Christi
3490 3311 3698 3367 gregem

443 3401 746 3454 muniamus
779 3413 983 3452 necesse
1009 3405 1112 3450 est.
1143 3393 1580 3462 Quandoquidem
1603 3403 1652 3448 et
1680 3402 1940 3463 pastores,
1963 3392 2217 3462 quamdiu
2243 3391 2404 3445 noxia
2437 3392 2605 3446 bestia
2638 3391 2858 3446 molesta
2887 3409 2990 3446 non
3014 3401 3114 3454 est,
3141 3391 3238 3446 sub
3265 3394 3436 3448 ilicem
3470 3403 3563 3447 aut
3595 3409 3695 3464 po-

441 3493 628 3563 pulum
660 3492 910 3564 porrecti,
947 3489 1130 3562 ﬁstula
1161 3497 1381 3553 canunt,
1412 3489 1638 3543 sinentes
1675 3504 1790 3543 oves
1817 3486 1976 3541 libere
2005 3503 2100 3556 pro
2133 3502 2227 3540 suo
2257 3486 2522 3539 arbitratu
2565 3503 2818 3554 pascere:
2848 3502 3025 3542 verum
3065 3486 3227 3542 simul
3259 3494 3414 3557 atque
3442 3485 3699 3540 senserint

443 3592 694 3647 alicunde
722 3591 970 3660 luporum
997 3589 1350 3643 incursionem
1383 3586 1676 3652 imminere,
1710 3599 1853 3650 mox,
1877 3583 2084 3655 objecta
2109 3582 2316 3654 ﬁstula,
2345 3582 2565 3653 [undam
2593 3584 2880 3654 arripiunt,
2913 3591 2961 3637 et
2985 3585 3175 3638 emisso
3201 3583 3431 3648 calamo,
3469 3583 3698 3653 fustibus

439 3699 492 3742 et
523 3689 672 3742 saxis
704 3687 982 3741 obarmant
1009 3701 1142 3752 sese,
1165 3699 1362 3756 proque
1387 3684 1514 3738 ovili
1537 3684 1896 3747 consistentes,
1922 3697 2110 3751 magno
2142 3681 2394 3746 clamore,
2431 3681 2725 3752 ingentique
2753 3679 2960 3735 ululatu
2996 3681 3364 3750 vociferantes,
3401 3682 3701 3752 frequenter

440 3786 555 3852 ipso
584 3783 816 3838 clamore
851 3783 1042 3852 feram,
1072 3782 1381 3851 priusquam
1411 3781 1693 3850 irrumpat,
1733 3778 1972 3849 abigunt.
2006 3775 2164 3833 Hunc
2196 3777 2382 3848 utique
2427 3775 2609 3832 locum
2661 3775 2881 3847 respicit
2915 3774 3337 3846 Cbrysostomus
3371 3790 3495 3833 cum
3543 3773 3702 3831 initio

445 3882 612 3950 hujus
639 3881 694 3935 in
721 3878 1002 3934 Psalmum
1033 3878 1098 3934 41
1131 3876 1373 3932 homiliaa
1401 3891 1459 3931 se
1487 3876 1723 3946 pastoris
1750 3874 2010 3944 exemplu:

2114 3871 2349 3929 ittulisse
2378 3873 2530 3927 dicit.

514 3977 654 4032 Hinc
706 3974 871 4045 igitur
925 3972 1137 4028 inferas
1184 3986 1332 4026 anno
1368 3969 1471 4024 387
1525 3969 1762 4023 habitam
1812 3966 1984 4023 fuisse
2027 3967 2169 4023 hanc
2207 3966 2552 4028 concionem,
2578 3972 2648 4064 οι.
2678 3963 2920 4064 quidem,
2948 3973 3022 4064 ut
3045 3963 3283 4064 videtur,
3455 3977 3696 4064 mensem

441 4069 821 4140 S-ptcmbrem
846 4085 858 4120 :
893 4079 1002 4136 qua
1030 4065 1096 4119 de
1125 4080 1184 4118 re
1211 4063 1330 4118 vide
1355 4061 1618 4117 blonitum
1649 4069 1896 4115 nostrum
1926 4059 1993 4114 ad
2030 4059 2295 4160 Homilias
2323 4066 2512 4160 contra
2547 4055 2785 4160 ludaaos,
2809 4054 2968 4110 Tom.
3003 4057 3140 4158 i,.p.
3159 4053 3501 4160 "585.'Li-cet_
3513 4063 3696 4158 autem

438 4176 594 4221 extra
635 4162 832 4217 seriem
865 4159 1280 4231 Espositionum
1313 4157 1368 4210 in
1398 4154 1649 4210 Psalmos
1677 4151 1948 4223 principio
1981 4150 2155 4221 posita
2189 4151 2360 4206 fuisse
2386 4149 2652 4214 videatur,
2689 4148 2817 4219 quia
2850 4157 3030 4203 tamen
3061 4147 3114 4200 in
3155 4146 3358 4202 Graecis
3387 4146 3557 4204 Editis
3579 4162 3699 4202 om-

444 4264 606 4316 nibus
636 4268 692 4314 et
724 4261 778 4314 in
806 4256 1136 4328 quibusdam
1170 4256 1302 4308 Mss.
1337 4253 1484 4307 hunc
1515 4250 1693 4305 locum
1723 4249 1956 4315 obtinet,
1987 4263 2106 4303 eam
2137 4253 2258 4304 loco
2285 4261 2504 4302 movere
2543 4245 2719 4300 visum
2747 4260 2855 4300 non
2893 4253 2997 4298 est.

513 4351 631 4407 lam
669 4367 783 4405 rem
817 4348 1092 4404 diﬂicilem
1121 4355 1180 4404 et
1200 4358 1488 4414 Operosam
1538 4339 1924 4412 aggrediamur
1955 4348 2204 4410 oportet;
2238 4354 2432 4408 nempe
2461 4337 2818 4407 quaerendum
2869 4335 2937 4390 de
2968 4333 3276 4404 signiﬁcatu
3311 4348 3506 4389 vocum
3556 4334 3699 4388 ὑπα-

441 4446 646 4509 κούειν,
677 4444 915 4513 ὑπακοή,
946 4439 1304 4510 omanem),
1329 4437 1484 4508 queis
1513 4451 1655 4504 suape
1681 4435 1854 4490 utitur
1882 4433 1937 4488 in
1980 4434 2010 4488 lt

2129 4432 2355 4487 humilia
2404 4430 2878 4502 Chrysostomus:
2924 4427 3195 4497 lnterpres
3245 4443 3372 4482 vero
3417 4443 3700 4498 perperam

442 4558 657 4613 seraper
683 4538 958 4612 exprimit.
993 4537 1085 4592 Sic
1116 4535 1278 4606 paulo
1307 4541 1430 4604 post
1462 4533 1677 4588 initium
1703 4549 1716 4584 :
1750 4533 1852 4602 τήν
1883 4530 2010 4585 κιθά

2144 4529 2316 4599 αὐτὴν
2344 4527 2438 4583 τοῦ
2469 4527 2633 4581 Δαυὶδ
2665 4525 3185 4597 μεταχειριζόμενοι,
3216 4527 3310 4578 καὶ
3335 4525 3433 4597 τὴν
3456 4525 3701 4596 ὑπακοὴν

472 4648 521 4706 ις
552 4641 716 4714 μέσον
743 4640 988 4708 ἄγοντες,
1019 4637 1086 4707 ἣν
1113 4633 1350 4696 ἅπαντες
1379 4631 1736 4702 ὑπεψάλαμεν
1779 4631 2041 4701 τήμερον.
2089 4628 2184 4691 Τίς
2237 4624 2330 4680 οὖν
2383 4628 2532 4680 ἐστιν
2583 4626 2617 4696 ἡ
2671 4625 2920 4693 ὑπακοή;
2963 4625 3062 4676 Ὃν
3108 4625 3309 4694 τρόπον
3363 4623 3611 4676 ἐπιποθεί
3664 4625 3700 4694 ἡ

444 4735 640 4805 ἔλαφος
669 4733 762 4786 ἐπὶ
788 4731 892 4795 τὰς
921 4727 1104 4801 πηγὰς
1135 4726 1245 4781 τῶν
1278 4725 1506 4791 ὑδάτων,
1538 4722 1712 4787 οὕτως
1741 4721 1998 4826 ἐπιποθεῖ
2019 4722 2054 4792 ἠ
2083 4719 2229 4828 ψυχή
2259 4717 2530 4828 μονκπρὸς
2551 4717 2662 4828 ’σὲνι
2688 4719 2716 4771 ὁ
2754 4717 2887 4828 Θεξς
2920 4735 2932 4771 ε
2970 4727 3030 4828 ει.
3068 4726 3255 4828 Ρθῗιθὲ
3323 4715 3463 4828 ἐξὶο
3488 4714 3698 4828 ibi]!

447 4826 710 4898 ῥημάτων
737 4823 927 4895 μόνον,
961 4821 1098 4875 ἀλλὰ
1128 4819 1222 4874 καὶ
1249 4817 1314 4871 δι’
1346 4817 1528 4871 αὐτῶν
1561 4817 1667 4869 τῶν
1697 4815 1874 4886 ἔργων
1903 4811 2107 4882 ταύτην
2153 4809 2480 4880 ὑπειψάλλειν
2512 4809 2611 4880 τὴν
2639 4809 2888 4881 ὑπακοήν
2921 4827 2935 4863 :
2982 4819 3037 4864 et
3072 4809 3210 4863 infra
3243 4828 3256 4862 :
3287 4807 3414 4862 ἀλλ’
3441 4808 3528 4862 ἵνα
3569 4807 3700 4861 ὅταν

443 4921 773 4992 sacceum,
808 4917 1076 4988 συνθήκας
1103 4912 1242 4968 εἶναι
1270 4912 1497 4984 νομίσῃς
1526 4911 1624 4982 τὴν
1654 4912 1922 4979 ὑπακοήν.

511 5021 645 5073 Item
677 5032 825 5070 num.
862 5014 896 5070 6
924 5033 937 5068 :
970 5014 1032 5067 οὐ
1061 5013 1169 5083 γάρ
1204 5011 1269 5082 δὴ
1303 5010 1464 5081 μόνον
1493 5011 1602 5062 άπὸ
1628 5010 1728 5078 τῆς
1761 5010 2010 5080 ὑπακοῆς
2035 5006 2240 5078 ταύτης
2271 5006 2417 5058 ἐστιν
2460 5004 2586 5058 ἰδεῖν
2625 5004 2790 5057 αὑτοῦ
2826 5003 2886 5056 τὸ
2928 5003 3156 5110 φίλτρον,
3177 5003 3272 5055 καὶ
3292 5001 3406 5110 ,άπὸ
3438 4999 3546 5110 των
3573 4999 3700 5070 ἑξῆς

443 5115 706 5187 ῥημάτων
736 5129 752 5165 :
783 5122 1022 5167 et-num.
1053 5110 1084 5163 7
1121 5124 1137 5162 :
1178 5107 1254 5180 μὴ
1281 5108 1463 5162 τοίνυν
1491 5106 1678 5169 ἁπλῶς
1706 5104 1943 5159 ἐνταῦθα
1971 5104 2248 5173 εἰσίωμεν,
2283 5101 2831 5208 μηδὲβάςέπᾳοάς
2857 5099 3246 5208 άςξωσιωμξνοὶ
3283 5099 3647 5208 ὐῗακούωμν

439 5222 495 5266 et
522 5211 703 5265 infra:
739 5209 837 5273 τὰς
886 5206 1135 5270 ὑπακοάς
1184 5205 1344 5276 μόνον
1383 5202 1714 5275 διατήρησόν
1764 5219 1856 5272 μοι
1883 5201 1992 5254 τῶν
2032 5197 2281 5272 ψαλμῶν,
2314 5198 2382 5262 ἃς
2422 5195 2656 5251 ἐνταῦθα
2698 5193 3046 5266 umquam,
3087 5195 3186 5266 οὐχ
3220 5193 3386 5259 ἅπαξ,
3417 5192 3478 5246 οὐ
3507 5192 3608 5256 δὶς,
3635 5194 3697 5245 οὐ

439 5307 579 5378 τρλς,
615 5304 752 5359 ἀλλὰ
787 5306 878 5358 καὶ
908 5301 1188 5365 πολλάκις,
1221 5309 1326 5355 etc.
1365 5298 1535 5353 Paulo
1569 5307 1693 5366 post
1721 5307 1902 5352 autem
1933 5313 1947 5349 :
1981 5314 2010 5350 ο

2123 5294 2266 5365 αὕτη
2299 5295 2355 5348 δὲ
2397 5295 2577 5364 μόνον,
2608 5292 2746 5347 άλλά
2784 5292 2879 5346 καὶ
2925 5291 3130 5361 ἑκάστη
3167 5291 3382 5362 ὑπακοὴ
3406 5289 3498 5344 τὸν
3533 5290 3702 5342 αὑτὸν

441 5400 573 5470 ἡμῖν
600 5395 892 5466 παρέξεται
926 5393 1175 5458 πλοῦτον,
1211 5391 1316 5446 κᾶν
1349 5391 1511 5463 εἴπῃς
1535 5390 1717 5457 πάλιν,
1743 5389 2032 5459 Μακάριος
2071 5388 2210 5460 ἀνὴρ
2233 5389 2262 5441 ὁ
2293 5386 2627 5457 φοϐούμενος
2657 5386 2750 5438 τὸν
2784 5384 3010 5455 Κύριον.
3047 5384 3104 5439 In
3133 5384 3240 5437 line
3270 5391 3449 5436 autem
3478 5398 3492 5434 :
3526 5381 3614 5435 ἵνα
3641 5380 3697 5434 δὲ

445 5496 520 5566 μὴ
547 5493 840 5566 μακρύνων
873 5492 964 5547 τὸν
991 5491 1151 5559 λόγον
1174 5488 1310 5556 δόξω
1338 5489 1574 5560 ἐνοχλεῖν
1619 5490 1733 5553 τοῖς
1763 5486 2238 5589 φιλοπονωτέροις,
2271 5483 2587 5589 καταλιξτὼν
2631 5483 2869 5589 eiciarqu
2909 5481 3157 5588 éx‘néy'ew
3181 5477 3450 5589 anas-toi]:

438 5583 870 5655 ἐναποκειμένην
896 5583 1033 5654 αὐτῇ
1067 5581 1296 5652 δύναμιν
1321 5578 1717 5650 διερευνᾶσθαι,
1745 5577 1980 5633 ἐνταῦθα
2011 5576 2298 5633 καταλύσω
2320 5577 2411 5631 τὸν
2428 5576 2607 5646 λόγον,
2640 5577 2826 5678 ὲῄκείνα
2851 5571 3365 5678 παραινέσαςεὺμῶν
3482 5571 3696 5678 dfatim

445 5680 520 5750 μὴ
555 5679 740 5741 ἁπλῶς
775 5676 1008 5732 ἐνταῦθα
1042 5676 1268 5730 εἰσιέναι
1289 5719 1303 5743 ,
1331 5675 1446 5730 ἀλλ’
1485 5673 1674 5743 ὥσπερ
1720 5674 2065 5746 μαργαρίτας
2107 5673 2208 5738 τὰς
2254 5671 2500 5736 ὑπακοὰς
2532 5668 2909 5773 λαμόάνοντας
2953 5665 3284 5773 διατηρείζῖ
3313 5664 3409 5716 καὶ
3441 5664 3694 5773 uexerit}.

513 5774 669 5845 Apud
699 5774 1034 5830 Mctbodium
1065 5773 1190 5828 item
1221 5774 1276 5826 in
1308 5771 1574 5828 Convivia
1604 5772 1897 5842 virginum,
1925 5787 1978 5840 p.

2114 5773 2122 5824 ι
2161 5789 2175 5825 :
2214 5771 2314 5841 τὴν
2353 5769 2565 5824 Θέκλαν
2607 5766 2780 5837 μέσην
2817 5763 2917 5834 μὲν
2962 5761 3073 5816 τῶν
3112 5758 3418 5831 παρθένων,
3459 5756 3586 5868 itm,
3633 5759 3699 5810 ἐκ

437 5869 629 5936 δεξιῶν
667 5869 724 5926 δὲ
755 5869 855 5940 τῆς
878 5866 1080 5940 ἀρετῆς
1111 5867 1317 5922 στᾶσαν
1353 5866 1594 5938 κοσμίως
1623 5863 1865 5936 ψάλλειν·
1889 5866 1986 5929 τὰς
2017 5863 2074 5918 δὲ
2098 5863 2289 5928 λοιπάς
2314 5865 2372 5918 ἐν
2399 5861 2583 5932 κύκλῳ
2612 5858 2859 5929 καθάπερ
2885 5858 2943 5909 ἐν
2967 5858 3126 5926 χοροῦ
3158 5858 3396 5926 σχήματι
3423 5858 3697 5916 συστάσας
