4140 6356
451 349 580 428 ,6ῗὸ
1164 344 1222 404 S.
1257 348 1544 407 IOANNIS
1579 349 2066 407 CllllYSOSTOMl
2108 349 2428 408 ARCIHEP.
2467 343 3019 404 CONSTANTlNOP.
3619 347 3725 404 156

470 466 769 521 ὑπακούειν
799 467 960 539 αὐτῇ,
996 469 1302 538 respondere
1330 467 1431 523 illi.
1468 468 1564 524 Illo
1594 485 1757 524 sensu
1787 471 1948 526 etiam
1986 468 2028 524 ir

2134 469 2283 522 ούειν
2320 482 2419 521 usu
2447 463 2593 520 venit
2617 461 2738 516 Job.
2778 461 2860 527 14,
2891 461 2979 524 l5,
3019 459 3130 515 ubi
3159 474 3264 514 Lxx
3315 459 3516 515 habent
3547 479 3560 516 :
3604 456 3727 518 εἷτα

470 550 742 628 καλέσεις,
768 562 955 634 ἐγὼδὲ
986 581 1068 618 σοι
1094 565 1495 637 ὑπακούσομαι,
1529 565 1620 620 ubi
1655 566 1902 638 Vulgata,
1948 564 2025 621 Vo

2134 565 2175 618 is
2206 580 2307 627 me,
2337 571 2385 616 et
2409 577 2502 630 ego
2532 557 2851 627 respondebo
2879 556 2995 610 tibi.

541 657 698 713 Clare
733 656 1090 726 Athanasius,
1115 659 1373 730 Apologia
1409 661 1474 714 de
1499 658 1624 730 fuga
1657 674 1779 726 sua,
1807 675 1862 730 p.
1895 659 2002 713 554

2134 657 2372 720 ιθεσθεὶς
2397 655 2488 709 ἐπὶ
2509 652 2605 707 τοῦ
2627 651 2846 724 θρόνου,
2870 649 3206 720 προέτρεπον
3231 647 3326 700 τὸν
3356 647 3454 719 μὲν
3476 649 3729 706 διάκονον

469 749 866 818 ἀναγινώσκειν
896 752 1129 824 ψαλμόν·
1163 752 1289 815 τοὺς
1311 751 1368 804 δὲ
1400 749 1564 814 λαοὺς
1591 749 1910 816 ὑπακούειν,
1940 751 2028 804 "01

2134 753 2172 814 Ξς
2199 749 2290 803 τὸν
2325 746 2499 800 αἰῶνα
2528 744 2588 798 τὸ
2615 745 2762 807 ἔλεος
2785 742 2990 797 αύτοῦι
3025 740 3092 796 1η
3135 742 3324 797 throno
3371 741 3554 795 sedens
3585 758 3727 811 prte-

469 847 580 912 cepi
609 846 833 902 diacono
868 857 926 901 ut
974 847 1251 901 Psalmum
1297 847 1508 918 legeret,
1547 846 1837 916 populoque
1878 857 1936 902 ut
1977 845 2350 914 responderet:
2385 841 2652 908 Quoniam
2695 839 2753 891 in
2799 847 3054 893 internum
3097 835 3463 889 misericordia
3497 833 3630 902 ejus.
3665 833 3731 889 Et

471 940 708 1010 Epistula
736 943 802 996 ad
832 941 1206 998 Marcellinum
1235 944 1510 1007 comitem,
1552 958 1606 1012 p.
1634 941 1740 997 998
1765 959 1778 995 :
1808 941 1984 1004 θέλεις
2008 942 2028 1011 q

2134 950 2233 994 ietv
2268 936 2517 1008 ὑπακοὴν
2542 934 2772 1006 ἔχουσαν
2798 934 2859 987 τὸ
2898 931 3210 1003 ἀλληλούια,
3255 930 3345 984 Vis
3374 931 3601 998 psallere
3629 929 3731 999 Ity-

465 1054 658 1108 pacoen
691 1039 968 1094 habentem
998 1039 1218 1093 alleluia
1246 1055 1265 1094 .'
1298 1039 1373 1095 ibi
1410 1055 1538 1095 vero
1562 1037 1810 1096 Psalmos
1848 1038 2026 1094 indica

2134 1037 2227 1103 04,
2278 1034 2402 1098 105,
2449 1033 2570 1099 106,
2622 1031 2745 1098 110,
2779 1032 2898 1093 111,
2938 1029 3060 1091 112,
3111 1025 3236 1090 115,
3286 1025 3411 1092 114,
3445 1023 3730 1097 115,118,

469 1134 593 1200 154,
624 1134 746 1202 146,
781 1136 898 1202 147,
928 1136 1050 1203 148,
1079 1137 1203 1199 149,
1247 1136 1372 1192 150.

540 1230 620 1286 Ex
663 1232 816 1288 hisce
841 1232 1169 1289 testimoniis
1203 1231 1373 1302 liquet
1403 1232 1699 1286 ὑπακούειν
1726 1242 1779 1288 et
1813 1232 2028 1304 ὑποψάλ

2134 1251 2144 1282 ρ
2178 1228 2509 1302 signiﬁcare,
2545 1225 2794 1281 recitanti
2828 1221 3159 1292 respondere,
3196 1219 3281 1273 vel
3306 1219 3517 1271 canenti
3561 1214 3733 1270 sucei-

469 1345 590 1382 nere
611 1346 632 1394 ;
651 1337 821 1399 atque
847 1329 984 1385 adeo
1007 1329 1254 1402 ὑπακοήν
1285 1345 1407 1385 esse
1438 1346 1766 1400 responsum,
1796 1330 1880 1385 vel
1904 1328 2289 1400 responsionem
2313 1343 2332 1380 :
2360 1333 2552 1380 contra
2579 1337 2744 1393 quam
2773 1320 2936 1374 vertit
2965 1315 3270 1373 Gentianus
3301 1310 3596 1375 ﬂervetus,
3633 1307 3728 1378 qui

471 1436 499 1475 a
545 1421 710 1476 verbo
752 1423 941 1476 audire
1000 1439 1215 1492 semper
1263 1423 1766 1494 interpretationem
1808 1432 2019 1494 petens,
2070 1420 2372 1478 sententias
2420 1417 2756 1490 pessumdat.
2804 1414 3007 1468 Contra
3052 1425 3216 1482 quam
3265 1407 3429 1463 etiam
3481 1402 3734 1471 intelligit

472 1512 688 1569 Gnarus
714 1512 768 1568 in
807 1512 1144 1584 Euchologio
1187 1530 1243 1584 p.
1291 1514 1380 1579 57,
1432 1513 1523 1569 ubi
1559 1515 1807 1586 ὑπακοήν
1844 1516 2008 1569 vertit
2058 1513 2408 1576 auditionem,
2443 1521 2776 1580 quamquam
2823 1504 3186 1562 subdubitans
3219 1500 3499 1555 variorum
3545 1494 3735 1551 etii-rat

468 1607 790 1663 sententias.
815 1608 984 1680 igitur
1004 1610 1300 1664 ὑπακούειν
1337 1619 1392 1666 et
1418 1609 1750 1680 ύποψάλλειν
1784 1609 2028 1666 dicebam

2134 1609 2357 1678 opulus.
2400 1622 2524 1662 cum
2553 1604 2635 1660 vel
2663 1603 2894 1659 diacono
2926 1601 3010 1656 vel
3050 1595 3430 1656 sacerdotibus
3457 1593 3539 1648 vel
3577 1592 3736 1648 cleri-

471 1704 549 1760 cis
584 1705 1006 1775 praecinentibus
1033 1707 1368 1775 succinehat,
1407 1707 1491 1762 vel
1526 1706 1882 1763 recitantibus
1907 1703 2544 1774 respondebant'maxoﬁ
2581 1716 2713 1756 vero
2751 1697 2904 1772 H50]
2947 1696 3079 1752 illud
3114 1696 3293 1765 ipsum
3337 1691 3482 1763 quod
3517 1705 3738 1759 reSpou-

469 1800 736 1869 debatur;
771 1804 1004 1872 exempli
1037 1819 1224 1868 causa,
1253 1806 1351 1859 Ὃν
1376 1803 1577 1874 τρόπον
1621 1803 1874 1858 ἐπιποθεῖ
1915 1803 1948 1874 ὴ
1989 1801 2028 1856 ἐ]

2134 1819 2222 1866 ος,
2265 1810 2371 1856 etc.
2420 1795 2877 1865 Quemadmodum
2929 1793 3191 1849 desiderat
3233 1808 3410 1845 cervus
3451 1789 3521 1841 ad
3565 1790 3735 1860 fontes

470 1908 755 1962 aquarum,
785 1895 864 1948 ita
897 1896 1164 1949 desiderat
1193 1896 1375 1948 anima
1407 1911 1522 1948 mea
1550 1893 1620 1948 ad
1651 1903 1719 1960 te,
1748 1895 1912 1960 Deus,
1943 1894 2059 1948 haec
2088 1901 2208 1948 erat
2235 1891 2453 1962 ὑπακοή
2489 1905 2584 1946 seu
2619 1889 2944 1960 responsio;
2979 1887 3098 1941 aliae
3132 1885 3260 1941 item
3295 1883 3533 1938 ὑπακοαὶ
3558 1891 3731 1945 erant,

488 1994 3724 2022 MM

957 2160 1021 2216 IN
1051 2158 1372 2217 PSALMUM
1401 2158 1542 2215 XLI.

469 2296 904 2364 Quemadmodum
948 2295 1200 2349 desiderat
1238 2310 1412 2348 cervus
1461 2291 1530 2346 ad
1579 2293 1746 2364 fontes
1792 2303 2043 2358 aquarum

538 2396 610 2454 tv.
630 2391 706 2461 Ξ).
731 2387 793 2443 Ει
813 2403 1042 2457 quanam
1067 2386 1132 2442 de
1153 2401 1310 2442 causa
1329 2381 1647 2454 Psalmusin
1667 2383 1831 2439 vitam
1870 2381 2044 2434 intro-

531 2483 724 2538 ductus
749 2482 957 2536 canitur
986 2495 1106 2536 cum
1129 2478 1358 2534 cantico.
1385 2476 1456 2532 Et
1484 2476 1553 2534 de
1577 2476 1676 2533 Dei
1719 2475 1939 2531 lenitate
1979 2490 2042 2530 ac

529 2573 785 2645 patientia

453 2733 456 2736 θ
529 2711 583 2766 1.
618 2709 722 2766 Vos
767 2709 982 2779 quidem
1010 2725 1108 2764 nos
1135 2722 1312 2779 nuper
1340 2704 1771 2772 admirabamini,
1827 2703 2042 2774 quando

457 2805 617 2861 verba
643 2805 865 2862 fecimus
890 2807 958 2862 de
989 2800 1381 2858 Melchisedech
1413 2799 1512 2873 (α),
1536 2807 1756 2872 propter
1801 2812 1988 2854 eorum
2019 2837 2038 2865 ,

452 2913 574 2967 quae
601 2897 740 2952 dicta
770 2905 915 2961 sunt,
949 2894 1332 2965 longitudinem
1369 2911 1383 2949 :
1415 2908 1518 2964 ego
1540 2893 1717 2947 autem
1743 2907 1841 2947 vos
1866 2890 2036 2946 admi-

455 2991 612 3046 rabar
663 2997 879 3060 propter
909 2995 1146 3042 vestram
1191 2985 1247 3040 in
1295 2983 1564 3040 audiendo
1601 2983 1950 3039 attentionem
1981 2989 2037 3036 et

453 3082 786 3152 sapientiam,
826 3089 880 3136 et
905 3079 1048 3152 quod
1071 3095 1192 3135 cum
1223 3079 1481 3149 prolixior
1500 3094 1558 3134 se
1599 3077 1883 3132 obtulisset
1907 3089 2033 3129 ora-

455 3175 549 3242 tio,
582 3188 681 3229 nos
706 3172 772 3228 ad
812 3173 972 3227 linem
1005 3185 1171 3242 usque
1196 3169 1511 3240 consequuti
1537 3170 1689 3231 estis,
1714 3180 2036 3238 quamquam

364 3294 368 3298 -
454 3280 560 3320 non
585 3265 759 3318 solum
789 3272 904 3318 erat
956 3263 1107 3331 longa
1134 3261 1340 3326 oratio,
1397 3259 1490 3316 sed
1521 3273 1764 3330 magnam
1795 3257 1954 3313 etiam
1982 3259 2038 3312 in

449 3371 510 3413 se
550 3355 775 3410 habebat
807 3353 1195 3409 diflicultatem.
1239 3352 1344 3409 Sed
1387 3366 1558 3421 neque
1583 3351 1882 3421 longitudo,
1934 3365 2038 3406 nec

451 3450 530 3505 rei
569 3447 856 3503 difﬁcultas
902 3447 1030 3501 vicit
1058 3454 1290 3500 vestram
1331 3443 1492 3498 animi
1521 3443 1874 3498 alacritatem.
1922 3441 2038 3513 Age

450 3555 578 3610 ergo
628 3553 720 3596 vos
755 3553 851 3608 pro
894 3538 986 3592 illo
1040 3536 1223 3591 labore
1273 3549 1698 3599 remuneremur,
1753 3532 2034 3588 dilucidius

449 3631 610 3686 hodie
626 3631 897 3685 vobiscum
929 3629 1314 3698 colloquentes.
1335 3629 1516 3696 Neque
1545 3627 1688 3682 enim
1714 3635 1797 3680 cst
1820 3640 2033 3694 semper

447 3721 809 3778 intendendus
827 3720 1131 3776 auditorum
1159 3718 1368 3773 animus
1393 3734 1407 3782 ;
1437 3715 1592 3772 facile
1631 3716 1776 3771 enim
1803 3716 2033 3770 disrum-

446 3813 624 3884 pitur:
660 3827 757 3867 nec
787 3827 970 3866 rursus
1000 3824 1218 3881 semper
1270 3807 1623 3864 remittendus
1663 3822 1729 3861 ac
1782 3807 2030 3862 relaxan-

445 3909 580 3973 dus;
609 3905 731 3960 hinc
757 3905 897 3960 enim
927 3918 1112 3958 rursus
1165 3901 1408 3958 redditur
1445 3902 1686 3956 otiositir.
1722 3900 1846 3955 Ideo
1871 3908 2026 3954 uten-

443 4001 568 4055 dum
609 4009 695 4054 est
739 3997 885 4052 vario
934 3995 1160 4052 docendi
1212 4010 1406 4066 genere
1454 4013 1468 4048 :
1517 4001 1572 4049 et
1615 4009 1756 4048 nunc
1801 3993 2022 4070 quidem

443 4091 791 4162 populariori,
818 4100 873 4145 et
897 4089 964 4144 ad
995 4088 1361 4144 delectandum
1390 4087 1703 4142 concionem
1720 4101 2026 4141 accommo-

444 4182 638 4238 datiori
665 4183 908 4237 oratione
937 4179 1194 4236 utendum
1220 4187 1301 4234 est
1323 4220 1339 4245 ,
1363 4193 1504 4233 nunc
1531 4187 1708 4232 autem
1739 4177 1956 4243 acriori,
1973 4183 2030 4232 et

443 4273 511 4327 ad
557 4271 986 4328 contendendum
1015 4270 1231 4342 aptiori.
1261 4268 1720 4337 Quemadmodum
1745 4283 1874 4339 ergo
1902 4276 2028 4322 tunc

444 4359 720 4431 dicebam,
773 4363 912 4433 quod
942 4362 1068 4417 dum
1113 4362 1224 4430 lupi
1269 4376 1482 4432 gregem
1514 4359 1792 4425 invadunt,
1839 4359 2024 4414 relicta

445 4454 644 4518 ﬁstula,
676 4454 890 4509 fundam
920 4455 972 4507 in
1005 4469 1220 4508 manum
1243 4462 1459 4507 sumunt
1481 4461 1721 4522 pastores
1746 4469 1760 4506 :
1791 4451 1860 4505 ita
1885 4465 2025 4506 nunc

441 4552 567 4608 dum
595 4550 728 4606 festa
757 4549 1059 4606 Judmnrum
1098 4549 1490 4619 praeterierunt,
1523 4547 1611 4618 qui
1643 4555 1768 4601 sunt
1801 4547 2020 4617 quibus-

440 4643 523 4698 vis
562 4641 704 4713 lupis
766 4640 1129 4716 immaniores,
1162 4640 1345 4695 relicta
1382 4654 1566 4694 rursus
1610 4639 1791 4702 funda,
1831 4639 2019 4694 redea-

439 4751 560 4791 mus
585 4735 652 4790 ad
681 4734 910 4789 listulam
934 4752 948 4789 :
980 4743 1033 4788 et
1061 4749 1090 4788 a
1115 4732 1529 4787 contentiosiore
1555 4731 1769 4787 dicendi
1823 4747 2022 4802 genere

440 4837 735 4893 cessantes,
767 4827 941 4897 aliqua
985 4826 1086 4880 alta
1113 4826 1379 4895 apertiora
1406 4825 1812 4894 aggrediamur,
1855 4823 2021 4893 ipsius

437 4920 609 4979 David
627 4921 886 4976 citharam
909 4921 960 4974 in
985 4935 1196 4974 manum
1213 4926 1510 4986 sumentes,
1539 4928 1594 4972 et
1611 4933 1926 4986 responsum
1945 4916 2019 4987 (ὁ)

499 5101 574 5163 (α)
605 5099 742 5152 Circa
756 5099 864 5148 hazc
884 5099 1038 5149 verba
1060 5098 1172 5148 vide
1189 5099 1431 5146 Monitnm.

501 5156 573 5274 ab)
609 5163 664 5212 In
684 5169 876 5218 Graeco,
902 5171 1086 5221 ὓπαιιοτίν,
1112 5172 1254 5222 quam
1288 5170 1458 5206 vocem
1488 5156 1746 5204 Gentianus
1781 5160 2025 5202 Hervetus

501 5241 509 5273 I
535 5242 564 5274 e
586 5224 752 5274 vertit.
777 5237 886 5274 ante
907 5220 1076 5272 audita
1098 5227 1222 5270 sunt.
1242 5219 1395 5274 Igitur
1427 5228 1613 5267 metu.
1638 5223 1687 5265 et
1709 5226 1925 5274 buccina.
1948 5215 2023 5263 di-

431 5215 568 5275 ηιθΙὲ
586 5224 752 5282 vertit,
777 5215 886 5282 quae
907 5215 1084 5272 audita
1098 5215 1222 5270 sunt.
1242 5219 1395 5280 Igitur
1427 5228 1613 5282 metu.
1638 5223 1687 5265 et
1709 5226 1925 5282 taceant.»
1948 5215 2023 5282 dif

432 5289 638 5337 rebatur
662 5277 883 5347 populus,
909 5297 1017 5332 cum
1033 5319 1048 5342 ,
1084 5282 1174 5347 vel
1193 5277 1422 5338 Diabouo,
1441 5277 1528 5347 _vel
1557 5277 1915 5347 sacerdotibus,
1943 5278 2025 5325 vel

433 5348 633 5399 clericis
653 5339 1350 5410 prtecinentibus’suceinebat,
1376 5340 1454 5390 vel
1486 5339 1801 5410 recitantibus
1821 5351 2025 5410 respon-

433 5413 612 5472 debat;
635 5399 774 5470 ὡαιθή
796 5422 915 5472 vero
935 5407 1071 5472 illud
1109 5408 1266 5468 ipsum
1292 5399 1397 5472 erat
1427 5402 1555 5472 quod
1593 5399 1979 5472 respondebatur
2006 5414 2019 5448 :

431 5475 505 5522 Sic
527 5475 574 5521 in
600 5462 705 5520 loco
727 5462 974 5534 quembic
1011 5462 1321 5523 anndtamus,
1348 5462 1460 5534 llaec
1472 5477 1484 5512 :
1507 5462 1913 5534 Quemadmodum
1937 5462 2023 5510 dc-

431 5534 616 5584 siderat
637 5532 804 5582 cernas
827 5533 891 5580 ad
919 5533 1063 5585 fontes
1085 5539 1337 5590 aquarum,
1364 5533 1479 5581 etc.,
1508 5534 1647 5591 erant
1669 5532 1809 5580 ὓπαοή
1824 5536 2023 5591 seqre-

434 5582 648 5657 is'ponsV'io.
675 5597 794 5657 Alia;
814 5582 932 5641 item
957 5598 1096 5640 erant
1112 5582 1276 5657 W1
1280 5601 1376 5657 seu
1399 5586 1745 5657 responsiones
1760 5582 2025 5657 .‘videlicet

428 5644 744 5712 A'thauasius,
767 5656 832 5716 de
855 5662 982 5716 Fuga
1004 5665 1091 5702 sua
1113 5664 1222 5714 pag.
1248 5650 1357 5716 .534,
1375 5651 1445 5716 sic
1467 5644 1617 5697 liabet
1643 5661 1655 5696 τ
1681 5654 1736 5694 ltt
1754 5644 1925 5716 throno
1947 5658 2023 5716 se:

433 5705 573 5768 deus
594 5705 803 5781 pra'cepi
849 5705 1052 5781 Diticono
1157 5705 1392 5781 psalmum
1429 5710 1640 5780 tegeret,
1678 5705 1947 5781 populoque
1972 5713 2023 5781 ut

432 5771 790 5841 respondetur:
816 5776 1039 5841 quoniam
1072 5773 1122 5824 in
1157 5771 1390 5840 siccatum
1426 5771 1760 5841 misericordia
1797 5771 1951 5841 ejus;
1970 5776 2023 5818 et

429 5833 642 5905 Epistula
670 5833 728 5891 ad
762 5833 1081 5891 nai'celhnum
1103 5835 1348 5894 comitem,
1368 5845 1416 5896 [ν.
1441 5835 1536 5886 998
1604 5837 1682 5884 Vis
1702 5833 1911 5898 psallere
1935 5833 2019 5896 hy-

2161 2156 2214 2212 in
2269 2157 2503 2214 medium
2535 2161 2884 2230 adducentes,
2917 2165 3058 2236 quod
3105 2181 3294 2223 omnes
3321 2168 3478 2225 hodie
3507 2171 3739 2226 ευοείιιί-

2151 2263 2290 2306 mus.
2322 2252 2603 2318 Quodnam
2636 2255 2795 2325 igitur
2821 2271 3134 2327 reSponsum
3163 2259 3187 2314 ?
3213 2259 3267 2315 2.
3303 2260 3736 2330 Quemadmodum

2150 2339 2402 2397 desiderat
2429 2360 2602 2400 ceruus
2626 2347 2696 2400 ad
2740 2346 2906 2418 fontes
2943 2365 3211 2421 aquarum,
3243 2353 3314 2406 ita
3342 2354 3594 2410 desiderat
3619 2357 3734 2410 ani-

2147 2449 2233 2487 ma
2259 2452 2370 2489 mea
2399 2435 2470 2490 ad
2491 2446 2557 2505 te,
2579 2437 2742 2495 Deus.

2219 2523 2434 2582 Musica:
2456 2530 2563 2596 vis;
2585 2528 2784 2585 Psalmi
2801 2549 2890 2585 cur
2914 2533 3124 2599 inventi;
3152 2533 3490 2591 Psallendum
3520 2555 3634 2592 cum
3656 2541 3734 2594 in-

2147 2615 2443 2689 telligemia.
2475 2651 2542 2662 —
2570 2621 2682 2676 lmo
2718 2638 2846 2678 vero
2871 2625 3098 2693 primum
3123 2635 3206 2682 est
3259 2631 3618 2684 necessarium
3645 2632 3732 2685 di-

2145 2721 2290 2778 cere,
2319 2728 2548 2782 quanam
2571 2713 2640 2770 de
2661 2729 2820 2770 causa
2845 2716 3090 2772 Psalmus
3111 2719 3163 2773 in
3191 2731 3427 2775 nostram
3461 2722 3618 2776 vitam
3649 2733 3730 2777 est

2146 2803 2507 2868 introductus.
2539 2815 2593 2861 et
2613 2821 2735 2862 cum
2756 2807 2966 2863 cantico
2991 2811 3220 2865 maxime
3242 2811 3357 2866 haec
3383 2812 3579 2867 dicitur
3605 2829 3730 2884 pro-

2144 2898 2346 2970 phctia.
2375 2898 2616 2968 Quanam
2646 2915 2778 2970 ergo
2819 2901 2888 2956 de
2913 2916 3072 2956 causa
3104 2901 3312 2958 dicatur
3339 2919 3463 2958 cum
3491 2906 3726 2974 cantico,

2143 2991 2289 3046 audi.
2312 2990 2445 3047 Cum
2480 2993 2617 3048 Deus
2648 2993 2869 3050 vidisset
2897 2995 3093 3050 multos
3118 2995 3366 3052 homines
3391 3013 3512 3054 esse
3540 3013 3726 3053 socor-

2142 3083 2344 3152 diores,
2375 3100 2474 3140 nec
2501 3085 2568 3141 ad
2598 3086 2822 3157 legenda
2852 3089 3146 3158 spiritualia
3178 3089 3426 3146 lubenter
3445 3092 3722 3159 accedere,

2143 3191 2245 3231 nec
2273 3177 2362 3247 qui
2393 3177 2446 3232 in
2481 3193 2548 3234 eo
2594 3180 2804 3248 capitur
2829 3179 3065 3236 laborem
3095 3182 3346 3251 tolerare,
3401 3184 3584 3240 volens
3611 3201 3725 3255 gra-

2143 3267 2332 3324 tiorem
2359 3269 2594 3326 laborem
2611 3257 2847 3338 efﬁcere,
2865 3272 3088 3343 ejusque
3101 3288 3318 3330 sensum
3342 3275 3718 3344 prtesciudere.

2139 3359 2424 3418 admiscuit
2471 3363 2765 3433 prophetia:
2819 3364 3142 3431 melodiam,
3189 3373 3250 3421 ut
3285 3381 3476 3421 omnes
3531 3367 3721 3422 cantici

2139 3451 2504 3507 modulatione
2529 3453 2775 3509 delectati
2801 3496 2816 3519 ,
2847 3469 2968 3510 cum
3009 3471 3200 3525 magna
3244 3457 3408 3511 animi
3437 3458 3721 3514 alacritate

2138 3561 2321 3602 sacros
2341 3547 2390 3602 ei
2414 3546 2639 3618 hymnos
2665 3549 2933 3604 emittant.
2963 3547 3106 3604 Nihil
3132 3550 3274 3604 enim
3295 3551 3526 3606 animam
3566 3569 3720 3623 teque

2137 3636 2316 3707 erigit,
2361 3639 2661 3709 alatamque
2691 3639 3085 3710 quodammodo
3125 3641 3305 3707 efﬁcit,
3337 3651 3496 3712 atque
3516 3656 3546 3696 a
3576 3651 3716 3697 terra

2134 3728 2346 3792 liberat,
2380 3737 2435 3785 et
2458 3731 2689 3785 exsolvit
2716 3746 2746 3786 a
2776 3731 3006 3786 vinculis
3030 3731 3289 3802 corporis,
3320 3748 3610 3803 amorsque
3631 3749 3718 3788 sa-

2135 3823 2350 3892 pientiae
2375 3821 2559 3890 afficit,
2587 3832 2642 3879 et
2681 3833 2740 3879 ut
2774 3839 2863 3879 res
2905 3839 3094 3879 omnes
3117 3825 3185 3880 ad
3220 3824 3361 3881 hanc
3389 3825 3550 3880 vitam
3590 3841 3717 3895 per-

2136 3913 2370 3969 tinentes
2399 3914 2639 3980 irrideat,
2673 3915 2902 3986 perﬁcit,
2933 3927 2985 3970 ut
3008 3928 3197 3972 cautus
3227 3917 3630 3986 modulationis,
3663 3927 3719 3972 et

2133 4005 2367 4060 divinum
2395 4007 2661 4061 canticum
2703 4022 2927 4061 numero
2949 4009 3324 4080 compositum.
3357 4008 3544 4063 Nostra
3569 4019 3714 4063 certa

2132 4107 2318 4152 natura
2341 4113 2511 4168 usque
2539 4098 2674 4152 adeo
2699 4098 2994 4154 delectatur
3029 4100 3249 4155 canticis
3269 4109 3323 4154 et
3346 4100 3673 4155 carminibus
3696 4139 3717 4164 .

2131 4199 2192 4243 ut
2220 4189 2302 4244 vel
2323 4189 2554 4246 infantes
2579 4192 2649 4246 ab
2675 4191 2930 4247 uberibus
2956 4192 3274 4262 pendentes,
3301 4193 3346 4247 si
3373 4191 3538 4246 ﬂeant
3559 4201 3614 4247 et
3637 4191 3718 4246 af-

2130 4280 2416 4348 ﬂictentur,
2444 4297 2506 4337 ea
2533 4283 2742 4339 ratione
2794 4285 3091 4354 scpiantur.
3137 4283 3386 4339 Nutrices
3411 4295 3557 4339 certe
3595 4300 3718 4355 qu:e

2129 4391 2224 4430 eos
2259 4384 2470 4446 gestant
2497 4376 2551 4430 in
2587 4377 2749 4445 ulnis,
2777 4392 2921 4448 saepe
2939 4377 3199 4433 abeuntes
3225 4386 3278 4432 et
3305 4378 3616 4444 redeuntes,
3660 4391 3716 4434 et

2130 4468 2372 4537 quaadam
2397 4468 2620 4539 puerilia
2647 4471 2727 4524 eis
2752 4469 2990 4524 carmina
3034 4468 3402 4534 decantantes,
3432 4470 3717 4539 supercilia

2127 4575 2315 4615 eorum
2367 4560 2438 4616 ita
2468 4562 2701 4630 sopiunt.
2733 4561 2993 4629 Quocirca
3039 4577 3182 4633 szepe
3217 4577 3428 4632 quoque
3481 4565 3714 4619 viatores

2129 4655 2354 4710 meridie
2401 4665 2622 4725 agentes
2642 4655 2837 4725 jugalia
2868 4656 3118 4710 animalia
3150 4657 3253 4711 hoc
3283 4657 3482 4711 faciunt
3509 4671 3710 4711 canen-

2127 4754 2230 4813 tes,
2264 4747 2474 4802 itineris
2494 4747 2792 4801 molestiam
2824 4747 2927 4801 illis
2955 4747 3178 4801 canticis
3206 4748 3568 4802 consolantes.
3601 4746 3710 4802 Nec

2127 4839 2297 4893 solum
2324 4840 2575 4905 viatores,
2607 4839 2700 4894 sed
2735 4839 2896 4894 etiam
2944 4839 3189 4910 agricolae
3217 4855 3345 4894 uvas
3371 4841 3422 4893 in
3457 4840 3704 4894 torculari

2127 4932 2416 4997 calcantes,
2440 4931 2851 4995 vindemiantes,
2899 4940 2953 4986 et
2993 4931 3127 4986 vites
3168 4930 3430 4998 colentes,
3457 4939 3512 4985 et
3536 4929 3706 5001 quod-

2126 5037 2355 5093 cumque
2403 5025 2544 5078 aliud
2572 5039 2703 5092 Opus
2750 5021 3024 5084 facientes,
3057 5038 3202 5091 stepe
3226 5031 3461 5077 cantant.
3514 5021 3701 5076 Nautte

2126 5131 2338 5186 quoque
2393 5129 2571 5170 remos
2604 5115 2938 5184 impellentes
2979 5115 3082 5170 hoc
3139 5113 3358 5170 faciunt.
3413 5112 3533 5169 Jam
3585 5127 3710 5167 vero

2126 5208 2380 5262 mulieres
2403 5222 2614 5277 quoque
2644 5217 2908 5274 terentes,
2936 5215 2992 5262 et
3032 5206 3252 5262 confusa
3290 5207 3517 5261 stamina
3549 5205 3700 5263 radio

2124 5405 2303 5456 pacoen
2331 5390 2588 5456 nubentem
2625 5388 2823 5456 alleluia
2846 5403 2872 5456 ε
2891 5391 2959 5440 ibi
2983 5403 3103 5439 vero
3125 5388 3336 5456 psalmos
3365 5387 3676 5456 indicath
3693 5423 3709 5448 ,

2126 5450 2235 5511 105,
2262 5453 2371 5513 106,
2399 5453 2501 5512 110,
2532 5461 2584 5502 et
2605 5451 2794 5514 similes
2814 5451 2950 5501 alios.
2975 5450 3208 5514 Exemplo
3222 5459 3386 5502 autem
3409 5450 3593 5514 tenebit
3614 5460 3714 5514 quo

2126 5527 2267 5580 pacto
2291 5512 2366 5564 hae
2387 5516 2732 5580 responsiones
2759 5513 2962 5580 fierent.
2993 5512 3224 5562 Diaconus
3248 5514 3353 5561 sive
3376 5512 3612 5574 quispiam
3633 5512 3712 5580 inf

2124 5573 2336 5638 cipiebat
2357 5592 2368 5626 :
2391 5573 2801 5637 Quemadmodum
2823 5574 3067 5627 desiderat
3102 5587 3301 5638 cervus,
3324 5573 3418 5624 etc.
3447 5573 3714 5638 nepetebat

2126 5635 2277 5703 primo
2300 5635 2506 5703 populus
2523 5639 2890 5703 bnnc_versum,
2909 5635 3334 5703 quemadmodum,
3355 5642 3451 5685 etc.
3473 5635 3713 5703 Pergebat

2126 5697 2393 5752 Diaconus:
2422 5699 2571 5768 silici:
2779 5713 2906 5759 mea,
2927 5697 3028 5768 etc.
3058 5697 3576 5768 nesumebatpotlnlus
3598 5708 3710 5768 vero

2125 5780 2231 5813 smn
2247 5802 2260 5824 ν
2281 5763 2689 5828 Quemadmodum
2707 5801 2721 5828 ,
2749 5771 2844 5828 etc.
2861 5801 2874 5819 ,
2901 5763 3042 5828 et_sic
3066 5773 3222 5828 usque
3247 5759 3310 5828 ad
3334 5759 3479 5808 tinem
3522 5759 3708 5810 Psaltni.

2120 5828 2201 5876 Sic
2223 5825 2462 5889 :ntel’tigas
2487 5823 2550 5874 de
2570 5823 2682 5872 aliis
2705 5824 2974 5878 huiusmodi
2996 5823 3410 5886 respousionibus.
