4140 6356
1515 315 1883 375 EXI’OSITIO
1922 315 1991 372 1N
2031 315 2358 374 PSALMUM
2395 315 2531 372 XLI.
3570 315 3674 372 1326

407 440 467 486 ut
497 431 613 501 ipse
643 443 803 501 supra
829 429 1065 500 indicat;
1097 430 1436 501 alteriusque
1475 434 1850 504 responsionis
1884 448 1988 502 spei

2095 449 2159 486 en
2192 432 2370 498 affert,
2401 446 2614 500 nempe,
2643 431 2931 502 Μακάριος
2967 431 3109 504 ἀνὴρ
3138 433 3166 488 6
3204 432 3541 505 φοϐούμενος
3580 435 3674 486 τὸν

408 525 632 597 Κύριον,
661 523 856 578 Beatus
885 525 963 578 uir
987 525 1078 593 qui
1105 525 1253 579 timet
1276 523 1561 578 Dominum
1585 544 1603 590 ;
1635 527 1797 580 aliam
1832 527 1958 579 item

2090 527 2239 596 ικοήν
2271 525 2437 580 refert
2475 540 2638 594 supra
2674 524 3027 592 Athanasius,
3055 541 3272 596 nempe,
3300 526 3422 580 Ὅτι
3457 529 3538 590 εἰς
3580 527 3676 579 τὸν

407 619 581 674 αἰῶνα
603 617 663 671 τὸ
696 617 842 682 ἕλεος
875 617 1064 684 αὑτοῦ,
1097 617 1358 685 Quoniam
1392 622 1446 674 in
1474 621 1729 675 saeuiunt
1763 622 1988 674 miseria

2090 624 2127 674 ‘a
2175 622 2314 691 ejus.
2365 620 2492 678 iiazc
2536 621 2699 692 igitur
2744 621 3106 692 respondebat
3148 623 3403 692 populus,
3443 621 3676 676 diacono

407 727 500 770 aut
535 717 817 772 sacerdote
848 717 1270 788 prwcinentibus
1299 725 1395 772 aut
1415 717 1758 790 legentibus;
1791 718 2082 789 niultazque
2119 729 2278 774 erant
2304 717 2617 790 hujusmodi
2648 716 2888 772 ὑπακοαί
2934 731 3030 773 seu
3065 720 3454 788 responsiones,
3501 713 3679 786 inquit

384 858 387 862 .
405 811 853 883 Chrysostomus.

475 907 597 964 Jan:
628 909 894 979 quaaritur
925 910 1149 981 quinam
1183 910 1546 981 respondendi
1574 913 1768 967 modus
1792 921 1956 976 esset,
1985 925 2048 965 ac
2071 911 2424 981 quandonam
2456 911 2691 982 populus
2721 913 3098 984 responderet.
3124 912 3284 968 Certe
3307 912 3429 968 illas
3462 929 3679 983 respon-

407 1005 591 1060 siones
624 1019 732 1060 non
762 1006 952 1071 semel,
980 1015 1074 1061 aut
1102 1005 1204 1071 bis,
1231 1017 1325 1060 aut
1349 1016 1450 1071 ter,
1474 1006 1566 1062 sed
1597 1022 1739 1077 srepe
1759 1009 1991 1063 emissas
2016 1023 2046 1060 a
2075 1007 2273 1077 p0pulo
2317 1004 2486 1061 fuisse
2516 1007 2720 1062 diserte
2761 1009 2838 1061 ait
2877 1007 3302 1076 Chrysostomus
3328 1024 3344 1074 ;
3379 1006 3521 1061 unde
3557 1006 3675 1076 pla-

407 1111 540 1152 num
573 1095 736 1152 fuerit
769 1098 1025 1169 populum
1054 1099 1359 1154 alternatim
1391 1115 1516 1154 cum
1547 1099 1778 1155 diacono
1825 1100 1905 1155 vel
1965 1101 2248 1155 sacerdote
2290 1101 2531 1156 locutum
2574 1101 2784 1156 fuisse:
2819 1101 3172 1172 quandonam
3220 1108 3403 1155 autem
3439 1103 3670 1169 populus

407 1192 912 1259 alternaretvoees,
939 1192 1288 1248 subindicare
1321 1193 1532 1250 \idetur
1577 1209 1740 1263 supra
1773 1194 2109 1249 Athanasius
2147 1209 2271 1249 cum
2321 1195 2437 1250 ait:
2480 1194 2544 1249 In
2588 1195 2776 1248 throno
2830 1194 3014 1249 sedens
3066 1193 3292 1261 prwcepi
3332 1193 3581 1259 diacono,
3617 1201 3674 1246 ut

405 1282 684 1338 Psalmum
713 1284 920 1353 legeret.
949 1285 1242 1356 populoque
1273 1295 1329 1339 ut
1359 1286 1714 1356 responderet,
1751 1286 2016 1352 Quoniam
2046 1289 2102 1341 in
2131 1297 2386 1341 aeternum
2430 1286 2800 1340 misericordia
2835 1286 2969 1354 ejus.
3009 1281 3115 1338 Ubi
3152 1282 3429 1338 Psalmum
3467 1283 3681 1337 videtur

407 1381 698 1454 designare
730 1382 996 1451 CXXXV,
1027 1385 1084 1440 in
1112 1399 1224 1455 quo
1249 1384 1450 1455 singuli
1489 1399 1680 1442 versus
1708 1385 1968 1441 desinunt
2001 1387 2057 1440 in
2088 1383 2349 1450 Quoniam
2378 1386 2434 1440 in
2466 1394 2721 1439 internum
2765 1383 3131 1437 misericordia
3157 1382 3270 1452 ejus
3299 1397 3318 1435 :
3365 1393 3679 1450 quanquam

407 1489 516 1529 non
540 1476 718 1530 ausim
752 1476 936 1532 dicere
969 1476 1113 1533 hanc
1151 1478 1401 1548 ὑπακοήν
1436 1477 1566 1534 huic
1597 1477 1698 1534 soli
1745 1476 1966 1534 Psalmo
2009 1479 2304 1546 addictam,
2347 1493 2447 1535 nec
2489 1478 2647 1534 alteri
2695 1493 2955 1549 umquam
2989 1485 3227 1548 aptatam
3262 1473 3432 1530 fuisse
3479 1474 3531 1530 in
3575 1471 3683 1526 illis

406 1567 781 1626 Orientalibus
812 1571 1092 1627 Ecelesiis.

480 1663 558 1718 Ex
583 1663 686 1720 hoc
711 1664 999 1721 Athanasii
1030 1665 1152 1720 loco
1181 1663 1591 1735 deprehendere
1623 1663 1770 1730 licet,
1803 1664 1858 1718 ni
1889 1663 2068 1729 fallor,
2107 1679 2217 1736 quo
2245 1675 2426 1734 pacto,
2452 1679 2672 1734 quoque
2718 1672 2965 1735 tempore
3012 1661 3370 1734 responderet
3421 1658 3680 1730 populus,

405 1760 764 1831 eamdemque
803 1761 1010 1830 pluries
1049 1760 1458 1831 responsionem
1493 1769 1779 1833 repeteret.
1819 1759 1890 1818 Ut
1921 1771 2104 1817 autem
2152 1777 2242 1818 res
2281 1763 2534 1832 exemplo
2570 1762 2857 1827 doceatur,
2903 1763 3077 1834 ipsam
3123 1760 3404 1832 ὑπακοήν,
3440 1760 3556 1816 sive
3597 1779 3682 1816 re-

407 1858 762 1930 sponsionem,
795 1874 824 1912 a
851 1858 1240 1930 Chrysostomo
1269 1868 1628 1914 memoratam
1663 1859 1972 1929 saepiusque
2005 1859 2224 1914 allatam
2268 1857 2323 1912 in
2363 1858 2603 1912 medium
2637 1858 2994 1913 adducemus.
3049 1856 3322 1911 Diaconus
3373 1855 3489 1912 sive
3526 1857 3683 1926 quis-

406 1955 550 2026 piam
583 1955 722 2010 alius
753 1955 1045 2025 incipiebat
1077 1975 1090 2012 :
1121 1957 1218 2009 Ὃν
1243 1958 1446 2029 τρόπον
1478 1957 1789 2028 έπιποθείή
1818 1955 1983 2025 ἔλαφο

2090 1957 2136 2010 τὶ
2174 1956 2276 2019 τὰς
2317 1953 2500 2027 πηγὰς
2539 1954 2647 2010 τῶν
2693 1954 2931 2022 ὑδάτων,
2965 1953 3139 2017 οὕτως
3175 1953 3492 2025 ὲπιποθεῖή
3531 1953 3678 2027 ψυχή

412 2068 513 2122 μου
547 2049 681 2119 πρὸς
717 2047 798 2115 σὲ,
830 2049 859 2101 6
889 2048 1022 2114 Θεός
1051 2065 1064 2101 :
1108 2048 1566 2116 Quemadmodum
1594 2048 1859 2104 desiderat
1884 2065 2064 2104 cervus
2093 2050 2160 2104 ad
2193 2051 2362 2119 fontes
2393 2066 2674 2120 aquarum,
2705 2051 2784 2102 ita
2815 2049 3080 2102 desiderat
3130 2048 3312 2101 anima
3357 2063 3470 2099 mea
3501 2047 3570 2098 ad
3605 2057 3679 2111 te,

407 2144 572 2200 Deus.
611 2144 908 2215 Repetebat
928 2147 1108 2216 primo
1139 2147 1368 2216 populus
1392 2146 1538 2201 hunc
1567 2160 1808 2211 versum,
1843 2147 1942 2198 Ὃν
1965 2163 1988 2199 τ

2090 2163 2190 2210 ιον,
2220 2154 2326 2201 etc.
2358 2144 2624 2215 Pergebat
2668 2144 2934 2199 diaconus
2960 2161 2974 2198 :
3011 2141 3302 2214 Ἐδίψησεν
3339 2141 3372 2212 ὴ
3399 2139 3543 2209 ψυχή
3577 2155 3680 2208 μου

409 2243 546 2311 πρὸς
569 2243 659 2296 τὸν
686 2242 822 2297 Θεὸν
849 2243 940 2297 τὸν
969 2241 1169 2307 ζῶντα·
1206 2244 1336 2297 πότε
1366 2243 1473 2311 ἔξω
1501 2244 1594 2297 καὶ
1620 2243 1930 2314 ὀφθήσομαι
1969 2261 1988 2297 1

2090 2243 2369 2314 προσώπῳ
2416 2243 2511 2295 τοῦ
2565 2241 2744 2297 Θεοῦε
2789 2241 2968 2296 Sitirit
3018 2242 3200 2294 anima
3251 2255 3369 2293 mea
3415 2238 3484 2290 ad
3513 2237 3678 2290 Deum

410 2340 604 2402 vivum,
628 2348 732 2394 εις.
765 2338 1096 2396 Besumebat
1127 2341 1360 2411 populus
1392 2357 1634 2406 versum,
1674 2344 1770 2396 Ὃν
1795 2342 1988 2414 τρόπον

2090 2342 2294 2405 ςιποθεῖ,
2324 2351 2378 2396 et
2409 2342 2490 2396 sic
2537 2357 2712 2410 usque
2747 2341 2813 2394 ad
2858 2342 3019 2395 linem
3064 2338 3300 2400 Psalmi;
3350 2339 3421 2391 ita
3471 2345 3533 2391 ut
3570 2351 3680 2389 non

414 2437 603 2500 semel,
634 2444 730 2490 aut
756 2437 861 2500 his,
887 2444 982 2491 aut
1013 2445 1112 2500 ter,
1140 2437 1254 2503 sed,
1291 2447 1348 2492 ut
1381 2438 1457 2492 ait
1494 2454 1660 2508 supra
1695 2438 2156 2510 Chrysostomus,
2201 2438 2404 2509 pluries
2443 2430 2556 2492 haec
2599 2437 2816 2508 ὑπακοή
2873 2452 2969 2491 seu
3022 2435 3290 2502 responsio
3322 2433 3678 2503 proferretur.

415 2529 481 2583 Et
510 2528 591 2582 sic
621 2527 890 2599 intelligas
927 2528 995 2583 de
1025 2528 1148 2583 aliis
1179 2529 1490 2596 hujusmodi
1521 2531 2010 2600 responsionibus;
2056 2531 2205 2584 verbi
2251 2547 2440 2597 causa,
2494 2528 2690 2582 Beatus
2733 2530 2813 2583 vir
2855 2530 2945 2599 qui
2985 2529 3129 2582 timet
3182 2527 3515 2582 Dominum:
3561 2541 3683 2594 quze

411 2630 536 2693 post
561 2622 1026 2692 singulos-versus
1054 2637 1083 2675 a
1115 2621 1713 2692 populo-repetebantur.
1759 2621 1931 2692 Igitur
1963 2622 2264 2676 ὑπακούειν
2309 2631 2393 2677 est
2435 2621 2767 2690 respondere,
2812 2620 2906 2674 illo
2946 2636 3141 2690 nempe
3193 2619 3400 2673 mmlo:
3442 2617 3680 2684 ὑπακοή,

414 2714 719 2781 responsio;
744 2711 1074 2782 ὑποψάλλειν
1097 2721 1278 2768 autem
1314 2722 1398 2768 est
1420 2713 1710 2778 succinere,
1738 2715 1962 2784 quando

2090 2715 2246 2769 ulmus
2277 2715 2395 2785 μετ’
2425 2713 2588 2785 ᾠδῆς,
2617 2730 2736 2767 cum
2761 2723 2921 2766 cantu
2942 2751 2958 2777 ,
3007 2721 3068 2766 ut
3105 2711 3183 2766 ait
3228 2709 3683 2780 Chrysostomus,

413 2807 709 2878 profertur.
743 2806 1071 2861 Ἐπαιιούειν
1104 2809 1267 2862 etiam
1291 2809 1543 2863 eumdem
1573 2809 1870 2878 aliquando
1897 2807 2262 2880 significatum
2293 2807 2496 2863 habere
2524 2806 2884 2877 probavimus
2918 2805 2972 2860 in
2996 2803 3353 2860 Onomastico
3377 2803 3445 2858 ad
3475 2803 3681 2860 calcem

414 2901 652 2972 Oper-um
684 2903 988 2958 Athanasii.

435 3017 1988 3027 -.——_—__..____——_———__

2090 3012 3663 3030 mh

381 316 509 384 ,153

799 3124 908 3179 ΕΙΣ
951 3124 1085 3179 ΤΟΝ
1122 3127 1237 3180 MA'
1274 3125 1596 3179 ΨΑΛΜΟΝ.

421 3234 442 3270 ο
472 3217 583 3274 Ὃν
613 3219 836 3288 τρόπον
871 3216 1144 3270 ἐπιποθεῖ
1180 3218 1218 3284 ἡ
1251 3217 1478 3288 ἔλαφος
1521 3214 1617 3268 ἐπὶ
1648 3213 1755 3280 τὰς
1791 3214 1986 3288 πηγὰς

487 3291 604 3345 τῶν
635 3283 888 3343 ὖδάτων.
925 3306 944 3338 ι
976 3288 1087 3340 Καὶ
1139 3288 1306 3351 τίνος
1351 3283 1526 3352 χάριν
1554 3289 1588 3338 ό
1619 3283 1864 3353 ψαλμὸς
1887 3288 1985 3353 κείς

486 3361 592 3415 τὸν
617 3360 762 3424 ,ϐίον
798 3357 1161 3424 εἰσενεχθεὴ·
1185 3359 1310 3425 μετ’
1338 3354 1500 3422 ᾠδῆς
1527 3352 1846 3424 ψάλλεται.
1870 3352 1982 3406 Καὶ

396 3441 398 3444 ’
487 3431 616 3500 περὶ
647 3427 758 3498 τῆς
789 3427 894 3482 τοῦ
934 3427 1082 3481 Θεοῦ
1107 3426 1534 3496 μακροθυμίας.

489 3534 557 3582 α’.
597 3527 784 3596 Ὑμεῖς
821 3524 919 3596 μὲν
953 3525 1102 3594 ἡμᾶς
1139 3523 1479 3594 ἐθαυμάζετε
1519 3521 1740 3593 πρώην,
1767 3521 1856 3573 ὅτε
1893 3518 1986 3572 τὸν

416 3615 545 3685 περὶ
562 3611 658 3665 τοῦ
685 3609 1019 3678 Μελχισεδὲκ
1038 3609 1372 3678 ὲκινήσαμεν
1397 3607 1576 3674 λόγον.
1606 3607 1699 3657 ἐπὶ
1721 3602 1795 3673 τῷ
1823 3605 1983 3674 μήκει

415 3696 523 3750 τῶν
552 3693 879 3767 εἰρημένωνο
914 3689 1028 3760 ἐγὼ
1062 3691 1120 3742 δὲ
1157 3691 1304 3760 ὑμᾶς
1333 3688 1644 3760 ἐθαύμαζον
1672 3688 1765 3740 ἐπὶ
1793 3690 1860 3758 τῇ
1888 3687 1986 3756 τῆς

417 3779 732 3850 ἀκροάσεως
761 3774 1037 3846 προθυμίᾳ
1074 3790 1135 3826 τε
1163 3773 1257 3826 καὶ
1292 3772 1528 3838 συνέσει,
1560 3772 1653 3824 καὶ
1679 3771 1758 3822 ὅτι
1788 3785 1990 3840 μακρο-

415 3865 577 3935 τέρου
606 3860 700 3914 τοῦ
738 3859 899 3928 λόγου
927 3857 1306 3929 προελθόντος,
1331 3857 1492 3927 μέχρι
1520 3855 1707 3935 τέλους
1737 3869 1986 3924 παρηκο-

417 3934 719 4017 λουθήσατε
764 3947 930 4014 ἡμῖν’
976 3942 1151 3998 καίτοι
1181 3958 1246 4010 γε
1300 3941 1362 3994 ού
1411 3939 1624 4011 μακρὸς
1666 3934 1734 4009 ἦν
1763 3940 1792 3990 6
1832 3935 1990 4017 λόγος

423 4016 602 4101 μόνον,
638 4028 776 4082 ἀλλά
805 4029 900 4081 καὶ
936 4025 1254 4096 δυσχέρειαν
1290 4019 1402 4094 εἶχε
1436 4022 1660 4091 πολλὴν.
1694 4019 1831 4072 Ἀλλ’
1864 4016 1988 4071 οὔτε

416 4115 479 4167 τὸ
506 4115 697 4184 μῆκος,
718 4109 839 4164 οὔτε
868 4111 900 4180 ή
927 4107 1181 4162 δυσκολία
1202 4107 1302 4177 τὴν
1334 4106 1606 4176 ὑμετέραν
1635 4102 1830 4175 ήλεγξε
1858 4119 1991 4172 προ-

419 4197 635 4268 θυμίαν.
652 4196 789 4266 Φέρε
811 4189 904 4248 οὖν
933 4193 1061 4262 ὑμῖν
1088 4191 1324 4262 ἀμοιϐὴν
1347 4189 1633 4258 ἀποδῶμεν
1665 4186 1872 4240 ἐκείνου
1894 4184 1989 4238 τοῦ

419 4280 603 4343 πόνου,
640 4275 979 4345 σαφεστέραν
1008 4274 1144 4344 πρὸς
1181 4275 1326 4343 ὑμᾶς
1362 4273 1601 4343 τήμερον
1635 4268 1990 4338 ποιησάμενοι

415 4364 517 4434 τὴν
538 4362 792 4426 διάλεξιν.
809 4359 941 4414 Οὐδὲ
965 4358 1074 4429 γὰρ
1104 4357 1394 4410 ἐπιτείνειν
1418 4357 1505 4410 ἀεὶ
1523 4355 1604 4408 δεῖ
1627 4355 1725 4425 τὴν
1751 4353 1988 4406 διάνοιαν

417 4449 526 4502 τῶν
547 4444 830 4519 ἀκροατῶν
849 4443 1262 4514 (διαῤῥήγνυται
1279 4442 1387 4509 γάρ
1411 4439 1662 4509 ταχέως),
1681 4437 1803 4490 οὒτε
1820 4438 1990 4519 χαλᾷν

419 4533 506 4584 ἀεὶ
537 4517 635 4584 καῖ
662 4529 904 4582 ἀνιέναι·
945 4528 1041 4578 καὶ
1080 4525 1189 4594 γὰρ
1227 4523 1477 4576 ἐντεῦθεν
1523 4521 1799 4592 ἁργοτέρα
1839 4517 1986 4590 1151]

419 4615 628 4682 γίνεται
657 4611 836 4665 πάλιν.
860 4608 950 4662 Διὸ
978 4607 1272 4661 ποικίλλειν
1298 4606 1404 4678 χρὴ
1426 4605 1486 4657 τὸ
1512 4605 1611 4674 τῆς
1641 4603 1990 4664 διδασκαλίας

418 4693 576 4760 εἶδος,
603 4695 697 4748 καὶ
719 4693 814 4745 νῦν
851 4693 948 4762 μὲν
970 4689 1528 4760 πανηγυρικωτέρων,
1569 4686 1664 4739 νῦν
1697 4686 1754 4740 δὲ
1786 4686 1989 4753 ἀγωνι-

422 4779 761 4850 στικωτέρων
788 4775 1054 4831 ἅπτεσθαι
1077 4775 1272 4842 λόγων.
1295 4773 1504 4842 Ὥσπερ
1525 4765 1619 4823 οὖν
1640 4770 1758 4822 τότε
1783 4768 1986 4837 ἔλεγον,

417 4866 498 4919 ὅτι
525 4868 570 4918 οἰ
593 4861 872 4933 ποιμένες,
899 4859 1008 4913 τῶν
1043 4859 1222 4912 λύκων
1247 4857 1510 4910 ἐπιόντων
1539 4857 1606 4927 τῇ
1642 4853 1868 4925 ποίμνῃ,
1890 4853 1992 4922 τὴν

420 4949 653 5017 σύριγγα
698 4945 930 5015 ἀφέντες
952 4982 968 5007 ,
1000 4943 1098 5013 τὴν
1150 4940 1446 5010 σφενδόνην
1481 4936 1986 5008 μεταχειρίζονταιο

416 5032 558 5086 οὕτω
592 5030 690 5083 νῦν
733 5029 797 5098 δὴ
831 5024 1216 5098 παρελθουσῶν
1247 5022 1356 5076 τῶν
1396 5020 1598 5092 ἑορτῶν
1629 5019 1738 5072 τῶν
1769 5020 1990 5073 Ἰουδαϊσ-

417 5116 550 5179 κῶν,
580 5114 630 5168 οἳ
657 5113 838 5165 λύκων
866 5109 1120 5162 ἁπάντων
1143 5105 1250 5159 εἰσὶ
1272 5104 1664 5176 χαλεπώτεροι,
1694 5102 1793 5173 τὴν
1832 5119 1992 5171 σφεν-

415 5201 571 5273 δόνην
604 5197 763 5252 πάλιν
807 5195 1036 5263 ἀφέντες
1059 5230 1074 5256 ,
1108 5191 1202 5244 ἐπὶ
1240 5191 1340 5262 τὴν
1379 5189 1615 5273 σύριγγα
1645 5188 1988 5273 ἐπαν-ίωμεν·

416 5269 682 5343 καὶτοὺς
721 5275 1259 5348 ἀγωνιστικωτέρους
1304 5271 1720 5333 ἀναπαύσαντες
1777 5269 1988 5338 λόγους,

417 5365 618 5434 ἐτέρων
650 5361 815 5415 τινῶν
862 5357 1214 5428 σαφεστέρων
1259 5353 1565 5424 ἁψώμεθα,
1605 5354 1707 5422 τὴν
1757 5351 1990 5434 κιθάραν

414 5433 585 5517 αὐτὴν
613 5445 711 5498 τοῦ
742 5442 904 5497 Δαυῒδ
932 5437 1457 5512 μεταχειριζόμενοι,
1493 5437 1588 5488 καὶ
1619 5435 1718 5505 τὴν
1745 5433 1990 5505 ὑπακοὴν

416 5534 496 5595 εἰς
525 5531 690 5600 μέσον
717 5528 964 5596 ἄγοντες.
989 5528 1054 5596 ἣν
1071 5524 1312 5582 ἅπαντες
1342 5518 1699 5588 ὑπεψάλαμεν
1729 5517 1986 5600 τήμερον.

417 5599 535 5679 Τίς
563 5608 656 5666 οὖν
695 5611 840 5663 ἐστιν
877 5611 912 5679 ἠ
956 5605 1202 5676 ὑπακοῆς
1253 5604 1356 5656 Ὃν
1387 5602 1610 5669 τρόπον
1653 5599 1924 5653 ἐπιποθεῖ
1948 5600 1986 5668 ἡ

341 5731 360 5750 ς
420 5677 644 5764 ἔλαφος
674 5693 772 5747 ἐπὶ
802 5677 910 5757 τάξ
957 5688 1155 5757 πηγὰς
1195 5684 1314 5740 τῶν
1341 5683 1592 5751 ὑδάτων,
1633 5683 1818 5752 οὕτως
1856 5684 1984 5738 ἐπι-

423 5781 594 5836 ποθεῖ
613 5783 650 5840 ἠ
682 5778 848 5841 ψυχή
873 5793 986 5841 μου
1020 5774 1169 5844 πρὸς
1188 5771 1285 5838 σὲ,
1304 5772 1336 5824 ό
1362 5769 1524 5834 Θεός.

2158 3122 2378 3177 Μᾶλλον
2406 3123 2462 3175 δὲ
2498 3123 2798 3190 ἀναγκαῖον
2836 3121 3010 3174 εἰπεῖν
3038 3121 3272 3193 πρῶτον,
3301 3122 3443 3185 τίνος
3477 3123 3663 3176 ἕνεκεν

2085 3206 2113 3259 6
2133 3204 2346 3275 ψαλμδς
2367 3207 2446 3268 είς
2470 3206 2563 3258 τὸν
2592 3204 2706 3274 βίον
2735 3206 3107 3274 εἰσενήνεκται
3129 3205 3222 3259 τὸν
3245 3205 3535 3278 ἡμέτερον,
3567 3206 3664 3259 καὶ

2091 3291 2206 3360 μετ’
2227 3288 2370 3360 ᾠδῆς
2403 3289 2636 3360 μάλιστα
2672 3287 2811 3360 αὕτη
2839 3290 2872 3358 ἡ
2903 3289 3211 3360 προφητεία
3239 3289 3475 3358 λέγεται.
3507 3291 3666 3354 Τίνος

2085 3369 2178 3427 οὖν
2199 3372 2385 3426 ἕνεκεν
2417 3373 2634 3440 λέγεται
2673 3371 2791 3444 μετ’
2822 3371 2986 3443 ᾠδῆς,
3013 3374 3266 3426 ἄκουσον·
3299 3373 3534 3436 Πολλοὺς
3553 3373 3666 3428 τῶν

2087 3455 2391 3526 ἀνθρώπων
2425 3454 2660 3508 κατιδὼν
2683 3455 2712 3507 ὁ
2743 3454 2874 3518 Θεὸς
2907 3454 3309 3529 ρᾳθυμοτέρους
3348 3457 3526 3519 ὄντας,
3568 3459 3664 3512 καὶ

2089 3538 2225 3608 πρὸς
2274 3539 2374 3608 τὴν
2426 3538 2534 3590 τῶν
2587 3537 2975 3605 πνευματικῶν
3022 3538 3330 3606 ἀνάγνωσιν
3387 3539 3664 3612 δυσχερῶς

2088 3619 2333 3689 ἔχοντας,
2366 3621 2461 3673 καὶ
2493 3619 2584 3673 τὸν
2610 3619 2819 3672 ἐκεῖθεν
2847 3621 2944 3689 οὐχ
2979 3620 3145 3690 ἡδέως
3174 3622 3542 3693 ὑπομένοντας
3569 3622 3666 3676 κά-

2091 3720 2282 3774 ματον.
2326 3703 2700 3773 ποθεινότερον
2732 3701 2962 3772 ποιῆσαι
2991 3701 3085 3755 τὸν
3116 3704 3277 3757 πόνον
3319 3703 3663 3775 βουλόμενος,

2088 3785 2184 3839 καὶ
2204 3785 2298 3838 τοῦ
2321 3787 2568 3856 καμάτου
2589 3785 2688 3856 τὴν
2711 3784 2964 3854 αἴσθησιν
2989 3784 3378 3855 ύποτεμέσθαι.
3401 3786 3664 3857 μελῳδίαν

2089 3867 2312 3940 ἀνέμιξε
2345 3871 2410 3938 τῇ
2456 3868 2788 3938 προφητείᾳ,
2845 3868 2930 3920 ἵνα
2978 3866 3054 3938 τῷ
3088 3867 3279 3938 ῥυθμῷ
3323 3869 3418 3922 τοῦ
3468 3870 3666 3940 μέλους

2087 3949 2576 4021 ψυχαγωγούμενοι
2607 3950 2826 4014 πάντες,
2854 3949 2993 4022 μετά
3014 3949 3212 4020 πολλῆς
3237 3951 3335 4020 τῆς
3357 3951 3664 4021 προθυμίας

2088 4037 2215 4093 τοὺς
2261 4035 2438 4104 ἱεροὺς
2465 4034 2863 4104 ἀναπέμπωσιν
2897 4032 3046 4103 αύτῷ
3079 4033 3300 4103 ὕμνους.
3328 4034 3493 4087 οὐδὲν
3531 4035 3662 4104 γάρ,

2089 4118 2241 4171 οὐδὲν
2265 4117 2437 4180 οὕτως
2459 4117 2710 4186 ἀνίστησι
2739 4117 2942 4187 ψυχὴν,
2966 4116 3059 4170 καὶ
3085 4117 3296 4186 πτεροῖ,
3317 4117 3531 4186 καὶτῆς
3559 4116 3664 4186 γῆς

2091 4200 2449 4262 ἀπαλλάττει,
2490 4200 2584 4252 καὶ
2611 4200 2718 4251 τῶν
2750 4200 2843 4252 τοῦ
2887 4198 3138 4269 σώματος
3167 4198 3389 4251 ἀπολύει
3425 4199 3665 4270 δεσμίαν,

2092 4285 2186 4336 καὶ
2223 4282 2534 4351 φιλοσοφεῖν
2576 4285 2750 4346 ποιεῖ,
2802 4281 2896 4334 καὶ
2943 4281 3161 4334 πάντων
3209 4282 3516 4352 καταγελᾷν
3557 4283 3663 4337 τῶν

2095 4364 2387 4435 βιωτικῶν,
2423 4365 2498 4427 ὡς
2531 4363 2690 4435 μέλος
2719 4363 3057 4434 συμφωνίας,
3086 4364 3180 4417 καὶ
3216 4363 3406 4436 ῥυθμῷ
3447 4365 3664 4432 συγκεί-

2094 4465 2254 4519 μενον
2281 4447 2420 4500 θεῖον
2452 4443 2626 4518 ᾆσμα.
2654 4446 2810 4499 Οὕτω
2839 4445 2968 4514 γοῦν
2998 4446 3213 4517 ἡμῶνὴ
3245 4447 3406 4516 φύσις
3437 4447 3572 4517 πρὸς
3599 4448 3669 4500 τά

2091 4531 2312 4603 ᾅσματα
2353 4531 2450 4584 καὶ
2483 4531 2550 4582 τά
2583 4531 2718 4600 μέλη
2751 4530 2922 4598 ἡδέως
2951 4529 3063 4598 ἔχει
3089 4530 3182 4582 καὶ⁹
3209 4531 3443 4593 οἰκείως,
3469 4530 3544 4592 ὡς
3571 4533 3668 4583 καὶ

2089 4614 2159 4668 τά
2215 4613 2492 4684 ὑπομάζια
2540 4612 2728 4664 παιδία
2776 4611 3290 4684 κλαυθμυριζόμενα
3335 4613 3429 4665 καὶ
3471 4612 3665 4684 δυσχε-

2093 4698 2366 4770 ραίνοντα,
2403 4695 2544 4749 ούτω
2575 4693 3085 4765 κατακοιμίζεσοαι.
3114 4697 3180 4748 Αἱ
3214 4695 3344 4764 γοῦν
3387 4695 3564 4748 τίτθαι
3608 4699 3668 4749 ὲν

2090 4784 2210 4845 ταῖς
2257 4779 2524 4847 ἀγκάλαις
2563 4780 2702 4832 αύτά
2746 4778 3131 4848 βαστάζουσαι,
3175 4779 3438 4841 πολλάκις
3478 4780 3667 4833 ἀπιοῦ-

2093 4864 2184 4916 σαί
2205 4879 2264 4916 τε
2288 4863 2383 4916 καὶ
2411 4860 2749 4925 ὲπανιοῦσαι,
2788 4861 2881 4913 καί
2905 4879 3023 4914 τινα
3054 4863 3236 4924 αὐτοῖς
3266 4863 3668 4933 κατεπάδουσαι

2092 4946 2310 5017 ᾅσματα
2336 4943 2579 5007 παιδικὰ,
2619 4943 2792 5006 οὕτως
2823 4943 3002 4996 αὐτῶν
3037 4942 3105 4996 τά
3139 4943 3383 5015 βλέφαρα
3414 4961 3660 4998 κατακοι-

2095 5030 2332 5100 μίζουσι.
2365 5028 2462 5082 Διά
2492 5027 2653 5081 τοῦτο
2681 5027 2772 5080 καὶ
2805 5027 3075 5098 ὁδοιπόροι
3106 5027 3365 5091 πολλάκις
3398 5029 3539 5081 κατά
3573 5045 3666 5098 με·

2093 5129 2161 5182 ση
2170 5112 2241 5184 μϐ
2247 5111 2367 5182 ρίαν
2384 5109 2696 5173 ἐλαύνοντες
2711 5109 3004 5178 ὑποζύγια,
3024 5109 3239 5181 ᾄδοντες
3255 5109 3412 5162 τοῦτο
3431 5108 3667 5173 ποιοῦσι,

2091 5194 2187 5266 τὴν
2213 5193 2277 5246 ὲκ
2311 5193 2410 5263 τῆς
2445 5192 2751 5264 ὁδοιπορίας
2774 5192 3150 5263 ταλαιπωρίαν
3187 5195 3306 5255 ταῖς
3335 5192 3496 5263 ᾠδαῖς
3529 5191 3667 5244 ὲκεί-

2091 5293 2211 5340 ναις
2239 5275 2743 5346 παραμυθούμενοι.
2779 5276 2891 5345 Οὐχ
2923 5275 3192 5346 ὁδοιπόροι
3222 5275 3279 5328 δὲ
3317 5276 3497 5345 μόνον,
3530 5275 3667 5328 ἀλλά

2091 5360 2185 5414 καὶ
2219 5359 2449 5430 γηπόνοι
2481 5358 2922 5429 ληνοδατοῦντες,
2959 5359 3053 5411 καὶ
3089 5359 3416 5429 τρυγῶντες,
3443 5359 3538 5410 καὶ
3563 5359 3654 5427 άμ-

2093 5443 2290 5506 πέλους
2338 5437 2756 5516 θεραπεύοντες,
2784 5442 2876 5495 καὶ
2906 5441 3034 5496 ἀλλο
3063 5441 3243 5494 ὁτιοῦν
3287 5440 3664 5511 ἐργαζόμενοι.

2091 5525 2351 5589 πολλάκις
2396 5525 2604 5596 ᾅδουσι.
2636 5525 2746 5579 Καὶ
2792 5524 2985 5578 ναῦται
3029 5523 3478 5593 κωτιηλατοῦντες
3511 5520 3666 5574 τοῦτο

2095 5607 2359 5664 ποιοῦσιν.
2384 5606 2524 5678 Ἤδη
2554 5607 2611 5661 δὲ
2642 5608 2737 5661 καὶ
2765 5611 3019 5676 γυναῖκες
3050 5605 3451 5678 ἰστουργούσαι,
3479 5605 3572 5659 καὶ
3599 5609 3665 5675 τῇ

2094 5690 2307 5762 κερκίδι
2337 5691 2462 5754 τοὺς
2498 5691 2774 5760 στήμονας
2803 5688 3241 5759 συγκεχυμένους
3269 5688 3665 5756 διακρίνουσαι,

2095 5775 2354 5840 πολλάκις
2389 5775 2488 5846 μὲν
2527 5775 2621 5828 καὶ
2660 5774 2785 5829 καθ’
2813 5773 3011 5844 ἑαυτὴν
3048 5771 3278 5842 ἑκάστη,
3315 5770 3572 5848 πολλάκις
3609 5771 3664 5828 δὲ
