4140 6356
402 369 501 422 137

401 486 791 546 discernentes,
823 489 968 546 sazpc
986 470 1201 544 quidem
1231 511 1246 535 ,
1280 474 1334 522 et
1358 480 1455 537 per
1482 477 1546 518 se
1566 459 1811 531 singulae,
1842 469 1988 525 smpe

403 586 583 629 autem
614 573 773 628 etiam
796 581 985 624 omnes
1003 560 1339 620 concorditer
1380 570 1537 611 unam
1560 550 1843 624 quamdam
1872 561 1987 603 me-

409 669 607 725 fodiam
637 662 945 720 concinunt.
991 657 1104 713 Hoc
1133 663 1309 710 autem
1334 651 1534 704 faciunt
1562 646 1837 710 mulieres,
1878 641 1990 696 via-

416 771 583 821 tores,
609 752 856 827 agricola:
885 758 940 807 et.
963 757 1158 815 nautae,
1188 745 1278 817 qui
1305 760 1369 799 ex
1393 755 1553 812 opere
1588 736 1829 793 faciendo
1867 749 1989 789 sus-

414 854 609 923 cipitur
661 849 897 904 laborem
950 852 1110 899 cantu
1156 837 1419 896 consolari
1478 835 1755 891 volentes.
1809 836 1993 897 utpote

412 960 537 1000 cum
564 941 762 1005 anima,
796 939 840 993 si
867 950 1081 992 carmen
1103 942 1157 987 et
1196 930 1462 985 canticum
1486 923 1730 989 audierit,
1766 919 1993 975 molesta

415 1049 473 1095 et
509 1035 744 1091 difﬁcilia
766 1034 836 1086 sit
862 1030 1065 1085 facilius
1096 1026 1403 1081 toleratura.
1432 1017 1693 1087 Quoniam
1727 1028 1856 1084 ergo
1888 1012 1992 1065 hoc

417 1144 587 1201 genus
611 1121 982 1181 delectationis
1004 1127 1087 1174 est
1115 1124 1315 1171 nostra;
1336 1112 1527 1165 anima:
1553 1106 1708 1160 valde
1737 1105 1993 1164 innatum,

427 1240 498 1279 ne
544 1218 819 1276 daemones
870 1215 1061 1269 lasciva
1092 1220 1147 1266 et
1181 1206 1480 1264 meretricia
1517 1202 1722 1258 cantica
1750 1196 1995 1253 introdu-

418 1322 624 1377 eentes,
654 1308 834 1364 omnia
855 1310 1179 1367 everterent,
1214 1298 1458 1354 Psalmos
1486 1295 1628 1350 Deus
1649 1289 1918 1362 opposuit,
1941 1294 1999 1339 ιιι

418 1420 486 1460 ex
516 1417 577 1458 ea
608 1416 667 1455 re
688 1397 847 1454 simul
873 1401 1156 1464 caperetur
1182 1389 1424 1457 voluptas
1446 1392 1501 1440 et
1530 1382 1747 1437 utilitas.
1799 1379 1873 1433 Ex
1900 1392 1997 1430 ex-

423 1494 588 1550 ternis
631 1491 775 1546 enim
809 1486 1031 1541 canticis
1059 1482 1338 1542 damnum,
1366 1487 1419 1531 et
1444 1473 1663 1530 exitium
1688 1512 1704 1535 ,
1737 1477 1793 1525 et
1834 1467 1997 1521 multa

420 1585 600 1658 gravia
642 1579 963 1636 invehuntur
993 1594 1005 1628 :
1038 1590 1157 1628 nam
1193 1586 1314 1626 cum
1345 1584 1464 1639 qua:
1484 1573 1609 1621 sunt
1633 1565 1684 1618 in
1714 1561 1797 1616 his
1825 1558 1999 1614 canti-

422 1680 500 1734 cis
530 1673 814 1731 lasciviora
857 1681 911 1725 et
934 1668 1193 1736 iniquiora
1219 1706 1234 1731 ,
1271 1661 1509 1733 partibus
1552 1657 1745 1712 animm
1784 1650 2000 1708 insede-

425 1771 535 1824 rint
565 1808 579 1831 ,
627 1779 746 1819 eam
777 1758 1182 1816 imbecilliorem
1224 1751 1450 1809 reddunt
1477 1758 1532 1805 et
1563 1746 1863 1801 molliorem
1893 1761 1906 1796 :
1937 1758 2001 1796 cx

427 1858 652 1915 Psalmis
679 1865 856 1911 autem
886 1848 1247 1922 Spiritualibus
1272 1844 1401 1899 lucri
1428 1840 1641 1913 quidem
1675 1838 1961 1908 plurimum
1984 1876 1999 1897 ,

432 1949 661 2005 maxima
708 1954 887 2000 autem
940 1941 1137 1997 utilitas
1187 1936 1511 2006 insignisque
1541 1927 1914 1989 sanctiﬁcatio,
1949 1934 2005 1980 et

425 2042 600 2098 onmis
634 2035 985 2110 philosophia:
1014 2030 1224 2088 occasio
1253 2026 1596 2099 processerit,
1621 2036 1742 2078 cum
1769 2028 1824 2075 et
1844 2017 2005 2073 verba

427 2136 659 2190 animam
685 2130 899 2199 expient
919 2170 935 2194 ,
963 2136 1018 2182 et
1049 2134 1267 2180 sanctus
1291 2119 1518 2191 Spiritus
1547 2117 1599 2171 in
1623 2114 1862 2171 canentis
1896 2112 2011 2165 ani-

427 2242 568 2282 mam
608 2224 854 2279 celeriter
896 2218 1125 2274 advolet.
1174 2213 1327 2282 Quod
1378 2213 1520 2265 enim
1549 2208 1637 2279 qui
1673 2214 2005 2262 canuntcum

430 2318 773 2386 intelligentia
801 2354 816 2378 ,
846 2320 1039 2366 vocent
1062 2306 1290 2377 Spiritus
1333 2303 1581 2373 gratiam,
1612 2297 1733 2353 audi
1762 2295 1889 2367 quid
1919 2294 2006 2348 di-

432 2419 522 2465 cat
550 2408 743 2463 Paulus
771 2422 785 2458 :
816 2402 992 2456 Nolite
1015 2396 1250 2452 inebriari
1278 2396 1413 2459 vino,
1441 2393 1493 2446 in
1520 2409 1617 2462 quo
1652 2399 1723 2444 est
1753 2387 1959 2443 luxuria
1988 2400 2007 2439 :

431 2501 520 2556 sed
552 2496 834 2567 implemini
887 2492 1105 2563 Spiritu.
1150 2485 1431 2556 Suhjungit
1464 2492 1639 2538 autem
1669 2481 1827 2536 etiam
1859 2495 2010 2549 qua:-

433 2609 556 2650 nam
588 2592 656 2646 sit
682 2586 936 2658 implendi
969 2584 1102 2638 ratio
1128 2600 1141 2637 :
1172 2579 1413 2634 Canentes
1452 2585 1497 2630 et
1523 2574 1792 2645 psallentes
1820 2572 1871 2623 in
1900 2585 2010 2622 cor-

436 2687 583 2740 dibus
600 2682 775 2736 vestris
804 2677 1019 2731 Domino
1046 2672 1262 2745 (Epltes.
1292 2670 1345 2725 ὃ.
1376 2669 1461 2724 18.
1491 2668 1597 2738 19).
1629 2664 1763 2733 Quid
1801 2673 1903 2728 est,
1946 2660 2012 2715 In

438 2775 668 2831 cordibus
695 2770 869 2827 vestris
890 2768 913 2823 ?
933 2769 1066 2822 Cum
1100 2761 1465 2831 intelligentia,
1506 2759 1676 2828 inquit
1701 2776 1712 2809 :
1737 2765 1922 2811 utnon
1952 2769 2013 2807 os

439 2869 675 2940 quidem,
726 2864 914 2934 inquit,
942 2860 1102 2915 verba
1133 2858 1404 2927 loquatur,
1456 2866 1607 2907 mens
1647 2859 1821 2904 autem
1863 2858 2014 2901 extra

438 2938 675 3014 versetur
726 2954 957 3023 undique
1003 2964 1197 3019 vagans
1230 2965 1242 3001 :
1273 2945 1369 3001 sed
1420 2952 1479 2999 ut
1510 2944 1685 3012 lingua
1731 2940 1799 2995 ab
1828 2938 2007 2993 anima

438 3050 701 3105 audiatur.

511 3140 567 3195 2.
594 3137 943 3195 Conviviorum
987 3133 1204 3189 cantica.
1252 3129 1425 3186 Simili
1481 3126 1696 3198 probat,
1739 3123 1801 3179 ab
1854 3122 2019 3194 epulis

444 3237 723 3307 gratiarum
750 3232 993 3286 actionem
1019 3224 1349 3282 reddendam.
1378 3252 1451 3264 —
1479 3222 1546 3277 Et
1572 3218 2017 3292 quemadmodum

443 3328 533 3384 ubi
559 3335 642 3382 est
668 3339 879 3381 caenum
903 3362 917 3385 ,
947 3336 1012 3377 eo
1042 3318 1188 3390 porci
1205 3322 1561 3373 concurrunt:
1590 3312 1677 3367 ubi
1703 3320 1876 3365 autem
1899 3319 2023 3364 sunt

447 3426 685 3474 aromata
737 3425 792 3471 et
835 3413 1064 3477 sufﬁtus,
1088 3425 1218 3481 apes
1247 3410 1352 3464 illic
1378 3407 1617 3461 habitant
1644 3422 1657 3459 :
1687 3404 1755 3458 ita
1784 3402 1870 3458 ubi
1900 3409 2025 3456 sunt

445 3510 658 3579 quidem
688 3505 985 3562 meretricia
1010 3503 1235 3567 cantica,
1268 3500 1375 3555 illic
1399 3505 1793 3568 congregantur
1816 3494 2022 3549 daemo-

446 3618 544 3658 nes
573 3620 587 3655 :
619 3601 703 3655 ubi
729 3607 905 3654 autem
932 3594 1135 3651 cantica
1162 3591 1476 3662 Spiritualia,
1506 3590 1630 3644 illuc
1661 3587 1873 3642 advolat
1902 3585 2015 3654 Spi-

447 3697 581 3751 ritus
609 3692 796 3764 gratia,
827 3706 946 3760 qua:
972 3703 1032 3743 os
1060 3685 1357 3741 sanctiﬁcat
1376 3684 1699 3741 etanimam.
1729 3682 1856 3737 Haec
1879 3680 2022 3745 dico,

448 3803 556 3843 non
587 3793 648 3840 ut
673 3799 766 3839 vos
797 3792 1001 3836 tantum
1054 3778 1278 3835 laudetis
1297 3818 1312 3842 ,
1353 3777 1446 3832 sed
1478 3784 1534 3830 ut
1583 3774 1722 3829 ﬁlios
1748 3782 1802 3829 et
1827 3787 2025 3828 uxores

449 3878 684 3934 doceatis
713 3876 833 3933 talia
864 3883 1079 3930 cantare
1125 3872 1352 3934 cantica,
1379 3884 1485 3923 non
1512 3868 1682 3922 solum
1713 3866 1765 3920 in
1797 3863 2028 3920 texendo

450 3974 626 4028 aliove
652 3986 815 4042 Opere
847 3966 1109 4031 faciendo,
1143 3964 1237 4020 sed
1290 3964 1524 4018 maxime
1566 3962 1618 4015 in
1650 3974 1855 4015 mensa.
1896 3956 2028 4012 Cum

452 4065 592 4121 enim
614 4062 875 4127 diabolus,
908 4068 965 4114 ut
984 4057 1268 4130 plurimum
1319 4053 1601 4110 insidietur
1641 4052 1692 4106 in
1724 4049 1983 4105 conviviis
2012 4091 2028 4117 ,

451 4156 721 4213 ebrietatis
748 4196 763 4219 ,
810 4152 1058 4223 ingluviei
1086 4192 1103 4218 ,
1156 4149 1400 4219 risusque
1454 4144 1673 4216 profusi,
1719 4152 1774 4200 et
1821 4142 2031 4198 remissi

453 4246 615 4301 animi
644 4244 843 4300 auxilio
874 4253 1094 4297 utatur:
1128 4249 1259 4294 tunc
1300 4237 1532 4293 maxime
1557 4242 1771 4304 Oportet
1808 4242 1863 4288 et
1907 4241 2032 4287 ante

454 4353 720 4405 mensam,
752 4345 807 4392 et
838 4343 958 4405 post
985 4346 1227 4388 mensam
1254 4371 1271 4397 ,
1323 4345 1383 4384 se
1435 4328 1644 4383 munire
1695 4325 2030 4380 Psalmorum

454 4429 726 4502 przesidio,
758 4437 812 4482 et
839 4425 995 4480 simul
1023 4438 1146 4479 cum
1180 4436 1348 4477 uxore
1372 4435 1435 4474 ac
1464 4417 1648 4473 liberis
1680 4425 1960 4487 surgentes
2002 4429 2033 4468 a

456 4520 724 4587 convivio,
760 4519 984 4590 hymnos
1011 4529 1196 4570 sacros
1230 4515 1338 4569 Deo
1371 4525 1589 4567 canere.
1625 4509 1678 4565 Si
1709 4510 1855 4564 enim
1901 4507 2036 4561 Pau-

456 4612 561 4676 lus,
590 4614 674 4667 cui
702 4609 1052 4665 intolerabilia
1080 4605 1286 4674 flagella
1317 4602 1699 4667 imminebant,
1729 4614 1850 4655 cum
1891 4598 2035 4667 ligno

457 4705 700 4774 alligatus
725 4703 778 4757 in
818 4715 1034 4756 carcere
1086 4698 1371 4762 habitaret,
1413 4694 1586 4749 media
1614 4699 1790 4757 nocte,
1821 4690 2034 4761 quando

461 4807 544 4851 cst
569 4794 816 4848 omnibus
844 4806 1065 4845 somnus
1087 4787 1525 4858 jucundissimus,
1559 4799 1679 4838 cum
1712 4782 1822 4837 Sila
1864 4782 2029 4835 Deum

460 4898 715 4958 perpetuo
744 4884 1011 4947 laudabat,
1033 4892 1087 4938 et
1110 4898 1206 4937 nec
1234 4882 1403 4947 locus,
1434 4897 1529 4934 nec
1555 4888 1784 4948 tempus,
1806 4892 1905 4930 nec
1928 4877 2037 4929 sol-

460 4981 781 5045 licitudines,
815 4993 913 5033 nec
935 4977 1108 5031 somni
1142 4974 1400 5047 tyrannis,
1434 4988 1532 5027 nec
1553 4972 1629 5026 illi
1660 4972 1868 5025 labores
1892 5011 1905 5032 ,
1941 4986 2040 5024 nec

459 5073 698 5137 dolores,
728 5086 828 5125 nec
853 5069 1140 5139 quidquam
1182 5066 1327 5120 aliud
1357 5081 1477 5120 eum
1509 5064 1683 5134 coegit
1715 5062 2037 5116 modulatio-

462 5182 583 5221 nem
622 5164 766 5219 illam
815 5163 1171 5219 intermittere
1200 5160 1345 5230 (Act.
1388 5159 1475 5213 16.
1498 5158 1593 5227 25)
1626 5176 1639 5213 :
1673 5157 1839 5211 multo
1871 5156 2040 5225 magis

463 5276 580 5326 nos,
604 5259 690 5329 qui
709 5257 945 5329 jucunde
972 5255 1226 5322 vivimus,
1258 5262 1313 5309 et
1343 5253 1437 5308 Dei
1476 5250 1631 5305 bonis
1663 5249 1908 5315 fruimur,
1947 5250 2041 5318 Ity-

463 5366 616 5406 mnos
636 5392 649 5413 ,
677 5349 871 5419 quibus
901 5349 1013 5403 Deo
1036 5348 1222 5418 gratia:
1251 5353 1507 5415 agantur,
1535 5350 1747 5413 oportet
1773 5341 2038 5404 emittere,

463 5451 523 5496 ut
549 5442 592 5497 si
616 5442 698 5496 vel
721 5441 976 5503 ebrietas,
1003 5439 1086 5493 vel
1142 5436 1406 5507 ingluvies
1435 5444 1631 5488 nostra:
1670 5433 1863 5486 anima:
1888 5441 2042 5500 turpe

464 5541 559 5586 aut
585 5530 872 5586 absurdum
903 5529 1029 5600 quid
1077 5529 1283 5595 fecerit,
1314 5527 1401 5579 ubi
1436 5526 1670 5595 ingressa
1701 5523 1862 5579 fuerit
1895 5524 2043 5593 psal-

464 5624 683 5689 modia,
741 5623 919 5678 omnia
964 5622 1050 5677 illa
1086 5621 1225 5676 mala
1281 5628 1335 5675 et
1366 5618 1604 5688 improha
1645 5617 1863 5671 consilia
1907 5616 2044 5671 resi-

469 5704 617 5766 lialll-
650 5710 713 5764 Et
742 5708 1187 5780 quemadmodum
1212 5704 1451 5761 nonnulli
1481 5703 1672 5759 divites
1696 5700 1912 5770 impleta
1934 5699 2047 5753 bal-

465 5816 615 5861 samo
646 5807 864 5879 spongia
886 5821 1098 5864 mensas
1130 5803 1439 5876 abstergunt
1470 5840 1482 5855 .
1521 5810 1573 5855 ut
1614 5799 1657 5855 si
1684 5813 1746 5854 ex
1773 5795 1911 5852 cibis
1936 5794 2040 5850 ulla

1570 338 1924 401 EXPOSITIO
1964 335 2028 392 ΙΝ
2069 335 2386 392 PSALSIUM
2417 336 2558 394 XLI.

3582 346 3683 403 158

2102 452 2667 518 rcmanseritmacula,
2694 467 2753 509 ea
2776 463 3010 510 extracta
3040 470 3227 527 puram
3252 473 3488 515 mensam
3511 475 3684 519 osten-

2096 544 2225 599 dant
2260 546 2371 599 :ita
2394 560 2492 601 nos
2520 561 2731 616 quoque
2753 546 3005 603 faciamus
3053 565 3151 619 pro
3196 551 3436 609 balsamo
3480 570 3543 611 os
3583 556 3685 611 im-

2099 636 2304 706 plentes
2329 636 2557 691 melodia
2587 637 2843 707 spirituali
2868 658 2881 693 :
2918 649 2976 694 ut
2998 640 3042 695 si
3071 658 3135 697 ex
3167 647 3464 713 saturitate,
3493 647 3595 702 ulla
3627 648 3682 703 in

2098 730 2274 783 anima
2319 729 2523 784 macula
2570 733 2905 798 remanserit,
2949 748 3066 787 eam
3114 751 3208 804 per
3255 737 3396 794 illam
3443 740 3687 795 modula-

2099 821 2296 877 tionem
2328 821 2730 892 abstergamus,
2770 831 2824 878 et
2865 825 3023 880 simul
3064 840 3252 883 omnes
3298 838 3501 886 stantes
3536 832 3686 889 dica-

2100 930 2219 969 mus
2265 932 2279 968 :
2328 912 2605 969 Delectnsti
2640 932 2751 982 nos,
2799 917 3031 985 Domine,
3078 920 3131 973 in
3160 922 3360 989 [actura
3396 934 3503 993 tua,
3550 929 3689 983 etin

2100 1007 2334 1075 aperibus
2377 1024 2616 1061 manuum
2660 1018 2862 1064 tuarum
2903 1012 3265 1069 exsultabimua
3297 1014 3465 1087 (Psal.
3493 1018 3581 1075 91.
3603 1020 3689 1093 5).

2103 1097 2230 1152 Post
2256 1098 2604 1167 psalmodiam
2633 1110 2809 1154 autem
2836 1100 3061 1157 addatur
3083 1104 3243 1158 etiam
3265 1107 3455 1175 oratio,
3484 1121 3541 1165 ut
3564 1126 3686 1166 cum

2100 1188 2279 1244 anima
2327 1190 2494 1259 ipsam
2540 1205 2751 1260 quoque
2805 1192 3022 1248 domum
3068 1196 3482 1255 sanctiﬁcemus.
3544 1201 3695 1259 Sicut

2101 1281 2244 1335 enim
2291 1281 2381 1350 qui
2419 1282 2629 1347 mimos,
2683 1290 2738 1336 et
2782 1284 3084 1352 saltatores,
3127 1297 3183 1342 et
3221 1289 3469 1345 mulieres
3510 1307 3691 1349 mere-

2105 1376 2265 1430 trices
2301 1374 2639 1429 introducunt
2669 1376 2720 1428 in
2745 1377 3006 1443 convivia,
3047 1378 3318 1436 daemones
3344 1389 3398 1437 et
3416 1382 3690 1442 diabolum

2103 1466 2230 1521 illuc
2257 1476 2479 1530 vocant,
2524 1475 2581 1521 et
2607 1467 2795 1522 domos
2821 1484 2944 1523 suas
2970 1470 3190 1540 implent
3217 1472 3370 1530 bellis
3398 1476 3695 1534 innumeris

2106 1556 2254 1629 (hinc
2278 1568 2426 1613 certe
2451 1558 2749 1628 zelotypiaa,
2782 1559 3060 1628 adulteria,
3092 1571 3296 1632 stupra,
3328 1576 3380 1620 et
3405 1566 3507 1623 alia
3535 1569 3697 1624 innu-

2106 1650 2277 1719 mera)
2306 1666 2319 1701 :
2352 1650 2419 1703 ita
2446 1650 2533 1719 qui
2570 1658 2762 1705 vocant
2790 1651 2949 1705 David
2973 1668 3093 1707 cum
3123 1654 3347 1721 cithara,
3372 1657 3513 1714 intus
3541 1660 3697 1717 Chri-

2106 1750 2245 1794 stum
2273 1755 2367 1810 per
2392 1742 2565 1811 ipsum
2605 1752 2816 1796 vocant.
2841 1742 2943 1798 Ubi
2969 1754 3146 1800 autem
3178 1756 3261 1802 est
3281 1746 3547 1818 Christus,
3576 1754 3705 1807 nul-

2110 1833 2193 1890 ltts
2221 1833 2429 1889 dzemon
2460 1835 2675 1904 quidem
2706 1835 2932 1905 ingredi,
2959 1838 3044 1893 vel
3074 1840 3253 1909 potius
3280 1856 3349 1896 ne
3377 1842 3552 1899 obiter
3573 1846 3695 1916 qui-

2108 1926 2230 1982 dem
2262 1926 2525 1996 inspicere
2552 1942 2713 1983 ausus
2738 1927 2898 1983 fuerit
2928 1947 2943 1984 :
2972 1945 3070 1999 pax
3114 1944 3289 1989 autem
3313 1974 3331 2000 ,
3355 1943 3408 1991 et
3450 1936 3699 2007 dilectio,

2107 2028 2165 2074 et
2209 2019 2388 2072 omnia
2436 2028 2704 2089 tamquam
2745 2035 2810 2075 ex
2854 2019 3089 2078 fontibus
3112 2023 3253 2080 bona
3282 2029 3695 2095 promanabunt.

2111 2114 2188 2169 llli
2218 2113 2434 2168 domum
2461 2128 2610 2169 suam
2635 2115 2832 2169 faciunt
2857 2114 3157 2184 theatrum;
3211 2128 3266 2173 tu
3306 2121 3591 2177 ecclesiam
3617 2126 3699 2180 fac

2114 2215 2256 2261 tuam
2287 2206 2683 2261 domunculam.
2718 2206 2819 2263 Ubi
2844 2209 2987 2263 enim
3015 2218 3098 2264 est
3124 2212 3381 2281 psalmus,
3429 2222 3483 2269 et
3507 2218 3700 2282 oratio,

2113 2306 2166 2352 et
2189 2297 2385 2352 chorea
2416 2297 2820 2368 prophetarum,
2872 2310 2927 2357 et
2971 2302 3087 2371 pius
3144 2306 3445 2361 canentium
3468 2308 3699 2376 animus,

2115 2404 2220 2443 non
2251 2388 2582 2444 aberravcrit
2624 2392 2884 2461 quispiam
2946 2395 3035 2465 qui
3076 2393 3219 2452 hunc
3268 2407 3463 2454 emtum
3509 2400 3705 2457 dixerit

2114 2479 2416 2534 ecclesiam.
2449 2480 2667 2535 Etiamsi
2699 2484 2801 2536 vim
2827 2482 3110 2540 verborum
3150 2502 3254 2541 non
3293 2491 3523 2555 noveris,
3571 2492 3705 2548 doce

2116 2570 2318 2624 interea
2372 2571 2543 2641 ipsum
2591 2587 2652 2626 os
2699 2573 2859 2628 verba
2898 2574 3098 2631 dicere.
3147 2577 3515 2637 Sanctiﬁcatur
3557 2585 3703 2640 enim

2116 2664 2275 2718 etiam
2305 2663 2478 2733 lingua
2507 2680 2599 2734 per
2620 2665 2805 2731 verba,
2849 2668 3062 2736 quando
3090 2686 3153 2726 ea
3182 2671 3430 2729 dicuntur
3460 2688 3708 2748 prompto

2118 2764 2170 2810 et
2194 2756 2354 2811 alacri
2380 2757 2577 2812 animo.
2612 2757 2668 2813 Si
2709 2775 2807 2814 nos
2853 2761 2995 2830 ipsos
3035 2762 3416 2822 deduxerimus
3454 2769 3520 2823 ad
3570 2770 3708 2829 hanc

2118 2848 2578 2917 consuetudinem,
2634 2866 2733 2906 nec
2786 2864 2965 2909 nostra
3008 2864 3232 2924 sponte,
3274 2874 3375 2914 nec
3404 2875 3497 2929 per
3521 2876 3709 2918 socor-

2125 2937 2267 2993 diam
2315 2939 2594 3009 pulchrum
2640 2939 2742 2996 hoc
2792 2945 3261 3012 praetermittemus
3310 2949 3709 3021 ministerium,

2120 3045 2271 3086 more
2328 3031 2411 3086 vel
2457 3031 2651 3087 invitos
2703 3049 2802 3088 nos
2873 3046 3100 3106 cogente
3161 3037 3304 3096 hunc
3360 3042 3454 3100 Dei
3508 3044 3710 3101 cultum

2123 3122 2363 3194 quotidie
2410 3139 2685 3195 peragere.
2746 3126 2801 3180 lu
2845 3125 2945 3183 hac
3000 3130 3396 3198 modulatione,
3451 3148 3548 3190 seu
3594 3138 3715 3207 quis

2126 3215 2287 3272 fuerit
2312 3218 2463 3273 senio
2495 3217 2789 3286 confectus,
2833 3236 2927 3275 seu
2952 3223 3185 3290 juvenis,
3222 3240 3317 3281 seu
3345 3242 3475 3283 voce
3500 3244 3712 3300 aspera,

2125 3324 2220 3365 seu
2272 3310 2447 3364 omnis
2491 3311 2702 3380 penitus
2746 3315 2952 3368 numeri
3004 3315 3247 3385 ignarus,
3304 3318 3435 3376 nihil
3483 3322 3533 3377 ei
3584 3324 3716 3377 vitio

2127 3399 2359 3455 dabitur.
2409 3400 2562 3467 Quod
2614 3403 2755 3456 enim
2785 3403 2871 3457 hic
2900 3406 3175 3474 quarritur,
3206 3417 3287 3462 est
3313 3410 3489 3466 sobria
3515 3413 3714 3481 anima,

2128 3508 2281 3548 mens
2310 3494 2551 3564 vigilans,
2583 3510 2677 3549 cor
2703 3505 3099 3567 compunctum,
3138 3500 3309 3556 valida
3338 3504 3493 3569 ratio,
3519 3520 3716 3576 expur-

2129 3596 2248 3657 gata
2286 3587 2632 3642 conscientia.
2678 3588 2734 3644 Si
2778 3588 2892 3644 hzec
2942 3589 3177 3658 habens,
3234 3594 3505 3665 ingressus
3555 3596 3719 3653 fueris

2132 3678 2184 3733 in
2230 3689 2469 3734 sanctum
2518 3680 2607 3735 Dei
2646 3680 2900 3746 chorum,
2941 3681 3091 3752 juxta
3139 3686 3311 3753 ipsum
3366 3687 3531 3743 David
3578 3698 3721 3745 stare

2132 3771 2353 3841 poteris.
2415 3770 2510 3825 llic
2557 3786 2661 3826 non
2724 3779 2805 3827 es't
2857 3788 2990 3842 opus
3035 3774 3274 3841 cithara,
3327 3792 3498 3848 neque
3545 3782 3725 3835 nervis

2133 3862 2393 3927 extensis,
2440 3878 2612 3933 neque
2651 3863 2874 3934 plectro.
2908 3879 3007 3919 nec
3052 3875 3184 3931 arte,
3229 3882 3327 3922 nec
3358 3869 3479 3923 ullis
3528 3869 3724 3925 instru-

2136 3957 2331 4013 mentis
2364 3976 2377 4012 :
2404 3958 2495 4013 sed
2526 3959 2569 4013 si
2600 3960 2753 4027 velis,
2796 3960 3021 4029 teipsum
3052 3960 3255 4018 efﬁcies
3280 3964 3573 4032 citharam,
3600 3982 3723 4020 cum

2135 4050 2309 4104 carnis
2352 4052 2589 4104 membra
2634 4051 3058 4117 mortiﬁcaveris,
3100 4064 3155 4108 et
3190 4055 3383 4109 animae
3438 4072 3558 4111 cum
3599 4072 3724 4111 cor-

2139 4156 2267 4211 pore
2299 4142 2581 4211 pulchrum
2622 4150 2937 4196 concentum
2984 4142 3247 4198 effeceris.
3312 4145 3535 4213 Quando
3581 4147 3725 4201 enim

2138 4248 2245 4287 non
2290 4234 2619 4303 concupierit
2656 4248 2783 4289 caro
2830 4234 3091 4288 adversus
3137 4234 3389 4303 Spiritum
3434 4235 3625 4307 (Colat.
3669 4238 3727 4295 5.

2140 4325 2252 4393 i7).
2298 4324 2393 4379 sed
2426 4325 2567 4379 illius
2594 4324 2753 4395 jussis
2782 4326 3023 4392 cessetit,
3065 4336 3119 4380 et
3148 4342 3264 4380 eam
3298 4327 3528 4383 tamdem
3557 4328 3729 4384 duxeo

2139 4418 2253 4471 rit‘
2301 4418 2353 4472 in
2406 4418 2544 4471 viam
2598 4419 2852 4487 optimam
2885 4425 2940 4471 et
2966 4420 3194 4473 maxime
3216 4420 3601 4486 admirabilem,
3659 4422 3729 4477 ita

2141 4510 2423 4565 melodiam
2453 4510 2651 4565 efﬁcies
2679 4511 3029 4580 spiritualem.
3056 4511 3170 4565 Non
3201 4511 3284 4567 liii:
3314 4528 3448 4584 Opus
3473 4522 3554 4568 est
3583 4522 3729 4580 arte,

2141 4620 2261 4673 qua:
2288 4605 2447 4674 longo
2473 4610 2713 4671 tempore
2745 4603 3017 4673 perﬁcitur
3051 4622 3064 4657 :
3098 4604 3191 4659 sed
3230 4604 3366 4660 bona
3399 4614 3600 4660 tantum
3631 4622 3731 4660 vo-

2144 4694 2362 4757 luntate,
2385 4705 2437 4749 et
2456 4710 2718 4764 generoso
2744 4694 2907 4749 animi
2938 4696 3176 4751 instituto
3203 4712 3337 4767 Opus
3362 4706 3464 4763 est,
3491 4714 3555 4753 ac
3584 4698 3731 4754 brevi

2146 4798 2385 4859 tempore
2428 4788 2581 4858 periti
2628 4787 2933 4843 evademus.
2987 4789 3104 4843 Non
3142 4805 3276 4860 opus
3321 4798 3403 4844 est
3454 4791 3593 4858 loco,
3627 4807 3731 4846 non

2145 4899 2279 4952 Opus
2323 4892 2405 4936 est
2447 4892 2705 4950 tempore,
2760 4882 2851 4935 sed
2897 4882 2947 4934 in
2991 4883 3135 4936 omni
3178 4883 3315 4950 loco,
3346 4893 3399 4938 et
3422 4885 3567 4939 omni
3598 4894 3733 4940 tem-

2147 4990 2296 5046 pore,
2333 4976 2454 5029 licet
2495 4983 2673 5029 mente
2700 4989 2910 5029 canere.
2938 4974 3068 5027 Nam
3101 4976 3213 5030 sive
3241 4977 3290 5029 in
3322 4974 3438 5029 foro
3470 4978 3733 5045 atnbulcs,

2149 5068 2262 5122 sive
2289 5067 2390 5122 iter
2414 5066 2749 5136 ingrediaris.
2782 5066 2894 5119 sive
2920 5081 3039 5119 cum
3071 5066 3256 5120 amicis
3284 5068 3582 5135 consideas,
3616 5069 3738 5122 licet

2149 5162 2383 5216 excitare
2412 5161 2667 5223 animum,
2695 5160 2818 5213 licet
2846 5160 2931 5212 vel
2959 5158 3155 5213 tacenti
3178 5158 3427 5214 clamare.
3474 5162 3545 5214 Ita
3575 5162 3735 5216 etiam

2150 5252 2324 5307 Moses
2347 5252 2630 5315 clamabat,
2663 5262 2718 5305 et
2747 5251 2884 5307 Deus
2913 5251 3162 5305 audiebat
3191 5250 3385 5320 (Exod.
3416 5252 3499 5307 14.
3529 5253 3641 5321 15).
3675 5254 3739 5308 Et

2152 5348 2194 5399 si
2227 5345 2388 5401 fueris
2415 5345 2617 5415 opifex,
2666 5348 2867 5413 poteris
2894 5344 2945 5398 in
2972 5344 3184 5401 ofﬁcina
3212 5344 3406 5399 sedens
3432 5356 3487 5399 et
3512 5358 3741 5415 opening

2154 5439 2398 5508 psallere.
2450 5439 2513 5491 Et
2540 5439 2580 5491 si
2610 5437 2761 5492 miles
2791 5437 2886 5504 sis,
2933 5445 3023 5491 aut
3053 5436 3238 5491 sedeas
3265 5436 3314 5488 in
3336 5433 3555 5504 judicio,
3595 5450 3742 5506 pote-

2153 5532 2228 5586 ris
2257 5532 2355 5587 hoc
2382 5533 2550 5602 ipsum
2585 5530 2779 5587 facere.

2220 5733 2248 5804 ξΔ
2278 5733 2329 5804 S_i
2363 5728 2549 5804 Savilii‘
2576 5733 3051 5804 conjecturaeﬁdes
3084 5732 3381 5786 adhibeatur
3398 5772 3415 5798 ,
3465 5737 3736 5804 legendum

2157 5792 2273 5857 erit,
2295 5796 2343 5844 in
2368 5794 2579 5844 St‘cunda
2608 5808 2837 5858 persona,
2871 5791 3090 5844 duxeris.
