4140 6356
480 284 610 361 1159

573 403 627 458 3.
673 401 899 460 Gemitus
918 407 1126 476 spiritus
1148 410 1260 480 quis
1284 412 1368 466 sit.
1388 443 1459 453 —
1475 413 1620 469 Licet
1648 417 1808 471 etiam
1846 419 1963 474 sine
1993 435 2085 476 vo-

499 509 564 548 ce
597 497 841 563 psallere,
873 514 992 553 cum
1024 516 1176 556 mens
1222 504 1364 559 intus
1388 519 1626 563 resonet.
1659 511 1772 565 Non
1812 516 1954 568 enim
1989 515 2084 569 ho-

498 586 732 641 minibus
761 590 1021 654 canimus,
1049 593 1142 647 sed
1176 595 1312 662 Deo,
1358 598 1446 666 qui
1478 609 1650 666 potest
1681 603 1768 656 vel
1795 605 1958 660 corda
1985 622 2081 660 au-

499 676 635 740 dire,
667 688 718 732 et
747 680 796 732 in
822 685 1014 736 mentis
1039 695 1234 739 nostr-.e
1259 703 1449 742 arcana
1473 690 1696 758 ingredi.
1731 694 1841 750 Hoc
1870 712 2082 769 quoque

499 768 692 822 Paulus
721 774 1009 826 ostendens
1039 775 1377 845 vociferatur,
1423 780 1642 836 dicens:
1674 783 1797 854 Ipse
1851 787 2079 857 Spiritus

491 859 780 926 interpellat
826 879 917 930 pro
943 865 1082 918 nobis
1105 868 1367 935 gemitibus
1389 871 1825 930 inenarrabilibus.
1852 877 1953 944 Qui
1981 896 2077 932 au-

492 959 590 1001 tem
615 961 868 1005 scrutatur
895 955 1070 1019 corda,
1099 957 1189 1009 scit
1216 959 1338 1029 quid
1365 960 1612 1017 desideret
1642 965 1867 1035 Spiritus
1891 1011 1905 1033 ,
1936 970 2073 1039 quod

473 1035 771 1096 secundum
792 1043 954 1097 Deum
978 1049 1194 1114 postulet
1213 1067 1305 1118 pro
1329 1053 1515 1106 sanctis
1540 1054 1721 1126 (Rom.
1752 1058 1805 1113 8.
1837 1059 1925 1114 26.
1948 1035 2072 1132 ⁷27).

487 1131 599 1188 lloe
628 1145 804 1190 autem
834 1136 1065 1203 dicebat,
1115 1155 1220 1194 non
1267 1145 1406 1211 quod
1435 1145 1666 1214 Spiritus
1691 1161 1945 1218 gemeret,
1974 1131 2068 1208 sed

484 1226 624 1294 quod
651 1229 746 1282 viri
776 1230 1102 1300 spirituales,
1146 1234 1237 1304 qui
1270 1234 1468 1291 habent
1492 1238 1630 1292 dona
1677 1240 1906 1310 Spiritus
1929 1283 1944 1310 ,
1976 1261 2071 1313 pro

484 1319 797 1388 propinquis
827 1333 1042 1376 orantes
1061 1364 1074 1387 ,
1107 1335 1159 1376 et
1186 1327 1603 1394 supplicationes
1638 1329 1946 1400 oﬂ‘ercntes,
1967 1333 2070 1390 hoc

482 1409 850 1466 l'acereutcum
868 1415 1281 1484 compunctione
1296 1427 1348 1471 et
1363 1420 1665 1488 gemitibus.
1693 1422 1803 1477 Hoc
1824 1440 1922 1479 nos
1936 1441 2068 1497 quo-

480 1514 582 1568 que
627 1501 914 1568 faciamus,
957 1513 1011 1558 et
1049 1505 1286 1574 quotidie
1327 1508 1494 1564 Deum
1542 1511 1943 1582 interpellemus
1970 1533 2066 1587 per

460 1568 712 1661 'psalmos
741 1604 795 1649 et
822 1597 1111 1652 orationes.
1141 1597 1219 1654 Ne
1257 1609 1436 1656 autem
1466 1604 1627 1659 verba
1653 1605 1826 1661 solum
1868 1607 2064 1664 otl'era-

476 1700 612 1749 mus,
646 1684 739 1739 sed
772 1685 940 1758 ipsam
965 1689 1125 1743 etiam
1156 1690 1390 1748 sciamus
1433 1693 1538 1748 vim
1580 1695 1873 1753 dictionum
1899 1741 1916 1767 ,
1964 1715 2062 1771 ago

474 1775 642 1842 ipsnm
665 1776 820 1846 hujus
838 1778 1029 1833 Psalmi
1049 1783 1364 1850 prommium
1382 1786 1436 1839 in
1455 1785 1688 1842 medium
1709 1787 2058 1847 adducamus.

460 1846 622 1933 Quid
651 1878 733 1923 est
775 1884 905 1941 ergo
934 1846 1294 1940 prooemium?
1337 1877 1780 1945 Quemadmodum
1810 1883 2060 1940 desiderat

465 1975 639 2014 cervus
663 1962 731 2014 ad
754 1964 914 2033 [antes
933 1981 1180 2036 aquarum
1198 2008 1216 2034 ,
1260 1970 1332 2022 ita
1358 1971 1611 2026 desiderat
1641 1974 1815 2026 anima
1837 1991 1950 2030 utea
1991 1976 2058 2029 ad

467 2064 535 2118 te,
561 2053 717 2107 Deus.
750 2055 844 2110 llic
867 2069 951 2112 est.
972 2074 1090 2114 mos
1115 2061 1427 2138 amantium,
1453 2077 1690 2119 amorem
1710 2065 1922 2121 silentio
1948 2083 2054 2122 non

466 2147 660 2212 celare,
693 2148 791 2204 sed
815 2152 1091 2210 enuntiare
1112 2153 1321 2220 vicinis,
1353 2163 1407 2208 et
1427 2156 1607 2212 dicere
1634 2172 1693 2212 se
1718 2173 1918 2214 amare.
1952 2163 2054 2214 Ar-

464 2237 599 2293 dens
619 2241 759 2295 enim
792 2259 878 2299 res
899 2253 982 2298 est
1000 2257 1187 2299 natura
1215 2246 1537 2314 dilectionis,
1559 2263 1660 2304 nec
1683 2259 1857 2319 potest
1876 2253 2052 2308 anima

461 2334 746 2400 sustinere,
782 2345 836 2388 ut
859 2350 977 2390 eam
1004 2337 1218 2392 silentio
1237 2349 1434 2394 teneat.
1463 2341 1527 2395 Et
1554 2342 1673 2396 ideo
1698 2359 1885 2400 amans
1918 2361 2052 2416 quo-

461 2436 568 2490 que
616 2423 810 2480 Paulus
852 2426 1063 2483 dicebat
1110 2430 1399 2485 Corinthiis
1431 2451 1443 2486 :
1473 2432 1544 2487 0s
1589 2445 1816 2488 nostrum
1857 2439 1925 2489 ad
1965 2455 2048 2494 vos

457 2526 690 2584 apertum
715 2527 808 2585 est,
842 2519 1093 2576 Corinthii
1123 2522 1214 2596 (1.
1244 2525 1360 2578 Cor.
1390 2525 1444 2580 6.
1480 2528 1568 2596 Η)
1597 2545 1608 2581 :
1643 2529 1744 2584 hoc
1770 2540 1877 2599 cst,
1929 2532 2045 2591 Non

445 2591 674 2684 'lpussum
703 2611 1002 2678 continuere,
1040 2623 1093 2668 et
1117 2616 1332 2670 silentio
1361 2635 1604 2686 premere
1651 2621 1988 2679 dilectionem
2020 2667 2036 2694 ,

447 2695 547 2766 sed
587 2714 680 2752 vos
707 2714 920 2770 semper
947 2711 1002 2758 et
1029 2705 1242 2775 ubique,
1267 2715 1321 2761 ct
1373 2709 1424 2762 in
1467 2719 1642 2765 mente
1671 2721 1725 2766 et
1763 2714 1818 2768 in
1863 2715 2041 2786 lingua

453 2788 791 2846 circumfero.
829 2792 900 2847 Ita
927 2795 1086 2849 etiam
1111 2796 1197 2852 hic
1223 2799 1408 2854 beatus
1439 2801 1605 2855 Deum
1636 2820 1841 2872 amans,
1868 2818 1923 2862 et
1948 2825 2038 2864 ar-

445 2860 584 2934 deus
607 2896 810 2948 amore,
840 2900 944 2940 non
966 2899 1142 2958 potest
1164 2890 1214 2942 in
1232 2895 1466 2946 animum
1491 2895 1740 2950 inducere
1769 2907 1826 2951 ut
1848 2909 2038 2969 taceat,

445 2963 541 3027 'sed
564 2974 847 3044 aliquando
873 2979 1090 3049 quidem
1120 2981 1284 3037 dicit:
1324 2983 1760 3050 Quemadmodum
1786 2990 2040 3050 desiderat

445 3079 618 3118 cervus
640 3067 706 3119 ad
727 3070 890 3138 fontes
906 3087 1174 3141 aquarum,
1194 3075 1265 3128 ita
1287 3075 1536 3131 desiderat
1555 3081 1728 3134 anima
1748 3098 1858 3136 mea
1877 3086 1945 3139 ad
1963 3097 2031 3155 te,

444 3153 602 3211 Deus.
631 3159 929 3229 Aliquando
956 3173 1136 3221 autem
1159 3166 1318 3233 Deus,
1349 3169 1486 3226 Deus
1510 3189 1670 3240 meus,
1692 3178 1763 3231 ad
1791 3187 1838 3233 te
1863 3180 1927 3234 de
1955 3153 2036 3247 lui-

442 3245 501 3302 ce
519 3251 692 3319 vigilo.
721 3251 895 3307 Sitivit
921 3256 989 3310 ad
1012 3266 1059 3310 te
1078 3261 1253 3312 anima
1275 3278 1403 3326 mea,
1433 3264 1562 3318 sicut
1592 3277 1726 3322 terra
1749 3271 2029 3342 inaccessa,

441 3341 550 3394 sine
577 3359 731 3414 aqua,
759 3353 808 3398 et
833 3344 1030 3401 deserta
1055 3349 1073 3420 (
1097 3348 1244 3405 Psal.
1268 3352 1357 3407 62.
1383 3353 1457 3427 l).
1481 3355 1555 3411 lla
1580 3360 1720 3416 enim
1744 3362 1874 3418 dixit
1896 3341 2030 3421 alius

438 3429 724 3502 interpres.
743 3436 1004 3504 Quoniam
1026 3442 1166 3496 enim
1195 3459 1302 3498 non
1331 3456 1508 3516 potest
1531 3453 1769 3508 oratione
1789 3471 2026 3515 amorem

436 3717 535 3757 nos
560 3708 715 3762 faciat
736 3713 1042 3785 participes.
1069 3716 1126 3770 Ei
1150 3733 1279 3782 ergo
1314 3723 1613 3792 credamus,
1644 3737 1699 3784 et
1735 3732 1812 3787 sic
1837 3748 2022 3794 amare

429 3783 757 3856 ediscamus.

500 3891 688 3949 Amare
713 3894 878 3951 Deum
904 3916 1173 3970 possumus
1192 3944 1209 3969 ,
1253 3907 1346 3960 etsi
1381 3924 1486 3963 non
1511 3911 1789 3970 videamus.
1814 3947 1886 3959 —
1909 3919 2019 3978 Nec

427 3978 576 4040 dicat
623 3989 757 4044 mihi
810 3993 1118 4062 quispiam:
1152 3995 1218 4050 Et
1262 4001 1534 4067 quomodo
1577 4019 1791 4074 possunt
1837 4025 2017 4068 amare

429 4075 618 4146 Deum,
645 4095 804 4150 quem
833 4097 938 4138 non
970 4084 1173 4141 video?
1200 4088 1392 4145 Multos
1418 4094 1562 4149 enim
1593 4111 1857 4168 amamus,
1891 4104 2014 4160 licet

426 4184 521 4224 eos
546 4187 653 4226 non
700 4174 1009 4244 videamus,
1061 4182 1509 4248 quemadmodum
1553 4189 1755 4246 amicos
1803 4208 2013 4254 nostros

427 4268 955 4337 peregreprol'ectos,
974 4271 1057 4325 vel
1080 4271 1238 4338 ﬁlios,
1260 4276 1342 4329 vel
1367 4289 1632 4347 parentes,
1661 4283 1743 4339 vel
1760 4297 2010 4357 cognatos

424 4356 792 4412 necessarios:
821 4374 920 4414 nec
945 4361 1010 4416 ad
1041 4361 1094 4416 id
1121 4365 1286 4419 ullum
1304 4368 1454 4423 atl'ert
1477 4371 1631 4426 nobis
1657 4356 2006 4445 impedimen-

425 4453 534 4496 tum
554 4446 693 4514 quod
722 4462 814 4502 eos
840 4465 946 4505 non
970 4452 1264 4519 videamus,
1290 4457 1397 4513 imo
1416 4475 1545 4516 vero
1572 4465 1672 4520 hoc
1701 4466 1871 4536 ipsum
1897 4488 2007 4526 ma-

417 4537 501 4604 gis
530 4538 778 4594 accendit
808 4556 1044 4598 amorem
1067 4586 1080 4612 ,
1132 4557 1188 4602 et
1221 4557 1378 4620 auget
1405 4551 1749 4612 desiderium.
1792 4560 1859 4615 Et
1887 4563 2005 4619 ideo

422 4627 489 4680 de
517 4627 662 4683 Mose
682 4645 893 4700 quoque
918 4634 1104 4690 dicens
1136 4638 1350 4706 Paulus,
1380 4645 1518 4712 quod
1557 4648 1756 4706 relictis
1789 4654 2005 4712 thesau-

419 4718 491 4770 ris
533 4728 589 4773 et
629 4721 838 4789 opibus,
893 4727 1147 4796 regnique
1195 4730 1453 4799 claritate,
1512 4745 1568 4792 et
1609 4743 1755 4796 omni
1809 4746 1916 4802 alio
1946 4751 1998 4805 in

415 4810 648 4883 Egypto
676 4815 981 4885 splendore,
1009 4822 1189 4875 maluit
1211 4839 1329 4878 cum
1351 4825 1550 4884 Iudicis
1569 4832 1728 4905 afﬂigi
1758 4854 1771 4889 :
1806 4839 1999 4897 deinde

416 4917 514 4957 nos
542 4918 755 4958 causam
780 4906 1000 4973 docens,
1035 4914 1176 4980 quod
1204 4913 1317 4969 haec
1349 4919 1525 4973 omnia
1554 4921 1752 4980 iaceret
1779 4941 1998 4999 propter

413 4995 602 5061 Deum,
630 4996 822 5066 adjecit
856 5014 870 5052 :
898 4999 1207 5057 Invisibilem
1229 5009 1361 5061 enim
1389 5017 1643 5082 tamquam
1679 5018 1853 5074 videns
1877 5039 1993 5079 sus-

409 5088 557 5140 tinuit
605 5086 624 5159 (
653 5087 810 5143 Hebr.
847 5091 932 5146 Η.
964 5093 1034 5150 25
1059 5125 1088 5134 -
1115 5096 1238 5169 27).
1285 5099 1400 5155 Non
1440 5103 1587 5160 vides
1641 5107 1804 5164 Deum
1829 5153 1846 5178 ,
1895 5117 1992 5171 sed

407 5179 556 5234 vides
581 5179 697 5250 ejus
725 5192 1018 5250 creaturas,
1049 5187 1197 5243 vides
1220 5190 1335 5258 ejus
1355 5207 1517 5263 opera
1542 5237 1557 5261 ,
1601 5199 1790 5255 οςιξιιιηι
1808 5243 1822 5268 ,
1874 5211 1988 5259 ter-

399 5286 542 5338 ram,
571 5281 623 5327 et
653 5289 819 5329 mare.
848 5275 947 5343 Qui
976 5287 1149 5333 autem
1180 5280 1369 5353 diligit,
1396 5285 1441 5340 si
1468 5286 1644 5344 dilecti
1675 5306 1810 5362 Opus
1840 5293 1988 5352 vide-

402 5363 492 5427 rit,
515 5362 558 5417 si
580 5364 840 5432 calceum,
872 5367 918 5420 si
945 5377 1168 5436 vestem,
1197 5371 1241 5425 si
1264 5374 1486 5442 quodvis
1515 5377 1658 5434 aliud
1677 5423 1693 5448 ,
1739 5387 1985 5442 accendi-

401 5465 504 5510 tur.
528 5455 642 5513 Non
672 5459 819 5516 vides
845 5461 1035 5530 Deum,
1058 5465 1153 5520 sed
1172 5467 1320 5522 vides
1341 5469 1456 5548 ejus
1481 5469 1727 5542 famulos,
1755 5480 1977 5548 amicos,

397 5546 563 5613 viros,
593 5549 828 5619 inquam,
859 5563 1098 5620 sanctos,
1127 5565 1184 5613 et
1203 5559 1291 5628 qui
1321 5545 1516 5617 habent
1537 5564 1674 5634 apud
1696 5581 1815 5622 eum
1847 5545 1980 5626 tida;

395 5639 556 5692 ciam.
589 5640 712 5697 Illos
738 5659 879 5715 npnc
893 5644 1117 5703 observa
1137 5659 1191 5703 et
1217 5651 1354 5716 cole,
1385 5661 1439 5706 et
1462 5649 1686 5712 habebis
1711 5673 1818 5714 non
1858 5659 1975 5730 leve

393 5725 638 5786 solatium
660 5735 734 5791 tui
765 5735 1033 5796 desiderii.
1081 5741 1291 5800 Etenim
1330 5743 1393 5801 in
1411 5743 1715 5807 hominibus
1742 5767 1847 5809 non
1877 5726 1968 5822 so-

1160 295 1220 353 5.
1257 296 1535 354 JOANNIS
1569 297 2046 362 CHRYSOSTOMI
2090 310 2408 370 AltCHlEP.
2447 317 2979 393 CONSTA‘NTINOP.

2173 549 2297 609 'tur,
2327 560 2508 602 amare
2528 557 2918 614 consuevimus.
2952 562 3020 618 Et
3045 566 3090 621 si
3114 549 3310 629 dixerit
3336 580 3596 652 quiSpiam
3622 603 3688 646 ex
3713 592 3778 647 iis

2188 635 2276 704 qui
2304 648 2550 694 amantur
2572 657 2601 696 a
2633 647 2806 715 nobis,
2841 651 2991 710 Hunc
3023 661 3103 715 vel
3139 663 3286 721 illum
3315 635 3509 744 dilige,
3540 689 3596 734 et
3638 682 3683 736 si
3730 685 3776 740 is

2190 724 2204 744 ,
2231 741 2247 744 Α
2331 726 2358 744 η
2401 731 2411 740 .
2509 734 2540 744 ..
2699 739 2717 744 -

2187 724 2449 786 beneficio
2473 734 2652 804 aliquo
2690 739 2852 798 fuerit
2888 745 3132 817 affectus,
3185 772 3283 827 ego
3324 724 3436 818 me0
3451 724 3769 833 beneﬁcium

2184 820 2457 886 accepisse
2485 827 2731 885 existimo
2760 851 2776 888 :
2804 840 2981 893 omnia
3028 842 3250 905 iacimus
3278 863 3331 907 et
3369 871 3719 926 procuramus
3748 913 3766 938 ,

2186 917 2236 938 nl
2272 911 2488 938 nn-:..-l..
2514 931 2573 938 Α-
2600 920 2639 938 ,9
2689 922 2738 938 n-
2814 935 2821 938 .
2988 934 2997 938 _
3023 934 3032 938 -

2186 917 2240 959 ut
2269 911 2491 979 perinde
2512 931 2574 972 ac
2597 920 2643 973 si
2669 922 2917 983 dilectum
2949 934 3272 1004 videremus,
3297 911 3554 1009 ita.omne
3575 957 3625 1012 in
3642 913 3766 1018 eun;

2181 1001 2419 1057 studium
2457 1012 2819 1072 ostendamus.
2871 1021 2980 1079 Hoc
3021 1029 3192 1099 ipsum
3225 1035 3275 1090 in
3306 1038 3522 1100 Christo
3551 1065 3765 1123 quoque

2181 1096 2433 1123 nsunnln..-
2465 1099 2627 1123 ﬂ---_A
2995 1121 3015 1123 ξ

2178 1096 2436 1160 praeclare
2463 1099 2636 1159 facere
2663 1123 2966 1177 possumus.
2992 1121 3170 1180 Dixit:
3203 1129 3371 1204 Diligo
3387 1096 3690 1212 pauperi-esil
3709 1161 3763 1207 et

2178 1186 2220 1212 οξ
2263 1188 2292 1212 :2
2325 1188 2446 1212 1-,...2
2487 1193 2577 1212 -I-,
2637 1201 2646 1211 -
2671 1201 2684 1212 ι
2950 1211 2953 1212 ,

3305 1186 3363 1204 υ,
3424 1186 3679 1202 __.-.....
3709 1186 3758 1207 ι.

2177 1186 2222 1238 si
2261 1188 2292 1240 ii
2321 1188 2447 1245 boni
2484 1193 2684 1267 aliquid
2717 1211 3038 1278 acceperint,
3080 1221 3301 1286 perinde
3331 1186 3467 1285 acrsi
3493 1186 3620 1304 lipse
3668 1257 3758 1296 re-

2174 1282 2435 1349 cepissem
2457 1325 2472 1351 ,
2518 1291 2682 1349 reddo
2713 1282 3192 1367 remunerationem
3230 1282 3467 1389 (Matth:
3495 1282 3754 1402 15:26.

2176 1375 2275 1402 Π-..
2306 1380 2379 1402 -2-
2414 1383 2556 1402 --νηί
2587 1385 2637 1402 no,
2712 1398 2720 1402 _
2820 1393 2831 1402 .
2855 1393 2868 1402 .
3032 1400 3042 1402 μ

2175 1375 2278 1430 Pro
2303 1380 2382 1434 eis
2407 1383 2651 1442 colendis
2673 1398 2727 1443 et
2750 1393 3094 1456 sublevandis
3135 1375 3265 1464 nihil
3299 1427 3404 1470 non
3453 1375 3749 1489 faciamus];

2169 1566 2450 1625 credentes
2478 1589 2574 1642 per
2613 1578 2756 1647 ipsos
2799 1582 2964 1640 Deum
3001 1591 3166 1648 alere.
3208 1597 3356 1664 Quod
3387 1605 3526 1660 enim
3557 1609 3682 1666 dum
3713 1566 3748 1670 ii

2168 1657 2403 1726 aluntur,
2435 1663 2548 1732 ipse
2570 1668 2730 1725 alitur
2750 1713 2763 1736 ,
2795 1677 2917 1732 audi
2947 1681 3073 1750 quid
3108 1657 3252 1744 dicat
3290 1691 3531 1753 Christus
3566 1719 3579 1755 :
3614 1703 3750 1760 Esu-

2165 1749 2376 1806 rientem
2403 1771 2482 1810 me
2506 1759 2716 1834 vidistis,
2743 1765 2931 1838 inquit,
2954 1784 3002 1827 et
3029 1776 3225 1835 aluistis
3248 1799 3268 1838 .'
3298 1786 3561 1858 sitientem,
3579 1784 3636 1850 et
3653 1815 3748 1869 ρο.

2169 1851 2268 1869 οι...-
2302 1845 2499 1869 J-J.‘A.:,
2538 1867 2547 1869 _
2670 1855 2682 1869 ι

2165 1851 2271 1895 tum
2296 1845 2504 1904 dedistis
2529 1867 2549 1905 :
2576 1855 2791 1923 nudum,
2823 1871 2869 1915 et
2899 1881 2977 1918 me
3003 1874 3268 1939 operuistis
3295 1845 3630 1948 (Matth.

2164 1934 2233 1989 36
2251 1933 2304 2007 ):
2337 1939 2634 2014 multasque
2664 1949 2813 2006 dedit
2840 1956 2993 2013 nobis
3016 1933 3252 2022 rationes
3271 1933 3462 2041 quibus
3477 1981 3742 2047 pOSsimus

2163 2036 2405 2084 nostrum
2433 2035 2592 2090 solari
2622 2038 2971 2104 desiderium.

2229 2119 2465 2177 Amorem
2512 2131 2609 2182 tria
2652 2137 2942 2195 conciliant.
2994 2142 3333 2208 Pulchritudo
3383 2156 3497 2212 Dei.
3524 2192 3596 2203 —
3619 2165 3737 2223 Jatn

2157 2223 2287 2266 vero
2314 2214 2446 2270 alias
2475 2234 2687 2294 quoque
2707 2226 2805 2282 tria
2825 2241 3087 2305 suntquae
3107 2253 3344 2299 amorem
3369 2251 3507 2318 apud
3533 2268 3632 2308 nos
3654 2258 3736 2311 el-

2157 2301 2318 2358 licere
2351 2321 2775 2386 consueverunt,
2819 2321 2990 2380 forma
3017 2334 3276 2402 corporis,
3304 2343 3610 2410 magnitudo
3639 2348 3734 2412 be,-

2155 2394 2352 2464 neiicii,
2387 2401 2470 2456 vel
2495 2407 2636 2474 quod
2656 2409 2724 2463 ab
2746 2427 2812 2467 eo
2839 2428 3096 2474 amemur.
3114 2394 3127 2401 ’
3144 2394 3731 2504 Unumquodqueeuiin

2153 2499 2338 2542 eorum
2373 2505 2469 2560 per
2511 2510 2571 2550 se
2619 2509 2796 2567 potest
2841 2504 2894 2558 in
2944 2511 3099 2567 nobis
3146 2530 3382 2575 amorem
3428 2499 3730 2593 procreare.

2150 2577 2263 2634 Etsi
2293 2585 2436 2639 enim
2459 2589 2662 2646 nullum
2689 2593 3003 2657 beneficium
3031 2606 3100 2661 ab
3139 2609 3316 2682 aliquo
3337 2613 3722 2693 acceperimus,

2149 2675 2324 2730 solum
2349 2689 2529 2736 autem
2560 2685 2860 2759 audiamus,
2883 2709 3003 2750 eum
3031 2714 3129 2755 nos
3158 2715 3413 2775 perpetuo
3434 2727 3646 2784 amare,
3674 2728 3730 2774 ut

2146 2770 2235 2836 qui
2264 2787 2363 2826 nos
2389 2774 2567 2832 laudet
2593 2789 2647 2835 et
2670 2782 2984 2855 admiretur,
3009 2793 3058 2846 ei
3088 2770 3367 2855 confestim
3390 2791 3728 2877 conglutina?

2145 2876 2284 2927 mur,
2317 2872 2369 2918 et
2397 2881 2517 2922 eum
2562 2878 2828 2943 tamquam
2877 2880 3270 2945 benefactorem
3314 2872 3628 2966 diligimus:
3672 2905 3724 2961 in

2146 2950 2254 3007 Deo
2282 2965 2458 3012 autem
2491 2976 2596 3017 non
2625 2964 2724 3022 hoc
2747 2970 2940 3040 solum,
2972 2975 3065 3030 sed
3089 2977 3204 3035 inec
3231 2985 3391 3041 etiam
3414 2991 3512 3045 tria
3543 2995 3722 3054 videre

2144 3044 2267 3100 licet
2300 3058 2466 3120 tanta,
2494 3065 2547 3110 et
2570 3067 2678 3112 tam
2719 3062 2942 3134 insignia
2963 3110 2978 3136 ,
3009 3080 3063 3124 ut
3087 3074 3230 3130 nulla
3255 3093 3315 3131 ea
3344 3061 3508 3150 possit
3548 3065 3723 3160 expli-

2139 3153 2262 3193 care
2290 3145 2478 3199 oratio.
2526 3148 2592 3202 Et
2617 3152 2844 3218 primum
2877 3160 3212 3226 pulchritudo
3251 3145 3387 3227 illius
3417 3173 3584 3232 heatze
3605 3145 3633 3247 ,.
3666 3192 3721 3237 et

2137 3231 2204 3285 ab
2232 3234 2443 3292 interitu
2480 3240 2666 3297 alienae
2689 3256 2909 3316 naturae,
2941 3268 3027 3308 res
3050 3264 3133 3310 est
3148 3262 3386 3326 quaedam
3414 3265 3638 3336 inlinita,
3666 3283 3720 3328 et

2136 3327 2278 3382 nulla
2298 3331 2502 3388 ratione
2523 3340 2839 3406 superabilis
2863 3344 2901 3408 ί,
2930 3361 3048 3414 qua:
3078 3347 3289 3408 omnem
3315 3359 3531 3415 excedit
3550 3364 3717 3418 ratio-

2135 3433 2277 3485 nem,
2310 3432 2364 3476 et
2391 3439 2602 3481 omnem
2633 3430 2816 3502 effugit
2851 3439 3243 3506 cogitationem.
3288 3446 3513 3514 Quando
3536 3466 3713 3512 autem

2134 3509 2578 3578 pulchritudinem
2599 3522 2885 3592 audiveris,
2915 3528 3046 3584 nihil
3066 3547 3381 3604 corporeum
3403 3546 3710 3616 suspiceris,

2129 3619 2162 3658 o
2183 3604 2394 3672 dilecte,
2424 3610 2516 3664 sed
2546 3614 2766 3682 gloriam
2788 3622 3072 3688 quamdam
3101 3625 3491 3704 incorpoream,
3521 3647 3574 3694 et
3595 3655 3707 3696 ma-

2125 3700 2484 3770 gniﬁcentiam
2515 3706 2855 3770 ineffabilem.

2195 3794 2249 3848 4.
2296 3794 2445 3853 Hanc
2484 3799 2664 3872 itaque
2702 3804 2980 3864 declarans
3017 3814 3278 3884 pr0pheta
3325 3819 3534 3879 dicebat
3576 3840 3592 3878 :
3641 3825 3707 3890 Et

2125 3883 2396 3955 Seraphim
2438 3892 2636 3948 stabant
2682 3896 2736 3950 in
2775 3899 2987 3955 circuitu
3009 3883 3158 3975 ejus,
3205 3918 3251 3962 et
3286 3910 3480 3970 duabus
3504 3883 3704 3985 quidem

2122 3978 2299 4044 pennis
2319 3979 2510 4036 uultum
2539 3987 2768 4056 tegebant
2789 4030 2806 4056 ,
2855 3993 3050 4050 duabus
3088 4013 3201 4054 vero
3247 4003 3474 4074 tegebant
3513 3978 3666 4078 pedes
3684 4053 3700 4082 ,

2119 4064 2318 4123 duabus
2341 4081 2508 4126 autem
2529 4077 2761 4132 volabant
2780 4091 2829 4135 et
2852 4081 3160 4155 clamabant,
3189 4064 3429 4160 Sanctus,
3454 4064 3697 4168 Stinetus:

2118 4156 2339 4217 Sanctus
2366 4162 2517 4234 (Isai.
2551 4169 2602 4223 6.
2629 4168 2685 4223 9..
2713 4169 2768 4244 5)
2788 4213 2803 4239 ,
2846 4190 2914 4231 ex
2951 4189 3168 4249 stupore
3186 4223 3202 4247 ,
3231 4198 3298 4239 ex
3326 4185 3697 4264 admiratione,

2115 4265 2180 4304 ex
2211 4251 2305 4307 illo
2331 4254 2543 4324 decore,
2575 4275 2641 4316 ex
2661 4263 2846 4333 gloria.
2881 4267 2947 4323 Et
2974 4285 3157 4327 rursus
3186 4273 3350 4331 David
3372 4293 3491 4334 cum
3519 4295 3698 4342 mente

2113 4343 2551 4411 apprehendisset
2593 4349 2732 4409 hanc
2759 4355 2928 4425 ipsam
2958 4359 3126 4417 beatae
3170 4363 3308 4422 illius
3338 4378 3540 4425 natum
3575 4374 3696 4443 pul-

2110 4435 2485 4507 chritudinem,
2507 4452 2561 4498 et
2579 4445 2801 4516 gloriam
2831 4449 3208 4524 obstupuisset,
3237 4459 3447 4517 dicebat
3470 4480 3485 4517 :
3507 4435 3693 4521 Accin-

2109 4543 2224 4597 gere
2254 4529 2427 4600 gladio
2457 4545 2541 4589 tuo
2566 4553 2718 4608 super
2740 4541 2905 4610 femur
2935 4555 3098 4612 tuum,
3140 4552 3501 4623 potentissime,
3530 4559 3693 4627 specie

2110 4629 2196 4673 tua
2231 4631 2278 4673 et
2325 4623 2700 4692 pulchritudine
2726 4640 2813 4686 tua
2858 4633 3027 4706 (Psal.
3059 4639 3146 4693 44.
3192 4641 3246 4695 4.
3276 4642 3355 4715 5).
3399 4623 3690 4725 PrOpt'crca

2106 4709 2280 4767 Moses
2307 4715 2452 4771 illum
2480 4733 2622 4788 saepe
2648 4725 2893 4792 cupiebat
2921 4727 3117 4796 videre,
3149 4729 3251 4788 hoc
3265 4749 3450 4792 amore
3477 4722 3684 4795 saucia?

2106 4809 2208 4870 tus,
2239 4815 2289 4860 et
2321 4809 2460 4863 illam
2487 4827 2670 4866 amans
2693 4817 2913 4884 gloriam
2943 4818 3135 4889 (Exod.
3162 4825 3251 4878 55.
3285 4829 3393 4897 13).
3425 4830 3685 4896 Quocirca

2102 4895 2312 4952 dicebat
2353 4916 2562 4972 quoque
2592 4905 2868 4978 Philippus
2900 4929 2912 4964 :
2949 4912 3168 4969 Ostende
3203 4895 3606 4985 nobis-Patrem,
3639 4937 3686 4978 et

2099 4992 2277 5060 suﬁicit
2319 4995 2459 5049 nobis
2501 4994 2679 5069 (Jaan.
2728 5001 2813 5054 M.
2843 5003 2920 5073 5).
2971 5003 3062 5060 Vel
3107 5009 3285 5077 potius
3332 5027 3683 5086 quascumque

2097 5083 2387 5140 dixerimus
2406 5129 2419 5152 ,
2449 5105 2516 5142 ne
2543 5105 2764 5160 parvum
2789 5096 2999 5163 quidem
3025 5139 3039 5162 ,
3073 5098 3182 5154 imo
3209 5117 3278 5156 ne
3300 5104 3440 5159 exile
3463 5108 3677 5173 quidem

2097 5177 2373 5247 vestigium
2426 5181 2566 5237 illius
2611 5183 2820 5240 decoris
2862 5190 3152 5256 poterimus
3207 5195 3494 5263 explicare.
3570 5198 3678 5256 Sed

2093 5269 2176 5323 vis
2217 5269 2474 5328 beneﬁcia
2517 5279 2945 5334 enumeremus?
2993 5280 3071 5335 Ne
3112 5297 3173 5335 ea
3220 5287 3432 5353 quidem
3477 5294 3676 5359 poterit

2090 5360 2260 5415 oratio
2281 5367 2554 5434 consequi.
2583 5367 2650 5421 Et
2671 5368 2791 5424 ideo
2814 5369 3022 5425 dicebat
3051 5373 3244 5428 Paulus
3269 5393 3282 5429 :
3315 5375 3490 5433 Gratia
3507 5392 3670 5436 autent

2091 5452 2308 5509 Domino
2337 5468 2542 5528 prapter
2569 5460 2758 5515 donum
2784 5465 2894 5535 ejus
2921 5465 3258 5522 inenarrabile
3301 5474 3319 5538 (
3347 5469 3402 5524 2.
3447 5471 3566 5527 Cor.
3611 5476 3663 5530 9.

2089 5548 2199 5619 i5).
2229 5549 2294 5604 Et
2320 5567 2504 5607 rursus
2533 5572 2545 5607 :
2579 5553 2706 5621 Qua:
2721 5559 2894 5612 oculus
2916 5575 3015 5614 non
3040 5561 3182 5628 vidit,
3212 5572 3259 5617 et
3281 5566 3423 5620 auris
3449 5583 3548 5622 non
3576 5587 3667 5623 au-

2145 5711 2280 5787 '__H:e
2301 5725 2475 5787 voces,
2499 5721 2545 5787 et
2572 5715 2705 5768 nulla
2740 5722 2920 5773 ratione
2950 5720 3236 5784 superabilis
3254 5759 3269 5787 ,
3293 5725 3470 5779 desunt
3494 5730 3544 5779 in
3569 5744 3663 5782 uno

2080 5773 2254 5826 Codice
2272 5777 2396 5838 apud
2419 5777 2558 5827 savii.
