4140 6356
368 413 476 469 159

431 533 502 596 γ’.
529 523 744 592 Ἔξεστι
781 523 876 578 καὶ
911 523 1080 594 χωρὶς
1109 522 1290 591 φωνῆς
1313 519 1557 590 ψάλλειν,
1581 521 1679 592 τῆς
1711 520 1949 584 διανοίας

361 617 507 671 ἔνδον
536 614 793 685 ἡκούσης.
838 614 913 666 Οὐ
965 613 1075 682 γὰρ
1116 611 1423 684 ἀνθρώποις
1474 612 1770 681 ψαλλόμεν,
1815 611 1949 665 ἀλλὰ

363 705 484 774 Θεῷ
510 701 587 773 τῷ
623 701 904 771 δυναμένῳ
930 701 1024 755 καὶ
1056 699 1279 771 καρδίας
1320 699 1568 762 ἀκοῦσαι,
1599 699 1692 753 καὶ
1746 701 1826 761 εἰς
1877 699 1946 752 τὰ

364 790 652 860 ἀπόρρητα
678 789 774 857 τῆς
813 788 1050 850 διανοίας
1103 787 1263 857 ἡμῶν
1318 786 1596 842 εἰσελθεῖν.
1628 789 1738 840 Kal
1773 787 1948 841 ταῦτα

363 877 572 940 Παῦλος
603 875 1008 946 ἐνδεικνύμενος
1029 875 1147 945 βοᾷ,
1177 874 1370 942 λέγων·
1403 878 1560 929 Αὐτὸ
1598 875 1665 928 τὸ
1707 875 1948 944 Πνεῦμα

360 966 712 1035 ἐντυγχάνει
749 963 901 1030 ὑπὲρ
920 963 1090 1032 ἡμῶν
1119 965 1474 1032 στεναγμοῖς
1504 962 1846 1029 ἀλαλήτοις.
1885 965 1947 1017 '0

362 1051 432 1105 δὲ
462 1051 722 1122 ἐρευνῶν
755 1051 862 1115 τὰς
887 1049 1155 1118 καρδίας,
1197 1047 1320 1105 εἶδε
1343 1052 1400 1104 τί
1427 1051 1494 1105 τὸ
1522 1051 1796 1120 φρόνημα
1840 1051 1948 1106 τοῦ

361 1141 726 1208 Πνεύματος,
749 1139 836 1191 ὅτι
853 1139 1002 1193 κατὰ
1023 1138 1170 1193 Θεὸν
1193 1138 1541 1207 ἐντυγχάνει
1568 1140 1721 1206 ὑπὲρ
1743 1140 1945 1210 ἁγίων.

364 1225 535 1278 Τοῦτο
570 1225 626 1277 δὲ
649 1224 856 1293 ἔλεγεν,
912 1225 1011 1278 οὐκ
1052 1225 1238 1297 ἐπειδὴ
1296 1227 1361 1279 τὸ
1389 1226 1612 1296 Πνεῦμα
1639 1227 1945 1291 ἐστέναξεν,

363 1312 480 1364 ἀλλ’
507 1311 691 1381 ἐπειδὴ
720 1313 769 1364 οί
805 1314 1168 1381 πνευματικοὶ
1195 1313 1406 1383 ἄνδρες,
1461 1315 1510 1369 οί
1538 1314 1608 1368 τά
1635 1316 1946 1386 χαρίσματα

363 1397 458 1452 τοῦ
490 1398 801 1468 Πνεύματος
831 1397 1066 1469 ἔχοντες,
1099 1400 1240 1472 ὑπὲρ
1266 1401 1372 1454 τῶν
1397 1400 1622 1472 πλησίον
1643 1403 1946 1473 εὐχόμενοι,

364 1487 459 1539 καὶ
487 1486 584 1548 τὰς
614 1485 894 1555 ἱκετηρίας
919 1486 1300 1558 ἀναφέροντες,
1335 1488 1472 1557 μετά
1490 1487 1834 1553 κατανύξεως
1855 1492 1949 1542 καὶ

365 1575 686 1647 στεναγμῶν
720 1575 880 1630 τοῦτο
908 1577 1140 1631 ἐποίουν.
1182 1576 1350 1631 Τοῦτο
1379 1577 1472 1631 καὶ⁸
1497 1580 1659 1648 ἡμεῖς
1682 1579 1944 1649 ποιῶμεν,

363 1664 461 1718 καὶ
484 1663 606 1718 καθ’
638 1663 878 1735 ἐκάστην
919 1662 1132 1735 ἡμέραν
1165 1664 1580 1735 ἐντυγχάνωμεν
1606 1665 1686 1736 τῷ
1712 1665 1830 1736 Θεῷ
1858 1667 1948 1720 διά

362 1769 425 1805 τε
448 1751 678 1822 ψαλμῶν
705 1752 801 1806 καὶ
822 1752 1014 1822 εὐχῶν.
1053 1753 1169 1807 Ἵνα
1199 1753 1257 1807 δὲ
1299 1753 1374 1824 μὴ
1401 1754 1469 1807 τὰ
1524 1755 1743 1825 ῥήματα
1788 1756 1948 1825 μόνον

365 1837 782 1910 προσφέρωμεν,
814 1838 950 1892 ἀλλά
981 1839 1081 1910 τὴν
1109 1839 1336 1909 δύναμιν
1364 1841 1535 1911 αὐτὴν
1563 1840 1790 1910 εἰδῶμεν
1838 1841 1947 1895 τῶν

369 1926 602 1996 ῥήσεων,
621 1927 775 1997 φέρε,
797 1926 860 1980 τὸ
893 1927 1180 1998 προοίμιον
1217 1927 1350 1981 αὐτὸ
1377 1927 1472 1982 τοῦ
1502 1927 1718 1998 ψαλμοῦ
1750 1929 1828 1991 είς
1852 1928 1946 1999 μέ-

367 2028 459 2063 σον
485 2011 801 2080 ἀγάγωμεν.
825 2013 890 2065 Τί
911 2009 1004 2067 οὗν
1025 2015 1138 2067 ἐστι
1161 2012 1223 2068 τὸ
1245 2015 1556 2086 προοίμιονς
1593 2014 1706 2068 Ὃν
1727 2015 1949 2082 τρόπον

363 2099 639 2154 ἐπιποθεῖ
653 2099 691 2167 ἡ
708 2100 932 2170 ἔλαφος
956 2101 1055 2153 ἐπὶ
1087 2099 1195 2167 τὰς
1227 2115 1309 2168 πη
1318 2101 1424 2172 νὰς
1438 2100 1556 2154 τῶν
1577 2101 1831 2165 ὑδάτων,
1848 2102 1948 2156 οὔ·

363 2202 479 2249 τως
492 2185 761 2240 ἐπιποθεῖ
775 2187 812 2254 ἡ
834 2185 1003 2254 ψυχή
1026 2204 1146 2256 μου
1172 2173 1321 2255 πρὸς
1337 2188 1432 2253 σὲ,
1451 2192 1483 2242 ό
1511 2189 1676 2254 Θεός.
1697 2189 1947 2242 Τοιοῦτον

364 2272 473 2324 τῶν
512 2272 756 2343 ἐρώντων
782 2271 842 2326 τὸ
876 2272 1013 2339 ἔθος,
1043 2273 1117 2344 μὴ
1147 2275 1398 2344 κατέχειν
1449 2278 1573 2346 σιγῇ
1623 2276 1716 2329 τὸν
1747 2275 1944 2347 ἔρωτα,

366 2359 480 2412 ἀλλ’
499 2361 578 2424 είς
597 2361 723 2424 τούς
749 2360 971 2432 πλησίον
994 2361 1268 2432 ἐκφέρειν,
1289 2363 1384 2415 καὶ
1409 2362 1585 2430 λέγειν
1609 2363 1690 2416 ὅτι
1711 2362 1947 2432 φιλοῦσι.

366 2446 578 2518 Θερμὸν
620 2447 727 2518 γάρ
771 2466 824 2501 τι
872 2449 1104 2518 πρᾶγμα
1133 2449 1231 2518 τῆς
1283 2449 1501 2520 ἀγάπης
1541 2450 1573 2520 ή
1619 2449 1801 2520 φύσις,
1855 2452 1950 2504 καὶ

368 2537 493 2604 σιγῇ
546 2534 757 2602 στέγειν
810 2534 978 2605 αὐτὴν
1034 2535 1132 2588 οὐκ
1185 2535 1250 2589 ἂν
1288 2536 1532 2606 ἀνέχοιτο
1573 2537 1606 2606 ή
1649 2537 1814 2606 ψυχή.
1851 2537 1949 2591 Διὰ

365 2622 524 2676 τοῦτο
551 2624 643 2676 καὶ
678 2623 886 2686 Παῦλος
922 2623 1074 2693 ἔλεγε
1104 2623 1406 2694 Κορινθίοις
1442 2623 1631 2693 φιλῶνο
1667 2625 1736 2678 Τὸ
1757 2626 1950 2694 στόμα

367 2709 537 2779 ἡμῶν
553 2709 776 2778 ἀνέῳγε
805 2709 953 2778 πρὸς
983 2708 1155 2778 ὑμᾶς,
1183 2707 1510 2778 Κορίνθιοι·
1528 2710 1794 2776 τουτέστι,
1819 2711 1948 2762 Στέ-

367 2814 485 2865 γειν
515 2800 610 2851 καὶ
641 2800 763 2868 σιγῇ
796 2798 1042 2867 κατέχειν
1069 2797 1168 2869 τὴν
1195 2799 1411 2872 ἀγάπην
1441 2798 1502 2852 οὐ
1535 2799 1786 2869 δύναμαι,
1816 2798 1950 2852 ἀλλὰ

368 2886 458 2939 διὰ
499 2885 696 2948 παντὸς
734 2887 897 2954 ὑμᾶς,
947 2885 1040 2938 καὶ
1091 2885 1386 2956 πανταχοῦ,
1431 2886 1527 2940 καὶ
1571 2886 1664 2939 ἐπὶ
1695 2887 1795 2957 τῆς
1831 2888 1950 2940 δια-

367 2973 536 3035 νοίας,
573 2974 666 3026 καὶ
703 2974 795 3025 ἐπὶ
831 2973 932 3044 τῆς
977 2972 1222 3044 γλώττης
1267 2973 1568 3046 περιφέρω.
1605 2974 1761 3027 Οὕτω
1805 2975 1898 3028 καὶ
1923 2975 1951 3027 ὀ

373 3061 640 3133 μακάριος
664 3053 818 3124 οὗτος
856 3060 1023 3131 φιλῶν
1051 3061 1142 3114 τὸν
1169 3060 1320 3126 Θεὸν,
1351 3062 1444 3114 καὶ
1473 3062 1758 3133 καιόμενος
1790 3063 1848 3114 ἐν
1872 3061 1950 3131 τῷ

370 3149 564 3218 φιλεῖν,
621 3149 722 3201 οὐκ
758 3148 1006 3218 ἀνέχεται
1042 3149 1216 3219 σιγᾷν,
1277 3147 1412 3201 ἀλλά
1439 3150 1567 3202 ποτὲ
1617 3150 1717 3220 μέν
1764 3164 1945 3220 φησιν·

374 3236 484 3289 Ὃν
514 3235 736 3303 τρόπον
764 3233 1089 3303 ἐπιποθεῖὴ
1120 3236 1343 3304 ἔλαφος
1365 3235 1464 3289 ἐπὶ
1484 3235 1590 3301 τὰς
1611 3236 1806 3306 πηγὰς
1833 3236 1954 3292 τῶν

369 3324 624 3388 ὑδάτων,
647 3324 833 3390 οὕτως
855 3324 1128 3378 ἐπιποθεῖ
1157 3327 1195 3394 ἠ
1236 3324 1406 3395 ψυχή
1433 3345 1553 3397 μου
1607 3328 1757 3396 πρὸς
1786 3329 1881 3388 σὲ.
1919 3334 1951 3386 ό

374 3410 534 3474 Θεός·
550 3408 679 3462 ποτέ
701 3409 778 3461 δέ’
797 3409 848 3460 Ὀ
873 3409 1038 3476 Θεὸς,
1059 3412 1092 3462 ό
1122 3411 1264 3476 Θεός
1273 3428 1413 3480 μου,
1436 3411 1583 3480 πρὸς
1604 3412 1679 3466 σὲ
1695 3413 1948 3483 ὀρθρίζω.

382 3497 674 3567 Ἐδίψ-ησέ
701 3514 774 3551 σε
795 3499 834 3566 ἡ
864 3497 1033 3567 ψυχή
1067 3516 1209 3568 μου,
1242 3501 1322 3566 ὡς
1350 3498 1424 3568 τνῆ
1464 3501 1680 3567 ἄϐατος
1713 3502 1811 3556 καί
1850 3503 1952 3556 ἄν-

370 3585 552 3653 υδρος
573 3586 672 3639 καὶ
703 3585 922 3655 ἕρημος
948 3597 995 3638 ι.
1025 3585 1180 3640 Οῦτω
1209 3587 1317 3658 γὰρ
1344 3588 1530 3659 ἕτερος
1558 3589 1664 3643 τῶν
1689 3591 1951 3662 ἑρμηνευ-

369 3673 479 3726 τῶν
511 3670 679 3728 εἶπεν.
722 3673 936 3744 Ἐπειδὴ
981 3673 1089 3744 γὰρ
1113 3673 1254 3745 λόγῳ
1279 3675 1627 3747 παραστῆσαι
1655 3675 1748 3731 τὸν
1774 3677 1951 3748 ἔρωτα

369 3763 471 3816 οὐκ
494 3761 683 3833 ἰσχύει,
735 3761 1081 3833 περιέρχεται
1134 3762 1308 3834 ζητῶν
1347 3764 1667 3836 ὑπόδειγμα,
1726 3765 1812 3819 ίνα
1848 3766 1950 3820 κᾶν

371 3849 512 3904 οὕτω
569 3849 629 3903 τὸ
678 3849 897 3919 φίλτρον
941 3852 1072 3918 ἡμῖν
1127 3849 1462 3920 ἐνδείξηται,
1512 3853 1604 3905 καὶ
1663 3855 1951 3918 κοινωνοὺς

375 3941 574 4010 ποιήσῃ
601 3939 696 3993 τοῦ
719 3940 938 4010 ἔρωτος.
976 3937 1298 4011 Πειθώμεθα
1323 3941 1504 3994 τοίνυν
1530 3941 1699 4014 αὐτῷ,
1721 3943 1816 3996 καὶ
1848 3943 1950 4016 μά-

375 4026 557 4097 θωμεν
585 4026 754 4091 οὕτως
789 4028 940 4098 ἐρᾷν.

443 4114 554 4166 Kal
585 4118 658 4185 μή
697 4131 785 4184 μοι
814 4113 1018 4182 λεγέτω
1044 4151 1046 4153 ›
1072 4131 1174 4178 τιςο
1202 4116 1313 4168 Kal
1360 4115 1478 4180 πῶς
1521 4115 1753 4189 δύναμαι
1779 4117 1951 4186 φιλεῖν

369 4202 463 4280 τὸν
491 4203 622 4256 Θεὸν
649 4202 706 4256 ὃν
738 4203 798 4256 οὐ
842 4203 1060 4273 βλέπως
1102 4206 1212 4258 Kal
1239 4205 1349 4276 γὰρ
1381 4206 1608 4270 πολλοὺς
1651 4207 1748 4277 οὐχ
1777 4207 1948 4277 ὀρῶν-

369 4307 464 4353 ·τες
522 4290 800 4360 φιλοῦμεν,
847 4286 958 4343 οἷον
1001 4292 1127 4354 τοὺς
1174 4294 1232 4344 ἐν
1265 4293 1542 4365 ἀποδημίᾳ
1577 4293 1761 4362 φίλους
1795 4294 1952 4356 ὄντας

371 4379 526 4449 ἡμῖν,
548 4378 581 4449 ἢ
605 4378 795 4442 παῖδας
819 4378 911 4430 καὶ
931 4379 1188 4450 πατέρας,
1212 4378 1245 4450 ἢ
1278 4383 1555 4449 συγγενεῖς
1577 4381 1669 4434 καὶ
1696 4381 1948 4445 οἰκείους·

374 4465 467 4519 καὶ
495 4465 646 4518 οὐδὲν
674 4465 882 4532 γίνεται
897 4464 1125 4536 κώλυμα
1153 4467 1217 4520 ἐκ
1243 4465 1334 4519 τοῦ
1366 4465 1442 4538 μὴ
1466 4469 1617 4538 ὁρᾷν,
1666 4467 1780 4520 ἀλλ’
1819 4470 1951 4524 αὐτὸ

370 4554 436 4623 δὴ
465 4553 620 4606 τοῦτο
641 4552 872 4622 μάλιστα
900 4551 1182 4606 ἐκκαίειτὸ
1211 4552 1449 4624 φίλτρον,
1473 4553 1624 4619 αὔξει
1652 4554 1744 4609 τὸν
1765 4556 1946 4611 πόθον.

373 4641 474 4693 Διά
487 4639 643 4693 τοῦτο
675 4640 769 4693 καὶ
799 4641 928 4711 περὶ
947 4641 1222 4704 Μωῦσέως
1253 4642 1424 4710 λέγων
1443 4644 1470 4696 ὁ
1490 4642 1718 4708 Παῦλος,
1746 4644 1827 4697 ὅτι
1853 4662 1952 4698 κα-

370 4727 614 4781 ταλιπὼν
636 4728 960 4798 θησαυροὺς,
979 4731 1072 4782 καὶ
1101 4728 1346 4794 πλοῦτον,
1377 4730 1471 4784 καὶ
1496 4730 1766 4801 βασιλείας
1795 4749 1952 4803 περι-

372 4817 618 4883 φάνειαν,
646 4815 742 4868 καὶ
793 4817 891 4886 τὴν
920 4815 1084 4886 ἀλλην
1132 4817 1347 4871 ἃπασαν
1379 4816 1735 4889 λαμπρότητα
1764 4819 1860 4891 τὴν
1894 4823 1952 4874 ὲν

371 4903 650 4975 Αἰγύπτῳ,
682 4903 855 4957 είλετο
896 4904 1031 4974 μετά
1059 4904 1166 4958 τῶν
1223 4905 1489 4959 Ἰουδαίων
1539 4907 1944 4978 κακουχεῖσθαι’

373 4989 494 5047 εἶτα
529 4993 624 5063 τὴν
656 4993 832 5046 αἰτίαν
858 4995 1003 5063 ἡμᾶς
1044 4993 1324 5059 διδάσκων,
1377 4995 1458 5047 ὅτι
1484 4993 1547 5065 δὴ
1568 4994 1738 5047 ταῦτα
1773 4996 1949 5049 πάντα

373 5082 545 5135 ἐποίει
567 5081 652 5134 διὰ
676 5081 766 5135 τὸν
796 5081 951 5146 Θεὸν,
998 5082 1323 5154 προσέθηκε·
1378 5084 1488 5136 Τὸν
1533 5083 1644 5152 γὰρ
1695 5085 1951 5152 ἀόρατον

373 5169 455 5234 ὡς
484 5167 635 5236 δρῶν
678 5167 994 5238 ἐκαρτέρει.
1033 5169 1142 5238 Οὐχ
1173 5171 1304 5240 ὁρᾷς
1334 5170 1428 5222 τὸν
1474 5170 1624 5232 Θεὸν,
1655 5170 1769 5224 ἀλλ’
1799 5171 1948 5244 [155]

373 5259 505 5327 ὁρᾷς
537 5257 605 5310 τὰ
621 5257 1092 5328 δημιουργήματα,
1127 5259 1257 5330 ὁρᾷς
1291 5257 1454 5311 αὐτοῦ
1480 5260 1548 5312 τὰ
1585 5259 1741 5329 ἔργα,
1787 5261 1949 5332 οὐρα-

373 5346 484 5408 νὸν,
511 5345 604 5398 καὶ
629 5345 756 5415 γῆν,
784 5345 879 5398 καὶ
913 5343 1195 5398 θάλατταν.
1244 5347 1302 5399 '0
1341 5346 1395 5400 δὲ
1421 5345 1610 5414 φιλῶν,
1641 5346 1742 5401 κᾶν
1789 5347 1947 5420 ἔργον

375 5433 459 5504 ἴδῃ
486 5432 581 5486 τοῦ
614 5433 954 5504 φιλουμένου,
983 5433 1086 5486 κᾶν
1113 5433 1381 5504 ὑπόδημα,
1429 5435 1532 5487 κᾶν
1553 5434 1786 5504 ἱμάτιον,
1842 5435 1947 5489 κᾶν

371 5520 549 5572 ὁτιοῦν
575 5520 779 5591 ἕτερον,
818 5519 1272 5592 διαθερμαίνεται.
1317 5522 1428 5591 Οὐχ
1472 5522 1603 5592 ὁρᾷς
1649 5521 1739 5575 τὸν
1794 5521 1944 5585 Θεὸν,

374 5607 488 5661 ἀλλ’
513 5610 644 5680 ὁρᾷς
667 5609 830 5663 αὐτοῦ
849 5610 972 5673 τούς
997 5609 1230 5673 οἰκέτας,
1246 5610 1370 5673 τούς
1388 5609 1594 5678 φίλους,
1616 5611 1741 5674 τοὺς
1763 5611 1948 5680 ἁγίους

373 5783 462 5906 ιε·
502 5783 584 5894 ‘0‘:
608 5790 665 5843 γῆ
691 5784 923 5840 ἄϐατος...
975 5785 1163 5846 ἔρημος.
1211 5783 1329 5843 Quis
1352 5782 1604 5844 interpres
1629 5784 1693 5834 ila
1736 5787 1944 5833 verterit

429 5857 540 5892 μοι-ε
569 5859 637 5893 ur.

429 5857 637 5893 noralur.

1492 401 1862 461 EXPOSITIO
1903 401 1968 458 IN
2004 401 2338 458 PSALMUM
2386 401 2525 457 XLI.

3525 399 3634 456 ιοο

2051 519 2248 590 ἄνδρας
2301 521 2447 590 λέγω
2500 520 2595 574 καὶ
2645 519 2955 592 παρορησίαν
2992 519 3232 590 ἔχοντας.
3285 519 3634 591 Θεράπευσον

2049 610 2290 672 ἐκείνους
2305 609 2427 684 νῦν,
2456 610 2551 663 καὶ
2591 607 2733 672 ἕξεις
2753 609 2846 662 τοῦ
2875 608 3040 663 πόθου
3074 607 3426 680 παραμυθίαν
3449 607 3510 661 οὐ
3533 609 3634 680 τὴν

2047 697 2338 767 τυχοῦσαν.
2368 697 2478 750 Kal
2527 695 2636 767 γὰρ
2666 697 2753 750 ἐπ’
2786 694 3106 768 ἀνθρώπων.
3134 696 3254 767 οὐχὶ
3296 697 3421 758 τοὺς
3449 695 3633 764 φίλους

2050 785 2206 856 ήμῶν
2237 784 2415 855 μόνον,
2447 783 2581 838 ἀλλά
2607 784 2701 838 καί
2733 784 2858 847 τοὺς
2883 783 2973 837 ὐπ’
3026 783 3248 836 ἐκείνων
3282 783 3634 852 φιλουμένους

2051 871 2224 941 φιλεῖν
2246 872 2532 943 εἰώθαμεν.
2584 871 2703 925 Κᾶν
2753 873 2878 942 εἴπῃ
2905 888 2988 935 τις
3039 871 3146 924 τῶν
3185 871 3472 942 ἐρωμένων
3525 871 3636 926 τῶν

2049 959 2349 1031 ἡμετέρων,
2380 960 2578 1015 ὅτιΤὸν
2607 958 2753 1011 δεῖνα
2784 957 2940 1026 φιλῶ,
3002 957 3105 1010 κᾶν
3133 957 3336 1020 ἐκεῖνός
3382 973 3434 1009 τι
3487 955 3633 1029 πάθῃ

2047 1046 2304 1116 χρηστὸν,
2367 1047 2476 1113 ἐγὼ
2527 1045 2626 1114 τῆς
2686 1045 3004 1116 εὐεργεσίας
3060 1043 3352 1098 ἀπολαύειν
3407 1043 3631 1114 νομίζω·

2049 1135 2224 1188 πάντα
2251 1133 2510 1204 ποιοῦμεν
2551 1133 2643 1186 καὶ
2701 1131 3222 1204 πραγματευόμεθα,
3258 1130 3446 1200 ῶσπερ
3473 1131 3635 1186 αὐτὸν

2046 1222 2137 1274 τὸν
2173 1221 2445 1292 ἐρώμενον
2470 1221 2722 1292 ὁρῶντες,
2749 1221 2888 1274 οὕτω
2920 1222 3100 1273 πᾶσαν
3134 1221 3261 1290 περὶ
3291 1220 3494 1272 ἐκεῖνον
3511 1224 3634 1273 ἐπι-

2046 1307 2320 1372 δείξασθαι
2358 1309 2612 1380 σπουδήν.
2670 1308 2886 1381 Ἔξεστι
2942 1307 3214 1360 τοῦτοκαὶ
3247 1305 3338 1359 ἐπὶ
3381 1305 3474 1359 τοῦ
3500 1308 3635 1376 Χρι-

2050 1394 2176 1446 στοῦ
2207 1395 2549 1466 κατορθῶσαι
2573 1393 2689 1448 νῦν.
2719 1391 2909 1456 Εἶπεν,
2938 1395 3015 1447 ὅτι
3044 1396 3181 1457 Τοὺς
3205 1393 3446 1463 πένητας
3472 1394 3633 1463 φιλῶν

2047 1484 2149 1537 κᾶν
2182 1479 2324 1538 οὗτοί
2350 1502 2400 1537 τι
2428 1484 2672 1538 πάθωσιν
2689 1484 2909 1553 ἀγαθὸν,
2940 1483 3013 1546 ὡς
3041 1483 3201 1547 αὐτὸς
3229 1483 3632 1548 ἀπολελαυκὼς,

2047 1570 2218 1634 οὕτως
2269 1571 2570 1642 ἀποδίδωμι
2627 1571 2728 1642 τὴν
2775 1571 3032 1642 ἀμοιϐήν.
3090 1570 3276 1624 Πάντα
3323 1573 3636 1642 ποιήσωμεν

2048 1657 2189 1729 ὑπὲρ
2211 1659 2308 1730 τῆς
2342 1659 2420 1722 είς
2448 1659 2646 1721 αὐτοὺς
2693 1657 3006 1728 θεραπείας·
3052 1658 3254 1729 μᾶλλον
3288 1658 3344 1711 δέ
3365 1659 3542 1714 πάντα
3569 1660 3636 1714 τά

2047 1746 2175 1798 ὅντα
2205 1744 2531 1816 κενώσωμεν
2565 1746 2644 1808 είς
2681 1745 2899 1808 αὐτοὺς,
2934 1745 3279 1811 πιστεύοντες
3305 1746 3394 1801 διά
3430 1745 3636 1800 τούτων

2046 1830 2135 1884 τὸν
2163 1831 2295 1886 Θεὸν
2315 1832 2553 1902 τρέφειν.
2591 1832 2714 1885 Ὀτι
2742 1831 2854 1902 γὰρ
2899 1833 3062 1896 αὐτὸς
3115 1833 3375 1906 τρέφεται
3427 1833 3635 1888 τούτων

2045 1919 2413 1991 τρεφομένων,
2431 1921 2660 1975 ἄκουσον
2680 1921 2773 1975 τοῦ
2796 1920 3034 1993 Χριστοῦ
3063 1921 3115 1975 τί
3147 1937 3302 1994 φησι’
3331 1920 3636 1977 Πεινῶντά

2041 2025 2118 2076 με
2143 2008 2251 2078 γὰρ
2274 2008 2482 2074 εἰδετε,
2537 2009 2693 2078 φησὶ,
2726 2010 2824 2062 καὶ
2852 2009 3160 2078 ἐθρέψατε·
3189 2009 3479 2080 διψῶντα,
3533 2010 3632 2064 καί

2045 2095 2382 2148 ἐποτίσατε·
2438 2095 2688 2165 γυμνὸν,
2719 2096 2815 2149 καὶ
2869 2097 3266 2164 περιεϐάλετεο
3308 2099 3405 2152 καὶ
3433 2097 3635 2162 πολλὰς

2047 2183 2177 2253 ἡμῖν
2205 2182 2404 2237 ἔδωκεν
2436 2183 2691 2255 ἀφορμὰς
2719 2183 2813 2237 τοῦ
2850 2185 3294 2256 παραμυθεῖσθαι
3346 2187 3438 2241 τὸν
3470 2187 3633 2241 πόθον

2047 2271 2136 2325 τὸν
2166 2271 2454 2342 ἡμέτερον.

2122 2359 2330 2424 ’Δλλως
2375 2359 2432 2413 δὲ
2478 2359 2570 2414 τὸν
2602 2359 2781 2431 ἔρωτα
2825 2361 2917 2414 τὸν
2959 2362 3088 2432 παρ’
3121 2365 3254 2434 ἡμῖν
3294 2363 3420 2434 τρία
3459 2362 3635 2417 ταῦτα

2047 2451 2216 2503 ποιεῖν
2279 2448 2501 2515 εἴωθεν,
2567 2450 2599 2520 ἢ
2663 2449 2936 2519 εὐμορφία
2986 2449 3269 2519 σώματος,
3323 2451 3357 2520 ἢ
3412 2451 3633 2522 εὐεργε-

2051 2537 2172 2601 σίας
2226 2538 2484 2608 μέγεθος,
2532 2538 2564 2609 ἢ
2607 2539 2667 2593 τὸ
2715 2541 2982 2609 φιλεῖσθαι
3022 2543 3151 2612 παρ’
3187 2540 3376 2595 αὐτοῦ.
3415 2541 3635 2596 Τούτων

2048 2623 2155 2695 γὰρ
2224 2625 2452 2678 ἕκαστον
2504 2627 2635 2679 αὐτὸ
2695 2627 2813 2680 καθ’
2883 2629 3042 2682 ἑαυτὸ
3099 2628 3318 2682 δύναται
3382 2629 3632 2698 ἐμποιεῖν

2051 2711 2270 2782 φίλτρον
2296 2713 2446 2783 ἡμῖν.
2476 2714 2590 2767 Κᾶν
2608 2713 2713 2784 γάρ
2741 2713 2904 2785 μηδὲν
2934 2710 3082 2784 ὦμεν
3111 2711 3170 2770 εὖ
3199 2715 3462 2780 παθόντες
3484 2715 3635 2780 παρά

2048 2817 2210 2863 τινος,
2244 2801 2527 2872 ἀκούωμεν
2547 2801 2624 2863 δὲ,
2647 2803 2726 2856 ὅτι
2756 2801 2924 2871 φιλῶν
2945 2805 3090 2874 ἡμᾶς
3116 2804 3366 2866 διατελεῖ,
3395 2805 3634 2858 ἐπαινῶν

2048 2888 2219 2957 ἡμᾶς.
2255 2888 2348 2940 καὶ
2395 2888 2686 2957 θαυμάζων
2708 2929 2723 2954 ,
2763 2889 2962 2952 εὐθέως
2989 2889 3138 2958 αὐτῷ
3188 2888 3630 2960 συγκολλώμεθα,

2051 2975 2144 3028 καὶ
2178 2975 2477 3046 στέργομεν
2511 2977 2584 3039 ὡς
2617 2976 2928 3047 εὐεργέτην·
2979 2976 3071 3029 ἐπὶ
3116 2977 3211 3029 τοῦ
3264 2976 3396 3030 Θεοῦ
3429 2976 3484 3028 δὲ
3513 2977 3633 3046 οὐχὶ

2050 3063 2221 3118 ταῦτα
2251 3064 2428 3134 μόνον,
2452 3064 2587 3117 ἀλλὰ
2621 3065 2714 3118 καὶ
2733 3065 2801 3117 τὰ
2829 3065 2952 3136 τρία
2981 3065 3152 3117 ταῦτα
3175 3065 3321 3118 ἐστιν
3354 3065 3481 3119 ἰδεῖν
3513 3066 3631 3136 μεθ’

2051 3151 2359 3222 ὑπερϐολῆς
2385 3152 2687 3220 τοσαύτης,
2742 3152 2874 3224 ὅσην
2924 3151 3044 3205 οὐδέ
3088 3151 3243 3220 λόγος
3288 3152 3636 3224 παραστῆσαι

2050 3239 2352 3309 δυνήσεται.
2401 3239 2510 3292 Kal
2548 3238 2801 3309 πρῶτον,
2851 3239 2912 3292 τὸ
2962 3239 3156 3302 κάλλος
3202 3239 3301 3310 τῆς
3359 3239 3634 3310 μακαρίας

2052 3327 2266 3396 ἐκείνης
2293 3326 2386 3378 καὶ
2435 3327 2712 3398 ἀκηράτου
2767 3325 3001 3394 φύσεως,
3038 3325 3118 3379 ὅτι
3156 3327 3433 3397 ἀμήχανον
3492 3327 3635 3381 οὕτω

2053 3414 2170 3476 πώς
2192 3414 2306 3466 ἐστι
2329 3415 2423 3466 καὶ
2450 3413 2660 3484 ἄμαχον
2683 3414 2733 3474 ιι,
2767 3415 2860 3468 καὶ
2890 3415 3066 3468 πάντα
3101 3415 3426 3487 ὑπερδαῖνον
3453 3415 3631 3484 λόγον,

2051 3501 2147 3553 καὶ
2177 3501 2354 3554 πᾶσαν
2393 3500 2660 3569 ἐκφεῦγον
2691 3502 2948 3556 διάνοιαν.
2993 3502 3202 3566 Κάλλος
3230 3503 3288 3556 δὲ
3317 3505 3444 3557 ὅταν
3469 3502 3634 3557 ἀκού-

2055 3603 2172 3661 σῃς,
2220 3588 2384 3659 μηδὲν
2418 3588 2729 3658 σωματικὸν
2773 3589 3143 3663 ὑποπτεύσῃς.
3194 3589 3466 3662 ἀγαπητὲ,
3496 3590 3633 3644 ἀλλά

2051 3674 2342 3746 ἀσώματόν
2391 3693 2512 3728 τινα
2563 3676 2721 3740 δόξαν
2776 3678 2870 3731 καὶ
2934 3677 3406 3750 μεγαλοπρέπειαν
3455 3679 3633 3750 ἄφρα-

2054 3780 2198 3816 στον.

2121 3852 2181 3906 δ’.
2197 3851 2412 3923 Ταύτην
2434 3847 2525 3907 οῦν
2546 3853 2576 3906 ό
2602 3854 2892 3926 προφήτης
2913 3855 3185 3923 ἐκφαίνων
3214 3854 3387 3922 ελεγεο
3416 3855 3529 3909 Καὶ
3557 3857 3632 3911 τὰ

2052 3942 2346 4011 Σεραερείμ
2361 3941 2750 4007 είστήκεισαν
2779 3945 2984 4010 κύκλῳ
3009 3943 3215 4008 αὐτοῦ,
3251 3944 3350 3997 καὶ
3377 3943 3502 4009 ταῖς
3519 3945 3633 4013 μὲν

2051 4028 2193 4081 δυσί
2220 4028 2468 4098 πτέρυξι
2485 4028 2940 4084 κατεκάλυπτον
2953 4031 3020 4082 τὸ
3045 4030 3390 4097 πρόσωπον,
3418 4029 3630 4096 ταῖς-δὲ

2051 4115 2193 4170 δυσί
2210 4115 2661 4171 κατεκάλυπτον
2671 4116 2814 4183 τοὺς
2829 4116 3040 4182 πόδας,
3061 4115 3191 4182 ταῖς
3205 4114 3274 4169 δὲ
3287 4115 3470 4170 δυσίν
3482 4117 3623 4172 ἐπέ-

2052 4219 2244 4266 τοντο,
2275 4202 2372 4258 καί
2399 4202 2643 4270 ἔκραζον
2663 4217 2708 4268 ο,
2740 4204 2954 4274 Ἄγιος,
2977 4203 3164 4274 ἅγιος,
3193 4203 3378 4274 ἅγιος,
3399 4204 3510 4258 ἀπὸ
3523 4205 3627 4275 τῆς

2052 4289 2385 4360 ἐκπλήξεως,
2416 4290 2523 4343 ἀπὸ
2547 4289 2640 4343 τοῦ
2671 4289 2966 4361 θαύματος,
2996 4291 3103 4344 ἀπὸ
3150 4290 3251 4361 τῆς
3294 4292 3630 4362 εὐπρεπείας

2053 4375 2286 4448 ἐκείνης,
2346 4377 2454 4430 ἀπὸ
2482 4377 2580 4448 τῆς
2637 4377 2814 4448 δόξης.
2851 4377 2959 4431 Καὶ
2999 4377 3162 4431 πάλιν
3191 4380 3220 4430 ὸ
3259 4377 3422 4432 Δαυῒδ
3460 4395 3629 4433 κατα-

2052 4467 2250 4536 νοήσας
2282 4465 2413 4519 αὐτὸ
2443 4467 2602 4519 τοῦτο
2633 4465 2694 4518 τὸ
2734 4465 2948 4530 κάλλος,
2986 4467 3079 4520 καὶ
3116 4465 3214 4537 τὴν
3238 4464 3393 4531 δόξαν
3427 4465 3631 4521 ἐκπλα-

2051 4551 2168 4620 γεὶς
2213 4552 2306 4622 τῆς
2348 4551 2622 4624 μακαρίας
2653 4553 2868 4624 ἐκείνης
2897 4551 3137 4622 φύσεως,
3174 4552 3358 4622 ἐλεγε·
3387 4555 3630 4623 Περίζω-

2051 4653 2155 4693 σαι
2184 4639 2298 4707 τὴν
2310 4640 2614 4709 ῥομφαίαν
2628 4655 2742 4694 σου
2763 4640 2859 4694 ἐπὶ
2888 4640 2996 4694 τὸν
3010 4642 3205 4710 μηρόν
3231 4658 3366 4708 σου,
3383 4641 3626 4709 δυνατὲ,

2052 4724 2126 4792 τῇ
2155 4726 2463 4794 ὼραιότητί
2483 4741 2600 4780 σου
2625 4725 2820 4792 καὶτῷ
2840 4727 3051 4782 κάλλει
3073 4744 3210 4782 σου.
3239 4728 3337 4782 Διά
3360 4728 3519 4782 τοῦτο
3535 4731 3629 4783 καὶ

2051 4815 2292 4884 Μωῦσῆς
2341 4815 2606 4886 ἐπεθύμει
2646 4815 2904 4880 πολλάκις
2938 4817 3100 4872 αὐτὸν
3137 4819 3285 4881 ἰδεῖν,
3314 4818 3392 4889 τῷ
3420 4818 3628 4890 φίλτρῳ

2049 4902 2277 4972 τρωθεὶς
2309 4901 2502 4972 τούτῳ,
2522 4903 2726 4974 καὶτῆς
2753 4903 2910 4975 δόξης
2930 4905 3142 4976 ἐκείνης
3161 4906 3324 4976 ἐρῶν.
3349 4906 3448 4960 Διά
3471 4905 3630 4960 τοῦτο

2051 4989 2148 5042 καὶ
2171 4989 2434 5052 Φίλιππος
2460 4989 2613 5057 ἔλεγε
2633 5007 2646 5021 ·
2681 4990 2891 5055 Δεῖξον
2918 4991 3064 5060 ἡμῖν
3099 4992 3207 5046 τὸν
3237 4992 3488 5061 Πατέρα,
3525 4994 3630 5047 καὶ

2054 5076 2208 5148 [156]
2236 5077 2409 5146 ἀρκεῖ
2445 5078 2611 5147 ἡμῖν.
2647 5078 2863 5132 Μᾶλλον
2893 5080 2951 5132 δὲ
2984 5081 3083 5134 ὅσα
3119 5079 3185 5134 ἂν
3218 5081 3484 5153 εἴπωμεν,
3506 5081 3628 5135 οὐδέ

2053 5165 2267 5236 μικρὸν.
2297 5165 2416 5218 οὐδέ
2441 5166 2678 5237 ἀμυδρὸν
2693 5167 2835 5237 ἴχνος
2855 5185 2906 5221 τι
2929 5168 3028 5238 τῆς
3050 5169 3382 5241 εὐπρεπείας
3407 5169 3626 5241 ἐκείνης

2052 5253 2404 5324 παραστῆσαι
2436 5253 2798 5324 δυνησόμεθα.
2829 5255 2990 5309 Ἀλλά
3006 5256 3104 5320 τὰς
3131 5257 3446 5329 εὐεργεσίας
3461 5256 3625 5329 βούλῃ

2050 5340 2460 5412 καταλέξωμεν;
2502 5341 2642 5394 Ἀλλ’
2692 5343 2812 5396 οὐδὲ
2845 5343 3048 5406 ταύτας
3081 5344 3237 5412 λόγος
3275 5345 3625 5414 παραστῆσαι

2047 5427 2355 5498 δυνήσεται.
2386 5429 2485 5483 Διά
2509 5429 2667 5484 τοῦτο
2701 5433 2730 5484 ό
2760 5430 2972 5495 Παῦλος
3003 5431 3155 5500 ἔλεγε
3175 5448 3190 5462 ο
3236 5432 3416 5500 Χάρις
3443 5431 3513 5485 δὲ
3544 5430 3625 5497 τῷ

2047 5518 2244 5585 Κυρίῳ
2271 5517 2370 5570 ἐπὶ
2393 5517 2471 5587 τῇ
2497 5517 2904 5589 ἀνεκδιηγήτῳ
2935 5520 3122 5575 αὐτοῦ
3147 5520 3354 5589 δωρεᾷ.
3384 5521 3491 5574 Kal
3519 5521 3624 5576 πά-

2047 5603 2160 5657 λιν·
2197 5607 2259 5659 Ἃ
2307 5605 2614 5676 ὀφθαλμὸς
2665 5608 2778 5662 οὐκ
2808 5603 2949 5673 είδε,
2975 5607 3072 5661 καὶ
3103 5603 3210 5674 οὖς
3231 5610 3340 5662 οὐκ
3366 5607 3620 5677 ἤκουσε,

2109 5779 2137 5818 δ
2159 5783 2254 5846 Καὶ
2273 5780 2458 5846 ᾇμαχον
2476 5781 2622 5832 deest
2653 5781 2703 5832 in
2721 5797 2820 5833 uno
2850 5785 2959 5834 cod.
2984 5784 3110 5846 apud
3143 5783 3292 5833 Savil.

2112 5847 2133 5872 θ
2158 5845 2212 5892 lu
2234 5842 2534 5893 cdilidhibus
2566 5846 2660 5892 τῶν
2688 5848 2746 5894 0’
2765 5842 3112 5906 ἐπέταντο,’καὶ
3141 5847 3390 5908 ἑκέκραγεν
3415 5843 3633 5908 legitur.~
