4140 6356
512 385 619 446 1θῖ

519 507 615 562 aud
634 506 732 563 ἐπὶ
751 505 1000 576 καρδίαν
1034 507 1143 563 τοῦ
1164 507 1481 578 ἀνθρώπου
1509 508 1622 563 οὐκ
1641 504 1844 573 ἀνέϐη,
1868 503 1906 559 ἂ
1928 502 2090 570 ἡτοί-

518 615 713 666 μασεν
741 601 775 653 δ
808 599 954 666 θεὸς
980 598 1110 667 τοῖς
1132 600 1449 670 ἀγαπῶσιν
1497 601 1704 655 αὐτόν.
1744 598 1854 653 Kal
1896 595 2090 649 πάλιν·

521 688 591 746 Ὠ
601 691 792 758 ,βάθος
819 693 1108 759 πλούτου,
1122 692 1222 749 καὶ
1242 693 1488 764 σοφίας,
1505 692 1603 748 καί
1628 690 1904 763 γνώσεως
1923 685 2096 743 Θεοῦί

516 782 1050 854 ὡςάνεξερεύνητα
1086 786 1161 840 τά
1202 786 1456 855 κρίματα
1503 784 1712 848 αὐτοῦ,
1775 783 1868 838 καί
1921 773 2096 842 ἀνεξ-

517 876 814 945 ιχνίαστοι
842 880 900 931 αἱ
927 877 1056 933 όδοί
1094 877 1325 933 αὐτοῦί
1364 878 1524 932 ’Δλλὰ
1561 878 1624 931 τὸ
1662 876 1882 947 φίλτρον
1912 873 1941 925 ὃ
1967 872 2095 945 περὶ

516 969 663 1037 ἡμᾶς
717 967 1028 1034 ἐπεδείξατο
1080 971 1231 1033 ποῖος
1276 971 1619 1042 παραστήσει
1671 967 1869 1040 λόγοςς
1923 968 2095 1026 Τοῦτο

515 1056 650 1127 γοῦν
691 1057 1120 1130 ἐκπληττόμενος
1169 1060 1198 1112 ὁ
1241 1058 1493 1130 Ἰωάννης
1530 1060 1744 1129 ἔλεγεν·
1796 1062 1959 1115 Οὕτω
1984 1062 2095 1132 γὰρ

515 1146 832 1219 ἠγάπησεν
851 1151 884 1203 ό
909 1148 1054 1215 Θεὸς
1080 1149 1188 1203 τὸν
1216 1152 1470 1218 κόσμον,
1493 1150 1582 1205 ὅτι
1606 1149 1714 1205 τὸν
1743 1152 1882 1205 Υίὸν
1907 1152 2094 1207 αὑτοῦ

514 1237 626 1292 τὸν
670 1237 969 1308 μονογενῆ
1027 1238 1268 1293 ἔδωκεν.
1310 1241 1374 1293 El
1414 1241 1474 1296 δὲ
1535 1241 1713 1313 βούλει
1739 1242 1835 1297 καὶ
1865 1244 2095 1298 ἀκοῦσαι

516 1326 681 1380 αὐτοῦ
707 1326 814 1382 τῶν
842 1329 1121 1399 ῥημάτων,
1169 1330 1264 1385 καὶ
1300 1330 1390 1385 τὸν
1436 1331 1601 1386 πόθον
1630 1332 1842 1403 μαθεῖν,
1865 1334 2095 1387 ἄκουσον

515 1416 569 1469 τί
603 1432 734 1488 φησι
761 1417 852 1471 διά
903 1418 996 1472 τοῦ
1044 1428 1323 1493 προφήτου
1348 1437 1361 1452 '
1416 1420 1518 1491 Μὴ
1547 1422 1898 1490 ἐπιλήσεται
1937 1423 2094 1495 γυνὴ

514 1506 622 1561 τοῦ
643 1506 892 1577 ἐλεῆσαι
924 1510 998 1565 τά
1035 1511 1253 1582 ἔκγονα
1289 1511 1393 1582 τῆς
1418 1514 1652 1581 κοιλίας
1672 1515 1864 1583 αὐτῆς
1875 1531 1895 1579 ;
1931 1519 1996 1570 El
2026 1514 2097 1569 δὲ

515 1598 615 1653 καί
635 1599 976 1657 ἐπιλάθοιτο
1002 1602 1189 1656 ταῦτα
1229 1608 1407 1672 γυνὴ,
1436 1603 1573 1659 ἀλλ’
1603 1605 1718 1675 ἐγὼ
1748 1608 1861 1660 οὐκ
1885 1605 2097 1675 ἐπιλήα

514 1691 698 1760 σομαι
716 1708 853 1747 σου.
890 1694 998 1746 Kal
1026 1693 1281 1766 καθάπερ
1308 1687 1464 1760 οὗτος
1485 1695 1670 1764 ἔλεγεν
1693 1712 1707 1726 θ
1740 1698 1842 1751 Ὃν
1872 1696 2096 1766 τρόπον

512 1782 787 1838 ἐπιποθεῖ
815 1784 854 1851 ή
899 1784 1128 1855 ἔλαφος
1181 1786 1279 1840 ἐπὶ
1320 1786 1430 1853 τὰς
1461 1786 1658 1857 πηγὰς
1691 1784 1807 1841 τῶν
1837 1786 2092 1855 ὑδάτων,

512 1881 699 1945 οὕτως
716 1879 990 1934 ἐπιποθεῖ
1010 1882 1051 1949 ἠ
1068 1879 1236 1949 ψυχιὶ
1259 1898 1382 1950 μου
1406 1881 1556 1949 πρὸς
1569 1879 1665 1945 σὲ,
1695 1884 1728 1935 ό
1751 1882 1896 1948 Θεός
1913 1897 1927 1911 ’
1949 1880 2095 1936 οὔτω

513 1971 608 2025 καὶ
637 1971 666 2022 ὸ
699 1970 932 2042 Χριστός
968 1987 1132 2041 φησι·
1169 1973 1270 2024 Ὃν
1291 1973 1514 2039 τρόπον
1546 1971 1901 2043 ἐπισυνάγει
1928 1972 2092 2041 ὅρνις

511 2062 585 2117 τὰ
607 2060 827 2132 ἑαυτῆς
854 2062 1105 2126 νοσσία,
1133 2062 1321 2129 οὕτως
1340 2062 1607 2132 ἐθέλησα
1633 2062 1994 2129 ἐπισυνάξαι
2019 2065 2094 2119 τὰ

511 2153 696 2208 τέκνα
716 2152 900 2225 ὑμῶν,
920 2154 1016 2208 καί
1040 2157 1151 2209 οὐκ
1175 2155 1527 2221 ἐθελήσατε.
1552 2155 1662 2211 Καὶ
1689 2156 1872 2220 πάλιν,
1887 2157 2093 2224 Καθὼς

510 2248 784 2317 olus/pst
820 2247 1017 2317 πατὴρ
1060 2247 1253 2313 υἱοὺς,
1301 2247 1491 2314 οὕτως
1520 2248 1848 2318 ᾠκτείρησε
1878 2250 2095 2317 Κύριος

511 2337 654 2404 τοὺς
679 2336 1090 2407 φοϐουμένους
1111 2339 1301 2392 αὐτόν
1322 2355 1336 2369 ·
1370 2340 1465 2393 καὶ
1494 2338 1816 2402 πάλιν,”Οτι
1845 2338 1996 2395 κατὰ
2023 2339 2092 2394 τὸ

512 2428 670 2497 ὕψος
702 2427 809 2483 τοῦ
836 2428 1095 2497 aII-paron?
1127 2428 1247 2483 ἀπὸ
1289 2428 1400 2497 τῆς
1441 2428 1553 2499 γῆς
1585 2430 1953 2499 ἐκραταίωσε.
1974 2432 2099 2486 Κύ-

510 2536 635 2587 ριος
661 2519 727 2574 τὸ
753 2519 927 2586 ἕλεος
943 2520 1131 2575 αὐτοῦ
1145 2520 1243 2574 ἐπί
1275 2520 1417 2587 τοὺς
1441 2521 1856 2592 φοϐουμένους
1882 2524 2088 2578 αὐτόν.

512 2609 626 2664 Καὶ
653 2610 900 2681 καθάπερ
930 2610 960 2662 ό
990 2612 1276 2682 προφήτης
1329 2612 1631 2684 ὑπόδειγμα
1673 2613 1846 2685 ζητεῖ,
1879 2614 1967 2670 ἵνα
2000 2616 2092 2671 τὸν

511 2699 674 2756 πόθον
703 2700 996 2772 ἐνδείξηται
1028 2701 1120 2755 τὸν
1151 2701 1345 2756 ἐαυτοῦ
1370 2718 1385 2734 ο
1421 2702 1564 2758 οὕτω
1590 2705 1687 2758 καὶ
1722 2707 1752 2759 ό
1790 2705 1922 2770 Θεὸς
1960 2707 2095 2760 ὐπο-

511 2789 764 2862 δείγμασί
787 2807 898 2844 τισι
927 2790 1210 2864 κέχρηται,
1243 2793 1328 2847 ἵνα
1356 2794 1490 2865 ἡμῖν
1526 2793 1743 2867 δηλώσῃ
1776 2795 1866 2851 τὸν
1887 2792 2088 2869 ἔρωτα,

511 2882 569 2937 δν
601 2883 726 2955 περὶ
748 2882 848 2954 τῆς
876 2883 1146 2957 ἡμετέρας
1173 2884 1447 2958 σωτηρίας
1476 2885 1609 2956 ἔχει.
1636 2888 1748 2942 Καὶ
1776 2890 1804 2941 ὀ
1830 2889 1929 2959 μὲν
1960 2906 2091 2961 προ-

511 2976 688 3047 φήτης
721 2974 917 3045 ἔλαφον
946 2969 1068 3029 εἶπε
1095 2975 1365 3043 διψῶσαν,
1393 2977 1489 3031 καὶ
1520 2978 1623 3049 γῆν
1655 2979 2085 3052 ἐκκεκαυμένηνθ

510 3067 539 3119 ὁ
565 3067 623 3121 δὲ
671 3067 802 3132 Θεὸς
844 3066 1075 3141 ὀρνίθων
1106 3068 1236 3140 περὶ
1285 3070 1534 3134 νεοττοὺς
1565 3070 1970 3144 φιλοστοργίαν,
1996 3073 2089 3127 καὶ

510 3160 766 3231 πατέρων
802 3159 1150 3232 κηδεμονίαν,
1184 3161 1280 3215 καὶ
1303 3160 1435 3232 θίξιος
1461 3162 1692 3235 οὐρανοῦ
1721 3164 1832 3217 ἀπὸ
1855 3165 1980 3237 γῆς,
1997 3168 2090 3221 καὶ⁵

511 3251 908 3322 εὐσπλαγχνίαν
963 3251 1234 3324 μητέρων,
1274 3252 1374 3305 οὐκ
1421 3253 1612 3325 ἐπειδὴ
1650 3253 1904 3308 τοσοῦτον
1944 3255 2090 3326 φιλεῖ

513 3348 694 3417 μόνον,
738 3346 862 3399 ὅσον
906 3348 1086 3418 μήτηρ
1129 3346 1317 3413 παῖδα,
1370 3347 1485 3403 ἀλλ’
1517 3349 1703 3422 ἐπειδὴ
1750 3349 1956 3406 τούτων
1982 3351 2092 3409 τῶν

512 3440 673 3510 ὅρων,
700 3438 796 3493 καὶ
838 3438 947 3493 τῶν
997 3440 1233 3496 κανόνων
1269 3440 1365 3495 καὶ
1402 3442 1815 3515 ὑποδειγμάτων
1850 3446 1951 3500 οὐκ
1976 3445 2092 3500 ἔστι

512 3532 642 3603 παρ’
669 3532 800 3604 ἡμῖν
823 3530 985 3603 ἕτερα
1038 3533 1260 3603 μείζονα
1291 3534 1477 3605 φιλίας
1498 3537 1797 3608 τεκμήρια.
1839 3537 1993 3592 Ἐπεὶ
2028 3539 2090 3594 οὐ

512 3619 761 3674 τοσοῦτον
787 3619 930 3689 φιλεῖ
951 3622 1101 3692 ἡμᾶς
1138 3622 1318 3692 μόνον,
1347 3624 1470 3679 ὅσον
1508 3625 1699 3680 παιδία
1739 3628 1923 3701 μήτηρ
1945 3628 2091 3698 φιλό-

514 3727 758 3783 στοργος,
788 3711 923 3768 ἀλλά
979 3712 1160 3786 πολλῷ
1208 3715 1394 3780 πλέον,
1431 3715 1665 3772 ἄκουσον
1696 3718 1752 3772 τί
1785 3736 1951 3792 φησιν
1970 3736 1986 3753 ο
2017 3722 2091 3777 EI

512 3802 622 3875 γὰρ
649 3800 751 3858 καί
780 3802 1140 3869 ἐπιλάθοιτο,
1164 3804 1319 3875 φησὶ,
1351 3806 1507 3877 γυνὴ
1547 3806 1666 3862 τῶν
1687 3809 1951 3880 ἐκγόνων
1979 3813 2088 3867 αὐ-

510 3892 641 3964 τῆς,
668 3893 806 3948 ἀλλ’
828 3892 943 3964 ἐγὼ
967 3896 1079 3948 οὐκ
1107 3895 1475 3967 ἐπιλήσομαί
1501 3914 1638 3954 σου.
1660 3899 1829 3956 Τοῦτο
1854 3901 1913 3956 δὲ
1936 3903 2088 3974 ἔλεγε

510 3986 748 4054 δεικνὺς,
772 3987 855 4041 ὅτι
906 3986 1088 4060 πάσης
1125 3988 1505 4063 φιλοστοργίας
1549 3991 1876 4067 θερμότερος
1899 3998 1927 4051 ό
1961 3997 2090 4070 περὶ

511 4082 659 4153 ἡμᾶς
689 4078 853 4135 αὐτοῦ
900 4079 1064 4146 πόθος
1109 4081 1278 4140 ἐστίν.
1311 4083 1496 4137 Ταῦτα
1523 4083 1579 4139 δέ
1608 4088 1781 4142 πάντα
1815 4087 2088 4159 συλλέγων

511 4166 829 4238 ἀναλογίζου
880 4168 1016 4240 πρὸς
1068 4170 1260 4224 ἑαυτὸν
1278 4213 1294 4237 ,
1341 4173 1437 4227 καὶ
1483 4172 1685 4248 θερμὸν
1736 4179 1945 4253 ἐργάσῃ
1996 4182 2089 4236 τὸν

512 4260 713 4332 ἔρωτα,
750 4259 844 4314 καὶ
897 4259 1159 4333 λαμπρὰν
1189 4262 1415 4334 ἀνάψεις
1444 4265 1545 4338 τὴν
1580 4267 1779 4339 φλόγα.
1822 4271 1975 4326 Ἐπεὶ
1994 4270 2090 4330 οὖν

512 4352 610 4415 τάς
642 4350 823 4421 φιλίας
857 4353 955 4407 καὶ
985 4354 1070 4424 ἐφ’
1091 4353 1248 4426 ἡμῶν
1262 4339 1375 4409 τῶν
1409 4356 1711 4429 ἀνθρώπων
1738 4362 1887 4418 οὐδὲν
1915 4364 2090 4432 οὕτως

512 4439 755 4526 ἐκκαίειν
793 4441 1008 4508 εἴωθεν,
1058 4442 1135 4509 ὡς
1164 4444 1224 4498 τὸ
1251 4446 1562 4519 μεμνῆσθαι
1602 4450 1711 4505 τῶν
1735 4453 2086 4526 εὐεργεσιῶν,

512 4525 991 4603 ὧνάπελαύσαμεν
1007 4547 1020 4559 ·
1055 4533 1152 4587 καὶ⁵
1167 4534 1261 4587 ἐπὶ
1283 4534 1378 4589 τοῦ
1411 4536 1547 4591 Θεοῦ
1574 4539 1731 4596 τοῦτο
1753 4525 2014 4618 ποιῶμεν.

595 4622 1066 4695 Ἀναλογισώμεθα
1117 4626 1261 4679 πόσα
1301 4626 1368 4681 δι’
1406 4630 1554 4700 ἡμᾶς
1605 4634 1880 4708 ἐποίησεν,
1925 4640 2088 4697 αὐτὸν

512 4719 604 4770 τὸν
633 4715 881 4788 οὐρανὸν,
932 4715 1032 4788 τὴν
1081 4716 1207 4788 γῆν,
1237 4717 1336 4791 τὴν
1372 4719 1663 4790 θάλατταν,
1699 4727 1789 4782 τὸν
1829 4731 1992 4804 ἀέρα,
2017 4736 2089 4790 τὰ

513 4810 574 4862 ἐν
600 4811 668 4881 τῇ
700 4811 771 4881 γῇ
789 4806 953 4878 φυτά,
984 4809 1078 4863 καὶ
1098 4809 1234 4883 ἀνθη
1278 4810 1348 4865 τά
1375 4815 1619 4882 ποικίλα,
1654 4819 1747 4873 καὶ
1774 4823 1968 4896 κτήνη,
1995 4829 2090 4882 καὶ

514 4900 742 4971 ἑρπετά,
762 4900 832 4954 τά
854 4901 913 4954 ἐν
932 4902 999 4973 τῇ
1025 4900 1283 4976 θαλάττῃ,
1309 4905 1377 4960 τὰ
1397 4907 1455 4959 ἐν
1477 4907 1603 4979 ἀέρι
1623 4910 1792 4984 μέσῳ,
1823 4914 1892 4968 τά
1917 4915 2091 4992 ἄστρα

515 4990 586 5045 τά
633 4991 691 5044 ἐν
715 4990 949 5063 οὐρανῷ,
976 4992 1068 5046 τὸν
1111 4992 1286 5065 ἥλιον,
1313 4998 1413 5069 τήν
1453 4998 1705 5073 σελήνην,
1738 5004 1806 5058 τά
1838 4990 2092 5079 δρώμενα

517 5079 703 5146 ἀπλῶς
730 5080 969 5148 ἅπαντα,
1001 5080 1099 5146 τάς
1133 5083 1440 5155 ἀστραπὰς,
1471 5085 1580 5141 τῶν
1607 5088 1764 5160 ὡρῶν
1796 5092 1895 5164 τὴν
1927 5096 2092 5151 εὐταο

515 5172 659 5240 ξίαν,
689 5171 900 5244 ἡμέρας
921 5173 1019 5228 καὶ
1042 5175 1236 5239 νυκτὸς
1261 5174 1533 5248 διαδοχήν,
1557 5179 1655 5243 τάς
1674 5180 1824 5255 [157]
1845 5185 2092 5257 ἐτησίους

513 5265 743 5338 τροπάς.
783 5260 976 5338 Ψυχὴν
1028 5266 1339 5331 ἐνέπνευσε,
1386 5267 1542 5338 λόγον
1595 5272 1906 5347 ἐχαρίσατο,
1946 5280 2089 5353 ἀρχῇ

515 5355 780 5429 τετίμηκε
819 5357 1074 5432 μεγίστῃ.
1124 5357 1414 5428 Ἀγγέλους
1451 5362 1759 5431 ἀπέστειλε,
1808 5374 2091 5445 προφήτας

520 5448 786 5521 επεμψεν,
816 5447 1042 5522 ὕστερον
1068 5450 1163 5504 τὸν
1186 5451 1315 5537 ξίὸν
1351 5453 1517 5508 αὐτοῦ
1549 5456 1641 5511 τὸν
1670 5465 1955 5537 μονογενῆ.
1982 5467 2093 5522 Kal

521 5541 638 5612 μετ’
667 5541 851 5596 ἐκεῖνα
877 5541 1038 5596 πάλιν
1056 5541 1150 5596 καὶ
1170 5534 1325 5608 οὗτος
1348 5547 1658 5618 παρακαλεῖ
1683 5554 1776 5607 καὶ
1807 5554 1874 5609 δι’
1896 5534 2092 5614 ἑαυτοῦ

515 5632 611 5686 καὶ
641 5631 729 5688 διὰ
759 5631 854 5689 τοῦ
906 5635 1225 5706 μονογενοῦς
1255 5636 1474 5704 Παιδὸς,
1507 5640 1597 5697 ῖνα
1638 5645 1703 5698 σὺ
1751 5647 1929 5719 σωθῇς
1955 5666 1968 5680 ·
1997 5650 2092 5705 καὶ

515 5726 578 5780 οὐ
609 5725 842 5782 παύεται
867 5726 1080 5793 Παῦλος
1110 5729 1450 5803 πρεξεδεύων,
1488 5733 1579 5803 Ὠς
1605 5736 1711 5793 τοῦ
1737 5738 1883 5794 Θεοῦ
1903 5756 2093 5810 παρα-

472 5860 473 5863 η
515 5818 848 5889 καλοῦντος
858 5818 934 5875 δι’
948 5818 1133 5891 ἡμῶν,
1152 5823 1401 5894 δεόμεθα
1417 5827 1569 5897 ὑπὲρ
1578 5830 1855 5900 Χριστοῦ,
1874 5837 2085 5890 καταλ·

1156 389 1214 445 8.
1255 388 1540 446 JOANNIS
1575 382 2070 444 CIIRYSOSTOMI
2109 381 2430 443 ARCIIIEP.
2472 388 3021 451 CONSTANTINOP.

3663 398 3779 455 {62

2199 501 2427 573 λάτητε
2473 507 2555 575 τῷ
2600 509 2743 577 Θεῷ.
2776 513 2888 567 Kal
2913 513 3036 568 οὐδέ
3065 512 3300 570 ἐνταῦθα
3337 513 3490 588 ἔστη,
3517 512 3655 569 ἀλλά
3676 516 3773 571 καὶ

2195 595 2306 648 ἀπὸ
2330 594 2432 667 τῆς
2453 596 2668 667 φύσεως
2694 599 2795 671 τῆς
2822 601 2921 673 σῆς
2946 599 3127 656 λαόὼν
3147 602 3430 675 ἀπαρχὴν,
3465 604 3775 660 Ἐκάθισεν

2195 680 2318 736 ἄνω
2339 683 2544 753 πάσης
2594 687 2792 757 ἀρχῆς
2824 689 2922 745 καὶ
2967 690 3256 755 ἐξουσίας
3292 691 3391 746 καὶ
3440 689 3769 762 δυνάμεως,

2194 769 2295 823 καὶ
2343 771 2572 838 παντὸς
2609 766 2899 844 ὀνόματος
2930 776 3367 847 ὀνομαζομένου
3390 779 3465 833 οὐ
3488 781 3684 848 μόνον
3701 781 3773 836 ἐν

2196 855 2279 922 τῷ
2301 857 2471 913 αίῶνι
2492 861 2701 927 τούτῳ,
2727 863 2888 918 ἀλλὰ
2931 864 3031 918 καί
3067 864 3137 918 ἐν
3164 863 3244 931 τῷ
3259 864 3572 934 μέλλοντι.
3612 866 3771 937 ’Δλη-

2197 944 2306 1011 θῶς
2363 946 2621 1023 εὐκαιρον
2667 951 2762 1006 νῦν
2805 954 3011 1009 εἰπεῖν’
3049 954 3149 1022 Τίς
3171 954 3434 1022 λαλήσει
3451 957 3560 1023 τὰς
3584 955 3772 1011 δυνα-

2195 1035 2402 1102 στείας
2419 1036 2527 1091 τοῦ
2541 1034 2593 1089 Κ
2595 1038 2787 1106 υρίου.
2824 1042 3130 1109 ἀκουστὰς
3168 1043 3412 1110 ποιήσει
3436 1043 3640 1111 πάσας
3666 1045 3772 1112 τὰς

2196 1120 2457 1188 αὶνέσεις
2507 1123 2732 1187 αὐτοῦς
2766 1128 3002 1183 Κάκεῖνο
3041 1128 3204 1184 πάλιν
3224 1147 3238 1161 ·
3275 1129 3342 1183 Τί
3367 1130 3773 1186 ἀνταποδώσω

2195 1206 2277 1272 τῷ
2305 1210 2500 1277 Κυρίῳ
2519 1210 2653 1279 περί
2684 1212 2943 1280 πάντων,
2982 1214 3070 1270 ὧν
3110 1217 3494 1272 ἀνταπέδωκέ
3532 1234 3671 1287 μοι;
3704 1220 3771 1274 Τί

2194 1294 2303 1368 γάρ
2335 1296 2541 1369 ταύτης
2568 1299 2680 1355 ἴσον
2704 1301 2900 1370 γένοιτ’
2922 1303 2989 1357 ἂν
3023 1304 3122 1376 τῆς
3154 1306 3339 1377 τιμῆς,
3371 1305 3487 1360 ἀλλ’
3519 1308 3552 1378 ἢ
3582 1308 3708 1362 ὅταν
3734 1308 3770 1380 ἡ

2194 1384 2415 1458 ἀπαρχὴ
2460 1386 2556 1440 τοῦ
2587 1387 2777 1457 γένους
2815 1389 2976 1461 ήμῶν
3007 1391 3104 1445 τοῦ
3136 1392 3373 1449 τοσαῦτα
3395 1412 3769 1468 προσκεκρου-

2197 1472 2372 1537 κότος,
2416 1473 2512 1527 τοῦ
2548 1475 2923 1547 ἡτιμωμένου,
2956 1481 3015 1532 ἐν
3066 1479 3191 1551 ὕψει
3228 1481 3468 1554 τοσούτῳ
3509 1484 3768 1556 κάθηται,

2196 1561 2291 1614 καὶ
2319 1562 2589 1636 τοσαύτης
2616 1565 2865 1640 ἀπολαύῃ
2891 1568 3095 1640 τιμῆς;
3126 1571 3218 1644 Μή
3246 1571 3343 1637 τάς
3373 1572 3560 1637 κοινάς
3586 1574 3644 1628 δὲ
3670 1575 3768 1645 μό-

2195 1666 2284 1705 νον
2313 1651 2651 1723 εὐεργεσίας,
2674 1654 2811 1710 ἀλλά
2860 1657 2957 1711 καὶ
2987 1657 3087 1722 τάς
3130 1658 3261 1723 ἰδίας
3291 1659 3544 1730 ἀνάλεγε,
3583 1655 3692 1716 οἷον
3719 1660 3773 1715 ετ

2198 1757 2327 1793 ποτε
2357 1743 2691 1816 συκοφαντίᾳ
2716 1746 3027 1816 περιπεσὼν
3050 1747 3371 1817 ἀπηλλάγης
3406 1747 3505 1821 τῆς
3529 1766 3768 1822 κατηγο-

2196 1828 2350 1901 ρίας·
2385 1828 2442 1884 εἴ
2477 1848 2609 1885 ποτε
2656 1834 2836 1907 ἀωρίᾳ
2876 1835 2971 1890 καὶ
2994 1837 3332 1908 μεσονυκτίῳ
3357 1836 3582 1910 λῃσταῖς
3613 1855 3771 1911 περι-

2194 1917 2390 1988 τυχὼν,
2420 1918 2673 1990 διέφυγες
2701 1923 2926 1978 ἐκείνων
2950 1923 3050 1988 τάς
3080 1924 3369 1989 ἐπιϐουλάς
3393 1942 3408 1957 ο
3434 1925 3489 1978 εί
3513 1942 3643 1980 ποτε
3673 1927 3769 1997 ζη-

2197 2007 2326 2078 μίαν
2355 2009 2735 2081 ἐπενεχθεῖσαν
2769 2012 3024 2068 ἀπεδύσω
3045 2031 3060 2047 ο
3095 2016 3144 2068 εί
3166 2017 3430 2087 νοσήματι
3454 2016 3770 2089 περιπεσὼν

2194 2095 2416 2169 χαλεπῷ
2452 2097 2804 2170 παραμυθίας
2835 2100 3043 2172 ἔτυχες.

2262 2211 2324 2260 ε’.
2358 2207 2542 2263 Πάντα
2590 2208 2820 2285 ἀνάλεγε
2859 2211 2928 2266 τὰ
2963 2213 3112 2285 παρὰ
3158 2213 3337 2267 πᾶσάν
3368 2231 3460 2267 σου
3495 2212 3593 2285 τὴν
3623 2213 3769 2288 ζωήν

2191 2296 2448 2367 γινόμενα
2481 2298 2896 2372 εὐεργετήματα
2928 2301 3021 2356 τοῦ
3050 2302 3209 2369 Θεοῦ,
3234 2305 3330 2358 καὶ
3356 2303 3525 2358 πολλά
3551 2305 3769 2369 πάντως

2191 2385 2468 2458 εὑρήσεις,
2502 2387 2564 2441 οὐ
2591 2388 2741 2461 παρὰ
2778 2391 2960 2444 πᾶσαν
2992 2391 3092 2463 τήν
3123 2390 3269 2465 ζωὴν
3296 2392 3473 2465 μόνον,
3497 2393 3633 2449 ἀλλά
3674 2393 3768 2448 καὶ¹

2191 2471 2251 2526 ἐν
2280 2472 2462 2547 ἡμέρᾳ
2485 2476 2601 2546 μιᾷο
2632 2476 2725 2530 καὶ
2754 2479 2803 2531 εί
2829 2477 3079 2533 ἐϐούλετο
3106 2481 3135 2533 ὁ
3165 2479 3298 2545 Θεὸς
3320 2481 3497 2544 πάσας
3522 2481 3618 2546 τὰς
3644 2480 3768 2535 καθ’

2192 2560 2430 2634 ἑκάστην
2480 2563 2694 2636 ἡμέραν
2747 2564 3102 2636 εὐεργεσίας,
3158 2566 3222 2632 ἀς
3278 2569 3429 2639 ἡμᾶς
3468 2568 3767 2640 εὐεργετεῖ,

2192 2647 2528 2716 ἀγνοούντων
2558 2651 2714 2723 ἡμῶν
2738 2653 2833 2707 καὶ
2861 2654 2962 2707 οὐκ
2986 2653 3224 2722 εἰδότων,
3252 2655 3332 2719 είς
3355 2656 3516 2726 μέσον
3533 2656 3766 2720 τιθέναι,

2192 2735 2300 2789 οὐδ’
2335 2737 2401 2792 ἃν
2447 2738 2749 2812 ἀριθμῆσαι
2792 2741 2963 2807 αὐτάς
2986 2741 3364 2815 δυνηθείημεν.
3389 2743 3551 2798 Πόσοι
3579 2745 3769 2818 δαίμο-

2193 2843 2283 2890 νες
2317 2830 2396 2891 εἰς
2429 2828 2521 2882 τὸν
2552 2831 2691 2900 ἀέρα
2728 2831 2984 2903 φέρονται
3037 2832 3262 2899 τοῦτον;
3317 2833 3481 2889 πόσαι
3524 2837 3769 2892 ἐναντίαι

2192 2913 2491 2985 δυνάμεις;
2526 2916 2590 2969 El
2632 2916 2792 2988 μόνον
2834 2918 3133 2991 ἐπέτρεψεν
3179 2922 3364 2986 αὐτοῖς
3390 2923 3490 2993 τήν
3514 2923 3637 2993 ὄψιν
3666 2921 3769 2994 τήν

2194 3001 2401 3055 ἑαυτῶν
2421 3002 2592 3069 δεῖξαι
2618 3005 2717 3076 τὴν
2749 3006 2990 3079 φοϐεράν
3032 3008 3250 3080 ἐκείνην
3278 3011 3372 3064 καὶ
3401 3011 3639 3082 ἀτερπῆ,
3667 3012 3769 3066 οὐκ

2194 3089 2261 3142 ἂν
2292 3089 2626 3162 ἐξέστημενς
2677 3093 2778 3146 οὐκ
2818 3092 2885 3147 ἂν
2922 3094 3285 3167 ἀπωλόμεθας
3317 3098 3418 3152 οὐκ
3459 3097 3526 3152 ἂν
3549 3100 3770 3169 διεφθά-

2196 3192 2404 3248 ρημεν;
2460 3178 2647 3234 Ταῦτα
2695 3178 2759 3252 δὴ
2813 3181 2991 3235 πάντα
3044 3182 3510 3257 ἀναλογιζόμενοι,
3559 3186 3655 3241 καὶ
3700 3187 3770 3242 τὰ

2192 3265 2568 3338 ἁμαρτήματα
2611 3267 2841 3334 ἑαυτῶν,
2872 3269 2972 3323 ὅσα
3021 3270 3257 3337 ἑκόντες,
3299 3273 3401 3328 ὅσα
3447 3274 3769 3344 ἀγνοοῦντες

2195 3352 2541 3424 σφαλλόμεθα
2571 3367 2599 3396 ι
2630 3356 2877 3428 (καὶγὰρ
2904 3358 3000 3412 καὶ
3025 3357 3184 3413 τοῦτο
3209 3360 3270 3412 οὐ
3294 3360 3489 3434 μικρὸν
3512 3363 3595 3426 είς
3612 3363 3769 3435 εὐερ-

2191 3442 2382 3511 γεσίας
2398 3441 2580 3511 λόγον,
2608 3443 2684 3515 μὴ
2712 3445 2833 3499 καθ’
2867 3445 3105 3517 ἑκάστην
3135 3447 3350 3520 ἡμέραν
3386 3449 3656 3515 ἐπεξιέναι
3676 3451 3768 3505 τὸν

2191 3529 2324 3583 Θεὸν
2370 3530 2956 3606 τοῖςιπλημμελήμασι
3003 3537 3115 3599 τοῖς
3168 3536 3504 3610 ἡμετέροις),
3542 3539 3769 3612 δυνησό-

2195 3618 2334 3689 μεθα
2360 3619 2533 3689 φιλεῖν
2567 3621 2658 3675 τὸν
2691 3621 2845 3677 Θεόν.
2875 3623 3044 3679 Ὅταν
3072 3625 3182 3696 γάρ
3212 3628 3491 3701 ἐννοήσῃς,
3522 3629 3623 3686 ὅσα
3643 3630 3764 3684 καθ’

2192 3708 2429 3779 ἐκάστην
2468 3708 2803 3782 ἁμαρτάνεις
2845 3711 2942 3784 τὴν
2994 3713 3227 3785 ἡμέραν,
3255 3716 3355 3771 ὅσα
3377 3717 3497 3772 καθ’
3530 3718 3767 3791 ἑκάστην

2190 3797 2452 3871 εὐεργετῇ
2475 3799 2572 3871 τὴν
2600 3799 2835 3873 ἡμέραν,
2869 3801 3001 3872 ὅσης
3036 3803 3330 3869 ἀπολαύεις
3363 3806 3765 3879 μακροθυμίας.

2188 3886 2320 3958 ὅσης
2349 3886 2609 3954 ἀνέσεως,
2653 3887 2747 3942 καὶ
2769 3889 2851 3943 ὅτι
2893 3891 2942 3942 εί
2969 3890 3091 3945 καθ’
3125 3892 3359 3961 ἑκάστην
3379 3895 3408 3948 ὁ
3436 3894 3568 3959 Θεὸς
3601 3897 3766 3964 ἐπεξ-

2187 3976 2275 4047 ῄει
2303 3976 2350 4038 δ,
2380 3975 2504 4030 οὐδὲ
2526 3975 2733 4049 βραχὺν
2759 3978 2826 4032 ἂν
2858 3977 3059 4050 ἔζησας
3086 3981 3274 4052 χρόνον
3313 3983 3473 4052 (κατά
3504 3983 3594 4037 τὸν
3628 3984 3769 4055 Προ-

2190 4066 2367 4136 φήτην
2385 4064 2477 4118 τὸν
2497 4063 2744 4134 λέγοντα·
2777 4065 2911 4120 Ἐὰν
2923 4067 3174 4138 ἀνομίας
3191 4071 3644 4142 παρατηρήσης’
3660 4074 3769 4128 ιω.

2178 4169 2297 4222 ριε,
2328 4153 2527 4221 Κύριε,
2552 4154 2644 4221 τίς
2664 4154 3078 4223 ὐποστήσεται
3096 4156 3139 4230 ;)
3156 4176 3169 4188 ο
3199 4158 3348 4229 αὐτῷ
3375 4160 3600 4231 χάριτας
3619 4159 3765 4233 εἴσῃ,

2190 4243 2285 4297 καὶ
2314 4240 2400 4297 ἐπ’
2426 4242 2604 4298 οὐδενὶ
2629 4242 2976 4321 δυσχερανεῖς
2993 4245 3100 4300 τῶν
3125 4250 3576 4319 προσπιπτόντων
3598 4266 3613 4282 ⁸
3648 4252 3766 4306 ἀλλ’

2188 4331 2330 4403 ὄψει,
2362 4335 2445 4388 ὅτι
2475 4332 2577 4387 κᾶν
2618 4334 2785 4408 μυρία
2820 4336 3022 4409 πάθῃς,
3075 4336 3286 4393 οὐδέπω
3316 4339 3415 4413 τὴν
3445 4339 3603 4406 ἀξίαν
3658 4342 3767 4396 ἀπ-

2189 4421 2397 4487 έδιικας
2435 4421 2586 4497 [158]
2605 4422 2780 4496 δίκην,
2805 4425 2902 4479 xal
2938 4425 3081 4479 οὕτω
3117 4426 3455 4499 διακείμενος
3493 4429 3657 4486 πολὺν
3676 4430 3765 4486 τὸν

2189 4511 2356 4565 πόθον
2384 4511 2629 4583 ἀνάψεις,
2647 4514 2742 4567 καὶ
2758 4512 2961 4587 δυνήσῃ
2981 4512 3120 4568 κατά
3143 4513 3235 4567 τὸν
3258 4519 3540 4589 προφήτην
3566 4518 3761 4588 λέγειν’

2195 4600 2298 4653 Ὃν
2321 4601 2546 4667 τρόπον
2567 4599 2842 4654 ἐπιποθεῖ
2858 4601 2897 4668 ὴ
2918 4601 3144 4671 ἔλαφος
3167 4602 3265 4656 ἐπὶ
3294 4601 3402 4670 τὰς
3431 4606 3626 4676 πηγὰς
3649 4606 3768 4660 τῶν

2187 4685 2443 4750 ὑδάτων,
2482 4687 2671 4754 οὕτως
2701 4687 2976 4743 ἐπιποθεῖ
3001 4691 3041 4759 ἡ
3078 4688 3252 4759 ψυχή
3281 4708 3403 4762 μου
3431 4690 3578 4760 πρὸς
3605 4694 3702 4756 σὲ,
3730 4697 3766 4748 ὁ

2193 4775 2357 4840 Θεός.
2396 4773 2581 4839 Ἄξιον
2628 4774 2685 4828 δὲ
2742 4773 3016 4839 ἐξετάσαι,
3045 4777 3098 4829 τί
3137 4777 3337 4848 δήποτε
3366 4777 3524 4831 τοῦτο
3540 4778 3601 4833 τὸ
3626 4778 3765 4845 ζῶον

2190 4866 2271 4926 είς
2310 4862 2474 4934 μέσον
2502 4862 2818 4933 παρήγαγε.
2847 4862 3107 4931 Διψαλέον
3133 4863 3249 4930 πώς
3278 4866 3426 4920 ἐστιν
3471 4869 3505 4937 ἡ
3546 4865 3761 4937 ἔλαφος,

2190 4950 2286 5002 καὶ
2336 4949 2427 5003 διὰ
2476 4946 2634 5003 τοῦτο
2686 4949 2927 5021 συνεχῶς
2963 4953 3145 5024 τρέχει
3182 4953 3275 5007 ἐπὶ
3306 4955 3407 5019 τάς
3439 4955 3621 5026 πηγὰς
3653 4956 3766 5011 τῶν

2192 5035 2420 5089 ὑδάτων.
2458 5033 2718 5104 Διψαλέον
2765 5035 2824 5090 δέ
2875 5036 3083 5105 γίνεται
3117 5039 3211 5092 καὶ
3263 5039 3373 5095 ἀπὸ
3407 5041 3509 5112 τῆς
3549 5043 3767 5112 φύσεως

2192 5122 2286 5177 καὶ
2313 5122 2422 5176 ἀπὸ
2453 5120 2548 5176 τοῦ
2581 5124 2708 5187 τοὺς
2737 5122 2890 5193 ὕφεις
2918 5126 3244 5192 κατεσθίειν,
3274 5130 3367 5183 καὶ
3396 5133 3508 5194 τοῖς
3543 5132 3767 5187 ἐκείνων

2191 5210 2484 5284 τρέφεσθαι
2536 5211 2774 5284 σώμασι.
2834 5214 2945 5268 Kal
2977 5216 3041 5269 σὺ
3089 5217 3268 5273 τοίνυν
3303 5218 3461 5273 τοῦτο
3496 5221 3720 5293 ποίησον
3747 5239 3762 5253 θ

2191 5300 2282 5353 τὸν
2308 5299 2500 5371 νοητὸν
2538 5300 2663 5370 ὅφιν
2710 5305 3028 5372 κατάφαγε·
3060 5305 3310 5374 ἐδάφισον
3340 5308 3436 5379 τήν
3464 5310 3763 5381 ἁμαρτίαν,

2193 5389 2286 5442 καὶ
2305 5388 2509 5463 δυνήσῃ
2535 5389 2695 5462 διψᾷν
2735 5391 2825 5445 τὸν
2847 5391 2944 5446 τοῦ
2980 5392 3118 5447 Θεοῦ
3147 5394 3328 5452 πόθον.
3362 5398 3630 5472 Καθάπερ
3656 5400 3768 5474 γάρ

2191 5479 2253 5533 τὸ
2291 5480 2526 5550 πονηρὸν
2572 5480 2814 5545 συνειδὸς
2844 5484 3120 5555 ῥυπαροὺς
3142 5486 3289 5556 ἡμᾶς
3332 5488 3645 5557 ἐργάζεται,
3673 5491 3768 5544 καὶ

2193 5567 2274 5631 είς
2300 5567 2613 5637 ἀπόγνωσιν
2628 5570 2779 5641 ἡμᾶς
2807 5570 3066 5643 ἐμϐάλλει
3082 5589 3094 5602 ·
3112 5571 3304 5641 οὕτως,
3333 5575 3400 5630 ἂν
3424 5576 3769 5650 ἑδαφίσωμεν

2254 5726 2417 5797 fCod.
2441 5726 2567 5797 Reg:
2611 5728 2791 5797 Paris"
2827 5730 2909 5797 καὶ
2930 5731 3024 5797 ὅσα
3059 5731 3258 5797 ἑκόντες,
3292 5733 3385 5783 ὅσα
3423 5734 3699 5797 ἀγνοοῦντες
3715 5737 3768 5788 εὖ

2195 5791 3189 5917 “W33x.’21‘i:§&?23£2;‘“€°§m
3203 5856 3430 5911 dedimus
3449 5858 3650 5922 ἐπεξῄει,
3674 5859 3767 5911 En.
