4140 6356
344 399 441 461 l6!
1468 391 1824 452 EXPOSITIO
1862 393 1925 451 IN
1963 394 2295 453 PSALMUM
2325 393 2456 451 XLI.

345 513 501 578 divit,
544 521 590 569 et
631 513 685 568 in
717 527 806 568 cor
844 512 1061 568 hominis
1105 527 1205 567 non
1243 509 1611 577 ascenderunt,
1654 525 1768 579 qua:
1791 508 1931 563 Deus

338 606 652 673 pra'paravit
688 605 750 659 iis
793 607 880 675 qui
924 605 1091 672 ipsum
1118 602 1337 673 diligunt
1369 601 1458 673 (1.
1493 601 1609 656 Cor.
1640 600 1695 655 2.
1718 599 1811 671 9).
1865 599 1934 655 Et

348 713 534 754 rursus
561 714 577 751 :
614 696 659 751 0
686 697 905 751 altitudo
931 696 1238 761 divitiarum,
1268 704 1317 748 et
1339 694 1621 766 sapientiae,
1648 703 1694 747 et
1711 694 1934 749 scienth

344 786 460 851 Dei,
495 803 645 857 quam
672 787 1019 841 inscrutabilia
1047 797 1163 840 sunt
1181 785 1379 857 judicia
1406 787 1534 852 eius,
1560 794 1607 839 et
1627 784 1932 855 impertesti-

343 880 534 954 gabiles
561 880 655 933 via:
689 881 800 949 ejus
838 876 1016 947 (Rom.
1050 879 1136 933 11.
1168 877 1295 948 55)!
1343 877 1471 946 Ejus
1515 885 1691 930 autem
1734 875 1784 927 in
1835 888 1932 929 nos

345 985 587 1026 amorem
614 984 857 1040 quamam
883 968 1161 1038 explicarit
1188 966 1394 1023 oratio?
1433 967 1564 1021 Eum
1591 973 1735 1020 certe
1760 964 1931 1018 admi-

346 1077 473 1118 rans
506 1060 717 1115 dicebat
735 1059 967 1115 Joannes
992 1078 1003 1112 :
1034 1058 1126 1113 Sic
1153 1060 1286 1113 enim
1306 1057 1443 1111 Deus
1474 1057 1647 1111 dilexit
1666 1054 1928 1120 mundum,

345 1164 402 1208 ut
437 1151 631 1208 Filium
650 1169 804 1206 suum
832 1152 976 1205 daret
1001 1151 1314 1221 unigenitum
1346 1148 1523 1221 (Joan.
1555 1149 1608 1203 3.
1641 1148 1755 1218 16).
1779 1147 1930 1214 Quod

347 1246 394 1301 si
424 1246 507 1301 vis
544 1244 664 1313 ejus
703 1243 865 1297 verba
895 1242 1113 1307 audire,
1147 1250 1201 1295 et
1235 1254 1558 1311 cognoscere
1584 1237 1928 1301 desiderium,

346 1338 468 1393 audi
491 1336 617 1407 quid
640 1335 783 1391 dicat
809 1351 903 1405 per
930 1334 1239 1405 prephetam
1267 1351 1281 1387 :
1315 1331 1576 1402 Numquid
1616 1331 1931 1386 obliviscetur

344 1432 530 1485 mulier
577 1430 801 1484 misereri
844 1440 1080 1482 natorum
1122 1427 1251 1481 uteri
1304 1426 1423 1481 sui?
1473 1424 1623 1492 Quod
1667 1424 1712 1477 si
1758 1438 1932 1476 eorum

346 1523 497 1577 etiam
526 1522 848 1576 obliviscatur
872 1521 1071 1583 mulier,
1117 1535 1209 1590 ego
1240 1528 1405 1572 tamen
1432 1534 1531 1572 non
1568 1517 1831 1571 obliviscar
1858 1514 1931 1568 tui

349 1616 501 1685 (lsai.
527 1615 618 1670 49.
660 1614 773 1685 15).
825 1611 894 1668 Et
931 1614 1067 1668 sicut
1104 1611 1191 1666 hic
1218 1610 1464 1665 dicebat:
1498 1607 1931 1676 Quemadmodum

348 1709 601 1764 desiderat
618 1724 791 1762 cervus
819 1707 887 1761 ad
910 1710 1071 1779 fontes
1096 1722 1365 1777 aquarum,
1394 1704 1466 1757 ita
1490 1702 1739 1757 desiderat
1762 1701 1933 1754 anima

347 1816 461 1855 mea
482 1798 551 1852 ad
574 1808 640 1863 te,
671 1796 839 1853 Deus:
860 1797 930 1852 ita
950 1797 1108 1851 etiam
1127 1796 1253 1850 dicit
1278 1793 1521 1849 Christus
1546 1810 1559 1846 :
1594 1791 1933 1859 Quemadmo-

348 1891 472 1944 dum
496 1898 763 1960 congregat
788 1887 980 1959 gallina
999 1886 1164 1959 pullos
1192 1902 1310 1941 suos
1333 1928 1348 1952 ,
1370 1885 1439 1938 ita
1461 1884 1593 1938 volui
1629 1898 1933 1955 congregare

347 1982 483 2053 ﬁlios
509 1992 715 2045 vestros,
739 1992 784 2034 et
810 1980 1041 2034 noluistis
1071 1979 1280 2053 (Matth.
1309 1977 1399 2034 25.
1432 1977 1546 2047 57).
1599 1975 1667 2030 Et
1701 1990 1884 2031 rursus
1912 1990 1931 2030 :

349 2073 498 2128 Sicut
539 2072 802 2125 miseretur
854 2080 996 2140 pater
1043 2070 1263 2138 ﬁliorum
1309 2084 1548 2135 suorum,
1592 2068 1821 2121 misertus
1860 2076 1933 2118 est

348 2162 598 2217 Dominus
617 2178 789 2216 eorum
812 2161 899 2231 qui
917 2164 1082 2231 ipsum
1122 2161 1295 2213 timent
1324 2156 1496 2229 (Psal.
1540 2158 1662 2213 102.
1708 2156 1819 2228 15).
1868 2157 1935 2211 Et

347 2269 575 2311 rursus:
612 2253 863 2321 Quoniam
904 2252 1179 2308 secundum
1216 2251 1534 2305 altitudinem
1570 2250 1683 2304 ειειὶ
1729 2266 1761 2302 a
1800 2260 1933 2302 terra

348 2348 666 2416 conﬁrmavit
689 2345 936 2400 Dominus
964 2345 1356 2399 misericordiam
1380 2360 1523 2399 suam
1544 2360 1694 2414 super
1710 2344 1933 2396 timentes

347 2441 517 2511 ipsum
533 2436 695 2508 (Ibid.
719 2440 796 2493 v.1
814 2438 884 2509 l).
913 2438 978 2492 Et
999 2435 1443 2508 quemadmodum
1468 2433 1719 2505 propheta
1751 2448 1935 2488 exem-

349 2533 497 2603 plum
561 2531 753 2602 quaerit
809 2539 867 2584 ut
918 2545 1072 2585 suum
1118 2527 1363 2582 ostendat
1412 2525 1734 2582 desiderium
1784 2541 1797 2577 :
1861 2526 1932 2579 ita

348 2624 513 2681 etiam
543 2623 683 2679 Dens
710 2622 875 2677 utitur
902 2620 1216 2691 quibusdam
1256 2618 1515 2687 exemplis
1534 2659 1549 2684 ,
1582 2625 1642 2671 ut
1670 2616 1932 2687 signiticet

348 2716 507 2773 nobis
550 2731 703 2770 suum
752 2729 987 2769 amorem
1041 2721 1235 2768 nostrze
1299 2712 1503 2766 salutis.
1564 2708 1631 2764 Et
1675 2708 1930 2779 propheta

348 2806 565 2881 quidem
594 2806 729 2861 dixit
754 2821 965 2861 cervam
1008 2805 1296 2869 sitientem,
1338 2812 1391 2857 et
1422 2811 1616 2856 terram
1644 2800 1884 2856 adustam
1915 2818 1931 2855 :

353 2904 494 2959 Deus
520 2911 697 2958 autem
726 2901 1043 2970 gallinarum
1064 2900 1114 2953 in
1139 2899 1311 2969 pullos
1331 2899 1627 2963 caritatem,
1651 2907 1705 2951 et
1724 2907 1932 2967 patrum

349 3010 533 3052 curam
558 3009 621 3049 ac
647 2992 1077 3057 sollicitudinem,
1103 3001 1157 3045 et
1192 2990 1309 3044 caeli
1343 3005 1373 3043 a
1403 2999 1542 3044 terra
1573 2988 1929 3051 altitudinem,

350 3096 410 3142 et
436 3094 665 3141 matrum
692 3086 895 3140 viscera
919 3124 935 3148 ,
970 3097 1075 3136 non
1120 3081 1259 3152 quod
1305 3081 1476 3135 solum
1520 3090 1726 3136 tantum
1765 3088 1927 3142 amet,

346 3187 609 3249 quantum
628 3184 797 3231 mater
817 3175 1000 3236 ﬁlium.
1029 3174 1121 3229 sed
1138 3174 1386 3245 quoniam
1410 3174 1491 3228 his
1510 3170 1929 3234 deﬁnitionibus,

351 3268 589 3339 regulis,
617 3276 674 3323 et
708 3266 967 3336 exemplis
1004 3281 1109 3320 non
1136 3275 1258 3320 sunt
1289 3264 1428 3334 apud
1456 3277 1553 3319 nos
1587 3264 1689 3318 alia
1728 3262 1930 3331 majora

351 3360 501 3431 signa
525 3368 581 3415 et
595 3367 901 3430 argumenta
919 3357 1183 3411 amicitiae.
1206 3356 1336 3411 Nam
1358 3355 1498 3426 quod
1520 3369 1618 3410 nos
1634 3370 1738 3409 non
1760 3355 1931 3409 solum

353 3459 557 3506 tantum
584 3457 730 3505 amet
750 3491 765 3513 ,
793 3458 1046 3519 quantum
1080 3458 1249 3503 mater
1278 3448 1362 3517 pia
1407 3448 1546 3501 ﬁlios
1569 3487 1583 3511 ,
1632 3446 1727 3501 sed
1773 3447 1933 3501 etiam

351 3547 520 3602 multo
548 3545 749 3614 magis,
780 3542 901 3597 audi
938 3541 1064 3612 quid
1100 3540 1230 3595 dicit
1267 3558 1280 3594 :
1327 3539 1476 3608 Quod
1514 3540 1559 3593 si
1590 3540 1741 3594 etiam
1776 3538 1933 3593 oblita

351 3640 509 3712 fuerit
532 3648 689 3692 mater
711 3638 937 3706 ﬁliorum
961 3651 1189 3698 suorum,
1219 3651 1308 3705 ego
1339 3644 1503 3687 tamen
1534 3635 1604 3687 tui
1637 3650 1738 3686 non
1761 3632 1935 3686 oblivi-

351 3747 468 3787 scar
496 3728 654 3804 (Isai.
687 3728 777 3783 49.
814 3727 925 3796 15).
979 3726 1090 3781 Hoc
1136 3735 1311 3780 autem
1356 3724 1567 3780 dicebat
1606 3724 1931 3795 signiﬁcans,

352 3839 508 3879 suum
542 3824 595 3878 in
626 3836 723 3876 nos
749 3819 1071 3876 desiderium
1112 3832 1232 3873 esse
1272 3816 1418 3871 omni
1459 3816 1679 3872 caritate
1708 3815 1933 3870 naturali

352 3915 645 3971 ardentius.
697 3913 820 3967 llaec
850 3921 1026 3966 autem
1065 3909 1242 3964 omnia
1268 3908 1409 3977 apud
1436 3910 1662 3977 teipsum
1691 3908 1935 3963 conside-

353 4021 448 4073 ra,
494 4014 549 4061 et
590 4018 826 4058 amorem
868 4001 1237 4057 vehementem
1285 3997 1585 4064 accendes,
1630 3998 1936 4068 claramque

352 4099 622 4156 ﬂammam
670 4095 1095 4168 resplendentem
1137 4092 1373 4149 caritatis
1412 4090 1628 4147 efﬁcies.
1671 4090 1933 4158 Quoniam

353 4206 484 4261 ergo
512 4190 640 4245 nihil
675 4189 813 4260 apud
843 4202 941 4243 nos
987 4186 1228 4242 homines
1273 4200 1427 4256 teque
1463 4184 1603 4240 solet
1643 4182 1936 4238 accendere

350 4284 670 4347 amicitiam,
701 4291 759 4337 ut
797 4282 1007 4336 assidue
1049 4278 1357 4335 meminisse
1398 4277 1779 4333 beneﬁciorum
1818 4290 1935 4346 quae

349 4376 661 4445 accepimus
692 4391 706 4429 :
736 4374 836 4428 hoc
860 4374 1017 4428 etiam
1044 4373 1095 4426 in
1120 4372 1230 4427 Deo
1250 4369 1527 4425 faciamus.

427 4465 677 4534 Beneﬁcia
722 4464 815 4519 Dei
855 4466 911 4519 in
953 4481 1063 4519 nos.
1104 4492 1176 4505 —
1209 4464 1363 4533 Apud
1398 4476 1496 4517 nos
1539 4461 1936 4517 consideremus

353 4572 702 4630 quacumque
729 4556 855 4611 fecit
881 4564 1100 4628 propter
1128 4569 1246 4619 nos,
1270 4554 1441 4625 ipsum
1468 4552 1687 4618 caelum,
1713 4560 1930 4615 terram,

353 4665 523 4717 mare,
548 4664 727 4705 aerem
760 4666 774 4702 :
805 4664 923 4719 qua;
945 4649 998 4703 in
1028 4657 1165 4702 terra
1193 4654 1341 4713 sunt,
1368 4646 1608 4710 arbores,
1639 4646 1815 4700 varios
1834 4643 1937 4699 ﬁo-

354 4758 462 4807 res,
480 4742 744 4812 iumenta,
765 4739 970 4810 reptilia
1000 4756 1014 4793 :
1062 4753 1124 4795 ea
1148 4753 1267 4809 qua!
1294 4748 1419 4795 sunt
1447 4737 1499 4791 in
1520 4735 1655 4791 mari
1693 4753 1707 4791 :
1737 4751 1857 4807 qua:
1882 4736 1935 4790 in

354 4848 480 4889 aere
501 4831 678 4887 medio
702 4850 717 4888 :
744 4841 886 4887 astra
913 4846 1034 4902 qua:
1060 4830 1262 4886 suntin
1291 4829 1423 4885 caelo
1445 4869 1461 4894 ,
1499 4828 1688 4894 solem,
1734 4826 1932 4893 lunam,

354 4934 410 4981 et
444 4933 503 4980 ut
541 4923 710 4980 semel
748 4922 960 4991 dicam,
1006 4922 1186 4977 omnia
1226 4937 1346 4993 qua:
1374 4920 1657 4987 videntur,
1693 4919 1933 4990 fulgura,

354 5027 653 5087 temporum
676 5014 953 5086 pulchrum
980 5013 1223 5070 ordinem
1246 5053 1263 5079 ,
1302 5013 1405 5069 diei
1431 5024 1485 5069 et
1520 5012 1691 5067 noctis
1718 5026 1932 5067 succes~

352 5108 596 5173 sionem,
638 5121 844 5162 annuas
881 5107 1283 5162 conversiones.
1330 5104 1577 5159 Animam
1618 5103 1933 5172 inspiravit,

353 5201 614 5257 rationem
648 5198 900 5265 donavit,
929 5198 1164 5253 maximo
1187 5196 1469 5252 honoravit
1496 5196 1742 5265 imperio.
1795 5194 1937 5249 Misit

350 5292 595 5362 angelos,
621 5291 767 5346 misit
784 5290 1091 5362 prophetas,
1123 5299 1309 5359 postea
1346 5288 1537 5344 Filium
1572 5302 1728 5343 suum
1756 5288 1938 5357 unige—

356 5386 546 5441 nitum.
595 5385 664 5440 Et
706 5392 827 5453 post
867 5384 951 5438 illa
978 5396 1165 5438 rursus
1204 5384 1319 5453 ipse
1349 5396 1563 5453 quoque
1597 5390 1653 5436 et
1681 5396 1775 5450 per
1800 5395 1859 5435 se
1882 5389 1939 5435 et

356 5492 452 5548 per
479 5476 673 5531 Filium
704 5474 1035 5545 unigenitum
1078 5474 1322 5529 hortatur
1367 5481 1427 5527 ut
1452 5482 1508 5527 tu
1542 5471 1808 5535 serveris;
1837 5484 1940 5525 nec

353 5576 532 5624 cessat
558 5567 752 5623 Paulus
782 5568 835 5622 in
861 5566 1177 5622 hodiernum
1206 5580 1373 5635 usque
1410 5564 1551 5619 diem
1573 5563 1754 5618 dicere
1785 5578 1801 5616 :
1835 5558 1938 5614 Pro

357 5658 555 5721 Christo
584 5658 832 5730 legatione
856 5657 1136 5731 fungimur,
1183 5673 1363 5727 nempe
1414 5656 1521 5710 Deo
1568 5672 1658 5726 per
1699 5672 1791 5709 nos
1817 5654 1936 5707 hor-

357 5762 509 5815 tante,
538 5751 854 5806 obsecramus
870 5767 961 5822 pro
980 5748 1197 5813 Christo,
1210 5747 1601 5802 reconciliamini
1615 5745 1721 5800 Deo
1735 5743 1935 5817 (2.6m.

3521 398 3623 460 113εέ

2038 518 2286 580 acceptas
2323 511 2582 581 primitias
2620 512 2890 570 Considere
2926 516 3044 586 fecit
3068 532 3222 587 super
3245 534 3440 574 onmem
3477 539 3621 579 onu-

2037 600 2281 670 cipatum,
2316 611 2609 671 potestatem
2634 644 2648 669 ,
2694 613 2742 659 et
2782 605 3131 675 dominatum,
3174 618 3223 661 et
3249 625 3396 664 omne
3440 626 3621 666 nomen

2038 694 2175 764 quod
2196 695 2487 749 nominatur
2513 711 2612 750 non
2642 697 2804 751 solum
2834 699 2887 752 in
2911 699 3004 753 hoc
3028 701 3244 767 sa'culo,
3275 703 3364 755 sed
3389 704 3540 757 etiam
3567 705 3620 759 in

2036 789 2208 857 futuro
2240 786 2453 859 (Ephes.
2496 788 2549 843 1.
2599 787 2713 859 Si).
2760 790 2912 845 Nunc
2961 806 3085 847 vere
3127 803 3210 846 est
3258 804 3615 865 opportunum

2038 878 2213 933 dicere
2244 895 2257 931 :
2289 879 2412 944 Quis
2437 880 2667 948 loquetur
2692 883 2940 952 potentias
2979 882 3205 945 Domini,
3233 895 3282 938 et
3308 886 3511 940 auditas
3534 892 3616 956 {a-

2035 972 2128 1024 riet
2167 986 2340 1026 omnes
2381 972 2698 1028 laudationes
2738 975 2847 1045 ejus
2884 973 3058 1044 (Psal.
3090 977 3212 1032 105.
3242 978 3340 1047 2)?
3386 978 3453 1032 Et
3492 979 3618 1032 illud

2037 1076 2222 1116 rursus
2252 1080 2266 1115 :
2301 1064 2437 1128 Quid
2464 1065 2734 1118 retribuam
2758 1064 3001 1129 Domino,
3030 1083 3123 1136 pro
3142 1067 3371 1121 omnibus
3390 1084 3504 1139 qua:
3530 1086 3615 1122 re-

2038 1152 2210 1207 tribuit
2234 1152 2566 1225 mihi(Psal.
2598 1155 2718 1210 115.
2744 1156 2875 1226 12)?
2919 1156 3055 1225 Quid
3096 1158 3236 1211 enim
3278 1168 3449 1226 potest
3494 1174 3615 1213 cum

2038 1242 2140 1298 hoc
2169 1244 2371 1300 honore
2396 1244 2648 1311 conferri,
2675 1247 2775 1302 nisi
2798 1247 3010 1316 quando
3031 1248 3276 1317 primitiae
3294 1251 3503 1318 generis
3526 1265 3620 1303 uo-

2037 1335 2153 1399 stri,
2182 1336 2399 1405 quodin
2423 1346 2527 1389 tam
2556 1337 2737 1391 multis
2766 1336 3019 1402 offendit,
3050 1339 3189 1408 quod
3233 1340 3515 1408 ignominia
3564 1350 3617 1395 et

2036 1426 2298 1483 dedecore
2326 1440 2406 1483 est
2435 1428 2702 1494 aﬁ‘ectum,
2725 1430 2776 1483 in
2808 1439 2951 1484 tanta
2975 1430 3160 1485 sedent
3187 1433 3485 1494 altitudine.
3506 1443 3622 1486 tan-

2037 1529 2199 1591 toque
2248 1524 2451 1577 honore
2499 1537 2640 1577 nunc
2666 1523 2950 1578 fruuntur?
2991 1522 3101 1579 Nec
3150 1540 3278 1579 vero
3320 1528 3621 1582 communia

2036 1614 2208 1668 solum
2236 1614 2515 1678 beneficia,
2542 1616 2637 1670 sed
2665 1616 2823 1670 etiam
2856 1618 3064 1685 propria
3086 1624 3140 1671 et
3169 1616 3370 1685 privata
3400 1618 3538 1688 apud
3570 1628 3624 1673 te

2038 1718 2244 1775 reputa,
2275 1707 2723 1777 quemadmodum
2766 1709 2811 1763 si
2834 1708 3044 1777 quando
3069 1707 3259 1764 fuisses
3296 1710 3501 1764 delatus
3530 1726 3625 1780 per

2038 1796 2381 1861 calumniam,
2400 1797 2674 1852 absolutus
2694 1812 2844 1854 esses
2871 1799 2939 1853 ah
2966 1802 3308 1854 accusatione
3323 1817 3336 1855 :
3351 1801 3395 1854 si
3412 1801 3624 1870 quando

2037 1902 2158 1942 cum
2187 1887 2358 1943 media
2379 1897 2436 1943 et
2460 1891 2774 1958 intempesta
2796 1899 2952 1944 nocte
2981 1890 3258 1945 incidisses
3282 1890 3338 1945 in
3365 1891 3619 1959 latrones,

2037 1979 2317 2049 eﬂ'ugisses
2368 1981 2575 2035 illorum
2605 1982 2823 2036 insidias
2852 1999 2867 2036 :
2897 1983 2940 2037 si
2970 1982 3188 2052 quando
3216 1998 3279 2037 ex
3306 1984 3504 2038 damno
3529 1986 3622 2040 tibi

2038 2072 2183 2125 illato
2214 2081 2266 2126 te
2290 2072 2687 2141 expedivisses:
2717 2074 2759 2127 si
2786 2088 2906 2128 cum
2930 2075 2982 2128 in
3014 2074 3258 2128 morbum
3285 2090 3402 2144 grat
3416 2090 3500 2131 em
3538 2077 3623 2130 iu-

2037 2164 2279 2230 cidisses,
2311 2174 2584 2220 recreatus
2612 2180 2780 2220 esses.

2106 2258 2163 2312 5.
2206 2256 2414 2326 Reputa
2444 2272 2563 2327 qua:
2594 2271 2691 2325 per
2717 2265 2880 2311 totam
2918 2266 3059 2311 tuam
3090 2259 3252 2312 vitam
3296 2259 3545 2330 accepisti
3592 2276 3624 2316 a

2042 2347 2150 2402 Deo
2196 2348 2477 2412 beneﬁcia,
2530 2350 2746 2403 omnino
2789 2364 2850 2403 ea
2892 2348 3154 2418 permulta
3205 2352 3465 2417 invenies,
3517 2367 3623 2406 non

2040 2440 2214 2496 solum
2237 2442 2289 2495 in
2318 2450 2429 2497 tota
2458 2442 2585 2507 vita,
2619 2441 2714 2496 sed
2744 2441 2825 2496 vel
2856 2442 2907 2495 in
2936 2457 3043 2495 uno
3074 2441 3164 2497 die
3192 2460 3207 2496 :
3235 2444 3278 2496 si
3298 2445 3457 2498 vellet
3482 2444 3621 2499 Deus

2037 2535 2215 2589 omnia
2242 2534 2516 2601 beneficia,
2548 2533 2743 2605 quibus
2766 2548 2865 2588 nos
2896 2533 3134 2603 quotidie
3177 2534 3375 2599 afﬁcit,
3422 2536 3628 2605 impru-

2039 2624 2290 2681 dentibus
2320 2626 2473 2681 nobis
2499 2635 2555 2681 ct
2595 2626 2976 2688 nescientibus,
3030 2627 3083 2680 in
3129 2626 3361 2681 medium
3410 2625 3621 2691 aﬁ'errc,

2039 2733 2108 2773 ne
2152 2733 2214 2771 ea
2240 2718 2455 2788 quidem
2506 2732 2822 2773 enumerare
2862 2731 3160 2788 possemus.
3193 2718 3335 2784 Quot
3356 2717 3626 2774 daemones

2040 2792 2283 2865 feruntur
2310 2825 2404 2880 per
2432 2809 2575 2863 hunc
2603 2808 2821 2863 aerem?
2857 2816 2986 2877 quot
3012 2807 3250 2862 adversa:
3299 2810 3626 2878 potestates?

2037 2900 2093 2957 Si
2120 2917 2247 2973 ergo
2269 2903 2346 2956 eis
2369 2901 2542 2956 solum
2573 2901 2904 2970 permitteret
2935 2899 3227 2954 terribilem
3274 2900 3420 2954 illum
3466 2914 3620 2955 suum

2039 3003 2093 3048 et
2119 2992 2440 3048 horrendum
2462 3001 2734 3063 aspectum
2753 2992 2905 3046 nobis
2926 2990 3231 3056 ostendere,
3251 3006 3427 3045 annon
3446 3002 3626 3047 mente

2038 3084 2474 3139 dimoveremur?
2513 3098 2690 3138 annon
2729 3083 3064 3154 periremus?
3089 3097 3266 3137 annon
3294 3085 3514 3138 omnino
3540 3084 3627 3137 in-

2040 3175 2361 3232 teriremus?
2400 3175 2525 3230 Haec
2550 3176 2727 3230 omnia
2756 3183 3099 3245 reputantes,
3139 3188 3239 3229 nec
3274 3191 3378 3228 non
3406 3185 3620 3245 peccata

2039 3283 2385 3337 quaecumque
2430 3267 2515 3321 vel
2563 3275 2774 3335 sponte,
2806 3265 2892 3320 vel
2923 3265 3208 3320 inscientes
3253 3266 3622 3321 admittimus‘

2040 3360 2188 3428 (nam
2219 3356 2321 3411 hoc
2344 3372 2554 3427 quoque
2585 3371 2690 3411 non
2719 3367 2801 3411 est
2833 3371 3052 3426 parvum
3081 3356 3431 3425 reputandum
3462 3356 3629 3411 bene-

2039 3448 2239 3515 ficium,
2265 3448 2407 3519 quod
2436 3464 2540 3503 non
2570 3449 2793 3519 singulis
2816 3447 3005 3503 diebus
3029 3449 3166 3503 Deus
3194 3458 3371 3502 nostra
3396 3448 3625 3503 ulcisca-

2041 3552 2129 3597 tur
2166 3540 2406 3613 delicta),
2444 3542 2735 3611 poterimus
2765 3540 2930 3595 Deum
2958 3540 3198 3610 diligere.
3230 3540 3454 3608 Quando
3482 3541 3625 3595 enim

2038 3632 2353 3701 cogitaveris
2382 3640 2512 3700 quot
2543 3641 2753 3701 peccata
2780 3630 3020 3700 quotidie
3061 3631 3374 3694 committis,
3401 3640 3454 3685 et
3496 3639 3630 3701 quot

2040 3725 2259 3795 singulis
2284 3725 2473 3779 diebus
2508 3725 2764 3779 beneﬁcia
2794 3723 3021 3794 accipis,
3051 3733 3247 3795 quanta
3278 3724 3371 3779 Dei
3402 3724 3625 3779 lenitate

2038 3828 2093 3875 et
2115 3818 2400 3874 clementia
2427 3817 2637 3883 frueris,
2669 3827 2724 3873 et
2749 3816 2891 3888 quod
2914 3818 2962 3873 si
3002 3817 3144 3872 Deus
3168 3818 3423 3872 voluisset
3447 3817 3626 3885 quoti-

2038 3912 2126 3967 die
2146 3912 2214 3968 de
2244 3913 2345 3966 tuis
2374 3912 2604 3982 peccatis
2633 3924 2817 3981 pmnas
2841 3925 3051 3965 sumere
3073 3951 3091 3976 ,
3121 3925 3189 3964 ne
3225 3909 3373 3964 brevi
3409 3910 3623 3979 quidem

2042 4014 2280 4074 tempore
2308 4004 2551 4067 vixisses,
2577 4001 2758 4074 (prout
2789 4002 2916 4057 dicit
2942 4000 3195 4070 propheta
3220 4018 3231 4053 :
3257 4000 3317 4055 Si
3339 4001 3627 4070 iniquitates

2040 4099 2392 4162 observaveris,
2439 4096 2685 4160 Domine,
2717 4094 2961 4157 Domine,
2990 4093 3100 4162 quis
3137 4092 3396 4146 sustinebit
3445 4090 3618 4165 [Psal.

2042 4190 2326 4265 129.r3]?)
2356 4190 2405 4246 ei
2449 4204 2573 4260 ages
2608 4186 2826 4258 gratias,
2857 4195 2911 4241 et
2959 4185 3087 4240 nihil
3129 4184 3232 4240 erit
3260 4185 3348 4239 tibi
3376 4201 3534 4255 grave
3562 4201 3626 4239 ac

2040 4283 2323 4338 molestum
2351 4295 2535 4336 eorum
2578 4295 2697 4350 quae
2739 4276 3028 4332 acciderint
3081 4292 3094 4329 :
3145 4275 3240 4331 sed
3284 4276 3526 4342 videbis,
3571 4287 3626 4333 te

2039 4375 2247 4430 etiamsi
2277 4374 2553 4428 innumera
2580 4372 2736 4441 longe
2759 4370 3003 4440 graviora
3029 4367 3364 4432 accidissent,
3388 4367 3625 4424 nondum

2041 4476 2218 4521 tamen
2244 4464 2456 4520 dedisse
2491 4476 2676 4533 [uenas
2701 4476 2835 4531 quas
2873 4474 3146 4515 merueras
3174 4477 3187 4513 :
3216 4468 3270 4514 et
3306 4459 3376 4514 ita
3404 4458 3626 4516 adactus

2041 4573 2288 4630 magnum
2315 4557 2575 4612 accendes
2599 4553 2925 4610 desiderium
2946 4594 2962 4617 ,
2991 4561 3046 4607 et
3072 4550 3272 4623 poteris
3297 4550 3475 4606 dicere
3502 4568 3623 4607 cum

2040 4652 2295 4723 propheta
2328 4668 2342 4704 :
2378 4648 2810 4718 Quemadmodum
2858 4646 3110 4700 desiderat
3152 4660 3323 4698 cervus
3357 4645 3426 4698 ad
3455 4647 3619 4716 fontes

2039 4759 2319 4813 aquarum,
2362 4742 2433 4795 ita
2469 4740 2721 4795 desiderat
2769 4738 2941 4791 anima
2964 4753 3075 4791 mea
3101 4736 3171 4789 ad
3199 4732 3277 4798 te,
3322 4734 3481 4791 Deus.
3528 4736 3624 4792 Est

2038 4845 2215 4892 autem
2243 4849 2421 4904 operae
2449 4832 2674 4903 pretium
2701 4845 2962 4900 quaerere,
2994 4844 3221 4898 quanam
3242 4827 3309 4882 de
3335 4842 3490 4882 causa
3519 4828 3623 4883 hoc

2040 4932 2234 4987 animal
2273 4932 2325 4986 in
2364 4928 2597 4985 medium
2626 4927 2926 4981 adduxerit.
2957 4925 3158 4981 Cervus
3187 4932 3269 4977 est
3296 4921 3619 4984 sitibundus.

2041 5037 2097 5082 et
2116 5026 2237 5082 ideo
2258 5026 2562 5095 frequenter
2587 5020 2754 5076 currit
2774 5018 2840 5073 ad
2868 5018 3043 5073 fontes
3070 5032 3348 5088 aquarum.
3380 5015 3627 5071 Efﬁcitur

2039 5130 2216 5175 autem
2238 5115 2535 5173 sitibundus
2558 5125 2611 5170 et
2631 5128 2660 5167 a
2684 5121 2890 5176 natura,
2915 5120 2970 5166 et
2995 5125 3062 5165 ex
3084 5126 3149 5165 eo
3173 5109 3313 5180 quod
3340 5118 3617 5178 serpentes

2039 5211 2285 5267 comedat
2303 5219 2404 5289 κει
2443 5207 2656 5261 illorum
2685 5205 2857 5259 alatur
2881 5201 3216 5275 corporibus.
3264 5202 3407 5271 Ergo
3434 5211 3487 5255 tu
3518 5198 3622 5255 hoe

2040 5322 2249 5379 quoque
2276 5304 2359 5359 fac
2385 5319 2400 5358 :
2430 5309 2731 5373 serpentem
2757 5299 3137 5369 intelligibilem
3158 5298 3377 5353 comede
3401 5310 3628 5365 :pecca-

2041 5409 2149 5452 tum
2179 5396 2325 5451 humi
2370 5402 2679 5465 prosterne,
2722 5400 2776 5446 et
2800 5390 3001 5461 poteris
3027 5389 3175 5444 sitire
3213 5387 3307 5443 Dei
3332 5385 3619 5440 desiderio.

2040 5485 2494 5558 Quemadmodum
2522 5484 2663 5540 enim
2688 5481 2825 5537 mala
2846 5477 3169 5537 conscientia
3192 5476 3356 5533 efﬁcit
3382 5489 3481 5529 nos
3506 5489 3626 5529 sor-

2040 5583 2213 5650 didos,
2232 5592 2287 5637 et
2312 5580 2527 5635 adducit
2557 5592 2655 5634 nos
2676 5576 2743 5632 ad
2768 5573 3232 5647 desperationem:
3266 5572 3356 5633 ita,
3376 5567 3422 5623 si
3440 5580 3620 5623 nostra

2104 5718 2120 5741 ⁶
2152 5716 2268 5772 Hic,
2290 5718 2419 5762 teste
2441 5708 2629 5768 Savilio,
2652 5710 2701 5759 in
2726 5706 2903 5772 Codice
2924 5703 3073 5766 Regio
3094 5701 3240 5772 paris;
3262 5699 3462 5771 legitur,
3482 5710 3622 5768 gua-

2052 5760 2445 5840 mutilatum.
2466 5760 2776 5839 quacumque
2800 5760 3068 5831 ignoranies
3090 5760 3623 5826 beneﬁciaoccipimus,

357 5838 413 5899 5.
437 5841 556 5899 20).
588 5841 656 5899 Et
677 5856 745 5899 ne
764 5840 850 5897 hic
876 5841 1089 5911 quidem
1117 5839 1379 5907 constitit,
1409 5837 1504 5894 sed
1535 5854 1601 5895 ex
1636 5846 1723 5893 tua
1755 5840 1944 5889 natura
2045 5843 2090 5889 et
2107 5837 2297 5903 peccata
2316 5837 2494 5888 nostra.
