4140 6356
506 406 612 468 ιω

509 533 722 594 peccata
749 521 895 578 humi
923 517 1386 592 prostraverimus,
1409 516 1453 570 si
1475 511 1866 584 improbitatem
1890 525 2092 582 expur-

507 619 832 688 gaverimus,
863 614 1157 686 poterimus
1185 611 1450 680 respicere
1475 607 1542 664 ad
1565 603 1840 678 spirituale
1876 601 2101 659 deside-.

402 725 411 733 '
507 713 669 776 rium,
717 725 841 764 cum
887 722 1074 778 magna
1103 705 1265 759 animi
1295 702 1569 758 alacritate
1596 700 1760 754 Deum
1788 710 2003 761 vocare,
2039 703 2100 750 et.

509 803 964 858 vehementiorem
987 813 1225 854 amorem
1243 795 1558 859 accendere,
1584 807 1682 848 nec
1700 791 1877 846 verbis
1896 790 2092 856 solum,

508 894 603 949 sed
632 894 791 949 etiam
823 891 974 948 factis
1003 890 1105 944 hoc
1133 903 1447 958 responsum
1468 884 1766 940 suecinere.
1809 882 2103 954 Propterea

509 991 652 1042 enim
700 986 934 1056 psalmos
978 982 1130 1037 nobis
1159 981 1354 1037 cecinit
1402 980 1488 1034 ille
1530 979 1757 1039 beatus,
1788 975 1873 1030 vel
1919 975 2096 1045 potius

509 1078 676 1148 gratia
707 1076 936 1145 Spiritus
959 1114 976 1136 ,
1029 1088 1133 1128 non
1178 1082 1236 1126 ut
1259 1071 1420 1126 verba
1448 1079 1649 1124 tantum
1678 1068 1953 1132 dicamus,
1997 1065 2092 1120 sed

510 1185 606 1225 eos
635 1167 788 1230 factis
815 1181 1025 1236 quoque
1057 1163 1394 1219 meditemur.
1443 1162 1518 1216 Nc
1555 1175 1683 1230 ergo
1730 1159 2003 1214 existimes
2045 1166 2098 1212 te

511 1270 787 1331 propterea
817 1258 920 1311 huc
943 1256 1169 1326 ingredi,
1200 1263 1257 1310 ut
1283 1254 1440 1308 verba
1478 1262 1680 1306 tantum
1710 1251 1887 1314 dicas,
1920 1249 2012 1305 sed
2040 1257 2100 1303 ut

510 1351 728 1421 quando
777 1349 1047 1412 succinis,
1098 1361 1413 1416 responsum
1464 1343 1589 1398 illud
1640 1352 1788 1412 pacta
1832 1355 2097 1396 conventa

513 1457 632 1498 esse
657 1443 952 1497 arbitreris.
977 1439 1200 1507 Quando
1219 1438 1359 1493 enim
1389 1435 1590 1490 (laveris
1618 1451 1631 1488 :
1662 1432 2099 1500 Quemadmodum

511 1535 763 1591 desiderat
793 1550 964 1588 cervus
993 1532 1062 1587 ad
1087 1532 1251 1601 fontes
1275 1545 1542 1600 aquarum,
1565 1528 1636 1581 ita
1659 1525 1907 1580 desiderat
1927 1527 2102 1580 animo

511 1645 625 1683 mea
649 1629 717 1682 ad
741 1638 809 1692 te,
837 1625 975 1681 Deus
1005 1641 1022 1680 :
1060 1640 1180 1679 cum
1211 1623 1319 1678 Deo
1363 1631 1570 1692 pactum
1611 1619 1808 1684 fecisti,
1841 1618 2100 1689 scripsisti

511 1720 869 1793 syngrapham
895 1720 1097 1788 absque
1121 1716 1308 1771 charta
1344 1724 1400 1770 et
1431 1719 1765 1780 atramento,
1798 1726 1930 1768 voce
1970 1725 2100 1779 pro-

514 1817 686 1871 fessus
729 1826 782 1870 te
823 1815 996 1883 ipsum
1037 1812 1260 1882 diligere
1297 1809 1415 1880 plus
1451 1807 1735 1874 omnibus,
1781 1815 1838 1862 et
1878 1805 2010 1862 nihil
2050 1805 2101 1862 ei

515 1907 790 1979 praeferre,
819 1905 1044 1975 ejusque
1069 1916 1252 1958 amore
1277 1901 1488 1956 ardere.
1513 1899 1568 1956 Si
1592 1914 1723 1971 ergo
1753 1913 2003 1970 egressus
2025 1900 2101 1953 vi-

512 1998 658 2055 deris
688 1996 976 2052 formosam
1011 1993 1244 2065 aliquam
1284 1999 1341 2048 et
1377 1991 1700 2064 impudicam
1739 1990 2016 2046 mulierem
2051 1999 2105 2045 te

515 2091 879 2155 inescantem,
913 2095 969 2142 et
996 2085 1064 2141 ad
1090 2084 1172 2140 sui
1201 2098 1440 2140 amorem
1468 2081 1822 2154 pellicientem
1846 2122 1861 2148 ,
1889 2081 1978 2137 die
2001 2080 2050 2136 ei
2082 2097 2098 2135 :

515 2182 630 2237 Non
659 2195 879 2253 possum
908 2187 960 2234 te
995 2175 1179 2248 sequi,
1209 2191 1332 2231 cum
1358 2175 1469 2231 Deo
1497 2183 1709 2245 pactum
1735 2174 1852 2241 feci,
1881 2183 1939 2230 et
1963 2189 2104 2243 prae-

515 2277 755 2332 sentibus
778 2273 1050 2338 fratribus,
1075 2271 1463 2334 sacerdotibus,
1479 2269 1805 2335 doctoribus,
1830 2267 2106 2338 professus

513 2384 632 2423 sum
661 2377 716 2423 et
743 2366 962 2437 promisi
989 2381 1084 2436 per
1101 2379 1418 2434 reSponsum
1446 2361 1604 2428 illud,
1646 2376 1734 2418 me
1760 2376 1884 2417 eum
1917 2361 1988 2416 ita
2019 2360 2104 2415 di-

516 2461 700 2532 ligere,
736 2458 1172 2528 Quemadmodum
1200 2457 1451 2513 desiderat
1479 2472 1653 2510 cervus
1675 2453 1746 2508 ad
1766 2457 1932 2524 fontes
1947 2470 2106 2523 aqua-

513 2569 648 2608 rum.
695 2553 893 2608 Vereor
920 2559 1073 2622 pacta
1111 2557 1370 2606 conventa
1397 2546 1729 2618 transgredi,
1769 2545 1915 2601 illum
1943 2561 2104 2601 unum

517 2646 772 2716 deinceps
796 2659 1038 2700 amorem
1066 2641 1313 2698 meditor.
1330 2641 1388 2698 Si
1410 2640 1604 2696 videris
1623 2647 1900 2711 argentum
1915 2639 1970 2694 in
1989 2638 2108 2696 foro

515 2741 674 2798 situm
696 2783 711 2802 ,
741 2747 833 2794 aut
857 2745 1034 2794 vestes
1058 2751 1248 2791 aureas
1265 2778 1280 2801 ,
1307 2734 1442 2790 alios
1478 2733 1711 2805 gloriose
1751 2731 2061 2813 incedentes
2084 2773 2102 2798 ,

516 2829 740 2898 stipatos
767 2825 992 2890 famulis,
1023 2833 1078 2878 et
1105 2823 1361 2878 habentes
1385 2836 1552 2890 equos
1577 2819 1740 2875 frenis
1773 2819 1974 2874 auratis
1993 2859 2008 2884 ,
2037 2833 2108 2874 ne

519 2930 570 2974 te
596 2926 806 2973 tumeat
833 2917 919 2971 illa
949 2929 1164 2988 pompa,
1192 2913 1288 2968 sed
1319 2911 1410 2967 tibi
1436 2927 1620 2967 rursus
1650 2920 1875 2977 cane,et
1899 2909 2107 2965 dictum

516 3014 707 3067 animze
740 3028 753 3063 :
783 3009 950 3065 Paulo
978 3018 1102 3061 ante
1123 3005 1416 3062 cecinimus
1441 3044 1457 3071 ,
1508 3001 1945 3070 Quemadmodum
1969 3001 2108 3055 desi-

519 3106 661 3158 derat
693 3120 868 3157 ceruus
912 3101 980 3154 ad
1021 3104 1184 3168 fontes
1218 3114 1499 3167 aquarum,
1539 3099 1612 3151 ita
1654 3095 1901 3150 desiderat
1935 3095 2110 3149 anima

518 3214 630 3252 mea
657 3197 726 3249 ad
753 3206 818 3258 te,
850 3194 1025 3257 Deus;
1052 3202 1107 3249 et
1129 3191 1270 3262 quod
1298 3191 1554 3260 scriptum
1583 3197 1664 3242 est
1681 3187 1834 3243 nobis
1859 3185 2108 3241 attribui-

519 3303 659 3353 mus,
693 3288 852 3357 idque
876 3296 1114 3340 nostrum
1146 3299 1266 3339 esse
1291 3283 1531 3339 fecimus.
1557 3281 1696 3336 Nihil
1714 3297 1841 3352 ergo
1865 3295 2110 3337 amemus

517 3397 702 3436 eorum
733 3395 850 3448 qure
878 3377 945 3431 ad
978 3377 1113 3432 hanc
1139 3377 1299 3430 vitam
1329 3375 1613 3445 pertinent,
1639 3381 1696 3428 ut
1716 3372 1806 3428 ille
1829 3387 1980 3426 amor
2005 3387 2108 3427 no-

517 3474 600 3528 bis
628 3485 790 3540 purus
819 3476 1031 3522 maneat
1055 3475 1111 3520 et
1131 3465 1358 3535 integer,
1385 3471 1442 3518 et
1465 3479 1534 3518 ne
1571 3462 1773 3517 divisus
1820 3462 1911 3516 liat
1936 3461 2107 3517 imbe-

517 3566 706 3620 cillior.
731 3563 824 3617 lim
849 3561 1046 3616 divitia:
1064 3573 1254 3614 omnes
1273 3557 1506 3622 divitias,
1533 3569 1746 3610 omnem
1772 3554 2108 3621 thesaurum,

517 3669 731 3710 omnem
751 3654 997 3725 gloriam,
1027 3665 1242 3705 omnem
1262 3648 1730 3713 existimationem,
1756 3661 1971 3702 omnem
1993 3646 2116 3700 cla-

521 3750 734 3803 ritatem
783 3745 938 3799 nobis
983 3742 1160 3811 largiri
1212 3748 1483 3810 poterunt.
1525 3739 1629 3792 Eas
1655 3737 2014 3803 obtineamus,
2055 3746 2112 3792 et

518 3839 664 3895 nulla
694 3853 753 3893 re
787 3836 890 3891 alia
920 3833 1216 3905 egebimus.
1247 3830 1303 3886 Si
1329 3829 1472 3885 enim
1502 3829 1590 3899 qui
1637 3827 1777 3897 turpi
1817 3842 2002 3883 amore
2031 3835 2114 3882 te-

519 3939 735 3990 nentur.
755 3937 809 3983 et
825 3927 1052 3995 alicujus
1070 3924 1276 3994 puellae,
1291 3937 1434 3992 sazpe
1448 3921 1606 3976 etiam
1625 3917 1902 3985 deformis,
1918 3917 2111 3974 ardore

521 4021 918 4083 incenduntur,
953 4031 1051 4072 nec
1095 4024 1376 4086 parentum
1423 4013 1618 4076 minas,
1670 4025 1771 4066 nec
1815 4011 2110 4066 amicorum

519 4114 796 4177 convicia,
851 4124 950 4165 nec
995 4107 1222 4163 aliorum
1270 4104 1560 4161 multorum
1602 4103 1873 4174 quidpiam
1918 4111 2110 4159 curant

521 4204 1016 4274 reprehensionem,
1060 4199 1156 4256 sed
1198 4198 1266 4255 ad
1316 4198 1461 4254 illam
1502 4205 1771 4268 tamquam
1797 4197 1864 4252 ad
1890 4211 2111 4266 scopum

523 4297 824 4359 tendentes,
856 4305 912 4350 et
939 4293 1156 4350 domum
1178 4290 1499 4362 despiciunt,
1525 4299 1582 4346 et
1601 4299 1878 4360 paternam
1901 4289 2116 4345 heredi-

523 4399 686 4443 tatem
712 4430 728 4455 ,
775 4387 1002 4458 gloriam
1056 4393 1114 4441 et
1167 4381 1656 4446 existimationem,
1713 4385 2114 4453 amicorumque

521 4480 924 4536 adhortationes
971 4483 1358 4542 contemnunt,
1399 4475 1732 4531 aestimantes
1777 4490 1836 4529 se
1866 4491 2110 4545 magnam

525 4573 724 4628 habere
749 4572 889 4627 circa
918 4569 1036 4626 haec
1061 4569 1238 4625 omnia
1265 4567 1709 4634 consolationem,
1737 4567 1781 4622 si
1806 4567 1945 4637 apud
1973 4568 2113 4622 ami-

523 4679 643 4720 cam
676 4672 878 4718 tantum
909 4664 961 4717 in
1007 4661 1177 4732 pretio
1203 4669 1260 4716 et
1285 4660 1494 4714 honore
1535 4657 1754 4727 fuerint,
1803 4659 1928 4715 licet
1967 4659 2111 4726 vilis,

525 4757 754 4821 famosa,
783 4762 844 4810 et
869 4767 1222 4824 qum-cumque
1249 4766 1313 4807 ea
1333 4750 1531 4806 fuerit:
1563 4751 1656 4822 qui
1685 4751 1849 4806 Deum
1871 4759 1930 4805 ut
1954 4765 2118 4820 opor—

527 4856 604 4902 tet
627 4847 874 4917 diligunt,
903 4845 1207 4900 sentientne
1227 4859 1477 4914 umquam
1502 4859 1622 4915 qua
1646 4853 1772 4898 sunt
1792 4843 1932 4897 inter
1952 4842 2118 4898 homi-

528 4955 628 4996 nes
649 4947 743 4994 aut
768 4939 1046 5010 praeclara,
1073 4947 1166 4993 aut
1183 4937 1448 4993 molesta?
1469 4936 1580 4992 Nec
1600 4935 1876 5006 praesentis
1898 4936 2116 5006 quidem

527 5033 650 5086 vitae
676 5045 924 5101 pompam
945 5028 1366 5100 apprehendent,
1398 5037 1458 5084 ut
1482 5030 1574 5099 qui
1602 5028 1670 5083 ad
1697 5027 1847 5083 illum
1875 5042 2120 5083 amorem

524 5122 840 5193 dirigantur,
872 5120 967 5176 sed
986 5136 1200 5177 omnem
1225 5121 1478 5178 ridebunt
1499 5119 1929 5190 prosperitatem,
1946 5127 2000 5175 et
2029 5135 2116 5174 res

527 5232 714 5272 omnes
742 5215 994 5271 adversas
1019 5223 1366 5271 contemnent
1386 5254 1403 5281 ,
1441 5225 1499 5268 ut
1523 5215 1612 5284 qui
1643 5212 1751 5270 sint
1776 5212 1977 5282 alligati
2021 5212 2118 5267 Dei

529 5309 834 5370 desiderio,
865 5317 920 5363 et
964 5307 1093 5362 nihil
1121 5307 1265 5362 aliud
1305 5314 1527 5362 cernant
1573 5313 1927 5375 praeterquam
1970 5303 2116 5359 illum

534 5404 728 5468 solum,
757 5412 813 5456 et
838 5416 960 5455 eum
987 5415 1204 5470 semper
1231 5401 1498 5470 cogitent,
1541 5408 1596 5454 et
1628 5413 1688 5454 se
1726 5413 1847 5454 esse
1870 5398 2118 5454 omnibus

531 5493 794 5548 beatiores
833 5492 1160 5548 existiment.
1218 5491 1368 5547 Licet
1407 5491 1462 5547 in
1501 5498 1814 5562 paupertate
1837 5532 1853 5555 ,
1897 5491 2022 5546 licet
2064 5492 2118 5546 in

515 5572 847 5657 'ignominia,
878 5583 1004 5640 licet
1031 5587 1083 5640 in
1114 5586 1357 5651 vinculis,
1390 5585 1514 5640 licet
1542 5585 1595 5639 in
1624 5583 2018 5650 afﬂictionibus,
2047 5585 2118 5638 li-

531 5694 616 5735 cet
641 5680 747 5735 sint
766 5680 819 5735 in
841 5679 1095 5735 extremis
1115 5676 1269 5734 malis
1303 5695 1317 5732 z
1346 5679 1398 5732 in
1425 5677 1675 5733 omnibus
1699 5693 1817 5749 quae
1844 5677 2122 5748 patiuntur

535 5772 918 5830 existimabunt
944 5789 1002 5828 se
1014 5771 1250 5828 melioris
1266 5786 1384 5828 esse
1400 5771 1740 5838 conditionis,
1760 5786 1919 5842 quam
1944 5786 2119 5841 reges,

534 5863 904 5922 admirabilem
932 5866 1214 5938 quamdam
1234 5865 1490 5945 habentes
1507 5865 1947 5934 consolatioaem,
1977 5867 2118 5937 quod

1245 400 1304 458 8.
1340 397 1621 456 JOANNIS
1652 394 2126 454 CIIRYSOSTOMI
2164 395 2484 456 ARCIIIEP.
2523 395 3062 457 CONSTANTINOP.

3691 408 3792 462 ΜΔ

2205 525 2267 565 ea
2299 511 2564 580 patiantur
2591 521 2808 582 propter
2824 528 2946 568 eum
2973 527 3131 584 quem
3152 512 3394 584 diligunt.
3787 555 3792 562 -

2273 602 2326 658 0.
2349 603 2610 672 Quocirca
2630 605 2823 660 Paulus
2844 621 3077 677 quoque,
3094 621 3214 662 cum
3235 619 3378 664 esset
3397 610 3451 665 in
3469 611 3798 682 quotidiani:

2202 695 2495 760 mortibus,
2524 696 2576 750 in
2603 697 2936 765 carceribus,
2967 699 3019 753 in
3049 698 3336 771 naufragiis
3355 743 3369 765 ,
3402 701 3456 756 in
3484 703 3785 760 solitudini-

2201 788 2301 843 bus
2320 829 2334 850 ,
2369 789 2420 842 in
2451 787 2676 859 ﬂagellis
2696 829 2713 856 ,
2746 791 2798 845 in
2828 790 3299 847 innumerabilibus
3325 793 3443 850 aliis
3475 795 3791 866 suppliciis,

2203 878 2503 948 gaudebat,
2535 881 2834 937 exsultabat
2856 891 2911 936 et
2936 882 3261 953 gloriabatur
3305 884 3394 955 (2.
3428 883 3544 940 Cor.
3574 887 3661 942 ll.
3687 887 3793 944 23-

2201 970 2304 1042 27)
2337 987 2352 1026 :
2384 980 2439 1026 et
2470 986 2610 1024 nunc
2635 972 2849 1042 quidem
2879 973 3088 1030 dicebat
3120 992 3134 1028 :
3165 973 3290 1030 Non
3329 977 3490 1032 solum
3532 988 3700 1034 autem
3735 983 3791 1036 in

2202 1078 2292 1132 spe
2332 1061 2508 1132 gloria:
2549 1061 2676 1128 Dei,
2719 1064 2808 1118 sed
2852 1066 3003 1119 etiam
3043 1065 3320 1136 gloriamur
3355 1068 3409 1121 in
3446 1069 3793 1140 afﬂictionibus

2208 1153 2390 1224 (llam.
2421 1154 2473 1210 5.
2505 1154 2560 1208 2.
2593 1155 2648 1224 5)
2673 1172 2689 1219 ;
2717 1171 2859 1210 nunc
2889 1167 3067 1212 autem
3096 1173 3282 1214 rursus
3309 1175 3325 1214 :
3354 1159 3560 1215 Gaudeo
3587 1163 3639 1216 in
3669 1179 3788 1232 pas-

2203 1244 2448 1311 sionibus,
2473 1254 2522 1300 et
2545 1247 2796 1316 adimpleo
2821 1265 2934 1320 quae
2955 1249 3134 1304 desunt
3159 1251 3504 1322 afﬂictionibus
3527 1253 3713 1310 Christi
3737 1256 3793 1310 in

2203 1354 2355 1393 carne
2384 1355 2494 1393 mea
2522 1339 2739 1409 (Coloss.
2774 1343 2825 1396 l.
2853 1342 2981 1414 24);
3007 1353 3062 1398 et
3085 1346 3306 1414 gratiam
3329 1361 3446 1401 eam
3477 1363 3588 1404 rem
3612 1359 3790 1418 vocat,

2206 1429 2275 1482 ita
2301 1432 2564 1486 conﬁtens
2595 1441 2651 1487 et
2677 1432 2862 1489 dicens
2892 1452 2906 1489 :
2938 1433 3100 1489 Nobis
3132 1439 3202 1489 ita
3235 1439 3392 1507 gratis
3415 1455 3447 1492 a
3473 1438 3671 1494 Christo
3693 1443 3794 1497 do-

2205 1533 2380 1576 natum
2398 1532 2491 1590 est,
2520 1535 2576 1577 ut
2601 1541 2698 1579 non
2721 1527 2882 1580 solum
2898 1527 2951 1580 in
2971 1527 3134 1598 ipsum
3159 1530 3440 1598 credamus,
3464 1531 3552 1586 sed
3571 1545 3624 1586 ut
3645 1535 3796 1587 etiam

2208 1632 2300 1683 pro
2327 1615 2440 1686 ipso
2478 1617 2733 1688 patiamur
2760 1618 2778 1688 (
2802 1617 3033 1690 Philipp.
3067 1621 3118 1675 1.
3149 1620 3276 1692 29).
3307 1622 3417 1679 Nos
3443 1640 3654 1695 quoque
3681 1637 3796 1682 stu-

2207 1706 2426 1763 deamus
2464 1723 2585 1763 esse
2626 1709 2814 1764 eodem
2858 1715 3036 1765 animo
3059 1753 3074 1778 ,
3105 1721 3160 1767 et
3187 1729 3374 1769 omnes
3401 1731 3520 1786 quae
3559 1717 3798 1774 incidunt

2209 1799 2481 1855 molestias
2500 1841 2516 1866 ,
2547 1801 2754 1872 placide
2782 1811 2837 1858 et
2866 1803 3109 1862 lubenter
3137 1807 3387 1862 feramus.
3419 1809 3583 1866 Ferre
3615 1821 3795 1868 autem

2209 1893 2535 1960 poterimus,
2564 1893 2611 1948 si
2647 1893 2815 1950 Deum
2844 1895 2914 1950 ita
2939 1897 3328 1967 amaverimus,
3355 1908 3413 1954 ut
3437 1902 3635 1956 amavit
3672 1919 3798 1972 pro-

2209 1985 2389 2056 pheta.
2416 1986 2531 2042 Non
2561 1987 2737 2044 solum
2762 1991 2906 2044 enim
2930 2006 2996 2046 ex
3027 2007 3285 2063 responso
3307 1994 3397 2050 illo
3420 1995 3536 2066 ejus
3557 2011 3799 2053 amorem

2209 2079 2390 2134 videre
2416 2095 2718 2149 possumus,
2740 2082 2832 2138 sed
2859 2084 3019 2138 etiam
3043 2099 3110 2140 ex
3133 2086 3212 2140 eis
3235 2101 3354 2156 quae
3378 2098 3796 2159 consequuntur.

2208 2168 2342 2224 Cum
2389 2171 2532 2226 enim
2573 2171 2843 2230 dixisset:
2875 2173 3310 2243 Quemadmodum
3349 2179 3600 2234 desiderat
3625 2197 3801 2236 cerrus

2211 2263 2278 2315 ad
2298 2267 2462 2332 fontes
2479 2281 2747 2334 aquarum,
2772 2269 2846 2320 ita
2869 2267 3118 2322 desiderat
3138 2270 3308 2323 anima
3331 2287 3441 2325 mea
3463 2272 3534 2325 ad
3553 2281 3616 2336 te,
3644 2272 3797 2338 Deus,

2211 2355 2483 2425 subjuuxit
2505 2357 2687 2414 dicens
2710 2375 2724 2412 :
2747 2359 2800 2413 ὅ.
2827 2358 2997 2414 Sitivit
3021 2361 3192 2414 anima
3214 2377 3325 2415 mea
3349 2365 3418 2416 ad
3437 2361 3599 2417 Deum
3619 2363 3802 2433 fortem

2210 2450 2375 2503 vivum
2405 2451 2650 2520 :quando
2684 2452 2879 2505 veniam
2916 2462 2961 2506 et
2997 2452 3250 2526 apparebo
3289 2464 3407 2509 ante
3443 2456 3624 2525 faciem
3666 2454 3803 2511 Dei!

2212 2541 2327 2596 Non
2359 2542 2492 2596 dixit
2517 2559 2532 2598 :
2561 2543 2768 2597 Amavit
2798 2545 2976 2599 anima
3004 2560 3120 2600 mea
3152 2544 3318 2600 Deum
3343 2547 3519 2600 vivum
3543 2586 3560 2613 ,
3589 2563 3760 2616 neque
3779 2587 3798 2612 ,

2217 2633 2407 2688 Dilexit
2446 2635 2620 2688 anima
2669 2649 2786 2690 mea
2828 2635 2993 2690 Deum
3035 2634 3212 2690 vivum
3241 2652 3258 2691 :
3290 2635 3384 2692 sed
3412 2646 3470 2692 ut
3495 2637 3802 2692 05tenderet

2211 2723 2478 2791 allectum,
2511 2740 2748 2781 amorem
2790 2721 2932 2782 sitim
2964 2727 3197 2795 vocavit,
3229 2729 3386 2784 ambo
3417 2729 3570 2784 nobis
3593 2730 3800 2799 signiti-

2211 2832 2341 2872 cans
2360 2859 2374 2883 ,
2406 2828 2460 2872 et
2487 2818 2734 2875 ardorem
2765 2819 2963 2875 amoris
2982 2861 2998 2886 ,
3026 2829 3081 2874 et
3102 2820 3340 2890 ejusdem
3369 2823 3801 2892 perpetuitatem;

2213 2909 2674 2976 Quemadmodum
2700 2912 2842 2966 enim
2869 2911 2961 2980 qui
2991 2912 3204 2976 sitiunt,
3235 2928 3340 2967 non
3372 2911 3472 2967 hoc
3503 2912 3555 2966 in
3585 2927 3692 2968 uno
3713 2912 3802 2968 die

2214 3002 2505 3074 patiuntur,
2532 3010 2587 3056 et
2612 3003 2838 3068 duobus,
2871 3013 2926 3058 et
2950 3003 3141 3069 tribus,
3169 3005 3260 3058 sed
3302 3019 3396 3073 per
3421 3013 3586 3058 totam
3615 3005 3798 3068 vitam,

2215 3095 2281 3148 ad
2327 3093 2428 3148 hoc
2458 3108 2556 3148 nos
2580 3093 2806 3149 ducente
2834 3105 3018 3148 natura
3050 3110 3067 3149 :
3097 3095 3164 3150 ita
3192 3099 3352 3150 etiam
3383 3095 3569 3151 beatus
3596 3095 3684 3151 ille
3707 3138 3723 3162 ,
3749 3105 3804 3152 et

2214 3201 2402 3241 onlnes
2431 3186 2622 3252 sancti,
2653 3201 2760 3240 non
2785 3200 2890 3240 uno
2916 3185 3090 3240 solum
3117 3186 3203 3241 die
3231 3185 3444 3241 fuerunt
3465 3187 3518 3241 in
3544 3200 3804 3257 compita-

2213 3280 2390 3335 ctione
2413 3318 2428 3344 ,
2461 3277 2598 3333 sicut
2621 3277 2774 3333 multi
2802 3277 3044 3334 homines
3067 3318 3083 3344 ,
3111 3293 3210 3333 nec
3238 3278 3444 3334 duobus
3463 3319 3478 3341 ,
3507 3293 3608 3335 nec
3634 3279 3803 3334 tribus

2216 3373 2354 3444 (hoc
2382 3371 2525 3428 enim
2551 3387 2658 3426 non
2685 3381 2828 3426 esset
2856 3371 3218 3440 mirandum),
3251 3370 3346 3426 sed
3374 3370 3587 3426 assidue
3614 3382 3668 3427 et
3694 3371 3804 3426 sin-

2213 3468 2350 3537 gulis
2387 3467 2577 3522 diebus
2611 3466 2856 3537 religiose
2885 3481 3066 3521 amare
3092 3465 3538 3535 perseverabant,
3566 3475 3622 3520 et
3649 3481 3803 3521 amo-

2215 3575 2327 3615 rem
2357 3559 2640 3630 augebant.
2671 3558 2822 3624 Quod
2851 3557 3067 3628 quidem
3103 3560 3218 3628 ipse
3252 3573 3466 3629 quoque
3500 3559 3803 3629 significans

2215 3651 2424 3706 dicebat
2455 3668 2468 3705 :
2499 3649 2670 3706 Sitivit
2713 3650 2886 3704 anima
2922 3666 3033 3705 mea
3067 3648 3136 3704 ad
3177 3648 3344 3704 Deum
3382 3652 3562 3722 fortem
3600 3650 3761 3703 viuum
3783 3691 3800 3715 ,

2214 3743 2370 3799 simul
2411 3752 2466 3798 et
2501 3757 2714 3798 causam
2744 3743 2931 3798 volens
2965 3742 3144 3797 dicere
3167 3783 3182 3807 ,
3211 3751 3269 3796 ut
3306 3757 3400 3812 per
3431 3750 3484 3797 te
3517 3741 3800 3806 ostendat,

2215 3834 2486 3906 quomodo
2513 3837 2634 3906 quis
2661 3835 2829 3891 Deum
2858 3837 2939 3890 sic
2964 3849 3144 3890 amare
3185 3837 3372 3906 possit.
3402 3835 3512 3890 lloc
3534 3835 3676 3889 enim
3706 3836 3805 3890 de-

2215 3928 2434 3982 claravit
2459 3943 2554 3998 per
2577 3941 2638 3981 ea
2662 3943 2783 3998 qua:
2808 3935 3121 3998 sequuntur,
3149 3941 3268 3981 cum
3295 3926 3428 3982 dixit
3455 3945 3468 3979 :
3497 3925 3669 3982 Sitivit
3693 3928 3806 3980 ani-

2216 4038 2300 4075 ma
2330 4037 2442 4074 mea
2465 4020 2534 4073 ad
2562 4019 2727 4073 Deum
2749 4062 2764 4086 ,
2791 4028 2846 4075 et
2873 4019 3140 4090 subjungit
3177 4019 3351 4074 Vivum
3373 4037 3392 4073 :
3417 4020 3804 4092 propemodum

2216 4112 2446 4167 suadens
2469 4121 2524 4167 et
2552 4110 2852 4166 vociferans
2883 4111 3131 4166 omnibus
3165 4113 3251 4182 qui
3301 4113 3460 4166 rebus
3501 4113 3656 4180 hujus
3681 4113 3804 4167 vitat

2218 4202 2426 4257 inhiant
2451 4219 2465 4257 :
2489 4201 2628 4270 Quid
2654 4201 2706 4256 in
2731 4217 2953 4272 corpora
2981 4201 3258 4257 insanitis?
3277 4201 3399 4271 quid
3424 4217 3646 4272 corpora
3667 4217 3807 4258 amas

2219 4293 2325 4349 tis?
2354 4293 2478 4363 quid
2518 4293 2742 4364 gloriam
2771 4292 3128 4348 desideratis?
3152 4291 3276 4363 quid
3306 4294 3681 4364 concupiscitis
3707 4310 3807 4348 vo-

2221 4384 2510 4454 luptatem?
2554 4384 2694 4440 Nihil
2729 4400 2915 4441 eorum
2954 4393 3130 4440 manet
3157 4395 3210 4439 et
3235 4385 3360 4439 vivit
3389 4395 3675 4455 perpetuo,
3709 4383 3806 4440 sed

2218 4478 2408 4534 diffluit
2435 4487 2490 4533 et
2516 4478 2780 4549 praeterit,
2807 4487 2862 4534 et
2887 4486 2972 4534 est
2997 4479 3184 4534 umbra
3211 4477 3448 4543 inanius,
3479 4479 3806 4548 somniisque

2220 4570 2462 4629 fallacius
2484 4611 2499 4637 ,
2532 4584 2594 4626 ac
2619 4571 2775 4625 citius
2802 4585 2960 4642 quam
2990 4570 3136 4625 verni
3179 4569 3338 4625 ﬂores
3366 4570 3724 4641 corrumpitur
3750 4579 3807 4624 et

2219 4662 2419 4717 interit.
2450 4660 2643 4728 Quidni
2672 4661 2814 4716 enim
2844 4661 3001 4716 citius
3023 4660 3294 4729 corrumpi
3333 4661 3506 4714 dicam
3543 4670 3598 4715 et
3636 4661 3807 4714 inter-

2220 4753 2299 4808 ire
2319 4797 2332 4818 ,
2361 4768 2482 4808 cum
2512 4753 2614 4806 alia
2643 4752 2858 4823 quidem
2898 4766 2998 4808 nos
3036 4751 3339 4822 relinquant
3365 4751 3520 4805 simul
3550 4766 3670 4804 cum
3701 4751 3806 4805 vita

2221 4844 2491 4914 praesenti,
2513 4844 2615 4898 alia
2638 4843 2797 4899 etiam
2823 4837 2947 4898 ante
2967 4842 3362 4898 dissolvantur?
3388 4841 3590 4898 Incerta
3609 4852 3692 4898 est
3716 4857 3810 4898 eo-

2223 4953 2340 4991 rum
2371 4936 2660 5006 possessio,
2695 4935 2957 4990 instabilis
2981 4950 3164 4990 eorum
3195 4951 3323 4991 usus
3347 4944 3402 4991 et
3425 4936 3622 5004 fruitio,
3651 4937 3807 4993 velox

2219 5038 2304 5081 est
2330 5027 2553 5082 mutatio
2581 5044 2593 5080 :
2623 5027 2676 5082 in
2703 5027 2816 5082 Deo
2839 5037 3016 5083 autem
3042 5026 3169 5082 nihil
3195 5036 3279 5083 est
3299 5027 3580 5098 ejusmodi,
3608 5028 3701 5084 sed
3731 5030 3811 5083 vi-

2219 5121 2298 5174 vit
2321 5120 2534 5190 quidem
2565 5128 2622 5175 et
2649 5128 2832 5176 manet
2853 5129 3110 5190 perpetuo
3131 5160 3147 5184 ,
3185 5119 3382 5175 nullam
3423 5121 3769 5176 mutationem
3795 5160 3809 5183 ,

2225 5227 2323 5266 nec
2361 5210 2520 5266 ullam
2561 5212 2964 5268 conversionem
3006 5210 3321 5284 suscipiens.
3351 5212 3574 5268 Caducis
3598 5227 3726 5283 ergo
3756 5221 3810 5268 et

2224 5302 2610 5357 momentaneis
2635 5303 2836 5359 relictis
2855 5345 2871 5371 ,
2899 5318 3020 5358 eum
3044 5304 3134 5374 qui
3164 5312 3248 5359 est
3274 5313 3507 5359 aeternus
3533 5316 3587 5360 et
3613 5320 3809 5376 perpe-

2226 5405 2346 5452 tuus
2372 5411 2632 5453 amemus.
2664 5396 2846 5470 Neque
2872 5398 3013 5453 enim
3045 5396 3158 5452 fieri
3196 5399 3404 5467 potest,
3437 5405 3495 5452 ut
3530 5398 3619 5468 qui
3661 5398 3808 5452 illum

2225 5498 2386 5555 amat,
2418 5487 2622 5559 pudore
2652 5504 2899 5558 umquam
2929 5488 3229 5544 afﬁciatur:
3259 5487 3372 5543 fieri
3406 5501 3511 5542 non
3554 5495 3728 5556 potest
3757 5496 3812 5544 ut

2225 5584 2294 5639 ab
2317 5599 2383 5639 eo
2408 5583 2617 5640 excidat
2643 5603 2658 5638 :
2687 5586 2800 5642 fieri
2828 5599 2934 5640 non
2965 5594 3140 5656 potest
3163 5594 3222 5639 ut
3245 5599 3310 5640 eo
3333 5600 3490 5656 quem
3517 5595 3681 5650 amat,
3713 5587 3808 5643 de-

2228 5677 2500 5733 stituatur.
2528 5676 2629 5747 Qui
2653 5687 2795 5732 amat
2820 5678 3072 5748 pecunias
3093 5719 3108 5743 ,
3135 5677 3219 5732 vel
3257 5686 3431 5732 morte
3456 5675 3769 5732 adveniente
3789 5715 3808 5741 ,

2229 5771 2312 5827 vel
2340 5771 2500 5828 etiam
2528 5780 2654 5827 ante
2681 5783 2907 5827 mortem
2937 5768 3166 5827 nudatur
3195 5770 3259 5826 iis
3285 5785 3405 5842 qua:
3428 5769 3712 5826 desiderat.
3745 5767 3804 5824 Ei

2230 5874 2442 5930 Quoque
2476 5865 2565 5936 qui
2609 5873 2921 5936 praesentem
2948 5871 3089 5918 amat
3123 5861 3379 5932 gloriam,
3408 5864 3638 5936 idipsum
3670 5873 3812 5930 saepe
