4140 6356
435 311 534 370 1θὸ

425 431 589 505 ἡμῶν
606 429 703 494 τάς
730 427 1023 500 ἁμαρτίας,
1058 427 1122 481 ἂν
1169 423 1565 497 ἐκκαθάρωμεν
1601 426 1703 496 τὴν
1735 427 2000 496 πονηρίαν

428 513 769 586 δυνησόμεθα
789 511 1072 580 διαδλέψαι
1099 513 1179 575 εἰς
1196 511 1290 564 τὸν
1312 510 1680 579 πνευματικὸν
1700 508 1883 571 πόθον,
1911 509 2004 562 καί

434 598 571 668 μετά
597 590 799 664 πολλῆς
823 596 922 665 τῆς
969 592 1278 664 προθυμίας
1315 591 1500 645 καλεῖν
1529 591 1618 644 τὸν
1644 591 1798 658 Θεὸν,
1825 592 1919 646 καί
1946 592 2004 644 τὸ

431 680 652 752 φίλτρον
681 678 1036 750 σφοδρότερον
1073 677 1354 740 ἀνάπτειν,
1391 675 1484 728 καὶ
1525 673 1600 746 μὴ
1632 675 1719 728 διὰ
1747 674 2004 747 ῥημάτων

434 764 615 834 μόνον,
649 762 784 816 ἀλλά
817 762 986 814 καὶδι’
1007 760 1191 813 αὐτῶν
1213 758 1322 812 τῶν
1351 757 1527 829 ἔργων
1543 755 1744 828 ταύτην
1765 757 2006 827 ὑποψάλο

430 849 548 902 λειν
565 849 663 917 τήν
697 846 967 916 ὑπακοήν.
1016 841 1128 898 Καὶ
1157 843 1264 914 γὰρ
1291 843 1378 896 διὰ
1425 842 1584 894 τοῦτο
1609 843 1736 905 τούς
1759 842 2006 912 ψαλμοὺς

431 934 566 1003 ἡμῖν
614 929 745 1006 ᾖσεν
805 929 835 982 ό
892 928 1162 999 μακάριος
1217 928 1444 990 ἐκεῖνος,
1496 925 1695 996 μᾶλλον
1743 925 1799 978 δέ
1841 925 1874 996 ἡ
1910 924 2004 978 τοῦ

433 1012 750 1086 Πνεύματος
782 1013 964 1084 χάρις,
987 1012 1087 1082 οὐχ
1143 1012 1233 1064 ἵνα
1273 1013 1342 1064 τά
1385 1011 1605 1080 ῥήματα
1632 1009 1878 1080 λέγωμεν
1908 1008 2008 1078 μό-

433 1117 542 1163 νον,
585 1097 700 1153 ἀλλ’
737 1097 822 1150 ίνα
864 1097 958 1149 καὶ
984 1091 1051 1147 δι’
1073 1093 1252 1147 αὐτῶν
1281 1093 1392 1145 τῶν
1422 1092 1602 1164 ἔργων
1629 1094 1825 1156 αὐτοὺς
1855 1092 2008 1162 μελε-

433 1183 636 1254 τῶμεν.
681 1179 773 1249 Μή
807 1174 988 1232 τοίνυν
1016 1177 1209 1248 οἰηθῇς
1242 1177 1333 1230 διὰ
1365 1175 1527 1230 τοῦτο
1574 1175 1806 1230 ἐνταῦθα
1844 1173 2008 1229 εἰσιέ-

433 1285 542 1329 ναι,
583 1264 670 1319 ίνα
699 1263 768 1317 τά
803 1263 1023 1333 ῥήματα
1060 1261 1220 1334 εἴπῃς
1247 1260 1428 1330 μόνον,
1453 1259 1566 1314 ἀλλ’
1602 1259 1688 1313 ἵνα
1713 1259 1842 1313 ὅταν
1873 1257 2007 1312 ὐπο-

431 1349 659 1421 ψάλλῃς,
693 1346 966 1416 συνθήκας
985 1340 1126 1397 εἶναι
1155 1345 1388 1416 νομίσῃς
1411 1343 1510 1416 τήν
1544 1343 1817 1409 ὑπακοήν.
1839 1343 2009 1396 Ὅταν

434 1433 542 1503 7&9
571 1432 766 1501 εῐπῃς’
811 1432 921 1482 Ὃν
964 1429 1186 1497 τρόπον
1230 1427 1504 1482 ἐπιποθεῖ
1551 1428 1590 1494 ἠ
1641 1427 1868 1496 ἔλαφος
1911 1426 2010 1480 ἐπὶ

434 1516 540 1581 τὰς
571 1513 768 1583 πηγὰς
794 1512 912 1565 τῶν
934 1511 1192 1573 ὑδάτων,
1250 1511 1438 1577 οὕτως
1474 1509 1745 1564 ἐπιποθεῖ
1771 1510 1810 1578 ή
1838 1509 2009 1578 ⁴ψυχή

429 1616 548 1668 μου
577 1596 726 1664 πρὸς
740 1593 836 1659 σὲ,
867 1596 902 1648 ὁ
919 1595 1094 1660 Θεός⁶
1119 1590 1340 1646 συνέθου
1363 1593 1440 1664 τῷ
1469 1592 1608 1662 Θεῷ,
1633 1594 2012 1662 γραμματεῖον

436 1679 680 1750 ἔγραψας
693 1677 820 1731 ἀνευ
836 1675 1039 1748 χάρτου
1052 1676 1147 1730 καί
1164 1675 1412 1746 μέλανος,
1437 1675 1526 1728 διά
1548 1674 1648 1744 τῆς
1661 1674 1845 1743 φωνῆς
1863 1672 2011 1744 ὡμο-

435 1760 675 1832 λόγησας
695 1761 914 1816 πάντων
940 1757 1102 1813 αὐτὸν
1136 1757 1560 1831 μᾶλλονφιλεῖν,
1597 1759 1692 1811 καὶ
1737 1759 1888 1813 οὐδὲν
1916 1761 2014 1812 αὐτ

436 1845 532 1899 τοῦ
550 1842 963 1916 προκρίνεσθαι,
990 1843 1086 1896 καὶ
1114 1842 1366 1896 καίεσθαι
1393 1841 1471 1911 τῷ
1489 1841 1617 1912 περὶ
1646 1842 1806 1895 αὐτὸν
1828 1841 2010 1912 ἔρωτι.

443 1931 540 1984 Ἀν
565 1928 745 1982 τοίνυν
790 1924 1021 1991 ἐξελθὼν
1051 1925 1169 1998 ίδῃς
1203 1926 1436 1994 γυναῖκα
1467 1923 1740 1995 εὔμορφόν
1769 1942 1892 1978 τινα
1920 1926 2014 1979 καὶ

438 2011 736 2066 ἀκόλαστον
788 2008 1146 2072 δελεάζουσάν
1180 2025 1239 2061 σε
1279 2008 1375 2061 καὶ
1407 2007 1543 2079 πρὸς
1580 2007 1670 2061 τὸν
1712 2007 1894 2078 ἔρωτα
1924 2007 2015 2060 τὸν

440 2095 640 2165 ἑαυτῆς
669 2091 963 2156 καλοῦσαν,
1001 2091 1123 2146 εἰπέ
1158 2090 1297 2160 πρὸς
1338 2090 1530 2160 αὐτήν·
1565 2091 1640 2142 Οὐ
1677 2090 1910 2161 δύναμαί
1933 2107 2015 2144 σοι

439 2177 829 2247 ἀκολουθῆσαι,
861 2175 1134 2247 συνθήκας
1166 2174 1370 2245 ιθὲμην
1404 2174 1540 2246 πρὸς
1560 2174 1652 2227 τὸν
1679 2174 1832 2238 Θεὸν,
1872 2191 2014 2245 παρ-

441 2263 609 2316 όντων
640 2260 750 2314 τῶν
788 2258 1057 2328 ἀδελφῶν,
1119 2257 1227 2312 τῶν
1273 2257 1482 2328 ἰερέων,
1514 2255 1622 2310 τῶν
1661 2257 2014 2323 διδασκάλων,

442 2341 772 2416 ὡμολόγησα
809 2343 903 2396 καὶ
949 2339 1266 2413 ὑπεσχόμην
1292 2340 1381 2394 διὰ
1422 2341 1523 2409 τῆς
1563 2340 1808 2412 ὑπακοῆς
1846 2339 2018 2406 οὕτως

444 2427 606 2481 αὐτὸν
639 2426 834 2496 φιλεῖν,
865 2427 966 2478 Ὃν
1012 2425 1233 2491 τρόπον
1261 2423 1537 2477 ἐπιποθεῖ
1567 2423 1606 2489 ἡ
1655 2423 1882 2491 ἔλαφος
1920 2425 2017 2477 ἐπὶ

445 2511 553 2576 τὰς
585 2508 785 2579 πηγὰς
831 2505 949 2561 τῶν
977 2505 1232 2561 ὑδάτων.
1291 2506 1514 2559 Δέδοικα
1567 2507 1878 2579 παραϐῆναι
1922 2508 2020 2571 τὰς

449 2593 741 2663 συνθήκας,
789 2591 999 2644 ἐκείνου
1046 2588 1232 2642 λοιπὸν
1271 2588 1480 2658 μελετῶ
1529 2589 1622 2641 τὸν
1650 2589 1849 2660 ἔρωτα.
1895 2589 2018 2642 Ἐὰν

448 2677 566 2749 ίδῃς
611 2675 876 2747 ἀργύριον
907 2672 1000 2725 ἐπὶ
1039 2673 1138 2742 τῆς
1185 2674 1391 2743 ἀγορᾶς
1445 2673 1717 2742 κείμενον,
1763 2672 2020 2744 ήίμάτια

448 2761 662 2831 χρυσᾶ,
715 2759 937 2831 ἐτέρους
997 2753 1323 2820 σοϐοῦντας,
1370 2757 1587 2819 οἰκέτας
1653 2755 1877 2826 ἔχοντας
1927 2759 2022 2811 καὶ

447 2843 648 2906 ἵππους
693 2839 1140 2912 χρυσοχαλίνους,
1188 2839 1356 2910 μηδὲν
1377 2839 1558 2912 πάθῃς
1593 2839 1700 2892 ὑπὸ
1731 2840 1830 2911 τῆς
1881 2857 2017 2909 φαν-

446 2925 641 2989 τασίας
666 2924 904 2994 ἐκείνης,
933 2923 1071 2978 ἀλλὰ
1105 2922 1266 2976 πάλιν
1298 2921 1464 2993 ἔπᾳδε
1495 2921 1730 2992 σεαυτῷ.
1762 2923 1857 2977 καὶ
1901 2924 2020 2976 εἰπέ

449 3007 586 3078 πρὸς
608 3007 708 3078 τὴν
734 3007 911 3077 ψυχὴν
943 3005 1042 3076 τήν
1075 3007 1204 3076 σήν⁸
1245 3003 1360 3075 Πρὸ
1401 3005 1598 3076 μικροῦ
1643 3005 2018 3076 ύπεψάλαμεν,

455 3094 557 3143 Ὃν
598 3091 818 3157 τρόπον
855 3089 1131 3144 ἐπιποθεῖ
1165 3087 1204 3156 ἡ
1253 3089 1480 3157 ἔλαφος
1533 3089 1633 3142 ἐπὶ
1684 3089 1792 3155 τὰς
1827 3089 2022 3159 πηγὰς

449 3175 568 3227 τῶν
597 3171 852 3235 ὑδάτων,
883 3172 1070 3239 οὕτως
1115 3172 1388 3228 ἐπιποθεῖ
1428 3173 1468 3241 ἡ
1513 3171 1682 3240 ’Ψυχή
1725 3191 1845 3241 μου
1873 3174 2022 3241 πρὸς

451 3257 546 3319 σὲ,
605 3259 639 3310 δ
695 3256 870 3322 Θεός·
921 3257 1016 3310 καὶ
1071 3255 1467 3326 ᾠκειωσάμεθα
1512 3254 1573 3308 τὸ
1617 3255 1869 3326 γράμμα,
1929 3255 2023 3309 καὶ

453 3340 608 3412 ἡμῶν
656 3339 786 3394 αὐτὸ
830 3341 1168 3411 ἐποιήσαμεν
1215 3334 1376 3392 εἰναι.
1425 3336 1606 3406 Μηδὲν
1649 3333 1740 3391 οὖν
1781 3339 2023 3410 φιλῶμεν

453 3421 561 3475 τῶν
610 3420 877 3492 βιωτικῶν
915 3420 1143 3488 τούτων,
1202 3421 1292 3474 ἵνα
1343 3421 1576 3492 ἄκρατος
1627 3421 1760 3489 ἡμῖν
1804 3422 1832 3475 ό
1884 3421 2024 3492 ἔρως

454 3506 658 3568 ἐκεῖνος
693 3504 868 3577 μείνῃ,
898 3505 994 3558 καὶ
1041 3503 1116 3576 μὴ
1151 3502 1468 3575 σχιζόμενος
1509 3501 1896 3574 ἀσθενέστερος
1929 3503 2022 3572 γέ-

454 3605 628 3657 νηται.
660 3581 828 3650 Οὗτος
854 3588 884 3640 ό
915 3585 1144 3650 πλοῦτος
1168 3585 1384 3642 ἅπαντα
1409 3583 1658 3649 πλοῦτον,
1688 3585 1902 3640 ἅπαντα
1928 3588 2025 3657 θη-

456 3685 676 3743 σαυρον,
711 3673 893 3726 πᾶσαν
939 3671 1312 3740 εὐδοκίμησιν,
1367 3671 1550 3723 πᾶσαν
1609 3669 1786 3734 δόξαν,
1844 3672 2024 3724 πᾶσαν

456 3757 812 3828 περιφάνειαν
844 3757 975 3826 ἡμῖν
1009 3753 1334 3826 χαρίσασθαι
1357 3753 1664 3824 δυνήσεται.
1694 3754 1894 3806 Τοῦτον
1920 3771 2024 3807 κα-

455 3841 722 3911 τύχωμεν,
760 3841 856 3893 καὶ
895 3839 1108 3902 οὐδενὸς
1149 3837 1335 3910 ἐτέρου
1376 3836 1700 3908 δεησόμεθα.
1737 3838 1801 3891 Εἰ
1830 3838 1937 3909 7&9
1974 3840 2023 3892 οἱ

454 3927 548 3980 τὸν
576 3925 802 3998 αἰσχρὸν
833 3925 1024 3978 τοῦτον
1050 3923 1229 3996 ἔρωτα
1267 3923 1568 3994 φιλοῦντες,
1594 3925 1688 3978 καὶ
1725 3925 1892 3997 κόρης
1924 3940 2023 3978 περ

459 4012 792 4081 ρικαιόμενοι
824 4009 1082 4074 πολλάκις
1111 4008 1388 4080 εὐμόρφου
1424 4007 1575 4080 [159]
1605 4009 1768 4074 τινὸς,
1799 4011 1893 4064 καὶ
1919 4027 2025 4062 πα-

455 4096 629 4168 τέρων
651 4096 1038 4161 ἀπειλούντων,
1065 4096 1161 4148 καὶ
1189 4094 1355 4164 φίλων
1373 4092 1758 4157 ὀνειδιζόντων,
1791 4095 1884 4149 καὶ
1907 4094 2025 4148 ἐτέ-

460 4193 568 4246 ρων
595 4175 805 4229 πολλῶν
827 4175 1239 4238 διαδαλλόντων,
1271 4173 1390 4228 οὐδὲ
1413 4173 1850 4244 ἐπιστρέφονται,
1893 4173 2028 4227 ἀλλά

459 4258 595 4330 πρὸς
630 4257 845 4329 ἐκείνην
884 4258 991 4311 εἰσὶ
1016 4257 1402 4329 τετραμμένοι,
1431 4256 1525 4308 καὶ
1545 4255 1718 4320 οἰκίας
1749 4272 2025 4327 καταφρο-

459 4342 631 4406 νοῦσι,
683 4343 778 4396 καὶ
810 4342 1010 4413 κλήρου
1045 4340 1320 4415 πατρῴου,
1362 4340 1457 4394 καί
1484 4338 1662 4412 δόξης,
1700 4341 1793 4394 καὶ
1818 4341 2026 4394 εὐδοκι-

463 4427 697 4498 μήσεως,
763 4425 858 4480 καὶ
908 4425 1075 4495 φίλων
1125 4424 1530 4495 παραινέσεως,
1590 4423 1831 4496 μεγάλην
1877 4425 2030 4494 νομί-

461 4507 644 4572 ζοντες
686 4508 829 4578 ἔχειν
867 4506 1220 4580 παραμυθίαν
1247 4505 1451 4560 τούτων
1485 4506 1755 4571 ἁπάντων,
1786 4507 1852 4560 ἂν
1877 4506 2027 4560 εὐδο-

461 4593 665 4662 κιμῶσι
712 4591 863 4664 παρὰ
907 4595 973 4664 τῇ
1024 4591 1278 4663 ἐρωμένῃ
1337 4591 1492 4663 μόνῃ,
1549 4592 1655 4646 κᾶν
1699 4592 1919 4662 εὐτελὴς
1968 4588 2026 4664 ᾗ,

461 4671 564 4724 κᾶν
600 4671 815 4740 ἄτιμος,
847 4669 950 4724 κᾶν
987 4672 1208 4742 ἡτισοῦν
1243 4683 1268 4709 ι
1308 4669 1488 4741 ἐκείνη
1511 4685 1524 4698 ·
1561 4673 1610 4724 οἰ
1651 4670 1744 4724 τὸν
1769 4669 1902 4724 Θεὸν
1944 4689 2031 4740 φι-

461 4749 700 4813 λοῦντες.
728 4749 805 4812 ὡς
835 4749 962 4820 χρὴ,
990 4748 1122 4802 πότε
1147 4748 1494 4819 αἰσθήσονται
1519 4748 1626 4801 τῶν
1653 4747 2028 4820 ἀνθρωπίνων,

462 4827 495 4898 ἦ
532 4829 640 4881 τῶν
666 4827 956 4898 λαμπρῶν,
984 4826 1017 4898 ἢ
1049 4827 1155 4881 τῶν
1186 4827 1466 4897 λυπηρῶν;
1510 4827 1644 4880 Οὐδὲ
1682 4827 1904 4897 ὄψονται
1933 4827 2030 4898 μὲν

463 4903 554 4960 οὖν
585 4906 686 4968 τάς
730 4907 1030 4974 φαντασίας
1057 4905 1152 4960 τοῦ
1187 4903 1452 4974 παρόντος
1495 4904 1631 4974 βίου.
1663 4903 1799 4977 πρὸς
1824 4907 2030 4959 ἐκεῖνον

464 4983 748 5056 τεταμένοι
794 4984 886 5036 τὸν
928 4984 1128 5056 ἔρωτα,
1169 4983 1305 5037 ἀλλὰ
1352 4983 1532 5054 πάσης
1586 4983 1683 5053 μὲν
1734 4981 2034 5051 καταγελά-

468 5079 618 5116 σουσι
644 5064 745 5133 τῆς
765 5062 1089 5134 εὐημερίας,
1119 5061 1298 5131 πάσης
1321 5061 1377 5115 δὲ
1407 5060 1764 5134 ύπερόψονται
1791 5061 2034 5130 δυσπραο

466 5139 612 5209 γίας,
663 5132 1076 5211 προσδεδεμένοι
1121 5140 1200 5212 τῷ
1246 5139 1396 5209 πόθῳ
1441 5139 1536 5193 τοῦ
1578 5132 1734 5205 Θεοῦ,
1765 5139 1858 5194 καὶ
1882 5139 2034 5194 οὐδὲν

466 5218 594 5274 ἀλλο
623 5217 879 5290 ὁρῶντες,
917 5219 1031 5274 ἀλλ’
1061 5219 1095 5291 ἢ
1144 5221 1350 5273 ἐκεῖνον
1391 5218 1572 5289 μόνον,
1622 5219 1715 5272 καί
1757 5217 2034 5289 πανταχοῦ

466 5297 629 5353 αὐτὸν
687 5298 1111 5368 φανταζόμενοι,
1167 5298 1262 5351 καὶ
1311 5296 1528 5352 πάντων
1591 5297 2035 5368 μακαριωτέρους

469 5377 693 5440 ἑαυτοὺς
727 5373 867 5431 εἶναι
897 5379 1228 5449 νομίζοντες.
1261 5377 1381 5431 Κᾶν
1405 5376 1464 5428 ἐν
1498 5375 1679 5447 πενίᾳ,
1701 5375 1802 5430 κᾶν
1831 5378 1888 5430 ἐν
1918 5377 2038 5430 άτι-

472 5455 590 5526 μίᾳ,
641 5455 746 5508 κᾶν
787 5456 845 5509 ἐν
886 5456 1122 5527 δεσμοῖς,
1160 5455 1264 5508 κάν
1309 5455 1367 5508 ἐν
1414 5453 1648 5524 θλίψεσι,
1683 5454 1784 5509 κάν
1837 5457 1894 5509 ἐν
1926 5457 2038 5518 τοῖς

469 5533 714 5604 ἐσχάτοις
751 5527 852 5588 ὦσι
885 5537 1094 5599 κακοῖς,
1122 5535 1230 5588 τῶν
1255 5532 1646 5604 βασιλευόντων
1672 5533 1851 5588 αὐτῶν
1878 5535 2038 5605 ἀμει-

470 5629 558 5666 νον
583 5613 879 5684 ἡγήσονται
919 5614 1240 5678 διακεῖσθαι,
1279 5615 1334 5666 ἐν
1367 5615 1532 5667 πᾶσιν
1574 5610 1654 5678 οἷς
1685 5614 1753 5669 ἂν
1790 5613 2038 5685 πάσχωσι

470 5691 790 5764 θαυμαστήν
819 5711 939 5748 τινα
972 5692 1322 5767 παραμυθίαν
1354 5692 1591 5763 ἔχοντες,
1617 5693 1678 5746 τὸ
1704 5691 1794 5748 διὰ
1824 5697 1913 5747 τὸν
1941 5709 2039 5746 ’πο⁹

471 5767 732 5842 θούμενον
763 5772 936 5826 ταῦτα
965 5773 1213 5841 πάσχειν.

536 5873 562 5902 ⁸
588 5874 670 5923 Sic
691 5879 834 5924 recte
862 5873 1013 5925 Savil.
1041 5874 1162 5924 Mor.
1189 5879 1243 5924 el
1268 5873 1434 5928 Monu'.
1464 5878 1505 5926 εἴ
1529 5892 1597 5933 τις
1620 5877 1720 5927 οὖν.

763 5961 1035 6023 Ρλτιιοι..
1070 5962 1190 6026 Gn.
1227 5963 1358 6027 LV.

1559 303 1928 365 EXPDSI'I'IU
1966 309 2027 364 ΙΝ
2070 307 2399 365 PSALMUM
2446 307 2581 367 XLI.

3579 317 3604 368 l
3616 317 3684 370 ιιι

2178 432 2254 488 ς’.
2284 429 2383 481 Διὰ
2405 426 2560 480 τοῦτο
2587 430 2679 482 καὶ
2701 427 2909 491 Παῦλος
2935 430 2992 482 ἐν
3019 427 3402 500 καθημερινοῖς
3437 425 3685 494 θανάτοις

2111 508 2209 564 ὢν.
2250 512 2308 564 ἐν
2344 512 2758 583 δεσμωτηρίοις,
2791 515 2849 567 ἐν
2891 512 3188 582 ναυαγίοις,
3228 513 3286 565 ἐν
3318 512 3595 584 ἐρημίαις,
3625 514 3685 566 ἐν

2115 592 2386 664 μάστιξιν,
2423 596 2481 648 ἐν
2511 597 2734 667 μυρίαις
2767 594 2981 664 ἑτέραις
3011 596 3317 662 κολάσεσιν,
3364 595 3549 667 ἔχαιρε
3590 600 3685 652 καὶ

2111 677 2424 745 ἡγαλλιᾶτο,
2463 678 2557 731 καὶ
2587 679 2812 750 ἐσκίρτα
2855 681 2948 733 καὶ
3001 681 3272 750 ἐκαυχᾶτο
3291 697 3304 710 ’
3335 685 3430 735 καὶ
3463 679 3558 733 νῦν
3587 685 3686 752 μὲν

2113 759 2317 828 ἔλεγεν,
2345 761 2426 814 ὅτι
2453 763 2536 815 Οὐ
2566 763 2760 832 μόνον
2786 761 2854 815 δὲ
2883 761 2975 814 ἐπ’
2998 762 3199 816 ἐλπίδι
3227 763 3339 832 τῆς
3366 764 3552 834 δόξης
3579 764 3685 820 τοῦ

2115 843 2282 905 Θεοῦ,
2321 843 2484 898 ἀλλὰ
2516 843 2616 898 καὶ
2639 846 2708 898 ἐν
2731 844 2860 910 ταῖς
2890 845 3137 913 θλίψεσι
3169 847 3550 918 καυχώμεθαο
3589 848 3686 902 νῦν

2111 925 2167 980 δὲ
2210 928 2392 989 πάλιν,
2439 929 2520 981 ὅτι
2560 928 2750 995 Χαίρω
2775 928 2846 981 ἐν
2883 928 3008 994 τοῖς
3041 932 3369 998 παθήμασι,
3415 933 3514 986 καί
3545 933 3687 987 ἀντ-

2112 1007 2439 1078 αναπληρῶ
2465 1009 2538 1064 τὰ
2568 1011 2948 1080 ὑστερήματα
2981 1010 3098 1065 τῶν
3125 1014 3388 1082 θλίψεων
3417 1015 3524 1069 τοῦ
3554 1017 3687 1084 Χρι-

2113 1095 2263 1150 στοῦ
2287 1095 2358 1148 ἐν
2381 1092 2454 1163 τῇ
2481 1095 2663 1163 σαρκί
2683 1113 2801 1164 μου
2819 1113 2831 1127 ο
2867 1095 2961 1149 καί
2988 1095 3148 1167 χάριν
3169 1096 3229 1149 τὸ
3257 1099 3488 1170 πρᾶγμα
3510 1098 3683 1162 καλεῖ,

2113 1178 2395 1250 ὁμολογῶν
2449 1176 2592 1232 οὕτω
2623 1179 2718 1231 καὶ
2766 1177 2962 1247 λέγων,
2996 1179 3076 1232 ὅτι
3116 1179 3277 1248 Ἡμῖν
3313 1180 3500 1246 οὓτως
3549 1180 3688 1250 ἐχα-

2108 1262 2291 1330 ρίσθη
2329 1259 2450 1315 ἀπὸ
2485 1259 2592 1314 τοῦ
2627 1261 2908 1330 Χριστοῦ,
2948 1263 3019 1316 οὐ
3058 1261 3253 1330 μόνον
3281 1260 3350 1316 τό
3380 1263 3468 1330 εἰς
3501 1264 3688 1318 αὑτὸν

2115 1343 2439 1405 πιστεύειν,
2494 1341 2655 1398 ἀλλὰ
2708 1343 2807 1396 καί
2863 1344 2929 1396 τὸ
2976 1343 3126 1412 ὑπὲρ
3163 1343 3349 1398 αὑτοῦ
3403 1344 3686 1414 πάσχειν.

2115 1424 2382 1495 Τοιαύτην
2409 1421 2502 1478 οὖν
2528 1425 2622 1478 καὶ
2653 1426 2816 1496 ἡμεῖς
2845 1426 3232 1497 σπουδάσωμεν
3264 1424 3492 1498 γνώμην
3515 1427 3686 1497 ἔχειν,

2117 1509 2210 1561 καί
2256 1509 2373 1579 μεθ’
2425 1508 2620 1580 ἡδονῆς
2665 1511 2844 1564 πάντα
2874 1510 3128 1580 φέρωμεν
3166 1509 3236 1563 τά
3276 1511 3690 1582 προσπίπτοντα

2117 1591 2355 1665 λυπηρά.
2382 1591 2736 1663 Δυνησόμεθα
2765 1592 2821 1646 δὲ
2851 1593 3056 1662 φέρειν,
3085 1589 3152 1646 ἂν
3173 1592 3265 1647 τδν
3292 1592 3426 1648 Θεὸν
3451 1593 3691 1665 φιλήσω-

2121 1691 2240 1743 μεν,
2269 1674 2344 1738 ὡς
2381 1677 2410 1728 ό
2447 1676 2730 1746 προφήτης
2755 1675 3027 1745 ἐφίλησεν.
3060 1676 3134 1729 Οὐ
3167 1675 3275 1748 7&9
3302 1676 3367 1748 δή
3397 1679 3554 1748 μόνον
3582 1677 3690 1730 ἀπὸ

2118 1757 2216 1823 τῆς
2264 1757 2508 1827 ὑπακοῆς
2543 1757 2746 1828 ταύτης
2790 1757 2936 1812 ἐστιν
2970 1759 3098 1813 ἰδεῖν
3131 1759 3298 1814 αὐτοῦ
3337 1757 3398 1814 τὸ
3443 1757 3687 1831 φίλτρον,

2119 1839 2254 1892 ἀλλά
2299 1841 2394 1894 καὶ
2433 1841 2542 1894 ἀπὸ
2569 1840 2678 1894 τῶν
2705 1840 2832 1911 ἐξῆς
2873 1841 3154 1913 ῥημάτων.
3196 1842 3382 1897 Εἰπὼν
3421 1844 3547 1915 γάρ,
3582 1845 3693 1897 '09-

2119 1924 2342 1989 τρόπον
2373 1923 2650 1980 ἐπιποθεῖ
2695 1925 2734 1991 ἡ
2774 1924 3002 1993 ἔλαφος
3051 1925 3152 1978 ἐπὶ
3197 1925 3306 1993 τὰς
3337 1925 3533 1996 πηγὰς
3573 1926 3694 1980 τῶν

2119 2005 2376 2071 ὑδάτων,
2426 2007 2614 2074 οὕτως
2659 2007 2930 2062 ἐπιποθεῖ
2967 2007 3006 2074 ἠ
3040 2008 3209 2078 ψυχή
3243 2026 3365 2080 μου
3407 2011 3556 2079 πρὸς
3593 2011 3690 2070 σε,

2121 2090 2156 2142 ὀ
2189 2089 2333 2155 Θεός
2369 2107 2510 2158 μου,
2547 2091 2793 2161 ἐπήγαγε
2840 2089 3046 2159 λέγων’
3088 2092 3411 2163 Ἐδίψησεν
3442 2095 3480 2163 ἠ
3519 2094 3692 2163 ψυχή

2116 2190 2237 2241 μου
2267 2174 2416 2242 πρὸς
2441 2173 2549 2228 τὸν
2571 2174 2719 2227 Θεὸν
2745 2172 2852 2227 τόν
2892 2175 3147 2244 ἰσχυρὸν
3173 2177 3282 2230 τὸν
3307 2176 3517 2237 ζῶντα·
3549 2177 3698 2231 ,τότε

2125 2254 2252 2320 ἥξω
2291 2256 2389 2308 καὶ
2423 2255 2761 2324 ὀφθήσομαι
2788 2255 2869 2323 τῷ
2893 2258 3190 2326 προσιὶκτῳ
3214 2261 3323 2314 τοῦ
3352 2261 3502 2315 Θεοῦ
3513 2276 3533 2326 ;
3581 2261 3697 2316 Οὐκ

2125 2333 2297 2401 εἶπεν,
2329 2336 2658 2408 Ἐφίλησενὴ
2684 2339 2826 2412 ψυχή
2853 2357 2954 2411 μου
2974 2340 3063 2394 τὸν
3083 2342 3214 2396 Θεὸν
3237 2343 3328 2396 τὸν
3349 2343 3546 2409 ζῶντα,
3561 2344 3694 2408 οὐδ’,

2140 2421 2449 2491 Ἐγάπησεν
2488 2423 2521 2492 ἡ
2548 2421 2690 2492 ψυχή
2726 2439 2826 2494 μου
2851 2422 2942 2476 τὸν
2971 2423 3103 2479 Θεὸν
3125 2421 3217 2478 τὸν
3241 2425 3437 2492 ζῶντα,
3467 2427 3580 2480 ἀλλ’
3609 2427 3698 2482 ίνα

2123 2505 2222 2574 τὴν
2251 2504 2490 2559 διάθεσιν
2532 2504 2850 2576 ἐνδείξηται,
2892 2508 3043 2577 δίψος
3082 2509 3308 2563 ἐκάλεσε
3346 2511 3409 2564 τὸ
3448 2513 3695 2583 φίλτρον,

2125 2587 2407 2656 ἀμφότερα
2439 2588 2570 2658 ἡμῖν
2614 2588 2808 2659 δηλῶν,
2857 2592 2917 2643 τό
2952 2609 3010 2644 τε
3050 2591 3273 2657 διακαὲς
3316 2594 3415 2664 τῆς
3453 2594 3694 2666 ἀγάπης,

2126 2670 2300 2724 καὶτὸ
2327 2672 2576 2742 διηνεκὲς
2599 2671 2695 2724 τοῦ
2720 2672 2939 2743 ἔρωτος.
2981 2676 3250 2748 Καθάπερ
3277 2677 3386 2750 γὰρ
3411 2680 3464 2732 οἱ
3498 2679 3698 2750 διψῶν-

2125 2769 2216 2815 τες
2243 2753 2344 2806 οὐκ
2370 2756 2428 2806 ἐν
2454 2755 2552 2824 μιᾷ
2588 2755 2747 2808 τοῦτο
2783 2757 3084 2827 πάσχουσιν
3115 2761 3300 2832 ἡμέρα
3337 2763 3428 2815 καὶ
3466 2761 3560 2816 δύο
3603 2765 3698 2816 καὶ

2125 2835 2323 2906 τρισὶν,
2352 2836 2489 2890 ἀλλὰ
2532 2837 2624 2890 καὶ
2657 2836 2745 2890 διὰ
2790 2839 2990 2904 παντὸς
3026 2839 3118 2894 τοῦ
3163 2841 3304 2913 βίου,
3340 2845 3440 2915 τῆς
3484 2845 3699 2914 φύσεως

2126 2918 2219 2970 ἐπὶ
2247 2917 2405 2972 τοῦτο
2435 2920 2634 2982 αὐτοὺς
2667 2917 2907 2990 ἀγούσης
2928 2938 2943 2952 ο
2989 2921 3130 2976 οὕτω
3163 2925 3228 2996 δὴ
3260 2927 3354 2978 καὶ
3376 2929 3403 2981 ό
3430 2929 3700 2999 μακάριος

2126 3003 2352 3066 ἐκεῖνος,
2383 3005 2478 3056 καὶ
2507 3003 2706 3064 πάντες
2732 3003 2782 3055 οί
2806 3004 2971 3071 ἀγιοι,
2995 3002 3094 3058 οὐκ
3123 3009 3180 3058 ἐν
3204 3010 3301 3078 μιᾷ
3333 3009 3490 3079 μόνον
3513 3011 3703 3082 ἡμέρᾳ

2127 3088 2184 3139 ἐν
2215 3082 2502 3151 κατανύξει
2537 3084 2814 3153 ἐγένοντο,
2853 3088 3104 3159 καθάπερ
3131 3090 3312 3144 πολλοί
3345 3091 3453 3145 τῶν
3489 3093 3702 3166 ἀνθρὼ-

2129 3185 2266 3232 πων,
2299 3169 2418 3222 οὐδὲ
2451 3169 2509 3222 ἐν
2536 3169 2657 3223 δυσὶ
2703 3171 2797 3224 καὶ
2839 3172 2984 3243 τρισὶ
3018 3173 3205 3241 (τοῦτο
3243 3175 3349 3246 γὰρ
3386 3177 3536 3231 οὐδὲν
3574 3177 3702 3232 θαυ-

2132 3252 2380 3324 μαστὸν),
2421 3252 2573 3326 [MO]
2621 3254 2756 3308 ἀλλὰ
2788 3255 2884 3309 καὶ
2917 3255 3178 3326 διηνεκῶς
3208 3259 3300 3311 καὶ
3325 3259 3443 3312 καθ’
3463 3262 3702 3334 ἑκάστην

2127 3335 2340 3406 ἡμέραν
2377 3335 2611 3406 ἐρῶντες
2657 3336 2925 3390 διετέλουν
2967 3339 3083 3416 μετ’
3122 3339 3428 3408 εὐλαϐείας,
3469 3345 3562 3397 καὶ
3601 3345 3702 3416 τήν

2129 3419 2349 3489 ἀγάπην
2378 3417 2671 3474 ἐπέτεινον.
2707 3420 2885 3493 “Amp
2939 3415 3032 3474 οὖν
3077 3422 3171 3476 καὶ
3217 3424 3380 3489 αὐτὸς
3420 3415 3703 3497 ἐμφαίνων

2129 3502 2342 3570 ἔλεγεν·
2389 3500 2714 3571 Ἐδίψησεν
2754 3505 2794 3574 ἠ
2843 3503 3014 3574 ψυχή
3064 3523 3184 3575 μου
3228 3507 3378 3576 πρὸς
3416 3511 3524 3564 τὸν
3552 3513 3705 3568 Θεὸν

2129 3583 2238 3637 τὸν
2266 3583 2522 3654 ἰσχυρὸν
2543 3586 2651 3639 τὸν
2674 3584 2880 3649 ζῶντα,
2911 3587 3048 3657 όμοῦ
3081 3589 3176 3642 καὶ
3201 3589 3298 3662 τήν
3323 3591 3502 3646 αἰτίαν
3531 3595 3701 3649 θέλων

2129 3669 2324 3728 εἰπεῖν,
2356 3667 2451 3720 καὶ
2479 3667 2566 3720 διά
2595 3669 2654 3722 σὲ
2685 3667 3008 3741 βουλόμενος
3031 3665 3222 3737 δεῖξαι,
3265 3674 3380 3738 πῶς
3407 3676 3472 3730 ἀν
3502 3694 3588 3742 τις
3610 3679 3702 3732 τὸν

2130 3748 2263 3832 Θεὸν
2301 3748 2475 3812 οὓτως
2504 3750 2772 3821 φιλήσειε.
2803 3752 2902 3805 Διά
2942 3753 3052 3824 γάρ
3085 3754 3194 3807 τῶν
3229 3752 3356 3826 ἑξῆς
3386 3757 3544 3812 τοῦτο
3581 3760 3704 3832 ἐδήο

2131 3831 2324 3897 λωσεν,
2369 3832 2560 3898 εἰπὼν,
2586 3835 2669 3888 ὅτι
2720 3834 3047 3906 Ἐδίψησεν
3098 3839 3136 3906 ἡ
3184 3839 3355 3908 ψυχή
3396 3859 3518 3909 μου
3549 3845 3703 3912 πρὸς

2131 3916 2239 3969 τὸν
2268 3917 2436 3980 Θεὸν,
2481 3918 2577 3970 καὶ
2635 3917 2951 3986 ἐπαγαγὼν,
3005 3921 3115 3972 Τὸν
3165 3919 3350 3989 ζῶντα
3368 3939 3382 3954 ·
3420 3927 3702 3997 μονονουχὶ

2101 3999 2416 4068 -παραινῶν
2461 4001 2556 4053 καὶ
2599 4000 2813 4071 ἐμϐοῶν
2843 4002 2977 4055 πᾶσι
3018 4004 3134 4066 τοῖς
3188 4003 3324 4074 πρὸς
3367 4006 3436 4059 τά
3469 4006 3702 4076 βιωτικά

2133 4082 2434 4152 πράγματα
2481 4083 2768 4154 κεχηνόσι·
2805 4083 2871 4136 Τί
2904 4084 3030 4154 περὶ
3060 4083 3290 4153 σώματα
3323 4087 3612 4158 μαίνεσθε;
3648 4091 3702 4144 τί
3732 4145 3741 4155 ,

2133 4164 2292 4236 δόξης
2322 4164 2674 4235 ἐπιθυμεῖτες
2715 4167 2770 4220 τί
2816 4168 3029 4237 τρυφῆς
3078 4169 3328 4238 ἐφίεσθε;
3363 4167 3533 4226 Οὐδὲν
3577 4173 3702 4228 τού-

2131 4265 2242 4302 των
2272 4249 2421 4319 μένει
2453 4249 2549 4303 καί.
2576 4249 2642 4321 ζῇ
2672 4250 2955 4323 διηνεκῶς,
2989 4251 3128 4304 ἀλλά
3153 4253 3368 4324 διαρῤεί
3391 4257 3485 4308 καὶ
3502 4257 3704 4329 παρέρ·

2134 4350 2307 4403 χεται,
2342 4333 2438 4387 καὶ
2490 4335 2650 4397 σκιᾶς
2700 4337 2838 4389 εἰσιν
2875 4335 3300 4406 οὐδαμινώτερα,
3349 4340 3442 4393 καὶ
3476 4341 3702 4414 ὀνείρων

2135 4416 2536 4499 άπατηλότερα,
2551 4418 2660 4499 καὶ
2681 4418 2792 4471 τῶν
2818 4420 3051 4488 ἐαρινῶν
3072 4421 3249 4476 άνθῶν
3273 4423 3702 4499 εύφθαρτότερα,

2137 4497 2162 4536 h
2201 4498 2270 4552 τὰ
2304 4499 2402 4568 μὲν
2434 4498 2574 4570 μετὰ
2600 4501 2698 4570 τῆς
2724 4498 3008 4574 παρούσης
3033 4505 3513 4576 καταλιμπάνοντα
3535 4497 3701 4582 ζωῆς,

2135 4582 2203 4635 τὰ
2236 4582 2292 4634 δὲ
2327 4582 2422 4634 καὶ
2458 4582 2567 4654 πρὸ
2598 4583 2708 4637 τῶν
2747 4585 2982 4639 ἐνταῦθα
3019 4589 3705 4660 καταλυόμενα.”Απιστος

2138 4665 2314 4718 αὐτῶν
2429 4667 2642 4737 κτῆσις,
2672 4667 2932 4734 ἀϐέϐαιος
2978 4672 3012 4741 ἡ
3057 4673 3375 4741 ἀπόλαυσις,
3403 4675 3706 4749 ὀξύρροπος

2135 4751 2168 4816 ἡ
2202 4748 2503 4820 μεταδολήυ
2541 4751 2636 4803 ἐπὶ
2667 4750 2764 4804 τοῦ
2807 4751 2942 4806 Θεοῦ
2970 4753 3027 4806 δέ
3058 4755 3210 4808 οὐδὲν
3255 4748 3510 4813 τοιοῦτόν
3533 4748 3702 4828 ἐστιν,

2137 4834 2272 4912 ἀλλὰ
2305 4837 2369 4906 ζῇ
2394 4836 2495 4912 καὶ.Δ
2513 4834 2663 4906 μένει
2695 4838 2958 4912 διηνεκῶς
2995 4841 3219 4906 ἐκεῖνος,
3251 4841 3375 4898 οὐτε
3398 4847 3709 4912 ἀλλοίωσιν..

2137 4903 2260 4957 οὔτε
2325 4903 2538 4978 τροπήν
2586 4923 2708 4961 τινα
2759 4903 3065 4980 δεχόμενος.
3110 4903 3368 4982 Ἀφέντες
3420 4917 3599 4972 τοίνυν
3638 4903 3707 4973 τά

2140 4988 2450 5060 πρόσκαιρα
2496 4990 2584 5043 καὶ
2637 4991 2912 5063 ἐφήμερα,
2944 4993 3036 5048 τὸν
3082 4994 3302 5050 αἰώνιον
3342 4998 3435 5051 καὶ
3481 4999 3705 5072 διηνεκῆ

2141 5072 2400 5154 φιλῶμεν.
2436 5072 2512 5128 Οὐ
2543 5073 2650 5148 γὰρ
2680 5074 2825 5128 ἐστιν
2858 5078 3064 5132 ἐκεῖνον
3092 5079 3350 5148 φιλοῦντα
3375 5099 3707 5154 καταισχυν-

2139 5152 2299 5226 θῆναί
2349 5170 2477 5210 me:
2498 5175 2512 5189 ·
2567 5157 2671 5212 οὐκ
2698 5157 2846 5211 ἐστιν
2871 5158 3150 5214 ἐκπεσεῖν·
3189 5164 3290 5217 οὐκ
3321 5164 3470 5219 ἐστιν
3503 5152 3708 5238 ἔρημον

2141 5238 2396 5321 γενέσθαι
2433 5239 2530 5294 τοῦ
2574 5241 2920 5313 φιλουμένου.
2951 5245 3228 5316 Χρήματα
3261 5248 3360 5317 μὲν
3381 5249 3411 5301 ό
3445 5250 3634 5318 φιλῶν,
3673 5251 3708 5321 ἢ

2139 5319 2395 5393 τελευτῆς
2439 5323 2797 5396 ἐπελθούσης,
2843 5324 2876 5396 ἢ
2923 5328 3020 5382 καὶ
3059 5328 3166 5399 πρὸ
3192 5330 3293 5400 τῆς
3321 5330 3578 5403 τελευτῆς
3611 5319 3711 5403 γυιξ

2145 5403 2370 5474 μνοῦται
2417 5406 2526 5462 τῶν
2559 5407 2941 5479 ποθουμένωνο
2987 5411 3082 5466 καὶ
3132 5412 3289 5484 δόξης
3331 5429 3416 5479 τις
3443 5417 3587 5488 ἐρῶν
3612 5419 3713 5489 τῆς

2201 5507 2350 5573 ι-Ηίο
2379 5513 2599 5573 quedam
2630 5515 2901 5568 desiderari
2923 5517 3100 5567 suadet
3126 5518 3221 5568 hoc
3241 5519 3623 5572 additamentum
3661 5525 3714 5572 in

2142 5569 2316 5640 Latin?
2349 5569 2762 5641 ig'terprelgauoqe
2800 5578 3006 5641 ﬁgi-veli
3031 5599 3045 5628 :
3091 5577 3270 5638 Quidni
3293 5579 3422 5632 enim
3439 5569 3716 5635 caici—co;

2143 5633 2306 5708 πέμψε
2338 5633 2511 5708 dicavi
2527 5643 2571 5686 el
2587 5635 2822 5708 inleriije?
2847 5640 2972 5708 Pplp
2996 5633 3160 5708 ευιὲιη
3183 5641 3290 5693 hac
3306 5643 3455 5708 yerba
3475 5645 3536 5694 δι’
3552 5633 3716 5708 ὁμοιο-

2125 5695 2369 5782 ίίξςξγίξῖέ
2393 5697 2648 5782 μὰρ-τέξεις)
2667 5703 2864 5782 οωξειιιι⁴
2885 5701 3036 5782 fuisse
3051 5714 3064 5760 ;
3078 5703 3516 5782 _sioqu§-Gra‘ac§m
3534 5695 3715 5781 sériein

2145 5757 2370 5832 Brim‘itgs
2393 5757 2661 5832 ‘pabpisse,
2689 5763 2911 5832 καὶ-τῶν,
2941 5757 3137 5826 ἐαρινῶν
3359 5768 3714 5832 εύφθαρτότερα.

2148 5817 2282 5888 Αιατὶ
2301 5817 2462 5888 δὲρύκ
2485 5822 2664 5888 εἴποιμι
2687 5817 3053 5888 εὐφθαρτότερὸις
3095 5827 3176 5874 vel
3211 5827 3329 5888 quid
3355 5817 3535 5879 δὶάιὶιὲ.
3564 5817 3715 5881 Sne“.

2145 5877 2500 5943 ὠφοαρτὸτερα.
2526 5877 2638 5939 Πῶς
2666 5877 2759 5947 γὰρ’
2787 5877 2874 5933 οὐκ
2892 5877 3307 5953 εὐφθαρτότεροίτὰ
3331 5892 3429 5948 μέν.

3297 5970 3373 6031 10
