4090 6346
416 243 524 300 165

1086 236 1148 292 ’8.
1188 233 1472 292 JOANNIS
1507 227 1991 290 CHRYSOSTOMI
2033 231 2356 290 ARCHIEP.
2390 231 2947 296 CONSTANTINOP.

3568 249 3674 306 106

416 349 696 424 “among
728 348 789 401 τὸ
823 346 953 401 una
990 348 1220 419 πάσχει.
1274 348 1537 412 πολλάκις
1574 348 1629 401 δὲ
1664 350 1757 401 καὶ
1791 348 1850 402 τὸ
1880 347 1987 402 τῶν
2101 347 2396 415 κενοδοξία,
2427 350 2527 403 οὐκ
2564 351 2692 406 ἄλλο
2720 369 2773 406 τι
2803 351 2913 406 τῶν
2934 353 3191 409 τοιούτων
3216 356 3362 427 ἡμᾶς
3392 360 3674 431 αἱρήσεται

416 435 684 506 σωμάτων
713 431 907 495 κάλλος
938 431 1069 485 πολύ
1099 430 1209 484 τῶν
1235 433 1540 503 εἰρημένων
1569 432 1993 486 κατασϐέννυται

413 518 629 580 θᾶττον,
681 518 777 570 καὶ
840 516 1019 569 πάντα
1053 514 1242 579 ἁπλῶς
1282 516 1351 569 τὰ
1397 516 1649 586 βιωτικὰ,
1682 516 1994 586 πρόσκαιρα

412 601 507 655 καί
532 603 808 671 ἐφήμερα,
839 598 935 652 καὶ
956 601 1086 670 πρὶν
1112 598 1146 670 ἢ
1182 598 1587 670 παραγενέσθαι
1617 599 1711 652 καὶ
1740 600 1992 669 φανῆναι,

410 685 614 747 εὐθέως
639 682 920 753 ἀποπηδᾷ.
961 684 1017 735 'U
1047 683 1104 736 δὲ
1131 681 1243 736 τῶν
1276 683 1663 753 πνευματικῶν
1689 682 1830 754 ἔρως
1870 683 1993 735 τού-

410 767 624 823 ναντίον
648 765 818 831 ἀπαν,
847 765 1087 837 ἀκμάζει
1117 766 1383 838 διηνεκῶς
1411 768 1507 821 καί
1535 766 1708 833 ἀνθεῖ,
1748 766 1843 821 καὶ
1887 766 1991 837 γῆ-

414 868 512 922 ρας
543 849 642 904 οὐκ
681 846 843 915 οἶδεν,
873 849 997 904 οὐδὲ
1027 849 1368 921 παλαιότητα
1403 851 1639 921 δέχεται,
1673 849 1793 904 οὑδὲ
1824 866 1991 920 μετα-

410 935 539 1007 ϐολῇ
570 952 677 991 τινι
712 936 807 989 καὶ
835 937 1011 1006 τροπῇ
1043 935 1137 988 καλ⁹
1171 934 1368 1006 άδηλίςι
1392 934 1487 990 τοῦ
1520 933 1807 1005 μέλλοντός
1841 933 1991 987 ἐστιν

410 1019 742 1083 ὑπεύθυνος·
807 1017 943 1071 ἀλλά
998 1017 1093 1071 καὶ
1159 1017 1395 1073 ἐνταῦθα
1443 1019 1571 1083 τοὺς
1620 1016 1991 1087 κεκτημένους

407 1102 629 1173 ὠφελεῖ,
679 1101 775 1156 καὶ
817 1100 1136 1173 περιϐάλλει
1182 1101 1469 1165 πάντοθεν,
1515 1102 1610 1155 καὶ
1657 1099 1992 1162 ἀπελθόντας

407 1184 659 1241 ἐντεῦθεν
710 1184 812 1238 οὐκ
853 1183 1101 1254 ἀφίησιν,
1154 1184 1290 1237 ἀ).λά
1333 1185 1426 1238 καί
1477 1182 1851 1254 συναποδημεῖ
1889 1181 1983 1235 καὶ

409 1262 845 1342 συμμεθίσταται
884 1270 1117 1333 τούτοις,
1152 1270 1245 1323 καί.
1292 1268 1403 1321 τῶν
1451 1269 1755 1341 φωστήρων
1801 1266 1981 1322 αὐτῶν

406 1354 821 1427 λαμπροτέρους
856 1352 1055 1416 αὐτοὺς
1084 1352 1376 1422 ἀποφαίνει
1405 1350 1546 1405 κατά
1567 1351 1667 1422 τὴν
1700 1364 1726 1393 ι
1766 1350 1981 1421 ἡμέραν

407 1439 848 1510 ε’κείνην.’⁸Λπερ
888 1430 983 1490 οὖν
1036 1434 1194 1501 εἰδὼς
1242 1436 1338 1490 καὶ
1390 1438 1419 1490 ὁ
1480 1437 1748 1507 μακάριος
1800 1433 1985 1498 Δαυῖδ,

407 1522 577 1593 φιλῶν
605 1520 857 1586 διετέλει,
882 1520 980 1574 καὶ
1002 1520 1099 1574 τὸν
1125 1519 1305 1589 ἔρωτα
1327 1519 1429 1572 οὐκ
1454 1519 1713 1589 ἠνέσχετο
1736 1519 1989 1589 κατέχειν

405 1609 573 1671 ἔνδον,
603 1604 742 1660 ἀλλά
764 1605 938 1658 παντὶ
963 1604 1152 1675 τρόπῳ
1172 1601 1343 1668 δεῖξαι
1372 1606 1486 1666 τοῖς
1522 1602 1811 1657 ἀκούουσιν
1830 1602 1991 1671 ἠπεί-

404 1709 535 1760 γετο
569 1690 631 1743 τὸ
659 1685 793 1759 πῦρ,
815 1689 954 1758 ὅπερ
982 1686 1131 1741 ἔνδον
1151 1687 1315 1740 αὐτὸν
1349 1688 1612 1756 συνεῖχεν.
1647 1685 1832 1739 Εἰπὼν
1855 1684 1986 1755 γὰρ,

418 1773 742 1842 Ἐδίψησεν
767 1773 805 1840 ἡ
836 1768 1007 1840 ψυχή
1036 1788 1157 1840 μου
1188 1770 1339 1837 πρὸς
1370 1769 1478 1823 τὸν
1506 1768 1657 1824 Θεὸν
1679 1768 1786 1823 τὸν
1812 1773 1988 1838 ἰσχυ-

402 1857 513 1928 ρὸν
542 1857 647 1910 τόν
676 1854 880 1921 ζῶντα,
902 1856 1175 1925 ἐπήγαγε,
1195 1855 1346 1907 Πότε
1378 1853 1502 1920 ἥξω
1526 1853 1626 1907 καὶ
1649 1853 1990 1923 ὀφθήσομαι

404 1940 486 2007 τῷ
515 1938 814 2010 προσώπῳ
851 1936 959 1991 τοῦ
1009 1934 1190 1999 Θεσῦ;
1221 1936 1364 2007 Ὅρα
1422 1935 1711 2005 καιόμενον
1760 1936 1853 1989 τὸν
1895 1935 1985 1989 ἀν-

406 2023 656 2096 θρωπον·
711 2023 816 2092 δρα
865 2018 1311 2090 ἐμπιπράμενον.
1379 2018 1552 2083 Εἰδὼς
1599 2020 1682 2072 ὅτι
1737 2017 1987 2072 ἐντεῦθεν

406 2104 659 2160 ἀπελθὼν
694 2104 855 2157 αὐτὸν
883 2102 1094 2171 δψεται,
1127 2101 1250 2154 οὐδὲ
1277 2101 1379 2171 τὴν
1407 2098 1676 2171 ἀναϐολὴν
1704 2100 1983 2171 ἀναμένει·

405 2189 467 2243 οὐ
499 2189 679 2257 στέγει
716 2187 814 2258 τὴν
846 2184 1137 2256 ὑπέρθεσιν
1180 2185 1229 2251 ι),
1276 2183 1413 2238 ἀλλά
1460 2184 1813 2238 ἀποστολικὸν
1854 2186 1987 2255 ἡμῖν

406 2270 640 2327 ἐνταῦθα
666 2269 905 2324 δείκνυσι
937 2268 1209 2338 φρόνημα.
1243 2267 1354 2321 Καὶ
1383 2267 1492 2338 γὰρ
1522 2268 1728 2331 ἐκεῖνος
1772 2265 1986 2319 ἔστενεν

405 2356 500 2408 ἐπὶ
528 2356 596 2425 τῇ
632 2351 887 2423 μελλήσει
917 2348 1064 2422 [Ml]
1098 2349 1200 2419 τῆς
1220 2347 1469 2403 ἐντεῦθεν
1511 2348 1845 2420 ἀποδημίας·
1887 2346 1981 2401 καὶ

404 2430 560 2501 οὗτος
601 2435 664 2489 τὸ
691 2428 825 2488 αὐτὸ
856 2431 1015 2485 τοῦτο
1046 2431 1276 2503 ἔπασχε.
1308 2432 1408 2485 Διά
1434 2428 1592 2485 τοῦτο
1624 2432 1797 2501 ἔλεγε,
1828 2433 1978 2486 Πότε

404 2519 532 2590 ἥξω
559 2518 660 2574 καί
697 2514 1035 2586 ὀφθήσομαι
1068 2511 1147 2579 τῷ
1173 2515 1472 2583 προσώπῳ
1497 2515 1605 2569 τοῦ
1633 2514 1783 2569 Θεοῦ
1799 2532 1820 2579 ;
1870 2516 1980 2569 Καὶ

404 2607 455 2657 εί
490 2603 589 2675 μὲν
622 2597 835 2671 ἰδιώτης
869 2616 950 2660 τις
973 2592 1041 2668 ἦν
1071 2596 1167 2650 καὶ
1196 2596 1440 2667 εὐτελὴς,
1471 2597 1567 2650 καὶ
1593 2598 1867 2663 ταπεινὸς,
1892 2598 1987 2651 καὶ

405 2690 463 2740 ἐν
490 2682 650 2757 πενία
688 2682 817 2748 ζῶν,
849 2682 991 2753 μέγα
1028 2681 1128 2752 μὲν
1163 2680 1256 2735 καὶ
1282 2678 1455 2742 οὑτως
1483 2679 1545 2732 τὸ
1570 2680 1671 2750 τῆς
1704 2680 1986 2751 παρούσης

404 2768 815 2840 καταφρονῆσαι
855 2765 1033 2836 ζωῆς·
1076 2764 1218 2835 πλὴν
1254 2764 1353 2835 οὐχ
1380 2762 1523 2817 οὑτω
1572 2763 1715 2835 μέγα
1734 2763 1985 2835 καθάπερ

406 2854 499 2907 νῦν
526 2853 616 2905 τὸν
646 2848 1000 2921 βασιλεύοντα
1028 2848 1124 2901 καὶ
1158 2846 1424 2917 τοσαύτης
1473 2845 1815 2901 ἀπολαύοντα
1852 2864 1985 2919 τρυ-

405 2936 534 3006 φῆς,
574 2933 842 3003 τοσαύτης
882 2931 1177 3001 μετέχοντα
1223 2930 1400 3001 δόξης,
1438 2929 1593 2994 νίκας
1643 2930 1985 3004 ἀνῃρημένον

408 3018 631 3090 μυρίας,
666 3017 760 3071 καὶ
788 3014 1016 3078 πολλοὺς
1040 3015 1339 3085 νικήσαντα
1377 3013 1666 3086 πολέμους,
1699 3014 1794 3068 καὶ
1842 3015 1985 3086 λαμ-

405 3100 542 3173 πρὸν
573 3099 701 3154 ὄντα
740 3097 836 3151 καὶ
870 3096 1113 3162 ἐπίδοξον
1149 3096 1446 3167 πανταχοῦ,
1483 3097 1703 3152 πάντων
1753 3097 1853 3170 μὲν
1880 3116 1983 3153 κα-

403 3182 638 3254 ταγελᾷν
669 3180 896 3242 τούτων,
929 3179 1024 3234 καὶ
1055 3179 1286 3233 πλούτου
1321 3181 1416 3234 καὶ
1441 3178 1600 3251 δόξης
1643 3181 1737 3235 καὶ
1767 3181 1978 3253 τρυφῆς

408 3266 643 3336 ἀπάσης,
688 3263 976 3334 κεχηνέναι
1003 3262 1061 3316 δὲ
1091 3261 1227 3333 πρὸς
1253 3263 1322 3317 τά
1350 3262 1607 3332 μέλλοντα
1626 3283 1639 3295 ·
1685 3263 1845 3318 τοῦτο
1878 3282 1977 3334 με·

405 3348 713 3419 γαλοψύχου
746 3347 889 3410 τινός
917 3348 1036 3400 ἐστι
1066 3346 1324 3413 διανοίας,
1363 3348 1523 3401 τοῦτο
1559 3348 1847 3419 φιλοσόφου
1873 3350 1979 3419 ψυο

408 3434 508 3504 χῆς
534 3432 628 3487 καὶ
650 3430 785 3502 πρὸς
804 3429 897 3484 τὸν
926 3430 1176 3501 οὐράνιον
1204 3432 1597 3503 ἐπτερωμένης
1629 3430 1809 3504 ἔρωτα
1846 3443 1895 3486 ο,

477 3513 543 3580 ζ’.
585 3513 783 3568 Τοῦτον
832 3512 898 3585 δὴ
952 3514 1048 3567 καὶ
1104 3515 1267 3585 ἡμεῖς
1309 3513 1713 3586 μιμησώμεθα,
1768 3516 1860 3570 καὶ
1907 3516 1983 3587 μὴ

406 3600 775 3672 θαυμάσωμεν
810 3595 881 3651 τά
919 3597 1196 3667 παρόντα,
1228 3597 1319 3652 ἵνα
1351 3596 1720 3670 θαυμάσωμεν
1756 3598 1828 3653 τά
1856 3601 1981 3671 μέλ·

406 3685 568 3738 λοντα
592 3700 608 3715 ·
643 3679 849 3754 μᾶλλον
879 3680 937 3735 δέ
976 3681 1347 3753 θαυμάσωμεν
1377 3681 1446 3736 τὰ
1474 3680 1759 3753 μέλλοντα,
1790 3684 1878 3738 ἵνα
1907 3685 1983 3756 μὴ

407 3767 773 3838 θαυμάσωμεν
798 3762 871 3818 τὰ
892 3764 1260 3835 παρόντα.Ἂν
1286 3763 1397 3838 γὰρ
1421 3763 1686 3837 διηνεκῶς
1709 3768 1830 3832 ταῖς
1853 3769 1983 3840 περὶ

407 3852 628 3907 ἐκείνων
676 3850 906 3913 ἐννοίαις
940 3846 1387 3920 ἐνδιατρίϐωμεν,
1427 3851 1522 3903 καὶ
1562 3850 1662 3922 τὴν
1704 3849 1982 3922 βασιλείαν

404 3936 513 3990 τῶν
544 3933 812 4006 οὐρανῶν,
843 3933 943 4005 τὴν
973 3930 1294 3996 ἀθανασίαν,
1327 3931 1425 4002 τὴν
1459 3929 1604 4004 ζωὴν
1626 3932 1728 4005 τὴν
1755 3932 1978 3988 ἀτελεύ-

403 4037 589 4091 τητον,
612 4018 714 4090 τὴν
744 4016 882 4090 μετά
905 4015 1154 4086 ἀγγέλων
1181 4016 1421 4087 χορείαν,
1439 4015 1538 4088 τὴν
1572 4016 1713 4087 μετά
1739 4018 1975 4089 Χριστοῦ

390 4101 708 4174 διατριϐήν,
741 4100 842 4172 τὴν
873 4100 1149 4171 ἀκήρατον
1191 4097 1349 4165 δόξαν
1386 4098 1620 4169 ἐκείνην,
1658 4099 1757 4171 τὴν
1797 4102 1977 4173 πάσης

405 4184 831 4257 ἀπηλλαγμένην
883 4182 1074 4254 ὀδύνης
1133 4181 1278 4253 ζωὴν
1337 4182 1787 4254 ἀναλογισώμεθα
1844 4184 1980 4256 πρὸς

405 4268 653 4332 ἑαυτοὺς,
682 4267 778 4321 καὶ
806 4265 1106 4337 ἑνορῶμεν,
1126 4265 1210 4318 ὅτι
1251 4264 1347 4319 καὶ
1374 4264 1605 4337 δάκρυα,
1641 4267 1735 4321 καὶ
1779 4267 1978 4340 ὀνείδη,

406 4351 501 4404 καὶ
527 4349 802 4419 λοιδορίαι,
829 4348 923 4402 καὶ
962 4349 1213 4413 θάνατος,
1251 4349 1344 4403 καὶ
1385 4347 1636 4419 ἀθυμίαι,
1664 4349 1760 4404 καὶ
1799 4350 1978 4415 πόνος,

405 4435 502 4488 καὶ
531 4434 730 4505 γῆρας,
765 4433 860 4486 καὶ
897 4432 1074 4498 νόσος,
1102 4431 1197 4486 καὶ
1222 4432 1518 4505 ἀρρωστία,
1560 4433 1654 4487 καὶ
1675 4433 1854 4497 πενία,
1885 4435 1981 4488 καὶ

409 4517 764 4586 συκοφαντία,
800 4516 894 4569 καὶ
947 4515 1167 4589 χηρεία,
1216 4516 1312 4570 καὶ
1363 4516 1631 4587 ἁμαρτία,
1666 4516 1762 4570 καλ⁵
1816 4518 1982 4571 κατά-

405 4616 625 4668 γνωσις,
664 4600 758 4652 καλ⁵
802 4598 1042 4663 κόλασις,
1069 4598 1162 4651 καὶ¹
1191 4600 1454 4670 τιμωρία,
1486 4599 1580 4653 καὶ
1608 4599 1664 4652 εί
1701 4617 1753 4652 τι
1791 4601 1979 4672 ἕτερον

405 4681 548 4736 κατὰ
580 4681 671 4735 τὸν
718 4682 962 4753 παρόντα
1014 4680 1129 4751 βίον
1163 4680 1281 4734 ἐστὶ
1322 4680 1566 4752 λυπηρὸν
1593 4684 1690 4736 καὶ
1732 4683 1895 4753 ἀηδὲς
1927 4682 1977 4749 ἀ,

402 4764 578 4818 ταῦτα
620 4764 801 4819 πάντα
830 4763 1189 4834 ἀπελήλαται,
1240 4764 1713 4837 ἀντεισενήνεκται
1755 4765 1812 4819 δὲ
1860 4767 1981 4821 ἀντὶ

402 4848 608 4902 τούτων
642 4850 855 4920 εἰρήνη,
904 4847 1169 4918 πραότης,
1216 4847 1508 4911 ἐπιείκεια,
1555 4849 1764 4918 ἀγάπη,
1813 4850 1977 4920 χαρὰ,

403 4925 550 4998 δόξα,
588 4932 746 5005 τιμὴ,
797 4930 1139 5002 λαμπρότης,
1183 4929 1256 4983 τὰ
1306 4929 1462 4995 ἄλλα,
1498 4931 1599 4983 ὅσα
1651 4930 1771 4985 οὐδὲ
1825 4931 1981 4999 λόγος

405 5016 757 5088 παραστῆσαι
807 5015 1116 5085 δυνήσεται,
1162 5013 1314 5066 οὐδὲν
1355 5014 1502 5084 ἡμᾶς
1546 5013 1657 5066 τῶν
1696 5014 1980 5086 παρόντων

404 5100 716 5171 αἱρήσεται,
754 5097 893 5153 ἀλλὰ
922 5097 1018 5151 καὶ
1045 5100 1209 5168 ἡμεῖς
1252 5096 1594 5167 δυνησόμεθα
1632 5095 1812 5163 λέγειν
1839 5098 1980 5152 κατά

403 5178 495 5231 τὸν
526 5179 831 5251 Προφήτην·
862 5179 1014 5231 Πότε
1045 5176 1171 5244 ἥξω
1203 5176 1300 5230 καί
1329 5174 1667 5244 ὀφθήσομαι
1686 5174 1767 5240 τῷ
1790 5192 1979 5245 προσ-

402 5257 541 5323 ώπῳ
594 5257 699 5311 τοῦ
750 5256 935 5319 Θεοῦ;
987 5257 1082 5310 καὶ
1136 5253 1280 5319 οζύτω
1320 5253 1677 5324 διακείμενοι,
1729 5254 1852 5309 οὔτε
1899 5259 1979 5321 εἰς

402 5336 661 5390 ἀπόνοιαν
683 5334 791 5389 ἀπὸ
822 5334 932 5387 τῶν
970 5334 1063 5387 τοῦ
1106 5333 1221 5402 βίου
1243 5332 1532 5403 λαμπρῶν,
1568 5328 1693 5384 οὐτε
1723 5335 1803 5398 εἰς
1845 5336 1977 5388 ἀθυ-

405 5415 534 5483 μίαν
566 5413 675 5467 ἀπὸ
700 5412 808 5467 τῶν
847 5412 1105 5486 λυπηρῶν
1136 5410 1540 5485 ἑμπεσούμεθα,
1573 5409 1635 5462 οὐ
1670 5410 1883 5480 φθόνος,
1911 5417 1973 5468 οὐ

462 5545 490 5613 ξ
514 5545 597 5613 ξιτ
628 5546 779 5613 Βονὶι.
803 5546 926 5613 Mor,
960 5543 1217 5613 Ql‘Monlf.
1240 5546 1321 5593 καὶ
1338 5545 1463 5592 κατά
1480 5560 1524 5593 τ.
1547 5546 1633 5605 ἡμ.
1659 5543 1795 5613 Epp.

463 5605 495 5646 ιι
521 5607 593 5655 οὐ
612 5608 775 5671 στέγει
788 5609 874 5665 τὴν
899 5609 1165 5671 ὑπέρθεσιν,
1208 5618 1489 5671 mpramgue
1509 5619 1601 5655 non
1632 5605 1833 5667 patitur.
1877 5605 1982 5654 Non

405 5678 513 5717 raro
532 5680 657 5730 yoce
691 5665 873 5730 στέγειν
898 5665 1006 5719 hoc"
1024 5680 1175 5717 sensu
1200 5669 1357 5717 utitur
1376 5665 1767 5727 Chrysosldmng.

462 5730 491 5828 ἒ
524 5728 674 5778 Savil.
699 5728 1117 5801 καίτὸνοούράνιον
1140 5730 1374 5841 ὶῖνμὲνης
1391 5730 1564 5843 iiuna.
1668 5790 1714 5805 Μ

514 5789 596 5841 Sic
615 5789 764 5842 Savil.
786 5792 965 5842 melius
995 5803 1140 5843 quam
1215 5802 1284 5842 or.
1314 5796 1366 5843 et
1447 5790 1566 5841 oml‘.
1588 5790 1712 5841 ἀειοε

514 5789 596 5841 Sic
615 5789 764 5842 Savil.
786 5787 973 5842 melius‘
995 5803 1140 5857 quam
1167 5787 1284 5842 ιιάτ.
1314 5796 1366 5844 et
1399 5787 1566 5843 ﬁoml‘.
1588 5790 1752 5847 ἀειεές.
1776 5787 1913 5842 Eon.

2097 447 2246 485 ποτε.
2277 431 2368 503 Μὴ
2393 434 2573 487 τοίνυν
2593 434 2778 499 ἁπλῶς
2808 436 3042 491 ἐνταῦθα
3094 436 3372 509 εἰσίωμεν,
3409 443 3544 513 μηδέ
3575 443 3675 510 τάς

2097 513 2341 579 ὑπακοάς
2366 516 2748 589 ἀφωσιωμένοι
2777 518 3147 590 ὑπακούωμεν
3179 532 3225 585 ε,
3264 521 3400 577 ἀλλά
3426 525 3547 578 ἀντὶ
3576 526 3675 597 βα.-

2095 598 2330 669 κτηρίας
2354 599 2524 663 αὐτάς
2547 600 2802 666 λαϐόντες
2826 602 3152 675 ἐξέλθωμεν.
3170 604 3357 675 ’Δρκεί
3376 605 3430 659 δέ
3447 606 3674 673 ἕκαστος

2096 683 2277 751 στίχος
2311 684 2514 755 πολλὴν
2539 685 2675 755 ἡμῖν
2712 684 2943 740 ἐνθεῖναι
2994 686 3335 757 φιλοσοφίαν,
3374 691 3471 743 καὶ
3502 692 3583 756 εἰς
3611 694 3674 747 τὸ

2093 765 2161 819 τά
2188 766 2437 838 δόγματα
2481 768 2794 839 διορθῶσαι,
2850 771 2947 824 καὶ
2973 772 3054 834 είς
3079 771 3140 824 τὸ
3172 771 3284 841 βίον
3304 773 3577 845 ὠφελῆσαι
3600 779 3675 831 τὰ

2099 849 2357 920 μέγιστα·
2387 851 2492 905 κᾶν
2522 854 2661 923 μετὰ
2686 853 2973 925 ἀκριϐείας
2992 855 3230 927 ἑκάστην
3242 858 3675 931 διερευνήσωμεν

2098 935 2277 1006 ῥῆσιν,
2302 936 2515 1006 μεγάλα
2536 938 2944 1009 καρπωσόμεθα
2967 940 3165 1009 ἀγαθά.
3179 940 3317 996 Οὔτε
3339 941 3446 1014 γὰρ
3462 944 3671 1010 πενίαν,

2094 1016 2218 1071 οὔτε
2246 1019 2523 1089 ἀσχολίαν,
2552 1018 2677 1074 οὑτε
2708 1021 2973 1093 ὁκνηρίαν
2999 1024 3080 1077 δεῖ
3109 1024 3344 1079 ἐνταῦθα
3378 1026 3675 1099 προϐάλλεσ-

2095 1100 2242 1156 σθαι.
2278 1101 2397 1155 Κάν
2427 1102 2535 1173 γὰρ
2566 1102 2735 1175 πένης
2761 1100 2848 1178 ᾗς,
2888 1106 2981 1159 καὶ
3005 1105 3097 1160 διὰ
3121 1106 3219 1179 τὴν
3242 1109 3432 1163 πενίαν
3460 1110 3672 1182 ἀπορῇς

2094 1183 2336 1254 βιϐλίων,
2374 1184 2408 1255 ἡ
2441 1184 2624 1254 βιϐλία
2659 1186 2759 1256 μὲν
2800 1187 2952 1261 ἔχῃς,
3006 1190 3201 1262 σχολῆς
3232 1190 3290 1245 δὲ
3324 1192 3399 1263 μὴ
3435 1192 3673 1248 ἀπολαύ-

2095 1284 2214 1342 σῃς,
2236 1267 2335 1331 τὰς
2357 1268 2603 1332 ὑπακοάς
2631 1270 2791 1340 μόνον
2815 1271 3265 1346 διατήρησόνιμοι
3284 1274 3394 1328 τῶν
3418 1276 3669 1349 ψαλμῶν,

2091 1350 2157 1415 ἀς
2185 1350 2417 1405 ἐνταῦθα
2461 1352 2792 1422 ὑποψάλλεις
2836 1356 2934 1426 οὐχ
2966 1355 3133 1423 ἅπαξ,
3185 1358 3245 1410 ού
3288 1357 3392 1423 δὶς,
3432 1360 3493 1413 οὐ
3524 1359 3666 1432 τρὶς,

2091 1433 2226 1488 ἀλλά
2252 1437 2346 1488 καὶ
2391 1436 2673 1502 πολλάκις,
2725 1439 2821 1490 καὶ
2855 1438 3096 1509 μεγάλην
3126 1440 3374 1494 ἀπελθὼν
3397 1441 3544 1516 λήψῃ
3568 1444 3670 1515 τὴν

2090 1517 2461 1589 παραμυθίαν.
2489 1520 2635 1591 Ὅρα
2671 1519 2823 1588 γοῦν,
2858 1523 2891 1593 ἡ
2923 1522 3137 1595 ὑπακοὴ
3171 1523 3314 1597 αῦτη
3341 1525 3505 1578 πόσον
3536 1528 3671 1598 ἡμῖν

2089 1599 2293 1671 ἡνέῳξε
2309 1600 2603 1673 θησαυρόν.
2639 1604 2748 1657 Καὶ
2771 1604 2842 1675 μή
2866 1621 2954 1674 μοι
2981 1605 3185 1674 λεγέτω
3203 1624 3305 1673 τις,
3329 1607 3412 1660 ὅτι
3432 1609 3538 1679 πρὸ
3565 1609 3669 1679 τῆς

2089 1684 2384 1755 ἑρμηνείας
2412 1684 2513 1738 οὐκ
2532 1679 2673 1738 εἶδεν
2694 1686 2864 1757 αὐτῆς
2887 1689 2988 1759 τὴν
3014 1687 3262 1760 δύναμιν.
3292 1692 3404 1744 Καὶ
3425 1690 3533 1762 γάρ
3561 1693 3671 1762 πρὸ

2088 1768 2189 1839 τῆς
2214 1768 2513 1840 ἑρμηνείας
2539 1770 2703 1823 παντὶ⁹
2722 1769 2802 1840 τῷ
2828 1771 3080 1826 ἀκούοντι
3112 1774 3209 1827 καὶ
3238 1774 3485 1828 ὁπωσοῦν
3514 1775 3669 1848 [M2]

2089 1853 2398 1924 βουλομένῳ
2432 1854 2721 1924 προσέχειν
2764 1855 3092 1922 εὐσύνοπτος
3123 1860 3157 1928 ἡ
3186 1858 3423 1931 ὑπακοή.
3456 1861 3521 1913 El
3558 1859 3667 1933 γάρ

2090 1937 2251 2006 μόνον
2294 1935 2620 1999 ἐπαίδευσας
2656 1937 2850 1992 σαυτὸν
2884 1939 3062 2007 λέγειν
3081 1957 3094 1970 ·
3144 1942 3253 1995 Ὀν
3293 1943 3517 2009 τρόπον
3537 1944 3666 1997 ἐπι-

2087 2018 2262 2073 ποθεῖ
2281 2020 2319 2086 ὴ
2339 2017 2567 2087 ἔλαφος
2586 2019 2681 2073 ἐπὶ
2708 2020 2816 2086 τὰς
2844 2023 3042 2091 πηγὰς
3063 2022 3182 2078 τῶν
3205 2022 3461 2090 ὑδάτων,
3479 2026 3668 2092 οὕτως

2086 2100 2361 2156 ἐπιποθεῖ
2384 2102 2421 2169 ἠ
2457 2101 2626 2171 ψυχή
2648 2120 2767 2171 μου
2787 2103 2939 2172 πρὸς
2968 2104 3064 2170 σὲ,
3105 2108 3139 2161 ό
3167 2108 3312 2174 Θεός
3330 2124 3344 2138 ·
3372 2107 3667 2176 ἐδίψησα·

2087 2186 2126 2253 ἡ
2148 2183 2320 2254 ψυχή
2339 2201 2459 2253 μου
2477 2186 2625 2252 πρὸς
2648 2183 2756 2240 τὸν
2771 2187 2918 2240 Θεὸν
2940 2189 3047 2243 τόν
3067 2190 3321 2259 ἰσχυρόν
3337 2191 3443 2246 τὸν
3457 2190 3662 2252 ζῶντα·

2087 2268 2232 2320 πότε
2261 2266 2386 2334 ἥξω
2414 2266 2513 2321 καί
2542 2266 2883 2337 ὀφθήσομαι
2911 2269 2990 2335 τῷ
3022 2272 3320 2340 προσώπῳ
3352 2274 3456 2329 τοῦ
3479 2272 3661 2337 Θεοῦ;

2087 2350 2184 2402 καί⁹
2203 2350 2309 2421 πρὸ
2334 2349 2434 2418 τῆς
2462 2349 2755 2420 ἑρμηνείας
2782 2351 3007 2406 δύνασαι
3035 2355 3214 2409 πᾶσαν
3240 2355 3555 2426 φιλοσοφίαν
3585 2357 3667 2408 ἐν·

2089 2431 2276 2484 θεῖναι.
2338 2432 2451 2502 Οὐχ
2478 2431 2615 2501 αῦτη
2648 2432 2705 2486 δὲ
2733 2433 2912 2504 μόνον,
2938 2434 3075 2488 ἀλλά
3101 2437 3194 2490 καὶ
3220 2437 3422 2507 ἑκάστη
3452 2438 3663 2508 ὑπακοὴ

2086 2513 2177 2566 τὸν
2201 2513 2361 2566 αὐτὸν
2379 2514 2509 2584 ἡμῖν
2535 2514 2829 2585 παρέξεται
2859 2515 3104 2571 πλοῦτον.
3130 2516 3249 2572 Κᾶν
3280 2519 3439 2590 εἴπῃς
3468 2520 3658 2572 πάλιν·

2087 2596 2389 2664 Μακάριος
2424 2595 2581 2664 ἀνὴρ
2627 2599 2662 2651 ὁ
2707 2599 3078 2669 φοϐούμενος
3120 2599 3230 2654 τόν
3270 2601 3517 2668 Κύριον,
3567 2602 3662 2655 καὶ

2085 2677 2316 2750 δυνηθῇς
2352 2679 2480 2734 ἰδεῖν
2505 2680 2560 2733 τί
2600 2680 2749 2735 ἐστιν
2786 2682 2817 2735 δ
2849 2682 3024 2751 λέγεις
3046 2700 3062 2715 ·
3093 2684 3156 2736 οὐ
3187 2684 3279 2738 τὸν
3308 2683 3658 2748 πλουτοῦντα,

2085 2764 2144 2816 οὐ
2184 2764 2276 2817 τὸν
2308 2762 2565 2834 ἄρχοντα,
2600 2764 2661 2817 οὐ
2695 2764 2788 2818 τὸν
2834 2764 3127 2838 εὔμορφον,
3171 2768 3234 2821 οὐ
3262 2767 3355 2822 τὸν
3385 2768 3543 2841 ῥώμῃ
3569 2786 3661 2823 κε-

2085 2862 2262 2917 κοσμη
2271 2845 2451 2916 μένον,
2475 2846 2537 2900 οὐ
2563 2846 2655 2900 τὸν
2676 2847 2853 2911 οἰκίας
2877 2849 3072 2920 ἔχοντα
3093 2849 3370 2922 λαμπρὰς,
3396 2851 3457 2905 οὐ
3488 2852 3579 2907 τὸν
3602 2853 3662 2907 ἐν

2084 2928 2429 2994 δυναστείαις
2460 2928 2611 3009 ϐντα,
2645 2931 2708 2984 οὐ
2741 2930 2831 2984 τὸν
2873 2933 2931 2987 ἐν
2975 2931 3261 3003 βασιλείοις
3309 2934 3660 3006 τρεφόμενον,

2085 3012 2185 3066 οὐκ
2213 3011 2368 3067 ἄλλον
2396 3012 2586 3067 οὐδένα
2608 3029 2625 3044 ·
2650 3012 2790 3068 ἀλλά
2820 3013 2913 3068 τὸν
2932 3016 2993 3068 ἐν
3020 3014 3294 3087 εὐλαϐείᾳ,
3321 3016 3415 3071 τὸν
3433 3021 3491 3071 ἑν
3519 3015 3663 3086 φιλο-

2088 3095 2270 3168 σοφίᾳ,
2300 3095 2391 3150 τὸν
2436 3096 2493 3149 ἐν
2541 3094 2691 3167 φόϐῳ
2719 3095 2851 3149 Θεοῦ
2898 3097 3076 3162 ζῶντα
3110 3097 3390 3171 ζηλώσεις,
3414 3101 3476 3153 οὐ
3503 3101 3662 3172 μόνον

2084 3178 2173 3233 διά
2206 3178 2279 3233 τὰ
2310 3178 2593 3249 μέλλοντα,
2627 3178 2762 3232 ἀλλά
2790 3180 2882 3233 καὶ
2906 3180 2974 3235 δι’
2999 3181 3139 3236 αύτά
3166 3182 3237 3235 τά
3263 3183 3523 3252 παρόντα.
3550 3183 3663 3238 Καὶ

2084 3261 2191 3333 γὰρ
2221 3263 2315 3315 καὶ
2347 3260 2582 3315 ἐνταῦθα
2605 3254 2761 3325 οὗτος
2789 3262 2999 3317 ἐκείνου
3042 3262 3428 3335 δυνατώτερος.
3459 3264 3521 3319 Εἰ
3550 3264 3663 3337 γάρ

2083 3344 2147 3416 δή
2181 3361 2312 3399 ποτε
2334 3345 2490 3409 νόσος
2515 3344 2734 3416 ὲπιενιτῇ.
2766 3344 2797 3396 ὁ
2831 3345 2931 3415 μὲν
2952 3344 3053 3417 τὴν
3081 3346 3373 3417 ἁλουργίδα
3406 3347 3545 3418 ἔχων
3571 3352 3663 3403 οὐ-

2083 3427 2171 3481 δὲν
2210 3427 2321 3481 ἀπὸ
2353 3426 2464 3482 τῶν
2491 3427 2805 3500 δορυφόρων
2846 3429 2939 3482 καὶ
2967 3428 3071 3497 τῆς
3119 3429 3318 3501 πολλῆς
3361 3431 3662 3497 φαντασίας

2083 3510 2162 3574 είς
2187 3510 2286 3582 τὴν
2308 3509 2661 3583 παραμυθίαν
2693 3510 2982 3579 ὠφελεῖται
3015 3513 3116 3581 τῆς
3158 3513 3490 3585 ἀρρωστίας,
3520 3513 3661 3571 ἀλλὰ

2085 3594 2180 3647 καὶ
2203 3594 2440 3658 οἰκείων,
2457 3594 2552 3648 καὶ
2581 3595 2857 3667 πατέρων,
2885 3595 2981 3650 καὶ
3001 3596 3219 3651 πάντων
3245 3596 3545 3669 παρόντων,
3564 3598 3662 3652 καὶ

2084 3677 2300 3749 χρυσῶν
2324 3677 2552 3747 ἰματίων
2567 3679 2928 3749 ἐπικειμένων
2948 3680 3043 3734 καὶ
3061 3681 3454 3752 ὑποκειμένων,
3472 3680 3662 3753 ῶσπερ

2083 3762 2142 3816 ἑν
2163 3762 2379 3832 καμίνῳ
2417 3765 2591 3816 κεῖται
2629 3763 2919 3834 καιόμενος
2943 3780 2957 3794 ·
2993 3764 3023 3817 ό
3057 3763 3116 3817 δὲ
3155 3765 3213 3818 ἐν
3238 3764 3495 3839 εὐλαϐείᾳ
3524 3763 3658 3830 ζῶν,

2083 3846 2178 3897 καί⁵
2212 3844 2304 3897 τὸν
2331 3842 2463 3898 Θεὸν
2506 3844 2859 3916 φοϐούμενος,
2913 3845 2975 3899 οὐ
3007 3845 3265 3918 πατέρος,
3292 3846 3397 3901 οὐκ
3424 3847 3659 3911 οίκέτου,

2083 3926 2185 3980 οὐκ
2220 3924 2379 3981 ἄλλου
2424 3926 2570 3991 τινὸς
2601 3927 2890 4000 παρόντος,
2925 3928 3233 4000 ἀναϐλέψας
3266 3932 3346 3994 εἰς
3376 3929 3467 3984 τὸν
3494 3929 3662 4001 οὐρα.

2084 4009 2174 4063 νὸν
2209 4010 2271 4063 οὐ
2306 4007 2583 4074 πολλάκις,
2613 4009 2750 4063 ἀλλά
2794 4012 2887 4064 καὶ
2931 4012 3013 4076 δίς
3043 4012 3137 4066 καὶ
3167 4013 3307 4084 τρὶς,
3348 4013 3528 4067 πᾶσαν
3557 4013 3659 4083 τὴν

2084 4094 2315 4165 κάμινον
2337 4093 2548 4165 ἐκείνην
2563 4093 2774 4148 ἔσϐεσε.
2798 4094 2966 4149 Τοῦτο
2991 4095 3048 4149 δὲ
3064 4097 3159 4149 καὶ
3183 4098 3240 4148 ἐν
3262 4099 3381 4160 ταῖς
3406 4097 3663 4167 περιστά-

2086 4193 2209 4231 σεσι
2227 4176 2324 4230 καὶ
2336 4176 2395 4230 ἐν
2419 4178 2527 4240 τοῖς
2551 4176 2836 4242 ἀδοκήτοις
2858 4180 2993 4232 πᾶσι
3017 4179 3312 4251 συμϐαῖνον
3337 4180 3436 4233 ἴδοι
3459 4198 3543 4244 τις
3565 4181 3654 4240 ἂν.

2080 4262 2207 4322 τοὺς
2234 4261 2291 4313 ἐν
2324 4258 2540 4330 πλούτῳ
2565 4261 2661 4315 καὶ
2695 4263 3025 4333 περιφανείᾳ
3054 4262 3503 4333 θορυϐουμένους,
3530 4263 3660 4327 τοὺς

2080 4344 2138 4397 δὲ
2160 4345 2219 4398 ἐν
2242 4343 2499 4415 εὐλαϐείᾳ
2536 4345 2632 4397 καὶ
2676 4344 2963 4417 φιλοσοφίᾳ
3004 4347 3293 4419 ἀταράχως
3317 4346 3532 4403 ἅπαντα
3563 4348 3660 4414 φέ-

2086 4444 2294 4498 ροντας.
2321 4426 2432 4480 Καὶ
2461 4428 2570 4498 πρὸ
2596 4428 2801 4483 τούτων
2833 4430 2891 4484 δὲ
2915 4430 3154 4497 πάντων,
3187 4432 3292 4486 κᾶν
3321 4431 3489 4504 μηδὲν
3517 4449 3661 4501 συμ-

2082 4510 2225 4583 πέσῃ
2252 4511 2442 4577 δεινὸν,
2473 4510 2715 4574 πλείονος
2737 4512 2798 4566 τὸ
2828 4514 3065 4578 συνειδὸς
3092 4512 3185 4568 τοῦ
3211 4514 3544 4586 φοϐουμένου
3565 4515 3662 4572 τὸν

2081 4593 2214 4647 Θεὸν
2256 4593 2351 4647 καὶ
2389 4593 2779 4667 καθαρωτέρας
2807 4596 3001 4669 ἡδονῆς
3040 4598 3202 4670 γέμει
3242 4600 3341 4671 τῆς
3371 4597 3465 4653 τοῦ
3489 4599 3660 4653 πλου-

2081 4675 2298 4740 τοῦντος
2325 4675 2523 4748 ψυχῆς.
2572 4676 2810 4741 Ἐκεῖνος
2837 4680 2936 4750 μὲν
2962 4681 3089 4750 γάρ.
3118 4683 3166 4733 εἰ
3197 4681 3293 4735 καὶ
3327 4684 3425 4753 τῆς
3457 4679 3657 4747 ἔξωθεν

2082 4760 2341 4815 ἀπολαύει
2367 4763 2573 4832 τροφῆς
2599 4768 2643 4825 ΐ,
2664 4762 2772 4816 τῶν
2804 4764 2862 4816 ἐν
2878 4763 3019 4835 λιμῷ
3049 4763 3264 4829 ζώντων
3285 4766 3537 4820 ἀπάντων
3556 4783 3654 4836 χα-

2082 4843 2388 4916 λεπώτερον
2424 4845 2774 4910 διακείσεται,
2819 4846 2889 4900 τά
2918 4849 3094 4902 οἰκεῖα
3125 4848 3318 4901 ἑαυτὸν
3341 4848 3650 4920 ἀναμιμνή-

2084 4944 2229 4981 σκων
2276 4928 2422 4982 κακά
2459 4928 2553 4981 καὶ
2593 4928 2816 5001 πονηρῷ
2842 4930 3020 4994 συζῶν
3058 4931 3352 4986 συνειδότι·
3386 4927 3538 4996 οὗτος
3571 4932 3654 5000 δέ,

2081 5010 2182 5064 κᾶν
2218 5010 2320 5080 τῆς
2346 5010 2653 5079 ἀναγκαίας
2690 5012 2868 5084 ἀπορῇ
2920 5014 3142 5085 τροφῆς,
3176 5013 3286 5067 τῶν
3316 5013 3498 5084 πάσης
3525 5015 3658 5068 ἀπο-

2080 5093 2351 5148 λαυόντων
2371 5097 2583 5166 τρυφῆς
2601 5093 2729 5147 εὐθυ
2737 5098 2965 5167 μότερος
2984 5096 3160 5159 ἔσται,
3185 5097 3366 5150 ἐλπίσι
3391 5100 3660 5169 χρησταῖς

2081 5176 2531 5247 συντρεφόμενος,
2566 5179 2663 5231 καὶ
2686 5178 2784 5243 τάς
2813 5179 3048 5250 ἀμοιϐὰς
3074 5180 3184 5235 τῶν
3212 5180 3428 5235 οἰκείων
3460 5197 3661 5254 κατορ-

2082 5258 2349 5330 θωμάτων
2405 5259 2526 5314 καθ’
2565 5259 2801 5332 ἑκάστην
2835 5263 3111 5336 προσδοκᾷ
3140 5263 3241 5337 τὴν
3271 5264 3505 5336 ἡμέραν.
3541 5263 3660 5319 Ἵνα

2082 5341 2140 5395 δὲ
2181 5345 2255 5414 μὴ
2284 5342 2575 5414 μακρύνων
2606 5343 2696 5398 τὸν
2724 5344 2882 5414 λόγον
2910 5344 3046 5412 δόξω
3073 5347 3329 5419 ἐνοχλεῖν,
3367 5351 3480 5412 τοῖς
3508 5347 3661 5418 φιλο-

2151 5501 2181 5560 q
2191 5488 2313 5558 ᾘωο
2332 5478 2548 5560 pessime
2576 5498 2811 5560 verterag
2830 5493 3112 5560 Hervegus:
3138 5497 3304 5560 Neque
3336 5492 3662 5560 perfunctorie

2083 5549 2360 5619 audiemus;
2384 5553 2549 5619 τεά-ια
2567 5564 2677 5617 qua
2691 5554 2862 5604 audita
2899 5555 3077 5615 fuerint
3101 5570 3192 5619 pro
3217 5549 3385 5607 baculo
3402 5549 3660 5615 simam,

2084 5609 2412 5679 egrediaytur.
2458 5609 2726 5679 Perp'eragn
2757 5609 3022 5679 sequénlia
3051 5609 3284 5669 siiniliter
3315 5609 3659 5678 transtulerat;

2089 5672 2468 5784 ρὲιῖιὲρρεῖοοεε
2503 5672 2775 5736 ιηεακοοειν,
2802 5672 3012 5743 ὑπακοή,
3039 5688 3091 5732 ει
3127 5679 3417 5745 ὑποψάλλειν
3449 5692 3543 5729 non
3580 5672 3661 5730 in;

2151 5791 2172 5833 ί
2201 5791 2355 5847 Savil.
2385 5798 2573 5863 conjici!
2598 5806 2786 5863 τρυφῆς.

2038 5882 2075 5906 ι
2153 5875 2157 5879 .
