4140 6356
425 317 530 376 165

424 427 634 485 accidit.
665 427 957 497 Corporum
999 438 1176 483 autem
1220 426 1558 497 pulchritudo
1584 442 1728 497 saepe
1757 428 1820 482 iis
1845 468 1860 491 ,
1888 442 2011 497 quae

427 522 675 592 praedicta
719 532 881 587 sunt,
920 521 1089 576 multo
1131 521 1285 576 citius
1325 521 1678 591 exstinguitur
1708 538 1722 575 :
1753 533 1809 576 et
1835 521 2013 575 omnia

425 629 543 683 quae
575 613 641 677 ad
670 613 805 667 hanc
830 613 989 667 vitam
1008 653 1026 680 ,
1053 622 1111 667 ut
1137 614 1303 667 semel
1330 612 1537 679 dicam,
1565 613 1860 682 pertinent,
1889 623 2016 669 sunt

425 706 621 763 caduca
651 717 705 761 et
735 716 1121 771 momentanea,
1148 720 1213 760 ac
1239 706 1545 775 priusquam
1572 705 1749 760 adsint
1770 715 1824 761 et
1851 720 2014 776 appa-

426 809 605 864 reant,
653 800 891 869 protinus
932 799 1195 854 resiliunt.
1240 798 1604 869 Spiritualium
1647 808 1823 853 autem
1861 814 2014 854 amor

426 901 609 946 contra
636 907 695 947 se
725 891 903 953 habet,
935 891 1146 947 assidue
1174 892 1319 961 viget
1342 900 1396 946 et
1423 891 1593 956 ﬂoret,
1624 906 1731 946 non
1757 892 1903 946 novit
1927 907 2013 946 se-

427 984 569 1037 nium
591 1023 605 1047 ,
638 998 747 1037 non
784 982 1005 1051 suscipit
1042 991 1360 1037 vetustatem
1381 1024 1395 1047 ,
1428 996 1529 1036 nec
1564 982 1656 1036 ulli
1696 982 2009 1047 mutationi,

424 1075 797 1140 conversioni,
827 1084 881 1130 et
920 1075 1230 1144 ignorantiae
1275 1074 1570 1129 futurorum
1604 1084 1688 1130 est
1712 1075 2008 1140 obnoxius;

428 1167 518 1220 sed
558 1166 645 1219 hic
683 1164 843 1221 etiam
876 1165 1031 1231 juvat
1060 1179 1156 1219 eos
1192 1165 1279 1234 qui
1321 1164 1626 1233 possident,
1656 1178 1751 1219 eos
1780 1164 2012 1234 undique

428 1256 623 1320 vallat,
648 1269 844 1324 eosque
870 1256 959 1324 qui
994 1270 1061 1310 ex
1102 1256 1209 1308 vita
1238 1256 1594 1317 excesserint,
1623 1269 1728 1309 non
1759 1254 2007 1319 dimittit,

428 1348 520 1402 sed
549 1362 648 1400 una
678 1362 798 1400 cum
828 1346 932 1400 illis
960 1346 1343 1416 peregrinatur,
1373 1355 1427 1399 et
1458 1362 1559 1399 una
1586 1361 1706 1400 cum
1735 1347 1837 1400 illis
1863 1362 2012 1401 rece-

427 1441 533 1504 dit,
562 1448 617 1495 et
644 1440 772 1510 ipsis
796 1438 1144 1494 luminaribus
1169 1454 1263 1494 eos
1294 1439 1466 1494 reddit
1508 1440 1597 1492 illo
1623 1439 1710 1494 die
1733 1439 2008 1495 clariores.

428 1534 555 1600 Qum
602 1532 817 1602 quidem
864 1532 1040 1586 sciens
1082 1547 1292 1601 quoque
1341 1532 1527 1585 beatus
1573 1531 1775 1595 David,
1820 1532 1871 1585 in
1915 1531 2013 1586 Dei

427 1638 609 1677 arnore
637 1622 1003 1693 perseveravit
1022 1664 1036 1685 ,
1066 1635 1407 1689 amoremque
1435 1622 1575 1674 intus
1597 1621 1874 1676 continere
1904 1636 2012 1674 non

427 1715 705 1782 Sustinuit,
736 1714 830 1769 sed
855 1715 1191 1769 audientibus
1215 1714 1360 1769 omni
1388 1715 1594 1768 ratione
1622 1714 1797 1784 ignem
1827 1724 2011 1769 osten-

426 1807 553 1861 dere
569 1805 865 1871 contendit,
887 1821 993 1876 quo
1015 1806 1154 1860 intus
1175 1804 1416 1860 ardebat.
1439 1803 1571 1860 Cum
1593 1806 1736 1860 enim
1757 1805 2008 1861 dixisset:

426 1898 596 1950 Sitivit
622 1898 795 1950 anima
830 1913 942 1951 mea
968 1896 1036 1949 ad
1067 1895 1232 1949 Deum
1258 1899 1439 1967 fortem
1462 1897 1626 1950 vivum
1652 1937 1665 1959 ,
1694 1895 2005 1963 subjunxit:

430 1988 646 2055 Quando
674 1989 869 2042 ueniam
895 1997 941 2042 et
966 1988 1223 2057 apparebo
1246 1998 1362 2041 ante
1383 1988 1564 2056 faciem
1592 1986 1688 2040 Dei
1709 1987 1735 2041 ?
1760 1987 1894 2043 Vide
1918 2003 2009 2041 ar-

425 2080 634 2133 dentem
663 2079 952 2145 hominem,
981 2079 1103 2135 vide
1136 2080 1539 2134 inﬂammatum.
1568 2080 1752 2135 Sciens
1781 2080 1921 2134 enim
1952 2095 2011 2134 se

426 2189 546 2227 cum
575 2173 696 2228 hinc
722 2175 1025 2241 recesserit,
1056 2189 1175 2229 eum
1205 2190 1325 2229 esse
1358 2175 1615 2239 visurum,
1648 2188 1713 2228 ne
1735 2182 2011 2242 exspectat

426 2265 638 2335 quidem
679 2266 986 2320 dilationem
1016 2283 1031 2319 :
1061 2281 1371 2337 moramque
1401 2281 1505 2320 non
1548 2267 1770 2333 patitur,
1800 2265 1892 2320 sed
1927 2267 2013 2321 hic

425 2359 578 2412 nobis
603 2359 844 2428 spiritum
873 2357 1105 2413 ostendit
1132 2359 1501 2427 apostolicum.
1530 2357 1741 2412 Etenim
1768 2357 1856 2412 ille
1880 2374 2012 2426 quo-

423 2467 527 2520 que
565 2451 945 2522 ingemiscebat
983 2460 1199 2520 propter
1225 2450 1624 2505 diuturnitatem
1670 2449 1824 2519 hujus
1851 2465 2009 2518 pere-

423 2543 757 2613 grinationis.
798 2542 1031 2610 ldipsum
1070 2542 1191 2595 huic
1228 2556 1440 2611 quoque
1479 2541 1743 2594 usuvenit.
1786 2540 1853 2594 Et
1889 2539 2010 2593 ideo

423 2634 664 2699 dicebat,
706 2633 924 2698 Quando
961 2634 1154 2687 veniam
1180 2642 1228 2686 et
1255 2632 1508 2704 apparebo
1542 2641 1658 2686 ante
1695 2633 1875 2701 facient
1911 2630 2010 2685 Dei

427 2727 518 2798 (2.
551 2726 665 2781 Cor.
696 2727 751 2781 5.
775 2725 811 2778 2
830 2724 893 2797 )?
921 2725 989 2779 Et
1013 2726 1059 2779 si
1091 2735 1234 2780 esset
1259 2724 1472 2794 quidem
1514 2725 1752 2793 privatus
1777 2724 1968 2793 aliquis
1989 2763 2004 2787 ,

424 2820 741 2889 humilisque
770 2827 823 2873 et
847 2819 1120 2887 abjectus,
1150 2826 1205 2873 et
1230 2817 1417 2873 vivens
1442 2817 1495 2872 in
1524 2826 1862 2887 paupertate,
1893 2832 2007 2870 ma-

422 2927 581 2982 gnum
617 2911 833 2980 quidem
870 2920 1012 2965 esset
1054 2909 1139 2965 vel
1176 2910 1254 2964 sic
1282 2910 1442 2964 vitam
1480 2915 1797 2980 praesentem
1823 2918 2008 2965 conte-

420 3018 644 3057 mnere:
677 3001 773 3057 sed
811 3018 914 3055 non
952 3010 1096 3056 esset
1135 3000 1206 3055 ita
1250 3017 1496 3072 magnum
1520 3043 1534 3067 ,
1566 3011 1624 3055 ut
1659 3014 1800 3055 nunc
1827 3016 2007 3070 regem

420 3096 601 3150 videre
628 3096 788 3149 tantis
817 3093 1081 3149 fruentem
1106 3094 1312 3149 deliciis
1331 3135 1345 3158 ,
1376 3103 1639 3161 tantaeque
1666 3094 1848 3163 gloriae
1874 3108 2008 3147 con-

419 3201 641 3252 sortem,
667 3187 1080 3243 innumerabiles
1100 3187 1348 3242 victorias
1367 3197 1777 3257 consequutum,
1802 3187 1855 3240 in
1882 3186 2011 3239 mul-

420 3281 487 3335 tis
512 3280 667 3335 bellis
697 3280 951 3334 victorem
978 3279 1125 3333 omni
1148 3295 1212 3334 ex
1240 3290 1392 3348 parte
1416 3279 1637 3345 clarum,
1669 3280 1931 3349 insignem
1954 3288 2010 3334 et

419 3372 716 3438 illustrem;
748 3373 863 3428 hate
903 3374 1081 3429 omnia
1112 3374 1364 3438 irridere,
1401 3373 1642 3438 divitias,
1670 3373 1927 3443 gloriam,
1954 3384 2009 3429 et

417 3479 606 3520 omnes
632 3464 854 3519 delicias
872 3505 888 3531 ,
916 3464 983 3519 ad
1009 3463 1183 3519 futura
1211 3472 1388 3519 autem
1416 3465 1655 3535 aspirare
1679 3475 1734 3518 et
1757 3464 2002 3520 inhiare:

417 3555 519 3610 hoc
543 3564 627 3611 est
649 3556 824 3625 magni
848 3555 1121 3626 cujusdam
1146 3564 1199 3609 et
1218 3554 1415 3611 excelsi
1440 3556 1621 3619 animi,
1653 3554 1755 3610 hoc
1777 3556 2005 3610 est'ani-

417 3664 519 3704 mae
548 3664 665 3719 quae
695 3657 905 3703 tenetur
944 3648 1122 3704 studio
1159 3648 1464 3719 sapientiae,
1492 3657 1545 3703 et
1581 3647 1783 3704 cmlesti
1820 3663 2005 3705 amore

415 3756 543 3796 vere
570 3750 724 3812 capta
748 3752 850 3798 est.

488 3837 539 3889 7.
569 3836 703 3891 Eum
731 3851 828 3892 nos
852 3851 1063 3907 quoque
1094 3836 1396 3901 imitemur,
1427 3853 1493 3892 ne
1529 3837 1807 3907 praesentia
1833 3838 2005 3893 admi-

414 3942 611 3992 remur,
645 3938 706 3981 ut
739 3927 1063 3983 admiremur
1097 3927 1272 3982 futura
1307 3946 1319 3982 :
1350 3928 1431 3982 vel
1467 3930 1645 3996 potius
1676 3929 2004 3985 admiremur

413 4020 617 4085 futura,
646 4038 714 4077 ne
752 4021 1078 4077 admiremur
1112 4021 1423 4091 praesentia.
1449 4021 1504 4076 Si
1532 4021 1675 4076 enim
1701 4021 1755 4075 in
1780 4021 1886 4077 illis
1910 4037 2004 4077 co-

413 4114 642 4183 gitandis
668 4125 923 4185 perpetuo
949 4131 1244 4181 versemur,
1270 4124 1325 4169 et
1349 4130 1569 4185 regnum
1596 4115 1871 4179 calorum,
1901 4115 2003 4169 im-

413 4207 788 4262 mortalitatem
814 4248 828 4271 ,
867 4207 1029 4262 vitam
1068 4223 1188 4277 quae
1216 4222 1501 4276 numquam
1528 4206 1768 4273 desinet,
1797 4206 2000 4261 ducen-

412 4298 533 4352 dam
584 4314 705 4355 cum
753 4298 957 4369 angelis
1004 4298 1297 4362 choream,
1343 4298 1573 4353 futuram
1620 4314 1740 4352 cum
1786 4298 2000 4352 Christo

410 4392 892 4457 conversationem,
919 4391 1141 4462 gloriam
1170 4392 1314 4446 illam
1340 4406 1460 4461 quae
1489 4406 1776 4459 numquam
1818 4392 2000 4447 interit

410 4491 501 4535 aut
521 4484 908 4553 corrumpitur;
932 4484 1093 4538 vitam
1115 4492 1293 4539 autem
1316 4484 1382 4538 ab
1401 4484 1545 4538 omni
1568 4483 1753 4539 dolore
1776 4484 1995 4539 liberam

410 4574 548 4643 apud
580 4588 681 4627 nos
706 4574 851 4643 ipsos
874 4574 1296 4639 consideremus,
1325 4584 1380 4630 et
1405 4575 1544 4645 quod
1574 4575 1842 4647 lacrymae,
1869 4591 1996 4647 pro-

411 4668 524 4731 bra,
555 4665 856 4729 maledicta,
885 4681 1049 4731 mors,
1080 4667 1314 4732 tristitia,
1342 4666 1516 4733 labor,
1546 4676 1813 4734 senectus,
1846 4683 1995 4722 mor-

411 4758 527 4823 bus,
561 4757 841 4828 aegritudo,
872 4766 1155 4829 paupertas
1182 4766 1235 4813 et
1263 4757 1548 4819 calumnia,
1581 4757 1828 4823 viduitas,
1869 4775 1994 4829 pee-

408 4860 586 4905 catum
608 4859 664 4905 et
686 4849 1083 4918 condemnatio,
1109 4866 1265 4920 poena
1290 4861 1342 4906 et
1368 4851 1703 4922 supplicium,
1728 4864 1782 4906 et
1802 4852 1847 4905 si
1868 4852 1994 4921 quid

409 4951 493 4996 est
530 4941 673 4996 aliud
708 4942 759 4996 in
800 4942 905 4996 vita
944 4943 1191 5012 przesenti
1224 4942 1505 4998 molestum
1531 4950 1587 4997 et
1618 4942 1867 4997 acerbum
1890 4983 1903 5005 ,
1931 4958 1994 4997 ea

406 5031 585 5086 omnia
618 5033 838 5101 expulsa
882 5040 1005 5086 sunt
1036 5050 1050 5085 :
1084 5032 1202 5086 loco
1240 5040 1418 5087 autem
1458 5047 1644 5087 eorum
1693 5033 1993 5087 introducta

406 5133 533 5179 sunt
572 5141 692 5193 pax,
726 5126 937 5191 lenitas,
978 5126 1352 5189 mansuetudo,
1384 5125 1618 5192 dilectio,
1649 5125 1851 5192 laetitia,
1880 5126 1995 5196 glo-

405 5218 484 5272 ria
503 5259 520 5285 ,
548 5220 741 5286 honor,
770 5219 1040 5289 splendor,
1075 5228 1125 5274 et
1153 5220 1252 5274 alia
1274 5262 1289 5286 ,
1318 5236 1437 5290 quae
1465 5235 1533 5274 ne
1568 5230 1750 5291 posset
1776 5219 1990 5291 quidem

380 5300 578 5366 “oratio
612 5314 885 5382 consequi,
916 5312 1047 5367 nihil
1091 5328 1190 5367 nos
1218 5328 1393 5370 rerum
1423 5314 1597 5384 capiet
1624 5314 1988 5385 prresentium,

405 5402 503 5457 sed
549 5404 843 5473 poterimus
890 5420 988 5459 nos
1030 5420 1241 5475 quoque
1287 5405 1467 5461 dicere
1517 5420 1637 5459 cum
1690 5404 1988 5475 pr0pheta,

408 5491 624 5558 Quando
648 5495 842 5549 veniam
869 5504 918 5550 et
945 5497 1200 5566 apparebo
1228 5506 1345 5551 ante
1369 5498 1551 5564 faciem
1572 5495 1709 5549 Dei?
1734 5506 1788 5551 et
1818 5499 1886 5550 ita
1913 5498 1992 5551 af-

406 5585 574 5640 fectos
596 5601 696 5643 nec
721 5603 808 5642 res
828 5587 1120 5657 splendidae
1144 5596 1199 5643 et
1224 5587 1473 5642 secundae
1498 5602 1597 5641 nos
1619 5586 1863 5654 eﬂerent,
1889 5604 1989 5643 nec

408 5676 696 5733 insolentes
719 5678 955 5735 efficient
978 5696 992 5747 ;
1021 5695 1121 5736 nec
1147 5694 1267 5750 quae
1297 5687 1421 5735 sunt
1448 5678 1668 5733 molesta
1700 5693 1761 5733 ac
1784 5680 1985 5748 gravia,

409 5768 618 5825 tristitia
643 5771 875 5829 afticient
899 5788 912 5837 ;
945 5787 1052 5828 non
1093 5771 1286 5829 invidia
1308 5812 1322 5837 ,
1357 5784 1463 5830 non
1485 5784 1619 5826 vana
1648 5769 1812 5841 gloria
1835 5811 1849 5841 ,
1880 5786 1986 5828 non

1542 313 1901 371 EXPOSITIO
1937 311 2003 368 IN
2042 311 2365 373 PSALMUM
2404 318 2540 376 XLI.

3605 328 3708 385 166

2121 427 2318 499 aliquid
2338 431 2482 488 aliud
2507 448 2604 489 nos
2630 450 2877 506 umquam
2901 437 3105 504 efferet.
3126 438 3205 495 Ne
3226 439 3330 495 huc
3350 454 3478 511 ergo
3505 450 3706 499 temere

2120 520 2497 591 ingrediamur,
2524 542 2699 595 neque
2717 544 2971 600 responsa
2992 531 3353 602 perfunctorie
3373 536 3703 607 emittamus,

2120 612 2213 666 sed
2239 628 2301 666 ea
2330 629 2425 683 pro
2460 615 2651 672 baculo
2686 631 2961 677 sumentes
2988 623 3342 693 egrediamur.
3373 623 3580 682 Sufficit
3604 642 3704 682 au-

2122 709 2226 756 tem
2254 706 2615 776 unusquisque
2642 723 2830 765 versus
2853 721 2911 764 ut
2932 712 3086 767 nobis
3111 723 3386 784 comparet
3414 715 3705 786 plurimum

2120 791 2491 863 phi1050pbire,
2524 807 2581 852 ut
2609 800 2841 870 corrigat
2862 800 3169 872 dogmatum
3200 808 3539 873 sententiam,
3567 818 3624 864 et
3647 819 3706 864 ut

2118 884 2304 941 afferat
2330 889 2615 944 maximam
2638 892 2759 946 vita:
2785 893 3064 949 utilitatem
3091 914 3104 949 :
3131 907 3186 952 et
3206 898 3252 952 si
3278 914 3705 972 unamquamque

2116 975 2401 1033 dictionem
2422 990 2608 1037 exacte
2628 992 3042 1051 perscrutemur,
3064 986 3349 1045 admodum
3371 990 3559 1046 uberes
3579 992 3705 1049 inde

2118 1065 2320 1122 fructus
2340 1069 2673 1140 colligemus.
2700 1073 2885 1143 Neque
2911 1078 3051 1130 enim
3079 1090 3461 1149 paupertatem,
3486 1098 3587 1139 nec
3610 1101 3706 1140 ne-

2116 1157 2292 1225 gotia,
2326 1175 2425 1214 nec
2467 1162 2768 1217 tarditatem
2812 1164 2898 1219 hic
2934 1183 3071 1237 opus
3108 1179 3193 1224 est
3236 1184 3546 1240 praetexere.
3592 1175 3702 1233 Etsi

2116 1250 2259 1302 enim
2285 1251 2358 1305 sis
2386 1267 2603 1322 pauper,
2628 1266 2681 1310 et
2706 1267 2920 1326 propter
2941 1271 3305 1329 paupertatem
3328 1263 3478 1320 libris
3497 1281 3700 1333 careas,

2116 1343 2199 1397 vel
2235 1344 2399 1400 libros
2433 1347 2649 1415 quidem
2686 1347 2886 1406 habeas
2909 1394 2923 1415 ,
2964 1369 3069 1407 non
3115 1364 3363 1426 suppetat
3402 1371 3578 1413 autem
3611 1360 3705 1415 tibi

2116 1437 2281 1491 otium
2304 1480 2319 1503 ,
2351 1439 2480 1494 mihi
2522 1452 2723 1496 tantum
2768 1459 3024 1514 responsa
3070 1447 3402 1505 Psalmorum
3440 1452 3702 1519 observa,

2118 1544 2236 1598 qua:
2263 1529 2350 1584 hic
2375 1531 2684 1589 succinuisti
2712 1549 2818 1590 non
2844 1537 3031 1604 semel,
3063 1553 3169 1594 non
3202 1539 3306 1607 bis,
3341 1557 3449 1597 non
3478 1551 3580 1611 ter,
3609 1544 3707 1600 sed

2117 1634 2261 1687 saepe
2284 1661 2300 1687 ,
2331 1628 2388 1675 et
2413 1636 2478 1675 ex
2505 1638 2571 1677 eo
2600 1638 2844 1694 magnam
2873 1628 3053 1697 capies
3090 1630 3534 1689 consolationem.
3573 1634 3708 1692 Vide

2115 1728 2245 1782 ergo
2272 1725 2528 1783 quantum
2570 1717 2724 1771 nobis
2757 1719 3068 1776 thesaurum
3109 1726 3377 1792 aperuerit
3413 1727 3495 1781 vel
3534 1727 3707 1797 ipsum

2116 1818 2453 1872 responsum.
2482 1805 2593 1861 Nec
2618 1807 2747 1862 mihi
2778 1807 2920 1864 dicat
2950 1812 3210 1882 quispiam
3230 1854 3247 1878 ,
3278 1816 3415 1871 Ante
3440 1816 3707 1889 interpre-

2116 1893 2371 1949 tationem
2417 1897 2721 1951 nesciebam
2760 1899 2885 1968 quid
2924 1901 3148 1958 valeret.
3208 1903 3338 1958 Nam
3382 1907 3542 1962 etiam
3581 1919 3709 1965 ante

2117 1984 2609 2055 interpretationem
2646 1991 2790 2045 omni
2833 2002 3071 2062 tempore
3106 2010 3135 2049 a
3177 1995 3391 2053 volente
3419 2009 3707 2072 utcumque

2087 2113 2090 2116 .
2116 2078 2348 2132 animum
2377 2080 2631 2136 adhibere
2660 2083 2798 2138 bene
2836 2096 3012 2153 potest
3038 2088 3256 2159 intelligi
3285 2106 3623 2162 responsum.
3650 2095 3707 2151 Si

2115 2171 2257 2224 enim
2298 2171 2525 2241 teipsum
2566 2175 2902 2233 solummodo
2928 2178 3174 2237 docueris
3201 2182 3381 2239 dicere
3405 2227 3419 2249 ,
3450 2186 3707 2254 Quemad-

2116 2264 2320 2317 modum
2348 2265 2600 2320 desiderat
2628 2285 2801 2322 cervus
2825 2270 2893 2323 ad
2917 2275 3079 2342 fontes
3104 2290 3351 2343 aquarum
3368 2318 3384 2340 ,
3407 2278 3479 2330 ita
3508 2279 3707 2334 deside—

2112 2363 2194 2407 rat
2221 2355 2392 2408 anima
2416 2372 2527 2410 mea
2549 2358 2617 2411 ad
2643 2368 2708 2425 te,
2740 2358 2880 2415 Deus
2904 2376 2923 2414 :
2944 2362 3096 2416 sitirt‘t
3119 2366 3290 2418 anima
3316 2383 3427 2420 mea
3449 2369 3517 2421 ad
3544 2368 3707 2423 Deum

2115 2444 2294 2510 fortene
2323 2447 2492 2501 vivum
2522 2466 2537 2503 :
2568 2452 2771 2519 quando
2810 2454 3005 2507 ueniant
3035 2465 3082 2508 et
3110 2457 3363 2527 apparebo
3390 2468 3507 2514 ante
3529 2460 3706 2529 faciem

2115 2534 2257 2590 Dei?
2284 2537 2336 2592 id
2370 2539 2456 2594 vel
2495 2552 2620 2595 ante
2662 2542 3157 2613 interpretationem
3200 2548 3469 2605 suﬂ‘eeerit
3508 2552 3602 2607 tibi
3640 2554 3705 2608 ad

2116 2644 2330 2685 omnem
2359 2631 2799 2689 introducendam
2837 2635 3249 2707 philosophiam.
3280 2640 3463 2712 Neque
3491 2643 3591 2697 hoc
3617 2660 3707 2698 so-

2116 2721 2249 2786 lum,
2278 2723 2371 2777 sed
2397 2724 2556 2777 etiam
2584 2727 3001 2798 unumquodque
3030 2746 3345 2800 responsum
3373 2734 3587 2789 easdem
3614 2752 3701 2787 no-

2115 2814 2197 2867 bis
2222 2816 2576 2884 suppeditabit
2604 2818 2837 2874 divitias.
2866 2819 2997 2874 Nam
3025 2825 3069 2876 si
3098 2839 3285 2879 rursus
3309 2824 3507 2879 dixeris
3535 2844 3548 2878 :
3578 2826 3706 2880 Bea-

2113 2916 2194 2961 tus
2223 2908 2298 2961 uir
2321 2910 2405 2977 qui
2437 2910 2571 2964 timet
2600 2910 2873 2965 Dominum
2902 2913 2922 2983 (
2939 2912 3084 2968 Psal.
3117 2916 3241 2970 111.
3274 2916 3326 2987 1)
3353 2934 3364 2969 :
3394 2928 3449 2971 et
3472 2920 3706 2987 potueris

2114 2999 2252 3055 scire
2280 2999 2533 3069 quidnam
2571 3002 2639 3055 sit
2678 3002 2729 3055 id
2769 3003 2911 3073 quod
2951 3003 3085 3060 dicis
3114 3025 3128 3059 :
3157 3021 3264 3061 non
3296 3006 3514 3063 divitem
3540 3049 3556 3075 ,
3598 3025 3704 3065 non

2113 3091 2430 3160 principem,
2460 3107 2564 3146 non
2586 3091 2904 3160 formosum,
2930 3110 3036 3150 non
3060 3111 3183 3152 eum
3208 3098 3299 3169 qui
3321 3100 3459 3156 valet
3481 3100 3701 3166 viribus,

2113 3195 2221 3259 non
2248 3196 2368 3235 eum
2396 3181 2486 3251 qui
2516 3181 2658 3237 aedes
2687 3183 2925 3251 possidet
2954 3187 3263 3256 magnificas
3286 3228 3302 3255 ,
3335 3204 3439 3243 non
3465 3204 3589 3245 eum
3614 3191 3703 3261 qui

2112 3276 2247 3342 gerit
2270 3275 2631 3344 magistratus,
2660 3292 2766 3329 non
2793 3292 2914 3331 eum
2942 3278 3032 3347 qui
3059 3280 3111 3333 in
3141 3281 3285 3351 regia
3314 3281 3563 3351 nutritur,
3585 3284 3703 3340 nul-

2112 3367 2220 3420 lum
2246 3366 2477 3435 denique
2501 3367 2664 3422 alium
2688 3409 2703 3435 ,
2734 3368 2836 3423 nisi
2867 3384 2988 3423 eum
3016 3371 3106 3440 qui
3133 3382 3215 3426 est
3247 3374 3367 3441 pius
3393 3391 3456 3429 ac
3482 3376 3702 3447 religio-

2110 3472 2202 3510 sus
2226 3497 2240 3521 ,
2270 3458 2359 3526 qui
2386 3456 2562 3513 studio
2591 3458 2869 3529 sapientiae
2906 3470 3117 3515 tenetur
3136 3505 3151 3529 ,
3178 3465 3268 3533 qui
3306 3465 3471 3521 Deum
3508 3468 3700 3537 timet,

2110 3548 2324 3604 beatum
2355 3549 2517 3605 duces
2542 3590 2555 3614 ,
2584 3565 2690 3606 non
2718 3552 2891 3606 solum
2930 3562 3148 3623 propter
3176 3554 3348 3610 futura
3370 3598 3385 3623 ,
3414 3558 3507 3614 sed
3538 3561 3700 3617 etiam

2108 3651 2331 3711 propter
2357 3642 2661 3712 praesentia.
2688 3643 2822 3698 Nam
2853 3645 3013 3700 etiam
3039 3646 3092 3701 in
3124 3646 3225 3703 hac
3248 3649 3351 3703 vita
3379 3649 3465 3706 hic
3489 3668 3701 3724 quoque

2109 3742 2192 3788 est
2216 3733 2311 3788 illo
2337 3734 2625 3804 potentior.
2661 3734 2793 3790 Nam
2825 3736 2871 3791 si
2902 3736 3120 3794 morbus
3146 3739 3464 3811 quandoque
3493 3745 3701 3801 invase-

2108 3824 2197 3889 rit,
2222 3823 2315 3879 ille
2340 3824 2552 3894 quidem
2581 3825 2797 3881 indutus
2822 3842 3052 3899 purpura
3084 3829 3216 3885 nihil
3243 3847 3271 3886 a
3300 3834 3617 3891 satellitibus
3642 3847 3700 3893 et

2106 3917 2338 3987 superbo
2369 3917 2460 3972 illo
2485 3918 2737 3973 exteriori
2770 3931 3026 3989 apparatu
3063 3921 3280 3991 juvatur
3314 3924 3381 3979 ad
3416 3902 3709 3984 solandam.

2107 4010 2479 4079 azgritudinem
2500 4054 2514 4078 ,
2547 4012 2641 4067 sed
2669 4013 3001 4077 domeSticis,
3045 4018 3351 4083 parentibus
3370 4061 3385 4086 ,
3415 4021 3695 4079 omnibus-

2100 4100 2211 4171 que
2238 4104 2606 4172 praesentibus,
2637 4114 2691 4159 et
2712 4106 2889 4160 aureis
2913 4107 3148 4163 vestibus
3175 4124 3335 4178 super
3356 4127 3477 4167 eum
3506 4116 3696 4184 positis
3725 4132 3731 4139 '

2105 4205 2265 4266 atque
2304 4196 2617 4263 substratis,
2653 4198 2798 4267 jacet
2832 4198 2922 4255 ille
2948 4199 3143 4255 ardens
3175 4204 3337 4258 veluti
3371 4203 3425 4259 in
3454 4204 3696 4267 fornace.

2105 4285 2204 4353 Qui
2235 4297 2315 4340 est
2342 4297 2519 4342 autem
2549 4288 2667 4357 pius
2686 4330 2701 4354 ,
2730 4297 2786 4344 et
2821 4289 2985 4344 Deum
3015 4291 3192 4355 timet,
3222 4308 3330 4347 non
3367 4304 3554 4365 patre,
3583 4315 3692 4355 non

2105 4394 2291 4443 servo,
2324 4395 2428 4433 non
2468 4380 2579 4433 ullo
2620 4379 2728 4435 alio
2771 4392 3067 4450 prazsente,
3105 4392 3381 4454 postquam
3412 4387 3465 4441 in
3500 4389 3688 4446 caelum

2103 4487 2210 4526 non
2242 4487 2415 4541 saepe,
2443 4472 2538 4527 sed
2566 4472 2648 4527 bis
2671 4484 2724 4527 et
2752 4482 2834 4528 ter
2861 4476 3099 4545 SIISpexit
3117 4517 3131 4540 ,
3158 4490 3371 4533 omnem
3408 4479 3551 4535 illam
3579 4481 3693 4538 for-

2102 4579 2287 4618 nacem
2318 4564 2589 4619 exstinxit.
2624 4564 2737 4620 Hoc
2762 4566 2923 4621 etiam
2959 4567 3152 4622 viderit
3183 4570 3443 4640 quispiam
3474 4576 3693 4631 evenire

2103 4658 2157 4713 in
2184 4659 2346 4714 rebus
2367 4659 2636 4726 adversis,
2667 4667 2722 4712 et
2760 4660 2811 4713 in
2843 4660 3087 4715 omnibus
3109 4678 3227 4732 quae
3254 4664 3525 4734 inopinato
3543 4668 3689 4725 acci~

2100 4753 2266 4819 dunt,
2291 4766 2385 4807 eos
2417 4752 2629 4822 quidem
2657 4752 2746 4822 qui
2782 4751 2980 4806 divitiis
3016 4752 3273 4821 afﬂuunt,
3303 4756 3537 4828 clarique
3564 4769 3690 4815 sunt

2101 4854 2154 4900 et
2177 4846 2427 4914 insignes,
2452 4842 2654 4897 turbari
2680 4860 2693 4896 :
2717 4858 2811 4899 eos
2835 4856 3010 4899 autem
3034 4846 3120 4914 qui
3144 4856 3268 4900 sunt
3292 4848 3384 4917 pii,
3409 4859 3462 4904 et
3486 4851 3689 4921 sapien-

2101 4938 2189 4991 tiae
2230 4935 2488 5001 studiosi,
2518 4936 2695 4989 omnia
2735 4934 2874 4990 ferre
2905 4935 3057 4991 facile
3082 4945 3135 4991 et
3161 4938 3388 5007 placide.
3410 4939 3527 4996 Jam
3558 4958 3688 4999 vero

2099 5038 2225 5083 ante
2252 5042 2313 5082 ea
2345 5027 2544 5093 omnia,
2574 5028 2617 5080 si
2647 5027 2775 5081 nihil
2798 5042 2958 5097 grave
2983 5030 3242 5097 evenerit,
3268 5030 3384 5101 ejus
3404 5034 3492 5102 qui
3518 5033 3685 5091 Deum

2101 5123 2251 5176 timet
2278 5121 2604 5176 conscientia
2630 5129 2715 5176 est
2741 5130 2795 5175 et
2820 5121 3004 5191 majori
3034 5132 3089 5176 et
3116 5122 3393 5179 sinceriori
3418 5126 3687 5198 voluptate

2098 5215 2290 5285 plena,
2321 5229 2477 5282 quam
2516 5213 2696 5268 divitis
2735 5213 2933 5267 anima.
2969 5213 3062 5270 ille
3100 5216 3279 5281 enim,
3320 5216 3422 5271 etsi
3459 5230 3685 5277 externo

2097 5309 2221 5365 cibo
2256 5307 2523 5375 fruatur‘,
2564 5307 2776 5376 gravius
2815 5305 3100 5363 afﬂictatur
3129 5308 3375 5364 omnibus
3413 5313 3502 5381 qui
3541 5310 3685 5370 fame

2096 5408 2378 5465 vexantur,
2405 5400 2529 5455 dum
2552 5414 2645 5454 sua
2673 5399 2809 5452 mala
2839 5400 2888 5453 in
2917 5400 3227 5475 memoriam
3256 5402 3467 5473 redigit,
3488 5412 3683 5462 etcum

2098 5493 2234 5548 mala
2264 5492 2391 5546 vivit
2432 5492 2755 5547 conscientia
2787 5510 2799 5545 :
2837 5491 2925 5546 hic
2963 5502 3141 5547 autem
3167 5535 3182 5560 ,
3220 5493 3344 5547 licet
3381 5499 3686 5552 necessario

2097 5588 2352 5640 alimento
2379 5592 2592 5651 careat,
2618 5584 2721 5638 erit
2749 5583 3102 5653 tranquilliori
3134 5595 3188 5638 et
3225 5584 3467 5640 aiacriori
3499 5587 3681 5643 animo

2099 5694 2255 5750 quam
2279 5678 2311 5731 ii
2335 5676 2424 5746 qui
2453 5675 2696 5730 fruuntur
2719 5675 2965 5729 omnibus
2985 5674 3212 5738 deliciis,
3236 5686 3288 5729 ut
3317 5676 3403 5745 qui
3429 5676 3567 5733 bona
3586 5692 3682 5749 spe

2163 5776 2179 5805 ί
2215 5775 2456 5821 Hervetus
2482 5782 2494 5816 :
2528 5767 2616 5818 etsi
2632 5772 2835 5817 externa
2857 5766 3089 5827 voluptate
3114 5766 3322 5829 fruatur.
