4140 6356
438 317 540 372 167

1158 318 1215 375 8.
1253 315 1532 374 JOANNIS
1568 310 2047 373 CHRYSOSTOMI
2087 311 2406 372 ARCIHEP.
2435 312 2969 374 CONSTANTINOP.

3618 330 3722 387 N38

436 435 630 498 alatur,
653 439 708 488 et
727 446 944 488 suorum
968 440 1116 486 recte
1141 430 1398 488 factorum
1423 433 1883 488 remunerationes
1898 445 2034 502 quo-
2134 431 2425 489 fundebant
2465 433 2818 504 adversarios,
2857 452 2962 492 non
3005 437 3169 492 armis
3199 435 3442 506 fidentes,
3473 444 3568 498 sed
3598 446 3718 501 loco

417 525 566 584 -tidie
589 534 883 596 exspectet.
909 526 1018 581 Sed
1045 541 1111 580 ne
1142 525 1365 596 longiori
1394 535 1548 581 utens
1570 526 1814 580 oratione
1840 525 2021 580 videar

416 616 629 672 ‘aaﬂ'erre
655 617 953 672 molestiam
975 657 990 682 ,
1020 617 1327 687 relinquens
1352 617 1417 671 iis
1444 618 1533 686 qui
1567 623 1694 672 sunt
1721 616 1878 686 paulo
1904 626 2020 669 stu-

426 708 698 765 diosiores
720 708 1002 780 legendum
1031 707 1445 779 unumquodque
1467 722 1801 778 responsum,
1825 717 1880 762 et
1902 722 2021 780 qua:

437 805 492 858 in
516 818 582 860 eo
605 803 704 858 sita
735 812 837 870 est,
869 803 1208 858 scrutandam
1237 803 1364 868 vim,
1388 802 1475 858 hic
1497 802 1675 858 ﬁniam
1698 802 2014 868 orationem,

435 897 528 952 illa
565 896 798 952 suadens
835 905 1032 952 vestrae
1069 894 1376 961 dilectioni,
1417 903 1627 950 ut~non
1666 894 1790 949 hinc
1825 893 2020 949 frustra

435 986 784 1058 egrediamini
806 1027 823 1054 ,
854 987 948 1042 sed
979 1000 1234 1056 responsa
1277 995 1544 1057 tamquam
1585 986 1898 1056 margaritas
1926 1001 2019 1041 su-

436 1088 666 1147 mentes,
694 1095 758 1136 ea
784 1080 929 1135 domi
955 1088 1210 1150 perpetuo
1232 1080 1562 1136 conservetis
1591 1089 1644 1133 et
1668 1077 2014 1144 meditemini,

435 1173 727 1243 amicisque
748 1181 802 1228 et
829 1171 1084 1226 uxoribus
1107 1186 1170 1226 ea
1200 1171 1380 1225 omnia
1403 1169 1592 1225 dicatis
1615 1187 1628 1222 :
1652 1177 1707 1224 et
1729 1169 1774 1225 si
1797 1170 1902 1224 ulla
1924 1183 2020 1224 vos

439 1271 595 1319 vexet
617 1262 781 1317 animi
809 1260 1159 1332 perturbatio,
1185 1260 1232 1317 si
1251 1261 1513 1316 excitetur
1536 1259 1818 1328 cupiditas,
1843 1260 1885 1313 si
1918 1259 2015 1323 ira,

433 1366 528 1414 aut
548 1356 750 1428 quaevis
778 1355 880 1410 alia
904 1368 936 1410 a
965 1353 1172 1409 ratione
1195 1353 1368 1408 aliena
1399 1351 1730 1424 perturbatio
1753 1393 1768 1418 ,
1793 1367 1856 1406 ea
1880 1351 2017 1406 assi-

434 1449 540 1504 due
567 1447 779 1503 canalis
807 1462 823 1500 :
850 1453 907 1501 ut
934 1454 989 1500 et
1022 1446 1078 1499 in
1122 1444 1223 1500 hac
1255 1445 1361 1499 vita
1405 1459 1596 1515 magna
1639 1443 2019 1515 tranquillitate

433 1540 693 1607 fruamur,
720 1547 776 1595 et
799 1540 853 1594 in
883 1541 1055 1594 futura
1077 1540 1184 1592 vita
1212 1538 1350 1594 bona
1374 1547 1578 1594 aeterna
1606 1553 2015 1609 consequamur,

427 1632 600 1706 gratia
633 1642 688 1687 et
725 1631 1052 1702 benignitate
1077 1631 1289 1687 Domini
1319 1631 1488 1688 nostri
1516 1629 1642 1688 Jesu
1667 1631 1896 1698 Christi,
1925 1645 2020 1700 per

428 1740 589 1797 quem
619 1733 674 1780 et
699 1739 821 1779 cum
849 1737 958 1794 quo
993 1723 1137 1779 Patri
1167 1732 1222 1778 et
1255 1733 1442 1779 sancto
1467 1723 1687 1794 Spiritui
1712 1723 1784 1778 sit
1806 1722 1972 1793 gloria
1997 1764 2013 1789 ,

430 1814 712 1886 imperium
737 1855 754 1882 ,
783 1815 986 1882 honor,
1010 1829 1151 1870 nunc
1177 1824 1233 1870 et
1258 1829 1503 1885 semper,
1528 1823 1584 1870 et
1609 1815 1662 1870 in
1691 1815 1883 1870 saecula
1911 1829 2014 1868 sa:-

429 1908 688 1963 culorum.
722 1909 911 1964 Amen.

857 2037 922 2092 IN
952 2036 1272 2094 PSALMUM
1296 2037 1457 2092 XLIII
1491 2037 1587 2108 (a).

783 2153 836 2206 ‘l.
877 2150 1113 2207 Victoria:
1143 2154 1334 2206 auctori
1366 2153 1488 2222 ﬁliis
1511 2151 1657 2208 Core.

425 2258 485 2320 2.
509 2263 666 2330 Deus,
691 2263 899 2320 auribus
916 2265 1098 2320 nostris
1120 2265 1423 2330 audivimus,
1443 2275 1610 2336 patres
1629 2267 1786 2321 nostri
1809 2283 2012 2322 annun-

497 2358 749 2412 tiareruut
791 2356 932 2412 nobis
969 2373 1096 2427 opus
1133 2357 1268 2426 quod
1300 2367 1537 2427 aperatus
1560 2375 1611 2411 es
1647 2359 1700 2411 in
1723 2358 1894 2413 diebus
1924 2376 2012 2413 eo-

486 2466 634 2516 rum,
663 2458 713 2504 et
748 2449 804 2503 in
847 2449 1022 2508 diebus
1063 2449 1306 2521 antiquis.
1347 2449 1501 2504 Alius
1536 2449 1800 2520 interpres
1827 2451 1920 2515 ait,
1946 2449 2013 2504 In

483 2541 670 2598 diebus
697 2540 965 2612 prioribus.
986 2540 1158 2609 Alius,
1181 2539 1252 2595 In
1277 2540 1454 2596 diebus
1474 2541 1538 2594 ab
1565 2542 1728 2596 initio.

497 2679 550 2733 Ι.
581 2677 734 2733 Hunc
768 2675 1036 2731 Psalmum
1080 2673 1207 2729 dicit
1250 2672 1510 2744 propheta
1545 2689 1649 2728 non
1690 2689 1753 2728 ex
1787 2688 2012 2743 persona

413 2769 659 2842 propria,
697 2767 791 2825 sed
826 2782 894 2823 ex
930 2781 1157 2838 persona
1203 2765 1656 2832 Maccabaeorum,
1702 2783 1924 2822 narrans
1961 2777 2015 2822 et

413 2860 718 2932 pradicens
757 2873 876 2931 qua:
915 2857 1090 2914 futura
1131 2864 1285 2914 erant
1329 2857 1384 2912 in
1427 2858 1518 2913 illo
1542 2865 1804 2929 tempore.
1855 2859 2012 2915 Tales

425 2954 570 3011 enim
612 2962 736 3009 sunt
783 2950 1055 3024 prophetae
1094 2969 1110 3006 :
1158 2950 1337 3006 omnia
1380 2957 1619 3021 tempora
1671 2961 2008 3022 percurrunt,

423 3045 726 3118 praesentia,
774 3045 1063 3117 praeterita,
1110 3042 1305 3100 futura.
1345 3043 1571 3112 Quinam
1606 3054 1729 3100 sunt
1752 3055 1929 3103 autem
1958 3047 2012 3103 bi

421 3137 725 3202 Maccabtei,
753 3137 985 3207 quidque
1023 3135 1162 3206 passi
1205 3142 1350 3202 sunt,
1381 3143 1436 3190 et
1460 3133 1588 3204 quid
1627 3135 1885 3204 fecerunt,
1917 3151 2014 3192 ne-

420 3230 710 3285 cessarium
742 3236 826 3283 est
859 3228 1084 3297 primum
1113 3225 1312 3291 dicere,
1369 3233 1427 3280 ut
1471 3226 1579 3281 sint
1605 3227 1868 3296 apertiora
1892 3243 2012 3298 quae

422 3321 477 3378 in
507 3329 820 3390 argumento
867 3318 1136 3373 dicuntur.
1177 3317 1217 3372 Ii
1243 3317 1408 3384 enim,
1453 3331 1576 3372 cum
1604 3317 1888 3374 invasisset
1911 3317 2010 3374 Ju-

419 3411 593 3466 daeam
618 3408 932 3474 Antiochus,
958 3408 1050 3479 qui
1072 3408 1245 3463 dictus
1279 3417 1364 3463 est
1394 3408 1717 3478 Epiphanes,
1748 3418 1804 3464 et
1830 3409 2010 3465 omnia

420 3502 751 3558 devastasset
785 3509 840 3555 et
865 3500 1059 3555 multos
1094 3499 1184 3569 qui
1223 3508 1348 3554 tunc
1388 3508 1562 3566 erant,
1589 3514 1620 3553 a
1650 3500 1833 3568 patriis
1861 3501 2012 3556 insti-

417 3595 549 3648 tutis
577 3594 784 3648 resilire
821 3593 1104 3663 coegisset,
1149 3599 1559 3662 permanserunt
1602 3592 1752 3647 illmsi
1795 3593 1864 3647 ab
1907 3593 2010 3649 illis

423 3683 888 3756 tentationibnsa.
918 3681 1150 3738 Macrob.
1176 3683 1230 3738 I.
1252 3684 1339 3738 ll.
1363 3683 1522 3754 sqq.):
1549 3693 1604 3739 et
1622 3683 1832 3754 quando
1849 3700 2012 3755 grave

418 3775 634 3847 quidem
663 3775 860 3830 bellum
900 3772 1195 3844 ingruebat,
1228 3787 1330 3829 nec
1352 3771 1638 3844 quidquam
1665 3784 1908 3844 poterant
1933 3775 2009 3831 fa-

416 3881 542 3922 cere
593 3865 734 3938 quod
781 3865 1075 3935 prodesset,
1119 3879 1178 3920 se
1213 3864 1629 3920 abscondebant.
1656 3865 1808 3933 Quod
1846 3869 2008 3922 etiam

416 3958 921 4029 feceruntapostoli.
951 3956 1064 4012 Non
1089 3959 1230 4013 enim
1259 3971 1473 4028 semper
1495 3968 1788 4028 praesentes
1809 3959 1860 4014 in
1896 3975 2010 4016 me-

391 4049 503 4110 .dia
528 4049 798 4104 irruebant
823 4048 1076 4119 pericula,
1103 4048 1198 4104 sed
1233 4063 1630 4119 nonnumquam
1670 4057 1725 4105 et
1748 4049 2007 4122 fugientes

389 4123 472 4196 iet
500 4140 724 4196 latentes
741 4140 1022 4196 cedebant.
1053 4139 1339 4211 Postquam
1365 4150 1542 4196 autem
1569 4156 1758 4212 parum
1783 4145 2008 4215 respira-

417 4242 625 4299 verant,
656 4239 923 4302 tamquam
950 4232 1196 4303 generosi
1222 4232 1434 4304 quidam
1473 4233 1705 4289 leunculi
1730 4249 1796 4290 ex
1837 4238 2006 4293 antris

416 4324 743 4388 exsilientes,
772 4333 827 4378 et
852 4340 883 4380 e
921 4324 1138 4380 latebris
1180 4336 1534 4396 emergentes,
1565 4327 1872 4384 statuebant
1897 4345 2005 4386 non

416 4430 477 4472 se
503 4416 730 4488 amplius
757 4415 899 4470 solos
923 4430 1157 4482 servare,
1181 4416 1274 4472 sed
1294 4417 1450 4470 etiam
1473 4417 1626 4484 alios,
1649 4429 2006 4491 quotcumque

417 4517 637 4578 possent
667 4526 680 4562 :
708 4516 764 4563 et
786 4508 1056 4565 civitatem
1087 4517 1143 4564 et
1169 4509 1440 4580 regionem
1464 4525 1677 4566 omnem
1720 4511 2001 4580 obeuntes,

415 4601 744 4674 collegerunt
765 4605 1358 4673 quotquotinvenerunt
1391 4603 1564 4661 adhuc
1600 4620 1759 4662 sanos
1787 4618 1839 4663 et
1869 4609 2007 4664 intc-

414 4709 541 4766 gros
574 4706 596 4751 ξ
621 4703 677 4750 et
715 4695 910 4750 multos
959 4697 1117 4751 etiam
1159 4696 1251 4767 qui
1293 4696 1626 4764 laborabant,
1677 4710 1732 4754 et
1768 4703 2002 4771 corrupti

415 4795 587 4853 erant,
628 4787 682 4843 in
729 4796 923 4843 statum
963 4790 1241 4858 pristinum
1288 4791 1629 4861 redegerunt,
1658 4791 1739 4849 eis
1785 4809 2005 4863 persua-

413 4879 624 4948 dentes,
653 4880 828 4938 redire
855 4880 923 4937 ad
970 4881 1142 4954 legem
1187 4882 1432 4952 patriam.
1473 4883 1639 4938 Deum
1682 4885 1826 4940 enim
1853 4885 2000 4941 dice-

413 4971 544 5026 bant
569 4986 690 5027 esse
719 4971 1004 5044 benignum
1031 4981 1086 5028 et
1107 4972 1445 5039 clementem,
1489 4989 1588 5029 nec
1610 4991 1861 5047 umquam
1881 4978 2002 5032 adi-

413 5078 563 5119 mere
586 5063 835 5132 salutem,
875 5081 995 5136 qua:
1036 5065 1388 5136 proﬁciscitur
1412 5079 1476 5120 ex
1508 5067 1836 5135 poenitentia.
1875 5068 2000 5126 Haec

412 5163 590 5209 autem
611 5154 867 5220 dicentes,
889 5156 1188 5212 habuerunt
1206 5157 1469 5212 delectum
1495 5156 1710 5212 fortium
1736 5158 1994 5214 virorum.

411 5244 528 5302 Non
556 5247 699 5301 enim
729 5262 826 5317 pro
852 5248 1124 5311 uxoribus,
1155 5248 1338 5304 liberis
1369 5257 1422 5303 et
1448 5249 1676 5315 ancillis,
1705 5251 1997 5322 patriasque

411 5337 691 5394 eversione
729 5346 783 5396 et
819 5339 1143 5408 captivitate,
1175 5338 1268 5394 sed
1299 5355 1394 5410 pro
1419 5341 1536 5413 lege
1561 5351 1616 5396 et
1640 5343 1806 5413 patria
1833 5359 1997 5414 repn-

411 5430 549 5488 blica
585 5431 890 5503 pugnabant
917 5449 931 5485 :
961 5445 1145 5487 eorum
1181 5441 1358 5486 autem
1395 5431 1500 5486 dux
1532 5442 1647 5488 erat
1674 5434 1834 5490 Deus.
1862 5435 1994 5491 Cum

410 5537 539 5596 ergo
564 5523 734 5579 aciem
753 5522 1062 5597 dirigerent,
1085 5532 1139 5578 et
1156 5524 1395 5594 proririas
1419 5534 1750 5594 exponerent
1769 5527 1989 5594 animas,

473 5705 550 5780 (rt)
582 5707 796 5780 l-nJi‘unc
811 5706 1146 5780 ﬂammat
1162 5709 1209 5756 in
1226 5715 1500 5780 sequ-entes
1533 5709 1714 5759 utimur
1736 5709 1994 5763 Codicibus

413 5768 571 5833 Regiis
594 5769 716 5820 1952
739 5768 950 5831 etM,
975 5778 1028 5820 et
1049 5768 1328 5822 Colbertino
1355 5769 1426 5820 to.

2127 525 2302 579 omnis
2317 535 2598 581 armatura:
2616 542 2805 598 pugna:
2823 543 3038 583 causam
3063 528 3311 587 sufﬁcere
3327 531 3600 593 ducentes.
3633 540 3717 596 Ad

2127 612 2324 668 bellum
2353 627 2528 671 autem
2557 628 2768 683 euntes,
2801 634 2905 673 non
2935 621 3222 690 tragmdias
3247 625 3576 693 excitabant,
3606 647 3716 688 non

2127 718 2307 773 pasam
2337 706 2619 774 canebant,
2641 709 2779 763 sicut
2798 711 3040 766 nonnulli
3065 712 3292 779 faciunt;
3316 730 3422 771 non
3443 718 3714 776 adscisce-

2125 794 2252 851 bant
2272 796 2532 864 tibicines,
2563 808 2622 854 ut
2650 799 2710 855 ﬁt
2738 801 2788 854 in
2814 801 2933 856 aliis
2959 803 3154 859 castris
3183 819 3199 860 :
3230 805 3324 860 sed
3365 806 3460 862 Dei
3485 823 3717 881 superne

2124 887 2376 942 auxilium
2411 889 2746 954 invocabant,
2771 900 2826 946 ut
2859 893 3091 958 adesset,
3119 909 3274 966 opem
3307 896 3493 968 ferret,
3522 911 3576 956 et
3602 918 3716 957 ma-

2124 993 2251 1032 num
2284 980 2565 1049 praeberet,
2609 992 2824 1052 propter
2859 1001 3017 1054 quem
3059 986 3258 1042 bellum
3303 991 3580 1062 gerebant,
3616 1009 3716 1064 pro
3817 1067 3819 1069 ι

2121 1069 2276 1140 cujus
2315 1071 2480 1141 gloria
2531 1073 2896 1131 decertabant.
2945 1077 3233 1135 Videamus
3278 1095 3406 1152 ergo
3443 1084 3570 1154 quid
3598 1084 3715 1140 base

2121 1172 2296 1218 castra
2327 1165 2422 1221 Dei
2448 1167 2750 1235 loquantur,
2776 1186 2897 1240 qure
2932 1180 3057 1226 sunt
3083 1174 3346 1244 spirituali
3377 1179 3581 1234 munita
3618 1195 3713 1235 au-

2120 1255 2268 1320 xilio,
2295 1273 2416 1312 cum
2447 1268 2571 1314 sunt
2600 1259 2784 1318 hostes
2824 1278 3156 1334 aggressum.
3188 1265 3350 1335 Deus,
3384 1271 3589 1326 auribus
3613 1289 3710 1326 uo—

2119 1349 2238 1402 stris
2267 1349 2574 1406 audirimus.
2615 1353 2748 1420 Quia
2784 1355 2926 1409 enim
2971 1357 3215 1412 nonnulli
3259 1374 3446 1416 eorum
3471 1364 3710 1433 quicum

2122 1438 2252 1509 ipsis
2284 1441 2493 1497 stabant
2527 1443 2582 1497 in
2621 1444 2758 1510 acie,
2784 1445 3032 1502 Antiochi
3071 1449 3485 1519 multitudinem,
3513 1455 3710 1510 instru-

2123 1537 2265 1584 ctam
2303 1530 2494 1598 aciem,
2541 1542 2597 1588 et
2617 1535 2894 1590 victoriam
2926 1536 3203 1607 videntes,
3243 1541 3490 1611 quodque
3530 1546 3711 1600 omnia

2119 1621 2292 1691 primo
2329 1622 2530 1695 impetu
2562 1627 2830 1696 cepisset,
2879 1630 3253 1702 propriamque
3294 1633 3708 1692 imbecillitatem

2119 1723 2176 1769 et
2201 1716 2520 1785 paucitatem
2559 1719 2989 1789 considerantes,
3026 1724 3300 1782 molliores
3336 1738 3488 1782 erant
3515 1737 3571 1784 et
3607 1730 3708 1784 im-

2120 1806 2422 1864 becilliores
2455 1827 2470 1863 :
2510 1826 2698 1866 eorum
2739 1814 2951 1870 animos
2987 1817 3306 1890 spiritusque
3351 1823 3620 1890 excitans,
3656 1833 3710 1879 et

2118 1901 2407 1956 ostendens
2431 1903 2483 1956 in
2509 1904 2603 1958 Dei
2628 1905 2787 1960 ductu
2813 1908 3122 1964 universum
3159 1911 3318 1966 situm
3344 1927 3487 1980 esse,
3508 1924 3563 1970 et
3587 1915 3710 1972 abs-

2117 2007 2222 2063 que
2248 1995 2506 2062 exercitu,
2529 1997 2573 2050 si
2603 1997 2650 2052 is
2665 2013 2822 2069 Opem
2851 1999 3001 2068 ferat,
3035 2017 3192 2072 posse
3219 2007 3392 2075 parari
3409 2007 3705 2072 victoriam,

2119 2083 2287 2138 instar
2329 2087 2650 2155 precationis
2701 2092 3050 2161 compositam
3085 2101 3388 2152 suasionem
3423 2107 3478 2154 et
3507 2099 3705 2155 exhor-

2120 2174 2371 2230 tationem
2403 2177 2559 2232 eticrt
2597 2178 2662 2234 ad
2693 2181 3105 2250 commilitones,
3135 2195 3191 2241 et
3235 2187 3403 2242 Deum
3433 2190 3707 2261 alloquens

2115 2279 2210 2320 eos
2236 2269 2589 2338 promptiores
2627 2269 2802 2325 reddit
2827 2282 2882 2327 et
2918 2274 3224 2332 alacriores.
3266 2277 3382 2334 Non
3412 2289 3495 2336 est
3530 2291 3706 2339 autem

2118 2354 2234 2410 lucc
2274 2373 2430 2427 parva
2471 2375 2593 2431 pars
2631 2362 3036 2422 adhortationis.
3080 2367 3266 2438 Neque
3306 2371 3449 2427 enim
3497 2382 3700 2429 tantum

2117 2448 2307 2504 virium
2340 2449 2613 2508 habuisset
2658 2455 2726 2510 ad
2771 2471 2865 2514 eos
2905 2473 3161 2518 conversa
3211 2463 3403 2530 oratio,
3454 2464 3591 2521 sicut
3637 2467 3706 2521 ad

2119 2539 2287 2596 Deum
2317 2542 2536 2600 directa.
2567 2546 2638 2601 Et
2664 2547 2785 2602 ideo
2812 2551 3109 2620 procedens
3134 2552 3275 2608 dixit
3304 2571 3319 2607 :
3350 2554 3473 2610 Non
3518 2557 3574 2612 in
3593 2557 3706 2628 μα-

2116 2633 2201 2686 dio
2225 2649 2318 2688 suo
2347 2635 2675 2706 possederunt
2702 2648 2908 2706 terram,
2939 2651 2987 2694 et
3021 2641 3226 2696 dextera
3251 2660 3426 2700 eorum
3465 2662 3568 2702 non
3601 2650 3708 2704 ral-

2114 2725 2247 2778 vavit
2285 2743 2367 2780 eos
2404 2725 2473 2798 (υ.
2503 2728 2581 2798 4).
2613 2728 2726 2784 Hoc
2750 2740 2832 2786 est
2859 2731 3000 2786 enim
3043 2733 3158 2803 ejus
3191 2735 3277 2804 qui
3305 2751 3400 2791 eos
3427 2747 3635 2794 recreat
3651 2749 3708 2794 et

2116 2815 2306 2884 reﬁcit,
2337 2818 2429 2888 qui
2455 2830 2579 2874 sunt
2607 2821 2838 2877 molliori
2867 2831 2922 2879 et
2955 2825 3290 2882 imbecilliori
3318 2830 3500 2886 animo
3526 2830 3592 2888 ad
3624 2831 3706 2885 la-

2115 2905 2276 2964 bores
2303 2911 2690 2981 suscipiendos,
2709 2915 2800 2985 qui
2821 2927 3069 2986 quaerunt
3083 2919 3360 2976 victoriam
3381 2936 3446 2978 ex
3472 2922 3702 2980 humana

2116 3013 2298 3056 rerum
2321 3002 2480 3057 serie.
2504 3003 2690 3060 Omnis
2717 3022 2846 3077 ergo
2873 3008 2985 3063 haec
3010 3011 3248 3080 precatio
3285 3021 3367 3067 est
3403 3013 3472 3070 ad
3507 3015 3706 3071 milites

2115 3090 2436 3160 adhortatio,
2459 3110 2580 3166 qua:
2605 3096 2756 3167 jubet
2783 3100 2961 3154 omnia
2993 3101 3047 3155 in
3079 3103 3243 3159 Deum
3269 3106 3557 3178 conjicere,
3591 3119 3701 3163 sta-

2117 3191 2372 3256 tuereque
2395 3203 2462 3243 ex
2491 3203 2586 3260 spe
2619 3190 2672 3246 in
2696 3191 2842 3245 illum
2871 3193 3104 3262 pendere
3129 3197 3428 3253 victoriam.
3469 3199 3582 3256 Cur
3611 3217 3704 3256 au-

2118 3282 2226 3331 tem
2255 3292 2360 3332 non
2381 3277 2520 3333 dixit
2539 3280 2799 3347 absolute,
2829 3282 3161 3350 Audivimus,
3189 3288 3303 3353 sed,
3329 3287 3536 3344 Nostris
3559 3293 3699 3346 auri-

2115 3367 2206 3422 bus
2234 3369 2554 3426 audivimus?
2578 3372 2815 3440 Quanam
2857 3376 3000 3431 enim
3029 3377 3130 3432 alia
3155 3382 3392 3450 corporis
3427 3390 3577 3451 parte
3601 3399 3701 3437 au-

2114 3461 2295 3517 ditur?
2335 3463 2600 3535 Numquid
2649 3482 2769 3537 quae
2810 3467 3060 3524 dicuntur
3097 3482 3223 3525 sunt
3265 3477 3704 3542 supervacanea?

2115 3552 2308 3610 Absit;
2339 3554 2434 3610 sed
2486 3556 2572 3611 hic
2613 3567 2696 3611 est
2747 3573 2866 3613 mos
2914 3561 3215 3615 communis
3265 3561 3563 3632 hominum,
3610 3568 3702 3637 qui

2113 3645 2329 3716 quando
2349 3648 2524 3718 aliqua
2551 3657 2788 3715 narrant,
2815 3650 2883 3706 de
2901 3652 3094 3721 quibus
3118 3662 3242 3707 sunt
3265 3653 3390 3710 facti
3419 3659 3697 3722 certiores,

2113 3746 2169 3792 et
2194 3751 2283 3792 res
2311 3753 2530 3809 magnas
2555 3749 2610 3794 et
2640 3741 2816 3811 magni
2844 3743 3096 3812 ponderis
3124 3745 3380 3812 referunt,
3416 3749 3480 3803 iis
3505 3751 3702 3820 quibus

2112 3845 2178 3885 ea
2197 3845 2302 3886 non
2327 3843 2451 3890 sunt
2478 3847 2646 3904 usque
2671 3834 2806 3891 adeo.
2824 3846 2992 3900 certa,
3015 3851 3172 3892 aures
3191 3852 3403 3910 semper
3424 3841 3696 3911 adjiciunt,

2113 3922 2352 3981 dicentes
2380 3941 2440 3981 se
2461 3926 2681 3982 auribus
2710 3927 2996 3983 audivisse.
3041 3929 3157 3986 Non
3199 3931 3252 3985 in
3289 3933 3387 3987 bac
3411 3944 3587 3989 autem
3613 3948 3700 3990 sr-

2114 4013 2221 4070 lum
2250 4017 2482 4083 actione,
2508 4017 2601 4073 sed
2626 4018 2786 4075 etiam
2815 4017 2868 4074 in
2891 4019 3012 4075 aliis
3040 4020 3142 4076 hoc
3169 4022 3342 4091 ipsum
3367 4023 3540 4079 facere
3567 4040 3699 4082 eon—

2112 4107 2404 4172 suevimus,
2435 4116 2647 4164 nostros
2686 4108 2924 4180 ipsorum
2953 4126 3141 4170 sensus
3164 4113 3516 4181 producentes
3537 4115 3587 4170 in
3618 4125 3699 4172 te-

2110 4201 2443 4257 stimonium.
2486 4201 2582 4256 Est
2617 4217 2745 4271 ergo
2776 4218 2960 4257 eorum
2987 4203 3074 4273 qui
3117 4205 3297 4262 volunt
3343 4206 3499 4267 ﬁdem
3528 4209 3700 4266 facere

2109 4291 2362 4357 auditori,
2393 4307 2551 4349 aures
2576 4293 2883 4364 adiungere.
2917 4295 3049 4352 Nam
3080 4297 3133 4354 in
3157 4297 3329 4353 oculis
3351 4301 3534 4368 etiam,
3563 4312 3619 4358 et
3642 4303 3696 4358 in

2111 4386 2356 4440 manibus
2385 4384 2486 4441 hoc
2513 4386 2684 4455 ipsum
2704 4385 2946 4452 facimus,
2977 4397 3036 4443 ut
3054 4388 3269 4459 quando
3287 4389 3517 4449 dicimus
3543 4411 3556 4446 :
3581 4393 3694 4449 Ma-

2109 4475 2268 4532 nibus
2314 4475 2512 4536 nostris
2557 4476 2907 4545 palpavimus.
2952 4478 3204 4538 Dicebant
3250 4479 3382 4536 item
3421 4485 3694 4553 apostoli:

2114 4566 2242 4634 ρυω
2268 4567 2497 4622 viderunt
2522 4567 2658 4622 oculi
2693 4569 2872 4632 nostri.
2917 4580 2964 4624 et
2992 4588 3172 4627 manus
3205 4582 3394 4628 nostra
3415 4585 3696 4631 contrecta—

2108 4668 2282 4713 verunt
2311 4660 2384 4731 (l.
2415 4657 2572 4714 Joan.
2607 4661 2660 4716 1.
2694 4659 2770 4733 1).
2792 4660 2928 4718 Vide
2954 4672 3128 4719 autem
3157 4680 3344 4721 eorum
3373 4668 3459 4723 vel
3481 4669 3605 4724 hinc
3628 4685 3692 4725 ex

2107 4754 2368 4822 procemio
2391 4755 2661 4818 virtutem,
2689 4755 2779 4824 qui
2804 4770 2924 4810 eum
2948 4764 3026 4811 tot
3049 4765 3106 4812 et
3125 4765 3267 4813 tanta
3294 4769 3509 4830 propter
3529 4762 3694 4817 Deum

2106 4846 2250 4914 passi
2276 4855 2477 4914 essent,
2497 4861 2528 4901 a
2548 4847 2717 4916 patria
2746 4856 2801 4902 et
2823 4847 3068 4903 libertate
3095 4849 3435 4914 excidissent,
3463 4854 3696 4923 pericula

2105 4934 2379 5000 adiissent,
2421 4936 2511 4992 alii
2539 4945 2718 4992 autem
2753 4937 2806 4991 in
2832 4935 3005 5008 fugam
3032 4939 3156 5005 acti,
3188 4948 3396 4997 montes
3419 4949 3476 4997 et
3510 4943 3701 5011 solitus,
3730 4991 3733 4994 .

2105 5027 2259 5083 dines
2302 5036 2767 5097 persequerentur,
2819 5028 2954 5084 nihil
3001 5044 3187 5086 eorum
3231 5033 3446 5088 interim
3489 5033 3693 5103 dicunt,
3732 5067 3733 5070 η

2105 5119 2375 5185 videlicet,
2402 5117 2512 5175 Iloc
2540 5127 2595 5174 et
2623 5118 2750 5174 illud
2779 5120 2918 5190 passi
2950 5135 3138 5178 sumus
3162 5133 3376 5194 propter
3402 5134 3474 5189 te,
3500 5125 3569 5182 da
3599 5143 3694 5182 no-

2106 5210 2188 5266 bis
2211 5211 2505 5266 auxilium:
2537 5209 2631 5266 sed
2673 5219 2942 5282 tamquam
2993 5212 3108 5268 haec
3149 5214 3228 5269 eis
3265 5215 3534 5280 deessent,
3574 5232 3694 5288 qua;

2099 5301 2221 5371 jure
2245 5301 2435 5358 afferre
2463 5311 2700 5372 possent,
2731 5318 2833 5360 nec
2881 5304 3126 5361 fiduciam
3157 5321 3222 5362 ex
3261 5307 3372 5362 suis
3416 5307 3570 5365 factis
3600 5311 3692 5364 ha-

2103 5393 2310 5461 berent,
2353 5395 2422 5450 ad
2457 5409 2524 5450 ea
2550 5411 2669 5466 qum
2709 5397 2851 5453 Deus
2888 5398 3178 5468 majoribus
3217 5399 3430 5456 illorum
3469 5404 3688 5469 fecerat,

2101 5485 2431 5556 confugiunt.
2457 5486 2566 5542 Eos
2591 5488 2735 5544 enim
2770 5490 2861 5560 qui
2891 5488 3137 5545 ﬁduciam
3165 5506 3271 5545 non
3314 5492 3530 5559 habent,
3575 5495 3689 5552 hac

2101 5577 2276 5632 facere
2302 5592 2408 5632 non
2437 5586 2520 5634 est
2548 5579 2869 5646 mirandum,
2916 5595 3038 5638 cum
3087 5582 3230 5652 ipsos
3273 5583 3340 5638 ad
3386 5584 3488 5641 hoc
3514 5587 3688 5643 trahat

2101 5671 2392 5728 necessitas
2421 5689 2433 5724 :
2462 5687 2583 5729 cum
2613 5683 2792 5731 autem
2833 5675 2930 5743 illi,
2959 5676 3050 5747 qui
3075 5677 3324 5747 quoniam
3357 5688 3502 5736 recte
3545 5681 3686 5737 fece-

2105 5771 2251 5831 runt,
2278 5764 2557 5835 magniﬁce
2593 5766 2738 5838 loqui
2783 5776 3026 5839 possunt,
3069 5769 3254 5827 nolunt
3279 5786 3345 5828 ex
3373 5771 3438 5828 iis
3462 5775 3684 5842 servari,
