  <div class='ocr_page' id='page_1' title='image "/cluster/home/n/w/nwhite01/storage/ocr_20150623/55/nnc1.0046980016/158.png"; bbox 0 0 4090 6346; ppageno 0'>
   <div class='ocr_carea' id='block_1_1' title="bbox 363 464 467 518">
    <p class='ocr_par' dir='ltr' id='par_1_1' title="bbox 363 464 467 518">
     <span class='ocr_line' id='line_1_1' title="bbox 363 464 467 518; baseline 0.019 -2"><span class='ocrx_word' id='word_1_1' title='bbox 363 464 467 518; x_wconf 65' lang='grc'>16⁸1</span> 
     </span>
    </p>
   </div>
   <div class='ocr_carea' id='block_1_2' title="bbox 360 572 1933 650">
    <p class='ocr_par' dir='ltr' id='par_1_2' title="bbox 360 572 1933 650">
     <span class='ocr_line' id='line_1_2' title="bbox 360 572 1933 650; baseline 0.003 -24"><span class='ocrx_word' id='word_1_2' title='bbox 360 572 689 644; x_wconf 75' lang='grc' dir='ltr'>πονωτιροις</span> <span class='ocrx_word' id='word_1_3' title='bbox 727 576 1041 630; x_wconf 83' lang='grc' dir='ltr'>καταλιπὼν</span> <span class='ocrx_word' id='word_1_4' title='bbox 1074 579 1308 648; x_wconf 82' lang='grc' dir='ltr'>ἑκάστην</span> <span class='ocrx_word' id='word_1_5' title='bbox 1336 577 1578 647; x_wconf 74' lang='grc' dir='ltr'>ἐκλέγειν</span> <span class='ocrx_word' id='word_1_6' title='bbox 1616 579 1862 650; x_wconf 82' lang='grc' dir='ltr'>ὑπακοὴν</span> <span class='ocrx_word' id='word_1_7' title='bbox 1884 590 1933 644; x_wconf 74' lang='grc' dir='ltr'>ι,</span> 
     </span>
    </p>
   </div>
   <div class='ocr_carea' id='block_1_3' title="bbox 360 657 1933 733">
    <p class='ocr_par' dir='ltr' id='par_1_3' title="bbox 360 657 1933 733">
     <span class='ocr_line' id='line_1_3' title="bbox 360 657 1933 733; baseline 0.001 -21"><span class='ocrx_word' id='word_1_8' title='bbox 360 659 458 712; x_wconf 76' lang='grc' dir='ltr'>καὶ</span> <span class='ocrx_word' id='word_1_9' title='bbox 491 657 590 727; x_wconf 81' lang='grc' dir='ltr'>τὴν</span> <span class='ocrx_word' id='word_1_10' title='bbox 628 660 1059 730; x_wconf 71' lang='grc' dir='ltr'>ἐναποκειμένην</span> <span class='ocrx_word' id='word_1_11' title='bbox 1102 662 1238 733; x_wconf 82' lang='grc' dir='ltr'>αὐτῇ</span> <span class='ocrx_word' id='word_1_12' title='bbox 1281 661 1509 732; x_wconf 90' lang='grc' dir='ltr'>δύναμιν</span> <span class='ocrx_word' id='word_1_13' title='bbox 1540 661 1933 733; x_wconf 78' lang='grc' dir='ltr'>διερευνᾶσθαι,</span> 
     </span>
    </p>
   </div>
   <div class='ocr_carea' id='block_1_4' title="bbox 357 740 1935 817">
    <p class='ocr_par' dir='ltr' id='par_1_4' title="bbox 357 740 1935 817">
     <span class='ocr_line' id='line_1_4' title="bbox 357 740 1935 817; baseline 0.002 -24"><span class='ocrx_word' id='word_1_14' title='bbox 357 740 594 796; x_wconf 87' lang='grc' dir='ltr'>ἐνταῦθα</span> <span class='ocrx_word' id='word_1_15' title='bbox 612 741 900 795; x_wconf 77' lang='grc' dir='ltr'>καταλύσω</span> <span class='ocrx_word' id='word_1_16' title='bbox 925 744 1018 796; x_wconf 83' lang='grc' dir='ltr'>τὸν</span> <span class='ocrx_word' id='word_1_17' title='bbox 1035 743 1210 812; x_wconf 88' lang='grc' dir='ltr'>λόγον,</span> <span class='ocrx_word' id='word_1_18' title='bbox 1225 747 1405 798; x_wconf 86' lang='grc' dir='ltr'>ἐκεῖνα</span> <span class='ocrx_word' id='word_1_19' title='bbox 1425 746 1760 817; x_wconf 82' lang='grc' dir='ltr'>παραινέσας</span> <span class='ocrx_word' id='word_1_20' title='bbox 1783 746 1813 796; x_wconf 87' lang='grc' dir='ltr'>ὑ</span> <span class='ocrx_word' id='word_1_21' title='bbox 1821 745 1935 814; x_wconf 89' lang='grc' dir='ltr'>μῶν</span> 
     </span>
    </p>
   </div>
   <div class='ocr_carea' id='block_1_5' title="bbox 356 825 1936 898">
    <p class='ocr_par' dir='ltr' id='par_1_5' title="bbox 356 825 1936 898">
     <span class='ocr_line' id='line_1_5' title="bbox 356 825 1936 898; baseline 0.001 -20"><span class='ocrx_word' id='word_1_22' title='bbox 356 829 424 896; x_wconf 82' lang='grc' dir='ltr'>τῇ</span> <span class='ocrx_word' id='word_1_23' title='bbox 453 825 645 896; x_wconf 78' lang='grc' dir='ltr'>ἀγάπῃ</span> <span class='ocrx_word' id='word_1_24' title='bbox 665 867 680 890; x_wconf 91' lang='grc'>,</span> <span class='ocrx_word' id='word_1_25' title='bbox 726 825 801 897; x_wconf 76' lang='grc' dir='ltr'>μὴ</span> <span class='ocrx_word' id='word_1_26' title='bbox 832 827 1016 890; x_wconf 84' lang='grc' dir='ltr'>ἁπλῶς</span> <span class='ocrx_word' id='word_1_27' title='bbox 1046 828 1275 882; x_wconf 89' lang='grc' dir='ltr'>ἐνταῦθα</span> <span class='ocrx_word' id='word_1_28' title='bbox 1315 830 1561 892; x_wconf 80' lang='grc' dir='ltr'>εἰσιέναι,</span> <span class='ocrx_word' id='word_1_29' title='bbox 1603 829 1716 882; x_wconf 85' lang='grc' dir='ltr'>ἀλλ’</span> <span class='ocrx_word' id='word_1_30' title='bbox 1749 829 1936 898; x_wconf 83' lang='grc' dir='ltr'>ὥσπερ</span> 
     </span>
    </p>
   </div>
   <div class='ocr_carea' id='block_1_6' title="bbox 361 909 1936 984">
    <p class='ocr_par' dir='ltr' id='par_1_6' title="bbox 361 909 1936 984">
     <span class='ocr_line' id='line_1_6' title="bbox 361 909 1936 984; baseline 0.001 -22"><span class='ocrx_word' id='word_1_31' title='bbox 361 909 703 980; x_wconf 80' lang='grc' dir='ltr'>μαργαρίτας</span> <span class='ocrx_word' id='word_1_32' title='bbox 732 910 829 973; x_wconf 82' lang='grc' dir='ltr'>τὰς</span> <span class='ocrx_word' id='word_1_33' title='bbox 852 912 1095 977; x_wconf 84' lang='grc' dir='ltr'>ὑπακοάς</span> <span class='ocrx_word' id='word_1_34' title='bbox 1116 913 1490 983; x_wconf 75' lang='grc' dir='ltr'>λαμϐάνοντας</span> <span class='ocrx_word' id='word_1_35' title='bbox 1514 913 1808 984; x_wconf 86' lang='grc' dir='ltr'>διατηρεῖν,</span> <span class='ocrx_word' id='word_1_36' title='bbox 1841 912 1936 966; x_wconf 69' lang='grc' dir='ltr'>καὶ</span> 
     </span>
    </p>
   </div>
   <div class='ocr_carea' id='block_1_7' title="bbox 361 996 1936 1073">
    <p class='ocr_par' dir='ltr' id='par_1_7' title="bbox 361 996 1936 1073">
     <span class='ocr_line' id='line_1_7' title="bbox 361 996 1936 1073; baseline 0.004 -26"><span class='ocrx_word' id='word_1_37' title='bbox 361 996 591 1067; x_wconf 79' lang='grc' dir='ltr'>μελετᾷν</span> <span class='ocrx_word' id='word_1_38' title='bbox 625 996 762 1050; x_wconf 80' lang='grc' dir='ltr'>οἴκοι</span> <span class='ocrx_word' id='word_1_39' title='bbox 806 998 1068 1070; x_wconf 83' lang='grc' dir='ltr'>διηνεκῶς</span> <span class='ocrx_word' id='word_1_40' title='bbox 1092 1045 1108 1067; x_wconf 93' lang='grc'>,</span> <span class='ocrx_word' id='word_1_41' title='bbox 1139 1001 1231 1054; x_wconf 74' lang='grc' dir='ltr'>καὶ</span> <span class='ocrx_word' id='word_1_42' title='bbox 1275 1001 1412 1073; x_wconf 86' lang='grc' dir='ltr'>πρὸς</span> <span class='ocrx_word' id='word_1_43' title='bbox 1449 1001 1634 1071; x_wconf 86' lang='grc' dir='ltr'>φίλους</span> <span class='ocrx_word' id='word_1_44' title='bbox 1673 1002 1767 1055; x_wconf 70' lang='grc' dir='ltr'>καὶ</span> <span class='ocrx_word' id='word_1_45' title='bbox 1801 1000 1936 1071; x_wconf 90' lang='grc' dir='ltr'>πρὸς</span> 
     </span>
    </p>
   </div>
   <div class='ocr_carea' id='block_1_8' title="bbox 358 1082 1932 1152">
    <p class='ocr_par' dir='ltr' id='par_1_8' title="bbox 358 1082 1932 1152">
     <span class='ocr_line' id='line_1_8' title="bbox 358 1082 1932 1152; baseline 0.001 -22"><span class='ocrx_word' id='word_1_46' title='bbox 358 1084 621 1149; x_wconf 78' lang='grc' dir='ltr'>γυναῖκας</span> <span class='ocrx_word' id='word_1_47' title='bbox 654 1082 869 1135; x_wconf 75' lang='grc' dir='ltr'>ᾶπαντα</span> <span class='ocrx_word' id='word_1_48' title='bbox 890 1082 1063 1138; x_wconf 88' lang='grc' dir='ltr'>ταῦτα</span> <span class='ocrx_word' id='word_1_49' title='bbox 1092 1083 1268 1151; x_wconf 83' lang='grc' dir='ltr'>λέγειν</span> <span class='ocrx_word' id='word_1_50' title='bbox 1292 1103 1304 1115; x_wconf 74' lang='grc' dir='ltr'><strong>ο</strong></span> <span class='ocrx_word' id='word_1_51' title='bbox 1337 1083 1441 1137; x_wconf 78' lang='grc' dir='ltr'>κᾶν</span> <span class='ocrx_word' id='word_1_52' title='bbox 1464 1084 1634 1147; x_wconf 81' lang='grc' dir='ltr'>πάθος</span> <span class='ocrx_word' id='word_1_53' title='bbox 1667 1082 1932 1152; x_wconf 76' lang='grc' dir='ltr'>διενοχλῇ,</span> 
     </span>
    </p>
   </div>
   <div class='ocr_carea' id='block_1_9' title="bbox 359 1164 1935 1238">
    <p class='ocr_par' dir='ltr' id='par_1_9' title="bbox 359 1164 1935 1238">
     <span class='ocr_line' id='line_1_9' title="bbox 359 1164 1935 1238; baseline 0 -18"><span class='ocrx_word' id='word_1_54' title='bbox 359 1164 464 1220; x_wconf 68' lang='grc' dir='ltr'>κᾶν</span> <span class='ocrx_word' id='word_1_55' title='bbox 493 1165 759 1236; x_wconf 89' lang='grc' dir='ltr'>ἐπιθυμία</span> <span class='ocrx_word' id='word_1_56' title='bbox 797 1166 1078 1238; x_wconf 81' lang='grc' dir='ltr'>διαναστῇ,</span> <span class='ocrx_word' id='word_1_57' title='bbox 1111 1166 1216 1220; x_wconf 70' lang='grc' dir='ltr'>κᾶν</span> <span class='ocrx_word' id='word_1_58' title='bbox 1256 1167 1443 1236; x_wconf 86' lang='grc' dir='ltr'>θυμὸς,</span> <span class='ocrx_word' id='word_1_59' title='bbox 1480 1168 1582 1222; x_wconf 81' lang='grc' dir='ltr'>κᾶν</span> <span class='ocrx_word' id='word_1_60' title='bbox 1603 1167 1728 1222; x_wconf 80' lang='grc' dir='ltr'>ἄλλο</span> <span class='ocrx_word' id='word_1_61' title='bbox 1758 1167 1935 1221; x_wconf 80' lang='grc' dir='ltr'>ὁτιοῦν</span> 
     </span>
    </p>
   </div>
   <div class='ocr_carea' id='block_1_10' title="bbox 359 1247 1932 1323">
    <p class='ocr_par' dir='ltr' id='par_1_10' title="bbox 359 1247 1932 1323">
     <span class='ocr_line' id='line_1_10' title="bbox 359 1247 1932 1323; baseline 0.002 -22"><span class='ocrx_word' id='word_1_62' title='bbox 359 1249 543 1316; x_wconf 76' lang='grc' dir='ltr'>ἕτερον</span> <span class='ocrx_word' id='word_1_63' title='bbox 590 1247 760 1312; x_wconf 92' lang='grc' dir='ltr'>πάθος</span> <span class='ocrx_word' id='word_1_64' title='bbox 800 1247 1160 1317; x_wconf 84' lang='grc' dir='ltr'>ἀλογώτατον,</span> <span class='ocrx_word' id='word_1_65' title='bbox 1210 1251 1378 1315; x_wconf 77' lang='grc' dir='ltr'>αὑτὰς</span> <span class='ocrx_word' id='word_1_66' title='bbox 1414 1252 1632 1323; x_wconf 76' lang='grc' dir='ltr'>ἐπᾴδειν</span> <span class='ocrx_word' id='word_1_67' title='bbox 1661 1251 1932 1322; x_wconf 75' lang='grc' dir='ltr'>συνεχῶςο</span> 
     </span>
    </p>
   </div>
   <div class='ocr_carea' id='block_1_11' title="bbox 358 1331 1937 1405">
    <p class='ocr_par' dir='ltr' id='par_1_11' title="bbox 358 1331 1937 1405">
     <span class='ocr_line' id='line_1_11' title="bbox 358 1331 1937 1405; baseline 0.003 -21"><span class='ocrx_word' id='word_1_68' title='bbox 358 1332 447 1385; x_wconf 83' lang='grc' dir='ltr'>ἴνα</span> <span class='ocrx_word' id='word_1_69' title='bbox 479 1331 901 1403; x_wconf 71' lang='grc' dir='ltr'>καὶ[145]κατά</span> <span class='ocrx_word' id='word_1_70' title='bbox 929 1333 1020 1385; x_wconf 91' lang='grc' dir='ltr'>τὸν</span> <span class='ocrx_word' id='word_1_71' title='bbox 1048 1333 1288 1404; x_wconf 91' lang='grc' dir='ltr'>παρόντα</span> <span class='ocrx_word' id='word_1_72' title='bbox 1326 1333 1438 1404; x_wconf 90' lang='grc' dir='ltr'>βίον</span> <span class='ocrx_word' id='word_1_73' title='bbox 1463 1335 1704 1405; x_wconf 80' lang='grc' dir='ltr'>γαλήνης</span> <span class='ocrx_word' id='word_1_74' title='bbox 1736 1334 1937 1405; x_wconf 77' lang='grc' dir='ltr'>πολλῆς</span> 
     </span>
    </p>
   </div>
   <div class='ocr_carea' id='block_1_12' title="bbox 357 1415 1937 1487">
    <p class='ocr_par' dir='ltr' id='par_1_12' title="bbox 357 1415 1937 1487">
     <span class='ocr_line' id='line_1_12' title="bbox 357 1415 1937 1487; baseline 0.003 -20"><span class='ocrx_word' id='word_1_75' title='bbox 357 1415 774 1483; x_wconf 78' lang='grc' dir='ltr'>ἀπολαύσωμεν,</span> <span class='ocrx_word' id='word_1_76' title='bbox 803 1416 896 1468; x_wconf 76' lang='grc' dir='ltr'>καὶ</span> <span class='ocrx_word' id='word_1_77' title='bbox 933 1418 1012 1480; x_wconf 81' lang='grc' dir='ltr'>εἰς</span> <span class='ocrx_word' id='word_1_78' title='bbox 1038 1417 1139 1487; x_wconf 75' lang='grc' dir='ltr'>τὴν</span> <span class='ocrx_word' id='word_1_79' title='bbox 1177 1417 1475 1487; x_wconf 85' lang='grc' dir='ltr'>μέλλουσαν</span> <span class='ocrx_word' id='word_1_80' title='bbox 1509 1418 1652 1487; x_wconf 75' lang='grc' dir='ltr'>ζωὴν</span> <span class='ocrx_word' id='word_1_81' title='bbox 1677 1417 1784 1470; x_wconf 90' lang='grc' dir='ltr'>τῶν</span> <span class='ocrx_word' id='word_1_82' title='bbox 1807 1419 1937 1471; x_wconf 85' lang='grc' dir='ltr'>αίω-</span> 
     </span>
    </p>
   </div>
   <div class='ocr_carea' id='block_1_13' title="bbox 357 1498 1938 1573">
    <p class='ocr_par' dir='ltr' id='par_1_13' title="bbox 357 1498 1938 1573">
     <span class='ocr_line' id='line_1_13' title="bbox 357 1498 1938 1573; baseline 0.003 -23"><span class='ocrx_word' id='word_1_83' title='bbox 357 1499 485 1551; x_wconf 90' lang='grc' dir='ltr'>νίων</span> <span class='ocrx_word' id='word_1_84' title='bbox 521 1498 740 1565; x_wconf 77' lang='grc' dir='ltr'>ἀγαθῶν</span> <span class='ocrx_word' id='word_1_85' title='bbox 785 1499 1152 1568; x_wconf 87' lang='grc' dir='ltr'>ἐπιτύχωμεν,</span> <span class='ocrx_word' id='word_1_86' title='bbox 1200 1501 1383 1572; x_wconf 83' lang='grc' dir='ltr'>χάριτι</span> <span class='ocrx_word' id='word_1_87' title='bbox 1435 1502 1527 1554; x_wconf 68' lang='grc' dir='ltr'>καὶ</span> <span class='ocrx_word' id='word_1_88' title='bbox 1555 1501 1938 1573; x_wconf 78' lang='grc' dir='ltr'>φιλανθρωπίᾳ</span> 
     </span>
    </p>
   </div>
   <div class='ocr_carea' id='block_1_14' title="bbox 353 1577 1934 1655">
    <p class='ocr_par' dir='ltr' id='par_1_14' title="bbox 353 1577 1934 1655">
     <span class='ocr_line' id='line_1_14' title="bbox 353 1577 1934 1655; baseline 0.003 -22"><span class='ocrx_word' id='word_1_89' title='bbox 353 1581 452 1634; x_wconf 85' lang='grc' dir='ltr'>τοῦ</span> <span class='ocrx_word' id='word_1_90' title='bbox 484 1582 692 1650; x_wconf 79' lang='grc' dir='ltr'>Κυρίου</span> <span class='ocrx_word' id='word_1_91' title='bbox 729 1582 887 1652; x_wconf 84' lang='grc' dir='ltr'>ήμῶν</span> <span class='ocrx_word' id='word_1_92' title='bbox 930 1582 1103 1651; x_wconf 89' lang='grc' dir='ltr'>Ἰησοῦ</span> <span class='ocrx_word' id='word_1_93' title='bbox 1155 1584 1412 1654; x_wconf 76' lang='grc' dir='ltr'>Χριστοῦ,</span> <span class='ocrx_word' id='word_1_94' title='bbox 1451 1583 1519 1636; x_wconf 81' lang='grc' dir='ltr'>δι’</span> <span class='ocrx_word' id='word_1_95' title='bbox 1574 1577 1636 1636; x_wconf 79' lang='grc' dir='ltr'>οῦ</span> <span class='ocrx_word' id='word_1_96' title='bbox 1690 1585 1784 1637; x_wconf 77' lang='grc' dir='ltr'>καὶ</span> <span class='ocrx_word' id='word_1_97' title='bbox 1817 1583 1934 1655; x_wconf 80' lang='grc' dir='ltr'>μεθ’</span> 
     </span>
    </p>
   </div>
   <div class='ocr_carea' id='block_1_15' title="bbox 353 1657 1932 1738">
    <p class='ocr_par' dir='ltr' id='par_1_15' title="bbox 353 1657 1932 1738">
     <span class='ocr_line' id='line_1_15' title="bbox 353 1657 1932 1738; baseline 0.004 -24"><span class='ocrx_word' id='word_1_98' title='bbox 353 1657 418 1717; x_wconf 80' lang='grc' dir='ltr'>οὗ</span> <span class='ocrx_word' id='word_1_99' title='bbox 438 1664 518 1734; x_wconf 81' lang='grc' dir='ltr'>τῷ</span> <span class='ocrx_word' id='word_1_100' title='bbox 543 1664 739 1734; x_wconf 75' lang='grc' dir='ltr'>Πατρὶ,</span> <span class='ocrx_word' id='word_1_101' title='bbox 782 1665 900 1734; x_wconf 83' lang='grc' dir='ltr'>ἃμα</span> <span class='ocrx_word' id='word_1_102' title='bbox 934 1663 1014 1734; x_wconf 84' lang='grc' dir='ltr'>τῷ</span> <span class='ocrx_word' id='word_1_103' title='bbox 1043 1667 1186 1735; x_wconf 85' lang='grc' dir='ltr'>άγίῳ</span> <span class='ocrx_word' id='word_1_104' title='bbox 1222 1665 1500 1735; x_wconf 89' lang='grc' dir='ltr'>Πνεύματι</span> <span class='ocrx_word' id='word_1_105' title='bbox 1530 1665 1676 1732; x_wconf 79' lang='grc' dir='ltr'>δόξα,</span> <span class='ocrx_word' id='word_1_106' title='bbox 1711 1669 1932 1738; x_wconf 85' lang='grc' dir='ltr'>κράτος,</span> 
     </span>
    </p>
   </div>
   <div class='ocr_carea' id='block_1_16' title="bbox 352 1747 1931 1816">
    <p class='ocr_par' dir='ltr' id='par_1_16' title="bbox 352 1747 1931 1816">
     <span class='ocr_line' id='line_1_16' title="bbox 352 1747 1931 1816; baseline 0.004 -18"><span class='ocrx_word' id='word_1_107' title='bbox 352 1748 509 1816; x_wconf 79' lang='grc' dir='ltr'>τιμὴ,</span> <span class='ocrx_word' id='word_1_108' title='bbox 533 1747 630 1801; x_wconf 90' lang='grc' dir='ltr'>νῦν</span> <span class='ocrx_word' id='word_1_109' title='bbox 667 1747 763 1801; x_wconf 83' lang='grc' dir='ltr'>καὶ</span> <span class='ocrx_word' id='word_1_110' title='bbox 799 1747 908 1811; x_wconf 75' lang='grc' dir='ltr'>ἀεὶ,</span> <span class='ocrx_word' id='word_1_111' title='bbox 933 1748 1027 1800; x_wconf 72' lang='grc' dir='ltr'>καὶ</span> <span class='ocrx_word' id='word_1_112' title='bbox 1059 1749 1138 1812; x_wconf 88' lang='grc' dir='ltr'>εἰς</span> <span class='ocrx_word' id='word_1_113' title='bbox 1168 1750 1294 1812; x_wconf 80' lang='grc' dir='ltr'>τοὺς</span> <span class='ocrx_word' id='word_1_114' title='bbox 1336 1749 1539 1814; x_wconf 82' lang='grc' dir='ltr'>αἰῶνας</span> <span class='ocrx_word' id='word_1_115' title='bbox 1565 1749 1674 1804; x_wconf 90' lang='grc' dir='ltr'>τῶν</span> <span class='ocrx_word' id='word_1_116' title='bbox 1699 1750 1931 1806; x_wconf 79' lang='grc' dir='ltr'>αἰώνων.</span> 
     </span>
    </p>
   </div>
   <div class='ocr_carea' id='block_1_17' title="bbox 367 1832 558 1901">
    <p class='ocr_par' dir='ltr' id='par_1_17' title="bbox 367 1832 558 1901">
     <span class='ocr_line' id='line_1_17' title="bbox 367 1832 558 1901; baseline 0.01 -17"><span class='ocrx_word' id='word_1_117' title='bbox 367 1832 424 1884; x_wconf 73' lang='grc' dir='ltr'>’Δ</span> <span class='ocrx_word' id='word_1_118' title='bbox 432 1833 558 1901; x_wconf 82' lang='grc' dir='ltr'>μήν.</span> 
     </span>
    </p>
   </div>
   <div class='ocr_carea' id='block_1_18' title="bbox 759 1913 1523 1970">
    <p class='ocr_par' dir='ltr' id='par_1_18' title="bbox 759 1913 1523 1970">
     <span class='ocr_line' id='line_1_18' title="bbox 759 1913 1523 1970; baseline 0.003 -2"><span class='ocrx_word' id='word_1_119' title='bbox 759 1913 868 1968; x_wconf 82' lang='grc' dir='ltr'>ΕΙΣ</span> <span class='ocrx_word' id='word_1_120' title='bbox 901 1915 1038 1968; x_wconf 85' lang='lat' dir='ltr'>TON</span> <span class='ocrx_word' id='word_1_121' title='bbox 1066 1915 1179 1968; x_wconf 78' lang='lat' dir='ltr'>MI&quot;</span> <span class='ocrx_word' id='word_1_122' title='bbox 1203 1916 1523 1970; x_wconf 77' lang='grc' dir='ltr'>ΨΛΛΜΟΝ.</span> 
     </span>
    </p>
   </div>
   <div class='ocr_carea' id='block_1_19' title="bbox 639 2016 1649 2088">
    <p class='ocr_par' dir='ltr' id='par_1_19' title="bbox 639 2016 1649 2088">
     <span class='ocr_line' id='line_1_19' title="bbox 639 2016 1649 2088; baseline 0.001 -16"><span class='ocrx_word' id='word_1_123' title='bbox 639 2016 725 2083; x_wconf 70' lang='grc' dir='ltr'>Ίὶῖ)</span> <span class='ocrx_word' id='word_1_124' title='bbox 760 2018 1044 2084; x_wconf 77' lang='grc' dir='ltr'>νικοποιῷ</span> <span class='ocrx_word' id='word_1_125' title='bbox 1081 2018 1206 2084; x_wconf 80' lang='grc' dir='ltr'>τοῖς</span> <span class='ocrx_word' id='word_1_126' title='bbox 1243 2019 1395 2086; x_wconf 86' lang='grc' dir='ltr'>υίοῐς</span> <span class='ocrx_word' id='word_1_127' title='bbox 1423 2020 1574 2088; x_wconf 83' lang='grc' dir='ltr'>Κορέ</span> <span class='ocrx_word' id='word_1_128' title='bbox 1598 2020 1649 2073; x_wconf 75' lang='lat' dir='ltr'>b.</span> 
     </span>
    </p>
   </div>
   <div class='ocr_carea' id='block_1_20' title="bbox 355 2114 1934 2190">
    <p class='ocr_par' dir='ltr' id='par_1_20' title="bbox 355 2114 1934 2190">
     <span class='ocr_line' id='line_1_20' title="bbox 355 2114 1934 2190; baseline 0.005 -22"><span class='ocrx_word' id='word_1_129' title='bbox 355 2114 417 2168; x_wconf 88' lang='grc'>⁸0</span> <span class='ocrx_word' id='word_1_130' title='bbox 455 2116 600 2190; x_wconf 70' lang='grc' dir='ltr'>θεός</span> <span class='ocrx_word' id='word_1_131' title='bbox 627 2116 816 2190; x_wconf 41' lang='lat' dir='ltr'>Mirr:</span> <span class='ocrx_word' id='word_1_132' title='bbox 844 2117 914 2190; x_wconf 57' lang='grc' dir='ltr'>ἐν</span> <span class='ocrx_word' id='word_1_133' title='bbox 941 2116 1068 2190; x_wconf 62' lang='grc' dir='ltr'>τοῖς</span> <span class='ocrx_word' id='word_1_134' title='bbox 1097 2117 1250 2171; x_wconf 76' lang='grc' dir='ltr'>ὠσὶν</span> <span class='ocrx_word' id='word_1_135' title='bbox 1276 2118 1452 2190; x_wconf 68' lang='grc' dir='ltr'>ἡμῶν</span> <span class='ocrx_word' id='word_1_136' title='bbox 1477 2120 1846 2190; x_wconf 68' lang='grc' dir='ltr'>ἠκούσαμεν,</span> <span class='ocrx_word' id='word_1_137' title='bbox 1880 2125 1934 2176; x_wconf 79' lang='grc' dir='ltr'>οἱ</span> 
     </span>
    </p>
   </div>
   <div class='ocr_carea' id='block_1_21' title="bbox 418 2185 1935 2261">
    <p class='ocr_par' dir='ltr' id='par_1_21' title="bbox 418 2185 1935 2261">
     <span class='ocr_line' id='line_1_21' title="bbox 418 2185 1935 2261; baseline 0.004 -22"><span class='ocrx_word' id='word_1_138' title='bbox 418 2186 672 2261; x_wconf 53' lang='grc' dir='ltr'>πατέρες</span> <span class='ocrx_word' id='word_1_139' title='bbox 868 2186 1236 2261; x_wconf 53' lang='grc' dir='ltr'>ἀνήγγειλάν</span> <span class='ocrx_word' id='word_1_140' title='bbox 1255 2185 1399 2261; x_wconf 66' lang='grc' dir='ltr'>ἡμῖν</span> <span class='ocrx_word' id='word_1_141' title='bbox 1418 2185 1595 2261; x_wconf 59' lang='grc' dir='ltr'>ἔργον</span> <span class='ocrx_word' id='word_1_142' title='bbox 1619 2190 1652 2244; x_wconf 83' lang='grc' dir='ltr'>δ</span> <span class='ocrx_word' id='word_1_143' title='bbox 1679 2185 1935 2261; x_wconf 75' lang='grc' dir='ltr'>είργὰσω</span> 
     </span>
    </p>
   </div>
   <div class='ocr_carea' id='block_1_22' title="bbox 417 2255 1930 2330">
    <p class='ocr_par' dir='ltr' id='par_1_22' title="bbox 417 2255 1930 2330">
     <span class='ocr_line' id='line_1_22' title="bbox 417 2255 1930 2330; baseline -0.002 0"><span class='ocrx_word' id='word_1_144' title='bbox 417 2255 660 2330; x_wconf 51' lang='grc' dir='ltr'>ἔηῖαῖς,</span> <span class='ocrx_word' id='word_1_145' title='bbox 691 2256 941 2330; x_wconf 69' lang='grc' dir='ltr'>ἡμέραις</span> <span class='ocrx_word' id='word_1_146' title='bbox 981 2255 1314 2330; x_wconf 55' lang='grc' dir='ltr'>ἀὺτῶννὲν</span> <span class='ocrx_word' id='word_1_147' title='bbox 1357 2255 1603 2330; x_wconf 60' lang='grc' dir='ltr'>ἡμέραις</span> <span class='ocrx_word' id='word_1_148' title='bbox 1633 2255 1930 2330; x_wconf 70' lang='grc' dir='ltr'>ἀρλὶάίαιςο</span> 
     </span>
    </p>
   </div>
   <div class='ocr_carea' id='block_1_23' title="bbox 423 2326 1928 2407">
    <p class='ocr_par' dir='ltr' id='par_1_23' title="bbox 423 2326 1928 2407">
     <span class='ocr_line' id='line_1_23' title="bbox 423 2326 1928 2407; baseline 0.006 -30"><span class='ocrx_word' id='word_1_149' title='bbox 423 2326 616 2407; x_wconf 62' lang='grc' dir='ltr'>ςᾼλλος</span> <span class='ocrx_word' id='word_1_150' title='bbox 641 2327 999 2407; x_wconf 48' lang='grc' dir='ltr'>ἐεμηνεύτής</span> <span class='ocrx_word' id='word_1_151' title='bbox 1011 2344 1194 2407; x_wconf 81' lang='grc' dir='ltr'>φησιν,</span> <span class='ocrx_word' id='word_1_152' title='bbox 1212 2326 1317 2381; x_wconf 81' lang='grc' dir='ltr'>Ἐν</span> <span class='ocrx_word' id='word_1_153' title='bbox 1339 2327 1588 2398; x_wconf 75' lang='grc' dir='ltr'>ἡμέραις</span> <span class='ocrx_word' id='word_1_154' title='bbox 1615 2326 1745 2398; x_wconf 63' lang='grc' dir='ltr'>ταῖς</span> <span class='ocrx_word' id='word_1_155' title='bbox 1767 2326 1928 2401; x_wconf 49' lang='grc' dir='ltr'>πρίν.</span> 
     </span>
    </p>
   </div>
   <div class='ocr_carea' id='block_1_24' title="bbox 423 2395 1126 2466">
    <p class='ocr_par' dir='ltr' id='par_1_24' title="bbox 423 2395 1126 2466">
     <span class='ocr_line' id='line_1_24' title="bbox 423 2395 1126 2466; baseline 0.004 -19"><span class='ocrx_word' id='word_1_156' title='bbox 423 2395 639 2459; x_wconf 70' lang='grc' dir='ltr'>Ἄλλος,</span> <span class='ocrx_word' id='word_1_157' title='bbox 675 2395 818 2463; x_wconf 75' lang='grc' dir='ltr'>Ταῖς</span> <span class='ocrx_word' id='word_1_158' title='bbox 842 2395 1126 2466; x_wconf 58' lang='grc' dir='ltr'>ἀρχῆθεν.</span> 
     </span>
    </p>
   </div>
   <div class='ocr_carea' id='block_1_25' title="bbox 416 2509 1933 2588">
    <p class='ocr_par' dir='ltr' id='par_1_25' title="bbox 416 2509 1933 2588">
     <span class='ocr_line' id='line_1_25' title="bbox 416 2509 1933 2588; baseline 0.004 -24"><span class='ocrx_word' id='word_1_159' title='bbox 416 2509 486 2565; x_wconf 88' lang='grc' dir='ltr'>α’.</span> <span class='ocrx_word' id='word_1_160' title='bbox 512 2510 620 2563; x_wconf 90' lang='grc' dir='ltr'>Τὸν</span> <span class='ocrx_word' id='word_1_161' title='bbox 638 2509 852 2581; x_wconf 75' lang='grc' dir='ltr'>ψαλμὸν</span> <span class='ocrx_word' id='word_1_162' title='bbox 869 2510 1060 2567; x_wconf 89' lang='grc' dir='ltr'>τοῦτον</span> <span class='ocrx_word' id='word_1_163' title='bbox 1079 2510 1232 2582; x_wconf 80' lang='grc' dir='ltr'>λέγει</span> <span class='ocrx_word' id='word_1_164' title='bbox 1265 2513 1364 2585; x_wconf 79' lang='grc' dir='ltr'>μὲν</span> <span class='ocrx_word' id='word_1_165' title='bbox 1399 2517 1426 2569; x_wconf 82' lang='grc' dir='ltr'><strong>ὁ</strong></span> <span class='ocrx_word' id='word_1_166' title='bbox 1446 2512 1757 2588; x_wconf 82' lang='grc' dir='ltr'>Προφήτης·</span> <span class='ocrx_word' id='word_1_167' title='bbox 1786 2516 1933 2584; x_wconf 80' lang='grc' dir='ltr'>λέγει</span> 
     </span>
    </p>
   </div>
   <div class='ocr_carea' id='block_1_26' title="bbox 345 2591 1933 2670">
    <p class='ocr_par' dir='ltr' id='par_1_26' title="bbox 345 2591 1933 2670">
     <span class='ocr_line' id='line_1_26' title="bbox 345 2591 1933 2670; baseline 0.004 -24"><span class='ocrx_word' id='word_1_168' title='bbox 345 2591 404 2646; x_wconf 75' lang='grc' dir='ltr'>δὲ</span> <span class='ocrx_word' id='word_1_169' title='bbox 431 2594 533 2646; x_wconf 86' lang='grc' dir='ltr'>οὑκ</span> <span class='ocrx_word' id='word_1_170' title='bbox 568 2596 633 2646; x_wconf 91' lang='grc' dir='ltr'>ἐκ</span> <span class='ocrx_word' id='word_1_171' title='bbox 657 2593 952 2665; x_wconf 83' lang='grc' dir='ltr'>προσώπου</span> <span class='ocrx_word' id='word_1_172' title='bbox 981 2596 1206 2662; x_wconf 85' lang='grc' dir='ltr'>οίκείου,</span> <span class='ocrx_word' id='word_1_173' title='bbox 1255 2597 1370 2651; x_wconf 88' lang='grc' dir='ltr'>ἀλλ’</span> <span class='ocrx_word' id='word_1_174' title='bbox 1415 2600 1480 2653; x_wconf 87' lang='grc' dir='ltr'>ἐκ</span> <span class='ocrx_word' id='word_1_175' title='bbox 1507 2600 1798 2670; x_wconf 81' lang='grc' dir='ltr'>προσώπου</span> <span class='ocrx_word' id='word_1_176' title='bbox 1825 2599 1933 2652; x_wconf 90' lang='grc' dir='ltr'>τῶν</span> 
     </span>
    </p>
   </div>
   <div class='ocr_carea' id='block_1_27' title="bbox 345 2678 1935 2755">
    <p class='ocr_par' dir='ltr' id='par_1_27' title="bbox 345 2678 1935 2755">
     <span class='ocr_line' id='line_1_27' title="bbox 345 2678 1935 2755; baseline 0.003 -23"><span class='ocrx_word' id='word_1_177' title='bbox 345 2678 747 2742; x_wconf 76' lang='grc' dir='ltr'>Μακκασαίων,</span> <span class='ocrx_word' id='word_1_178' title='bbox 771 2679 840 2733; x_wconf 87' lang='grc' dir='ltr'>τά</span> <span class='ocrx_word' id='word_1_179' title='bbox 862 2681 921 2733; x_wconf 88' lang='grc' dir='ltr'>ἐν</span> <span class='ocrx_word' id='word_1_180' title='bbox 947 2681 1144 2752; x_wconf 85' lang='grc' dir='ltr'>ἐκείνῳ</span> <span class='ocrx_word' id='word_1_181' title='bbox 1169 2681 1246 2752; x_wconf 89' lang='grc' dir='ltr'>τῷ</span> <span class='ocrx_word' id='word_1_182' title='bbox 1273 2683 1447 2755; x_wconf 83' lang='grc' dir='ltr'>χρόνῳ</span> <span class='ocrx_word' id='word_1_183' title='bbox 1468 2685 1698 2754; x_wconf 80' lang='grc' dir='ltr'>ἐσόμενα</span> <span class='ocrx_word' id='word_1_184' title='bbox 1723 2683 1935 2755; x_wconf 85' lang='grc' dir='ltr'>διηγού-</span> 
     </span>
    </p>
   </div>
   <div class='ocr_carea' id='block_1_28' title="bbox 349 2762 1929 2839">
    <p class='ocr_par' dir='ltr' id='par_1_28' title="bbox 349 2762 1929 2839">
     <span class='ocr_line' id='line_1_28' title="bbox 349 2762 1929 2839; baseline 0.005 -25"><span class='ocrx_word' id='word_1_185' title='bbox 349 2779 511 2832; x_wconf 87' lang='grc' dir='ltr'>μενος</span> <span class='ocrx_word' id='word_1_186' title='bbox 539 2762 634 2816; x_wconf 75' lang='grc' dir='ltr'>καὶ</span> <span class='ocrx_word' id='word_1_187' title='bbox 663 2764 1094 2834; x_wconf 84' lang='grc' dir='ltr'>προαναφωνῶν.</span> <span class='ocrx_word' id='word_1_188' title='bbox 1120 2765 1362 2819; x_wconf 91' lang='grc' dir='ltr'>Τοιοῦτοι</span> <span class='ocrx_word' id='word_1_189' title='bbox 1396 2766 1504 2838; x_wconf 78' lang='grc' dir='ltr'>γὰρ</span> <span class='ocrx_word' id='word_1_190' title='bbox 1537 2770 1587 2820; x_wconf 91' lang='grc' dir='ltr'>οί</span> <span class='ocrx_word' id='word_1_191' title='bbox 1620 2767 1895 2839; x_wconf 86' lang='grc' dir='ltr'>προφῆται</span> <span class='ocrx_word' id='word_1_192' title='bbox 1915 2785 1929 2799; x_wconf 82' lang='lat'><strong><em>°</em></strong></span> 
     </span>
    </p>
   </div>
   <div class='ocr_carea' id='block_1_29' title="bbox 345 2845 1932 2920">
    <p class='ocr_par' dir='ltr' id='par_1_29' title="bbox 345 2845 1932 2920">
     <span class='ocr_line' id='line_1_29' title="bbox 345 2845 1932 2920; baseline 0.004 -23"><span class='ocrx_word' id='word_1_193' title='bbox 345 2846 596 2909; x_wconf 74' lang='grc' dir='ltr'>ἃπαντας</span> <span class='ocrx_word' id='word_1_194' title='bbox 631 2845 1017 2917; x_wconf 85' lang='grc' dir='ltr'>περιτρέχουσι</span> <span class='ocrx_word' id='word_1_195' title='bbox 1043 2849 1176 2911; x_wconf 77' lang='grc' dir='ltr'>τοὺς</span> <span class='ocrx_word' id='word_1_196' title='bbox 1203 2848 1446 2920; x_wconf 89' lang='grc' dir='ltr'>χρόνους,</span> <span class='ocrx_word' id='word_1_197' title='bbox 1475 2850 1602 2913; x_wconf 79' lang='grc' dir='ltr'>τοὺς</span> <span class='ocrx_word' id='word_1_198' title='bbox 1635 2850 1932 2920; x_wconf 87' lang='grc' dir='ltr'>παρελθόν-</span> 
     </span>
    </p>
   </div>
   <div class='ocr_carea' id='block_1_30' title="bbox 346 2927 1931 3003">
    <p class='ocr_par' dir='ltr' id='par_1_30' title="bbox 346 2927 1931 3003">
     <span class='ocr_line' id='line_1_30' title="bbox 346 2927 1931 3003; baseline 0.005 -23"><span class='ocrx_word' id='word_1_199' title='bbox 346 2945 468 2991; x_wconf 85' lang='grc' dir='ltr'>τας,</span> <span class='ocrx_word' id='word_1_200' title='bbox 488 2929 620 2993; x_wconf 75' lang='grc' dir='ltr'>τοὺς</span> <span class='ocrx_word' id='word_1_201' title='bbox 644 2930 940 3003; x_wconf 86' lang='grc' dir='ltr'>παρόντας,</span> <span class='ocrx_word' id='word_1_202' title='bbox 959 2931 1086 2994; x_wconf 76' lang='grc' dir='ltr'>τοὺς</span> <span class='ocrx_word' id='word_1_203' title='bbox 1111 2931 1424 3002; x_wconf 90' lang='grc' dir='ltr'>μέλλοντας.</span> <span class='ocrx_word' id='word_1_204' title='bbox 1455 2932 1612 2998; x_wconf 90' lang='grc' dir='ltr'>Τίνες</span> <span class='ocrx_word' id='word_1_205' title='bbox 1631 2933 1689 2987; x_wconf 85' lang='grc' dir='ltr'>δὲ</span> <span class='ocrx_word' id='word_1_206' title='bbox 1715 2927 1862 2988; x_wconf 78' lang='grc' dir='ltr'>οὗτοι</span> <span class='ocrx_word' id='word_1_207' title='bbox 1882 2937 1931 2988; x_wconf 89' lang='grc' dir='ltr'>οἱ</span> 
     </span>
    </p>
   </div>
   <div class='ocr_carea' id='block_1_31' title="bbox 344 3012 1928 3088">
    <p class='ocr_par' dir='ltr' id='par_1_31' title="bbox 344 3012 1928 3088">
     <span class='ocr_line' id='line_1_31' title="bbox 344 3012 1928 3088; baseline 0.004 -23"><span class='ocrx_word' id='word_1_208' title='bbox 344 3012 722 3074; x_wconf 79' lang='grc' dir='ltr'>Μακκαϐαἶοι,</span> <span class='ocrx_word' id='word_1_209' title='bbox 755 3015 850 3067; x_wconf 82' lang='grc' dir='ltr'>καί</span> <span class='ocrx_word' id='word_1_210' title='bbox 873 3013 926 3066; x_wconf 90' lang='grc' dir='ltr'>τί</span> <span class='ocrx_word' id='word_1_211' title='bbox 951 3014 1276 3080; x_wconf 83' lang='grc' dir='ltr'>πεπόνθασι,</span> <span class='ocrx_word' id='word_1_212' title='bbox 1311 3017 1406 3068; x_wconf 76' lang='grc' dir='ltr'>καὶ</span> <span class='ocrx_word' id='word_1_213' title='bbox 1446 3015 1500 3070; x_wconf 87' lang='grc' dir='ltr'>τί</span> <span class='ocrx_word' id='word_1_214' title='bbox 1537 3016 1928 3088; x_wconf 88' lang='grc' dir='ltr'>κατώρθωσαν,</span> 
     </span>
    </p>
   </div>
   <div class='ocr_carea' id='block_1_32' title="bbox 347 3095 1933 3170">
    <p class='ocr_par' dir='ltr' id='par_1_32' title="bbox 347 3095 1933 3170">
     <span class='ocr_line' id='line_1_32' title="bbox 347 3095 1933 3170; baseline 0.003 -23"><span class='ocrx_word' id='word_1_215' title='bbox 347 3095 648 3163; x_wconf 82' lang='grc' dir='ltr'>ἀναγκαῖον</span> <span class='ocrx_word' id='word_1_216' title='bbox 695 3096 912 3167; x_wconf 88' lang='grc' dir='ltr'>πρῶτον</span> <span class='ocrx_word' id='word_1_217' title='bbox 947 3097 1144 3160; x_wconf 81' lang='grc' dir='ltr'>εἰπεῖν,</span> <span class='ocrx_word' id='word_1_218' title='bbox 1184 3097 1325 3150; x_wconf 84' lang='grc' dir='ltr'>ὥστε</span> <span class='ocrx_word' id='word_1_219' title='bbox 1354 3099 1449 3151; x_wconf 84' lang='grc' dir='ltr'>καὶ</span> <span class='ocrx_word' id='word_1_220' title='bbox 1488 3097 1590 3170; x_wconf 79' lang='grc' dir='ltr'>τῆς</span> <span class='ocrx_word' id='word_1_221' title='bbox 1623 3099 1933 3164; x_wconf 82' lang='grc' dir='ltr'>ὑποθέσεως</span> 
     </span>
    </p>
   </div>
   <div class='ocr_carea' id='block_1_33' title="bbox 347 3177 1931 3256">
    <p class='ocr_par' dir='ltr' id='par_1_33' title="bbox 347 3177 1931 3256">
     <span class='ocr_line' id='line_1_33' title="bbox 347 3177 1931 3256; baseline 0.004 -25"><span class='ocrx_word' id='word_1_222' title='bbox 347 3181 416 3232; x_wconf 71' lang='grc' dir='ltr'>τά</span> <span class='ocrx_word' id='word_1_223' title='bbox 431 3179 700 3251; x_wconf 87' lang='grc' dir='ltr'>λεγόμενα</span> <span class='ocrx_word' id='word_1_224' title='bbox 719 3181 971 3250; x_wconf 88' lang='grc' dir='ltr'>γενέσθαι</span> <span class='ocrx_word' id='word_1_225' title='bbox 994 3180 1325 3253; x_wconf 83' lang='grc' dir='ltr'>σαφέστερα.</span> <span class='ocrx_word' id='word_1_226' title='bbox 1355 3177 1514 3237; x_wconf 80' lang='grc' dir='ltr'>Οὗτοι</span> <span class='ocrx_word' id='word_1_227' title='bbox 1536 3183 1666 3256; x_wconf 84' lang='grc' dir='ltr'>γάρ,</span> <span class='ocrx_word' id='word_1_228' title='bbox 1681 3184 1931 3238; x_wconf 80' lang='grc' dir='ltr'>ἐπελθόν-</span> 
     </span>
    </p>
   </div>
   <div class='ocr_carea' id='block_1_34' title="bbox 346 3265 1933 3337">
    <p class='ocr_par' dir='ltr' id='par_1_34' title="bbox 346 3265 1933 3337">
     <span class='ocr_line' id='line_1_34' title="bbox 346 3265 1933 3337; baseline 0.004 -21"><span class='ocrx_word' id='word_1_229' title='bbox 346 3283 440 3328; x_wconf 84' lang='grc' dir='ltr'>τος</span> <span class='ocrx_word' id='word_1_230' title='bbox 473 3266 749 3336; x_wconf 83' lang='grc' dir='ltr'>Ἀντιόχου</span> <span class='ocrx_word' id='word_1_231' title='bbox 783 3265 875 3319; x_wconf 91' lang='grc' dir='ltr'>τοῦ</span> <span class='ocrx_word' id='word_1_232' title='bbox 907 3266 1202 3337; x_wconf 82' lang='grc' dir='ltr'>λεγομένου</span> <span class='ocrx_word' id='word_1_233' title='bbox 1237 3266 1585 3336; x_wconf 86' lang='grc' dir='ltr'>Ἐπιφανοῦς,</span> <span class='ocrx_word' id='word_1_234' title='bbox 1631 3269 1725 3322; x_wconf 79' lang='grc' dir='ltr'>καὶ</span> <span class='ocrx_word' id='word_1_235' title='bbox 1754 3268 1933 3323; x_wconf 88' lang='grc' dir='ltr'>πάντα</span> 
     </span>
    </p>
   </div>
   <div class='ocr_carea' id='block_1_35' title="bbox 346 3347 1931 3422">
    <p class='ocr_par' dir='ltr' id='par_1_35' title="bbox 346 3347 1931 3422">
     <span class='ocr_line' id='line_1_35' title="bbox 346 3347 1931 3422; baseline 0.001 -21"><span class='ocrx_word' id='word_1_236' title='bbox 346 3347 780 3419; x_wconf 75' lang='grc' dir='ltr'>διαφθείραντος,</span> <span class='ocrx_word' id='word_1_237' title='bbox 813 3349 908 3402; x_wconf 74' lang='grc' dir='ltr'>καὶ</span> <span class='ocrx_word' id='word_1_238' title='bbox 939 3349 1165 3412; x_wconf 76' lang='grc' dir='ltr'>πολλοὺς</span> <span class='ocrx_word' id='word_1_239' title='bbox 1181 3349 1288 3404; x_wconf 89' lang='grc' dir='ltr'>τῶν</span> <span class='ocrx_word' id='word_1_240' title='bbox 1315 3350 1433 3403; x_wconf 88' lang='grc' dir='ltr'>τότε</span> <span class='ocrx_word' id='word_1_241' title='bbox 1472 3349 1800 3422; x_wconf 86' lang='grc' dir='ltr'>βιασαμένου</span> <span class='ocrx_word' id='word_1_242' title='bbox 1831 3352 1931 3422; x_wconf 83' lang='grc' dir='ltr'>τὴν</span> 
     </span>
    </p>
   </div>
   <div class='ocr_carea' id='block_1_36' title="bbox 349 3431 1931 3508">
    <p class='ocr_par' dir='ltr' id='par_1_36' title="bbox 349 3431 1931 3508">
     <span class='ocr_line' id='line_1_36' title="bbox 349 3431 1931 3508; baseline 0.003 -23"><span class='ocrx_word' id='word_1_243' title='bbox 349 3431 628 3485; x_wconf 81' lang='grc' dir='ltr'>πολιτείαν</span> <span class='ocrx_word' id='word_1_244' title='bbox 681 3431 1083 3503; x_wconf 80' lang='grc' dir='ltr'>ἐξορχήσασθαι</span> <span class='ocrx_word' id='word_1_245' title='bbox 1118 3447 1139 3473; x_wconf 76' lang='grc' dir='ltr'>ε</span> <span class='ocrx_word' id='word_1_246' title='bbox 1175 3437 1274 3503; x_wconf 85' lang='grc' dir='ltr'>τὴν</span> <span class='ocrx_word' id='word_1_247' title='bbox 1319 3435 1608 3506; x_wconf 80' lang='grc' dir='ltr'>πατρῴαν,</span> <span class='ocrx_word' id='word_1_248' title='bbox 1655 3436 1931 3508; x_wconf 87' lang='grc' dir='ltr'>διέμειναν</span> 
     </span>
    </p>
   </div>
   <div class='ocr_carea' id='block_1_37' title="bbox 347 3515 1926 3588">
    <p class='ocr_par' dir='ltr' id='par_1_37' title="bbox 347 3515 1926 3588">
     <span class='ocr_line' id='line_1_37' title="bbox 347 3515 1926 3588; baseline 0.004 -20"><span class='ocrx_word' id='word_1_249' title='bbox 347 3515 502 3568; x_wconf 72' lang='grc' dir='ltr'>οὐδὲν</span> <span class='ocrx_word' id='word_1_250' title='bbox 549 3515 658 3568; x_wconf 86' lang='grc' dir='ltr'>ὑπὸ</span> <span class='ocrx_word' id='word_1_251' title='bbox 689 3515 800 3568; x_wconf 87' lang='grc' dir='ltr'>τῶν</span> <span class='ocrx_word' id='word_1_252' title='bbox 843 3515 1165 3586; x_wconf 85' lang='grc' dir='ltr'>πειρασμῶν</span> <span class='ocrx_word' id='word_1_253' title='bbox 1197 3517 1640 3588; x_wconf 79' lang='grc' dir='ltr'>παραδλαδέντες</span> <span class='ocrx_word' id='word_1_254' title='bbox 1673 3520 1926 3574; x_wconf 80' lang='grc' dir='ltr'>ἐκείνων·</span> 
     </span>
    </p>
   </div>
   <div class='ocr_carea' id='block_1_38' title="bbox 349 3597 1933 3670">
    <p class='ocr_par' dir='ltr' id='par_1_38' title="bbox 349 3597 1933 3670">
     <span class='ocr_line' id='line_1_38' title="bbox 349 3597 1933 3670; baseline 0.003 -19"><span class='ocrx_word' id='word_1_255' title='bbox 349 3598 447 3651; x_wconf 80' lang='grc' dir='ltr'>καὶ</span> <span class='ocrx_word' id='word_1_256' title='bbox 486 3598 576 3652; x_wconf 84' lang='grc' dir='ltr'>ὅτε</span> <span class='ocrx_word' id='word_1_257' title='bbox 605 3597 705 3668; x_wconf 68' lang='grc' dir='ltr'>μὲν</span> <span class='ocrx_word' id='word_1_258' title='bbox 736 3597 908 3669; x_wconf 76' lang='grc' dir='ltr'>βαρὺς</span> <span class='ocrx_word' id='word_1_259' title='bbox 933 3600 963 3652; x_wconf 87' lang='grc' dir='ltr'>ό</span> <span class='ocrx_word' id='word_1_260' title='bbox 990 3599 1228 3670; x_wconf 87' lang='grc' dir='ltr'>πόλεμος</span> <span class='ocrx_word' id='word_1_261' title='bbox 1254 3599 1428 3664; x_wconf 76' lang='grc' dir='ltr'>ἔπνει,</span> <span class='ocrx_word' id='word_1_262' title='bbox 1465 3601 1561 3654; x_wconf 72' lang='grc' dir='ltr'>καὶ</span> <span class='ocrx_word' id='word_1_263' title='bbox 1589 3601 1743 3655; x_wconf 78' lang='grc' dir='ltr'>οὐδὲν</span> <span class='ocrx_word' id='word_1_264' title='bbox 1770 3603 1933 3657; x_wconf 81' lang='grc' dir='ltr'>πλέον</span> 
     </span>
    </p>
   </div>
   <div class='ocr_carea' id='block_1_39' title="bbox 348 3682 1932 3756">
    <p class='ocr_par' dir='ltr' id='par_1_39' title="bbox 348 3682 1932 3756">
     <span class='ocr_line' id='line_1_39' title="bbox 348 3682 1932 3756; baseline 0.004 -20"><span class='ocrx_word' id='word_1_265' title='bbox 348 3683 686 3754; x_wconf 81' lang='grc' dir='ltr'>ἐργάσασθαι</span> <span class='ocrx_word' id='word_1_266' title='bbox 724 3683 1009 3751; x_wconf 74' lang='grc' dir='ltr'>ἠδύναντο,</span> <span class='ocrx_word' id='word_1_267' title='bbox 1056 3683 1329 3756; x_wconf 80' lang='grc' dir='ltr'>ἔκρυπτον</span> <span class='ocrx_word' id='word_1_268' title='bbox 1367 3682 1614 3749; x_wconf 75' lang='grc' dir='ltr'>ἑαυτούς.</span> <span class='ocrx_word' id='word_1_269' title='bbox 1649 3685 1800 3738; x_wconf 81' lang='grc' dir='ltr'>Ἐπεὶ</span> <span class='ocrx_word' id='word_1_270' title='bbox 1839 3688 1932 3742; x_wconf 76' lang='grc' dir='ltr'>καὶ</span> 
     </span>
    </p>
   </div>
   <div class='ocr_carea' id='block_1_40' title="bbox 347 3766 1932 3839">
    <p class='ocr_par' dir='ltr' id='par_1_40' title="bbox 347 3766 1932 3839">
     <span class='ocr_line' id='line_1_40' title="bbox 347 3766 1932 3839; baseline 0.002 -19"><span class='ocrx_word' id='word_1_271' title='bbox 347 3770 398 3821; x_wconf 77' lang='grc' dir='ltr'>οἱ</span> <span class='ocrx_word' id='word_1_272' title='bbox 443 3766 735 3821; x_wconf 83' lang='grc' dir='ltr'>ἀπόστολοι</span> <span class='ocrx_word' id='word_1_273' title='bbox 767 3766 928 3820; x_wconf 90' lang='grc' dir='ltr'>τοῦτο</span> <span class='ocrx_word' id='word_1_274' title='bbox 954 3767 1194 3821; x_wconf 89' lang='grc' dir='ltr'>ἐποίουν.</span> <span class='ocrx_word' id='word_1_275' title='bbox 1243 3769 1316 3822; x_wconf 87' lang='grc' dir='ltr'>Οὑ</span> <span class='ocrx_word' id='word_1_276' title='bbox 1353 3767 1459 3839; x_wconf 84' lang='grc' dir='ltr'>γὰρ</span> <span class='ocrx_word' id='word_1_277' title='bbox 1491 3767 1580 3822; x_wconf 80' lang='grc' dir='ltr'>ἀεὶ</span> <span class='ocrx_word' id='word_1_278' title='bbox 1619 3769 1932 3838; x_wconf 84' lang='grc' dir='ltr'>φαινόμενοι</span> 
     </span>
    </p>
   </div>
   <div class='ocr_carea' id='block_1_41' title="bbox 349 3851 1931 3923">
    <p class='ocr_par' dir='ltr' id='par_1_41' title="bbox 349 3851 1931 3923">
     <span class='ocr_line' id='line_1_41' title="bbox 349 3851 1931 3923; baseline 0 -17"><span class='ocrx_word' id='word_1_279' title='bbox 349 3855 409 3906; x_wconf 89' lang='grc' dir='ltr'>ἐν</span> <span class='ocrx_word' id='word_1_280' title='bbox 433 3852 512 3922; x_wconf 82' lang='grc' dir='ltr'>τῷ</span> <span class='ocrx_word' id='word_1_281' title='bbox 543 3852 694 3923; x_wconf 82' lang='grc' dir='ltr'>μέσῳ</span> <span class='ocrx_word' id='word_1_282' title='bbox 733 3852 1024 3921; x_wconf 80' lang='grc' dir='ltr'>ἐπεπήδων</span> <span class='ocrx_word' id='word_1_283' title='bbox 1059 3854 1172 3916; x_wconf 80' lang='grc' dir='ltr'>τοῖς</span> <span class='ocrx_word' id='word_1_284' title='bbox 1201 3851 1484 3916; x_wconf 84' lang='grc' dir='ltr'>κινδύνοις,</span> <span class='ocrx_word' id='word_1_285' title='bbox 1524 3851 1640 3906; x_wconf 83' lang='grc' dir='ltr'>ἀλλ’</span> <span class='ocrx_word' id='word_1_286' title='bbox 1668 3851 1814 3906; x_wconf 82' lang='grc' dir='ltr'>ἔστιν</span> <span class='ocrx_word' id='word_1_287' title='bbox 1842 3853 1931 3906; x_wconf 84' lang='grc' dir='ltr'>ὅτε</span> 
     </span>
    </p>
   </div>
   <div class='ocr_carea' id='block_1_42' title="bbox 349 3931 1930 4006">
    <p class='ocr_par' dir='ltr' id='par_1_42' title="bbox 349 3931 1930 4006">
     <span class='ocr_line' id='line_1_42' title="bbox 349 3931 1930 4006; baseline 0 -19"><span class='ocrx_word' id='word_1_288' title='bbox 349 3935 447 3988; x_wconf 76' lang='grc' dir='ltr'>καὶ</span> <span class='ocrx_word' id='word_1_289' title='bbox 479 3935 773 4004; x_wconf 90' lang='grc' dir='ltr'>φεύγοντες</span> <span class='ocrx_word' id='word_1_290' title='bbox 812 3936 908 3989; x_wconf 82' lang='grc' dir='ltr'>καὶ</span> <span class='ocrx_word' id='word_1_291' title='bbox 938 3934 1288 3997; x_wconf 83' lang='grc' dir='ltr'>λανθάνοντες</span> <span class='ocrx_word' id='word_1_292' title='bbox 1329 3931 1667 4006; x_wconf 84' lang='grc' dir='ltr'>ὑπεχώρουν.</span> <span class='ocrx_word' id='word_1_293' title='bbox 1713 3935 1930 4006; x_wconf 79' lang='grc' dir='ltr'>Ἐπειδὴ</span> 
     </span>
    </p>
   </div>
   <div class='ocr_carea' id='block_1_43' title="bbox 346 4017 1932 4090">
    <p class='ocr_par' dir='ltr' id='par_1_43' title="bbox 346 4017 1932 4090">
     <span class='ocr_line' id='line_1_43' title="bbox 346 4017 1932 4090; baseline -0.001 -18"><span class='ocrx_word' id='word_1_294' title='bbox 346 4019 405 4072; x_wconf 82' lang='grc' dir='ltr'>δὲ</span> <span class='ocrx_word' id='word_1_295' title='bbox 435 4017 632 4090; x_wconf 88' lang='grc' dir='ltr'>μικρὸν</span> <span class='ocrx_word' id='word_1_296' title='bbox 665 4019 1034 4083; x_wconf 83' lang='grc' dir='ltr'>ἀνέπνευσαν,</span> <span class='ocrx_word' id='word_1_297' title='bbox 1063 4018 1312 4090; x_wconf 88' lang='grc' dir='ltr'>καθάπερ</span> <span class='ocrx_word' id='word_1_298' title='bbox 1328 4018 1470 4082; x_wconf 85' lang='grc' dir='ltr'>τινὲς</span> <span class='ocrx_word' id='word_1_299' title='bbox 1509 4017 1780 4078; x_wconf 86' lang='grc' dir='ltr'>σκύλακες</span> <span class='ocrx_word' id='word_1_300' title='bbox 1803 4033 1932 4086; x_wconf 89' lang='grc' dir='ltr'>γεν-</span> 
     </span>
    </p>
   </div>
   <div class='ocr_carea' id='block_1_44' title="bbox 347 4101 1932 4174">
    <p class='ocr_par' dir='ltr' id='par_1_44' title="bbox 347 4101 1932 4174">
     <span class='ocr_line' id='line_1_44' title="bbox 347 4101 1932 4174; baseline -0.001 -17"><span class='ocrx_word' id='word_1_301' title='bbox 347 4105 510 4169; x_wconf 83' lang='grc' dir='ltr'>ναῖοι,</span> <span class='ocrx_word' id='word_1_302' title='bbox 535 4102 943 4172; x_wconf 78' lang='grc' dir='ltr'>ἐκπηδήσαντες</span> <span class='ocrx_word' id='word_1_303' title='bbox 968 4105 1032 4156; x_wconf 88' lang='grc' dir='ltr'>ἐκ</span> <span class='ocrx_word' id='word_1_304' title='bbox 1062 4103 1170 4156; x_wconf 87' lang='grc' dir='ltr'>τῶν</span> <span class='ocrx_word' id='word_1_305' title='bbox 1193 4103 1471 4174; x_wconf 86' lang='grc' dir='ltr'>σπηλαίων</span> <span class='ocrx_word' id='word_1_306' title='bbox 1495 4102 1586 4158; x_wconf 79' lang='grc' dir='ltr'>καὶ</span> <span class='ocrx_word' id='word_1_307' title='bbox 1618 4101 1932 4173; x_wconf 73' lang='grc' dir='ltr'>προκύψαν-</span> 
     </span>
    </p>
   </div>
   <div class='ocr_carea' id='block_1_45' title="bbox 347 4183 1932 4258">
    <p class='ocr_par' dir='ltr' id='par_1_45' title="bbox 347 4183 1932 4258">
     <span class='ocr_line' id='line_1_45' title="bbox 347 4183 1932 4258; baseline 0 -20"><span class='ocrx_word' id='word_1_308' title='bbox 347 4202 442 4248; x_wconf 86' lang='grc' dir='ltr'>τες</span> <span class='ocrx_word' id='word_1_309' title='bbox 462 4186 526 4238; x_wconf 82' lang='grc' dir='ltr'>ἐκ</span> <span class='ocrx_word' id='word_1_310' title='bbox 547 4185 653 4237; x_wconf 89' lang='grc' dir='ltr'>τῶν</span> <span class='ocrx_word' id='word_1_311' title='bbox 683 4183 1049 4246; x_wconf 86' lang='grc' dir='ltr'>καταδύσεων,</span> <span class='ocrx_word' id='word_1_312' title='bbox 1090 4184 1335 4252; x_wconf 79' lang='grc' dir='ltr'>ἔγνωσαν</span> <span class='ocrx_word' id='word_1_313' title='bbox 1364 4186 1559 4258; x_wconf 83' lang='grc' dir='ltr'>μηκέτι</span> <span class='ocrx_word' id='word_1_314' title='bbox 1587 4185 1785 4254; x_wconf 86' lang='grc' dir='ltr'>μόνους</span> <span class='ocrx_word' id='word_1_315' title='bbox 1814 4186 1932 4239; x_wconf 79' lang='grc' dir='ltr'>ἐαυο</span> 
     </span>
    </p>
   </div>
   <div class='ocr_carea' id='block_1_46' title="bbox 347 4263 1930 4339">
    <p class='ocr_par' dir='ltr' id='par_1_46' title="bbox 347 4263 1930 4339">
     <span class='ocr_line' id='line_1_46' title="bbox 347 4263 1930 4339; baseline 0.001 -18"><span class='ocrx_word' id='word_1_316' title='bbox 347 4269 477 4330; x_wconf 80' lang='grc' dir='ltr'>τοῦς</span> <span class='ocrx_word' id='word_1_317' title='bbox 521 4266 825 4330; x_wconf 81' lang='grc' dir='ltr'>διασώζειν,</span> <span class='ocrx_word' id='word_1_318' title='bbox 868 4266 1005 4321; x_wconf 85' lang='grc' dir='ltr'>ἀλλά</span> <span class='ocrx_word' id='word_1_319' title='bbox 1053 4269 1142 4320; x_wconf 76' lang='grc' dir='ltr'>καὶ</span> <span class='ocrx_word' id='word_1_320' title='bbox 1183 4267 1422 4339; x_wconf 87' lang='grc' dir='ltr'>ἐτέρους,</span> <span class='ocrx_word' id='word_1_321' title='bbox 1455 4269 1612 4332; x_wconf 82' lang='grc' dir='ltr'>ὅσους</span> <span class='ocrx_word' id='word_1_322' title='bbox 1649 4263 1751 4322; x_wconf 75' lang='grc' dir='ltr'>οἷοί</span> <span class='ocrx_word' id='word_1_323' title='bbox 1791 4271 1839 4322; x_wconf 85' lang='grc' dir='ltr'>τ’</span> <span class='ocrx_word' id='word_1_324' title='bbox 1864 4267 1930 4322; x_wconf 85' lang='grc' dir='ltr'>ἂν</span> 
     </span>
    </p>
   </div>
   <div class='ocr_carea' id='block_1_47' title="bbox 349 4347 1930 4423">
    <p class='ocr_par' dir='ltr' id='par_1_47' title="bbox 349 4347 1930 4423">
     <span class='ocr_line' id='line_1_47' title="bbox 349 4347 1930 4423; baseline 0.001 -18"><span class='ocrx_word' id='word_1_325' title='bbox 349 4347 488 4406; x_wconf 66' lang='grc' dir='ltr'>ῶσν</span> <span class='ocrx_word' id='word_1_326' title='bbox 519 4351 613 4404; x_wconf 72' lang='grc' dir='ltr'>καὶ</span> <span class='ocrx_word' id='word_1_327' title='bbox 653 4349 751 4421; x_wconf 76' lang='grc' dir='ltr'>τὴν</span> <span class='ocrx_word' id='word_1_328' title='bbox 789 4350 945 4404; x_wconf 88' lang='grc' dir='ltr'>πόλιν</span> <span class='ocrx_word' id='word_1_329' title='bbox 989 4350 1084 4403; x_wconf 78' lang='grc' dir='ltr'>καὶ</span> <span class='ocrx_word' id='word_1_330' title='bbox 1107 4347 1207 4421; x_wconf 75' lang='grc' dir='ltr'>τὴν</span> <span class='ocrx_word' id='word_1_331' title='bbox 1238 4350 1420 4423; x_wconf 90' lang='grc' dir='ltr'>χώραν</span> <span class='ocrx_word' id='word_1_332' title='bbox 1455 4353 1756 4422; x_wconf 83' lang='grc' dir='ltr'>περιιόντες</span> <span class='ocrx_word' id='word_1_333' title='bbox 1789 4353 1930 4408; x_wconf 76' lang='grc' dir='ltr'>άπα-</span> 
     </span>
    </p>
   </div>
   <div class='ocr_carea' id='block_1_48' title="bbox 352 4433 1937 4506">
    <p class='ocr_par' dir='ltr' id='par_1_48' title="bbox 352 4433 1937 4506">
     <span class='ocr_line' id='line_1_48' title="bbox 352 4433 1937 4506; baseline 0.001 -17"><span class='ocrx_word' id='word_1_334' title='bbox 352 4453 475 4501; x_wconf 91' lang='grc' dir='ltr'>σαν,</span> <span class='ocrx_word' id='word_1_335' title='bbox 494 4435 810 4503; x_wconf 78' lang='grc' dir='ltr'>ἀνελέγοντο</span> <span class='ocrx_word' id='word_1_336' title='bbox 835 4435 1062 4498; x_wconf 87' lang='grc' dir='ltr'>πάντας,</span> <span class='ocrx_word' id='word_1_337' title='bbox 1084 4435 1242 4498; x_wconf 84' lang='grc' dir='ltr'>ὅσους</span> <span class='ocrx_word' id='word_1_338' title='bbox 1265 4433 1525 4506; x_wconf 79' lang='grc' dir='ltr'>ηὕρισκον</span> <span class='ocrx_word' id='word_1_339' title='bbox 1546 4436 1715 4504; x_wconf 82' lang='grc' dir='ltr'>ὑγιῶς</span> <span class='ocrx_word' id='word_1_340' title='bbox 1735 4437 1937 4490; x_wconf 71' lang='grc' dir='ltr'>διακειο.</span> 
     </span>
    </p>
   </div>
   <div class='ocr_carea' id='block_1_49' title="bbox 355 4516 1934 4593">
    <p class='ocr_par' dir='ltr' id='par_1_49' title="bbox 355 4516 1934 4593">
     <span class='ocr_line' id='line_1_49' title="bbox 355 4516 1934 4593; baseline 0.001 -21"><span class='ocrx_word' id='word_1_341' title='bbox 355 4519 552 4593; x_wconf 85' lang='grc' dir='ltr'>μένους</span> <span class='ocrx_word' id='word_1_342' title='bbox 569 4535 582 4549; x_wconf 90' lang='grc'><strong>·</strong></span> <span class='ocrx_word' id='word_1_343' title='bbox 624 4517 849 4579; x_wconf 81' lang='grc' dir='ltr'>πολλοὺς</span> <span class='ocrx_word' id='word_1_344' title='bbox 869 4516 926 4569; x_wconf 82' lang='grc' dir='ltr'>δὲ</span> <span class='ocrx_word' id='word_1_345' title='bbox 953 4518 1048 4570; x_wconf 74' lang='grc' dir='ltr'>καὶ</span> <span class='ocrx_word' id='word_1_346' title='bbox 1071 4516 1178 4570; x_wconf 91' lang='grc' dir='ltr'>τῶν</span> <span class='ocrx_word' id='word_1_347' title='bbox 1195 4517 1553 4590; x_wconf 85' lang='grc' dir='ltr'>κεκμηκότων</span> <span class='ocrx_word' id='word_1_348' title='bbox 1573 4519 1667 4572; x_wconf 73' lang='grc' dir='ltr'>καὶ</span> <span class='ocrx_word' id='word_1_349' title='bbox 1680 4519 1934 4591; x_wconf 76' lang='grc' dir='ltr'>διεφθαρ-</span> 
     </span>
    </p>
   </div>
   <div class='ocr_carea' id='block_1_50' title="bbox 354 4599 1933 4674">
    <p class='ocr_par' dir='ltr' id='par_1_50' title="bbox 354 4599 1933 4674">
     <span class='ocr_line' id='line_1_50' title="bbox 354 4599 1933 4674; baseline 0.003 -22"><span class='ocrx_word' id='word_1_350' title='bbox 354 4601 537 4671; x_wconf 80' lang='grc' dir='ltr'>μένων</span> <span class='ocrx_word' id='word_1_351' title='bbox 567 4600 873 4655; x_wconf 85' lang='grc' dir='ltr'>ἀνεκτῶντο</span> <span class='ocrx_word' id='word_1_352' title='bbox 907 4599 1088 4660; x_wconf 87' lang='grc' dir='ltr'>πάλιν.</span> <span class='ocrx_word' id='word_1_353' title='bbox 1123 4601 1402 4664; x_wconf 80' lang='grc' dir='ltr'>πείθοντες</span> <span class='ocrx_word' id='word_1_354' title='bbox 1437 4600 1529 4654; x_wconf 82' lang='grc' dir='ltr'>ἐπὶ</span> <span class='ocrx_word' id='word_1_355' title='bbox 1560 4601 1650 4654; x_wconf 89' lang='grc' dir='ltr'>τὸν</span> <span class='ocrx_word' id='word_1_356' title='bbox 1680 4601 1933 4674; x_wconf 81' lang='grc' dir='ltr'>πατρῷον</span> 
     </span>
    </p>
   </div>
   <div class='ocr_carea' id='block_1_51' title="bbox 350 4682 1932 4755">
    <p class='ocr_par' dir='ltr' id='par_1_51' title="bbox 350 4682 1932 4755">
     <span class='ocr_line' id='line_1_51' title="bbox 350 4682 1932 4755; baseline 0 -19"><span class='ocrx_word' id='word_1_357' title='bbox 350 4683 518 4752; x_wconf 86' lang='grc' dir='ltr'>νόμον</span> <span class='ocrx_word' id='word_1_358' title='bbox 571 4683 995 4754; x_wconf 84' lang='grc' dir='ltr'>ἐπαναδραμεῖν.</span> <span class='ocrx_word' id='word_1_359' title='bbox 1055 4682 1161 4736; x_wconf 90' lang='grc' dir='ltr'>Τὸν</span> <span class='ocrx_word' id='word_1_360' title='bbox 1205 4682 1315 4754; x_wconf 81' lang='grc' dir='ltr'>γὰρ</span> <span class='ocrx_word' id='word_1_361' title='bbox 1367 4683 1500 4736; x_wconf 83' lang='grc' dir='ltr'>Θεὸν</span> <span class='ocrx_word' id='word_1_362' title='bbox 1551 4684 1932 4755; x_wconf 79' lang='grc' dir='ltr'>φιλάνθρωπον</span> 
     </span>
    </p>
   </div>
   <div class='ocr_carea' id='block_1_52' title="bbox 350 4763 1932 4836">
    <p class='ocr_par' dir='ltr' id='par_1_52' title="bbox 350 4763 1932 4836">
     <span class='ocr_line' id='line_1_52' title="bbox 350 4763 1932 4836; baseline -0.001 -14"><span class='ocrx_word' id='word_1_363' title='bbox 350 4763 489 4822; x_wconf 78' lang='grc' dir='ltr'>εἶναι</span> <span class='ocrx_word' id='word_1_364' title='bbox 526 4763 784 4833; x_wconf 71' lang='grc' dir='ltr'>ἔφασκον,</span> <span class='ocrx_word' id='word_1_365' title='bbox 816 4765 910 4818; x_wconf 78' lang='grc' dir='ltr'>καὶ</span> <span class='ocrx_word' id='word_1_366' title='bbox 959 4765 1226 4835; x_wconf 83' lang='grc' dir='ltr'>μηδέποτε</span> <span class='ocrx_word' id='word_1_367' title='bbox 1271 4765 1369 4836; x_wconf 83' lang='grc' dir='ltr'>τὴν</span> <span class='ocrx_word' id='word_1_368' title='bbox 1417 4765 1482 4819; x_wconf 85' lang='grc' dir='ltr'>ἐκ</span> <span class='ocrx_word' id='word_1_369' title='bbox 1512 4766 1612 4836; x_wconf 86' lang='grc' dir='ltr'>τῆς</span> <span class='ocrx_word' id='word_1_370' title='bbox 1645 4767 1932 4836; x_wconf 83' lang='grc' dir='ltr'>μετανοίας</span> 
     </span>
    </p>
   </div>
   <div class='ocr_carea' id='block_1_53' title="bbox 349 4847 1934 4920">
    <p class='ocr_par' dir='ltr' id='par_1_53' title="bbox 349 4847 1934 4920">
     <span class='ocr_line' id='line_1_53' title="bbox 349 4847 1934 4920; baseline 0.002 -19"><span class='ocrx_word' id='word_1_371' title='bbox 349 4849 599 4918; x_wconf 86' lang='grc' dir='ltr'>ἀναιρεῖν</span> <span class='ocrx_word' id='word_1_372' title='bbox 631 4847 924 4918; x_wconf 83' lang='grc' dir='ltr'>σωτηρίαν.</span> <span class='ocrx_word' id='word_1_373' title='bbox 982 4847 1025 4898; x_wconf 86' lang='grc' dir='ltr'>Τ</span> <span class='ocrx_word' id='word_1_374' title='bbox 1030 4847 1168 4900; x_wconf 87' lang='grc' dir='ltr'>αῦτα</span> <span class='ocrx_word' id='word_1_375' title='bbox 1204 4847 1260 4900; x_wconf 86' lang='grc' dir='ltr'>δὲ</span> <span class='ocrx_word' id='word_1_376' title='bbox 1291 4847 1563 4916; x_wconf 90' lang='grc' dir='ltr'>λέγοντες,</span> <span class='ocrx_word' id='word_1_377' title='bbox 1594 4849 1934 4920; x_wconf 85' lang='grc' dir='ltr'>στρατόπεδα</span> 
     </span>
    </p>
   </div>
   <div class='ocr_carea' id='block_1_54' title="bbox 352 4928 1930 5003">
    <p class='ocr_par' dir='ltr' id='par_1_54' title="bbox 352 4928 1930 5003">
     <span class='ocr_line' id='line_1_54' title="bbox 352 4928 1930 5003; baseline -0.001 -18"><span class='ocrx_word' id='word_1_378' title='bbox 352 4931 645 4998; x_wconf 83' lang='grc' dir='ltr'>κατέλεγον</span> <span class='ocrx_word' id='word_1_379' title='bbox 670 4928 876 5000; x_wconf 79' lang='grc' dir='ltr'>ἀνδρῶν</span> <span class='ocrx_word' id='word_1_380' title='bbox 895 4929 1320 4996; x_wconf 86' lang='grc' dir='ltr'>γενναίων.ούδέ</span> <span class='ocrx_word' id='word_1_381' title='bbox 1343 4931 1452 5002; x_wconf 78' lang='grc' dir='ltr'>γὰρ</span> <span class='ocrx_word' id='word_1_382' title='bbox 1476 4931 1616 5003; x_wconf 85' lang='grc' dir='ltr'>ὑπὲρ</span> <span class='ocrx_word' id='word_1_383' title='bbox 1635 4931 1930 5000; x_wconf 87' lang='grc' dir='ltr'>γυναικῶν,</span> 
     </span>
    </p>
   </div>
   <div class='ocr_carea' id='block_1_55' title="bbox 352 5012 1934 5080">
    <p class='ocr_par' dir='ltr' id='par_1_55' title="bbox 352 5012 1934 5080">
     <span class='ocr_line' id='line_1_55' title="bbox 352 5012 1934 5080; baseline 0.001 -13"><span class='ocrx_word' id='word_1_384' title='bbox 352 5015 450 5068; x_wconf 76' lang='grc' dir='ltr'>καὶ</span> <span class='ocrx_word' id='word_1_385' title='bbox 481 5013 708 5076; x_wconf 81' lang='grc' dir='ltr'>παίδων,</span> <span class='ocrx_word' id='word_1_386' title='bbox 739 5014 836 5066; x_wconf 73' lang='grc' dir='ltr'>καὶ</span> <span class='ocrx_word' id='word_1_387' title='bbox 879 5012 1199 5080; x_wconf 87' lang='grc' dir='ltr'>παιδισκῶν,</span> <span class='ocrx_word' id='word_1_388' title='bbox 1242 5015 1336 5066; x_wconf 76' lang='grc' dir='ltr'>καὶ</span> <span class='ocrx_word' id='word_1_389' title='bbox 1376 5014 1805 5079; x_wconf 82' lang='grc' dir='ltr'>ἀπαναστάσεως</span> <span class='ocrx_word' id='word_1_390' title='bbox 1838 5016 1934 5069; x_wconf 78' lang='grc' dir='ltr'>καὶ</span> 
     </span>
    </p>
   </div>
   <div class='ocr_carea' id='block_1_56' title="bbox 350 5095 1933 5168">
    <p class='ocr_par' dir='ltr' id='par_1_56' title="bbox 350 5095 1933 5168">
     <span class='ocr_line' id='line_1_56' title="bbox 350 5095 1933 5168; baseline 0.002 -20"><span class='ocrx_word' id='word_1_391' title='bbox 350 5095 790 5168; x_wconf 80' lang='grc' dir='ltr'>ἀνδραποδισμοῦ</span> <span class='ocrx_word' id='word_1_392' title='bbox 814 5098 913 5167; x_wconf 83' lang='grc' dir='ltr'>τῆς</span> <span class='ocrx_word' id='word_1_393' title='bbox 935 5095 1210 5167; x_wconf 84' lang='grc' dir='ltr'>πατρίδος,</span> <span class='ocrx_word' id='word_1_394' title='bbox 1228 5095 1341 5148; x_wconf 86' lang='grc' dir='ltr'>ἀλλ’</span> <span class='ocrx_word' id='word_1_395' title='bbox 1367 5096 1505 5166; x_wconf 85' lang='grc' dir='ltr'>ὑπὲρ</span> <span class='ocrx_word' id='word_1_396' title='bbox 1525 5096 1689 5168; x_wconf 90' lang='grc' dir='ltr'>νόμου</span> <span class='ocrx_word' id='word_1_397' title='bbox 1716 5097 1809 5151; x_wconf 76' lang='grc' dir='ltr'>καὶ</span> <span class='ocrx_word' id='word_1_398' title='bbox 1835 5114 1933 5151; x_wconf 87' lang='grc' dir='ltr'>πο-</span> 
     </span>
    </p>
   </div>
   <div class='ocr_carea' id='block_1_57' title="bbox 415 5227 1930 5294">
    <p class='ocr_par' dir='ltr' id='par_1_57' title="bbox 415 5227 1930 5294">
     <span class='ocr_line' id='line_1_57' title="bbox 415 5227 1930 5294; baseline 0 -13"><span class='ocrx_word' id='word_1_399' title='bbox 415 5235 443 5261; x_wconf 76' lang='grc'><strong>⁸</strong></span> <span class='ocrx_word' id='word_1_400' title='bbox 469 5232 720 5281; x_wconf 78' lang='lat' dir='ltr'>Henetus</span> <span class='ocrx_word' id='word_1_401' title='bbox 741 5227 1596 5294; x_wconf 58' lang='lat' dir='ltr'>perperammngmquqmquepgalm</span> <span class='ocrx_word' id='word_1_402' title='bbox 1617 5228 1930 5294; x_wconf 79' lang='lat' dir='ltr'>auditionem.</span> 
     </span>
    </p>
   </div>
   <div class='ocr_carea' id='block_1_58' title="bbox 417 5292 1930 5356">
    <p class='ocr_par' dir='ltr' id='par_1_58' title="bbox 417 5292 1930 5356">
     <span class='ocr_line' id='line_1_58' title="bbox 417 5292 1930 5356; baseline -0.001 -14"><span class='ocrx_word' id='word_1_403' title='bbox 417 5294 444 5333; x_wconf 61' lang='grc' dir='ltr'>ἓν</span> <span class='ocrx_word' id='word_1_404' title='bbox 469 5295 591 5356; x_wconf 61' lang='lat' dir='ltr'>ﬂeg.</span> <span class='ocrx_word' id='word_1_405' title='bbox 608 5306 737 5342; x_wconf 84' lang='lat' dir='ltr'>unus</span> <span class='ocrx_word' id='word_1_406' title='bbox 745 5292 809 5348; x_wconf 82' lang='grc' dir='ltr'>είς</span> <span class='ocrx_word' id='word_1_407' title='bbox 824 5293 1026 5356; x_wconf 80' lang='grc' dir='ltr'>τὸτέλος</span> <span class='ocrx_word' id='word_1_408' title='bbox 1042 5292 1140 5356; x_wconf 63' lang='grc' dir='ltr'>τοῖς</span> <span class='ocrx_word' id='word_1_409' title='bbox 1157 5292 1273 5356; x_wconf 69' lang='grc' dir='ltr'>υἱοῖς</span> <span class='ocrx_word' id='word_1_410' title='bbox 1294 5292 1420 5356; x_wconf 77' lang='grc' dir='ltr'>Κορέ</span> <span class='ocrx_word' id='word_1_411' title='bbox 1437 5292 1513 5356; x_wconf 66' lang='grc' dir='ltr'>εἰς</span> <span class='ocrx_word' id='word_1_412' title='bbox 1523 5292 1709 5356; x_wconf 80' lang='grc' dir='ltr'>σύνεσιν</span> <span class='ocrx_word' id='word_1_413' title='bbox 1729 5293 1930 5356; x_wconf 78' lang='grc' dir='ltr'>ψαλμός.</span> 
     </span>
    </p>
   </div>
   <div class='ocr_carea' id='block_1_59' title="bbox 418 5352 1930 5417">
    <p class='ocr_par' dir='ltr' id='par_1_59' title="bbox 418 5352 1930 5417">
     <span class='ocr_line' id='line_1_59' title="bbox 418 5352 1930 5417; baseline -0.001 -13"><span class='ocrx_word' id='word_1_414' title='bbox 418 5358 442 5388; x_wconf 66' lang='grc'>⁸</span> <span class='ocrx_word' id='word_1_415' title='bbox 465 5352 606 5404; x_wconf 71' lang='grc' dir='ltr'>Ιᾱέιῐι</span> <span class='ocrx_word' id='word_1_416' title='bbox 635 5357 761 5417; x_wconf 73' lang='lat' dir='ltr'>Reg.</span> <span class='ocrx_word' id='word_1_417' title='bbox 798 5354 1040 5417; x_wconf 79' lang='grc' dir='ltr'>πολιτείαν</span> <span class='ocrx_word' id='word_1_418' title='bbox 1087 5352 1441 5416; x_wconf 80' lang='grc' dir='ltr'>ἐξαρνήσασθαι.</span> <span class='ocrx_word' id='word_1_419' title='bbox 1484 5352 1582 5402; x_wconf 83' lang='lat' dir='ltr'>Sed</span> <span class='ocrx_word' id='word_1_420' title='bbox 1615 5352 1930 5417; x_wconf 10' lang='lat' dir='ltr'>omnésrédd.</span> 
     </span>
    </p>
   </div>
   <div class='ocr_carea' id='block_1_60' title="bbox 353 5416 1934 5480">
    <p class='ocr_par' dir='ltr' id='par_1_60' title="bbox 353 5416 1934 5480">
     <span class='ocr_line' id='line_1_60' title="bbox 353 5416 1934 5480; baseline -0.006 -6"><span class='ocrx_word' id='word_1_421' title='bbox 353 5424 408 5466; x_wconf 77' lang='grc' dir='ltr'>θι</span> <span class='ocrx_word' id='word_1_422' title='bbox 432 5430 546 5473; x_wconf 73' lang='lat' dir='ltr'>mss.</span> <span class='ocrx_word' id='word_1_423' title='bbox 569 5416 756 5480; x_wconf 58' lang='lat' dir='ltr'>haheat</span> <span class='ocrx_word' id='word_1_424' title='bbox 786 5416 1151 5480; x_wconf 76' lang='grc' dir='ltr'>ἐξορχήσασθαι,</span> <span class='ocrx_word' id='word_1_425' title='bbox 1173 5427 1320 5480; x_wconf 64' lang='lat' dir='ltr'><strong>quam</strong></span> <span class='ocrx_word' id='word_1_426' title='bbox 1345 5426 1535 5480; x_wconf 85' lang='lat' dir='ltr'>vocem_</span> <span class='ocrx_word' id='word_1_427' title='bbox 1558 5421 1760 5480; x_wconf 76' lang='lat' dir='ltr'>usurpat</span> <span class='ocrx_word' id='word_1_428' title='bbox 1780 5416 1934 5480; x_wconf 69' lang='lat' dir='ltr'>Chry-</span> 
     </span>
    </p>
   </div>
   <div class='ocr_carea' id='block_1_61' title="bbox 353 5475 1931 5556">
    <p class='ocr_par' dir='ltr' id='par_1_61' title="bbox 353 5475 1931 5556">
     <span class='ocr_line' id='line_1_61' title="bbox 353 5475 1931 5556; baseline -0.002 -28"><span class='ocrx_word' id='word_1_429' title='bbox 353 5486 473 5528; x_wconf 69' lang='grc' dir='ltr'>εοσι.</span> <span class='ocrx_word' id='word_1_430' title='bbox 498 5478 789 5556; x_wconf 51' lang='grc' dir='ltr'>ιιιςίλριιοτέ</span> <span class='ocrx_word' id='word_1_431' title='bbox 811 5475 1002 5556; x_wconf 53' lang='grc' dir='ltr'>ἱυῶρξα</span> <span class='ocrx_word' id='word_1_432' title='bbox 1031 5475 1134 5556; x_wconf 68' lang='grc' dir='ltr'>ἀπὲ</span> <span class='ocrx_word' id='word_1_433' title='bbox 1151 5475 1249 5553; x_wconf 67' lang='grc' dir='ltr'>τῶν</span> <span class='ocrx_word' id='word_1_434' title='bbox 1267 5475 1735 5556; x_wconf 31' lang='grc' dir='ltr'>έκπρμπεηόντωνκτὰ</span> <span class='ocrx_word' id='word_1_435' title='bbox 1754 5479 1931 5556; x_wconf 68' lang='grc' dir='ltr'>μυστή-</span> 
     </span>
    </p>
   </div>
   <div class='ocr_carea' id='block_1_62' title="bbox 354 5537 1934 5601">
    <p class='ocr_par' dir='ltr' id='par_1_62' title="bbox 354 5537 1934 5601">
     <span class='ocr_line' id='line_1_62' title="bbox 354 5537 1934 5601; baseline 0.001 -13"><span class='ocrx_word' id='word_1_436' title='bbox 354 5554 449 5601; x_wconf 73' lang='grc' dir='ltr'>ρια’</span> <span class='ocrx_word' id='word_1_437' title='bbox 471 5546 524 5588; x_wconf 75' lang='grc' dir='ltr'>ιιι</span> <span class='ocrx_word' id='word_1_438' title='bbox 557 5537 702 5594; x_wconf 68' lang='lat' dir='ltr'><strong>idem,</strong></span> <span class='ocrx_word' id='word_1_439' title='bbox 720 5540 796 5601; x_wconf 16' lang='lat' dir='ltr'><strong>sit,</strong></span> <span class='ocrx_word' id='word_1_440' title='bbox 954 5539 1064 5601; x_wconf 63' lang='lat' dir='ltr'>loco</span> <span class='ocrx_word' id='word_1_441' title='bbox 1089 5537 1433 5601; x_wconf 75' lang='grc' dir='ltr'>ἐξορχήσασθαι</span> <span class='ocrx_word' id='word_1_442' title='bbox 1463 5539 1555 5601; x_wconf 11' lang='grc' dir='ltr'>τὴν,</span> <span class='ocrx_word' id='word_1_443' title='bbox 1588 5537 1828 5601; x_wconf 82' lang='grc' dir='ltr'>πολιτείαν</span> <span class='ocrx_word' id='word_1_444' title='bbox 1849 5541 1934 5597; x_wconf 73' lang='grc' dir='ltr'>τὴν</span> 
     </span>
    </p>
   </div>
   <div class='ocr_carea' id='block_1_63' title="bbox 351 5599 1933 5665">
    <p class='ocr_par' dir='ltr' id='par_1_63' title="bbox 351 5599 1933 5665">
     <span class='ocr_line' id='line_1_63' title="bbox 351 5599 1933 5665; baseline 0.001 -16"><span class='ocrx_word' id='word_1_445' title='bbox 351 5599 596 5665; x_wconf 72' lang='grc' dir='ltr'>πατρῴαν,</span> <span class='ocrx_word' id='word_1_446' title='bbox 615 5600 747 5665; x_wconf 86' lang='lat' dir='ltr'>quod</span> <span class='ocrx_word' id='word_1_447' title='bbox 782 5600 804 5648; x_wconf 87' lang='grc'><strong>1</strong></span> <span class='ocrx_word' id='word_1_448' title='bbox 843 5599 1056 5665; x_wconf 65' lang='grc' dir='ltr'>Μεοοοὺ.</span> <span class='ocrx_word' id='word_1_449' title='bbox 1104 5599 1150 5659; x_wconf 88' lang='grc'>1,</span> <span class='ocrx_word' id='word_1_450' title='bbox 1172 5599 1469 5665; x_wconf 42' lang='grc' dir='ltr'>⁷ᾓ6ηλῶσαι</span> <span class='ocrx_word' id='word_1_451' title='bbox 1604 5600 1822 5665; x_wconf 72' lang='grc' dir='ltr'>σάϐϐατα</span> <span class='ocrx_word' id='word_1_452' title='bbox 1852 5603 1933 5665; x_wconf 73' lang='grc' dir='ltr'>καὶ</span> 
     </span>
    </p>
   </div>
   <div class='ocr_carea' id='block_1_64' title="bbox 353 5659 1935 5738">
    <p class='ocr_par' dir='ltr' id='par_1_64' title="bbox 353 5659 1935 5738">
     <span class='ocr_line' id='line_1_64' title="bbox 353 5659 1935 5738; baseline 0.001 -2"><span class='ocrx_word' id='word_1_453' title='bbox 353 5659 534 5738; x_wconf 47' lang='lat'>“9.66%.-</span> <span class='ocrx_word' id='word_1_454' title='bbox 559 5659 842 5738; x_wconf 59' lang='grc' dir='ltr'>έοεὶμεάνοξξ</span> <span class='ocrx_word' id='word_1_455' title='bbox 875 5662 1110 5738; x_wconf 51' lang='lat' dir='ltr'>ariam:</span> <span class='ocrx_word' id='word_1_456' title='bbox 1125 5659 1502 5738; x_wconf 41' lang='lat'>323.38%?”</span> <span class='ocrx_word' id='word_1_457' title='bbox 1527 5660 1693 5738; x_wconf 56' lang='grc' dir='ltr'>ἀκτάς</span> <span class='ocrx_word' id='word_1_458' title='bbox 1715 5663 1935 5738; x_wconf 59' lang='grc' dir='ltr'>πρεξριβας</span> 
     </span>
    </p>
   </div>
   <div class='ocr_carea' id='block_1_65' title="bbox 350 5720 1936 5785">
    <p class='ocr_par' dir='ltr' id='par_1_65' title="bbox 350 5720 1936 5785">
     <span class='ocr_line' id='line_1_65' title="bbox 350 5720 1936 5785; baseline -0.001 -13"><span class='ocrx_word' id='word_1_459' title='bbox 509 5720 558 5772; x_wconf 80' lang='grc' dir='ltr'>ἐν</span> <span class='ocrx_word' id='word_1_460' title='bbox 579 5720 738 5785; x_wconf 66' lang='grc' dir='ltr'>οὐδένί</span> <span class='ocrx_word' id='word_1_461' title='bbox 771 5720 995 5782; x_wconf 74' lang='grc' dir='ltr'>τίθεσθαι,</span> <span class='ocrx_word' id='word_1_462' title='bbox 1018 5720 1104 5780; x_wconf 77' lang='grc' dir='ltr'>τὰς</span> <span class='ocrx_word' id='word_1_463' title='bbox 1121 5723 1176 5773; x_wconf 75' lang='grc' dir='ltr'>δὲ</span> <span class='ocrx_word' id='word_1_464' title='bbox 1207 5720 1485 5780; x_wconf 80' lang='grc' dir='ltr'>Ἑλληνικάς</span> <span class='ocrx_word' id='word_1_465' title='bbox 1519 5722 1659 5785; x_wconf 76' lang='grc' dir='ltr'>δόξας</span> <span class='ocrx_word' id='word_1_466' title='bbox 1681 5720 1936 5785; x_wconf 71' lang='grc' dir='ltr'>καλλίστας</span> 
     </span>
    </p>
   </div>
   <div class='ocr_carea' id='block_1_66' title="bbox 350 5783 1937 5845">
    <p class='ocr_par' dir='ltr' id='par_1_66' title="bbox 350 5783 1937 5845">
     <span class='ocr_line' id='line_1_66' title="bbox 350 5783 1937 5845; baseline -0.003 -10"><span class='ocrx_word' id='word_1_467' title='bbox 350 5783 581 5845; x_wconf 72' lang='grc' dir='ltr'>ἡγεῖσθαι.</span> <span class='ocrx_word' id='word_1_468' title='bbox 622 5783 951 5835; x_wconf 75' lang='lat' dir='ltr'>Nazianzenus</span> <span class='ocrx_word' id='word_1_469' title='bbox 969 5786 1148 5834; x_wconf 80' lang='lat' dir='ltr'><strong>eodem</strong></span> <span class='ocrx_word' id='word_1_470' title='bbox 1173 5795 1323 5833; x_wconf 80' lang='lat' dir='ltr'>sensu</span> <span class='ocrx_word' id='word_1_471' title='bbox 1361 5796 1374 5826; x_wconf 86' lang='lat'>:</span> <span class='ocrx_word' id='word_1_472' title='bbox 1421 5784 1598 5845; x_wconf 82' lang='grc' dir='ltr'>μᾶλλον</span> <span class='ocrx_word' id='word_1_473' title='bbox 1613 5783 1674 5845; x_wconf 13' lang='grc' dir='ltr'>,δὲ</span> <span class='ocrx_word' id='word_1_474' title='bbox 1696 5785 1776 5832; x_wconf 82' lang='grc' dir='ltr'>διὰ</span> <span class='ocrx_word' id='word_1_475' title='bbox 1813 5784 1937 5845; x_wconf 80' lang='grc' dir='ltr'>τίνος</span> 
     </span>
    </p>
   </div>
   <div class='ocr_carea' id='block_1_67' title="bbox 350 5843 1936 5958">
    <p class='ocr_par' dir='ltr' id='par_1_67' title="bbox 350 5843 1936 5958">
     <span class='ocr_line' id='line_1_67' title="bbox 350 5843 1936 5958; baseline 0 -64"><span class='ocrx_word' id='word_1_476' title='bbox 350 5843 521 5958; x_wconf 51' lang='lat' dir='ltr'>ira;</span> <span class='ocrx_word' id='word_1_477' title='bbox 543 5847 668 5958; x_wconf 51' lang='grc' dir='ltr'>μίγα</span> <span class='ocrx_word' id='word_1_478' title='bbox 687 5848 945 5913; x_wconf 78' lang='grc' dir='ltr'>μυστήριον</span> <span class='ocrx_word' id='word_1_479' title='bbox 963 5846 1050 5897; x_wconf 74' lang='grc' dir='ltr'>καὶ.</span> <span class='ocrx_word' id='word_1_480' title='bbox 1063 5845 1185 5897; x_wconf 84' lang='grc' dir='ltr'>θεῖον</span> <span class='ocrx_word' id='word_1_481' title='bbox 1209 5843 1564 5908; x_wconf 77' lang='grc' dir='ltr'>ἑξωρχησάμην.</span> <span class='ocrx_word' id='word_1_482' title='bbox 1579 5844 1699 5896; x_wconf 56' lang='lat' dir='ltr'><strong><em>Haec</em></strong></span> <span class='ocrx_word' id='word_1_483' title='bbox 1721 5843 1936 5896; x_wconf 76' lang='lat' dir='ltr'>Savilius</span> 
     </span>
     <span class='ocr_line' id='line_1_68' title="bbox 514 5923 638 5958; baseline 0 0"><span class='ocrx_word' id='word_1_484' title='bbox 514 5923 558 5958; x_wconf 74' lang='grc' dir='ltr'>ει</span> <span class='ocrx_word' id='word_1_485' title='bbox 624 5945 638 5958; x_wconf 81' lang='lat'><strong>.</strong></span> 
     </span>
    </p>
   </div>
   <div class='ocr_carea' id='block_1_68' title="bbox 350 5913 638 5959">
    <p class='ocr_par' dir='ltr' id='par_1_68' title="bbox 350 5913 638 5959">
     <span class='ocr_line' id='line_1_69' title="bbox 350 5913 638 5959; baseline -0.003 0"><span class='ocrx_word' id='word_1_486' title='bbox 350 5913 397 5959; x_wconf 78' lang='grc' dir='ltr'>α</span> <span class='ocrx_word' id='word_1_487' title='bbox 423 5913 638 5959; x_wconf 74' lang='grc' dir='ltr'>Βοῐεὶιιδ.</span> 
     </span>
    </p>
   </div>
   <div class='ocr_carea' id='block_1_69' title="bbox 1472 464 2539 524">
    <p class='ocr_par' dir='ltr' id='par_1_69' title="bbox 1472 464 2539 524">
     <span class='ocr_line' id='line_1_70' title="bbox 1472 464 2539 524; baseline -0.002 -4"><span class='ocrx_word' id='word_1_488' title='bbox 1472 465 1840 522; x_wconf 72' lang='lat' dir='ltr'>EXPOSI&#39;I&#39;IO</span> <span class='ocrx_word' id='word_1_489' title='bbox 1874 465 1944 522; x_wconf 79' lang='lat' dir='ltr'>IN</span> <span class='ocrx_word' id='word_1_490' title='bbox 1982 464 2314 524; x_wconf 75' lang='lat' dir='ltr'>PSALMUM</span> <span class='ocrx_word' id='word_1_491' title='bbox 2358 465 2539 522; x_wconf 74' lang='lat' dir='ltr'>XLIII.</span> 
     </span>
    </p>
   </div>
   <div class='ocr_carea' id='block_1_70' title="bbox 3504 467 3614 525">
    <p class='ocr_par' dir='ltr' id='par_1_70' title="bbox 3504 467 3614 525">
     <span class='ocr_line' id='line_1_71' title="bbox 3504 467 3614 525; baseline 0 0"><span class='ocrx_word' id='word_1_492' title='bbox 3504 467 3614 525; x_wconf 71' lang='lat' dir='ltr'>I68</span> 
     </span>
    </p>
   </div>
   <div class='ocr_carea' id='block_1_71' title="bbox 2046 579 3630 652">
    <p class='ocr_par' dir='ltr' id='par_1_71' title="bbox 2046 579 3630 652">
     <span class='ocr_line' id='line_1_72' title="bbox 2046 579 3630 652; baseline 0.006 -22"><span class='ocrx_word' id='word_1_493' title='bbox 2046 579 2248 643; x_wconf 83' lang='grc' dir='ltr'>λιτείας</span> <span class='ocrx_word' id='word_1_494' title='bbox 2276 579 2542 650; x_wconf 86' lang='grc' dir='ltr'>ἐμάχοντο</span> <span class='ocrx_word' id='word_1_495' title='bbox 2578 579 2867 650; x_wconf 80' lang='grc' dir='ltr'>πατρῴας·</span> <span class='ocrx_word' id='word_1_496' title='bbox 2917 581 3242 652; x_wconf 82' lang='grc' dir='ltr'>ἐστρατήγει</span> <span class='ocrx_word' id='word_1_497' title='bbox 3281 582 3335 634; x_wconf 85' lang='grc' dir='ltr'>δὲ</span> <span class='ocrx_word' id='word_1_498' title='bbox 3377 584 3554 646; x_wconf 77' lang='grc' dir='ltr'>αὑτοῖς</span> <span class='ocrx_word' id='word_1_499' title='bbox 3586 589 3630 640; x_wconf 71' lang='grc' dir='ltr'>ὁ.</span> 
     </span>
    </p>
   </div>
   <div class='ocr_carea' id='block_1_72' title="bbox 2044 662 3624 735">
    <p class='ocr_par' dir='ltr' id='par_1_72' title="bbox 2044 662 3624 735">
     <span class='ocr_line' id='line_1_73' title="bbox 2044 662 3624 735; baseline 0.002 -20"><span class='ocrx_word' id='word_1_500' title='bbox 2044 662 2194 726; x_wconf 92' lang='grc' dir='ltr'>Θεός.</span> <span class='ocrx_word' id='word_1_501' title='bbox 2233 662 2683 734; x_wconf 79' lang='grc' dir='ltr'>Παραταξάμενοι</span> <span class='ocrx_word' id='word_1_502' title='bbox 2713 663 2914 729; x_wconf 90' lang='grc' dir='ltr'>τοίνυν,</span> <span class='ocrx_word' id='word_1_503' title='bbox 2949 667 3046 718; x_wconf 76' lang='grc' dir='ltr'>καὶ</span> <span class='ocrx_word' id='word_1_504' title='bbox 3077 663 3176 727; x_wconf 82' lang='grc' dir='ltr'>τὰς</span> <span class='ocrx_word' id='word_1_505' title='bbox 3213 664 3393 735; x_wconf 75' lang='grc' dir='ltr'>ψυχάς</span> <span class='ocrx_word' id='word_1_506' title='bbox 3432 668 3624 721; x_wconf 89' lang='grc' dir='ltr'>αὑτῶν.</span> 
     </span>
    </p>
   </div>
   <div class='ocr_carea' id='block_1_73' title="bbox 2044 745 3628 823">
    <p class='ocr_par' dir='ltr' id='par_1_73' title="bbox 2044 745 3628 823">
     <span class='ocr_line' id='line_1_74' title="bbox 2044 745 3628 823; baseline 0.005 -26"><span class='ocrx_word' id='word_1_507' title='bbox 2044 747 2386 811; x_wconf 87' lang='grc' dir='ltr'>ἐπιδιδόντες,</span> <span class='ocrx_word' id='word_1_508' title='bbox 2415 745 2672 800; x_wconf 89' lang='grc' dir='ltr'>κατέλυον</span> <span class='ocrx_word' id='word_1_509' title='bbox 2691 746 2816 809; x_wconf 85' lang='grc' dir='ltr'>τοὺς</span> <span class='ocrx_word' id='word_1_510' title='bbox 2833 746 3126 812; x_wconf 89' lang='grc' dir='ltr'>ἐναντίους,</span> <span class='ocrx_word' id='word_1_511' title='bbox 3147 748 3244 818; x_wconf 81' lang='grc' dir='ltr'>οὑχ</span> <span class='ocrx_word' id='word_1_512' title='bbox 3262 749 3444 810; x_wconf 84' lang='grc' dir='ltr'>ὅπλοις</span> <span class='ocrx_word' id='word_1_513' title='bbox 3459 749 3628 823; x_wconf 72' lang='grc'><strong>[144]</strong></span> 
     </span>
    </p>
   </div>
   <div class='ocr_carea' id='block_1_74' title="bbox 2045 827 3628 904">
    <p class='ocr_par' dir='ltr' id='par_1_74' title="bbox 2045 827 3628 904">
     <span class='ocr_line' id='line_1_75' title="bbox 2045 827 3628 904; baseline 0.005 -23"><span class='ocrx_word' id='word_1_514' title='bbox 2045 827 2392 901; x_wconf 79' lang='grc' dir='ltr'>θαρροῦντες,</span> <span class='ocrx_word' id='word_1_515' title='bbox 2430 829 2546 883; x_wconf 79' lang='grc' dir='ltr'>ἀλλ’</span> <span class='ocrx_word' id='word_1_516' title='bbox 2599 828 2720 882; x_wconf 83' lang='grc' dir='ltr'>ἀντὶ</span> <span class='ocrx_word' id='word_1_517' title='bbox 2748 830 2927 900; x_wconf 84' lang='grc' dir='ltr'>πάσης</span> <span class='ocrx_word' id='word_1_518' title='bbox 2968 833 3295 900; x_wconf 83' lang='grc' dir='ltr'>παντευχίας</span> <span class='ocrx_word' id='word_1_519' title='bbox 3338 833 3628 904; x_wconf 85' lang='grc' dir='ltr'>ἀρκοῦσαν.</span> 
     </span>
    </p>
   </div>
   <div class='ocr_carea' id='block_1_75' title="bbox 2043 911 3616 984">
    <p class='ocr_par' dir='ltr' id='par_1_75' title="bbox 2043 911 3616 984">
     <span class='ocr_line' id='line_1_76' title="bbox 2043 911 3616 984; baseline 0.002 -20"><span class='ocrx_word' id='word_1_520' title='bbox 2043 911 2257 981; x_wconf 76' lang='grc' dir='ltr'>ἔχοντες</span> <span class='ocrx_word' id='word_1_521' title='bbox 2283 913 2381 982; x_wconf 83' lang='grc' dir='ltr'>τὴν</span> <span class='ocrx_word' id='word_1_522' title='bbox 2426 913 2526 983; x_wconf 82' lang='grc' dir='ltr'>τῆς</span> <span class='ocrx_word' id='word_1_523' title='bbox 2567 912 2748 984; x_wconf 87' lang='grc' dir='ltr'>μάχης</span> <span class='ocrx_word' id='word_1_524' title='bbox 2797 912 3072 966; x_wconf 85' lang='grc' dir='ltr'>ὑπόθεσιν.</span> <span class='ocrx_word' id='word_1_525' title='bbox 3113 914 3302 978; x_wconf 80' lang='grc' dir='ltr'>’ἰόντες</span> <span class='ocrx_word' id='word_1_526' title='bbox 3326 917 3506 969; x_wconf 89' lang='grc' dir='ltr'>τοίνυν</span> <span class='ocrx_word' id='word_1_527' title='bbox 3536 915 3616 977; x_wconf 87' lang='grc' dir='ltr'>είς</span> 
     </span>
    </p>
   </div>
   <div class='ocr_carea' id='block_1_76' title="bbox 2041 994 3618 1068">
    <p class='ocr_par' dir='ltr' id='par_1_76' title="bbox 2041 994 3618 1068">
     <span class='ocr_line' id='line_1_77' title="bbox 2041 994 3618 1068; baseline 0.002 -22"><span class='ocrx_word' id='word_1_528' title='bbox 2041 994 2132 1046; x_wconf 87' lang='grc' dir='ltr'>τὸν</span> <span class='ocrx_word' id='word_1_529' title='bbox 2164 994 2417 1064; x_wconf 88' lang='grc' dir='ltr'>πόλεμον,</span> <span class='ocrx_word' id='word_1_530' title='bbox 2445 997 2545 1049; x_wconf 80' lang='grc' dir='ltr'>οὐκ</span> <span class='ocrx_word' id='word_1_531' title='bbox 2571 994 2932 1065; x_wconf 79' lang='grc' dir='ltr'>ἐτραγῴδουν,</span> <span class='ocrx_word' id='word_1_532' title='bbox 2971 996 3032 1048; x_wconf 83' lang='grc' dir='ltr'>οὑ</span> <span class='ocrx_word' id='word_1_533' title='bbox 3067 999 3300 1060; x_wconf 81' lang='grc' dir='ltr'>παιᾶνας</span> <span class='ocrx_word' id='word_1_534' title='bbox 3337 994 3482 1068; x_wconf 78' lang='grc' dir='ltr'>ᾖδον,</span> <span class='ocrx_word' id='word_1_535' title='bbox 3516 1013 3618 1051; x_wconf 78' lang='grc' dir='ltr'>κα-</span> 
     </span>
    </p>
   </div>
   <div class='ocr_carea' id='block_1_77' title="bbox 2045 1075 3616 1151">
    <p class='ocr_par' dir='ltr' id='par_1_77' title="bbox 2045 1075 3616 1151">
     <span class='ocr_line' id='line_1_78' title="bbox 2045 1075 3616 1151; baseline 0.003 -23"><span class='ocrx_word' id='word_1_536' title='bbox 2045 1075 2221 1148; x_wconf 87' lang='grc' dir='ltr'>θάπερ</span> <span class='ocrx_word' id='word_1_537' title='bbox 2245 1077 2388 1140; x_wconf 85' lang='grc' dir='ltr'>τινὲς</span> <span class='ocrx_word' id='word_1_538' title='bbox 2420 1077 2684 1140; x_wconf 85' lang='grc' dir='ltr'>ποιοῦσιν,</span> <span class='ocrx_word' id='word_1_539' title='bbox 2715 1078 2838 1130; x_wconf 84' lang='grc' dir='ltr'>ούδέ</span> <span class='ocrx_word' id='word_1_540' title='bbox 2867 1079 2993 1142; x_wconf 79' lang='grc' dir='ltr'>τοὺς</span> <span class='ocrx_word' id='word_1_541' title='bbox 3020 1079 3313 1143; x_wconf 79' lang='grc' dir='ltr'>αὐλοῦντας</span> <span class='ocrx_word' id='word_1_542' title='bbox 3340 1078 3616 1151; x_wconf 71' lang='grc' dir='ltr'>προσκαθρ</span> 
     </span>
    </p>
   </div>
   <div class='ocr_carea' id='block_1_78' title="bbox 2047 1159 3614 1232">
    <p class='ocr_par' dir='ltr' id='par_1_78' title="bbox 2047 1159 3614 1232">
     <span class='ocr_line' id='line_1_79' title="bbox 2047 1159 3614 1232; baseline 0.002 -21"><span class='ocrx_word' id='word_1_543' title='bbox 2047 1159 2215 1226; x_wconf 90' lang='grc' dir='ltr'>ίεσαν,</span> <span class='ocrx_word' id='word_1_544' title='bbox 2263 1161 2514 1232; x_wconf 87' lang='grc' dir='ltr'>καθάπερ</span> <span class='ocrx_word' id='word_1_545' title='bbox 2566 1162 2623 1214; x_wconf 91' lang='grc' dir='ltr'>ἐν</span> <span class='ocrx_word' id='word_1_546' title='bbox 2681 1160 2858 1224; x_wconf 84' lang='grc' dir='ltr'>ἄλλοις</span> <span class='ocrx_word' id='word_1_547' title='bbox 2899 1161 3315 1231; x_wconf 78' lang='grc' dir='ltr'>στρατοπέδοιςο</span> <span class='ocrx_word' id='word_1_548' title='bbox 3365 1162 3499 1216; x_wconf 86' lang='grc' dir='ltr'>ἀλλά</span> <span class='ocrx_word' id='word_1_549' title='bbox 3523 1161 3614 1215; x_wconf 90' lang='grc' dir='ltr'>τὸν</span> 
     </span>
    </p>
   </div>
   <div class='ocr_carea' id='block_1_79' title="bbox 2043 1241 3616 1316">
    <p class='ocr_par' dir='ltr' id='par_1_79' title="bbox 2043 1241 3616 1316">
     <span class='ocr_line' id='line_1_80' title="bbox 2043 1241 3616 1316; baseline 0.001 -22"><span class='ocrx_word' id='word_1_550' title='bbox 2043 1241 2174 1296; x_wconf 83' lang='grc' dir='ltr'>Θεὸν</span> <span class='ocrx_word' id='word_1_551' title='bbox 2217 1242 2420 1298; x_wconf 81' lang='grc' dir='ltr'>ἀνωθεν</span> <span class='ocrx_word' id='word_1_552' title='bbox 2454 1243 2681 1296; x_wconf 82' lang='grc' dir='ltr'>ἐκάλουν</span> <span class='ocrx_word' id='word_1_553' title='bbox 2727 1246 2983 1314; x_wconf 84' lang='grc' dir='ltr'>παρεῖναι</span> <span class='ocrx_word' id='word_1_554' title='bbox 3018 1245 3112 1296; x_wconf 72' lang='grc' dir='ltr'>καὶ</span> <span class='ocrx_word' id='word_1_555' title='bbox 3153 1247 3481 1316; x_wconf 81' lang='grc' dir='ltr'>συμμαχεῖν,</span> <span class='ocrx_word' id='word_1_556' title='bbox 3521 1244 3616 1298; x_wconf 69' lang='grc' dir='ltr'>καὶ</span> 
     </span>
    </p>
   </div>
   <div class='ocr_carea' id='block_1_80' title="bbox 2043 1317 3616 1398">
    <p class='ocr_par' dir='ltr' id='par_1_80' title="bbox 2043 1317 3616 1398">
     <span class='ocr_line' id='line_1_81' title="bbox 2043 1317 3616 1398; baseline 0.003 -22"><span class='ocrx_word' id='word_1_557' title='bbox 2043 1328 2203 1396; x_wconf 84' lang='grc' dir='ltr'>χεῖρα</span> <span class='ocrx_word' id='word_1_558' title='bbox 2231 1325 2463 1396; x_wconf 83' lang='grc' dir='ltr'>ὀρέγειν,</span> <span class='ocrx_word' id='word_1_559' title='bbox 2497 1326 2562 1380; x_wconf 88' lang='grc' dir='ltr'>δι’</span> <span class='ocrx_word' id='word_1_560' title='bbox 2591 1325 2651 1379; x_wconf 82' lang='grc' dir='ltr'>δν</span> <span class='ocrx_word' id='word_1_561' title='bbox 2675 1326 3056 1395; x_wconf 87' lang='grc' dir='ltr'>ἐπολεμοῦντο,</span> <span class='ocrx_word' id='word_1_562' title='bbox 3088 1327 3228 1397; x_wconf 84' lang='grc' dir='ltr'>ὑπὲρ</span> <span class='ocrx_word' id='word_1_563' title='bbox 3243 1317 3302 1381; x_wconf 74' lang='grc' dir='ltr'>οὗ</span> <span class='ocrx_word' id='word_1_564' title='bbox 3333 1328 3431 1398; x_wconf 82' lang='grc' dir='ltr'>τῆς</span> <span class='ocrx_word' id='word_1_565' title='bbox 3459 1327 3616 1398; x_wconf 81' lang='grc' dir='ltr'>δόξης</span> 
     </span>
    </p>
   </div>
   <div class='ocr_carea' id='block_1_81' title="bbox 2041 1407 3634 1479">
    <p class='ocr_par' dir='ltr' id='par_1_81' title="bbox 2041 1407 3634 1479">
     <span class='ocr_line' id='line_1_82' title="bbox 2041 1407 3634 1479; baseline 0.003 -18"><span class='ocrx_word' id='word_1_566' title='bbox 2041 1409 2386 1479; x_wconf 79' lang='grc' dir='ltr'>ἠγωνίζοντο.</span> <span class='ocrx_word' id='word_1_567' title='bbox 2423 1409 2650 1479; x_wconf 83' lang='grc' dir='ltr'>Ἰδωμεν</span> <span class='ocrx_word' id='word_1_568' title='bbox 2685 1409 2864 1462; x_wconf 84' lang='grc' dir='ltr'>τοίνυν</span> <span class='ocrx_word' id='word_1_569' title='bbox 2885 1409 2936 1462; x_wconf 91' lang='grc' dir='ltr'>τί</span> <span class='ocrx_word' id='word_1_570' title='bbox 2969 1409 3260 1478; x_wconf 81' lang='grc' dir='ltr'>φθέγγεται</span> <span class='ocrx_word' id='word_1_571' title='bbox 3283 1410 3345 1463; x_wconf 93' lang='grc' dir='ltr'>τὸ</span> <span class='ocrx_word' id='word_1_572' title='bbox 3371 1409 3463 1462; x_wconf 88' lang='grc' dir='ltr'>τοῦ</span> <span class='ocrx_word' id='word_1_573' title='bbox 3480 1407 3634 1466; x_wconf 68' lang='grc' dir='ltr'>ΘεοῦΔ</span> 
     </span>
    </p>
   </div>
   <div class='ocr_carea' id='block_1_82' title="bbox 2043 1491 3617 1564">
    <p class='ocr_par' dir='ltr' id='par_1_82' title="bbox 2043 1491 3617 1564">
     <span class='ocr_line' id='line_1_83' title="bbox 2043 1491 3617 1564; baseline 0.001 -20"><span class='ocrx_word' id='word_1_574' title='bbox 2043 1492 2200 1544; x_wconf 91' lang='grc' dir='ltr'>τοῦτο</span> <span class='ocrx_word' id='word_1_575' title='bbox 2242 1491 2636 1563; x_wconf 85' lang='grc' dir='ltr'>στρατόπεδον,</span> <span class='ocrx_word' id='word_1_576' title='bbox 2679 1492 2742 1544; x_wconf 90' lang='grc' dir='ltr'>τὸ</span> <span class='ocrx_word' id='word_1_577' title='bbox 2785 1494 2850 1562; x_wconf 81' lang='grc' dir='ltr'>τῇ</span> <span class='ocrx_word' id='word_1_578' title='bbox 2876 1496 3218 1564; x_wconf 81' lang='grc' dir='ltr'>πνευματικῇ</span> <span class='ocrx_word' id='word_1_579' title='bbox 3247 1493 3617 1564; x_wconf 82' lang='grc' dir='ltr'>φραττόμενον</span> 
     </span>
    </p>
   </div>
   <div class='ocr_carea' id='block_1_83' title="bbox 2046 1575 3619 1646">
    <p class='ocr_par' dir='ltr' id='par_1_83' title="bbox 2046 1575 3619 1646">
     <span class='ocr_line' id='line_1_84' title="bbox 2046 1575 3619 1646; baseline 0.001 -19"><span class='ocrx_word' id='word_1_580' title='bbox 2046 1575 2286 1646; x_wconf 79' lang='grc' dir='ltr'>βοηθείᾳ,</span> <span class='ocrx_word' id='word_1_581' title='bbox 2327 1575 2517 1646; x_wconf 87' lang='grc' dir='ltr'>μέλλον</span> <span class='ocrx_word' id='word_1_582' title='bbox 2543 1575 2752 1629; x_wconf 87' lang='grc' dir='ltr'>ἐπιέναι</span> <span class='ocrx_word' id='word_1_583' title='bbox 2784 1577 2897 1639; x_wconf 84' lang='grc' dir='ltr'>τοῖς</span> <span class='ocrx_word' id='word_1_584' title='bbox 2932 1576 3226 1645; x_wconf 88' lang='grc' dir='ltr'>πολεμίοις.</span> <span class='ocrx_word' id='word_1_585' title='bbox 3266 1577 3328 1630; x_wconf 80' lang='lat'><strong>‘0</strong></span> <span class='ocrx_word' id='word_1_586' title='bbox 3351 1576 3512 1642; x_wconf 83' lang='grc' dir='ltr'>Θεὸς,</span> <span class='ocrx_word' id='word_1_587' title='bbox 3549 1576 3619 1628; x_wconf 77' lang='grc' dir='ltr'>ἐν</span> 
     </span>
    </p>
   </div>
   <div class='ocr_carea' id='block_1_84' title="bbox 2041 1657 3618 1730">
    <p class='ocr_par' dir='ltr' id='par_1_84' title="bbox 2041 1657 3618 1730">
     <span class='ocr_line' id='line_1_85' title="bbox 2041 1657 3618 1730; baseline 0 -18"><span class='ocrx_word' id='word_1_588' title='bbox 2041 1658 2167 1724; x_wconf 79' lang='grc' dir='ltr'>τοῖς</span> <span class='ocrx_word' id='word_1_589' title='bbox 2192 1659 2343 1712; x_wconf 76' lang='grc' dir='ltr'>ὠσὶν</span> <span class='ocrx_word' id='word_1_590' title='bbox 2363 1657 2535 1728; x_wconf 76' lang='grc' dir='ltr'>ἡμῶν</span> <span class='ocrx_word' id='word_1_591' title='bbox 2561 1659 2932 1726; x_wconf 77' lang='grc' dir='ltr'>ἠκούσαμεν.</span> <span class='ocrx_word' id='word_1_592' title='bbox 2974 1659 3190 1730; x_wconf 72' lang='grc' dir='ltr'>Ἐπειδὴ</span> <span class='ocrx_word' id='word_1_593' title='bbox 3212 1659 3322 1730; x_wconf 86' lang='grc' dir='ltr'>γάρ</span> <span class='ocrx_word' id='word_1_594' title='bbox 3344 1675 3488 1722; x_wconf 85' lang='grc' dir='ltr'>τινες</span> <span class='ocrx_word' id='word_1_595' title='bbox 3509 1659 3618 1712; x_wconf 86' lang='grc' dir='ltr'>τῶν</span> 
     </span>
    </p>
   </div>
   <div class='ocr_carea' id='block_1_85' title="bbox 2045 1742 3616 1813">
    <p class='ocr_par' dir='ltr' id='par_1_85' title="bbox 2045 1742 3616 1813">
     <span class='ocr_line' id='line_1_86' title="bbox 2045 1742 3616 1813; baseline 0.001 -20"><span class='ocrx_word' id='word_1_596' title='bbox 2045 1742 2492 1812; x_wconf 84' lang='grc' dir='ltr'>συντεταγμένων</span> <span class='ocrx_word' id='word_1_597' title='bbox 2519 1742 2729 1806; x_wconf 74' lang='grc' dir='ltr'>αὐτοῖς,</span> <span class='ocrx_word' id='word_1_598' title='bbox 2776 1743 2837 1795; x_wconf 92' lang='grc' dir='ltr'>τό</span> <span class='ocrx_word' id='word_1_599' title='bbox 2867 1758 2926 1794; x_wconf 90' lang='grc' dir='ltr'>τε</span> <span class='ocrx_word' id='word_1_600' title='bbox 2956 1742 3159 1812; x_wconf 81' lang='grc' dir='ltr'>πλῆθος</span> <span class='ocrx_word' id='word_1_601' title='bbox 3192 1744 3286 1796; x_wconf 75' lang='grc' dir='ltr'>καὶ</span> <span class='ocrx_word' id='word_1_602' title='bbox 3313 1742 3410 1813; x_wconf 79' lang='grc' dir='ltr'>τὴν</span> <span class='ocrx_word' id='word_1_603' title='bbox 3437 1742 3616 1813; x_wconf 85' lang='grc' dir='ltr'>παρά-</span> 
     </span>
    </p>
   </div>
   <div class='ocr_carea' id='block_1_86' title="bbox 2040 1823 3616 1896">
    <p class='ocr_par' dir='ltr' id='par_1_86' title="bbox 2040 1823 3616 1896">
     <span class='ocr_line' id='line_1_87' title="bbox 2040 1823 3616 1896; baseline 0.001 -21"><span class='ocrx_word' id='word_1_604' title='bbox 2040 1823 2192 1890; x_wconf 81' lang='grc' dir='ltr'>ταξιν</span> <span class='ocrx_word' id='word_1_605' title='bbox 2225 1824 2460 1896; x_wconf 84' lang='grc' dir='ltr'>δρῶντες</span> <span class='ocrx_word' id='word_1_606' title='bbox 2487 1824 2583 1895; x_wconf 75' lang='grc' dir='ltr'>τὴν</span> <span class='ocrx_word' id='word_1_607' title='bbox 2625 1824 2919 1894; x_wconf 66' lang='grc' dir='ltr'>Ἀντιόχου,</span> <span class='ocrx_word' id='word_1_608' title='bbox 2951 1825 3046 1878; x_wconf 74' lang='grc' dir='ltr'>καὶ</span> <span class='ocrx_word' id='word_1_609' title='bbox 3068 1825 3169 1896; x_wconf 84' lang='grc' dir='ltr'>τὴν</span> <span class='ocrx_word' id='word_1_610' title='bbox 3200 1825 3378 1896; x_wconf 88' lang='grc' dir='ltr'>νίκην,</span> <span class='ocrx_word' id='word_1_611' title='bbox 3409 1826 3503 1879; x_wconf 79' lang='grc' dir='ltr'>καὶ</span> <span class='ocrx_word' id='word_1_612' title='bbox 3532 1825 3616 1877; x_wconf 86' lang='grc' dir='ltr'>ὃτι</span> 
     </span>
    </p>
   </div>
   <div class='ocr_carea' id='block_1_87' title="bbox 2041 1907 3617 1979">
    <p class='ocr_par' dir='ltr' id='par_1_87' title="bbox 2041 1907 3617 1979">
     <span class='ocr_line' id='line_1_88' title="bbox 2041 1907 3617 1979; baseline 0.003 -21"><span class='ocrx_word' id='word_1_613' title='bbox 2041 1907 2218 1961; x_wconf 86' lang='grc' dir='ltr'>πάντα</span> <span class='ocrx_word' id='word_1_614' title='bbox 2256 1909 2316 1972; x_wconf 83' lang='grc' dir='ltr'>ἐξ</span> <span class='ocrx_word' id='word_1_615' title='bbox 2347 1907 2645 1978; x_wconf 83' lang='grc' dir='ltr'>ἐπιδρομῆς</span> <span class='ocrx_word' id='word_1_616' title='bbox 2671 1907 2996 1976; x_wconf 70' lang='grc' dir='ltr'>ἐλάμϐανον,</span> <span class='ocrx_word' id='word_1_617' title='bbox 3023 1910 3120 1979; x_wconf 88' lang='grc' dir='ltr'>τήν</span> <span class='ocrx_word' id='word_1_618' title='bbox 3144 1925 3204 1960; x_wconf 89' lang='grc' dir='ltr'>τε</span> <span class='ocrx_word' id='word_1_619' title='bbox 3227 1909 3434 1962; x_wconf 86' lang='grc' dir='ltr'>οίκείαν</span> <span class='ocrx_word' id='word_1_620' title='bbox 3462 1908 3617 1962; x_wconf 86' lang='grc' dir='ltr'>ἀσθέ-</span> 
     </span>
    </p>
   </div>
   <div class='ocr_carea' id='block_1_88' title="bbox 2042 1986 3617 2062">
    <p class='ocr_par' dir='ltr' id='par_1_88' title="bbox 2042 1986 3617 2062">
     <span class='ocr_line' id='line_1_89' title="bbox 2042 1986 3617 2062; baseline 0.002 -21"><span class='ocrx_word' id='word_1_621' title='bbox 2042 2006 2189 2042; x_wconf 91' lang='grc' dir='ltr'>νειαν</span> <span class='ocrx_word' id='word_1_622' title='bbox 2221 1990 2316 2042; x_wconf 72' lang='grc' dir='ltr'>καὶ</span> <span class='ocrx_word' id='word_1_623' title='bbox 2343 1987 2630 2059; x_wconf 87' lang='grc' dir='ltr'>ὀλιγότητα</span> <span class='ocrx_word' id='word_1_624' title='bbox 2669 1988 3026 2058; x_wconf 75' lang='grc' dir='ltr'>λογιζόμενοι,</span> <span class='ocrx_word' id='word_1_625' title='bbox 3075 1991 3449 2062; x_wconf 86' lang='grc' dir='ltr'>μαλακώτεροι</span> <span class='ocrx_word' id='word_1_626' title='bbox 3474 1986 3617 2060; x_wconf 82' lang='grc' dir='ltr'>ἦσαν</span> 
     </span>
    </p>
   </div>
   <div class='ocr_carea' id='block_1_89' title="bbox 2043 2071 3618 2146">
    <p class='ocr_par' dir='ltr' id='par_1_89' title="bbox 2043 2071 3618 2146">
     <span class='ocr_line' id='line_1_90' title="bbox 2043 2071 3618 2146; baseline 0.002 -21"><span class='ocrx_word' id='word_1_627' title='bbox 2043 2073 2136 2125; x_wconf 74' lang='grc' dir='ltr'>καὶ</span> <span class='ocrx_word' id='word_1_628' title='bbox 2167 2071 2565 2140; x_wconf 87' lang='grc' dir='ltr'>ἀσθενέστεροι,</span> <span class='ocrx_word' id='word_1_629' title='bbox 2595 2071 2879 2142; x_wconf 86' lang='grc' dir='ltr'>διεγείρων</span> <span class='ocrx_word' id='word_1_630' title='bbox 2926 2073 3104 2126; x_wconf 78' lang='grc' dir='ltr'>αὐτῶν</span> <span class='ocrx_word' id='word_1_631' title='bbox 3133 2073 3193 2126; x_wconf 87' lang='grc' dir='ltr'>τὸ</span> <span class='ocrx_word' id='word_1_632' title='bbox 3218 2073 3493 2146; x_wconf 84' lang='grc' dir='ltr'>φρόνημα,</span> <span class='ocrx_word' id='word_1_633' title='bbox 3522 2073 3618 2128; x_wconf 74' lang='grc' dir='ltr'>καὶ</span> 
     </span>
    </p>
   </div>
   <div class='ocr_carea' id='block_1_90' title="bbox 2040 2154 3614 2227">
    <p class='ocr_par' dir='ltr' id='par_1_90' title="bbox 2040 2154 3614 2227">
     <span class='ocr_line' id='line_1_91' title="bbox 2040 2154 3614 2227; baseline 0.001 -19"><span class='ocrx_word' id='word_1_634' title='bbox 2040 2155 2272 2221; x_wconf 79' lang='grc' dir='ltr'>δεικνὺς,</span> <span class='ocrx_word' id='word_1_635' title='bbox 2293 2154 2456 2208; x_wconf 83' lang='grc' dir='ltr'>ὅτιτὸ</span> <span class='ocrx_word' id='word_1_636' title='bbox 2480 2157 2587 2209; x_wconf 80' lang='grc' dir='ltr'>πᾶν</span> <span class='ocrx_word' id='word_1_637' title='bbox 2612 2155 2704 2210; x_wconf 80' lang='grc' dir='ltr'>ἐπὶ</span> <span class='ocrx_word' id='word_1_638' title='bbox 2727 2158 2792 2226; x_wconf 80' lang='grc' dir='ltr'>τῇ</span> <span class='ocrx_word' id='word_1_639' title='bbox 2821 2156 3126 2227; x_wconf 70' lang='grc' dir='ltr'>στρατηγίᾳ</span> <span class='ocrx_word' id='word_1_640' title='bbox 3148 2160 3323 2210; x_wconf 86' lang='grc' dir='ltr'>κεῖται</span> <span class='ocrx_word' id='word_1_641' title='bbox 3347 2157 3440 2209; x_wconf 92' lang='grc' dir='ltr'>τοῦ</span> <span class='ocrx_word' id='word_1_642' title='bbox 3457 2156 3614 2222; x_wconf 87' lang='grc' dir='ltr'>Θεοῦ,</span> 
     </span>
    </p>
   </div>
   <div class='ocr_carea' id='block_1_91' title="bbox 2042 2237 3633 2310">
    <p class='ocr_par' dir='ltr' id='par_1_91' title="bbox 2042 2237 3633 2310">
     <span class='ocr_line' id='line_1_92' title="bbox 2042 2237 3633 2310; baseline 0.002 -19"><span class='ocrx_word' id='word_1_643' title='bbox 2042 2237 2136 2291; x_wconf 78' lang='grc' dir='ltr'>καὶ</span> <span class='ocrx_word' id='word_1_644' title='bbox 2158 2239 2325 2309; x_wconf 74' lang='grc' dir='ltr'>χωρὶς</span> <span class='ocrx_word' id='word_1_645' title='bbox 2344 2238 2740 2310; x_wconf 87' lang='grc' dir='ltr'>στρατοπέδων,</span> <span class='ocrx_word' id='word_1_646' title='bbox 2757 2239 3174 2309; x_wconf 85' lang='grc' dir='ltr'>συμμαχοῦντος</span> <span class='ocrx_word' id='word_1_647' title='bbox 3190 2239 3378 2305; x_wconf 85' lang='grc' dir='ltr'>αὑτοῦ,</span> <span class='ocrx_word' id='word_1_648' title='bbox 3394 2239 3633 2295; x_wconf 74' lang='grc' dir='ltr'>δυνατὸν⁴</span> 
     </span>
    </p>
   </div>
   <div class='ocr_carea' id='block_1_92' title="bbox 2041 2319 3628 2393">
    <p class='ocr_par' dir='ltr' id='par_1_92' title="bbox 2041 2319 3628 2393">
     <span class='ocr_line' id='line_1_93' title="bbox 2041 2319 3628 2393; baseline 0.001 -19"><span class='ocrx_word' id='word_1_649' title='bbox 2041 2319 2448 2392; x_wconf 88' lang='grc' dir='ltr'>περιγενέσθαι,</span> <span class='ocrx_word' id='word_1_650' title='bbox 2501 2321 2560 2374; x_wconf 90' lang='grc' dir='ltr'>ἐν</span> <span class='ocrx_word' id='word_1_651' title='bbox 2606 2321 2770 2392; x_wconf 82' lang='grc' dir='ltr'>εὐχῆς</span> <span class='ocrx_word' id='word_1_652' title='bbox 2803 2321 2953 2388; x_wconf 79' lang='grc' dir='ltr'>τάξει</span> <span class='ocrx_word' id='word_1_653' title='bbox 2985 2322 3105 2374; x_wconf 76' lang='grc' dir='ltr'>τινὰ</span> <span class='ocrx_word' id='word_1_654' title='bbox 3159 2323 3478 2393; x_wconf 88' lang='grc' dir='ltr'>παραίνεσιν</span> <span class='ocrx_word' id='word_1_655' title='bbox 3522 2324 3628 2377; x_wconf 71' lang='grc' dir='ltr'>καὶο</span> 
     </span>
    </p>
   </div>
   <div class='ocr_carea' id='block_1_93' title="bbox 2042 2403 3619 2477">
    <p class='ocr_par' dir='ltr' id='par_1_93' title="bbox 2042 2403 3619 2477">
     <span class='ocr_line' id='line_1_94' title="bbox 2042 2403 3619 2477; baseline 0.003 -22"><span class='ocrx_word' id='word_1_656' title='bbox 2042 2403 2350 2475; x_wconf 76' lang='grc' dir='ltr'>συμϐουλὴν</span> <span class='ocrx_word' id='word_1_657' title='bbox 2383 2405 2616 2458; x_wconf 77' lang='grc' dir='ltr'>ποιεῖται</span> <span class='ocrx_word' id='word_1_658' title='bbox 2657 2405 2793 2475; x_wconf 90' lang='grc' dir='ltr'>πρὸς</span> <span class='ocrx_word' id='word_1_659' title='bbox 2834 2407 2962 2468; x_wconf 81' lang='grc' dir='ltr'>τοὺς</span> <span class='ocrx_word' id='word_1_660' title='bbox 3001 2405 3366 2475; x_wconf 86' lang='grc' dir='ltr'>στρατιώτας,</span> <span class='ocrx_word' id='word_1_661' title='bbox 3418 2407 3513 2459; x_wconf 75' lang='grc' dir='ltr'>καὶ</span> <span class='ocrx_word' id='word_1_662' title='bbox 3539 2406 3619 2477; x_wconf 84' lang='grc' dir='ltr'>τῷ</span> 
     </span>
    </p>
   </div>
   <div class='ocr_carea' id='block_1_94' title="bbox 2040 2486 3613 2560">
    <p class='ocr_par' dir='ltr' id='par_1_94' title="bbox 2040 2486 3613 2560">
     <span class='ocr_line' id='line_1_95' title="bbox 2040 2486 3613 2560; baseline 0.004 -22"><span class='ocrx_word' id='word_1_663' title='bbox 2040 2487 2161 2556; x_wconf 88' lang='grc' dir='ltr'>Θεῷ</span> <span class='ocrx_word' id='word_1_664' title='bbox 2178 2486 2552 2558; x_wconf 85' lang='grc' dir='ltr'>διαλεγόμενος</span> <span class='ocrx_word' id='word_1_665' title='bbox 2572 2487 3013 2560; x_wconf 82' lang='grc' dir='ltr'>προθυμοτέρους</span> <span class='ocrx_word' id='word_1_666' title='bbox 3036 2489 3276 2551; x_wconf 87' lang='grc' dir='ltr'>ἐκείνους</span> <span class='ocrx_word' id='word_1_667' title='bbox 3303 2487 3613 2560; x_wconf 80' lang='grc' dir='ltr'>ἐργάζεται.</span> 
     </span>
    </p>
   </div>
   <div class='ocr_carea' id='block_1_95' title="bbox 2041 2570 3618 2643">
    <p class='ocr_par' dir='ltr' id='par_1_95' title="bbox 2041 2570 3618 2643">
     <span class='ocr_line' id='line_1_96' title="bbox 2041 2570 3618 2643; baseline 0.001 -20"><span class='ocrx_word' id='word_1_668' title='bbox 2041 2570 2116 2623; x_wconf 83' lang='grc' dir='ltr'>Οὐ</span> <span class='ocrx_word' id='word_1_669' title='bbox 2140 2571 2334 2642; x_wconf 89' lang='grc' dir='ltr'>μικρὸν</span> <span class='ocrx_word' id='word_1_670' title='bbox 2360 2571 2417 2623; x_wconf 80' lang='grc' dir='ltr'>δὲ</span> <span class='ocrx_word' id='word_1_671' title='bbox 2441 2571 2600 2624; x_wconf 88' lang='grc' dir='ltr'>τοῦτο</span> <span class='ocrx_word' id='word_1_672' title='bbox 2621 2571 3019 2643; x_wconf 88' lang='grc' dir='ltr'>παρακλήσεως</span> <span class='ocrx_word' id='word_1_673' title='bbox 3049 2572 3233 2642; x_wconf 88' lang='grc' dir='ltr'>μέρος.</span> <span class='ocrx_word' id='word_1_674' title='bbox 3261 2572 3396 2625; x_wconf 84' lang='grc' dir='ltr'>Οὑδὲ</span> <span class='ocrx_word' id='word_1_675' title='bbox 3422 2573 3531 2642; x_wconf 86' lang='grc' dir='ltr'>γάρ</span> <span class='ocrx_word' id='word_1_676' title='bbox 3550 2573 3618 2626; x_wconf 84' lang='grc' dir='ltr'>ἂν</span> 
     </span>
    </p>
   </div>
   <div class='ocr_carea' id='block_1_96' title="bbox 2042 2653 3616 2727">
    <p class='ocr_par' dir='ltr' id='par_1_96' title="bbox 2042 2653 3616 2727">
     <span class='ocr_line' id='line_1_97' title="bbox 2042 2653 3616 2727; baseline 0.003 -22"><span class='ocrx_word' id='word_1_677' title='bbox 2042 2653 2258 2723; x_wconf 78' lang='grc' dir='ltr'>ἴσχυσεν</span> <span class='ocrx_word' id='word_1_678' title='bbox 2297 2655 2496 2724; x_wconf 84' lang='grc' dir='ltr'>ὁμοίως</span> <span class='ocrx_word' id='word_1_679' title='bbox 2522 2655 2550 2706; x_wconf 88' lang='grc' dir='ltr'>ό</span> <span class='ocrx_word' id='word_1_680' title='bbox 2586 2655 2745 2724; x_wconf 87' lang='grc' dir='ltr'>λόγος</span> <span class='ocrx_word' id='word_1_681' title='bbox 2770 2656 2908 2725; x_wconf 88' lang='grc' dir='ltr'>πρὸς</span> <span class='ocrx_word' id='word_1_682' title='bbox 2945 2656 3188 2718; x_wconf 80' lang='grc' dir='ltr'>ἐκείνους</span> <span class='ocrx_word' id='word_1_683' title='bbox 3219 2657 3616 2727; x_wconf 88' lang='grc' dir='ltr'>τετραμμένος,</span> 
     </span>
    </p>
   </div>
   <div class='ocr_carea' id='block_1_97' title="bbox 2042 2737 3619 2809">
    <p class='ocr_par' dir='ltr' id='par_1_97' title="bbox 2042 2737 3619 2809">
     <span class='ocr_line' id='line_1_98' title="bbox 2042 2737 3619 2809; baseline 0.002 -19"><span class='ocrx_word' id='word_1_684' title='bbox 2042 2737 2136 2790; x_wconf 74' lang='grc' dir='ltr'>καὶ</span> <span class='ocrx_word' id='word_1_685' title='bbox 2163 2737 2300 2808; x_wconf 88' lang='grc' dir='ltr'>πρὸς</span> <span class='ocrx_word' id='word_1_686' title='bbox 2341 2737 2430 2790; x_wconf 90' lang='grc' dir='ltr'>τὸν</span> <span class='ocrx_word' id='word_1_687' title='bbox 2465 2737 2597 2790; x_wconf 90' lang='grc' dir='ltr'>Θεὸν</span> <span class='ocrx_word' id='word_1_688' title='bbox 2633 2739 3068 2808; x_wconf 86' lang='grc' dir='ltr'>ἀποτεινόμενος.</span> <span class='ocrx_word' id='word_1_689' title='bbox 3121 2737 3212 2791; x_wconf 83' lang='grc' dir='ltr'>Διὸ</span> <span class='ocrx_word' id='word_1_690' title='bbox 3243 2738 3308 2809; x_wconf 78' lang='grc' dir='ltr'>δὴ</span> <span class='ocrx_word' id='word_1_691' title='bbox 3344 2738 3619 2793; x_wconf 78' lang='grc' dir='ltr'>καὶτοῦτο</span> 
     </span>
    </p>
   </div>
   <div class='ocr_carea' id='block_1_98' title="bbox 2043 2818 3619 2891">
    <p class='ocr_par' dir='ltr' id='par_1_98' title="bbox 2043 2818 3619 2891">
     <span class='ocr_line' id='line_1_99' title="bbox 2043 2818 3619 2891; baseline 0.002 -20"><span class='ocrx_word' id='word_1_692' title='bbox 2043 2818 2248 2891; x_wconf 82' lang='grc' dir='ltr'>προῖὼν</span> <span class='ocrx_word' id='word_1_693' title='bbox 2281 2819 2494 2888; x_wconf 75' lang='grc' dir='ltr'>ἔλεγενο</span> <span class='ocrx_word' id='word_1_694' title='bbox 2523 2823 2646 2875; x_wconf 79' lang='grc' dir='ltr'>Οὐκ</span> <span class='ocrx_word' id='word_1_695' title='bbox 2679 2821 2777 2875; x_wconf 72' lang='grc' dir='ltr'>ἐπὶ</span> <span class='ocrx_word' id='word_1_696' title='bbox 2811 2821 2884 2888; x_wconf 79' lang='grc' dir='ltr'>τῇ</span> <span class='ocrx_word' id='word_1_697' title='bbox 2908 2822 3176 2891; x_wconf 61' lang='grc' dir='ltr'>ῥομφαίᾳ</span> <span class='ocrx_word' id='word_1_698' title='bbox 3203 2820 3406 2875; x_wconf 82' lang='grc' dir='ltr'>αὐτῶν</span> <span class='ocrx_word' id='word_1_699' title='bbox 3437 2821 3619 2889; x_wconf 70' lang='grc' dir='ltr'>ἐκλη-</span> 
     </span>
    </p>
   </div>
   <div class='ocr_carea' id='block_1_99' title="bbox 2031 2901 3619 2974">
    <p class='ocr_par' dir='ltr' id='par_1_99' title="bbox 2031 2901 3619 2974">
     <span class='ocr_line' id='line_1_100' title="bbox 2031 2901 3619 2974; baseline 0 -16"><span class='ocrx_word' id='word_1_700' title='bbox 2031 2904 2383 2972; x_wconf 79' lang='grc' dir='ltr'>ρονόμησαν</span> <span class='ocrx_word' id='word_1_701' title='bbox 2411 2901 2547 2972; x_wconf 72' lang='grc' dir='ltr'>γῆν,</span> <span class='ocrx_word' id='word_1_702' title='bbox 2581 2904 2680 2958; x_wconf 79' lang='grc' dir='ltr'>καί</span> <span class='ocrx_word' id='word_1_703' title='bbox 2719 2907 2758 2974; x_wconf 80' lang='grc' dir='ltr'><strong><em>ἠ</em></strong></span> <span class='ocrx_word' id='word_1_704' title='bbox 2803 2904 2972 2970; x_wconf 79' lang='grc' dir='ltr'>δεξιὰ</span> <span class='ocrx_word' id='word_1_705' title='bbox 2999 2903 3198 2958; x_wconf 72' lang='grc' dir='ltr'>αὐτῶν</span> <span class='ocrx_word' id='word_1_706' title='bbox 3225 2908 3336 2959; x_wconf 85' lang='grc' dir='ltr'>οὐκ</span> <span class='ocrx_word' id='word_1_707' title='bbox 3383 2905 3619 2959; x_wconf 77' lang='grc' dir='ltr'>ἔσωσεν</span> 
     </span>
    </p>
   </div>
   <div class='ocr_carea' id='block_1_100' title="bbox 2038 2987 3619 3060">
    <p class='ocr_par' dir='ltr' id='par_1_100' title="bbox 2038 2987 3619 3060">
     <span class='ocr_line' id='line_1_101' title="bbox 2038 2987 3619 3060; baseline 0.001 -18"><span class='ocrx_word' id='word_1_708' title='bbox 2038 2989 2282 3054; x_wconf 84' lang='grc' dir='ltr'>αὐτούς.</span> <span class='ocrx_word' id='word_1_709' title='bbox 2315 2987 2489 3041; x_wconf 88' lang='grc' dir='ltr'>Τοῦτο</span> <span class='ocrx_word' id='word_1_710' title='bbox 2516 2988 2625 3060; x_wconf 85' lang='grc' dir='ltr'>γὰρ</span> <span class='ocrx_word' id='word_1_711' title='bbox 2645 2989 2771 3052; x_wconf 75' lang='grc' dir='ltr'>τοὺς</span> <span class='ocrx_word' id='word_1_712' title='bbox 2792 2989 3178 3060; x_wconf 84' lang='grc' dir='ltr'>ἀσθενέστερον</span> <span class='ocrx_word' id='word_1_713' title='bbox 3208 2991 3342 3060; x_wconf 81' lang='grc' dir='ltr'>πρὸς</span> <span class='ocrx_word' id='word_1_714' title='bbox 3375 2989 3500 3054; x_wconf 80' lang='grc' dir='ltr'>τοὺς</span> <span class='ocrx_word' id='word_1_715' title='bbox 3525 2991 3619 3043; x_wconf 83' lang='grc' dir='ltr'>πό-</span> 
     </span>
    </p>
   </div>
   <div class='ocr_carea' id='block_1_101' title="bbox 2037 3066 3622 3143">
    <p class='ocr_par' dir='ltr' id='par_1_101' title="bbox 2037 3066 3622 3143">
     <span class='ocr_line' id='line_1_102' title="bbox 2037 3066 3622 3143; baseline 0.001 -19"><span class='ocrx_word' id='word_1_716' title='bbox 2037 3087 2162 3134; x_wconf 90' lang='grc' dir='ltr'>νους</span> <span class='ocrx_word' id='word_1_717' title='bbox 2185 3069 2563 3141; x_wconf 87' lang='grc' dir='ltr'>διακειμένους</span> <span class='ocrx_word' id='word_1_718' title='bbox 2593 3066 2663 3141; x_wconf 80' lang='grc' dir='ltr'>ἦν</span> <span class='ocrx_word' id='word_1_719' title='bbox 2685 3071 3091 3142; x_wconf 88' lang='grc' dir='ltr'>ἀνακτωμένου,</span> <span class='ocrx_word' id='word_1_720' title='bbox 3110 3072 3235 3136; x_wconf 84' lang='grc' dir='ltr'>τοὺς</span> <span class='ocrx_word' id='word_1_721' title='bbox 3258 3073 3397 3127; x_wconf 83' lang='grc' dir='ltr'>κατὰ</span> <span class='ocrx_word' id='word_1_722' title='bbox 3417 3072 3513 3126; x_wconf 85' lang='grc' dir='ltr'>ἀνθ</span> <span class='ocrx_word' id='word_1_723' title='bbox 3523 3090 3622 3143; x_wconf 91' lang='grc' dir='ltr'>ρω-</span> 
     </span>
    </p>
   </div>
   <div class='ocr_carea' id='block_1_102' title="bbox 2039 3153 3617 3225">
    <p class='ocr_par' dir='ltr' id='par_1_102' title="bbox 2039 3153 3617 3225">
     <span class='ocr_line' id='line_1_103' title="bbox 2039 3153 3617 3225; baseline 0.003 -19"><span class='ocrx_word' id='word_1_724' title='bbox 2039 3155 2203 3225; x_wconf 85' lang='grc' dir='ltr'>πίνην</span> <span class='ocrx_word' id='word_1_725' title='bbox 2233 3153 2558 3208; x_wconf 85' lang='grc' dir='ltr'>ἀκολουθίαν</span> <span class='ocrx_word' id='word_1_726' title='bbox 2599 3154 2896 3224; x_wconf 79' lang='grc' dir='ltr'>ζητοῦντας</span> <span class='ocrx_word' id='word_1_727' title='bbox 2921 3154 3020 3224; x_wconf 82' lang='grc' dir='ltr'>τὴν</span> <span class='ocrx_word' id='word_1_728' title='bbox 3045 3155 3221 3224; x_wconf 85' lang='grc' dir='ltr'>νίκην.</span> <span class='ocrx_word' id='word_1_729' title='bbox 3255 3157 3412 3210; x_wconf 85' lang='grc' dir='ltr'>Πᾶσα</span> <span class='ocrx_word' id='word_1_730' title='bbox 3439 3157 3617 3210; x_wconf 91' lang='grc' dir='ltr'>τοίνυν</span> 
     </span>
    </p>
   </div>
   <div class='ocr_carea' id='block_1_103' title="bbox 2039 3235 3618 3308">
    <p class='ocr_par' dir='ltr' id='par_1_103' title="bbox 2039 3235 3618 3308">
     <span class='ocr_line' id='line_1_104' title="bbox 2039 3235 3618 3308; baseline 0.003 -20"><span class='ocrx_word' id='word_1_731' title='bbox 2039 3237 2073 3306; x_wconf 84' lang='grc' dir='ltr'>ή</span> <span class='ocrx_word' id='word_1_732' title='bbox 2099 3235 2232 3308; x_wconf 82' lang='grc' dir='ltr'>εὐχὴ</span> <span class='ocrx_word' id='word_1_733' title='bbox 2262 3235 2401 3307; x_wconf 82' lang='grc' dir='ltr'>αῦτη</span> <span class='ocrx_word' id='word_1_734' title='bbox 2426 3236 2708 3308; x_wconf 82' lang='grc' dir='ltr'>προτροπὴ</span> <span class='ocrx_word' id='word_1_735' title='bbox 2728 3239 2841 3298; x_wconf 79' lang='grc' dir='ltr'>τοῖς</span> <span class='ocrx_word' id='word_1_736' title='bbox 2861 3238 3244 3307; x_wconf 72' lang='grc' dir='ltr'>στρατοπέδοις</span> <span class='ocrx_word' id='word_1_737' title='bbox 3265 3241 3401 3303; x_wconf 74' lang='grc' dir='ltr'>ἐστὶ,</span> <span class='ocrx_word' id='word_1_738' title='bbox 3430 3240 3490 3293; x_wconf 85' lang='grc' dir='ltr'>τὸ</span> <span class='ocrx_word' id='word_1_739' title='bbox 3509 3243 3618 3294; x_wconf 84' lang='grc' dir='ltr'>πᾶν</span> 
     </span>
    </p>
   </div>
   <div class='ocr_carea' id='block_1_104' title="bbox 2039 3319 3606 3399">
    <p class='ocr_par' dir='ltr' id='par_1_104' title="bbox 2039 3319 3606 3399">
     <span class='ocr_line' id='line_1_105' title="bbox 2039 3319 3606 3399; baseline 0.004 -28"><span class='ocrx_word' id='word_1_740' title='bbox 2039 3321 2133 3372; x_wconf 77' lang='grc' dir='ltr'>ἐπὶ</span> <span class='ocrx_word' id='word_1_741' title='bbox 2159 3320 2250 3373; x_wconf 91' lang='grc' dir='ltr'>τὸν</span> <span class='ocrx_word' id='word_1_742' title='bbox 2266 3320 2395 3373; x_wconf 88' lang='grc' dir='ltr'>Θεὸν</span> <span class='ocrx_word' id='word_1_743' title='bbox 2423 3319 2575 3392; x_wconf 76' lang='grc' dir='ltr'>ῥῖψαι</span> <span class='ocrx_word' id='word_1_744' title='bbox 2600 3319 2914 3382; x_wconf 88' lang='grc' dir='ltr'>κελεύουσα,</span> <span class='ocrx_word' id='word_1_745' title='bbox 2930 3320 3023 3375; x_wconf 76' lang='grc' dir='ltr'>καὶ</span> <span class='ocrx_word' id='word_1_746' title='bbox 3041 3320 3335 3399; x_wconf 77' lang='grc' dir='ltr'>ἐξαρτήσαι</span> <span class='ocrx_word' id='word_1_747' title='bbox 3356 3324 3455 3393; x_wconf 82' lang='grc' dir='ltr'>τῆς</span> <span class='ocrx_word' id='word_1_748' title='bbox 3479 3326 3606 3378; x_wconf 52' lang='grc' dir='ltr'>ἐκεῖ.</span> 
     </span>
    </p>
   </div>
   <div class='ocr_carea' id='block_1_105' title="bbox 2040 3408 3620 3483">
    <p class='ocr_par' dir='ltr' id='par_1_105' title="bbox 2040 3408 3620 3483">
     <span class='ocr_line' id='line_1_106' title="bbox 2040 3408 3620 3483; baseline 0.002 -19"><span class='ocrx_word' id='word_1_749' title='bbox 2040 3409 2130 3464; x_wconf 89' lang='grc' dir='ltr'>θεν</span> <span class='ocrx_word' id='word_1_750' title='bbox 2149 3411 2360 3474; x_wconf 84' lang='grc' dir='ltr'>ἐλπίδος</span> <span class='ocrx_word' id='word_1_751' title='bbox 2384 3411 2481 3483; x_wconf 79' lang='grc' dir='ltr'>τὴν</span> <span class='ocrx_word' id='word_1_752' title='bbox 2511 3413 2690 3482; x_wconf 91' lang='grc' dir='ltr'>νίκην.</span> <span class='ocrx_word' id='word_1_753' title='bbox 2727 3412 2826 3466; x_wconf 88' lang='grc' dir='ltr'>Διά</span> <span class='ocrx_word' id='word_1_754' title='bbox 2854 3413 2982 3468; x_wconf 82' lang='grc' dir='ltr'>τίδὲ</span> <span class='ocrx_word' id='word_1_755' title='bbox 3015 3413 3116 3466; x_wconf 85' lang='grc' dir='ltr'>οὐκ</span> <span class='ocrx_word' id='word_1_756' title='bbox 3143 3408 3318 3480; x_wconf 78' lang='grc' dir='ltr'>εἶπεν,</span> <span class='ocrx_word' id='word_1_757' title='bbox 3336 3416 3620 3470; x_wconf 72' lang='grc' dir='ltr'>Ἠκούσα-</span> 
     </span>
    </p>
   </div>
   <div class='ocr_carea' id='block_1_106' title="bbox 2034 3495 3618 3568">
    <p class='ocr_par' dir='ltr' id='par_1_106' title="bbox 2034 3495 3618 3568">
     <span class='ocr_line' id='line_1_107' title="bbox 2034 3495 3618 3568; baseline 0.003 -19"><span class='ocrx_word' id='word_1_758' title='bbox 2034 3514 2170 3566; x_wconf 62' lang='lat' dir='ltr'>per,</span> <span class='ocrx_word' id='word_1_759' title='bbox 2196 3495 2403 3560; x_wconf 84' lang='grc' dir='ltr'>ἁπλῶς,</span> <span class='ocrx_word' id='word_1_760' title='bbox 2426 3497 2563 3560; x_wconf 81' lang='grc' dir='ltr'>ἀλλ’,</span> <span class='ocrx_word' id='word_1_761' title='bbox 2595 3497 2698 3550; x_wconf 83' lang='grc' dir='ltr'>Ἐν</span> <span class='ocrx_word' id='word_1_762' title='bbox 2723 3495 2847 3562; x_wconf 82' lang='grc' dir='ltr'>τοῖς</span> <span class='ocrx_word' id='word_1_763' title='bbox 2859 3497 3012 3550; x_wconf 75' lang='grc' dir='ltr'>ὠσὶν</span> <span class='ocrx_word' id='word_1_764' title='bbox 3039 3497 3208 3565; x_wconf 70' lang='grc' dir='ltr'>ἡμῶν</span> <span class='ocrx_word' id='word_1_765' title='bbox 3231 3499 3582 3568; x_wconf 77' lang='grc' dir='ltr'>ἠκούσαμεν</span> <span class='ocrx_word' id='word_1_766' title='bbox 3597 3515 3618 3563; x_wconf 86' lang='grc'><strong><em>;</em></strong></span> 
     </span>
    </p>
   </div>
   <div class='ocr_carea' id='block_1_107' title="bbox 2041 3577 3618 3652">
    <p class='ocr_par' dir='ltr' id='par_1_107' title="bbox 2041 3577 3618 3652">
     <span class='ocr_line' id='line_1_108' title="bbox 2041 3577 3618 3652; baseline 0.001 -19"><span class='ocrx_word' id='word_1_767' title='bbox 2041 3581 2184 3650; x_wconf 84' lang='grc' dir='ltr'>Ποίῳ</span> <span class='ocrx_word' id='word_1_768' title='bbox 2212 3579 2321 3651; x_wconf 76' lang='grc' dir='ltr'>γὰρ</span> <span class='ocrx_word' id='word_1_769' title='bbox 2341 3579 2510 3650; x_wconf 77' lang='grc' dir='ltr'>ἑτέρῳ</span> <span class='ocrx_word' id='word_1_770' title='bbox 2542 3579 2700 3650; x_wconf 87' lang='grc' dir='ltr'>μέρει</span> <span class='ocrx_word' id='word_1_771' title='bbox 2718 3579 3014 3643; x_wconf 53' lang='grc' dir='ltr'>τιςλάκούει</span> <span class='ocrx_word' id='word_1_772' title='bbox 3043 3579 3136 3635; x_wconf 90' lang='grc' dir='ltr'>τοῦ</span> <span class='ocrx_word' id='word_1_773' title='bbox 3163 3579 3448 3649; x_wconf 88' lang='grc' dir='ltr'>σώματος;</span> <span class='ocrx_word' id='word_1_774' title='bbox 3473 3577 3618 3652; x_wconf 71' lang='grc' dir='ltr'>Ἀρα</span> 
     </span>
    </p>
   </div>
   <div class='ocr_carea' id='block_1_108' title="bbox 2044 3661 3620 3734">
    <p class='ocr_par' dir='ltr' id='par_1_108' title="bbox 2044 3661 3620 3734">
     <span class='ocr_line' id='line_1_109' title="bbox 2044 3661 3620 3734; baseline 0 -19"><span class='ocrx_word' id='word_1_775' title='bbox 2044 3663 2118 3734; x_wconf 80' lang='grc' dir='ltr'>μὴ</span> <span class='ocrx_word' id='word_1_776' title='bbox 2140 3663 2519 3733; x_wconf 89' lang='grc' dir='ltr'>περιττολογία</span> <span class='ocrx_word' id='word_1_777' title='bbox 2537 3663 2605 3715; x_wconf 82' lang='grc' dir='ltr'>τὰ</span> <span class='ocrx_word' id='word_1_778' title='bbox 2636 3661 2903 3732; x_wconf 91' lang='grc' dir='ltr'>λεγόμενα</span> <span class='ocrx_word' id='word_1_779' title='bbox 2924 3678 2938 3726; x_wconf 88' lang='lat'>;</span> <span class='ocrx_word' id='word_1_780' title='bbox 2965 3663 3056 3733; x_wconf 78' lang='grc' dir='ltr'>Μὴ</span> <span class='ocrx_word' id='word_1_781' title='bbox 3083 3663 3292 3730; x_wconf 87' lang='grc' dir='ltr'>γένοιτο</span> <span class='ocrx_word' id='word_1_782' title='bbox 3312 3680 3326 3693; x_wconf 76' lang='grc' dir='ltr'>ο</span> <span class='ocrx_word' id='word_1_783' title='bbox 3352 3663 3486 3716; x_wconf 89' lang='grc' dir='ltr'>ἀλλά</span> <span class='ocrx_word' id='word_1_784' title='bbox 3507 3680 3620 3716; x_wconf 87' lang='grc' dir='ltr'>κοι-</span> 
     </span>
    </p>
   </div>
   <div class='ocr_carea' id='block_1_109' title="bbox 2039 3745 3614 3816">
    <p class='ocr_par' dir='ltr' id='par_1_109' title="bbox 2039 3745 3614 3816">
     <span class='ocr_line' id='line_1_110' title="bbox 2039 3745 3614 3816; baseline 0 -16"><span class='ocrx_word' id='word_1_785' title='bbox 2039 3748 2128 3800; x_wconf 87' lang='grc' dir='ltr'>νὸν</span> <span class='ocrx_word' id='word_1_786' title='bbox 2157 3746 2275 3810; x_wconf 82' lang='grc' dir='ltr'>ἔθος</span> <span class='ocrx_word' id='word_1_787' title='bbox 2308 3746 2415 3799; x_wconf 87' lang='grc' dir='ltr'>τῶν</span> <span class='ocrx_word' id='word_1_788' title='bbox 2451 3745 2750 3815; x_wconf 84' lang='grc' dir='ltr'>ἀνθρώπων</span> <span class='ocrx_word' id='word_1_789' title='bbox 2783 3747 2950 3810; x_wconf 77' lang='grc' dir='ltr'>ἐστὶν,</span> <span class='ocrx_word' id='word_1_790' title='bbox 2983 3747 3109 3799; x_wconf 84' lang='grc' dir='ltr'>ὅταν</span> <span class='ocrx_word' id='word_1_791' title='bbox 3142 3746 3263 3800; x_wconf 80' lang='grc' dir='ltr'>τινὰ</span> <span class='ocrx_word' id='word_1_792' title='bbox 3297 3747 3614 3816; x_wconf 89' lang='grc' dir='ltr'>διηγῶνται,</span> 
     </span>
    </p>
   </div>
   <div class='ocr_carea' id='block_1_110' title="bbox 2040 3823 3617 3901">
    <p class='ocr_par' dir='ltr' id='par_1_110' title="bbox 2040 3823 3617 3901">
     <span class='ocr_line' id='line_1_111' title="bbox 2040 3823 3617 3901; baseline 0 -18"><span class='ocrx_word' id='word_1_793' title='bbox 2040 3830 2183 3901; x_wconf 83' lang='grc' dir='ltr'>ὑπὲρ</span> <span class='ocrx_word' id='word_1_794' title='bbox 2217 3823 2293 3884; x_wconf 83' lang='grc' dir='ltr'>ὧν</span> <span class='ocrx_word' id='word_1_795' title='bbox 2325 3831 2431 3883; x_wconf 84' lang='grc' dir='ltr'>είσι</span> <span class='ocrx_word' id='word_1_796' title='bbox 2469 3828 3038 3900; x_wconf 79' lang='grc' dir='ltr'>πεπληροφορημένοι,</span> <span class='ocrx_word' id='word_1_797' title='bbox 3077 3829 3170 3881; x_wconf 81' lang='grc' dir='ltr'>καὶ</span> <span class='ocrx_word' id='word_1_798' title='bbox 3201 3829 3331 3900; x_wconf 78' lang='grc' dir='ltr'>περὶ</span> <span class='ocrx_word' id='word_1_799' title='bbox 3365 3830 3617 3900; x_wconf 84' lang='grc' dir='ltr'>μεγάλων</span> 
     </span>
    </p>
   </div>
   <div class='ocr_carea' id='block_1_111' title="bbox 2039 3911 3619 3985">
    <p class='ocr_par' dir='ltr' id='par_1_111' title="bbox 2039 3911 3619 3985">
     <span class='ocr_line' id='line_1_112' title="bbox 2039 3911 3619 3985; baseline 0.001 -19"><span class='ocrx_word' id='word_1_800' title='bbox 2039 3913 2202 3967; x_wconf 83' lang='grc' dir='ltr'>τινῶν</span> <span class='ocrx_word' id='word_1_801' title='bbox 2230 3913 2326 3967; x_wconf 73' lang='grc' dir='ltr'>καὶ</span> <span class='ocrx_word' id='word_1_802' title='bbox 2372 3912 2694 3984; x_wconf 87' lang='grc' dir='ltr'>ὑπερόγκων</span> <span class='ocrx_word' id='word_1_803' title='bbox 2739 3911 2999 3965; x_wconf 85' lang='grc' dir='ltr'>ποιῶνται</span> <span class='ocrx_word' id='word_1_804' title='bbox 3036 3912 3135 3982; x_wconf 78' lang='grc' dir='ltr'>τὴν</span> <span class='ocrx_word' id='word_1_805' title='bbox 3177 3912 3451 3983; x_wconf 89' lang='grc' dir='ltr'>διήγησιν,</span> <span class='ocrx_word' id='word_1_806' title='bbox 3482 3915 3619 3985; x_wconf 84' lang='grc' dir='ltr'>πρὸς</span> 
     </span>
    </p>
   </div>
   <div class='ocr_carea' id='block_1_112' title="bbox 2039 3995 3619 4068">
    <p class='ocr_par' dir='ltr' id='par_1_112' title="bbox 2039 3995 3619 4068">
     <span class='ocr_line' id='line_1_113' title="bbox 2039 3995 3619 4068; baseline 0.001 -20"><span class='ocrx_word' id='word_1_807' title='bbox 2039 3998 2164 4060; x_wconf 85' lang='grc' dir='ltr'>τοὺς</span> <span class='ocrx_word' id='word_1_808' title='bbox 2178 3996 2331 4050; x_wconf 81' lang='grc' dir='ltr'>οῦπω</span> <span class='ocrx_word' id='word_1_809' title='bbox 2349 3995 2423 4066; x_wconf 84' lang='grc' dir='ltr'>μὴ</span> <span class='ocrx_word' id='word_1_810' title='bbox 2441 3995 2643 4067; x_wconf 85' lang='grc' dir='ltr'>σφόδρα</span> <span class='ocrx_word' id='word_1_811' title='bbox 2664 3995 3053 4068; x_wconf 77' lang='grc' dir='ltr'>πεπληροφορη</span> <span class='ocrx_word' id='word_1_812' title='bbox 3062 3995 3276 4063; x_wconf 88' lang='grc' dir='ltr'>μένους,</span> <span class='ocrx_word' id='word_1_813' title='bbox 3297 3997 3589 4067; x_wconf 85' lang='grc' dir='ltr'>προστιθέα</span> <span class='ocrx_word' id='word_1_814' title='bbox 3605 4027 3619 4037; x_wconf 86' lang='lat'><strong>-</strong></span> 
     </span>
    </p>
   </div>
   <div class='ocr_carea' id='block_1_113' title="bbox 2041 4072 3618 4148">
    <p class='ocr_par' dir='ltr' id='par_1_113' title="bbox 2041 4072 3618 4148">
     <span class='ocr_line' id='line_1_114' title="bbox 2041 4072 3618 4148; baseline 0.001 -17"><span class='ocrx_word' id='word_1_815' title='bbox 2041 4095 2127 4132; x_wconf 92' lang='grc' dir='ltr'>σιν</span> <span class='ocrx_word' id='word_1_816' title='bbox 2155 4079 2241 4134; x_wconf 80' lang='grc' dir='ltr'>ἀεὶ</span> <span class='ocrx_word' id='word_1_817' title='bbox 2262 4079 2330 4132; x_wconf 82' lang='grc' dir='ltr'>τά</span> <span class='ocrx_word' id='word_1_818' title='bbox 2355 4072 2488 4140; x_wconf 84' lang='grc' dir='ltr'>ὦτα,</span> <span class='ocrx_word' id='word_1_819' title='bbox 2519 4081 2818 4147; x_wconf 81' lang='grc' dir='ltr'>φάσκοντες</span> <span class='ocrx_word' id='word_1_820' title='bbox 2849 4081 2964 4141; x_wconf 88' lang='grc' dir='ltr'>τοῖς</span> <span class='ocrx_word' id='word_1_821' title='bbox 2985 4079 3117 4133; x_wconf 72' lang='grc' dir='ltr'>ώσὶν</span> <span class='ocrx_word' id='word_1_822' title='bbox 3151 4080 3468 4148; x_wconf 83' lang='grc' dir='ltr'>ἀκηκοέναι.</span> <span class='ocrx_word' id='word_1_823' title='bbox 3504 4081 3618 4133; x_wconf 80' lang='grc' dir='ltr'>Οὐκ</span> 
     </span>
    </p>
   </div>
   <div class='ocr_carea' id='block_1_114' title="bbox 2039 4159 3618 4234">
    <p class='ocr_par' dir='ltr' id='par_1_114' title="bbox 2039 4159 3618 4234">
     <span class='ocr_line' id='line_1_115' title="bbox 2039 4159 3618 4234; baseline 0.003 -20"><span class='ocrx_word' id='word_1_824' title='bbox 2039 4163 2133 4215; x_wconf 78' lang='grc' dir='ltr'>ἐπὶ</span> <span class='ocrx_word' id='word_1_825' title='bbox 2161 4163 2394 4234; x_wconf 80' lang='grc' dir='ltr'>ταυτησὶ</span> <span class='ocrx_word' id='word_1_826' title='bbox 2438 4161 2495 4215; x_wconf 87' lang='grc' dir='ltr'>δὲ</span> <span class='ocrx_word' id='word_1_827' title='bbox 2524 4161 2626 4230; x_wconf 77' lang='grc' dir='ltr'>τῆς</span> <span class='ocrx_word' id='word_1_828' title='bbox 2666 4159 2951 4232; x_wconf 22' lang='grc' dir='ltr'>ἐνεργείας,</span> <span class='ocrx_word' id='word_1_829' title='bbox 2987 4161 3166 4230; x_wconf 87' lang='grc' dir='ltr'>μόνον,</span> <span class='ocrx_word' id='word_1_830' title='bbox 3207 4161 3352 4216; x_wconf 82' lang='grc' dir='ltr'>ἀλλὰ.</span> <span class='ocrx_word' id='word_1_831' title='bbox 3394 4163 3488 4217; x_wconf 76' lang='grc' dir='ltr'>καὶ</span> <span class='ocrx_word' id='word_1_832' title='bbox 3525 4166 3618 4218; x_wconf 76' lang='grc' dir='ltr'>ἐπὶ</span> 
     </span>
    </p>
   </div>
   <div class='ocr_carea' id='block_1_115' title="bbox 2040 4243 3616 4316">
    <p class='ocr_par' dir='ltr' id='par_1_115' title="bbox 2040 4243 3616 4316">
     <span class='ocr_line' id='line_1_116' title="bbox 2040 4243 3616 4316; baseline 0.003 -19"><span class='ocrx_word' id='word_1_833' title='bbox 2040 4245 2146 4298; x_wconf 88' lang='grc' dir='ltr'>τῶν</span> <span class='ocrx_word' id='word_1_834' title='bbox 2183 4243 2358 4298; x_wconf 85' lang='grc' dir='ltr'>ἀλλων</span> <span class='ocrx_word' id='word_1_835' title='bbox 2392 4243 2455 4298; x_wconf 93' lang='grc' dir='ltr'>τὸ</span> <span class='ocrx_word' id='word_1_836' title='bbox 2496 4243 2630 4297; x_wconf 89' lang='grc' dir='ltr'>αὑτὸ</span> <span class='ocrx_word' id='word_1_837' title='bbox 2665 4245 2836 4296; x_wconf 86' lang='grc' dir='ltr'>ποιεῖν</span> <span class='ocrx_word' id='word_1_838' title='bbox 2881 4243 3170 4314; x_wconf 80' lang='grc' dir='ltr'>εἰώθαμεν,</span> <span class='ocrx_word' id='word_1_839' title='bbox 3205 4245 3488 4316; x_wconf 88' lang='grc' dir='ltr'>μάρτυρας</span> <span class='ocrx_word' id='word_1_840' title='bbox 3515 4265 3616 4301; x_wconf 86' lang='grc' dir='ltr'>κα-</span> 
     </span>
    </p>
   </div>
   <div class='ocr_carea' id='block_1_116' title="bbox 2039 4327 3618 4396">
    <p class='ocr_par' dir='ltr' id='par_1_116' title="bbox 2039 4327 3618 4396">
     <span class='ocr_line' id='line_1_117' title="bbox 2039 4327 3618 4396; baseline 0.002 -14"><span class='ocrx_word' id='word_1_841' title='bbox 2039 4327 2255 4392; x_wconf 90' lang='grc' dir='ltr'>λοῦντες</span> <span class='ocrx_word' id='word_1_842' title='bbox 2274 4327 2440 4391; x_wconf 84' lang='grc' dir='ltr'>αὑτὰς</span> <span class='ocrx_word' id='word_1_843' title='bbox 2458 4327 2556 4390; x_wconf 82' lang='grc' dir='ltr'>τὰς</span> <span class='ocrx_word' id='word_1_844' title='bbox 2573 4327 2872 4396; x_wconf 86' lang='grc' dir='ltr'>αἰσθήσεις.</span> <span class='ocrx_word' id='word_1_845' title='bbox 2896 4328 3092 4380; x_wconf 85' lang='grc' dir='ltr'>Πιστου</span> <span class='ocrx_word' id='word_1_846' title='bbox 3103 4327 3278 4396; x_wconf 85' lang='grc' dir='ltr'>μένων</span> <span class='ocrx_word' id='word_1_847' title='bbox 3303 4330 3481 4383; x_wconf 86' lang='grc' dir='ltr'>τοίνυν</span> <span class='ocrx_word' id='word_1_848' title='bbox 3501 4333 3618 4386; x_wconf 74' lang='grc' dir='ltr'>ἐστὶ</span> 
     </span>
    </p>
   </div>
   <div class='ocr_carea' id='block_1_117' title="bbox 2037 4407 3612 4483">
    <p class='ocr_par' dir='ltr' id='par_1_117' title="bbox 2037 4407 3612 4483">
     <span class='ocr_line' id='line_1_118' title="bbox 2037 4407 3612 4483; baseline 0.003 -20"><span class='ocrx_word' id='word_1_849' title='bbox 2037 4412 2128 4466; x_wconf 79' lang='grc' dir='ltr'>τὸν</span> <span class='ocrx_word' id='word_1_850' title='bbox 2166 4409 2462 4483; x_wconf 82' lang='grc' dir='ltr'>ἀκροατὴν,</span> <span class='ocrx_word' id='word_1_851' title='bbox 2508 4410 2568 4463; x_wconf 90' lang='grc' dir='ltr'>τὸ</span> <span class='ocrx_word' id='word_1_852' title='bbox 2599 4409 2708 4463; x_wconf 91' lang='grc' dir='ltr'>τῶν</span> <span class='ocrx_word' id='word_1_853' title='bbox 2742 4407 2895 4464; x_wconf 81' lang='grc' dir='ltr'>ὢτων</span> <span class='ocrx_word' id='word_1_854' title='bbox 2939 4410 3039 4480; x_wconf 82' lang='grc' dir='ltr'>τὴν</span> <span class='ocrx_word' id='word_1_855' title='bbox 3069 4411 3387 4482; x_wconf 83' lang='grc' dir='ltr'>προσθήκην</span> <span class='ocrx_word' id='word_1_856' title='bbox 3419 4417 3612 4467; x_wconf 80' lang='grc' dir='ltr'>ποιεῖν.</span> 
     </span>
    </p>
   </div>
   <div class='ocr_carea' id='block_1_118' title="bbox 2052 4481 3656 4564">
    <p class='ocr_par' dir='ltr' id='par_1_118' title="bbox 2052 4481 3656 4564">
     <span class='ocr_line' id='line_1_119' title="bbox 2052 4481 3656 4564; baseline 0 -16"><span class='ocrx_word' id='word_1_857' title='bbox 2052 4495 2202 4554; x_wconf 66' lang='grc' dir='ltr'>Ἐπεὶ</span> <span class='ocrx_word' id='word_1_858' title='bbox 2244 4481 2345 4548; x_wconf 72' lang='grc' dir='ltr'>καὶ</span> <span class='ocrx_word' id='word_1_859' title='bbox 2386 4491 2478 4544; x_wconf 74' lang='grc' dir='ltr'>ἐπὶ</span> <span class='ocrx_word' id='word_1_860' title='bbox 2513 4491 2806 4563; x_wconf 82' lang='grc' dir='ltr'>ὀφθαλμῶν</span> <span class='ocrx_word' id='word_1_861' title='bbox 2837 4493 2932 4546; x_wconf 72' lang='grc' dir='ltr'>και</span> <span class='ocrx_word' id='word_1_862' title='bbox 2957 4493 3154 4564; x_wconf 85' lang='grc' dir='ltr'>χειρῶν</span> <span class='ocrx_word' id='word_1_863' title='bbox 3183 4495 3244 4547; x_wconf 89' lang='grc' dir='ltr'>τὸ</span> <span class='ocrx_word' id='word_1_864' title='bbox 3270 4481 3404 4550; x_wconf 79' lang='grc' dir='ltr'>αὐτὸ</span> <span class='ocrx_word' id='word_1_865' title='bbox 3433 4481 3656 4550; x_wconf 57' lang='grc' dir='ltr'>ποιοῦς’</span> 
     </span>
    </p>
   </div>
   <div class='ocr_carea' id='block_1_119' title="bbox 2045 4574 3618 4654">
    <p class='ocr_par' dir='ltr' id='par_1_119' title="bbox 2045 4574 3618 4654">
     <span class='ocr_line' id='line_1_120' title="bbox 2045 4574 3618 4654; baseline 0.008 -33"><span class='ocrx_word' id='word_1_866' title='bbox 2045 4597 2164 4650; x_wconf 75' lang='grc' dir='ltr'>μεν,</span> <span class='ocrx_word' id='word_1_867' title='bbox 2189 4579 2263 4642; x_wconf 83' lang='grc' dir='ltr'>ὼς</span> <span class='ocrx_word' id='word_1_868' title='bbox 2291 4579 2422 4630; x_wconf 82' lang='grc' dir='ltr'>ὅταν</span> <span class='ocrx_word' id='word_1_869' title='bbox 2449 4574 2859 4646; x_wconf 83' lang='grc' dir='ltr'>λέγωμεν.’1“αῖς</span> <span class='ocrx_word' id='word_1_870' title='bbox 2875 4579 3060 4648; x_wconf 74' lang='grc' dir='ltr'>χερσὶν</span> <span class='ocrx_word' id='word_1_871' title='bbox 3087 4577 3242 4654; x_wconf 80' lang='grc' dir='ltr'>ἡμῶν</span> <span class='ocrx_word' id='word_1_872' title='bbox 3268 4580 3618 4652; x_wconf 75' lang='grc' dir='ltr'>ἐψηλαφήσαο</span> 
     </span>
    </p>
   </div>
   <div class='ocr_carea' id='block_1_120' title="bbox 2045 4657 3614 4732">
    <p class='ocr_par' dir='ltr' id='par_1_120' title="bbox 2045 4657 3614 4732">
     <span class='ocr_line' id='line_1_121' title="bbox 2045 4657 3614 4732; baseline 0.002 -18"><span class='ocrx_word' id='word_1_873' title='bbox 2045 4679 2162 4732; x_wconf 89' lang='grc' dir='ltr'>μεν.</span> <span class='ocrx_word' id='word_1_874' title='bbox 2190 4663 2299 4716; x_wconf 71' lang='grc' dir='ltr'>Καὶ</span> <span class='ocrx_word' id='word_1_875' title='bbox 2327 4661 2378 4714; x_wconf 84' lang='grc' dir='ltr'>οἱ</span> <span class='ocrx_word' id='word_1_876' title='bbox 2418 4657 2704 4712; x_wconf 85' lang='grc' dir='ltr'>ἀπόστολοι</span> <span class='ocrx_word' id='word_1_877' title='bbox 2733 4657 2788 4711; x_wconf 83' lang='grc' dir='ltr'>δὲ</span> <span class='ocrx_word' id='word_1_878' title='bbox 2823 4659 3024 4727; x_wconf 76' lang='grc' dir='ltr'>ἔλεγον,</span> <span class='ocrx_word' id='word_1_879' title='bbox 3080 4663 3140 4714; x_wconf 81' lang='grc' dir='ltr'><strong>Ἀ</strong></span> <span class='ocrx_word' id='word_1_880' title='bbox 3174 4662 3512 4730; x_wconf 75' lang='grc' dir='ltr'>ἑωράκασιν</span> <span class='ocrx_word' id='word_1_881' title='bbox 3558 4668 3614 4717; x_wconf 77' lang='grc' dir='ltr'>οἱ</span> 
     </span>
    </p>
   </div>
   <div class='ocr_carea' id='block_1_121' title="bbox 2041 4739 3608 4813">
    <p class='ocr_par' dir='ltr' id='par_1_121' title="bbox 2041 4739 3608 4813">
     <span class='ocr_line' id='line_1_122' title="bbox 2041 4739 3608 4813; baseline 0.003 -17"><span class='ocrx_word' id='word_1_882' title='bbox 2041 4742 2328 4812; x_wconf 58' lang='grc' dir='ltr'>ὀφθαλμοὶ</span> <span class='ocrx_word' id='word_1_883' title='bbox 2355 4743 2528 4812; x_wconf 77' lang='grc' dir='ltr'>ἡμῶν</span> <span class='ocrx_word' id='word_1_884' title='bbox 2549 4756 2563 4769; x_wconf 81' lang='lat'><strong><em>°</em></strong></span> <span class='ocrx_word' id='word_1_885' title='bbox 2603 4739 2642 4795; x_wconf 78' lang='grc' dir='ltr'><strong><em>ἃ</em></strong></span> <span class='ocrx_word' id='word_1_886' title='bbox 2680 4743 2737 4793; x_wconf 80' lang='grc' dir='ltr'>αἱ</span> <span class='ocrx_word' id='word_1_887' title='bbox 2766 4740 2958 4810; x_wconf 75' lang='grc' dir='ltr'>χεῖρες</span> <span class='ocrx_word' id='word_1_888' title='bbox 2984 4742 3152 4811; x_wconf 69' lang='grc' dir='ltr'>ἡμῶν</span> <span class='ocrx_word' id='word_1_889' title='bbox 3181 4744 3608 4813; x_wconf 62' lang='grc' dir='ltr'>ἐψηλάφησαν.</span> 
     </span>
    </p>
   </div>
   <div class='ocr_carea' id='block_1_122' title="bbox 2043 4823 3611 4899">
    <p class='ocr_par' dir='ltr' id='par_1_122' title="bbox 2043 4823 3611 4899">
     <span class='ocr_line' id='line_1_123' title="bbox 2043 4823 3611 4899; baseline 0.001 -20"><span class='ocrx_word' id='word_1_890' title='bbox 2043 4827 2184 4898; x_wconf 85' lang='grc' dir='ltr'>Ὅρα</span> <span class='ocrx_word' id='word_1_891' title='bbox 2210 4826 2266 4878; x_wconf 85' lang='grc' dir='ltr'>δὲ</span> <span class='ocrx_word' id='word_1_892' title='bbox 2293 4825 2474 4880; x_wconf 86' lang='grc' dir='ltr'>αὐτῶν</span> <span class='ocrx_word' id='word_1_893' title='bbox 2504 4825 2570 4877; x_wconf 88' lang='grc' dir='ltr'>ἐκ</span> <span class='ocrx_word' id='word_1_894' title='bbox 2602 4823 2902 4894; x_wconf 85' lang='grc' dir='ltr'>προοιμίων</span> <span class='ocrx_word' id='word_1_895' title='bbox 2937 4825 3228 4881; x_wconf 86' lang='grc' dir='ltr'>κάντεῦθεν</span> <span class='ocrx_word' id='word_1_896' title='bbox 3255 4829 3354 4896; x_wconf 82' lang='grc' dir='ltr'>τὴν</span> <span class='ocrx_word' id='word_1_897' title='bbox 3380 4829 3611 4899; x_wconf 74' lang='grc' dir='ltr'>ἀρετήν’</span> 
     </span>
    </p>
   </div>
   <div class='ocr_carea' id='block_1_123' title="bbox 2040 4905 3610 4976">
    <p class='ocr_par' dir='ltr' id='par_1_123' title="bbox 2040 4905 3610 4976">
     <span class='ocr_line' id='line_1_124' title="bbox 2040 4905 3610 4976; baseline 0.001 -14"><span class='ocrx_word' id='word_1_898' title='bbox 2040 4907 2279 4962; x_wconf 86' lang='grc' dir='ltr'>τοσαῦτα</span> <span class='ocrx_word' id='word_1_899' title='bbox 2310 4908 2408 4962; x_wconf 58' lang='grc' dir='ltr'>καὶ⁸</span> <span class='ocrx_word' id='word_1_900' title='bbox 2435 4906 2741 4976; x_wconf 87' lang='grc' dir='ltr'>τηλικαῦτα</span> <span class='ocrx_word' id='word_1_901' title='bbox 2764 4905 3025 4969; x_wconf 89' lang='grc' dir='ltr'>παθόντες</span> <span class='ocrx_word' id='word_1_902' title='bbox 3060 4907 3209 4961; x_wconf 89' lang='grc' dir='ltr'>δεινά</span> <span class='ocrx_word' id='word_1_903' title='bbox 3233 4908 3322 4962; x_wconf 77' lang='grc' dir='ltr'>διὰ</span> <span class='ocrx_word' id='word_1_904' title='bbox 3346 4909 3434 4962; x_wconf 90' lang='grc' dir='ltr'>τὸν</span> <span class='ocrx_word' id='word_1_905' title='bbox 3457 4911 3610 4974; x_wconf 89' lang='grc' dir='ltr'>Θεὸν,</span> 
     </span>
    </p>
   </div>
   <div class='ocr_carea' id='block_1_124' title="bbox 2041 4988 3613 5064">
    <p class='ocr_par' dir='ltr' id='par_1_124' title="bbox 2041 4988 3613 5064">
     <span class='ocr_line' id='line_1_125' title="bbox 2041 4988 3613 5064; baseline 0.001 -18"><span class='ocrx_word' id='word_1_906' title='bbox 2041 4991 2298 5063; x_wconf 87' lang='grc' dir='ltr'>πατρίδος</span> <span class='ocrx_word' id='word_1_907' title='bbox 2340 4991 2686 5056; x_wconf 87' lang='grc' dir='ltr'>ἐκπεσόντες,</span> <span class='ocrx_word' id='word_1_908' title='bbox 2721 4988 3052 5059; x_wconf 85' lang='grc' dir='ltr'>ἐλευθερίας,</span> <span class='ocrx_word' id='word_1_909' title='bbox 3089 4990 3353 5055; x_wconf 89' lang='grc' dir='ltr'>κινδύνοις</span> <span class='ocrx_word' id='word_1_910' title='bbox 3388 5009 3613 5064; x_wconf 89' lang='grc' dir='ltr'>περιπε-</span> 
     </span>
    </p>
   </div>
   <div class='ocr_carea' id='block_1_125' title="bbox 2041 5072 3610 5149">
    <p class='ocr_par' dir='ltr' id='par_1_125' title="bbox 2041 5072 3610 5149">
     <span class='ocr_line' id='line_1_126' title="bbox 2041 5072 3610 5149; baseline 0 -19"><span class='ocrx_word' id='word_1_911' title='bbox 2041 5076 2335 5140; x_wconf 88' lang='grc' dir='ltr'>πτωκότες,</span> <span class='ocrx_word' id='word_1_912' title='bbox 2381 5074 2530 5128; x_wconf 84' lang='grc' dir='ltr'>άλλοι</span> <span class='ocrx_word' id='word_1_913' title='bbox 2557 5073 2614 5128; x_wconf 82' lang='grc' dir='ltr'>δὲ</span> <span class='ocrx_word' id='word_1_914' title='bbox 2662 5074 2762 5128; x_wconf 75' lang='grc' dir='ltr'>καὶ</span> <span class='ocrx_word' id='word_1_915' title='bbox 2804 5072 3038 5143; x_wconf 84' lang='grc' dir='ltr'>φυγάδες</span> <span class='ocrx_word' id='word_1_916' title='bbox 3069 5076 3371 5146; x_wconf 89' lang='grc' dir='ltr'>γενόμενοι,</span> <span class='ocrx_word' id='word_1_917' title='bbox 3415 5077 3483 5130; x_wconf 86' lang='grc' dir='ltr'>τά</span> <span class='ocrx_word' id='word_1_918' title='bbox 3509 5077 3610 5149; x_wconf 79' lang='grc' dir='ltr'>ὅρη</span> 
     </span>
    </p>
   </div>
   <div class='ocr_carea' id='block_1_126' title="bbox 2040 5154 3609 5229">
    <p class='ocr_par' dir='ltr' id='par_1_126' title="bbox 2040 5154 3609 5229">
     <span class='ocr_line' id='line_1_127' title="bbox 2040 5154 3609 5229; baseline 0.001 -17"><span class='ocrx_word' id='word_1_919' title='bbox 2040 5158 2136 5212; x_wconf 71' lang='grc' dir='ltr'>καὶ</span> <span class='ocrx_word' id='word_1_920' title='bbox 2162 5157 2260 5222; x_wconf 78' lang='grc' dir='ltr'>τὰς</span> <span class='ocrx_word' id='word_1_921' title='bbox 2281 5156 2515 5229; x_wconf 87' lang='grc' dir='ltr'>ἐρημίας</span> <span class='ocrx_word' id='word_1_922' title='bbox 2542 5154 2850 5222; x_wconf 87' lang='grc' dir='ltr'>διώκοντες,</span> <span class='ocrx_word' id='word_1_923' title='bbox 2887 5155 3037 5210; x_wconf 81' lang='grc' dir='ltr'>οὐδὲν</span> <span class='ocrx_word' id='word_1_924' title='bbox 3063 5156 3266 5211; x_wconf 87' lang='grc' dir='ltr'>τούτων</span> <span class='ocrx_word' id='word_1_925' title='bbox 3296 5158 3429 5227; x_wconf 74' lang='grc' dir='ltr'>φασὶ</span> <span class='ocrx_word' id='word_1_926' title='bbox 3450 5160 3609 5225; x_wconf 88' lang='grc' dir='ltr'>τέως,</span> 
     </span>
    </p>
   </div>
   <div class='ocr_carea' id='block_1_127' title="bbox 2040 5239 3611 5313">
    <p class='ocr_par' dir='ltr' id='par_1_127' title="bbox 2040 5239 3611 5313">
     <span class='ocr_line' id='line_1_128' title="bbox 2040 5239 3611 5313; baseline 0.001 -18"><span class='ocrx_word' id='word_1_927' title='bbox 2040 5241 2121 5295; x_wconf 87' lang='grc' dir='ltr'>ὃτι</span> <span class='ocrx_word' id='word_1_928' title='bbox 2153 5240 2228 5295; x_wconf 86' lang='grc' dir='ltr'>Τὸ</span> <span class='ocrx_word' id='word_1_929' title='bbox 2255 5240 2348 5293; x_wconf 75' lang='grc' dir='ltr'>καὶ</span> <span class='ocrx_word' id='word_1_930' title='bbox 2374 5239 2434 5292; x_wconf 92' lang='grc' dir='ltr'>τὸ</span> <span class='ocrx_word' id='word_1_931' title='bbox 2475 5240 2750 5310; x_wconf 86' lang='grc' dir='ltr'>ἐπάθομεν</span> <span class='ocrx_word' id='word_1_932' title='bbox 2771 5239 2860 5295; x_wconf 83' lang='grc' dir='ltr'>διὰ</span> <span class='ocrx_word' id='word_1_933' title='bbox 2889 5241 2969 5307; x_wconf 87' lang='grc' dir='ltr'>σέ,</span> <span class='ocrx_word' id='word_1_934' title='bbox 2999 5239 3266 5312; x_wconf 86' lang='grc' dir='ltr'>βοήθησον</span> <span class='ocrx_word' id='word_1_935' title='bbox 3298 5244 3427 5313; x_wconf 78' lang='grc' dir='ltr'>ἡμῖν</span> <span class='ocrx_word' id='word_1_936' title='bbox 3452 5259 3465 5272; x_wconf 80' lang='lat'><strong>&#39;</strong></span> <span class='ocrx_word' id='word_1_937' title='bbox 3495 5243 3611 5296; x_wconf 79' lang='grc' dir='ltr'>ἀλλ’</span> 
     </span>
    </p>
   </div>
   <div class='ocr_carea' id='block_1_128' title="bbox 2040 5321 3612 5397">
    <p class='ocr_par' dir='ltr' id='par_1_128' title="bbox 2040 5321 3612 5397">
     <span class='ocr_line' id='line_1_129' title="bbox 2040 5321 3612 5397; baseline 0.003 -20"><span class='ocrx_word' id='word_1_938' title='bbox 2040 5324 2116 5386; x_wconf 91' lang='grc' dir='ltr'>ώς</span> <span class='ocrx_word' id='word_1_939' title='bbox 2144 5322 2337 5394; x_wconf 78' lang='grc' dir='ltr'>ἔρημοι</span> <span class='ocrx_word' id='word_1_940' title='bbox 2366 5321 2476 5376; x_wconf 89' lang='grc' dir='ltr'>τῶν</span> <span class='ocrx_word' id='word_1_941' title='bbox 2518 5322 2896 5393; x_wconf 89' lang='grc' dir='ltr'>δικαιολογιῶν</span> <span class='ocrx_word' id='word_1_942' title='bbox 2931 5323 3082 5397; x_wconf 74' lang='lat' dir='ltr'>[MS]</span> <span class='ocrx_word' id='word_1_943' title='bbox 3126 5327 3350 5390; x_wconf 87' lang='grc' dir='ltr'>τούτων,</span> <span class='ocrx_word' id='word_1_944' title='bbox 3380 5327 3472 5379; x_wconf 81' lang='grc' dir='ltr'>καὶ</span> <span class='ocrx_word' id='word_1_945' title='bbox 3511 5327 3612 5382; x_wconf 79' lang='grc' dir='ltr'>ούκ</span> 
     </span>
    </p>
   </div>
   <div class='ocr_carea' id='block_1_129' title="bbox 2042 5404 3611 5479">
    <p class='ocr_par' dir='ltr' id='par_1_129' title="bbox 2042 5404 3611 5479">
     <span class='ocr_line' id='line_1_130' title="bbox 2042 5404 3611 5479; baseline 0.003 -20"><span class='ocrx_word' id='word_1_946' title='bbox 2042 5406 2256 5476; x_wconf 75' lang='grc' dir='ltr'>ἔχοντες</span> <span class='ocrx_word' id='word_1_947' title='bbox 2278 5404 2338 5468; x_wconf 79' lang='grc' dir='ltr'>ἐξ</span> <span class='ocrx_word' id='word_1_948' title='bbox 2369 5405 2584 5459; x_wconf 84' lang='grc' dir='ltr'>οἰκείων</span> <span class='ocrx_word' id='word_1_949' title='bbox 2609 5407 3048 5479; x_wconf 88' lang='grc' dir='ltr'>κατορθωμάτων</span> <span class='ocrx_word' id='word_1_950' title='bbox 3075 5407 3408 5479; x_wconf 79' lang='grc' dir='ltr'>παρρησίαν,</span> <span class='ocrx_word' id='word_1_951' title='bbox 3439 5409 3611 5473; x_wconf 72' lang='grc' dir='ltr'>οὕτως</span> 
     </span>
    </p>
   </div>
   <div class='ocr_carea' id='block_1_130' title="bbox 2041 5488 3611 5564">
    <p class='ocr_par' dir='ltr' id='par_1_130' title="bbox 2041 5488 3611 5564">
     <span class='ocr_line' id='line_1_131' title="bbox 2041 5488 3611 5564; baseline 0.003 -22"><span class='ocrx_word' id='word_1_952' title='bbox 2041 5493 2120 5553; x_wconf 83' lang='grc' dir='ltr'>εἰς</span> <span class='ocrx_word' id='word_1_953' title='bbox 2142 5488 2212 5540; x_wconf 82' lang='grc' dir='ltr'>τὰ</span> <span class='ocrx_word' id='word_1_954' title='bbox 2240 5491 2356 5552; x_wconf 85' lang='grc' dir='ltr'>τοῖς</span> <span class='ocrx_word' id='word_1_955' title='bbox 2387 5492 2670 5561; x_wconf 86' lang='grc' dir='ltr'>προγόνοις</span> <span class='ocrx_word' id='word_1_956' title='bbox 2702 5491 3032 5563; x_wconf 88' lang='grc' dir='ltr'>ὑπηργμένα</span> <span class='ocrx_word' id='word_1_957' title='bbox 3057 5493 3205 5564; x_wconf 86' lang='grc' dir='ltr'>παρά</span> <span class='ocrx_word' id='word_1_958' title='bbox 3228 5491 3318 5545; x_wconf 87' lang='grc' dir='ltr'>τοῦ</span> <span class='ocrx_word' id='word_1_959' title='bbox 3347 5492 3480 5546; x_wconf 85' lang='grc' dir='ltr'>Θεοῦ</span> <span class='ocrx_word' id='word_1_960' title='bbox 3511 5511 3611 5547; x_wconf 90' lang='grc' dir='ltr'>κα-</span> 
     </span>
    </p>
   </div>
   <div class='ocr_carea' id='block_1_131' title="bbox 2039 5570 3611 5648">
    <p class='ocr_par' dir='ltr' id='par_1_131' title="bbox 2039 5570 3611 5648">
     <span class='ocr_line' id='line_1_132' title="bbox 2039 5570 3611 5648; baseline 0.004 -23"><span class='ocrx_word' id='word_1_961' title='bbox 2039 5570 2391 5640; x_wconf 88' lang='grc' dir='ltr'>ταφεύγουσι.</span> <span class='ocrx_word' id='word_1_962' title='bbox 2414 5572 2488 5626; x_wconf 86' lang='grc' dir='ltr'>Τὸ</span> <span class='ocrx_word' id='word_1_963' title='bbox 2518 5573 2618 5644; x_wconf 85' lang='grc' dir='ltr'>μὲν</span> <span class='ocrx_word' id='word_1_964' title='bbox 2641 5574 2752 5646; x_wconf 83' lang='grc' dir='ltr'>γὰρ</span> <span class='ocrx_word' id='word_1_965' title='bbox 2777 5575 2903 5638; x_wconf 82' lang='grc' dir='ltr'>τοὺς</span> <span class='ocrx_word' id='word_1_966' title='bbox 2927 5575 3026 5627; x_wconf 85' lang='grc' dir='ltr'>οὐκ</span> <span class='ocrx_word' id='word_1_967' title='bbox 3052 5575 3273 5645; x_wconf 78' lang='grc' dir='ltr'>ἔχοντας</span> <span class='ocrx_word' id='word_1_968' title='bbox 3299 5576 3611 5648; x_wconf 78' lang='grc' dir='ltr'>παρρησίαν</span> 
     </span>
    </p>
   </div>
   <div class='ocr_carea' id='block_1_132' title="bbox 2038 5655 3612 5731">
    <p class='ocr_par' dir='ltr' id='par_1_132' title="bbox 2038 5655 3612 5731">
     <span class='ocr_line' id='line_1_133' title="bbox 2038 5655 3612 5731; baseline 0.003 -21"><span class='ocrx_word' id='word_1_969' title='bbox 2038 5655 2210 5710; x_wconf 88' lang='grc' dir='ltr'>ταῦτα</span> <span class='ocrx_word' id='word_1_970' title='bbox 2245 5657 2441 5719; x_wconf 78' lang='grc' dir='ltr'>ποιεῖν,</span> <span class='ocrx_word' id='word_1_971' title='bbox 2471 5655 2784 5728; x_wconf 90' lang='grc' dir='ltr'>θαυμαστὸν</span> <span class='ocrx_word' id='word_1_972' title='bbox 2807 5658 2976 5723; x_wconf 83' lang='grc' dir='ltr'>οὐδὲν,</span> <span class='ocrx_word' id='word_1_973' title='bbox 3004 5659 3104 5728; x_wconf 74' lang='grc' dir='ltr'>τῆς</span> <span class='ocrx_word' id='word_1_974' title='bbox 3141 5659 3387 5731; x_wconf 88' lang='grc' dir='ltr'>ἀνάγκης</span> <span class='ocrx_word' id='word_1_975' title='bbox 3415 5661 3612 5726; x_wconf 82' lang='grc' dir='ltr'>αὐτοὺς</span> 
     </span>
    </p>
   </div>
   <div class='ocr_carea' id='block_1_133' title="bbox 2039 5739 3614 5816">
    <p class='ocr_par' dir='ltr' id='par_1_133' title="bbox 2039 5739 3614 5816">
     <span class='ocr_line' id='line_1_134' title="bbox 2039 5739 3614 5816; baseline 0.003 -22"><span class='ocrx_word' id='word_1_976' title='bbox 2039 5743 2118 5805; x_wconf 90' lang='grc' dir='ltr'>είς</span> <span class='ocrx_word' id='word_1_977' title='bbox 2143 5739 2303 5794; x_wconf 89' lang='grc' dir='ltr'>τοῦτο</span> <span class='ocrx_word' id='word_1_978' title='bbox 2337 5739 2602 5810; x_wconf 78' lang='grc' dir='ltr'>ἑλκούσης</span> <span class='ocrx_word' id='word_1_979' title='bbox 2625 5757 2639 5771; x_wconf 89' lang='grc'><strong>·</strong></span> <span class='ocrx_word' id='word_1_980' title='bbox 2675 5740 2737 5794; x_wconf 91' lang='grc' dir='ltr'>τὸ</span> <span class='ocrx_word' id='word_1_981' title='bbox 2766 5741 2824 5794; x_wconf 83' lang='grc' dir='ltr'>δέ</span> <span class='ocrx_word' id='word_1_982' title='bbox 2859 5743 3099 5805; x_wconf 86' lang='grc' dir='ltr'>ἐκείνους</span> <span class='ocrx_word' id='word_1_983' title='bbox 3129 5745 3254 5806; x_wconf 79' lang='grc' dir='ltr'>τοὺς</span> <span class='ocrx_word' id='word_1_984' title='bbox 3283 5743 3614 5816; x_wconf 88' lang='grc' dir='ltr'>δυναμένους</span> 
     </span>
    </p>
   </div>
   <div class='ocr_carea' id='block_1_134' title="bbox 2043 5820 3614 5898">
    <p class='ocr_par' dir='ltr' id='par_1_134' title="bbox 2043 5820 3614 5898">
     <span class='ocr_line' id='line_1_135' title="bbox 2043 5820 3614 5898; baseline 0.003 -21"><span class='ocrx_word' id='word_1_985' title='bbox 2043 5822 2252 5894; x_wconf 84' lang='grc' dir='ltr'>μεγάλα</span> <span class='ocrx_word' id='word_1_986' title='bbox 2281 5820 2615 5893; x_wconf 80' lang='grc' dir='ltr'>φθέγξασθαι</span> <span class='ocrx_word' id='word_1_987' title='bbox 2642 5822 2751 5876; x_wconf 88' lang='grc' dir='ltr'>ἀπὸ</span> <span class='ocrx_word' id='word_1_988' title='bbox 2777 5823 2884 5877; x_wconf 87' lang='grc' dir='ltr'>τῶν</span> <span class='ocrx_word' id='word_1_989' title='bbox 2916 5826 3122 5878; x_wconf 77' lang='grc' dir='ltr'>ἑαυτῶν</span> <span class='ocrx_word' id='word_1_990' title='bbox 3147 5826 3614 5898; x_wconf 84' lang='grc' dir='ltr'>κατορθωμάτων,</span> 
     </span>
    </p>
   </div>
   <div class='ocr_carea' id='block_1_135' title="bbox 2046 5906 3612 5980">
    <p class='ocr_par' dir='ltr' id='par_1_135' title="bbox 2046 5906 3612 5980">
     <span class='ocr_line' id='line_1_136' title="bbox 2046 5906 3612 5980; baseline 0.003 -17"><span class='ocrx_word' id='word_1_991' title='bbox 2046 5907 2120 5976; x_wconf 81' lang='grc' dir='ltr'>μὴ</span> <span class='ocrx_word' id='word_1_992' title='bbox 2156 5908 2264 5964; x_wconf 85' lang='grc' dir='ltr'>ἀπὸ</span> <span class='ocrx_word' id='word_1_993' title='bbox 2301 5906 2510 5964; x_wconf 88' lang='grc' dir='ltr'>τούτων</span> <span class='ocrx_word' id='word_1_994' title='bbox 2552 5906 2736 5972; x_wconf 83' lang='grc' dir='ltr'>ἀξιοῦν</span> <span class='ocrx_word' id='word_1_995' title='bbox 2781 5907 3070 5977; x_wconf 76' lang='grc' dir='ltr'>σώζεσθαι,</span> <span class='ocrx_word' id='word_1_996' title='bbox 3113 5913 3226 5967; x_wconf 87' lang='grc' dir='ltr'>ἀλλ’</span> <span class='ocrx_word' id='word_1_997' title='bbox 3255 5913 3360 5968; x_wconf 75' lang='grc' dir='ltr'>άπὸ</span> <span class='ocrx_word' id='word_1_998' title='bbox 3388 5914 3488 5980; x_wconf 82' lang='grc' dir='ltr'>τῆς</span> <span class='ocrx_word' id='word_1_999' title='bbox 3522 5917 3612 5970; x_wconf 67' lang='grc' dir='ltr'>τοῦ</span> 
     </span>
    </p>
   </div>
  </div>
