4140 6356
396 469 498 527 169

396 586 492 643 sed
519 600 588 641 ex
618 583 712 640 Dei
756 583 1099 654 benignitate,
1131 596 1233 654 qua
1273 581 1327 636 in
1367 589 1546 652 patres
1573 595 1703 636 usus
1740 587 1846 646 est,
1887 577 1991 633 hoc

395 687 481 734 est
504 693 756 749 magnum
783 684 1154 748 argumentum
1172 688 1357 730 eorum
1379 672 1729 728 humilitatis:
1762 667 1992 740 prompti

397 779 576 826 autem
607 778 663 826 et
686 769 877 824 alacris
903 771 987 824 sui
1015 767 1178 822 animi
1205 783 1310 821 non
1349 781 1571 835 parvam
1620 764 1745 819 hinc
1783 777 1995 834 quoque

397 869 614 920 causam
644 868 902 917 statuunt.
932 859 1140 916 Sufficit
1165 861 1306 915 enim
1339 859 1435 914 Dei
1463 858 1546 912 vel
1570 855 1684 912 sola
1710 853 1995 925 appellatio

397 955 466 1012 ad
492 955 822 1027 profliganda
851 955 994 1011 bella
1024 954 1322 1009 innumera.

478 1049 534 1103 2.
568 1046 753 1102 Patres
775 1047 923 1117 oﬂicii
941 1047 1023 1101 sui
1047 1055 1333 1100 monentur.
1356 1043 1704 1098 Historiarum
1732 1057 1993 1097 sacrarum

400 1140 616 1194 utilitas.
643 1168 716 1180 --
741 1157 761 1192 ι
799 1137 981 1192 Patres
1008 1139 1167 1193 nostri
1191 1136 1613 1191 annuntiaverunt
1643 1133 1803 1187 nobis.
1834 1151 1853 1184 ι
1887 1133 1997 1186 Au-

401 1233 533 1302 dite,
557 1241 814 1306 quotquot
836 1231 1064 1287 ﬁliorum
1093 1230 1291 1285 nullam
1313 1243 1496 1284 curam
1513 1227 1695 1298 geritis
1718 1244 1731 1280 :
1751 1224 1995 1296 quicum—

401 1342 506 1399 que
534 1341 629 1383 eos
674 1325 910 1381 carmina
957 1323 1218 1379 diabolica
1267 1328 1521 1378 canentes
1560 1317 1824 1384 toleratis,
1864 1329 1994 1370 con-

403 1418 641 1474 temnitis
664 1433 795 1473 vero
822 1415 1030 1472 divinas
1067 1413 1422 1469 narrationes.
1452 1410 1559 1468 Sed
1601 1425 1706 1464 non
1748 1408 1804 1462 hi
1847 1407 1994 1478 ejus-

403 1510 571 1578 modi,
599 1507 696 1566 sed
736 1510 788 1564 in
836 1507 1230 1564 narrationibus
1278 1505 1654 1576 praeclarorum
1698 1502 1793 1557 Dei
1832 1499 1998 1556 facto-

403 1619 524 1660 rum
550 1603 708 1658 vitam
748 1601 963 1657 assidue
1010 1599 1424 1665 consumebant;
1465 1605 1520 1652 et
1554 1595 1746 1665 duplex
1791 1594 1995 1649 lucrum

405 1695 691 1752 faciebant.
737 1694 870 1749 Nam
921 1701 976 1749 et
1021 1693 1111 1764 qni
1160 1690 1422 1748 beneﬁcio
1463 1690 1637 1744 aﬁ'ecti
1666 1697 1838 1752 erant,
1869 1687 1996 1742 dum

406 1786 788 1844 beneﬁciorum
831 1784 1261 1850 recordarentur,
1294 1783 1545 1838 meliores
1571 1779 1868 1836 evadebant
1899 1797 1912 1833 :
1944 1787 2000 1834 et

407 1879 502 1950 qui
537 1893 603 1935 ex
634 1878 738 1934 illis
780 1876 881 1933 orti
920 1883 1094 1941 erant,
1125 1891 1230 1931 non
1274 1889 1494 1947 parvum
1545 1873 1643 1929 Dei
1681 1871 1999 1944 cognitionis

406 1977 782 2042 argumentum
809 1968 1093 2024 sumebant
1118 1982 1183 2022 ex
1226 1965 1310 2020 his
1348 1962 1763 2030 narrationibus,
1789 1970 1842 2018 et
1867 1961 2000 2016 inci-

407 2063 659 2119 tabantur
680 2061 748 2116 ad
773 2059 1081 2118 imitandam
1105 2059 1376 2114 virtutem.
1401 2055 1496 2112 Eis
1533 2055 1675 2112 enim
1701 2054 1824 2109 libri
1847 2061 2002 2108 erant

407 2168 502 2211 ora
527 2168 737 2220 eorum,
766 2151 855 2223 qui
885 2152 1030 2220 ipsos
1072 2158 1389 2222 genuerant,
1433 2147 1712 2218 omnisque
1741 2146 1924 2202 schola
1947 2154 2002 2200 et

407 2245 587 2302 omnis
612 2245 839 2302 diatriba
875 2243 972 2300 has
996 2243 1228 2300 habebat
1255 2241 1610 2308 narrationes,
1641 2237 1834 2310 quibus
1871 2237 2002 2293 nihil

407 2348 526 2396 erat
546 2337 853 2411 jucundius,
894 2335 1026 2392 nihil
1063 2335 1264 2391 utilius.
1317 2334 1375 2390 Si
1417 2333 1560 2389 enim
1603 2347 1783 2388 rerum
1829 2330 2000 2386 solum

409 2430 766 2496 narrationes,
795 2427 1113 2499 fabulzeque,
1143 2435 1198 2484 et
1225 2425 1470 2496 ﬁgmenta
1498 2424 1673 2480 solent
1696 2437 1841 2493 saepe
1866 2421 2001 2477 mul-

411 2531 494 2579 tos
518 2519 785 2578 consolari
825 2519 1141 2575 auditores:
1183 2517 1352 2573 multo
1388 2516 1560 2587 magis
1596 2513 1714 2571 haec
1739 2529 1858 2585 quae
1883 2528 2000 2568 ma-

410 2630 571 2688 gnam
597 2612 952 2669 ostendebant
989 2609 1418 2676 beneﬁcentiam,
1446 2607 1759 2680 potentiam,
1786 2605 2002 2676 sapien-

410 2705 558 2770 tiam,
606 2717 812 2769 euram,
843 2711 899 2758 et
939 2717 1044 2756 una
1072 2715 1192 2756 cum
1220 2700 1489 2770 voluptate
1524 2697 1819 2754 auditorem
1859 2697 2004 2751 exci-

415 2797 631 2860 tabant,
661 2803 718 2851 et
742 2795 1025 2851 meliorem
1051 2791 1371 2848 reddebant.
1403 2789 1509 2857 Qui
1543 2788 1689 2846 enim
1721 2788 1850 2844 dum
1876 2787 1993 2843 haec

413 2886 1113 2961 agerenturinterfuerant,
1127 2890 1183 2964 et
1201 2883 1319 2938 visu
1338 2889 1691 2954 exceperant,
1705 2894 1768 2936 ea
1781 2879 1993 2937 auditui

415 2982 730 3044 tradebant,
753 2987 812 3034 et
834 2978 902 3033 ad
931 2977 1088 3033 ﬁdem
1119 2974 1425 3030 faciendam
1453 2989 1564 3029 non
1580 2973 1766 3029 minus
1783 2974 1998 3028 valebat

413 3074 833 3143 auditus,quam
849 3072 996 3127 visus
1009 3111 1022 3124 .
1037 3067 1158 3123 Non
1176 3067 1359 3122 minus
1375 3066 1520 3122 enim
1534 3067 1831 3122 credebant
1847 3065 1884 3120 ii
1903 3065 1997 3136 qui

413 3182 532 3222 non
554 3165 871 3229 adfuerant,
894 3179 997 3218 nec
1023 3161 1300 3225 viderant,
1327 3173 1492 3230 quam
1516 3158 1556 3213 ii
1587 3157 1679 3228 qui
1710 3157 2001 3214 adfuerant

411 3267 470 3314 et
489 3259 745 3315 viderant
779 3276 792 3312 :
833 3258 941 3313 hoc
973 3269 1196 3326 quoque
1218 3267 1314 3309 eos
1349 3267 1460 3308 non
1491 3266 1686 3324 parum
1709 3251 2004 3306 exercebat

413 3350 482 3404 ad
501 3349 687 3406 ﬁdem.
714 3348 1018 3405 Videamus
1040 3353 1223 3402 autem
1253 3344 1349 3415 qui
1369 3343 1671 3408 narrarint,
1694 3351 1751 3398 et
1777 3358 1905 3396 num
1930 3341 2004 3396 si-

412 3442 560 3498 milis
598 3439 911 3511 argumenti
943 3437 1317 3493 meminerint.
1363 3433 1469 3502 Qui
1496 3435 1648 3491 enim
1679 3442 1765 3490 est
1797 3433 2003 3504 aliquid

414 3541 732 3605 rogaturus,
750 3539 805 3587 et
822 3531 1160 3602 postulatum
1177 3535 1600 3592 consecuturus,
1629 3542 1694 3584 ex
1725 3526 1849 3581 data
1883 3526 2006 3582 aliis

413 3625 592 3696 gratia
622 3640 747 3680 eum
769 3629 985 3694 oportet
1018 3629 1199 3692 petere
1220 3620 1441 3676 similia.
1461 3618 1618 3687 Quod
1647 3625 1830 3674 autem
1856 3618 2004 3682 dico,

414 3727 502 3775 est
530 3716 838 3790 ejusmodi:
867 3715 1004 3788 petit
1026 3714 1230 3784 aliquis
1253 3712 1495 3768 famulus
1519 3727 1549 3766 a
1577 3709 1740 3767 nobis
1764 3712 2002 3767 donum:

416 3811 462 3868 si
484 3811 789 3868 ostenderit
808 3810 976 3864 alium
998 3823 1220 3880 quoque
1241 3808 1294 3863 id
1309 3807 1610 3878 accepisse,
1626 3806 1918 3860 maximam
1932 3804 2008 3860 af-

416 3903 524 3959 fert
545 3902 843 3968 rationem,
871 3916 972 3958 cur
993 3901 1046 3956 id
1066 3901 1261 3956 debeat
1277 3900 1548 3970 accipere,
1577 3897 2006 3968 nisiexemplum

416 3993 582 4050 laedat
613 3992 946 4050 diﬁ'erentia.
983 3991 1352 4048 Diﬁ‘erentiam
1390 3998 1574 4046 autem
1606 3989 1731 4045 dico
1760 4003 2010 4060 personae

416 4089 504 4145 vel
538 4093 639 4146 rei.
665 4087 722 4143 Si
738 4088 883 4144 enim
915 4088 1008 4159 qui
1028 4086 1406 4157 accepit,talis
1423 4085 1516 4149 sit,
1531 4084 1715 4155 qualis
1731 4084 1824 4154 qui
1853 4083 2005 4153 petit,

417 4188 472 4238 et
501 4181 557 4237 id
575 4180 724 4252 quod
748 4180 972 4250 petitur,
995 4179 1198 4242 simile,
1219 4185 1330 4234 stat
1350 4177 1658 4249 exemplum
1679 4193 1694 4230 :
1718 4177 1802 4232 sin
1825 4185 2007 4232 autem

418 4272 513 4329 ille
537 4273 758 4345 quidem
785 4272 910 4342 jure
940 4270 1178 4342 accepit,
1201 4270 1294 4325 hic
1325 4278 1509 4325 autem
1540 4284 1650 4324 non
1684 4268 1895 4330 itidem,
1920 4283 2010 4338 po-

419 4367 718 4425 stulatione
732 4366 927 4436 majori
945 4367 1052 4420 erit
1064 4380 1224 4435 Opus.
1244 4364 1481 4422 Necesse
1493 4372 1578 4419 est
1597 4370 1778 4418 autem
1795 4360 1848 4415 id
1863 4361 2008 4431 quod

421 4460 550 4516 dico
561 4459 914 4515 manifestum
930 4458 1113 4514 facere
1128 4473 1194 4514 ex
1210 4455 1848 4528 Scripturis.Chanana:a
1863 4458 2010 4524 post-

422 4568 589 4623 quam
615 4549 942 4615 audiit,Non
960 4560 1038 4606 est
1062 4553 1255 4606 bonum
1273 4549 1511 4619 accipere
1536 4563 1724 4616 panem
1748 4547 2006 4616 ﬁliorum,

422 4655 472 4700 et
506 4644 636 4698 dare
657 4642 898 4708 canibus,
918 4643 1053 4698 dicit
1080 4662 1091 4696 :
1126 4641 1334 4707 Etiam,
1356 4641 1580 4696 Domine
1595 4657 1613 4695 :
1631 4657 1756 4695 nam
1770 4650 1820 4695 et
1844 4639 2010 4694 catuli

417 4731 572 4786 edunt
597 4731 660 4786 de
693 4731 835 4786 micis
867 4747 1054 4786 nienste
1077 4730 1398 4786 dominorum
1424 4745 1638 4785 suorum
1676 4728 1892 4800 (Matth.
1919 4727 2008 4782 15.

419 4825 512 4880 26.
537 4823 652 4896 27).
682 4824 749 4880 Et
772 4823 971 4880 Paulus
995 4839 1181 4880 rursus
1212 4825 1228 4856 ¹
1258 4822 1520 4888 scribens,
1551 4822 1797 4878 dicebat:
1831 4821 1892 4877 Si
1919 4819 2010 4874 alii

418 4928 596 4973 uestra
638 4917 895 4988 potestatis
935 4929 1054 4972 sunt
1101 4917 1389 4988 participes,
1423 4916 1590 4970 multo
1613 4915 1774 4986 magis
1797 4898 1909 4969 .nos
1932 4915 2008 4984 (1.

419 5009 538 5066 Cor.
567 5010 623 5067 9.
656 5010 749 5080 12)
779 5027 792 5064 :
824 5024 894 5066 ex
925 5024 1169 5080 persona:
1195 5009 1583 5065 differentia-se
1608 5007 1879 5079 plusjuris
1908 5007 2010 5063 ha-

417 5104 548 5162 bere
573 5103 884 5160 ostendens.
933 5103 1001 5158 Et
1039 5118 1222 5158 rursus
1256 5103 1498 5160 scribens
1525 5103 1592 5158 ad
1620 5102 2008 5167 Philemonem,

415 5197 630 5252 diccbat
664 5213 678 5251 :
708 5196 842 5265 Quia
879 5197 1070 5251 viscera
1109 5206 1399 5252 sanctorum
1447 5197 1791 5267 requieverunt
1828 5213 1917 5267 per
1944 5205 2009 5262 te,

419 5292 581 5361 frater
607 5305 627 5342 :
652 5298 856 5360 prapter
880 5290 1017 5361 quod
1045 5291 1259 5344 multam
1294 5289 1535 5359 ﬁduciam
1573 5291 1760 5344 habens
1784 5291 1840 5344 in
1867 5289 2014 5345 Citri-

419 5389 498 5434 sto
535 5378 665 5434 Iesu
694 5381 982 5451 imperandi
1028 5380 1116 5434 tibi
1145 5381 1298 5452 quod.
1322 5381 1390 5434 ad
1415 5397 1520 5435 rem
1547 5382 1779 5452 pertinet,
1809 5392 2014 5452 propter

421 5473 683 5527 caritatem
720 5473 880 5544 magis
918 5473 1120 5527 obsecro
1154 5472 1398 5544 (Philem.
1432 5489 1480 5527 υ.
1512 5473 1565 5528 7.
1596 5473 1672 5546 8).
1711 5473 1810 5529 Hic
1842 5482 1924 5529 est
1947 5490 2010 5529 ex

414 5581 571 5636 aequo
613 5566 937 5636 exemplum.
964 5566 1190 5634 Quando
1215 5567 1359 5622 enim
1387 5567 1590 5637 primus
1629 5565 1789 5622 fuerit
1811 5567 1901 5638 qui
1927 5582 2014 5621 ac-

418 5657 581 5728 cepit,
602 5657 768 5713 veluti
811 5659 1095 5728 quamdam
1125 5657 1360 5713 secundo
1404 5658 1618 5728 januam
1647 5659 1838 5728 aperit,
1865 5658 1912 5714 si
1941 5659 2014 5714 si-

419 5748 562 5804 milis
586 5749 658 5803 sit
685 5749 774 5820 qui
808 5757 893 5804 est
937 5749 1218 5819 petiturus,
1265 5749 1347 5805 vel
1377 5750 1422 5805 si
1467 5750 1653 5805 eadem
1680 5757 1866 5821 ~petat.
1899 5751 2014 5807 Non

481 5927 498 5958 ¹
537 5925 601 5979 In.
615 5926 780 5980 Morel.
805 5939 920 5992 vox,
947 5941 1117 5982 rursus
1130 5963 1145 5993 ,
1168 5927 1328 5985 deest.

1456 469 1468 482 '
1494 460 1851 520 EXPOSITIO
1888 459 1955 516 IN
1992 456 2311 516 PSALMUM
2347 461 2527 519 XLIII.

3596 469 3700 524 170

2110 576 2281 632 solum
2310 587 2486 634 autem
2529 594 2598 634 ex
2631 579 2718 646 iis,
2753 595 2872 651 quae
2915 582 3035 639 aliis
3063 583 3181 640 data
3225 593 3368 649 sunt,
3409 586 3502 642 sed
3537 589 3695 644 exiis

2103 668 2262 723 etiam
2292 683 2409 740 qua)
2452 670 2504 724 in
2536 685 2634 726 nos
2677 671 2821 742 ipsos
2859 683 3015 730 antea
3057 676 3248 732 collata
3292 687 3434 743 sunt,
3464 678 3521 732 ﬁt
3549 694 3694 748 szepe

2102 759 2274 814 valida
2307 761 2592 831 postulatio
2633 780 2646 816 :
2681 763 2823 833 quod
2852 765 3010 821 etiam
3050 765 3173 823 fecit
3206 767 3402 824 Paulus
3445 769 3690 824 scribens

2102 852 2166 905 ad
2195 851 2582 924 Philippenses,
2614 865 2669 910 et
2687 855 2870 911 dicens
2895 877 2906 911 :
2934 857 3184 925 Quoniam
3207 870 3251 914 et
3279 859 3690 916 Thessalonicam

2101 943 2255 995 semel
2278 953 2326 996 et
2352 943 2534 998 iterum
2575 946 2709 1015 quod
2753 947 2878 1000 mihi
2920 949 3035 1002 usui
3081 949 3309 1018 futurum
3352 961 3460 1005 erat
3486 952 3692 1007 misistis

2105 1034 2362 1107 (Philipp.
2387 1037 2440 1092 4.
2474 1037 2586 1109 16).
2620 1039 2686 1093 Et
2715 1038 2835 1094 ideo
2866 1039 3015 1094 multi
3040 1040 3130 1112 qui
3157 1041 3335 1097 multis
3359 1041 3559 1099 donant
3587 1044 3688 1098 hoc

2102 1127 2436 1196 prmcipiunt,
2468 1143 2535 1184 ne
2561 1128 2614 1182 id
2640 1128 2821 1184 dicant
2853 1130 2971 1185 aliis
2997 1148 3008 1180 :
3041 1146 3110 1186 ne
3136 1132 3188 1186 in
3216 1149 3378 1188 unum
3404 1135 3538 1190 facta
3563 1149 3690 1206 gra-

2102 1219 2194 1284 tia,
2223 1219 2271 1274 ei
2297 1219 2389 1289 qui
2415 1218 2580 1285 dedit,
2613 1220 2809 1276 multos
2837 1222 3091 1292 petitores
3121 1225 3336 1290 excitet,
3366 1235 3546 1296 utpote
3566 1241 3690 1282 cum

2103 1324 2208 1365 non
2254 1312 2422 1380 possit
2465 1312 2852 1384 subterfugium
2893 1315 3132 1372 invenire
3169 1318 3258 1388 qui
3287 1316 3455 1385 dedit,
3487 1320 3696 1390 quomi-

2100 1417 2203 1458 nus
2231 1402 2324 1458 det
2342 1403 2479 1458 aliis.
2520 1403 2589 1460 Et
2619 1405 2720 1461 hoc
2745 1404 2960 1476 quidem
3001 1407 3192 1464 merito
3212 1407 3401 1479 jubent
3425 1409 3691 1476 homines,

2102 1501 2160 1547 ut
2204 1494 2293 1564 qui
2340 1494 2517 1550 dando
2568 1495 2697 1551 ﬁant
2741 1498 3130 1568 pauperiores:
3162 1501 3302 1555 Deus
3349 1509 3524 1556 autem
3569 1518 3698 1557 con—

2103 1589 2182 1637 tra
2208 1583 2462 1653 praedicat
2501 1595 2556 1641 et
2593 1588 2887 1658 proclamat
2920 1604 2985 1644 ea
3021 1606 3139 1659 quae
3175 1590 3268 1646 dat
3311 1593 3449 1660 aliis,
3495 1604 3549 1647 ut
3576 1589 3696 1651 aliis

2104 1675 2263 1729 etiam
2313 1677 2549 1746 praebeat
2597 1679 2930 1736 occasionem
2982 1697 3170 1740 rursus
3229 1685 3299 1740 ab
3345 1700 3412 1742 eo
3459 1686 3694 1758 petendi.

2105 1765 2286 1821 Danda
2312 1768 2454 1822 enim
2481 1770 2711 1840 majores
2730 1771 2848 1843 ejus
2872 1775 3227 1836 ostenduntur
3243 1777 3463 1836 divitiae.
3488 1780 3557 1836 Et
3578 1780 3698 1838 ideo

2103 1857 2234 1914 dicit
2261 1859 2457 1916 Paulus
2492 1880 2506 1918 :
2536 1861 2636 1929 Qui
2665 1864 2802 1920 dives
2831 1875 2906 1921 est
2951 1869 3005 1922 in
3048 1886 3241 1939 omnes,
3284 1880 3331 1926 et
3354 1889 3508 1928 super
3528 1850 3700 1929 atmics

2103 1951 2389 2007 invocantes
2417 1970 2529 2008 eum
2553 1954 2727 2027 (Rom.
2761 1957 2848 2014 10.
2878 1958 2991 2030 12).
3031 1959 3222 2018 Vidisti
3269 1980 3462 2020 novam
3506 1983 3701 2038 quam-

2105 2043 2228 2099 dam
2281 2054 2524 2101 naturam
2573 2047 2922 2106 divitiarum?
2967 2053 3098 2109 Eam
3145 2066 3200 2111 tu
3245 2072 3458 2129 quoque
3493 2060 3702 2118 imitare

2106 2140 2570 2210 magniﬁcentiam.
2619 2144 2843 2211 Quando
2889 2148 3033 2203 enim
3078 2163 3208 2220 opes
3261 2152 3522 2223 repositas
3572 2170 3702 2210 con-

2105 2234 2420 2302 sumpseris,
2443 2242 2570 2290 tunc
2598 2235 2740 2306 ipsas
2783 2238 2952 2309 magis
2988 2240 3208 2312 augebis
3238 2258 3253 2300 :
3287 2243 3332 2298 si
3357 2252 3534 2301 autem
3561 2246 3704 2302 info-

2106 2324 2272 2394 deris,
2303 2327 2446 2396 ipsas
2485 2337 2612 2386 tunc
2647 2331 2816 2402 magis
2844 2331 3134 2389 diminues.
3162 2334 3229 2390 Et
3268 2335 3394 2406 quid
3421 2339 3614 2394 mirum
3658 2340 3704 2396 si

2108 2415 2211 2469 hoc
2254 2417 2448 2472 accidit
2491 2419 2546 2474 in
2593 2420 2980 2490 spiritualibus,
3031 2439 3153 2478 cum
3202 2423 3305 2480 hoc
3347 2428 3438 2482 liat
3460 2429 3621 2483 etiam
3650 2429 3704 2486 in

2107 2509 2450 2567 carnalibus?
2489 2511 2544 2569 Si
2574 2513 2692 2584 quis
2734 2514 2877 2570 enim
2919 2530 3139 2587 propter
3166 2519 3550 2589 parcimoniam
3594 2521 3705 2577 frn-

2109 2609 2346 2658 mentum
2376 2601 2519 2659 domi
2569 2605 2730 2659 situm
2771 2622 2879 2662 non
2920 2611 3332 2680 consumpserit,
3374 2627 3474 2668 nec
3506 2613 3558 2667 in
3592 2623 3707 2669 ter-

2110 2709 2222 2747 ram
2248 2693 2460 2765 jecerit,
2502 2695 2556 2750 id
2581 2697 2854 2753 vermibus
2883 2699 3223 2756 exedendum
3262 2701 3420 2758 tradit
3452 2719 3467 2757 :
3497 2705 3578 2760 sin
3607 2721 3704 2762 au-

2112 2796 2216 2841 tem
2240 2787 2574 2857 disperserit,
2595 2790 2852 2860 majorem
2881 2807 3112 2848 messem
3134 2795 3369 2864 colliget.

2181 2881 2234 2934 3.
2279 2880 2504 2934 Divitum
2539 2899 2736 2936 summa
2764 2895 3060 2954 paupertas.
3109 2916 3174 2926 —
3203 2887 3401 2943 Audite
3439 2898 3702 2961 quotquot

2110 2971 2241 3026 estis
2261 2971 2395 3026 tardi
2427 2970 2495 3026 ad
2522 2972 2941 3045 eleemosynam.
2974 2976 3168 3032 Audite
3195 2977 3288 3047 qui
3315 2978 3464 3034 vobis
3490 2979 3706 3037 divitias

2111 3064 2372 3120 servando
2398 3065 2712 3122 diminuitis.
2757 3069 2952 3124 Audite
2985 3071 3077 3140 qui
3119 3070 3285 3126 nihilo
3311 3073 3504 3129 melius
3530 3073 3705 3132 all'ecti

2113 3157 2264 3223 estis,
2291 3173 2451 3228 quam
2499 3158 2591 3228 qui
2635 3169 2760 3215 sunt
2809 3160 2864 3216 in
2901 3161 3124 3217 somniis
3162 3163 3375 3220 divites.
3405 3164 3536 3233 Quae
3582 3181 3709 3223 sunt

2111 3249 2254 3304 enim
2311 3251 2588 3319 praesentia
2615 3293 2632 3318 ,
2677 3261 2804 3308 sunt
2846 3253 3058 3309 somnio
3098 3254 3266 3310 nihilo
3318 3257 3580 3315 meliora:
3610 3260 3707 3316 sed

2112 3340 2563 3412 quemadmodum
2603 3344 2692 3414 qui
2742 3345 2794 3400 in
2848 3347 3073 3402 somniis
3101 3347 3203 3404 sibi
3234 3348 3482 3405 videntur
3506 3351 3708 3408 habere

2113 3435 2546 3504 pecunias,glicet
2566 3435 2765 3493 fuerint
2803 3439 2964 3508 regia:
3004 3455 3150 3511 gaza:
3175 3440 3395 3508 domini,
3427 3459 3548 3499 cum
3591 3444 3708 3504 dies

2112 3523 2370 3591 illuxerit,
2397 3533 2522 3580 sunt
2544 3527 2781 3582 omnium
2811 3531 3133 3598 pauperrimi
3159 3549 3171 3584 :
3201 3533 3271 3586 ita
3317 3533 3480 3589 etiam
3521 3537 3572 3589 in
3601 3535 3706 3589 vita

2112 3616 2506 3688 praesenti,,qui
2537 3617 2669 3672 nihil
2698 3619 2824 3674 illuc
2848 3619 3059 3676 auferre
3080 3623 3333 3692 potuerit,
3355 3633 3442 3680 est
3469 3626 3706 3682 omnium

2113 3711 2505 3782 pauperrimus,
2537 3711 2661 3766 licet
2678 3711 2858 3767 omnia
2884 3715 3212 3783 possederit;
3248 3717 3299 3770 in
3324 3719 3546 3774 somniis
3564 3720 3708 3774 enim

2113 3802 2285 3858 solum
2309 3801 2459 3857 dives
2480 3801 2594 3858 fuit.
2626 3804 2680 3858 Si
2711 3805 2842 3860 velis
2859 3821 2986 3876 ergo
3008 3806 3134 3861 mihi
3156 3807 3441 3865 ostendere
3463 3809 3706 3876 divitem,

2113 3901 2241 3950 tunc
2289 3894 2420 3949 mihi
2463 3895 2689 3951 ostende
2730 3898 2944 3968 quando
2979 3897 3139 3955 fuerit
3177 3899 3327 3966 dies,
3379 3902 3595 3972 quando
3653 3906 3707 3960 in

2115 3985 2262 4040 illam
2290 3987 2517 4055 patriam
2545 3989 2928 4045 recesserimus
2957 4007 2970 4042 :
3001 4005 3141 4046 nunc
3173 4000 3349 4046 autem
3378 4009 3486 4049 non
3509 4001 3714 4066 potero,

2114 4076 2422 4132 discernere
2447 4076 2663 4134 divitem
2692 4087 2748 4134 et
2774 4095 3084 4151 pauperem.
3115 4081 3232 4137 Non
3258 4083 3402 4139 enim
3424 4096 3505 4140 est
3529 4101 3710 4142 rerum

2116 4169 2332 4232 veritas,
2364 4168 2458 4224 sed
2489 4171 2664 4240 potius
2691 4181 2816 4227 sunt
2835 4172 3065 4243 jucunda
3093 4184 3146 4230 et
3165 4176 3407 4245 speciosa
3427 4179 3708 4236 vocabula.

2115 4260 2574 4329 Quemadmodum
2602 4263 2745 4319 enim
2771 4265 3010 4321 nonnulli
3037 4267 3308 4336 appellant
3333 4284 3507 4327 caecos
3560 4281 3712 4330 πολυ-

2114 4361 2387 4421 ελέποντας,
2417 4352 2520 4408 hoc
2565 4364 2667 4420 est,
2705 4355 2932 4411 multum
2961 4356 3220 4424 videntes,
3250 4359 3377 4416 licet
3403 4377 3490 4418 res
3516 4377 3711 4421 nomen

2116 4459 2226 4498 non
2250 4452 2522 4516 sequatur,
2551 4445 2660 4501 imo
2698 4447 2734 4500 ii
2762 4448 2872 4502 sint
2907 4449 3139 4506 maxime
3171 4452 3546 4510 nonvidentes
3583 4473 3596 4509 :
3639 4457 3712 4512 ita

2118 4537 2278 4592 etiam
2306 4553 2498 4593 nomen
2526 4539 2750 4596 divitum
2786 4541 2873 4596 hic
2911 4542 3034 4598 dico
3051 4544 3390 4604 circumferri
3409 4563 3600 4612 eorum
3620 4553 3710 4622 qui

2120 4629 2252 4684 nihil
2291 4629 2401 4686 illic
2436 4631 2730 4701 possident.
2757 4633 2982 4702 Quando
3021 4637 3165 4692 enim
3207 4637 3298 4694 hic
3330 4639 3482 4697 dives
3527 4642 3710 4710 fuerit,

2118 4729 2246 4777 tunc
2270 4736 2392 4778 eum
2420 4724 2533 4779 scio
2561 4725 2790 4782 maxime
2813 4741 2933 4784 esse
2957 4742 3243 4798 pauperem
3275 4749 3289 4786 :
3320 4733 3422 4790 nisi
3450 4735 3593 4792 enim
3623 4752 3715 4793 es-

2118 4824 2202 4871 set
2225 4815 2379 4872 valde
2422 4831 2646 4888 pauper,
2680 4834 2786 4874 non
2819 4819 2975 4876 valde
3016 4821 3325 4880 ditesceret.
3354 4825 3712 4893 Quemadmo-

2119 4906 2244 4962 dum
2268 4906 2410 4963 enim
2439 4923 2659 4975 caicum,
2693 4910 2795 4966 nisi
2822 4911 3040 4968 omnino
3063 4923 3208 4970 esset
3247 4927 3566 4987 excaecatus,
3605 4938 3714 4978 non

2119 4999 2482 5068 appellassent
2527 5000 2708 5070 ipsum
2752 5009 3120 5070 πολυϐλέποντα,
3151 5005 3253 5061 hoc
3302 5017 3420 5076 est,
3487 5011 3718 5070 multum

2119 5090 2390 5146 videntem
2415 5107 2430 5150 ;
2461 5091 2532 5144 ita
2558 5093 2644 5146 hic
2668 5093 2828 5148 etiam
2849 5095 3144 5164 putandum
3174 5107 3275 5153 est.
3303 5098 3556 5170 Deposita
3583 5118 3713 5174 ergo

2121 5184 2441 5255 deceptione
2468 5187 2762 5254 nominum,
2787 5189 3064 5245 veritatem
3084 5191 3424 5261 arripiamus.
3442 5193 3552 5251 Res
3571 5196 3714 5253 enim

2123 5293 2228 5334 non
2271 5278 2572 5334 consistunt
2614 5279 2668 5335 in
2711 5281 3038 5349 nominibus,
3071 5283 3166 5340 sed
3196 5301 3376 5342 rerum
3418 5297 3603 5344 natura
3631 5291 3713 5345 ef-

2125 5373 2274 5444 ﬁngit
2290 5373 2503 5428 nomina
2525 5388 2589 5428 ex
2613 5375 2823 5444 pr0pria
2847 5376 3162 5432 substantia.
3191 5378 3288 5434 llic
3305 5391 3523 5436 vocatur
3541 5381 3712 5448 dives,

2095 5467 2357 5522 ‘sednon
2380 5476 2481 5522 est.
2528 5467 2597 5522 Et
2634 5469 2904 5538 quomodo
2933 5487 3041 5525 non
3087 5480 3191 5538 est,
3229 5474 3444 5543 quando
3487 5476 3714 5532 multum

2126 5559 2353 5630 argenti,
2379 5559 2602 5613 multum
2631 5561 2768 5624 auri,
2801 5560 3003 5630 lapides
3043 5563 3278 5632 pretiosi,
3307 5573 3484 5620 vestes
3509 5581 3711 5633 aureae,

2127 5661 2181 5706 et
2207 5651 2383 5706 omnia
2423 5651 2522 5706 alia
2551 5651 2598 5706 ei
2629 5651 2883 5707 afﬂuunt?
2911 5653 3171 5719 Quoniam
3215 5670 3323 5712 non
3364 5671 3574 5724 aurum,
3617 5673 3721 5714 nec

2129 5753 2328 5810 vestes,
2362 5759 2461 5799 nec
2490 5744 2754 5815 pecuniae,
2795 5744 2889 5800 sed
2931 5744 3271 5817 eleemosyna
3312 5747 3436 5802 facit
3474 5748 3715 5804 divitem.

2133 5836 2257 5890 ll:ec
2276 5836 2416 5891 enim
2448 5846 2572 5891 sunt
2606 5835 2830 5902 fustium,
2863 5837 2977 5892 hmc
3017 5837 3156 5909 ligna
3196 5850 3252 5896 et
3294 5841 3506 5912 stipula.
3535 5842 3719 5909 Qualis

2136 5929 2299 6001 enim,
2337 5930 2444 5999 dic,
2478 5944 2680 6001 quazso,
2709 5930 2939 5987 vestium
2966 5930 3190 5988 amictus
3221 5933 3366 5990 illum
3393 5939 3455 5996 ad
3487 5935 3722 5993 terribile
