4140 6356
445 421 540 476 ΠΙ

442 533 574 589 illud
600 531 826 589 tribunal
857 529 1056 586 nudum
1090 538 1321 584 stantem
1361 529 1573 599 operire
1606 528 1843 598 poterit?
1878 529 2031 600 Quod

443 624 835 698 pertimescens
863 621 1061 678 Paulus
1094 618 1348 676 dicebat:
1387 619 1446 674 Si
1475 618 1676 690 quidem
1713 618 1898 684 induti,
1931 637 2032 674 nou

439 715 566 770 nudi
589 713 898 784 reperiemur
927 711 1004 784 (2.
1050 709 1171 767 Cor.
1201 711 1255 766 5.
1283 708 1362 783 3).
1390 709 1520 778 Qua:
1548 709 1788 781 pecunia:
1828 724 1953 767 eum
1976 711 2030 766 in

439 806 739 878 periculum
779 805 1066 860 adductum
1109 811 1360 872 poterunt
1391 800 1666 858 eximere?
1708 801 1800 872 qui
1845 801 2030 858 famuli

439 904 691 967 poterunt
719 893 908 950 adesse
945 893 1164 950 domino
1187 894 1276 963 qui
1305 891 1636 964 flagellatur?
1656 909 1776 964 quae
1800 892 2031 949 domus?

441 989 533 1060 qui
563 986 769 1058 lapides
798 987 1054 1058 pretiosi?
1082 1001 1201 1056 qua:
1227 985 1415 1040 balnea
1444 992 1693 1054 poterunt
1719 984 2029 1056 abstergere

439 1078 628 1135 sordes
654 1089 929 1150 susceptas
960 1094 1028 1134 ex
1067 1078 1330 1149 peccatis?
1355 1077 1643 1149 Quousque
1677 1077 1920 1149 vosipsos
1945 1093 2030 1134 se-

437 1170 666 1225 ducitis?
712 1184 989 1240 quousque
1039 1184 1219 1224 rerum
1271 1169 1549 1224 veritatem
1601 1183 1708 1227 non
1758 1168 1978 1224 cernitis
2011 1210 2028 1236 ,

437 1261 545 1317 sed“
565 1261 788 1317 somniis
815 1260 1050 1327 inhiatis,
1079 1277 1200 1316 cum
1242 1276 1411 1334 prope
1437 1271 1491 1317 et
1535 1262 1586 1316 in
1620 1261 1821 1317 foribus
1844 1261 1913 1316 sit
1935 1260 2027 1332 ju-

437 1352 636 1408 dicium
655 1354 680 1395 ν
711 1352 817 1410 Sed
862 1361 1195 1410 revertamur
1218 1353 1285 1409 ad
1327 1367 1390 1408 ea
1431 1368 1551 1424 quae
1577 1362 1700 1408 sunt
1735 1356 2026 1424 proposita.

436 1444 624 1500 Patres
650 1445 810 1500 nostri
847 1445 1270 1500 annuntiauerunt
1296 1444 1437 1499 nobis
1465 1461 1592 1515 opus
1628 1445 1763 1514 quod
1787 1443 1951 1515 fecisti
1973 1444 2028 1498 in

437 1537 614 1592 diebus
654 1553 847 1604 eorum,
898 1537 954 1592 in
1003 1537 1178 1592 diebus
1220 1537 1454 1608 antiquis.
1502 1537 1687 1592 Potest
1723 1537 1885 1592 etiam
1925 1535 2028 1594 hoc

435 1628 658 1683 verbum
685 1628 823 1682 sumi
847 1627 1159 1698 anagogice.
1191 1628 1302 1684 Etsi
1331 1629 1474 1688 enim
1507 1628 1612 1683 illis
1641 1639 1820 1699 patres
1843 1644 2028 1683 narra-

434 1729 650 1787 verunt,
683 1727 860 1777 tamen
889 1720 1047 1774 nobis.
1084 1720 1243 1774 ctiam
1285 1719 1435 1774 dedit
1469 1720 1561 1774 Dei
1602 1720 1793 1790 gratia,
1825 1729 1883 1773 ut
1907 1735 2026 1790 qua:

433 1812 576 1882 apud
613 1811 733 1867 illos
771 1810 914 1867 facta
953 1821 1098 1878 sunt,
1137 1827 1232 1882 per
1259 1813 1428 1868 sancti
1469 1812 1698 1883 Spiritus
1739 1813 2024 1868 adventum

433 1903 785 1959 disceremus.
826 1901 1106 1981 Quomodo
1144 1913 1324 1958 autem
1353 1904 1561 1974 poterit
1600 1905 1862 1974 quiSpiam
1908 1903 2026 1959 haec

432 2009 651 2049 sumere
693 1993 1016 2066 anagogice?
1064 1993 1118 2049 Si
1163 2009 1225 2049 ea
1267 1994 1446 2051 trahat
1468 1993 1536 2063 ad
1577 1994 1829 2063 praeclara
1871 2007 2024 2048 novae

431 2086 613 2157 gratia:
642 2084 898 2152 facinora,
925 2085 1065 2156 quod
1104 2085 1162 2140 in
1201 2086 1392 2141 caelum
1422 2086 1611 2140 sublati
1653 2085 1844 2152 simus,
1881 2085 2024 2154 quod

429 2193 599 2249 regno
625 2177 772 2249 digni
799 2177 968 2231 simus
997 2176 1189 2245 habiti,
1213 2178 1352 2248 quod
1387 2178 1524 2233 Deus
1553 2177 1714 2233 homo
1741 2176 1909 2232 factus
1931 2177 2020 2245 sit,

390 2286 392 2332 ξ
429 2269 572 2339 quod
602 2267 778 2323 solvat
803 2268 1174 2326 intermediam
1197 2269 1338 2340 sepis
1370 2267 1668 2323 maceriam.
1701 2265 1807 2324 Sed
1836 2267 2022 2323 redea-

428 2373 554 2416 mus
581 2359 648 2415 ad
677 2359 975 2416 historiam.
998 2358 1140 2431 Opus
1158 2361 1292 2432 quod
1320 2372 1553 2431 operatus
1577 2378 1628 2416 es
1656 2362 1710 2415 in
1734 2361 1906 2419 diebus
1933 2377 2022 2416 eo-

426 2468 561 2519 rum,
601 2453 656 2506 in
704 2451 878 2506 diebus
916 2453 1153 2523 antiquis.
1192 2452 1434 2507 Meminit
1477 2453 1753 2522 cujusdam
1791 2453 2021 2524 antiquae

427 2541 770 2609 narrationis,
795 2551 848 2596 et
874 2557 995 2612 qua:
1039 2542 1293 2612 prmclare
1317 2542 1444 2600 olim
1471 2542 1605 2598 facta
1631 2552 1757 2598 sunt
1783 2542 2016 2605 adducit.

425 2631 493 2687 Et
511 2647 608 2687 cur
627 2648 734 2688 non
763 2632 992 2702 alicujus
1022 2633 1143 2687 novi
1174 2633 1451 2696 meminit?
1476 2633 1738 2710 Quoniam
1761 2633 1901 2704 apud
1921 2634 2019 2688 ho-

426 2722 598 2779 mines
625 2723 840 2795 quidem
875 2723 1000 2794 jure
1040 2739 1129 2791 ea,
1166 2740 1286 2794 quae
1328 2735 1453 2779 sunt
1480 2740 1670 2781 recens
1709 2736 1846 2793 acta,
1894 2741 2022 2780 nar-

425 2830 607 2870 ramus
631 2833 648 2871 :
674 2825 729 2871 et
746 2831 840 2886 per
865 2831 926 2870 ea
954 2817 1097 2886 ipsos
1117 2816 1454 2884 altrahimus,
1487 2819 1611 2888 quia
1637 2833 1824 2873 eorum
1845 2819 2016 2874 imbe-

425 2905 550 2960 cilia
603 2915 686 2961 est
738 2907 1045 2962 memoria:
1090 2907 1199 2962 Deo
1244 2917 1422 2962 autem
1472 2925 1624 2978 mque
1672 2918 1796 2964 sunt
1840 2910 2019 2965 omnia

424 2996 659 3068 cognita,
687 3008 745 3052 et
779 3009 984 3064 vetera,
1033 3007 1087 3054 et
1129 3013 1285 3054 nova.
1313 2998 1447 3054 Ecce
1489 3002 1670 3066 enim,
1721 3002 1923 3071 inquit,
1964 3013 2019 3056 tu

423 3088 700 3157 cognovisti
727 3090 921 3156 omnia,
948 3089 1221 3144 novissima
1247 3099 1294 3144 et
1318 3092 1529 3164 antiqua
1557 3089 1730 3165 (Psal.
1782 3093 1906 3150 158.
1937 3094 2015 3166 5).

423 3177 548 3233 Nilil
603 3187 781 3234 autem
823 3177 994 3237 refert
1041 3195 1111 3238 an
1164 3190 1426 3248 veterem,
1472 3198 1540 3238 an
1594 3199 1786 3244 novam
1833 3201 2016 3240 narra-

426 3271 628 3326 tionem
667 3271 788 3341 quis
832 3271 1048 3339 dixerit,
1093 3273 1256 3336 modo
1283 3275 1354 3330 sit
1378 3277 1652 3347 proposito
1669 3279 2014 3335 conveniens.

425 3362 724 3432 Quamnam
789 3375 969 3420 autem
1019 3366 1133 3426 vult
1192 3367 1464 3438 antiquam
1519 3369 1701 3427 dicere
1754 3372 2019 3427 narratio-

427 3457 602 3512 nem?
643 3457 955 3516 Audiamus.
997 3459 1051 3515 3.
1103 3457 1294 3521 Manus
1342 3471 1429 3514 tua
1467 3473 1637 3534 gentes
1683 3463 2015 3535 disperdidit,

426 3561 474 3604 et
517 3551 758 3621 plantasti
803 3567 886 3606 eos
927 3570 946 3614 :_
992 3553 1212 3623 aﬂlixisti
1253 3554 1496 3625 papulas,
1543 3564 1592 3609 et
1633 3555 1870 3627 expulisti
1910 3572 2022 3620 eos.

425 3641 807 3712 Agnovistisnc
860 3643 1130 3713 quodnam
1183 3643 1379 3700 bellum
1423 3629 1606 3714 dicat,
1649 3662 1806 3718 quam
1845 3647 2017 3704 victo-

431 3733 596 3802 riam,
623 3733 764 3804 quod
794 3733 1094 3804 tropaeum?
1124 3749 1327 3804 opusne
1369 3735 1595 3802 habetis,
1627 3745 1686 3792 ut
1715 3737 1766 3793 id
1806 3753 1837 3792 a
1864 3739 2019 3796 nobis

426 3824 764 3881 declaretur?
794 3825 1054 3882 Existimo
1077 3827 1292 3901 quidem
1319 3828 1517 3884 multos
1539 3829 1651 3900 jam
1691 3831 2019 3891 intellexisse

426 3916 570 3987 quod
598 3916 834 3983 dicitur;
887 3926 1106 3988 prapter
1140 3934 1236 3977 eos
1263 3929 1441 3975 autem
1475 3923 1564 3992 qui
1601 3921 1867 3991 ignorant,
1917 3939 2015 3983 ne-

425 4021 578 4064 cesse
605 4016 688 4064 est
710 4008 910 4079 aliquid
952 4020 1190 4065 nostrum
1228 4010 1444 4067 addere.
1475 4013 1711 4082 Quorum
1746 4030 1874 4086 ergo
1905 4025 2016 4071 tro-

427 4113 689 4168 pzeorum,
718 4114 950 4170 quorum
990 4099 1285 4163 facinorum
1333 4105 1620 4160 meminit?-
1659 4106 1856 4162 Eorum
1897 4123 2018 4178 quae

427 4192 484 4244 in
532 4190 799 4264 Egypto,
839 4208 1026 4247 eorum
1073 4209 1190 4264 quae
1235 4195 1289 4249 in
1325 4195 1574 4262 deserto,
1603 4213 1788 4253 eorum
1814 4213 1934 4271 quae
1964 4200 2016 4254 in

427 4292 573 4338 terra
626 4285 1000 4356 promissionis
1055 4285 1193 4340 facta
1245 4296 1416 4352 sunt,
1465 4288 1551 4344 vel
1608 4290 1783 4360 potius
1828 4307 2016 4348 eorum

427 4389 551 4444 quae
601 4375 654 4430 in
700 4377 1075 4446 promissione.
1127 4377 1311 4450 Neque
1347 4381 1489 4435 enim
1533 4381 1570 4435 ii
1613 4383 1701 4452 qui
1737 4398 1801 4438 ex
1850 4383 2020 4457 E8)“

427 4475 523 4536 pto
565 4468 764 4536 egressi
813 4475 975 4532 sunt,
1016 4480 1374 4540 pervenerunt
1417 4471 1477 4530 in
1519 4471 1878 4540 Palmstinam,
1921 4476 2018 4532 sed

426 4574 616 4615 omnes
658 4560 964 4616 ceciderunt
992 4563 1044 4616 in
1069 4561 1288 4618 deserto
1313 4564 1332 4635 (
1360 4564 1617 4622 Num”.
1644 4567 1738 4634 23;
1766 4567 1927 4624 Hebr.
1957 4570 2013 4625 3.

429 4651 562 4720 Π).
591 4650 821 4717 Quando.
840 4667 968 4723 ergo
997 4654 1086 4723 qui
1132 4671 1196 4708 cx
1253 4655 1360 4711 illis
1411 4658 1520 4712 nati
1567 4668 1711 4725 sunt,
1760 4669 1816 4714 et
1843 4661 1934 4731 qui
1963 4662 2015 4716 in

427 4744 641 4798 deserto
669 4754 794 4799 sunt
826 4745 1074 4810 educati,
1121 4747 1347 4818 ingressi
1387 4758 1514 4805 sunt
1547 4751 1605 4808 in
1642 4752 1978 4809 Palaestinam
1999 4795 2014 4820 ,

428 4833 620 4910 inquit,
645 4836 723 4889 eis
751 4851 862 4890 non
904 4835 1002 4891 fuit
1021 4853 1157 4905 opus
1183 4840 1369 4904 armis,
1399 4822 1596 4896 sedvel
1624 4842 1738 4912 ipso
1759 4845 1874 4899 solo
1903 4846 2014 4900 cia-

429 4942 581 4982 more
603 4928 764 4983 urbes
791 4939 1084 4999 ceperunt:
1114 4939 1310 4987 etcum
1342 4932 1633 4994 Iordanem
1657 4938 2013 5008 transiissent,

427 5018 653 5088 primam
684 5019 868 5074 urbem
896 5037 1014 5091 qua:
1041 5023 1118 5078 eis
1147 5026 1407 5093 occurrit,
1433 5025 1684 5096 Jericho,
1708 5030 2013 5086 Saltantium

427 5112 607 5180 potius
660 5127 819 5182 quam
864 5113 1174 5170 bellantium
1213 5117 1318 5172 ritu
1368 5119 1648 5176 diruerunt
1693 5121 1887 5192 (Josue
1913 5121 2011 5197 6).

429 5205 636 5259 Armati
663 5207 806 5261 enim
834 5223 938 5261 non
963 5217 1229 5279 tamquam
1257 5211 1324 5266 ad
1351 5227 1600 5283 pugnam,
1630 5214 1724 5270 sed
1748 5225 2012 5288 tamquam

427 5296 495 5351 ad
537 5297 880 5356 festivitatem
931 5317 996 5357 ac
1043 5302 1293 5359 choream
1327 5306 1529 5375 egressi
1585 5318 1750 5376 sunt,
1795 5320 2016 5368 ornatus

439 5389 615 5456 potius
642 5392 844 5462 gratia,
878 5411 1036 5463 quam
1090 5405 1147 5449 ut
1193 5397 1415 5453 tutiores
1457 5410 1636 5455 essent
1665 5443 1680 5467 ,
1720 5405 1883 5457 armis
1930 5404 2013 5459 in-

429 5482 641 5545 structi,
668 5491 723 5538 et
758 5485 926 5540 sacris
947 5486 1182 5542 vestibus
1211 5487 1381 5542 induti
1409 5530 1425 5554 ,
1450 5499 1503 5546 et
1524 5490 1784 5549 habentes
1805 5493 2016 5550 Levitas

435 5572 526 5640 qui
556 5583 732 5630 castra
761 5575 1136 5645 praecedebant
1162 5620 1176 5643 ,
1204 5595 1387 5634 muros
1424 5581 1727 5638 cinxerunt.
1752 5585 1819 5640 Et
1847 5585 2014 5641 videri

424 5673 632 5734 poterat
668 5667 1030 5736 spectaculum
1061 5667 1395 5735 admirabile,
1422 5681 1476 5727 et
1513 5690 1649 5744 pene
1679 5675 2009 5745 incredibile,

433 5765 511 5811 tot
538 5757 700 5812 millia
729 5760 996 5814 exercitus
1025 5771 1175 5816 certo
1201 5763 1392 5819 ordine
1438 5773 1492 5820 et
1537 5782 1823 5824 numerose
1864 5769 2014 5825 ince-

428 5847 606 5903 dentia
631 5891 646 5918 ,
677 5850 729 5904 in
780 5851 993 5907 silentio
1022 5868 1233 5910 summo
1263 5897 1277 5922 ,
1307 5854 1634 5930 honesteque
1664 5875 1727 5916 ac
1771 5858 1964 5918 decore
1993 5904 2007 5930 ,

1153 417 1214 474 Β.
1249 415 1528 474 JOANNIS
1564 415 2033 474 CHRYSOSTOMI
2073 418 2392 478 ARCHIEP.
2431 420 2968 480 CONSTAN'IINOP.

3625 431 3730 488 172

2148 533 2371 602 perinde
2398 549 2464 590 ac
2485 537 2529 590 si
2561 535 2736 591 nullus
2767 537 2998 604 adesset,
3031 552 3152 594 eum
3197 538 3448 598 tubarum
3479 543 3730 616 clangore

2138 636 2195 682 et
2225 627 2587 685 modulatione
2614 629 2794 685 omnia
2822 640 2971 687 recte
2994 633 3248 703 gessisse.
3275 635 3606 694 Erubescant
3634 641 3726 710 qui

2139 719 2528 774 tumultuantur
2555 720 2608 775 in
2635 722 2883 776 ecclesia.
2917 721 2976 778 Si
3018 723 3160 778 enim
3191 725 3280 780 ubi
3318 726 3460 782 tuba:
3501 741 3729 790 resona-

2135 808 2283 872 bant,
2319 817 2426 864 tam
2459 810 2681 880 pulcher
2727 821 2846 868 erat
2897 812 3067 880 ordo,
3097 822 3154 870 et
3194 823 3343 872 tanta
3379 818 3676 876 moderatio
3706 838 3724 876 :

2137 901 2225 956 ubi
2268 902 2407 956 Deus
2446 902 2561 973 ipse
2596 903 2862 974 loquitur,
2890 920 3048 975 quam
3083 907 3294 964 veniam
3339 921 3728 982 assequentur,

2135 993 2229 1063 qui
2256 1004 2474 1064 propter
2501 1009 2626 1051 suos
2647 997 2906 1054 tumultus
2936 997 3255 1068 impediunt,
3287 1016 3358 1056 ne
3385 1017 3506 1072 qua:
3533 1003 3725 1060 dicun-

2135 1093 2241 1148 tur,
2275 1085 2595 1143 audiantur?
2621 1088 2724 1145 Sed
2752 1104 2868 1154 cur,
2901 1090 3100 1161 inquit,
3128 1107 3232 1146 non
3259 1093 3508 1150 meminit
3535 1110 3722 1153 eorum

2133 1181 2224 1250 qui
2247 1189 2594 1239 excesserunt
2617 1198 2683 1237 ex
2705 1180 2940 1255 Egypto
2955 1184 2981 1238 ?-
3006 1185 3271 1252 Quoniam
3299 1201 3489 1244 omnes
3512 1189 3728 1244 occide.

2133 1283 2294 1340 runt,
2319 1274 2571 1344 quoniam
2620 1290 2807 1346 poenas
2847 1276 3132 1334 dederunt.
3177 1278 3284 1334 Cur
3313 1288 3494 1336 autem
3535 1296 3729 1338 omnes

2133 1364 2457 1433 perierunt?
2485 1365 2619 1433 Quia
2663 1366 2814 1422 valde
2843 1378 3157 1437 peccarunt.
3191 1368 3328 1429 Hinc
3355 1379 3534 1428 autem
3577 1374 3727 1430 aliud.

2131 1468 2345 1525 quoque
2370 1455 2622 1525 providit,
2651 1467 2711 1512 ut
2735 1459 2824 1528 qui
2855 1458 3195 1519 Palaestinam
3232 1469 3387 1521 erant
3409 1465 3727 1534 occupaturi

2137 1551 2280 1606 mala
2309 1565 2432 1621 qua
2474 1555 2632 1604 erant
2660 1552 2722 1606 in
2745 1547 2982 1620 Egypto
3027 1563 3135 1602 non
3177 1548 3450 1613 viderent,
3496 1564 3716 1606 omnem

2136 1659 2330 1713 nempe
2373 1643 2846 1713 superstitionem.
2885 1657 3104 1698 omnem
3154 1642 3510 1711 impietatem,
3560 1650 3615 1697 et
3655 1649 3719 1702 ut

2135 1735 2684 1804 tantzeimprohitatis
2707 1735 2918 1792 nullum
2945 1737 3267 1804 magistrum
3290 1735 3578 1790 haberent.
3607 1734 3722 1790 Eos

2134 1826 2280 1882 enim
2308 1825 2384 1879 ita
2410 1831 2822 1896 praeoccuparet
2846 1823 3241 1896 Egyptiorum
3263 1825 3632 1892 consuetudo,
3659 1833 3716 1881 et

2133 1939 2230 1980 eos
2257 1923 2330 1977 ita
2355 1933 2598 1994 ceperat,
2633 1930 2846 1994 ut,post
2880 1931 2962 1977 tot
2997 1923 3265 1979 miracula
3296 1940 3366 1980 ne
3402 1926 3459 1980 in
3492 1923 3715 1982 deserto

2133 2017 2354 2087 quidem
2384 2032 2521 2087 pure
2538 2017 2746 2072 erroris
2771 2016 3034 2088 reliquias
3056 2017 3453 2088 abstergerent.
3477 2018 3637 2086 Quod
3665 2020 3713 2076 si

2131 2114 2294 2168 etiam
2313 2112 2591 2183 cepissent
2613 2111 2955 2169 Chananaaos
2973 2113 3252 2183 prioribus
3269 2112 3574 2168 deteriores
3596 2129 3715 2167 ma-

2132 2204 2479 2274 gistros,quo
2513 2219 2622 2259 non
2658 2203 2934 2274 erupisset
2962 2219 3153 2259 eorum
3186 2204 3475 2275 impietas?
3496 2205 3563 2260 Et
3591 2205 3724 2260 ideo

2129 2312 2228 2354 eos
2258 2297 2350 2368 qui
2397 2297 2511 2353 nati
2559 2307 2719 2354 erant
2746 2299 3020 2354 continuit
3063 2299 3118 2354 in
3155 2299 3392 2364 deserto,
3426 2299 3602 2356 donec
3643 2299 3718 2356 ad-

2131 2393 2376 2446 virorum
2403 2399 2618 2447 atatem
2642 2392 3027 2462 pervenissent
3054 2407 3246 2447 eorum
3276 2391 3394 2446 ﬁlii.

2199 2483 2255 2542 4.
2295 2480 2422 2538 Haec
2448 2490 2630 2538 autem
2664 2483 2940 2552 loquimur
2962 2498 3071 2538 non
3092 2499 3159 2538 ex
3190 2483 3370 2547 nobis,
3393 2479 3489 2538 sed
3507 2497 3538 2542 e
3561 2482 3722 2538 δαί-ι

2132 2571 2311 2642 pturis
2351 2572 2698 2641 deprompta.
2731 2570 2869 2627 Nam
2913 2588 3011 2643 per
3059 2571 3404 2634 Ezechielem
3438 2573 3584 2630 Deus
3611 2573 3716 2628 hoc

2130 2663 2309 2736 ipsum
2332 2665 2415 2719 eis
2431 2664 2746 2735 eXprobrat,
2767 2664 2915 2734 quod
2937 2679 3062 2718 cum
3088 2679 3184 2720 eos
3203 2668 3256 2719 in
3274 2665 3551 2722 desertum
3577 2657 3725 2721 edn-5

2128 2756 2324 2822 xissct,
2341 2765 2398 2812 et
2424 2757 2656 2811 multum
2685 2771 2811 2811 cum
2826 2756 2908 2812 eis
2931 2756 3309 2821 disseruisset,
3325 2771 3435 2812 non
3449 2756 3719 2817 audieha-.

2125 2859 2216 2908 tur
2244 2849 2461 2920 (Ezech.
2482 2849 2574 2906 90.
2601 2850 2711 2921 10).
2733 2848 2840 2905 Sed
2858 2864 2966 2920 qua
2982 2849 3052 2907 de
3072 2864 3240 2906 causa
3252 2849 3420 2920 jussit
3431 2865 3528 2906 eos
3543 2850 3726 2911 armis

2125 2943 2307 3008 indui,
2327 2957 2455 2998 cum
2484 2951 2676 2999 essent
2693 2941 3006 3012 aggressuri
3037 2939 3298 3000 Jericbo?
3319 2939 3537 2997 Fuisset
3564 2941 3722 2999 enim

2125 3035 2584 3100 admirabilius,si
2603 3034 2708 3090 hoc
2724 3033 2989 3090 fecissent
3004 3034 3124 3090 sine
3137 3033 3326 3090 armis.
3345 3033 3571 3092 Scilicet
3585 3049 3722 3095 cum.

2118 3129 2312 3200 iubeat
2341 3127 2547 3200 aliquid
2574 3129 2876 3183 humanum
2910 3125 3114 3191 facere,
3156 3134 3212 3183 et
3255 3127 3464 3198 aliquid
3509 3128 3727 3184 sensile

2125 3223 2390 3278 auxilium
2418 3222 2691 3292 accipere,
2725 3221 2830 3275 hoc
2856 3219 2991 3280 facit
3015 3236 3076 3280 se
3107 3220 3402 3276 demittens
3426 3219 3495 3275 ad
3517 3235 3719 3280 eorum

2122 3314 2735 3381 imbecillitatemQuid
2750 3315 3210 3385 potueruntenim
3232 3328 3384 3368 arma
3404 3313 3620 3368 eﬂicere
3643 3313 3723 3379 ad;

2122 3423 2313 3464 muros
2351 3407 2654 3465 diruendas
2681 3408 2706 3461 ?
2733 3406 2867 3478 quid
2898 3421 3030 3464 vero
3059 3407 3284 3478 clangor
3325 3403 3623 3461 tubarum?
3653 3405 3720 3460 Si

2119 3499 2266 3556 enim
2287 3497 2481 3555 fuisset
2492 3496 2696 3554 bellum
2711 3497 2979 3556 adversus
2995 3496 3141 3552 homi
3150 3494 3300 3560 nes,f
3301 3495 3472 3550 uisset
3487 3494 3594 3564 aliq
3603 3495 3723 3557 uod,

2120 3599 2460 3646 momentum
2485 3591 2542 3646 in
2573 3590 2748 3645 armis
2775 3588 3151 3659 reponendum
3183 3605 3197 3641 :
3228 3587 3315 3642 sin
3338 3591 3522 3640 autem
3549 3594 3710 3641 erant

2118 3697 2319 3738 casura
2346 3681 2576 3744 muenia,
2601 3695 2832 3735 curnam
2869 3680 3042 3734 armis
3075 3677 3423 3732 induuntur?
3455 3675 3571 3732 Sub
3599 3675 3708 3731 Ge-

2116 3777 2293 3832 deone
2318 3790 2539 3846 quoque
2562 3775 2659 3844 qui
2682 3771 2827 3843 capti
2853 3779 3004 3838 sunt,
3027 3781 3187 3827 erant
3223 3771 3462 3841 aequales
3493 3770 3583 3834 iis,
3613 3771 3707 3840 qui

2115 3883 2226 3931 non
2257 3867 2404 3937 capti
2438 3873 2569 3921 sunt
2597 3863 2719 3935 (a):
2753 3878 2947 3919 omnes
2979 3861 3125 3917 enim
3168 3861 3440 3917 manifesti
3490 3863 3722 3922 fuerunt

2117 3959 2323 4034 (Judic.
2350 3960 2430 4031 7).
2452 3958 2564 4014 Cur
2581 3971 2716 4028 ergo
2733 3956 2851 4011 haec
2877 3954 3053 4010 tiunt?
3081 3952 3149 4009 Ut
3172 3955 3269 4024 qui
3292 3953 3407 4008 haec
3428 3954 3724 4023 jubentur,

2115 4054 2186 4114 ad
2213 4053 2376 4110 fidem
2408 4051 2772 4109 deducantur.
2809 4048 3011 4103 Anima
3051 4047 3200 4102 enim
3235 4063 3360 4117 qua:
3386 4046 3593 4101 coalita
3629 4055 3723 4104 est:

2121 4144 2364 4216 corpori,
2393 4151 2447 4197 et
2471 4141 2612 4201 nihil
2634 4154 2896 4212 umquam
2924 4139 3064 4194 vidit
3083 4138 3496 4209 incorporeum,
3515 4145 3570 4194 et
3591 4155 3718 4194 seu-

2117 4237 2377 4294 sibilibus
2396 4235 2591 4299 inhiat,
2620 4232 2690 4289 ab
2708 4233 2778 4289 iis
2799 4248 2923 4302 qua:
2939 4230 3193 4285 videntur
3209 4229 3279 4283 ad
3304 4244 3368 4284 ea
3389 4245 3512 4299 quae
3530 4238 3714 4284 mente

2119 4329 2668 4402 comprehenduntur
2697 4327 2895 4383 deduci
2930 4340 3069 4396 opus
3115 4325 3300 4378 habet.
3351 4322 3512 4380 Unde
3546 4322 3712 4378 etiam

2117 4424 2403 4502 prophetis
2430 4423 2502 4480 de
2530 4425 2638 4479 beo
2662 4420 3022 4493 loquentibus
3043 4433 3184 4488 opus
3210 4415 3314 4471 fuit
3346 4416 3711 4471 humanorum

2117 4520 2492 4576 membrorum
2511 4515 2858 4579 meminisse,
2875 4529 2985 4576 non
3009 4525 3068 4568 ut
3093 4512 3238 4565 illam
3263 4521 3516 4565 naturam
3539 4524 3570 4562 a
3593 4522 3715 4564 cor-

2115 4613 2374 4680 ruptione
2399 4617 2455 4668 et
2480 4608 2702 4663 interitu
2737 4607 2970 4662 alienam
3002 4603 3075 4662 ad
3110 4602 3482 4659 membrorum
3509 4601 3727 4673 figuras.

2117 4700 2563 4775 etlingerent,sed
2581 4709 2641 4755 ut
2672 4699 2910 4757 animam
2930 4697 2983 4751 in
3007 4694 3306 4751 sensilibus
3322 4709 3448 4749 cum
3477 4708 3713 4762 corpore

2117 4798 2414 4856 enutritam
2442 4810 2511 4849 ex
2531 4791 2788 4850 humanis
2805 4805 2869 4846 ea
2887 4790 3150 4845 docerent
3168 4787 3422 4858 dogmata
3443 4801 3564 4857 qua:
3583 4795 3717 4847 sunt

2119 4907 2290 4963 supra
2319 4881 2616 4944 hominem.
2643 4885 2912 4958 Quoniam
2938 4898 3070 4953 ergo
3089 4880 3184 4936 Dei
3211 4880 3464 4955 operatio
3493 4889 3579 4935 est
3609 4879 3718 4932 ali-.

2117 4987 2250 5058 quid
2284 4983 2434 5056 quod
2464 4979 2897 5052 apprehenditur
2921 4975 3283 5046 intelligentia
3314 4991 3328 5028 :
3363 4989 3432 5028 ne
3455 4973 3549 5042 qui
3580 4980 3710 5025 tunc

2118 5085 2307 5142 erant,
2336 5091 2446 5131 non
2471 5073 2783 5135 crederent,
2818 5070 2975 5142 ponit
2994 5069 3159 5124 etiam
3187 5065 3395 5136 aliquid
3423 5065 3718 5128 sensibile.

2120 5172 2178 5228 Si
2214 5171 2359 5226 enim
2389 5168 2623 5224 dixisset
2650 5183 2664 5220 :
2693 5163 2752 5219 1n
2783 5171 2993 5234 septem
3020 5160 3216 5216 diebus
3243 5167 3522 5216 evertetur
3550 5158 3706 5221 urbs,

2119 5266 2276 5322 vobis
2315 5261 2755 5334 quiescentibus,
2790 5265 2845 5313 et
2879 5255 3011 5312 nihil
3045 5254 3375 5312 facientibus
3422 5272 3435 5307 :
3471 5251 3720 5307 fortasse.

2121 5357 2278 5412 multi
2313 5371 2430 5416 non
2455 5353 2826 5410 credidissent
2849 5363 3038 5418 ;_nunc
3067 5355 3250 5405 autem
3291 5346 3409 5404 haec
3439 5350 3720 5414 praecepta,

2118 5449 2288 5506 veluti
2299 5446 2572 5520 quoddam
2587 5444 3002 5502 fundamentum
3017 5439 3270 5499 humana:
3283 5437 3451 5493 menti
3466 5435 3706 5504 subjicit.

2184 5621 2256 5682 (a)
2288 5620 2418 5686 Quod
2439 5620 2511 5686 ait_
2529 5619 2897 5686 Chrysostomus
2917 5615 3043 5678 apud
3065 5614 3344 5686 pedoonem
3368 5623 3457 5660 eos
3476 5611 3557 5672 qui
3581 5612 3713 5686 capti

2119 5675 2471 5744 suntfthuales
2488 5675 2642 5731 fuisse
2661 5681 2720 5728 iis
2740 5680 2822 5744 qui
2844 5675 3081 5744 uou'sunt
3103 5677 3255 5738 capti,
3272 5675 3435 5744 lapsus
3456 5675 3713 5744 memoria

2121 5743 2294 5794 savih‘o
2317 5734 2430 5792 esse
2455 5745 2674 5794 'videtur.
2708 5734 2819 5792 Mihi
2856 5753 2976 5791 vero
3013 5739 3092 5788 hic
3121 5734 3218 5787 non
3249 5734 3436 5785 mnstat
3465 5734 3582 5796 quid
3615 5734 3708 5782 sm:

2121 5807 2242 5854 velit
2259 5804 2638 5866 Chrysostomus.
2665 5804 2784 5855 Male
2806 5809 2971 5854 autem
2995 5810 3086 5864 tm,
3119 5811 3318 5851 numero
3351 5796 3708 5861 mquates,vcr~

2125 5875 2252 5918 terat
2276 5874 2530 5918 Hervetus.
