4140 6356
395 447 493 505 ΠΙ

396 563 572 631 Ὅπερ
613 558 708 614 καὶ
751 557 963 622 Παῦλος
992 555 1248 622 δεδοικὼς
1277 556 1482 626 ἔλεγεν·
1512 558 1698 628 Εἵπερ
1747 558 1845 613 καί
1883 557 1982 610 ἐν·

392 651 746 722 δυσάμενοι,
763 651 837 704 οὐ
859 649 1072 719 γυμνοὶ
1097 650 1559 719 εὑρεθησόμεθα.
1578 650 1713 704 Ποῖα
1729 651 1832 722 χρή
1841 664 1984 719 ματα

391 745 480 798 τὸν
511 741 888 797 κινδυνεύοντα
921 739 1199 804 ἐξελέσθαι
1232 740 1555 812 δυνήσεται;
1598 742 1740 796 ποῖοι
1775 739 1983 794 οἰκέται

394 833 773 906 μαστιζομένῳ
809 833 1257 903 παραστήσεσθαι
1305 832 1384 904 τῷ
1415 832 1680 904 δεσπότῃ;
1722 836 1871 886 ποῖαι
1906 834 1984 885 οἰ·

391 922 535 988 κίαι;
581 922 725 973 ποῖοι
763 919 904 974 λίθοι
944 919 1266 992 πολύτιμοι;
1303 924 1435 976 ποῖα
1469 921 1727 992 βαλανεῖα
1766 922 1857 976 τὸν
1887 921 1984 994 ῥύ-

391 1031 490 1066 πον
525 1011 848 1082 άποσμῆξαι
899 1012 1192 1083 δυνήσεται
1239 1013 1333 1067 τὸν
1377 1016 1442 1067 ἐκ
1497 1014 1605 1068 τῶν
1644 1013 1981 1087 ἁμαρτημά-

387 1124 526 1171 των;
568 1107 748 1178 Μέχρι
780 1106 926 1170 τίνος
969 1107 1198 1171 ἑαυτοὺς
1235 1109 1518 1176 ἀπατᾶτες
1553 1108 1714 1180 μέχρι
1741 1107 1888 1168 τίνος
1918 1107 1978 1160 οὐ

388 1198 705 1254 διαϐλέπετε
746 1197 855 1251 τῶν
901 1199 1248 1268 πραγμάτων
1277 1198 1377 1270 τὴν
1416 1200 1700 1271 ἀλήθειαν,
1738 1199 1854 1253 ἀλλ’
1887 1199 1981 1253 ἐπὶ

387 1289 458 1343 τά
510 1290 765 1362 ὀνείρατα
802 1291 1094 1362 κεχήνατε,
1143 1293 1311 1360 ἐγγὺς
1364 1292 1460 1346 καὶ
1501 1293 1595 1345 ἐπὶ
1642 1291 1836 1363 θύραις
1881 1291 1980 1362 τῆς

389 1381 624 1452 κρίσεως
650 1380 852 1453 οὖσηςς
887 1382 1030 1436 Ἀλλ’
1053 1383 1148 1436 ἐπὶ
1176 1383 1244 1437 τά
1277 1383 1620 1455 προκείμενα
1645 1383 1973 1454 ἐπανίωμεν.

394 1474 458 1524 Ol
494 1471 750 1539 πατέρες
775 1471 946 1540 ἡμῶν
979 1473 1348 1543 ἁνήγγτιιλαν
1377 1474 1524 1544 ἡμῖν
1549 1484 1568 1505 ⁸
1603 1474 1784 1544 ἔργον
1812 1474 1843 1528 ὃ
1870 1476 1981 1542 Elp-

388 1557 554 1630 φάσω
597 1557 668 1610 ἐν
718 1557 848 1623 ταῖς
900 1557 1154 1625 ἡμέραις
1199 1557 1421 1621 αὐτῶν,
1469 1558 1540 1610 ἐν
1589 1559 1840 1628 ἡμέραις
1870 1559 1976 1628 ἀρ-

389 1647 608 1717 χαίαις.
637 1644 855 1710 Ἔξεστι
889 1647 984 1699 καὶ
1021 1648 1154 1717 ἡμῖν
1189 1645 1348 1699 τοῦτο
1377 1648 1554 1700 εἰπεῖν
1585 1647 1728 1700 κατὰ
1767 1648 1979 1717 ἀναγω-

389 1738 490 1809 γὴν
529 1737 590 1792 τὸ
625 1739 797 1808 ῥῆμα.
824 1740 887 1791 Et
921 1739 1021 1809 μὲν
1059 1739 1154 1792 καὶ
1193 1737 1423 1801 ἐκείνοις
1449 1741 1500 1792 οἰ
1530 1741 1765 1810 πατέρες
1791 1739 1978 1810 διηγή-

392 1847 576 1892 σαντο,
601 1829 740 1884 ἀλλὰ
785 1830 882 1883 καὶ
929 1833 1062 1901 ἡμῖν
1102 1832 1135 1902 ή
1185 1830 1277 1884 τοῦ
1314 1830 1451 1884 Θεοῦ
1489 1831 1648 1903 χάρις
1683 1832 1850 1886 ἔδωκε
1889 1831 1976 1886 διὰ

388 1922 488 1991 τῆς
516 1923 914 1994 ἐπιφοιτήσεως
942 1921 1036 1976 τοῦ
1067 1921 1381 1994 Πνεύματος
1414 1923 1605 1994 μαθεῖν
1633 1925 1701 1978 τὰ
1729 1926 1971 1981 ἐκείνων.

388 2013 513 2078 Πῶς
543 2013 600 2067 δέ
643 2015 708 2069 ἄν
753 2031 837 2076 τις
883 2014 1026 2068 κατά
1063 2015 1357 2086 ἀναγωγὴν
1389 2016 1532 2070 αὐτὰ
1578 2016 1828 2085 ἐκλάϐοι;
1879 2018 1974 2080 Εἰς

386 2105 457 2161 τὰ
507 2106 609 2175 τῆς
660 2107 856 2176 καινῆς
909 2107 1132 2178 χάριτος
1185 2106 1362 2160 ἐλκων
1409 2108 1846 2180 κατορθώματα,
1891 2111 1973 2184 δτι

389 2196 526 2266 πρὸς
561 2195 653 2249 τὸν
688 2195 917 2266 οὐρανὸν
951 2197 1352 2268 ἀνενέχθημεν,
1387 2199 1472 2252 ὅτι
1506 2198 1784 2269 βασιλείας
1812 2199 1974 2271 ἠξιώ-

390 2287 585 2357 θημεν,
611 2287 694 2340 ὄτι
720 2286 852 2358 Θεὸς
882 2286 1170 2357 ἄνθρωπος
1203 2288 1418 2357 γέγονε,
1445 2290 1508 2342 τὸ
1537 2290 1851 2361 μεσότοιχον
1878 2291 1974 2345 τοῦ

391 2375 647 2446 φραγμοῦ
691 2375 880 2441 λύσας.
935 2376 1074 2428 Ἀλλ’
1120 2377 1291 2448 ἴωμεν
1333 2378 1428 2432 ἐπί
1457 2379 1554 2450 τὴν
1589 2380 1830 2451 ἱστορίαν
1866 2381 1976 2435 λοι-

390 2469 511 2522 πόν.
543 2470 755 2539 Ἔργον
783 2468 814 2522 ὃ
839 2470 1098 2540 εἰργάσω
1126 2471 1196 2522 ἐν
1229 2471 1358 2537 ταῖς
1384 2471 1628 2540 ἡμέραις
1663 2473 1876 2533 αὐτῶν.
1906 2474 1976 2526 ἐν·

389 2559 635 2629 ἡμέραις
675 2562 972 2630 ἀρχαίαις.
1019 2561 1259 2616 Παλαιοῦ
1299 2581 1443 2628 τινος
1493 2564 1830 2636 διηγήματος
1878 2569 1973 2636 μέ-

395 2669 611 2722 μνηται,
641 2655 736 2706 καὶ
775 2655 977 2727 ἀρχαῖα
1020 2656 1260 2726 παράγει
1294 2656 1718 2729 κατορθώματα.
1759 2661 1868 2713 Καὶ
1896 2661 1974 2712 τί-

390 2761 476 2807 νος
507 2744 693 2798 ἕνεκεν
731 2746 792 2798 οὐ
841 2746 964 2800 νέου
998 2747 1146 2812 τινὸς
1179 2747 1456 2820 μέμνηται
1495 2749 1592 2804 καὶ
1623 2752 1971 2821 προσφάτου;

397 2835 520 2888 Ὅτι
548 2835 700 2908 παρὰ
730 2839 827 2908 μὲν
859 2838 1168 2910 ἀνθρώποις
1199 2841 1425 2905 εἰκότως
1457 2841 1566 2896 τῶν
1597 2845 1924 2912 προσφάτων
1945 2845 1974 2883 ι’

392 2927 694 2998 ποιούμεθα
744 2929 843 2999 τὴν
888 2929 1162 3001 διήγησιν,
1219 2933 1313 2985 καὶ
1363 2931 1472 2985 ἀπὸ
1525 2933 1730 2986 τούτων
1779 2935 1976 2997 αὐτοὺς

391 3018 772 3089 ἐπισπώμεθα,
811 3019 906 3072 ἆτε
936 3022 1036 3090 τῆς
1069 3023 1294 3094 μνήμης
1337 3025 1522 3088 αὐτοῖς
1549 3023 1970 3094 ἐξασθενούσης·

391 3109 544 3179 παρὰ
577 3107 635 3161 δὲ
668 3107 787 3183 Θεῷ
818 3109 998 3162 πάντα
1027 3111 1270 3180 γνωστὰ,
1309 3113 1513 3182 ὁμοίως
1551 3113 1647 3167 καὶ
1670 3113 1740 3166 τὰ
1774 3115 1977 3168 παλαιὰ

392 3199 488 3252 καὶ
524 3199 592 3251 τὰ
627 3199 743 3253 νέα.
781 3199 927 3253 Ἰδοὺ
955 3201 1087 3274 γὰρ,
1131 3205 1284 3274 φησὶ,
1319 3203 1399 3257 σὺ
1429 3205 1619 3273 ἔγνως
1660 3203 1875 3273 πάντα,
1908 3207 1978 3260 τὰ

393 3288 624 3358 ἔσχατα
655 3291 752 3344 καὶ
785 3291 858 3345 τὰ
887 3291 1124 3360 ἀρχαῖα.
1171 3295 1336 3347 Οὐδὲν
1380 3295 1628 3366 διαφέρει
1672 3297 1737 3351 άν
1776 3315 1833 3350 τε
1875 3317 1979 3351 πα-

394 3379 542 3437 λαιόν
579 3399 682 3448 τις,
729 3383 793 3439 ἄν
828 3401 885 3437 τε
921 3386 1040 3444 νέον
1080 3387 1208 3458 εἴπῃ
1255 3386 1524 3457 διήγημα,
1574 3387 1734 3458 μόνον
1781 3390 1978 3442 οἰκεῖον

393 3472 472 3543 τῷ
507 3474 852 3547 ὑποκειμένῳ
885 3476 1043 3532 ἔστω.
1075 3480 1232 3532 Ποῖον
1263 3472 1378 3542 οὖν,
1422 3477 1580 3549 φησὶ,
1609 3478 1854 3550 διήγημα
1881 3481 1981 3551 ἀρ-

394 3569 545 3643 χαῖον
587 3566 768 3636 λέγειν
813 3568 1093 3639 βούλεται;
1145 3569 1494 3641 Ἀκούσωμεν
1519 3587 1532 3600 ·
1576 3571 1637 3626 Ἡ
1678 3572 1810 3640 χείρ
1863 3585 1981 3626 σου

395 3656 537 3726 ἔθνη
580 3659 1010 3728 ἐξωλόθρευσε,
1048 3662 1205 3732 φησὶ,
1243 3660 1342 3714 καὶ
1382 3661 1832 3730 κατεφύτευσας
1875 3663 1982 3715 αὑ-

395 3750 562 3814 τούςο
581 3748 894 3817 ἐκάκωσας
914 3751 1123 3817 λαοὺς,
1143 3752 1241 3806 καὶ
1265 3750 1550 3819 ἐξέϐαλες
1574 3753 1814 3818 αὐτούς.
1834 3748 1983 3826 τΑρα

396 3841 672 3908 ἐπέγνωτε
712 3845 864 3896 ποῖον
914 3842 1063 3912 λέγει
1098 3843 1356 3915 πόλεμον,
1401 3843 1561 3898 ποίαν
1596 3843 1748 3915 [148]
1801 3843 1980 3914 νίκην,

396 3934 548 3984 ποῖον
580 3932 858 4002 τρόπαιον,
887 3933 920 4005 ἢ
955 3936 1054 4005 τῆς
1091 3936 1221 4006 παρ’
1259 3934 1421 4005 ήμῶν
1459 3935 1541 3988 ἐτι
1575 3928 1755 3988 δεῖσθε
1803 3952 1980 4006 σαφη-

397 4026 571 4093 νείας;
601 4028 740 4098 Ἤδη
777 4028 879 4098 μὲν
908 4024 1063 4100 οἶμαι
1095 4028 1323 4091 πολλοὺς
1364 4027 1770 4098 συνεωρακέναι
1800 4027 1860 4080 τὸ
1897 4027 1983 4079 λε-

398 4116 655 4188 γόμενον·
704 4117 790 4171 διὰ
819 4118 874 4171 δὲ
905 4120 1032 4182 τοὺς
1070 4118 1402 4188 ἀγνοοῦντας
1439 4120 1733 4188 ἀναγκαῖον
1780 4117 1874 4171 καὶ
1915 4118 1984 4172 τά

401 4209 533 4282 παρ’
559 4209 715 4281 ήμῶν
744 4211 1086 4282 προσθεῖναι.
1117 4210 1296 4270 Ποίων
1337 4206 1430 4264 οὗν
1457 4209 1734 4282 τροπαίων
1777 4210 1984 4281 μέμνη-

399 4319 519 4370 “aut;
572 4303 742 4356 ποίων
773 4303 1246 4375 κατορθωμάτωνς
1293 4303 1413 4356 Τῶν
1449 4304 1507 4356 ἐν
1546 4301 1828 4373 Αἰγύπτῳ,
1873 4301 1983 4355 τῶν

402 4395 461 4447 ἐν
490 4397 556 4464 τῇ
585 4396 799 4466 ἐρήμῳ,
827 4395 932 4448 τῶν
965 4397 1023 4448 ἐν
1052 4398 1116 4466 τῇ
1143 4397 1212 4466 γῇ
1253 4395 1352 4466 τῆς
1387 4392 1750 4462 ἐπαγγελίας·
1785 4392 1987 4462 μᾶλλον

402 4484 460 4547 δὲ
504 4483 612 4538 τῶν
648 4486 705 4536 ἐν
752 4486 818 4555 τῇ
871 4485 1195 4554 ἐπαγγελίᾳ.
1245 4481 1322 4538 Οὐ
1372 4481 1482 4553 γὰρ
1513 4483 1562 4534 οἱ
1601 4480 1662 4546 ἐξ
1705 4481 1983 4550 Αἰγύπτου

404 4576 740 4642 ἐξελθόντες,
788 4568 937 4629 οὗτοι
984 4576 1079 4630 καὶ
1124 4577 1224 4646 τῆς
1280 4573 1648 4645 Παλαιστίνης
1696 4573 1984 4644 ἐπέτυχον,

404 4667 540 4729 ᾁλλὰ
586 4667 787 4730 πάντες
825 4666 1020 4720 ἔπεσον
1054 4670 1116 4722 ἐν,
1148 4669 1213 4737 τῇ
1247 4667 1458 4738 ἐρήμῳ.
1502 4665 1635 4720 ’Ὁτε
1671 4664 1803 4734 γοῦν
1844 4667 1894 4719 οἱ
1927 4665 1987 4734 ἐξ

407 4759 630 4812 ἐκείνων
670 4759 974 4830 τεχθέντες,
1003 4760 1094 4812 καὶ
1127 4761 1178 4812 οἰ
1222 4761 1278 4813 ἐν
1306 4761 1373 4829 τῇ
1418 4759 1612 4832 ἐρήμῳ
1657 4757 1985 4829 τραφέντες,

407 4849 658 4922 εἰσῄεσαν
705 4852 784 4914 εἰς
822 4850 1208 4923 Παλαιστίνην,
1241 4851 1430 4922 φησὶν,
1473 4850 1574 4903 οὐκ
1623 4849 1843 4920 ἐδέησεν
1891 4849 1988 4902 αὑ-

405 4944 517 5006 τοῖς
552 4943 731 4996 ὅπλων
749 4960 761 4972 ·
793 4942 908 4996 ἀλλ’
937 4942 1184 4997 αὐτοϐοεὶ
1209 4942 1306 5005 τὰς
1343 4941 1528 5004 πόλεις
1554 4934 1717 5004 εἷλον,
1748 4939 1841 4994 καί⁵
1875 4940 1989 4994 δια-

408 5030 600 5098 ϐάντες
632 5034 724 5086 τὸν
760 5033 1049 5104 Ἰορδάνην,
1100 5033 1198 5105 τὴν
1246 5032 1471 5103 πρώτην
1516 5032 1702 5095 αὐτοῖς
1739 5032 1986 5101 ἀπαντή-

410 5139 583 5178 σασαν
624 5125 779 5178 πόλιν
812 5127 912 5196 τὴν
946 5125 1178 5196 Ἱεριχὼ,
1223 5124 1476 5193 καθάπερ
1504 5122 1822 5193 χορεύοντες
1854 5121 1989 5192 μᾶλ-

411 5215 562 5288 λονῆ
602 5217 970 5288 πολεμοῦντες
1005 5219 1371 5286 κατήνεγκαν.
1421 5213 1841 5284 Κεκοσμημένοι
1881 5213 1989 5285 γὰρ

412 5310 597 5373 ὅπλοις
630 5311 727 5381 οὐχ
754 5311 829 5374 ὡς
863 5313 921 5364 ἐν
954 5311 1176 5381 μάχαις,
1207 5308 1322 5361 ἀλλ’
1353 5307 1429 5370 ὡς
1462 5309 1520 5360 ὲν
1556 5305 1865 5377 πανηγύρει
1895 5308 1991 5361 καὶ

414 5399 602 5472 χορείᾳ
633 5399 859 5471 ἐξῄεσαν
879 5440 895 5466 ,
934 5399 1056 5453 ἀντὶ
1083 5396 1474 5466 καλλωπισμοῦ
1518 5395 1716 5466 μᾶλλον
1743 5394 1775 5466 ἦ
1815 5397 1990 5464 ἀσφα-

413 5491 566 5556 λείας
607 5491 676 5550 τὰ
721 5491 860 5546 ὅπλα
906 5489 1277 5562 περιθέμενοι,
1319 5489 1417 5544 καί.
1465 5487 1563 5552 τὰς
1599 5488 1750 5560 ἱερὰς
1798 5489 1991 5558 στολὰς

417 5583 808 5656 περικείμενοι,
838 5585 934 5637 καὶ
979 5581 1426 5655 προηγουμένους
1457 5579 1670 5651 ἔχοντες
1697 5579 1792 5633 τοῦ
1823 5597 1992 5653 στρα-

479 5723 508 5794 ξ
533 5721 672 5795 Unps
701 5722 844 5795 ἡμῶν
867 5717 1315 5795 ’διηγήσαντοῄμῖνζ
1359 5723 1412 5766 et
1437 5717 1508 5765 sic
1539 5716 1690 5764 etiam
1723 5715 1873 5766 habet
1903 5716 1994 5766 Sa-

417 5785 582 5835 νὶἱὶιιε.
606 5783 662 5832 In
678 5781 776 5840 τοῖς
809 5782 877 5832 0'
900 5781 1084 5843 legitur
1105 5781 1404 5843 ἀνήγγειλαν.
1641 5838 1681 5843 __
1781 5839 1792 5843 Α
1880 5797 1886 5802 -

479 5846 509 5886 δ
533 5847 642 5894 Τῶν
659 5838 1170 5908 προάφάτωνῖὶοιςιὶη.
1207 5838 1261 5888 ει
1279 5841 1428 5908 Savu.
1460 5844 1618 5890 recte.
1641 5838 1812 5891 Morel.
1835 5845 1892 5894 οι
1910 5839 1995 5892 ιιιίὶ

418 5911 514 5959 τῶν
537 5905 806 5975 προφητῶν,
826 5906 956 5969 quod
989 5911 1119 5956 stare
1152 5905 1339 5966 nequit.

1516 441 1888 500 EXPOSITIO
1932 439 2002 496 ΙΝ
2049 440 2376 500 PSALMUM
2416 443 2603 502 Χιιιι..

3561 441 3666 498 πο

2084 558 2307 612 τοπέδου
2355 561 2485 623 τοὺς
2534 559 2793 625 Λευϊτας,
2834 559 3101 614 ἐκύκλουν
3127 558 3189 612 τὸ
3223 559 3421 628 τεῖχος.
3455 557 3568 611 Καὶ
3591 553 3663 628 ἦν
3714 631 3717 635 ι

2086 646 2215 700 ἰδεῖν
2265 647 2444 719 θέαμα
2500 647 2812 717 θαυμαστὸν
2867 648 2963 702 καὶ
3025 645 3360 719 παράδοξον,
3415 645 3662 716 χιλιάδας

2081 733 2347 798 τοσαύτας
2385 734 2766 806 στρατοπέδων
2804 737 2864 788 ἐν
2905 735 3062 802 τάξει
3089 736 3184 790 καὶ
3221 733 3415 806 ῥυθμῷ
3456 733 3665 803 βαινόν-

2081 838 2212 885 των,
2241 823 2300 876 ἐν
2324 823 2526 894 ἠσυχίᾳ
2556 823 2649 876 καὶ
2673 823 2863 892 κόσμῳ
2893 821 3094 892 πολλῷ,
3117 823 3192 886 ὡς
3223 821 3439 885 οὐδενὸς
3465 821 3664 890 παρόν-

2080 925 2192 972 τος,
2240 909 2377 980 μετὰ
2408 909 2508 978 τῆς
2544 909 2810 979 ἁρμονίας
2837 909 3054 978 ἐκείνης
3092 909 3201 962 τῶν
3241 909 3558 976 σαλπίγγων
3600 909 3664 961 τὸ

2081 1001 2190 1051 πᾶν
2219 997 2648 1069 κατορθούντων.
2673 997 3125 1068 Αίσχυνέσθωσαν
3149 999 3200 1051 οί
3223 997 3576 1068 θορυϐοῦντες
3601 998 3663 1050 ἐν

2082 1087 2361 1159 ἐκκλησία.
2392 1090 2454 1142 Εἰ
2499 1088 2608 1158 γὰρ
2660 1087 2790 1140 ἔνθα
2842 1087 3142 1156 σάλπιγγες
3191 1087 3378 1158 ήχουν,
3415 1087 3654 1156 τοσαύτη

2080 1170 2148 1245 ἧν
2176 1175 2417 1242 εὐταξία,
2444 1175 2572 1228 ἔνθα
2608 1176 2772 1238 αὐτὸς
2798 1178 2827 1230 ό
2855 1175 2986 1238 Θεὸς
3018 1176 3334 1244 φθέγγεται,
3365 1175 3508 1238 τίνος
3536 1174 3657 1228 τεύο-

2085 1260 2262 1327 ξονται
2306 1263 2637 1334 συγγνώμης
2670 1266 2718 1317 οί
2755 1264 2844 1316 διὰ.
2888 1263 2995 1318 τῶν
3033 1263 3250 1316 οἰκείων
3287 1262 3530 1334 θορύϐων
3561 1263 3661 1330 τῆς

2082 1350 2306 1403 ἐκείνων
2355 1351 2526 1421 ἀκοῆς
2566 1352 2666 1421 τὴν
2718 1350 3009 1422 ἀκρίϐειαν
3062 1351 3454 1422 ἐκκρούοντες;
3502 1348 3666 1403 Ἀλλὰ

2079 1438 2224 1501 τίνος
2271 1437 2480 1504 ἕνεκεν,
2525 1439 2712 1508 φησὶν,
2755 1439 2856 1492 οὐκ
2900 1437 3276 1510 ἐμνημόνευσε
3319 1436 3430 1491 τῶν
3474 1437 3533 1504 ἐξ
3565 1437 3659 1490 Αἰ-

2079 1523 2288 1590 γύπτου
2307 1541 2321 1589 ;
2340 1524 2557 1590 Ἐπειδὴ
2581 1525 2783 1588 πάντες
2813 1524 3029 1588 ἔπεσον,
3055 1525 3241 1597 ἐπειδὴ
3272 1524 3427 1595 δίκην
3455 1524 3660 1578 ἔδοσαν.

2079 1610 2236 1674 Τίνος
2286 1611 2340 1664 δὲ
2368 1612 2553 1665 ἕνεκεν
2606 1616 2805 1673 πάντες
2852 1613 3173 1683 ἀπώλοντο;
3206 1612 3424 1684 Ἐπειδὴ
3456 1612 3524 1666 τὰ
3559 1629 3657 1683 με·

2081 1698 2218 1765 γάλα
2241 1699 2509 1769 ἥμαρτον.
2551 1700 2831 1754 Ἐντεῦθεν
2861 1702 2917 1753 δὲ
2945 1702 3039 1754 καὶ
3067 1700 3252 1772 ἓτερον
3282 1699 3572 1770 ᾠκονόμει,
3599 1699 3659 1751 τὸ

2075 1787 2201 1848 τοὺς
2238 1787 2530 1856 μέλλοντας
2552 1787 2652 1860 τὴν
2678 1789 3039 1860 Παλαιστίνην
3069 1789 3471 1858 ἀπολαμϐάνειν
3499 1786 3663 1840 ἀθεά-

2075 1889 2201 1936 τους
2236 1869 2373 1927 εἶναι
2415 1877 2524 1930 τῶν
2575 1878 2632 1929 ἐν
2669 1877 2930 1949 Αἰγύπτῳ
2964 1875 3172 1935 κακῶν.
3204 1877 3304 1947 τῆς
3341 1875 3664 1945 δεισιδαιμο-

2077 1962 2215 2026 νίας,
2243 1967 2342 2034 τῆς
2388 1967 2644 2030 ἀσεϐείας
2673 1967 2912 2036 ἀπάσης,
2957 1967 3048 2019 καὶ
3097 1965 3298 2036 μηδένα
3344 1963 3662 2018 διδάσκαλον

2077 2047 2224 2118 ἔχειν
2253 2052 2350 2120 τῆς
2384 2053 2654 2124 τοσαύτης
2687 2054 2969 2124 πονηρίας.
3010 2051 3168 2106 Οῦτω
3212 2051 3321 2122 γὰρ
3368 2051 3660 2121 προκατείιΔ

2078 2154 2232 2206 χοντο
2258 2139 2322 2208 τῇ
2355 2138 2463 2191 τῶν
2492 2141 2806 2208 Αἰγυπτίων
2831 2140 3109 2211 συνηθείᾳ,
3140 2139 3312 2202 οὕτως
3344 2135 3484 2210 ἦσαν
3509 2138 3661 2192 ἁλόν-

2075 2241 2186 2288 τες,
2219 2225 2293 2286 ὼς
2329 2227 2464 2296 μετὰ
2510 2226 2746 2280 τοσαῦτα
2786 2227 3041 2297 θαύματα
3097 2228 3232 2299 μηδὲ
3265 2229 3322 2279 ἐν
3356 2229 3422 2298 τῇ
3465 2227 3660 2298 ἐρήμῳ

2074 2312 2477 2383 ἀποτρίψασθαι
2512 2314 2770 2386 καθαρῶς
2796 2316 2897 2384 τῆς
2939 2315 3148 2386 πλάνης
3190 2315 3258 2367 τά
3297 2314 3544 2382 λείψανα.
3587 2313 3653 2367 Εἰ

2074 2400 2130 2453 δὲ
2168 2402 2263 2453 καὶ
2297 2401 2635 2466 Χαναναίους
2674 2402 2868 2456 ἔλαϐον
2916 2401 3270 2466 διδασκάλους
3309 2401 3416 2455 τῶν
3454 2401 3658 2473 προτέ-

2077 2506 2185 2558 ρων
2230 2489 2678 2561 χαλεπωτέρους,
2734 2490 2836 2544 ποῦ
2883 2491 2983 2544 οὐκ
3036 2491 3103 2545 ἂν
3147 2489 3400 2555 ἐξώκειλε
3446 2491 3515 2544 τά
3559 2489 3659 2559 τῆς

2076 2577 2327 2642 ἀσεϐείας
2365 2577 2582 2643 αὐτοῖς
2629 2577 2730 2632 Διὰ
2761 2579 2826 2650 δὴ
2858 2578 3014 2631 τοῦτο
3059 2581 3306 2648 κατεῖχεν
3338 2577 3536 2640 αὐτοὺς
3569 2578 3663 2632 ἐπὶ

2074 2664 2174 2734 τῆς
2205 2666 2412 2737 ἐρήμου
2447 2667 2575 2731 τοὺς
2610 2669 2924 2738 τεχθέντας,
2961 2669 3064 2732 ἕως
3093 2670 3173 2732 είς
3201 2665 3414 2738 ἀνδρῶν
3447 2665 3664 2737 ἡλικίαν

2074 2748 2207 2823 ἦλθε
2235 2754 2304 2806 τά
2335 2753 2537 2823 ἔγγονα
2572 2755 2642 2808 τὰ
2669 2755 2913 2809 ἐκείνων.

2147 2893 2211 2946 δ’.
2251 2894 2362 2948 Καὶ
2396 2894 2569 2947 ταῦτα
2614 2895 2712 2948 ούκ
2746 2895 2958 2948 οἴκοθεν
2996 2895 3354 2966 φθεγγόμενοι
3395 2895 3658 2964 λέγομεν,

2077 2979 2192 3034 ἀλλ’
2227 2981 2335 3034 ἀπὸ
2362 2981 2470 3034 τῶν
2515 2982 2746 3053 Γραφῶν
2781 2982 3244 3045 ἀποδεικνύοντες.
3276 2983 3375 3034 Διὰ
3416 2981 3526 3053 γὰρ
3566 2981 3662 3034 τοῦ

2091 3069 2352 3140 Ἰεζεκιὴλ
2382 3070 2538 3124 τοῦτο
2565 3072 2698 3124 αὐτὸ
2732 3073 2760 3123 ὁ
2788 3071 2922 3134 Θεὸς
2948 3071 3196 3136 ὀνειδίζει
3233 3072 3436 3134 αὐτοῖς,
3468 3072 3550 3124 ὅτι
3580 3071 3661 3133 εἰς

2078 3158 2176 3228 τὴν
2208 3157 2410 3228 ἔρημον
2430 3159 2626 3221 αὐτοὺς
2651 3156 2874 3226 ἀγαγὼν
2905 3157 2998 3212 καὶ
3031 3158 3204 3212 πολλὰ
3232 3158 3533 3229 διαλεχθεὶς
3557 3159 3665 3212 οὐκ

2080 3245 2334 3315 ἠκούετο.
2377 3245 2536 3299 Ἀλλὰ
2574 3248 2719 3299 τίνος
2763 3245 2950 3299 ἐνεκεν
2990 3245 3132 3300 ὅπλα
3175 3246 3370 3308 αὐτοὺς
3420 3249 3662 3317 περικεῖ-

2083 3333 2208 3387 σθαι
2241 3333 2495 3386 ἐκέλευσε
2529 3333 2824 3404 μέλλοντας
2853 3335 3136 3405 προσιέναι
3166 3335 3231 3404 τῇ
3266 3333 3506 3404 Ὶεριχῷ;
3529 3335 3665 3386 Θαυ-

2085 3420 2417 3490 μαστότερον
2455 3419 2564 3490 γάρ
2600 3417 2688 3492 ἦν,
2729 3422 2778 3473 εἰ
2814 3420 2983 3491 χωρὶς
3010 3420 3188 3475 ὃπλων
3242 3421 3398 3473 τοῦτο
3426 3420 3662 3476 ἐποίουν.

2081 3510 2330 3562 Μάλιστα
2368 3510 2468 3581 μὲν
2503 3507 2596 3563 οὖν
2635 3511 2739 3563 κᾶν
2771 3509 2968 3582 κελεύῃ
2997 3527 3051 3562 τι
3091 3511 3264 3562 ποιεῖν
3301 3509 3659 3582 ἀνθρώπινον,

2082 3598 2176 3650 καὶ
2217 3597 2654 3669 προσλαμϐάνειν
2698 3598 2819 3650 τινὰ
2861 3598 3179 3668 συμμαχίαν
3211 3597 3494 3669 αἰσθητὴν,
3527 3615 3662 3667 συγ-

2083 3683 2288 3738 κατιὼν
2335 3685 2516 3739 αὐτῶν
2564 3687 2630 3756 τῇ
2697 3685 2953 3756 ἀσθενείᾳ
2999 3685 3158 3738 τοῦτο
3220 3687 3382 3738 ποιεῖ.
3439 3684 3503 3736 Τί
3554 3685 3663 3757 γὰρ

2082 3773 2314 3842 ἠδύνατο
2347 3774 2524 3826 ὅπλων
2572 3774 2829 3844 περιϐολὴ
2881 3772 3017 3843 πρὸς
3052 3772 3275 3846 ςτείχους
3316 3771 3668 3842 καταϐολήνί

2082 3861 2134 3914 τί
2169 3862 2226 3913 δὲ
2261 3860 2577 3929 σαλπίγγων
2625 3859 2773 3933 [149]
2805 3861 2951 3930 ﬁxi];
2999 3861 3061 3913 Εί
3105 3860 3203 3930 μὲν
3243 3859 3352 3930 γὰρ
3394 3859 3528 3929 πρὸς
3570 3861 3664 3911 ὰν-
3701 3869 3704 3872 '

2084 3949 2335 4018 θρώπους
2363 3951 2391 4002 ό
2427 3949 2661 4020 πόλεμος
2689 3945 2778 4019 ἦν,
2810 3945 2924 4018 εἶχέ
2948 3948 3032 4011 τίς
3059 3964 3184 4001 τινα
3217 3947 3392 4018 ῥοπὴν
3429 3948 3522 4000 καὶ
3549 3949 3662 4011 τοῖς

2083 4036 2270 4100 ὅπλοις
2293 4035 2637 4104 λογίζεσθαι’
2666 4037 2716 4088 εἰ
2745 4037 2802 4088 δὲ
2836 4039 3015 4105 τεῖχος
3045 4035 3236 4106 ἔμελλε
3273 4035 3668 4099 καταπίπτειν,

2082 4127 2227 4192 τίνος
2257 4127 2444 4182 ἕνεκεν
2471 4129 2612 4183 ὅπλα
2651 4127 3022 4196 περίκεινταις
3055 4126 3165 4180 Καὶ
3199 4126 3294 4180 ἐπὶ
3331 4124 3423 4178 τοῦ
3458 4123 3670 4178 Γεδεὼν

2083 4218 2140 4271 δὲ
2173 4219 2334 4272 πάλιν
2379 4220 2427 4271 οἱ
2487 4217 2806 4287 εἰλημμένοι
2851 4216 2961 4269 τῶν
2997 4215 3072 4286 μὴ
3117 4214 3467 4285 εἰλημμένων
3516 4209 3662 4286 ἦσαν

2086 4306 2221 4359 ίσοι⁹
2251 4307 2451 4369 πάντες
2479 4305 2589 4376 γὰρ
2615 4300 2755 4375 ἦσαν
2777 4304 2947 4374 δῆλοι.
2977 4303 3133 4366 Τίνος
3161 4299 3253 4355 οὖν
3281 4302 3464 4356 ἐνεκεν
3487 4301 3664 4356 ταῦτα

2084 4394 2326 4462 γίνεταις
2356 4393 2517 4446 Ὥστε
2541 4395 2620 4455 εἰς
2653 4391 2836 4445 πίστιν
2863 4391 3060 4453 αὐτοὺς
3090 4389 3320 4458 ἄγεσθαι
3342 4391 3466 4453 τοὺς
3489 4389 3665 4444 ταῦτα

2087 4483 2498 4552 κελευομένους.
2537 4482 2600 4534 ’Π
2653 4480 2762 4552 γὰρ
2794 4479 2940 4550 ψυχὴ
2998 4482 3364 4548 συντραφεῖσα
3418 4479 3666 4550 σώματι,

2087 4571 2182 4625 καὶ
2217 4571 2366 4623 οὐδὲν
2410 4568 2701 4640 ἀσώματον
2743 4567 2928 4621 ἰδοῦσά
2972 4585 3124 4628 ποτε.
3168 4568 3264 4620 καὶ
3297 4566 3433 4638 πρὸς
3474 4566 3542 4621 τά
3579 4569 3666 4621 αἰ-

2090 4657 2262 4727 σθητὰ
2295 4659 2584 4728 κεχηνυῖα,
2618 4657 2725 4710 ἀπὸ
2777 4656 2882 4708 τῶν
2919 4656 3212 4726 ὁρωμένων
3261 4655 3354 4708 ἐπὶ
3385 4655 3452 4707 τά
3496 4655 3673 4724 νοητὰ

2089 4745 2566 4818 χειραγωγηθῆναι
2614 4745 2804 4798 ἐδεῖτο.
2841 4743 3003 4796 Ὅθεν
3049 4743 3143 4796 καὶ
3198 4745 3310 4808 τοῖς
3359 4750 3666 4815 προφήταις

2089 4833 2218 4906 περὶ
2247 4832 2382 4886 Θεοῦ
2420 4832 2822 4902 διαλεγομένοις
2862 4830 3077 4900 ἐγένετο
3109 4831 3267 4902 χρεία
3308 4831 3665 4901 ἀνθρωπίνων

2092 4921 2394 4993 μνησθῆναι
2447 4919 2648 4991 μελῶν,
2696 4921 2796 4990 οὐχ
2846 4919 2932 4972 ’ίνα
2977 4918 3074 4990 τὴν
3119 4920 3393 4989 ἀκήρατον
3450 4919 3669 4987 ἐκείνην

2090 5011 2250 5078 φύσιν
2296 5011 2375 5074 εἰς
2427 5008 2603 5080 μελῶν
2650 5009 2908 5080 σχήματα
2959 5006 3372 5077 συμπλάσωσιν,
3427 5004 3542 5058 ἀλλ’
3575 5006 3668 5060 ἵνα

2087 5095 2186 5166 τὴν
2227 5094 2504 5165 αἰσθητοῖς
2551 5097 2950 5165 συντραφεῖσαν
2979 5093 3158 5163 ψυχὴν
3196 5095 3261 5146 ἐκ
3307 5091 3414 5145 τῶν
3459 5091 3668 5164 ἀνθρω-

2090 5183 2260 5236 πίνων
2317 5183 2385 5234 τά
2446 5182 2586 5250 ὑπὲρ
2647 5180 2934 5251 ἄνθρωπον
2997 5179 3326 5234 παιδεύσωσι
3397 5179 3668 5250 δόγματα.

2103 5271 2257 5324 Ἐπεὶ
2291 5267 2384 5323 οὖν
2416 5270 2510 5323 καὶ
2541 5271 2572 5339 ἡ
2602 5268 2850 5339 ἐνέργεια
2885 5267 2977 5321 τοῦ
3008 5266 3143 5321 Θεοῦ
3175 5267 3363 5339 νοητόν
3409 5267 3462 5320 τί
3497 5270 3665 5328 ἐστιν.

2092 5361 2181 5414 ἵνα
2217 5357 2291 5430 μὴ
2319 5357 2695 5429 ἀπιστήσωσιν
2734 5358 2782 5409 οί
2812 5357 2955 5422 τότε,
2989 5355 3171 5427 τίθησί
3211 5373 3261 5408 τι
3295 5355 3570 5426 αἰσθητόν.
3606 5357 3670 5412 Εἰ

2090 5447 2199 5518 γὰρ
2219 5443 2392 5511 εἶπεν,
2419 5446 2500 5499 ὅτι
2545 5445 2632 5498 Ἐν
2649 5444 2788 5498 ἐπτὰ
2806 5444 3044 5516 ἡμέραις
3071 5443 3592 5514 καταστραφήσεται
3634 5445 3668 5514 ή

2093 5537 2268 5600 πόλις,
2315 5533 2696 5606 ἡσυχαζόντων
2724 5532 2899 5604 ὑμῶν,
2929 5534 3024 5589 καὶ
3063 5533 3231 5602 μηδὲν
3263 5529 3669 5600 ἐργαζομένων,

2095 5625 2224 5686 ἴσως
2257 5623 2323 5677 ἂν
2356 5622 2538 5676 πολλοὶ
2565 5622 2909 5692 ἠπίστησαν·
2945 5619 3062 5673 νυνὶ
3088 5619 3145 5672 δὲ
3184 5619 3436 5687 καθάπερ
3469 5617 3675 5670 ὑποϐά-

2097 5711 2232 5782 θραν
2263 5710 2384 5763 τινὰ
2414 5713 2479 5780 τῇ
2509 5709 2714 5780 διανοίᾳ
2755 5711 2824 5780 τῇ
2856 5708 3168 5780 ἀνθρωπίνῃ
3206 5706 3276 5760 τὰ
3323 5706 3675 5774 ἐπιτάγματα

2096 5799 2269 5854 ταῦτα
2302 5799 2606 5871 ὑποτίθησι.
2651 5799 2760 5862 Καὶ
2802 5799 2890 5852 ἵνα
2943 5799 3019 5868 μὴ
3066 5798 3323 5870 νομίσητε
3369 5793 3674 5866 στοχασμόν

2103 5905 2222 5944 τινα
2263 5883 2400 5945 εἶναι
2430 5888 2490 5941 τὸ
2518 5888 2829 5958 λεγόμενον,
2863 5886 3101 5958 ἱστορίαν
3125 5890 3244 5941 τινα
3285 5887 3413 5957 ὑμῖν
3443 5879 3681 5939 παλαιὰνι
