4140 6356
454 405 562 462 173

451 517 823 594 πιστουμένην
857 525 950 583 τὸν
969 523 1124 595 λόγον
1153 525 1517 597 διηγήσασθαι
1549 527 1832 600 βούλομαι.
1864 531 2031 584 Neam-

454 616 560 691 μάν
585 629 611 658 ι
655 633 738 679 τις
780 612 852 688 ἦν
899 617 1082 688 Σύρος.
1113 609 1282 681 Οὗτος
1313 619 1418 672 ὑπὸ
1452 619 1662 691 λέπρας
1711 622 1895 686 ἁλοὺς,
1938 625 2033 678 καὶ

450 706 841 778 αίσχυνόμενος
881 707 961 778 τῷ
1001 708 1186 772 πάθει,
1218 710 1292 772 ὡς
1335 711 1475 784 ὑπὲρ
1528 714 1801 784 μεγίστων
1849 716 2032 770 κινδυ-

451 798 643 864 νεύων,
680 799 900 868 ἔρχεται
938 801 1020 863 εἰς
1053 801 1153 872 τὴν
1197 802 1562 874 Παλαιστίνην
1592 805 1694 874 (δεῖ
1715 805 1823 877 γὰρ
1853 808 2033 860 ἐπιτε-

453 892 575 962 μεῖν
607 889 702 945 τὸν
734 889 934 961 λόγον),
964 891 1116 946 λύσιν
1153 892 1474 963 βουλόμενος
1520 897 1699 967 εὑρεῖν
1728 898 1823 951 τοῦ
1858 899 2029 953 κακοῦ

451 979 606 1053 παρά
649 980 747 1034 τοῦ
795 982 1097 1054 προφήτου.
1144 983 1346 1038 Ἐλθὼν
1390 986 1594 1050 τοίνυν,
1646 989 1741 1041 καὶ
1788 988 1923 1060 πρὸς
1964 991 2029 1061 τῇ

453 1073 594 1146 θύρᾳ
626 1074 719 1128 τιῦ
748 1075 942 1146 ἀνδρὸς
975 1077 1127 1140 στὰς,
1155 1076 1338 1130 ἐκάλει
1371 1078 1462 1131 τὸν
1505 1079 1706 1150 ἰατρόν.
1748 1081 1806 1135 '0
1839 1082 1897 1135 δὲ
1930 1082 2033 1135 ὑπ-

452 1169 654 1239 ήκουσε
704 1168 822 1237 μὲν,
867 1167 927 1220 οὐ
973 1168 1079 1239 μὴν
1122 1168 1364 1238 ἐξῆλθεν,
1406 1171 1522 1223 ἀλλ’
1561 1173 1847 1226 ἀπέστειλε
1892 1175 2032 1246 πρὸς

449 1259 614 1314 αὑτὸν
652 1257 889 1312 κελεύων
918 1257 1274 1328 βαπτίζεσθαι
1304 1262 1361 1312 ἐν
1389 1261 1466 1332 τῷ
1506 1261 1742 1334 Ἰορδάνῃ
1776 1265 2026 1336 ποταμῷ.

461 1349 520 1403 '0
557 1349 615 1403 δὲ
643 1349 830 1420 ἐπειδὴ
856 1350 918 1402 τὸ
962 1352 1291 1422 πρόσταγμα
1318 1348 1386 1424 ἦν
1419 1353 1640 1422 κοῦφον,
1676 1350 1811 1408 πολὺ
1850 1357 1912 1410 τὸ
1951 1360 2030 1411 al-

449 1441 644 1512 σθητὸν
673 1441 816 1512 ἔχον,
847 1443 940 1496 καὶ
974 1444 1070 1512 οὐχ
1109 1444 1318 1515 ὑψηλῆς
1352 1445 1605 1516 δεόμενον
1640 1447 1898 1512 διανοίας,
1927 1450 2027 1502 οὐκ

447 1532 699 1605 ἐπείσθη.
733 1534 891 1588 Ἀλλὰ
917 1535 972 1587 τί
1003 1553 1165 1606 φησιν
1191 1555 1205 1599 ;
1249 1538 1391 1606 Ἐγὼ
1418 1538 1652 1607 ἔλεγον,
1680 1538 1766 1592 ὅτι
1790 1539 2027 1603 ἐξελεύ-

446 1639 616 1678 σεται
647 1625 746 1679 καί
795 1625 1066 1692 ἐπιθήσει
1107 1627 1296 1680 αὺτοῦ
1329 1628 1442 1695 τὴν
1473 1628 1658 1698 χεῖρα,
1692 1631 1789 1684 καί
1823 1631 2027 1685 ἐπικα-

445 1715 686 1772 λέσεται
719 1717 827 1771 τὸν
859 1717 1008 1772 Θεὸν
1035 1719 1244 1782 αὑτοῦ,
1272 1719 1369 1772 καὶ
1394 1720 1765 1784 άποσυνάξει
1793 1723 1907 1789 τὴν
1932 1723 2028 1776 λέ-

446 1824 624 1873 πραν.
654 1809 814 1881 Ὁρᾷς
839 1808 936 1882 τὴν
963 1808 1162 1881 ψυχὴν,
1188 1811 1306 1874 πῶς
1349 1811 1606 1882 αἰσθητοῦ
1647 1829 1791 1876 τινος
1834 1812 2025 1885 ἐδεήθη

449 1901 754 1972 σχήματος;
785 1900 858 1954 Τὸ
887 1901 994 1973 γὰρ
1044 1901 1118 1974 μὴ
1161 1903 1378 1974 νομίσαι
1410 1903 1506 1956 τοῦ
1547 1905 1732 1976 ἰατροῦ
1760 1905 1819 1958 τὸ
1854 1907 2024 1978 πρόσ-

444 2008 632 2062 ταγμα
666 1993 877 2064 ἀρκεῖν,
917 1993 1052 2048 ἀλλὰ
1094 1994 1352 2066 δεηθῆναι
1384 1997 1584 2069 χειρὸς,
1614 1998 1711 2068 τῆς
1743 1996 2026 2063 ἀσθενείας

445 2079 514 2156 ἦν
544 2083 637 2138 τοῦ
666 2083 1130 2157 θεραπευομένου.
1168 2087 1347 2142 Πολλά
1384 2089 1441 2142 δέ
1473 2089 1566 2144 καὶ
1593 2090 1755 2161 ἐτερα
1779 2089 2024 2144 ἐντεῦθεν

443 2178 580 2248 ἡμῖν
621 2176 828 2232 λύεται.
857 2180 955 2234 Διὰ
980 2179 1138 2233 τοῦτο
1180 2183 1274 2234 καὶ
1312 2182 1342 2234 6
1373 2182 1608 2252 Χριστὸς
1633 2183 1694 2236 οὐ
1742 2182 2021 2254 πανταχοῦ

444 2265 587 2338 λόγῳ
633 2268 799 2335 ἰᾶται,
843 2269 979 2323 ἀλλά
1009 2271 1105 2323 καὶ
1152 2273 1217 2341 τῇ
1254 2271 1426 2342 χειρί’
1459 2273 1553 2325 καὶ
1594 2273 1704 2344 γάρ
1733 2273 1890 2326 ἐϐαλε
1923 2275 2021 2344 τὴν

445 2361 605 2430 χεῖρα
645 2361 724 2424 εἰς
752 2359 815 2414 τὸ
844 2360 1019 2432 στόμα
1050 2362 1143 2416 καὶ
1173 2364 1253 2426 εἰς
1283 2363 1379 2433 τὴν
1412 2363 1685 2430 γλῶττανο
1727 2366 1820 2418 καὶ
1861 2365 2023 2418 άλλα-

443 2449 540 2521 χοῦ
585 2451 684 2522 μὲν
729 2451 874 2522 λόγῳ
919 2453 1086 2524 μόνῳ,
1135 2453 1372 2524 ἀλλαχοῦ
1424 2455 1480 2507 δὲ
1529 2455 1794 2527 θελήματι
1845 2457 2019 2510 πάντα

443 2543 634 2606 ¹ιιςοιῶν,
656 2545 781 2608 τοὺς
814 2545 1138 2615 προσιόντας
1174 2547 1314 2599 ἰᾶτο.
1347 2546 1505 2609 Τίνος
1531 2543 1624 2601 οὖν
1653 2549 1840 2601 ἕνεκεν
1864 2547 2020 2601 τοῦτο

442 2633 650 2700 ἐποίει;
679 2636 779 2690 Διὰ
806 2636 906 2707 τὴν
946 2638 1231 2692 ἀσθένειαν
1267 2638 1375 2691 τῶν
1405 2641 1759 2710 προσιόντων.
1795 2641 1906 2695 Kal
1933 2643 2020 2696 ἴνα

445 2727 642 2799 μάθῃς,
673 2729 754 2782 ὅτι
785 2729 876 2783 διὰ
900 2729 997 2800 τὴν
1029 2731 1316 2784 ἀσθένειαν
1363 2731 1542 2785 αὐτῶν
1583 2732 1742 2786 τοῦτο
1792 2734 2016 2801 ἐγίνετο,

439 2818 568 2882 τοὺς
600 2817 675 2890 μὴ
705 2819 991 2892 δεομένους
1019 2821 1126 2876 τῶν
1158 2822 1413 2876 τοιούτων
1453 2824 1661 2894 ἐπῄνει.
1705 2825 1880 2892 Ἀμὴν
1909 2827 2020 2898 γάρ

438 2907 596 2978 λέγω
621 2908 783 2978 ὑμῖν,
813 2913 997 2980 φησὶν,
1028 2911 1116 2964 ὅτι
1147 2913 1290 2966 οὐδὲ
1324 2914 1395 2966 ἐν
1425 2912 1505 2978 τῷ
1539 2915 1775 2983 Ἰσραὴλ
1805 2919 2016 2970 τοσαύ-

439 3015 553 3066 την
577 3000 785 3055 πίστιν
810 2999 1017 3070 εὗρον·
1055 3003 1207 3076 [150]
1240 3004 1546 3075 ἐπειδήπερ
1581 3006 1742 3059 αὑτὸν
1783 3008 1880 3079 οὐχ
1912 3008 2017 3060 εἴλ-

439 3107 602 3144 κυσεν
645 3092 725 3154 εἰς
769 3092 868 3162 τὴν
915 3094 1092 3148 οἰκίαν
1120 3097 1148 3148 6
1187 3096 1618 3166 ἑκατόνταρχος,
1661 3096 1776 3150 ἀλλ’
1818 3098 2018 3169 ἔφησεν

438 3183 630 3253 ἀρκεῖν
690 3184 855 3238 αὐτοῦ
911 3185 972 3238 τὸ
1040 3186 1388 3258 πρόσταγμα.
1453 3189 1574 3241 Ἐπὶ
1639 3184 1730 3242 οῦν
1776 3190 2016 3256 Ἐζεκίου

437 3276 590 3328 οὐδὲν
621 3275 860 3329 τοιοῦτον
893 3277 1123 3347 γίνεται,
1152 3279 1286 3332 ἀλλὰ
1316 3281 1584 3352 πόρῤησις
1615 3283 1773 3353 μόνη,
1811 3285 1902 3337 καὶ
1927 3288 2018 3337 ού-

437 3365 526 3416 δέν
553 3363 889 3436 ἀνθρώπινον
945 3367 1436 3438 παρελαμϐάνετο·
1477 3369 1568 3424 διά
1609 3389 1690 3424 τοι
1723 3371 1880 3425 τοῦτο
1924 3373 2018 3426 καί¹

438 3458 534 3512 ἐπὶ
573 3458 665 3513 τοῦ
711 3459 808 3530 τὴν
849 3465 1078 3530 γυναῖκα
1123 3464 1553 3533 ζηλοτυποῦντος
1608 3467 1915 3539 παχύτερόν
1961 3486 2016 3521 τι

438 3553 672 3622 πρᾶγμα
723 3552 1066 3608 ἐπετάττετο.
1113 3557 1173 3607 Εἰ
1213 3556 1268 3608 δέ
1317 3556 1492 3626 βούλει
1529 3560 1666 3611 κατὰ
1725 3559 2015 3630 ἀναγωγὴν

436 3639 688 3696 ἐκλαϐεῖν
715 3641 872 3696 τοῦτο
900 3643 1125 3714 (Πάντα
1165 3645 1273 3717 γάρ
1301 3647 1488 3700 ταῦτα
1523 3649 1697 3702 τύποι
1735 3651 2015 3704 συνέϐαι-

436 3748 550 3784 νον
565 3731 840 3799 ἐκείνοις,
883 3735 1081 3805 φησίν·
1123 3735 1352 3805 ἐγράφη
1401 3736 1469 3790 δὲ
1507 3737 1656 3804 πρὸς
1689 3741 2016 3793 νουθεσίαν

435 3823 625 3892 ἡμῶν»
664 3825 752 3890 εις
785 3824 894 3892 οὓς
917 3827 988 3880 τὰ
1013 3826 1156 3894 τέλη
1188 3828 1306 3882 τῶν
1329 3827 1561 3882 αἰώνων
1588 3830 2011 3898 κατήντησεν),

437 3915 610 3970 ἐννόει
649 3916 779 3981 τοὺς
824 3917 1077 3987 ἀρίστους
1127 3921 1235 3972 τῶν
1277 3920 1613 3973 διδασκάλων
1647 3922 1742 3990 τῆς
1782 3921 2014 3992 Ἐκκλη-

439 4009 561 4073 σίας
603 4010 726 4066 ἀντὶ
776 4009 1076 4080 σάλπιγγος
1121 4011 1197 4082 τῷ
1240 4011 1383 4084 λόγῳ
1434 4013 1769 4084 χρωμένους,
1810 4013 1905 4067 καὶ
1945 4014 2014 4068 τὰ

435 4101 544 4165 τῶν
580 4101 837 4156 ἐναντίων
869 4103 1024 4173 τείχη
1063 4103 1515 4167 καταϐάλλοντας,
1556 4105 1650 4158 καὶ
1681 4106 1806 4169 τοὺς
1847 4105 2010 4169 λαοὺς

435 4193 812 4265 ὡπλισμένους
859 4198 926 4267 τῇ
967 4194 1061 4248 τοῦ
1116 4194 1289 4266 Ἰησοῦ
1343 4197 1659 4268 παντευχίᾳ.
1709 4197 1766 4250 '0
1809 4197 1865 4250 δέ
1902 4197 2012 4250 τῶν

437 4285 577 4339 ἐπτὰ
604 4285 824 4358 ἡμερῶν
854 4286 1082 4357 ἀριθμὸς
1114 4286 1172 4340 τὸ
1207 4287 1474 4340 σάϐϐατον
1513 4290 1644 4358 ἡμῖν
1679 4287 2010 4360 προδιαλύει.

437 4377 515 4430 ού
542 4374 652 4447 γὰρ
691 4377 1117 4447 προηγουμένως
1149 4377 1406 4447 ἐδόθησαν
1432 4379 1488 4430 αἰ
1524 4378 1769 4432 τοιαῦται
1807 4378 1899 4432 τοῦ
1928 4380 2015 4433 νό-

440 4485 543 4540 μου
573 4465 802 4524 ἐντολαί.
838 4467 935 4521 Διὰ
963 4467 1121 4521 τοῦτο
1152 4469 1278 4539 περὶ
1319 4469 1415 4538 μὲν
1453 4468 1561 4522 τῶν
1606 4469 1805 4522 θυσιῶν
1847 4488 2008 4540 φησιο

441 4560 541 4625 Τίς
575 4558 684 4629 γὰρ
715 4557 1036 4628 ἐξεζήτησε
1073 4560 1260 4614 ταῦτα
1298 4561 1368 4614 ἐκ
1405 4561 1524 4614 τῶν
1561 4561 1773 4632 χειρῶν
1813 4560 2012 4630 ὑμῶν;

436 4651 550 4706 Καὶ
577 4650 763 4704 πάλιν·
799 4651 896 4719 Μὴ
927 4650 1099 4720 εὐχαὶ
1121 4651 1218 4704 καὶ
1243 4649 1386 4720 κρέα
1405 4651 1540 4720 ἅγια
1561 4652 1883 4720 ἀφαιροῦσι
1907 4654 2014 4718 τὰς

438 4741 730 4810 ἁμαρτίας
751 4756 901 4804 σου;
925 4742 1034 4794 Kal
1073 4743 1232 4797 πάλιν
1252 4760 1266 4775 ο
1294 4743 1389 4810 Μὴ
1421 4742 1646 4812 σφάγια
1671 4743 1770 4797 καὶ
1797 4745 2014 4809 θυσίας

439 4830 889 4901 προσηνέγκατέ
917 4850 1018 4903 μοι
1064 4833 1134 4886 ἐν
1182 4831 1258 4902 τῇ
1305 4832 1502 4902 ἐρήμῳ
1555 4831 1659 4900 ἔτη
1716 4835 2014 4902 τεσσαρά-

439 4941 624 4978 κοντα
637 4941 656 4988 ;
690 4925 800 4978 Kal
841 4924 1033 4979 πάλιν·
1065 4925 1191 4980 Ἵνα
1230 4923 1286 4978 τί
1323 4941 1425 4994 μοι
1462 4925 1712 4978 λίϐανον
1749 4925 1817 4978 ἐκ
1856 4924 2016 4980 Σαϐὰ

438 5017 662 5087 φέρεις,
713 5019 812 5072 καί
851 5017 1191 5088 κινάμωμον
1235 5018 1305 5072 ἐκ
1356 5017 1470 5088 γῆς
1515 5019 1817 5087 μακρόθεν
1839 5033 1859 5082 ;
1905 5017 2014 5071 Καὶ

440 5110 603 5164 πάλιν
620 5126 634 5140 ο
665 5111 896 5164 Θυσίαν
923 5111 1019 5164 καί
1052 5111 1406 5180 προσφορὰν
1429 5113 1541 5164 οὐκ
1567 5111 1882 5178 ἐθέλησας.
1905 5113 2012 5167 Kal

439 5199 635 5255 πάλινο
677 5198 776 5268 Μὴ
823 5201 1286 5272 ὁλοκαυτώματα
1331 5201 1428 5253 καὶ
1479 5203 1696 5267 θυσίας
1720 5203 1746 5242 δ
1781 5203 1941 5258 θέλει
1981 5207 2014 5257 ὁ

443 5291 608 5358 Θεὸς,
635 5291 674 5361 ἢ
714 5291 780 5345 τὸ
817 5294 1147 5348 ὑπακούειν
1192 5292 1386 5358 αὐτῷ;
1431 5293 1560 5356 Kal,
1601 5296 1671 5346 Εἰ
1711 5293 2017 5364 ἠθέλησας

441 5385 682 5450 θυσίαν,
711 5383 905 5438 ἔδωκα
931 5384 1028 5438 ἄν.
1058 5385 1167 5439 Kal
1198 5385 1357 5440 πάλιν
1378 5402 1390 5415 ⁸
1439 5385 1608 5455 Ἄκοὴ
1637 5385 1827 5455 ἀγαθὴ
1871 5385 2017 5456 ὑπὲρ

440 5475 683 5530 θυσίαν.
719 5476 828 5528 Kal
852 5475 950 5539 τὰς
973 5477 1164 5546 ἑορτὰς
1189 5477 1465 5532 ἐκϐάλλων
1495 5478 1647 5550 φησί’
1676 5479 2012 5548 Μεμίσηκα,

442 5568 722 5639 άπῶσμαι
753 5569 861 5637 τὰς
890 5571 1098 5639 ἑορτὰς
1123 5571 1309 5640 ὑμῶν.
1347 5571 1717 5641 Ἆπόστησον
1744 5572 1845 5628 ἀπ’
1867 5573 2014 5643 ἐμοῦ

509 5795 536 5862 ξ
573 5794 708 5862 l_Jn_|_Is
723 5797 1102 5862 οοόοιΑΝεεμάν.
1127 5797 1269 5862 Alius
1291 5803 1345 5848 et
1367 5799 1516 5862 Savil.
1540 5802 1765 5862 Νιαιμάν.

507 5858 541 5898 ³
569 5857 705 5909 Colb.
731 5857 1045 5922 ὁλοκαύτωμα
1065 5861 1148 5914 καὶ
1165 5861 1454 5925 περιστιρὰς.

1168 410 1227 467 S.
1263 409 1552 468 JOA‘NNIS
1590 411 2077 473 CHRYSOSTOM!
2115 417 2436 477 ARCHIEP.
2475 422 3025 484 CONSTANTINOP.

3605 433 3708 488 174

2136 530 2292 604 ἦχον
2329 536 2499 605 ᾠδῶν
2528 555 2665 609 σου,
2706 543 2802 597 καί
2841 539 3101 614 ψαλμῶν
3137 541 3404 613 ὀργάνων
3436 557 3553 601 σου
3600 549 3710 603 οὐκ

2135 632 2488 705 ἀκούσομαι.
2516 637 2646 701 Kal,
2681 636 2931 709 Ἡμέραν
2957 637 3232 710 μεγάλην
3259 642 3369 694 οὐκ
3399 641 3707 713 ἀνέχομαι,

2136 730 2234 782 καί
2278 733 2571 798 νηστείαν
2602 734 2700 788 καί
2732 735 2946 806 ἀργίαν
2966 735 3138 805 μισεῖ
3159 737 3198 804 ἡ
3230 736 3402 807 ⁸ψυχή
3430 756 3568 807 μου.
3599 741 3709 795 Kal

2136 826 2329 880 πάλιν⁸
2363 831 2487 897 Οὐχ
2516 830 2667 899 αὕτη
2703 833 2741 900 ἠ
2773 833 3043 900 νηστεία,
3076 831 3155 900 ἧν
3178 833 3571 904 ἐξελεξάμην.
3600 838 3709 892 Καὶ

2134 925 2162 976 6
2199 926 2455 997 Ἰεζεκιὴλ
2488 929 2648 982 πάλιν
2673 928 2824 998 ἔλεγε
2846 947 2859 960 °
2894 930 3070 984 Δώσω
3103 930 3244 999 ὑμῖν
3286 931 3708 1003 προστάγματα

2134 1025 2206 1077 οὐ
2239 1024 2415 1080 καλὰ.
2456 1025 2527 1079 ἐν
2561 1023 2652 1093 οἷς
2679 1029 2751 1082 οὺ
2784 1027 3039 1098 ζῆσεσθε
3070 1028 3139 1080 ἐν
3166 1029 3389 1096 αὐτοῖς.
3422 1030 3578 1085 Οὖτω
3616 1033 3707 1086 καὶ

2131 1118 2191 1172 τὸ
2217 1119 2484 1175 σάϐϐατον
2511 1121 2740 1175 ἐνταῦθα
2770 1123 2978 1178 λύεται.
3015 1125 3175 1178 Ἀλλὰ
3203 1125 3290 1178 διὰ
3322 1125 3374 1178 τί
3402 1125 3583 1195 λέγει·
3614 1130 3708 1196 Τίς

2131 1215 2452 1287 ἑξεζιὶτησε
2505 1221 2692 1274 ταῦτα
2741 1221 2810 1276 ἐκ
2859 1223 2978 1276 τῶν
3029 1221 3244 1292 χειρῶν
3290 1220 3492 1292 ὑμῶν;
3541 1223 3709 1278 Τοῦτο

2133 1315 2260 1384 ὑμῖν
2301 1315 2696 1388 καταλιμπάνω
2727 1319 2914 1372 λῦσαν
2950 1319 3242 1381 δυνήσεσθε
3280 1318 3338 1372 δέ
3375 1320 3445 1373 τά
3486 1320 3708 1374 τοιαῦτα

2131 1411 2426 1483 εὑρίσκειν,
2449 1413 2516 1468 ἂν
2545 1414 2660 1484 βίον
2688 1415 3027 1486 ἐπιδείξησθε
3058 1415 3318 1487 καθαρόν.

2200 1525 2260 1571 ε’.
2293 1520 2356 1572 Εἰ
2380 1519 2486 1590 γάρ
2510 1521 2599 1573 τὸν
2626 1522 2922 1593 Κορνήλιον
2943 1521 3032 1576 διὰ
3061 1521 3172 1592 βίον
3208 1522 3429 1591 ἄριστον
3450 1520 3706 1576 ἐκάλεσεν

2129 1614 2223 1667 ἐπὶ
2246 1617 2344 1686 τὴν
2373 1616 2480 1669 τῶν
2509 1619 2834 1687 ἀπορρήτων
2866 1617 3088 1686 γνῶσιν,
3111 1618 3205 1672 καὶ
3222 1618 3315 1670 τὸν
3342 1619 3594 1688 εὐνοῦχον
3617 1618 3708 1672 διὰ

2127 1713 2187 1764 τὸ
2203 1711 2590 1781 ἀναγινώσκειν
2609 1713 2910 1778 σπουδαίως
2925 1714 3146 1785 ἐποίησε
3166 1715 3260 1768 καὶ
3278 1714 3499 1783 γνῶναιο
3528 1713 3706 1785 πολλῷ

2129 1809 2329 1879 μᾶλλον
2371 1810 2515 1880 ὑμᾶς
2544 1810 2672 1874 τοὺς
2702 1811 2804 1881 ήδη
2852 1812 2948 1881 τῆς
2993 1811 3230 1874 πίστεως
3269 1808 3704 1874 ἀπολαύσαντας,

2128 1904 2242 1976 βίον
2281 1905 2438 1976 ὀρθὸν
2477 1906 2920 1978 ἐπιδειξαμένους
2944 1917 2993 1972 ο,
3040 1905 3240 1970 διδάξει
3278 1905 3348 1960 τὰ
3374 1907 3701 1976 σαφέστερα.

2129 2001 2336 2072 Ὥσπερ
2365 2001 2473 2074 γάρ
2501 2004 2530 2056 6
2559 2003 2867 2076 ἀκάθαρτος
2897 2003 3013 2072 βίος
3050 2001 3330 2074 ἐμποδίζει
3369 2002 3468 2072 τὴν
3501 2001 3706 2054 τούτων

2126 2096 2327 2164 γνῶσιν
2363 2097 2636 2170 (καθάπερ
2677 2101 2707 2152 6
2737 2099 2948 2163 Παῦλός
2992 2114 3185 2170 φησιν·
3231 2101 3352 2152 Οὐκ
3393 2095 3707 2166 ἠδυνήθην

2124 2195 2266 2261 ὑμῖν
2295 2194 2568 2264 λαλῆσαι
2600 2197 2683 2262 ὠς
2714 2195 3160 2265 πνευματικοῖς,
3191 2194 3401 2264 ἐπειδὴ
3438 2195 3594 2262 ἕρεις
3632 2193 3705 2246 ἐν

2121 2291 2265 2360 ὑμῖν
2299 2294 2419 2346 εισι
2453 2293 2550 2346 καὶ
2587 2291 2773 2362 ζῆλοιο
2806 2293 2898 2346 καὶ
2923 2294 2952 2346 6
2990 2292 3216 2357 Ἡσαΐας
3241 2291 3424 2346 πάλιν·
3464 2289 3704 2344 Γνῶναί

2115 2407 2235 2459 μου
2268 2388 2374 2456 τὰς
2397 2389 2576 2456 ὀδοὺς
2595 2388 3102 2459 ἐπιθυμήσουσιν,
3133 2389 3214 2455 ὡς
3231 2388 3382 2455 λαὸς
3401 2386 3704 2442 δικαιοσύ-

2121 2504 2240 2554 νην
2274 2487 2671 2557 πεποιηκὼς),
2701 2485 2874 2548 οὕτως
2903 2487 2932 2538 ὁ
2967 2485 3204 2557 καθαρὸς
3238 2484 3350 2556 βίος
3387 2483 3572 2554 ὁδηγεῖ
3608 2481 3704 2536 καὶ

2119 2584 2154 2652 ὴ
2187 2580 2389 2652 σπουδὴ
2420 2584 2453 2653 ἠ
2489 2583 2618 2653 περὶ
2651 2581 2712 2636 τὺ
2744 2581 2945 2653 ζητεῖν.
2975 2581 3214 2650 Ζητεῖτε
3239 2580 3369 2652 γὰρ,
3410 2580 3572 2650 φησί,
3601 2579 3700 2632 καί

2117 2678 2428 2747 εὑρήσετε.
2458 2679 2569 2732 Kal
2601 2679 2634 2750 ἡ
2664 2678 2947 2752 παραϐολὴ
2967 2677 3025 2730 δέ
3052 2680 3087 2749 ἡ
3121 2678 3216 2731 τοῦ
3241 2679 3365 2740 τοὺς
3386 2676 3583 2749 ἄρτους
3615 2676 3704 2730 αἰ-

2118 2775 2336 2838 τοῦντος
2368 2775 2517 2847 παρὰ
2547 2775 2641 2830 τοῦ
2681 2776 3115 2848 καθευδήσαντος
3150 2775 3249 2846 ἤδη
3284 2775 3437 2844 φίλου
3463 2771 3512 2838 ⁸,
3545 2772 3702 2827 τοῦτο

2118 2871 2380 2927 δείκνυσι.
2424 2873 2522 2928 Διά
2560 2873 2718 2927 τοῦτο
2749 2876 2840 2928 καὶ
2869 2877 2896 2928 6
2934 2872 3208 2944 Σολομὼν,
3245 2871 3429 2944 ἐπειδὴ
3459 2888 3701 2943 πνευμα-

2119 2970 2246 3024 τικά
2287 2971 2476 3042 ᾔτησε,
2508 2971 2602 3024 καὶ
2641 2971 2785 3042 άπερ
2813 2971 2914 3024 οὐκ
2953 2971 3156 3042 ᾔτησεν
3201 2969 3412 3024 ἐλαϐεν.
3442 2969 3608 3022 Ὅταν
3640 2967 3698 3022 δέ

2120 3069 2215 3122 καὶ
2262 3069 2588 3140 προσεδρία,
2634 3069 2728 3123 καὶ
2773 3067 3118 3139 πνευματικὴ
3167 3067 3410 3139 αἴτησις,
3455 3065 3550 3119 καὶ
3587 3065 3698 3136 βίος

2118 3165 2354 3237 καθαρὸς
2407 3168 2579 3237 παρῇ,
2618 3166 2868 3237 ἐννόησον
2914 3166 3053 3236 πόση
3099 3165 3250 3218 ἔσται
3295 3163 3514 3216 εὐκολία
3563 3162 3698 3234 πρὸς

2115 3264 2177 3316 τὸ
2209 3262 2422 3316 λαϐεῖν’
2455 3262 2630 3316 καίτοι
2677 3259 2824 3334 [151]
2861 3278 2924 3331 γε
2960 3261 3257 3333 προσεδρία
3289 3263 3381 3313 καὶ
3421 3259 3544 3313 καθ’
3573 3259 3698 3310 ἐαυ-

2117 3359 2214 3429 τὴν
2249 3357 2435 3428 ἴσχυσε
2473 3358 2661 3426 μόνον·
2709 3357 2872 3428 Λέγω
2917 3359 3027 3428 γὰρ
3073 3356 3236 3427 ὑμῖν,
3286 3356 3470 3427 φησὶν,
3510 3357 3563 3408 εί
3599 3353 3698 3408 καὶ

2110 3456 2198 3526 μὴ
2229 3455 2327 3508 διὰ
2352 3457 2419 3508 τὸ
2443 3451 2596 3508 εἶναι
2627 3455 2814 3510 αὐτοῦ
2844 3456 3030 3524 φίλον
3052 3453 3139 3524 μὴ
3183 3453 3361 3506 δώσει
3387 3452 3566 3517 αὐτῷ,
3599 3449 3703 3505 διά

2115 3569 2184 3622 γε
2216 3551 2330 3619 τὴν
2361 3551 2668 3606 ἀναίδειαν
2705 3551 2894 3605 αὑτοῦ
2931 3548 3111 3603 δώσει
3147 3549 3326 3613 αὐτῷ.
3362 3549 3499 3600 Ἀλλ’
3531 3550 3696 3600 ἐπαν-

2120 3649 2288 3718 ίωμεν
2337 3649 2430 3701 ἐπὶ
2476 3647 2537 3700 τὸ
2578 3646 2954 3719 προκείμενον.
3001 3647 3216 3716 Ἔργον
3255 3645 3286 3698 ὂ
3333 3644 3587 3714 είργάσω
3627 3645 3698 3698 ἐν

2115 3745 2246 3810 ταῖς
2269 3744 2514 3813 ἡμέραις
2545 3742 2762 3806 αὐτῶν,
2783 3743 2854 3796 ἐν
2880 3743 3127 3812 ἡμέραις
3149 3743 3444 3812 ἀρχαίαις.
3476 3743 3538 3797 Ἠ
3563 3743 3694 3812 χείρ

2115 3858 2234 3896 σου
2257 3842 2400 3908 ἔθνη
2427 3840 2835 3908 ἐξωλόθρευσε
2855 3840 2951 3893 καί
2977 3841 3426 3909 κατεφύτευσας
3450 3840 3690 3905 αὐτούς.

2117 3938 2260 4007 Ὅρα
2288 3937 2405 4000 πῶς
2442 3940 2510 4008 τῇ
2543 3935 2684 4002 λέξει
2729 3935 2933 4006 κυρίως
2962 3935 3249 4006 κέχρηται.
3282 3935 3356 3988 Οὐ
3389 3934 3499 4005 γὰρ
3533 3935 3694 4005 μέχρι

2116 4034 2275 4104 νίκης
2301 4032 2396 4086 xal
2427 4033 2597 4103 ἥττης
2621 4030 2689 4085 τὰ
2715 4033 3034 4104 πράγματα,
3065 4035 3250 4102 φησὶν,
3277 4031 3511 4110 ἐστησας
3539 4031 3689 4084 τότε*

2115 4131 2250 4185 ἀλλὰ
2277 4131 2587 4206 περαιτέρω
2617 4131 2793 4184 πάντα
2823 4130 3036 4201 προῄευ
3069 4129 3244 4183 καίτοι
3275 4145 3339 4196 γε
3372 4129 3476 4200 πρὸ
3502 4128 3690 4182 τούτου

2113 4229 2214 4282 οὐκ
2239 4228 2330 4281 ἴσα
2359 4227 2428 4280 τὰ
2453 4228 2550 4298 τῆς
2572 4225 2928 4298 παρατάξεως
2952 4221 3042 4297 ἦν.
3070 4227 3132 4280 Οἱ
3160 4225 3256 4296 μὲν
3278 4225 3388 4294 γὰρ
3416 4228 3688 4294 κατεῖχον,

2115 4326 2164 4379 οἰ
2197 4325 2253 4378 δέ
2289 4325 2550 4396 ἐπήλυδες
2591 4319 2728 4395 ἦσαν
2748 4341 2762 4354 ·
2811 4322 2924 4377 ἀλλ’
2954 4323 3103 4393 ὅμως
3133 4321 3364 4392 τοσαύτη
3399 4322 3621 4392 γέγονεν
3655 4325 3689 4394 ἡ

2119 4423 2419 4495 μεταϐολὴ,
2471 4422 2547 4486 ὡς
2577 4423 2702 4486 τοὺς
2751 4420 2850 4491 μὲν
2889 4418 3216 4490 προρρίζους
3247 4419 3688 4490 ἀνασπασθῆναι,

2115 4520 2240 4582 τοὺς
2279 4519 2335 4571 δὲ
2379 4517 2632 4586 γενέσθαι
2667 4517 2890 4578 πολίτας
2921 4515 3016 4569 καὶ
3047 4517 3352 4586 οἰκήτορας.
3393 4515 3491 4569 Διὰ
3534 4513 3690 4568 τοῦτο

2115 4617 2204 4670 ἐπ’
2231 4615 2453 4669 ἐκείνων
2485 4613 2584 4685 μέν
2625 4629 2827 4685 φησιν·
2868 4612 2935 4669 Ἠ
2961 4611 3090 4680 χείρ
3127 4625 3244 4666 σου
3283 4612 3426 4678 ἔθνη
3470 4610 3688 4675 ἐξωλό-

2115 4717 2372 4783 θρευσεν
2393 4728 2407 4741 ο
2460 4709 2552 4763 ἐπὶ
2603 4709 2661 4762 δὲ
2725 4708 2834 4762 τῶν
2891 4707 3190 4774 Ἰουδαίων,
3249 4707 3686 4776 Κατεφύτευσε.

2116 4811 2286 4881 Χεῖρα
2318 4809 2376 4861 δέ
2415 4807 2516 4878 τὴν
2557 4805 2785 4876 δύναμιν
2813 4803 2976 4858 αὑτοῦ
3019 4819 3202 4873 φησιν.
3247 4804 3310 4856 Εἰ
3355 4803 3413 4855 δέ
3450 4805 3691 4866 ἐκείνους

2116 4907 2316 4973 ἔξωθεν
2358 4905 2630 4970 ἐπιόντας,
2664 4903 2757 4957 καὶ
2793 4903 2853 4956 οὐ
2885 4902 3060 4964 πόλιν,
3093 4901 3193 4955 οὐκ
3221 4901 3398 4954 οἰκίαν
3437 4900 3688 4971 ἔχοντας,

2115 5005 2215 5075 οὐχ
2252 5005 2387 5057 ὅπου
2435 5003 2721 5074 ὁρμήσωσι
2761 5001 2855 5054 καὶ
2903 5001 3132 5064 στῶσιν,
3171 4998 3315 5052 οὕτω
3345 4997 3555 5069 ταχέως
3586 4998 3692 5050 ἀπο

2117 5101 2284 5168 ἐδειξε
2337 5099 2446 5154 τῶν
2494 5099 2642 5154 ἔνδον
2693 5100 2982 5154 οἰκούντων
3032 5095 3465 5168 δυνατωτέρους,
3517 5093 3692 5165 πολλῷ

2121 5197 2318 5271 μᾶλλον
2347 5197 2494 5268 ἡμᾶς
2527 5195 2636 5248 τῶν
2681 5194 2950 5266 πατρῴων
2978 5193 3407 5264 ἐκϐεϐλημένους
3443 5190 3504 5244 οὐ
3537 5207 3692 5262 περι-

2117 5298 2325 5366 όψεται,
2354 5293 2508 5364 φησί.
2541 5293 2606 5346 Τί
2635 5291 2691 5346 δέ
2729 5295 2846 5345 ἐστι
2875 5291 2955 5355 τὸ,
2993 5291 3390 5361 Ἐφύτευσας;
3421 5289 3686 5362 Ἔπηξας.

2179 5490 2203 5519 °
2241 5487 2353 5538 Βίον
2387 5486 2522 5546 ὀρθὸν
2547 5487 2669 5536 ἐπιδ.
2693 5486 2777 5536 8ἰο
2808 5484 2944 5537 Colb.
2970 5497 3082 5532 cum
3104 5483 3253 5534 Savil.
3289 5489 3342 5533 et
3360 5483 3535 5533 Morel.
3562 5483 3686 5546 Reg.

2115 5547 2209 5615 ϐω
2251 5552 2298 5612 β.
2318 5546 2638 5615 ἀγαθὸν-διαδ.
2683 5547 2812 5615 Infra
2834 5546 3238 5615 Cglb:_‘épxo6_i_lev.
3255 5547 3370 5615 πρὸς
3405 5547 3490 5603 τὴν
3510 5546 3704 5615 τούτων.

2172 5606 2306 5660 ὠσίνο
2328 5606 2381 5659 εἰ
2401 5612 2471 5660 sic
2494 5610 2642 5660 habet
2679 5612 2828 5660 etiam
2861 5606 3090 5658 Savilius.
3135 5606 3306 5657 Morel;
3333 5619 3448 5657 vero
3480 5611 3534 5655 el
3564 5606 3686 5670 Reg.

2165 5673 2207 5719 il
2229 5672 2465 5733 ἐμποδίζει
2486 5677 2544 5733 τῇ
2560 5672 2741 5721 τούτων
2757 5672 2943 5733 γνώσει.

2098 5673 2207 5773 βδέ
2229 5673 3025 5795 ῖῗὲἓδιζέῗιιῇύτυοᾷτέξέἔΐέἓόό.
3047 5730 3220 5780 Morel.
3257 5734 3311 5780 et
3331 5728 3522 5795 b!on_l_l‘.,
3543 5729 3582 5795 ἢ
3597 5745 3694 5795 13a-

2118 5794 2280 5908 ρῗᾷοὒ
2301 5789 2550 5908 mgf.
2579 5789 2686 5854 τοὺξ
2705 5796 2808 5860 ἆρτ.
2839 5795 2932 5844 ait.
2959 5795 3274 5847 Correximus
3296 5803 3326 5841 ο
3347 5790 3522 5853 Savil.,
3549 5789 3691 5844 Coll).

2120 5873 2149 5908 e
2223 5870 2302 5908 ea.
2435 5897 2444 5906 .
2501 5871 2615 5906 ινιτ.

2120 5871 2302 5921 emeg.
2338 5871 2444 5908 σοι.
2482 5871 2615 5908 nun.
