4140 6356
386 448 511 506 ί1Ἶ5

402 564 469 619 Et
517 577 587 619 ne
615 560 666 616 id
711 559 852 632 quod
879 559 1073 615 dicitur
1113 554 1428 613 existimetis
1476 569 1596 609 esse
1646 545 1985 608 solummodo

402 654 784 724 conjecturam,
830 652 952 706 volo
977 651 1140 724 _vobis
1184 661 1404 702 narrare
1447 654 1680 699 veterem
1712 640 1986 696 historiam

401 721 520 814 quze
564 744 845 799 confirmat
871 721 1011 812 quoii
1041 740 1285 796 dicimus.
1332 737 1569 791 Naaman
1616 744 1731 790 erat
1772 732 1988 803 quidam

401 839 589 910 Syrus.
636 836 773 891 Eum
820 850 939 889 cum
995 834 1137 903 lepra
1190 832 1490 895 invasisset,
1540 838 1595 884 et
1623 836 1838 898 propter
1864 842 1986 882 eum

404 930 650 985 morbum
678 928 1041 989 erubesceret,
1068 935 1125 979 nt
1147 925 1237 995 qui
1267 925 1317 978 in
1345 922 1578 977 niaximo
1608 920 1845 990 periculo
1871 933 1989 973 ver-

402 1031 629 1090 saretur,
652 1021 798 1076 venit
825 1021 876 1074 in
910 1020 1241 1074 Palaestinam
1268 1017 1550 1089 (brevitate
1571 1015 1714 1069 enim
1736 1011 1988 1067 utendum

403 1114 529 1186 est),
565 1114 753 1168 volens
781 1128 811 1166 a
838 1112 1094 1182 propinata
1125 1109 1339 1164 liberari
1378 1108 1481 1163 hoc
1506 1107 1665 1162 malo.
1697 1105 1829 1159 tium
1860 1119 1991 1174 ergo

403 1207 657 1270 venisset,
691 1214 746 1261 et
774 1205 826 1259 in
855 1204 950 1257 viri
982 1204 1179 1257 foribus
1206 1202 1553 1264 constitisset,
1586 1199 1791 1254 vocavit
1822 1197 1991 1251 medi-

400 1314 546 1353 cum.
572 1297 667 1352 ille
691 1304 867 1350 autem
896 1294 1167 1351 exaudivit
1197 1293 1272 1364 (a)
1301 1292 1536 1362 quidem,
1567 1307 1671 1346 non
1701 1299 1875 1343 tamen
1910 1296 1992 1343 est

402 1402 675 1458 egressus,
706 1387 801 1442 sed
825 1395 1030 1441 tantum
1061 1385 1242 1449 misit,
1267 1384 1462 1453 jubcns
1492 1398 1613 1438 eum
1660 1381 1785 1449 tingi
1816 1381 1864 1433 in
1894 1380 1993 1433 llu-

402 1482 491 1534 vio
511 1479 763 1535 Iordane.
790 1478 878 1533 Ille
892 1488 1091 1543 autem,
1111 1478 1361 1547 quoniam
1384 1486 1498 1530 erat
1523 1475 1637 1529 leve
1663 1473 1987 1538 mandatum,

402 1572 624 1626 inultum
674 1571 877 1626 habens
907 1587 969 1625 ex
1020 1569 1280 1636 sensibili,
1327 1576 1381 1623 et
1427 1565 1570 1637 quod
1612 1582 1715 1620 non
1768 1564 1995 1619 habebat

404 1682 537 1732 opus
558 1665 773 1719 sublimi
799 1664 1137 1735 cogitatione,
1163 1679 1267 1717 non
1291 1661 1533 1717 credidit.
1563 1659 1667 1715 Sed
1695 1658 1819 1729 quid
1842 1656 1993 1712 dicit?

406 1757 519 1829 Ego
544 1757 789 1822 dicebam,
802 1758 1040 1828 quoniam
1064 1756 1346 1827 egredietur
1370 1752 1437 1805 ad
1458 1768 1556 1817 me,
1577 1761 1621 1805 ct
1646 1752 1865 1820 imponet
1887 1765 1994 1802 ma-

406 1868 526 1904 num
552 1865 714 1914 suam,
745 1859 791 1904 et
816 1849 1059 1903 invocabit
1101 1848 1261 1901 Deum
1301 1862 1445 1901 suum
1486 1854 1531 1898 et
1563 1843 1753 1897 curabit
1801 1840 1995 1910 leprant

407 1940 484 2015 (ι.
515 1940 642 2012 Reg.
664 1942 717 1997 5.
751 1942 864 2012 11).
903 1940 1061 1995 Vides
1081 1939 1349 2010 quomodo
1372 1937 1548 1993 anima
1588 1950 1720 2007 opus
1745 1934 1991 1989 habuerit

407 2048 470 2087 re
518 2032 691 2102 aliqua
743 2032 1026 2087 sensibili?
1066 2029 1180 2085 Non
1227 2029 1549 2085 existimavit
1593 2028 1734 2082 enim
1786 2026 1995 2095 jussum

410 2125 604 2180 medici
649 2126 915 2189 sufﬁcere,
958 2123 1052 2179 sed
1102 2139 1261 2177 manu
1309 2136 1441 2191 Opus
1488 2120 1671 2186 luiSSe,
1701 2118 1842 2188 quod
1882 2126 1998 2172 erat

410 2215 790 2271 imbecillitatis
818 2216 957 2285 ejus,
987 2215 1075 2286 qui
1101 2214 1405 2269 curabatur.
1435 2213 1605 2267 Porro
1649 2211 1814 2265 multa
1858 2225 1995 2279 quo-

408 2326 512 2380 que
553 2310 655 2365 alia
685 2308 811 2365 hinc
850 2309 1005 2364 nobis
1049 2308 1347 2363 solvuntur.
1397 2305 1522 2361 Ideo
1564 2304 1809 2360 Christus
1837 2304 1997 2359 etiam

412 2419 519 2458 non
563 2417 774 2473 semper
802 2401 964 2456 verbo
1008 2408 1182 2465 sanat,
1226 2399 1319 2454 sed
1350 2398 1509 2453 etiam
1550 2413 1708 2452 manu
1734 2415 1749 2464 ;
1780 2397 2000 2452 immisit

414 2498 557 2553 enim
606 2511 820 2551 manum
849 2497 902 2550 in
926 2510 987 2549 os
1016 2503 1072 2550 et
1097 2495 1148 2548 in
1179 2494 1410 2564 linguam
1440 2512 1453 2546 :
1485 2500 1539 2546 et
1564 2491 1756 2546 alicubi
1783 2488 1997 2560 quidem

410 2589 575 2644 verbo
620 2587 757 2657 solo,
807 2588 1000 2644 alicubi
1051 2595 1230 2642 autem
1281 2586 1556 2640 voluntate
1601 2584 1774 2637 solum
1819 2582 1998 2637 omnia

412 2686 631 2752 iaciens,
678 2684 900 2739 curabat
943 2698 1038 2739 eos
1065 2684 1155 2751 qui
1183 2681 1512 2737 accedebant
1560 2677 1749 2749 (Marc.
1794 2679 1847 2730 7.
1880 2675 1994 2746 35).

412 2780 587 2846 Quare
640 2794 771 2850 ergo
831 2778 935 2834 hoc
995 2776 1271 2833 faciebat?
1312 2775 1539 2844 Propter
1586 2772 1999 2828 imbecillitatem

418 2887 603 2926 eorum
630 2872 717 2942 qui
748 2870 1090 2926 accedebant.
1123 2869 1188 2923 Et
1216 2878 1274 2922 ut
1314 2868 1451 2922 scias
1483 2865 1581 2919 hoc
1606 2863 1802 2919 factum
1835 2864 2000 2919 fuisse

413 2974 631 3036 propter
658 2978 844 3018 eorum
881 2962 1317 3043 imbecillitatem,
1351 2959 1591 3014 laudabat
1621 2972 1714 3012 eos
1739 2958 1825 3027 qui
1859 2957 2000 3025 cjus-

412 3057 557 3112 modi
593 3056 753 3112 rebus
798 3038 1017 3110 minime
1050 3070 1185 3123 opus
1214 3053 1489 3107 haberent.
1522 3052 1683 3103 Amen
1720 3050 1881 3113 enim,
1916 3048 1998 3101 in-

406 3149 547 3219 ‘quit,
592 3149 706 3202 dico
752 3148 909 3215 vobis,
952 3164 1053 3200 non
1091 3145 1257 3199 inveni
1306 3153 1497 3197 tentant
1547 3142 1699 3212 ﬁdem
1742 3143 1794 3194 in
1834 3140 2001 3194 Israel

417 3242 629 3314 (Matth.
661 3242 714 3298 8.
769 3240 858 3312 10)
892 3237 1360 3311 :quandoquidem
1412 3252 1517 3290 non
1571 3234 1730 3290 traxit
1775 3250 1899 3289 eum
1947 3232 1999 3286 in

413 3336 630 3390 domum
655 3349 807 3389 suam
828 3333 1088 3395 centurio,
1108 3330 1202 3386 sed
1220 3330 1353 3384 dixit
1376 3327 1706 3397 ejusjussum
1730 3324 1998 3379 sufﬁcere.

415 3428 473 3483 In
507 3426 732 3482 Ezechia
777 3427 851 3497 (4.
884 3425 1010 3495 Reg.
1043 3423 1132 3493 18)
1179 3423 1357 3491 itaque
1386 3420 1515 3474 nihil
1546 3419 1651 3473 tale
1697 3410 1773 3482 lit,
1799 3416 1894 3471 sed
1921 3423 2004 3470 est

415 3516 752 3575 solummodo
778 3515 1067 3586 prmdictio,
1101 3524 1154 3568 ct
1182 3512 1311 3566 nilnl
1354 3511 1643 3575 huinanum
1671 3517 2001 3576 assumptum

416 3624 499 3669 est
530 3632 544 3669 :
573 3622 627 3669 et
653 3612 773 3668 ideo
799 3614 850 3666 in
878 3628 944 3666 eo
970 3626 1203 3681 quoque,
1233 3608 1321 3678 qui
1350 3608 1529 3661 uxoris
1557 3603 1819 3674 zelotypia
1848 3601 2000 3655 labo-

415 3716 518 3771 rat,
542 3708 689 3776 jussa
715 3714 798 3761 est
817 3720 905 3759 res
929 3704 1101 3773 aliqua
1127 3702 1356 3756 crassior
1380 3698 1475 3770 (b).
1500 3696 1651 3764 Quod
1669 3698 1712 3750 si
1737 3695 1868 3749 velis
1891 3695 2005 3747 haec

415 3813 628 3869 quoque
673 3812 887 3852 sumere
915 3795 1200 3865 anagogice
1230 3792 1440 3864 (Omnia
1483 3790 1647 3854 enim,
1680 3788 1867 3857 inquit,
1896 3786 2003 3841 hare

417 3890 473 3942 in
512 3889 677 3960 ﬁgura
707 3886 992 3941 eveniebant
1030 3886 1131 3939 illis
1159 3885 1386 3954 :scripta
1410 3891 1525 3935 sunt
1551 3889 1716 3933 autem
1742 3879 1809 3931 ad
1833 3893 2003 3931 corre-

414 3983 629 4035 ctionem
669 3988 912 4044 nostram,
945 3978 1011 4030 ad
1055 3993 1179 4047 quos
1202 3977 1342 4044 ﬁnes
1367 3974 1665 4029 saxulorum
1708 3971 2003 4023 devenerunt

416 4074 495 4143 (1.
528 4072 647 4127 Cor.
678 4073 764 4128 10.
797 4071 908 4142 11),
932 4069 1104 4139 cogita
1134 4068 1272 4138 apud
1302 4077 1351 4121 te
1377 4062 1606 4135 Optimos
1636 4062 1882 4116 Ecclesia:
1903 4059 2000 4114 do-

418 4178 597 4223 ctores
644 4182 741 4236 pro
782 4167 905 4220 tuba
948 4164 1189 4218 oratione
1229 4169 1437 4215 utentes
1478 4168 1533 4214 et
1576 4156 2003 4211 adversariorum

416 4262 614 4316 somnia
641 4259 932 4322 diruentes,
961 4266 1016 4310 et
1042 4255 1295 4325 populum
1318 4252 1520 4322 integra
1549 4260 1601 4305 et
1624 4249 1854 4319 perfecta
1877 4246 2002 4301 Jcsu

414 4361 687 4409 armatura
712 4359 997 4405 armatum.
1025 4349 1241 4418 Septem
1289 4353 1467 4402 autem
1508 4344 1715 4399 dierum
1746 4354 2004 4395 numerus

410 4446 521 4517 jam
546 4454 671 4501 ante
693 4444 846 4499 nobis
871 4444 1029 4499 solvit
1053 4442 1355 4496 sabbatum.
1371 4438 1553 4508 Neque
1580 4437 1721 4492 enim
1741 4432 2002 4505 ejusmodi

414 4539 546 4608 legis
595 4545 857 4606 praecepta
903 4533 1265 4603 principaliter
1309 4531 1429 4585 data
1481 4536 1625 4585 sunt.
1658 4529 1723 4582 Et
1768 4526 1889 4580 ideo
1936 4524 2006 4581 de

414 4627 692 4683 sacriﬁciis
743 4625 956 4696 quidem
1003 4624 1175 4679 dicit:
1230 4623 1356 4689 Quis
1398 4621 1530 4675 enim
1591 4637 1650 4675 ea
1697 4618 1949 4688 requisivit
1977 4633 2005 4671 ε

412 4722 645 4775 manibus
685 4720 861 4774 vestris
889 4716 1041 4789 (Isai.
1088 4721 1140 4772 1.
1185 4716 1316 4787 12)?
1356 4714 1425 4769 Et
1465 4728 1691 4769 rursus:
1737 4710 2003 4781 Numquid

414 4822 529 4866 vota
571 4821 622 4866 et
661 4827 837 4866 carnes
881 4821 1067 4865 sanctae
1108 4812 1339 4879 auferent
1385 4816 1588 4876 peccata
1620 4814 1707 4859 tua
1738 4801 1869 4877 (Jer.
1912 4804 2000 4857 11.

416 4907 548 4977 15)?
578 4905 650 4961 Et
672 4918 857 4959 rursus
888 4922 902 4957 :
935 4901 1200 4973 Numquid
1227 4901 1414 4954 hostias
1452 4910 1499 4952 et
1527 4898 1779 4966 sacriﬁcia
1817 4894 2001 4950 obtuli-

372 4990 379 4997 ’
414 5000 504 5053 stis
533 4999 658 5053 mihi
689 4999 744 5050 in
786 4998 977 5051 deserto
1005 4994 1339 5065 quadraginta
1378 4992 1523 5045 annis
1552 4992 1729 5065 (Amos
1758 4990 1813 5045 5.
1859 4987 1997 5058 25)?

416 5090 483 5145 Et
507 5105 692 5145 rursus
726 5107 739 5143 :
772 5088 875 5143 Cur
902 5087 1028 5141 mihi
1057 5084 1211 5152 affers
1252 5086 1369 5139 thus
1392 5100 1455 5137 ex
1499 5081 1658 5146 Saba,
1705 5090 1750 5135 et
1780 5082 2003 5134 cinamo-

414 5200 550 5235 mum
582 5182 646 5235 de
667 5191 799 5235 terra
826 5180 1100 5250 longinqua
1125 5176 1261 5246 (Jcr.
1291 5176 1344 5230 6.
1373 5173 1465 5245 20)
1490 5174 1513 5228 ?
1543 5175 1606 5227 Et
1632 5174 1821 5227 iterum
1854 5189 1867 5225 :
1896 5170 1999 5225 Sa-

413 5275 662 5343 criﬁcium
702 5281 750 5327 et
777 5271 1077 5326 oblationem
1105 5271 1309 5324 noluisti
1340 5267 1510 5340 (Psal.
1546 5267 1633 5323 59.
1664 5266 1737 5334 7).
1772 5266 1836 5319 Et
1880 5280 2000 5318 rur-

476 5407 547 5469 la)
583 5406 639 5455 in
656 5413 837 5469 (πείθεο.
860 5416 1054 5466 ίιπιίιουσι.
1086 5413 1199 5463 Qum
1230 5403 1428 5469 quidem
1465 5415 1559 5450 vox
1600 5400 1676 5469 hic
1711 5406 1852 5469 recte
1875 5397 2003 5469 verti

414 5458 574 5530 potest
593 5507 607 5527 ,
630 5458 879 5530 exaudivit
898 5458 930 5528 ;’
950 5458 1117 5517 nescio
1151 5480 1215 5515 an
1248 5458 1419 5523 etiam,
1439 5462 1718 5526 respondit;
1756 5458 1837 5511 vel
1874 5460 2003 5509 forte

412 5529 688 5593 utrumque
699 5529 1053 5593 complectitur.

477 5592 549 5654 (b)
568 5582 709 5641 s'avil.
736 5606 747 5639 :
772 5609 794 5654 ᾳ
810 5582 854 5641 Si
871 5592 1118 5654 historiam
1137 5588 1382 5650 respiciat,
1397 5587 1552 5654 inquit
1566 5584 1759 5633 doctiss.
1778 5582 2000 5654 Alienus,

410 5652 458 5724 4"
623 5655 685 5703 20
706 5693 726 5724 ,_
743 5653 887 5724 plane
911 5643 1624 5724 refragaturcontextusﬁpse;
1648 5660 1757 5693 nam
1780 5656 1928 5724 vetsu
1952 5643 2001 5702 7,

411 5706 589 5764 dicittir
620 5706 861 5778 accipiant
885 5706 1148 5778 canistrum
1169 5710 1378 5778 ﬁcgrimt
1391 5746 1404 5770 ,
1432 5706 1526 5759 etc‘.
1566 5706 1641 5778 sin
1660 5716 1825 5778 autem
1848 5706 1999 5778 histo-

409 5788 529 5825 nam
565 5768 737 5826 innuat'
754 5777 802 5825 4.
830 5784 943 5839 Reg.
968 5777 1047 5833 19,
1076 5776 1104 5824 7
1143 5768 1293 5839 ἀεὶ
1312 5808 1327 5832 ,
1349 5768 1414 5839 de
1461 5769 1768 5839 praedictione
1805 5768 2002 5839 quidem

408 5846 635 5899 coiistare
661 5828 998 5899 videturfsed
1034 5828 1132 5887 non
1164 5836 1288 5885 adeo
1313 5828 1473 5899 'clare'
1494 5835 1559 5899 de
1598 5828 1946 5899 Ezechiaa'lide.
1970 5842 1994 5873 ι

408 5898 475 5950 At
498 5913 593 5964 ego
610 5915 709 5952 non
729 5892 1006 5965 video'quid
1024 5900 1158 5950 dubii
1180 5899 1243 5949 de
1268 5897 1476 5952 Ezechiae
1501 5895 1594 5946 [ide
1620 5894 1747 5943 nasci
1772 5892 1939 5955 possit.

1542 433 1903 505 EXPOSITIO
1941 432 2007 490 IN
2045 430 2365 490 PSALMUM
2403 433 2584 489 χιιιι.

3578 441 3682 499 1η

2092 564 2182 606 sus
2206 569 2219 604 :
2250 550 2515 622 Numquid
2544 554 2837 610 holocausta
2875 563 2923 609 et
2950 554 3202 621 sacriﬁcia
3223 554 3329 609 vult
3354 552 3492 607 Deus
3521 553 3560 619 ⁸,
3581 568 3682 605 an-

2091 664 2211 711 non,
2254 658 2310 701 ut
2349 649 2393 703 ei
2424 649 2684 702 obediatur
2710 649 2786 721 (1.
2818 648 2947 720 Reg.
2979 650 3066 704 15.
3096 647 3192 721 32)
3213 648 3237 701 ’ἒ
3262 646 3332 702 Et
3359 660 3543 701 rursus
3572 663 3586 698 :
3617 644 3678 699 Si

2092 737 2332 791 voluisses
2359 738 2687 806 sacri/icium,
2715 738 2963 793 dedissem
2987 738 3155 810 (Psal.
3188 738 3276 794 50.
3310 738 3422 807 18).
3456 736 3525 791 Ει
3564 751 3679 789 rur-

2093 844 2183 883 sus
2207 845 2222 881 :
2250 829 2455 883 Auditio
2480 829 2611 883 bona
2636 845 2787 897 super
2822 830 3130 898 sacriﬁcium
3172 828 3249 895 (1.
3278 828 3406 900 Reg.
3442 827 3529 882 15.
3559 826 3678 897 29.).

2094 922 2161 976 Et
2203 922 2393 976 iterum
2438 921 2572 977 festa
2614 921 2833 991 ejiciens
2876 921 3085 992 inquit:
3122 921 3252 974 Odia
3292 919 3463 982 habui,
3516 919 3682 986 repuli

2096 1018 2222 1085 festa
2251 1024 2435 1071 vestra.
2486 1014 2643 1085 Aufer
2670 1031 2701 1067 a
2729 1030 2808 1067 me
2848 1030 3025 1067 sonum
3052 1013 3359 1067 canticOrum
3388 1023 3606 1073 tuorum,
3635 1020 3681 1062 et

2092 1116 2295 1162 cantum
2316 1124 2621 1177 organorum
2646 1117 2847 1160 tuorum
2872 1122 2972 1159 non
3011 1104 3281 1159 exaudiam
3307 1103 3484 1170 (Amos
3504 1102 3558 1157 5.
3588 1100 3679 1155 ‘21.

2092 1200 2210 1273 25).
2242 1200 2330 1267 Et,
2376 1199 2523 1254 Diem
2551 1215 2790 1270 magnum
2833 1215 2932 1253 non
2976 1197 3218 1259 sustineo,
3258 1205 3305 1250 et
3341 1196 3594 1266 jejunium
3635 1203 3681 1246 et

2097 1295 2250 1363 ferias
2293 1294 2398 1347 odit
2434 1293 2605 1346 anima
2633 1309 2745 1346 mea
2793 1290 2941 1363 (Isai.
2976 1292 3028 1345 1.
3084 1290 3171 1344 1'5.
3209 1288 3319 1357 14).
3362 1286 3429 1341 Ει
3452 1300 3635 1340 rursus
3667 1304 3679 1338 :

2102 1388 2219 1441 Non
2249 1397 2320 1440 est
2360 1369 2452 1439 hoc
2471 1385 2728 1457 jejunium
2752 1383 2886 1453 quod
2912 1381 3037 1451 elegi
3063 1380 3214 1454 (Isai.
3253 1379 3341 1436 58.
3375 1378 3449 1448 5).
3481 1376 3682 1431 Rursus

2099 1494 2311 1549 quoque
2353 1478 2563 1533 dicebat
2608 1475 2894 1531 Ezechiel:
2932 1472 3074 1527 Dabo
3119 1471 3255 1527 vobis
3301 1478 3551 1542 praecepta
3579 1484 3682 1521 non

2099 1572 2247 1636 bona,
2290 1572 2343 1623 in
2370 1569 2549 1640 quibus
2593 1586 2694 1622 non
2734 1568 2903 1621 vivetis
2944 1567 2996 1620 in
3034 1565 3159 1635 ipsis
3186 1563 3394 1638 (Ezech.
3425 1561 3516 1617 20.
3560 1560 3678 1629 25).

2104 1664 2177 1720 lta
2202 1665 2365 1720 etiam
2389 1664 2670 1718 sabbatum
2712 1662 2799 1716 hic
2822 1661 3064 1716 solvitur.
3088 1659 3191 1715 Sed
3218 1674 3315 1713 cur
3353 1658 3482 1713 dicit
3508 1674 3520 1709 :
3558 1655 3684 1723 Quis

2100 1757 2207 1810 hwc
2234 1756 2486 1823 requisivit
2514 1755 2577 1808 de
2602 1752 2831 1807 manibus
2856 1751 3074 1805 vestris?
3120 1750 3232 1804 Hoc
3262 1748 3413 1802 Vobis
3443 1748 3686 1816 relinquo

2101 1849 2417 1905 Solvendum
2448 1867 2461 1902 :
2496 1847 2737 1917 poteritis
2760 1854 2941 1900 autem
2972 1843 3095 1898 talia
3138 1842 3395 1904 invenire,
3427 1841 3470 1894 si
3501 1854 3683 1910 puram

2101 1943 2261 1996 vitam
2293 1941 2525 2012 egeritis.

2172 2035 2225 2089 5.
2258 2032 2315 2087 Si
2339 2032 2481 2087 enim
2509 2030 2813 2086 Cornelium
2857 2036 3073 2099 propter
3097 2026 3258 2081 vitam
3297 2024 3552 2094 optimam
3583 2036 3681 2077 vo-

2100 2128 2242 2182 cavit
2270 2126 2321 2180 id
2365 2140 2680 2180 arcanorum
2710 2121 3067 2192 cognitionem
3101 2120 3234 2191 (Act.
3268 2118 3355 2173 10.
3383 2118 3439 2185 4)
3464 2159 3479 2182 .
3508 2123 3563 2171 et
3586 2131 3683 2170 eu-

2103 2217 2358 2279 nuchum,
2388 2215 2529 2284 quod
2558 2213 2797 2268 studiose
2832 2213 3031 2282 legeret
3053 2251 3066 2274 ,
3107 2209 3171 2264 ad
3222 2210 3298 2264 rei
3329 2208 3684 2277 cognitionem

2100 2310 2318 2366 deduxit
2348 2310 2484 2379 (Act.
2515 2309 2569 2363 8.
2599 2306 2690 2360 27.
2717 2308 2852 2376 sqq.)
2877 2324 2890 2359 :
2923 2304 3091 2357 multo
3120 2302 3287 2372 magis
3325 2317 3420 2356 vos
3464 2300 3557 2370 qui
3576 2300 3687 2369 jam

2102 2405 2261 2460 ﬁdem
2292 2402 2564 2473 assequuti
2610 2400 2776 2465 estis,
2805 2399 2848 2453 si
2876 2408 3075 2452 rectam
3104 2396 3265 2450 vitam
3310 2391 3651 2449 ostenderitis
3670 2432 3684 2457 ,

2103 2496 2317 2552 docebit
2343 2510 2462 2565 qua:
2487 2501 2612 2548 sunt
2648 2490 3030 2546 manifestiora.
3061 2486 3518 2557 Quemadmodum
3544 2485 3687 2540 enim

2104 2590 2209 2645 vita
2239 2587 2511 2643 immunda
2541 2594 2624 2641 est
2652 2584 3067 2655 impedimento,
3095 2582 3379 2653 quominus
3400 2597 3461 2635 ea
3487 2594 3686 2650 cogno-

2104 2691 2320 2739 scantur
2352 2682 2433 2754 (ut
2459 2680 2589 2735 dicit
2615 2678 2847 2733 Paulus:
2878 2675 3000 2730 Non
3037 2676 3181 2746 potui
3220 2675 3357 2743 loqui
3395 2673 3531 2727 vobis
3560 2682 3691 2726 tam-

2104 2791 2254 2845 quam
2280 2771 2648 2844 spiritualibus,
2679 2770 2915 2841 quoniam
2940 2768 3051 2822 lites
3079 2776 3194 2820 sunt
3223 2765 3358 2820 vobis
3400 2774 3449 2818 et
3476 2774 3685 2818 conten-

2107 2868 2264 2921 tiones
2302 2864 2395 2937 [1.
2423 2864 2541 2919 Cor.
2566 2864 2619 2919 5.
2646 2863 2698 2916 1.
2729 2860 2783 2932 5]
2810 2878 2823 2926 ;
2854 2870 2909 2915 et
2946 2874 3130 2914 rursus
3166 2858 3327 2911 Isaias
3356 2875 3370 2911 :
3395 2856 3539 2910 Scire
3584 2856 3690 2908 vias

2105 2975 2242 3012 meas
2269 2954 2624 3010 desiderabant
2647 2995 2661 3017 ,
2690 2962 2743 3005 ut
2771 2950 2991 3022 populus
3010 2946 3227 3019 quifecit
3242 2946 3504 3017 justitiam
3528 2941 3682 3014 [Isai.

2106 3049 2195 3105 58.
2227 3047 2282 3121 2]
2308 3048 2324 3117 )
2351 3067 2362 3101 :
2395 3048 2472 3101 sic
2502 3048 2605 3099 vita
2637 3044 2835 3098 munda
2883 3052 2937 3097 et
2964 3040 3235 3110 quaerendi
3261 3038 3493 3092 studium
3533 3051 3691 3089 manu

2105 3143 2325 3198 ducunt.
2360 3140 2580 3207 Quaerite
2624 3136 2803 3202 enim,
2833 3134 3040 3204 inquit,
3072 3142 3117 3185 et
3140 3130 3397 3184 invenietis
3423 3128 3573 3198 (Luc.
3598 3128 3687 3181 11.

2106 3235 2182 3306 9).
2214 3234 2352 3302 Quin
2380 3231 2537 3287 etiam
2564 3228 2814 3300 parabola
2841 3228 2979 3296 ejus,
3004 3225 3095 3297 qui
3122 3225 3253 3294 petit
3281 3238 3445 3293 panes
3467 3221 3536 3275 ab
3559 3221 3691 3273 alni.

2104 3343 2189 3394 co,
2240 3327 2330 3397 qui
2375 3324 2484 3395 iam
2536 3321 2872 3385 dormiebat;
2903 3319 3004 3373 hoc
3048 3316 3281 3373 ostendit
3319 3314 3425 3385 (Ib.
3469 3330 3516 3367 v.
3547 3313 3689 3380 5-8).

2106 3418 2395 3487 Propterea
2424 3415 2674 3471 Salomon
2705 3426 2916 3482 quoque
2935 3409 3184 3479 quoniam
3212 3403 3692 3477 petiitspiritualia,

2108 3527 2168 3566 ea
2196 3512 2353 3565 etiam
2384 3508 2619 3577 accepit,
2662 3520 2783 3575 quae
2836 3518 2941 3557 non
2992 3501 3141 3571 petiit
3192 3500 3271 3566 (5.
3307 3498 3432 3568 Reg.
3483 3498 3535 3550 5.
3579 3496 3690 3565 11).

2106 3603 2330 3673 Quando
2356 3610 2533 3655 autem
2562 3608 2617 3653 et
2647 3596 2951 3659 assiduitas,
2978 3602 3031 3649 et
3060 3591 3349 3662 spiritualis
3394 3589 3609 3659 petitio,
3641 3597 3695 3640 et

2110 3711 2237 3765 para
2293 3694 2399 3747 vita
2470 3690 2735 3757 adfuerit,
2786 3688 2960 3757 cogita
3021 3683 3158 3753 apud
3236 3691 3287 3736 te
3336 3692 3532 3751 quanta
3593 3678 3695 3733 erit

2110 3786 2404 3856 accipiendi
2452 3784 2676 3838 facultas
2706 3800 2720 3835 :
2750 3780 2896 3850 atqui
2927 3779 3007 3831 vel
3050 3777 3163 3846 ipsa
3194 3791 3288 3844 per
3316 3789 3375 3827 se
3401 3772 3510 3826 sola
3562 3771 3695 3824 assis

2108 3880 2284 3936 duitas
2338 3879 2622 3948 plurimum
2662 3872 2832 3945 potuit
2864 3890 2877 3924 :
2906 3869 3036 3924 Dico
3077 3868 3218 3923 enim
3240 3907 3255 3933 ,
3284 3865 3493 3935 inquit,
3522 3862 3658 3917 vobis
3677 3902 3694 3929 ,

2106 3975 2199 4029 etsi
2252 3989 2354 4026 non
2416 3980 2679 4040 propterea
2719 3966 2853 4035 quod
2896 3965 2961 4017 sit
3014 3965 3125 4034 ejus
3173 3960 3365 4012 amicus
3417 3957 3462 4011 ei
3520 3956 3690 4020 dabit,

2109 4075 2315 4136 prapter
2351 4061 2715 4132 impudentiam
2760 4067 2925 4110 tamen
2971 4056 3079 4125 ejus
3132 4052 3268 4105 dabit
3320 4050 3364 4103 ei
3417 4048 3569 4119 (Luc.
3603 4048 3691 4101 11.

2110 4157 2187 4226 8).
2263 4154 2370 4209 Sed
2426 4160 2758 4208 revertamur
2821 4147 2887 4202 ad
2938 4143 3293 4217 propositum.
3358 4139 3500 4209 Opus
3562 4137 3696 4207 quod

2108 4261 2344 4319 operatus
2368 4263 2422 4299 es
2468 4246 2520 4298 in
2567 4242 2740 4296 diebus
2766 4256 2969 4298 eorum,
3007 4238 3060 4290 in
3098 4235 3272 4288 diebus
3306 4232 3543 4301 antiquis.
3576 4228 3694 4281 Ma-

2110 4360 2204 4397 nus
2276 4351 2362 4395 tua
2432 4346 2600 4409 gentes
2648 4332 2981 4404 disperdidit,
3030 4337 3078 4383 et
3130 4324 3369 4396 plantasti
3415 4338 3517 4377 eos.
3559 4319 3696 4374 Vide

2108 4450 2268 4505 quam
2318 4430 2532 4502 proprie
2571 4426 2804 4481 dictione
2842 4437 2966 4477 usus
2991 4430 3090 4474 est.
3124 4418 3242 4472 Non
3269 4430 3355 4480 eo,
3385 4413 3576 4484 inquit,
3604 4426 3695 4465 so-

2110 4530 2220 4584 lum
2248 4542 2362 4583 rem
2386 4521 2656 4579 deduxisti
2680 4561 2697 4585 ,
2725 4527 2780 4573 ut
2806 4517 2883 4571 illi
2921 4515 3133 4585 quidem
3168 4512 3462 4574 vincerent,
3493 4505 3548 4560 hi
3569 4519 3699 4559 vero

2111 4622 2451 4675 vincerentur
2482 4633 2494 4667 :
2522 4613 2616 4668 sed
2658 4610 2836 4666 omnia
2886 4608 3092 4676 longius
3136 4608 3543 4674 processerunt;
3576 4597 3700 4650 licet

2109 4720 2265 4767 antea
2293 4722 2504 4778 quoque
2526 4719 2632 4759 non
2660 4715 2813 4772 aequo
2838 4696 3130 4754 certamine
3156 4708 3243 4748 res
3262 4697 3598 4762 gererentur.
3620 4683 3697 4739 llli

2110 4805 2254 4861 enim
2283 4799 2663 4872 possidebant,
2686 4795 2741 4849 hi
2768 4808 2897 4848 vero
2934 4798 3086 4845 erant
3106 4787 3324 4841 advenze
3353 4801 3367 4836 :
3395 4781 3490 4837 sed
3519 4791 3696 4834 tamen

2112 4906 2253 4951 tanta
2284 4870 2418 4949 iacta
2442 4899 2525 4946 est
2567 4886 2790 4943 mutatio
2813 4891 2916 4951 ,ut
2942 4882 3014 4936 illi
3037 4877 3249 4950 quidem
3278 4874 3532 4931 radicitus
3556 4870 3699 4926 evel-

2111 4991 2370 5053 lerentur,
2404 4985 2456 5040 hi
2484 4997 2607 5038 vero
2638 4980 2825 5034 ﬁerent
2850 4976 2997 5030 cives
3023 4981 3075 5027 et
3101 4969 3448 5025 habitatores.
3480 4963 3547 5018 Et
3578 4961 3697 5016 ideo

2108 5081 2176 5136 de
2219 5080 2323 5133 illis
2352 5076 2565 5147 quidem
2609 5072 2772 5127 dicit:
2806 5066 2992 5122 Manus
3022 5074 3108 5117 tua
3151 5070 3321 5132 gentes
3347 5054 3646 5126 disperdidit
3675 5092 3692 5107 .

2112 5173 2181 5229 de
2205 5145 2408 5226 Iudicis
2429 5176 2608 5221 autem
2632 5206 2646 5229 ,
2673 5158 2949 5216 Plantavit.
2976 5156 3187 5211 Manum
3229 5162 3407 5205 autem
3435 5147 3559 5201 dicit
3581 5145 3697 5212 ejus

2112 5262 2422 5335 potentiam.
2458 5256 2611 5325 Quod
2647 5254 2689 5308 si
2722 5268 2815 5307 eos
2854 5250 2942 5320 qui
2992 5244 3208 5301 aliunde
3232 5238 3618 5297 adveniebant,
3643 5245 3698 5289 et

2112 5329 2211 5415 nec
2235 5356 2422 5412 urbem
2446 5395 2461 5417 ,
2489 5367 2589 5407 nec
2616 5349 2835 5405 domum
2875 5342 3143 5397 habebant
3166 5338 3219 5393 in
3255 5351 3357 5406 qua
3383 5332 3538 5388 sedes
3565 5329 3694 5399 lige-

2110 5459 2248 5510 rent,
2272 5454 2365 5501 aut
2392 5446 2442 5498 in
2471 5441 2628 5513 q'uam
2668 5455 2726 5493 se
2750 5436 3069 5505 reciperent,
3094 5427 3320 5485 reddidit
3350 5434 3455 5478 tam
3478 5422 3583 5476 cito
3603 5435 3697 5490 po-

2112 5540 2367 5597 tentiores
2413 5512 2597 5603 iisiqui
2625 5532 2767 5585 intus
2812 5525 3123 5582 habitabant
3153 5539 3167 5575 :
3196 5518 3362 5573 multo
3401 5512 3567 5585 magis
3596 5523 3697 5563 nos

2114 5630 2347 5702 paternis
2372 5626 2528 5682 hoois
2557 5624 2756 5694 ejectos
2784 5636 2888 5674 non
2916 5614 3192 5685 despiciet.
3224 5607 3360 5678 Quid
3386 5618 3467 5661 est
3491 5616 3685 5667 autem,

2114 5695 2407 5781 Plantasti?
2434 5718 2642 5775 Fixisti.
2674 5711 2826 5782 Quod
2854 5719 2936 5765 est
2982 5707 3122 5763 enim
3153 5703 3447 5775 plantatum
3474 5741 3491 5768 ,
3522 5696 3582 5753 lit
3605 5695 3692 5750 lir-

2179 5885 2194 5916 ¹
2232 5880 2370 5935 Colh.
2386 5915 2404 5945 ,
2425 5877 2697 5932 holocausta
2720 5878 2766 5925 et
2787 5867 3030 5923 columbas
3053 5862 3151 5916 vult
3175 5870 3327 5913 Deus.
