4140 6356
439 453 544 509 175

436 583 582 622 mum
621 575 676 620 ct
701 565 910 621 stabile.
939 563 1076 632 Quid
1105 560 1281 636 igitur,
1303 563 1407 626 dic,
1439 575 1652 632 qumso,
1686 574 1790 612 non
1824 556 2022 627 migra-

436 663 601 716 runt?
644 677 752 716 non
796 659 1011 716 abducti
1056 667 1182 714 sunt
1210 658 1263 712 in
1296 658 1411 712 loca
1453 656 1626 712 aliena
1653 655 1766 729 (a)?
1797 651 2026 709 Abducti

435 764 561 810 sunt
585 765 730 809 certe
751 795 767 819 ,
793 753 888 810 sed
921 769 1026 810 non
1073 759 1290 823 pr0pter
1327 749 1745 806 imbecillitatem
1793 746 1910 817 ejus
1936 745 2026 816 qui

435 847 836 910 collocaverat,
859 844 953 901 sed
987 854 1206 915 propter
1234 841 1424 898 vitium
1468 856 1656 896 eorum
1684 839 1774 910 qui
1806 838 2028 908 plantati

437 951 584 994 sunt.
616 939 728 993 Nisi
772 940 916 992 enim
959 953 1079 1007 qua:
1123 935 1405 1001 fecerant,
1439 931 1668 988 fuissent
1697 932 1776 987 eis
1799 929 2027 998 impedi-

437 1044 660 1098 mento,
709 1030 840 1085 nihil
892 1030 1153 1084 vetuisset
1192 1027 1480 1098 quominus
1536 1024 1682 1080 domi
1727 1030 2026 1077 manerent.

435 1125 671 1196 Amisisti
696 1123 929 1192 populos,
957 1130 1002 1176 et
1032 1121 1271 1192 ecpulisti
1297 1136 1400 1174 eos.
1423 1117 1676 1174 Nonnulli
1699 1116 1881 1171 dicunt
1914 1114 2030 1170 hinc

435 1217 538 1272 dici
567 1215 634 1270 de
661 1213 948 1287 rEgyptiis:
981 1213 1109 1268 mihi
1140 1223 1316 1268 autem
1345 1210 1556 1268 videtur
1585 1209 1688 1265 hoc
1708 1222 1921 1280 quoque
1949 1205 2032 1260 di-

399 1329 402 1332 ’
435 1317 579 1362 t-tum
605 1322 726 1362 esse
754 1306 822 1362 de
855 1306 1123 1378 gentibus.
1155 1306 1286 1361 Nam
1317 1305 1385 1362 de
1424 1305 1531 1360 illis
1559 1318 1772 1374 quoque
1801 1301 2030 1370 sumpsit

435 1399 755 1470 supplicium
776 1441 793 1466 ,
822 1399 876 1454 in
910 1409 1137 1468 utroque
1172 1412 1324 1452 suam
1365 1395 1657 1451 ostendens
1703 1392 2027 1464 potentiam,

437 1492 489 1545 in
534 1492 778 1548 delendis
803 1492 1012 1547 scilicet
1041 1491 1274 1546 inimicis
1313 1499 1368 1544 et
1408 1491 1520 1543 suis
1543 1483 1946 1542 confirmandis.
1972 1484 2027 1538 4.

438 1583 561 1639 Non
605 1585 738 1639 enim
778 1585 833 1639 in
876 1585 1050 1656 gladio
1092 1600 1184 1638 suo
1234 1581 1561 1652 possederunt
1606 1589 1812 1634 terram.
1843 1578 2028 1643 Alius,

439 1675 564 1731 Non
592 1677 723 1730 enim
750 1677 802 1730 in
825 1693 944 1730 ense
969 1693 1063 1730 suo
1093 1674 1418 1744 possederunt
1443 1681 1650 1726 terram.
1675 1669 1743 1724 Et
1769 1668 2031 1723 brachium

435 1785 609 1823 eorum
639 1785 739 1823 non
785 1767 996 1823 salvabit
1022 1784 1106 1822 eos
1123 1785 1142 1834 ;
1169 1765 1259 1821 sed
1284 1765 1490 1821 dextera
1535 1775 1622 1818 tua
1645 1806 1660 1829 ,
1695 1772 1740 1818 et
1770 1761 2032 1816 brachium

435 1870 596 1926 tuum,
620 1870 666 1915 et
691 1860 994 1914 illuminatio
1017 1860 1182 1914 vultus
1209 1859 1302 1913 tui.
1326 1858 1476 1913 Alius
1499 1857 1700 1926 inquit,
1727 1853 1858 1908 Lux.
1884 1852 2027 1920 Quo-

435 1952 572 2005 niam
593 1951 944 2021 complacuisti
961 1951 1016 2005 in
1035 1951 1127 2005 eis.
1150 1951 1308 2019 Atqui
1337 1949 1824 2003 viucebantomnes
1841 1943 2030 1998 armati

436 2045 487 2098 in
517 2042 671 2098 bellis
706 2045 931 2098 :armati
957 2043 1172 2114 quidem
1193 2083 1208 2108 ,
1250 2057 1437 2096 verum
1461 2040 1512 2094 id
1545 2056 1648 2094 non
1679 2052 1952 2093 armorum
1976 2036 2028 2090 vi

437 2135 633 2200 liehat,
667 2135 761 2190 sed
789 2135 882 2190 Dei
908 2136 1139 2202 virtutc,
1163 2135 1252 2205 qui
1293 2132 1550 2188 exercitui
1587 2139 1837 2202 prmcrat.
1869 2128 2030 2183 Vides

446 2227 718 2297 quOmodo
740 2229 858 2283 loco
878 2227 1136 2282 orationis
1162 2227 1365 2282 adtexit
1381 2225 1685 2286 consilium,
1709 2221 1942 2276 suadens
1973 2229 2032 2275 ut

437 2319 617 2373 mxtnia
659 2320 715 2378 in
743 2320 907 2374 Deum
936 2319 1224 2390 conjiciunt
1243 2359 1258 2384 ,
1291 2317 1514 2388 ejusque
1551 2315 1775 2370 arbitrio
1803 2314 2028 2384 permit-

438 2411 575 2465 tant?
601 2411 882 2483 Quomodo
921 2420 1098 2466 autem
1130 2427 1242 2466 rem
1287 2419 1444 2464 vocat
1485 2406 1878 2468 hereditatem,
1906 2418 2028 2459 cum

441 2514 640 2573 patres,
658 2507 765 2573 avi,
784 2515 839 2561 et
860 2505 1041 2576 proavi
1066 2516 1263 2561 terram
1294 2521 1398 2558 nun
1428 2501 1775 2566 obtinuerint,
1802 2500 1896 2554 sed
1924 2498 2030 2552 alio

435 2605 490 2650 et
514 2597 622 2652 alio
643 2606 884 2667 tempore
925 2597 1228 2666 consumpti
1257 2595 1407 2652 sint?
1433 2595 1566 2661 Quia
1597 2592 1730 2647 facta
1754 2602 1836 2646 est
1859 2590 2027 2660 patri-

436 2687 536 2740 hus
552 2687 852 2757 promissio.
867 2685 1012 2752 Veni,
1033 2687 1218 2756 inquit,
1239 2687 1291 2739 in
1304 2698 1491 2739 terram
1505 2700 1656 2754 quant
1669 2681 1756 2736 tibi
1767 2679 2028 2736 ostendero

440 2776 593 2845 (Gen.
643 2779 733 2834 12.
769 2781 844 2849 1);
875 2787 949 2844 et,
982 2778 1124 2832 Dabo
1171 2778 1257 2832 tibi
1285 2789 1490 2840 terram,
1523 2788 1569 2829 et
1593 2776 1769 2830 semini
1796 2789 1881 2826 tuo
1914 2771 2027 2845 (Ib.

437 2871 524 2926 l5.
556 2868 667 2943 15).
693 2869 830 2925 Cum
867 2877 1044 2925 autem
1085 2869 1308 2924 dixisset
1335 2868 1615 2923 dexteram
1645 2876 1701 2921 et
1722 2865 2022 2930 brachium,

436 2962 686 3030 quoniam
715 2961 872 3031 paulo
897 2961 1161 3017 crassiora
1189 2960 1350 3017 verba
1376 2959 1711 3024 memoravit,
1739 2957 1862 3012 vide
1885 2970 2023 3027 quo-

437 3052 598 3109 modo
644 3053 839 3108 attollit
878 3054 1179 3109 orationem
1200 3096 1214 3117 ,
1243 3068 1432 3108 rursus
1477 3052 1802 3122 subjungens
1827 3091 1842 3114 ,
1872 3059 1928 3104 et
1947 3048 2030 3104 di-
2069 3115 2072 3120 λ

437 3161 565 3202 cens
597 3163 610 3200 :
647 3145 712 3200 Et
739 3145 1044 3200 illuminatio
1090 3147 1260 3200 vultus
1310 3145 1423 3211 tui,
1462 3145 1565 3199 hoc
1589 3153 1705 3209 est,
1746 3140 2024 3210 defensio,

439 3238 793 3309 providentia.
824 3238 978 3294 Velle
1005 3239 1148 3294 enim
1171 3249 1226 3295 et
1256 3239 1446 3294 adesse
1474 3237 1577 3292 illis
1598 3237 1778 3299 solum
1798 3233 2020 3290 suffecen

437 3331 526 3386 rit.
557 3329 762 3385 Deinde
802 3330 964 3386 etiam
992 3347 1209 3386 causam
1244 3348 1258 3385 :
1295 3332 1550 3396 Quoniam
1592 3327 1943 3399 complacuisti
1972 3327 2030 3380 in

437 3425 509 3480 eis
531 3442 550 3480 :
577 3424 679 3481 hoc
704 3434 809 3494 est,
827 3425 1086 3492 Quoniam
1119 3426 1354 3480 dilexisti
1383 3441 1498 3489 cos,
1517 3425 1769 3494 quoniam
1791 3421 2026 3477 voluisti.

440 3519 549 3572 lies
599 3517 778 3588 itaque
804 3533 925 3587 quae
958 3518 1185 3580 ﬁtfballl,
1216 3525 1369 3571 erant
1393 3517 1580 3586 gratiae
1603 3556 1619 3583 ,
1647 3530 1754 3570 non
1781 3523 1928 3570 recte
1953 3512 2032 3573 fa-

438 3622 681 3676 ctorum,
721 3626 822 3666 nec
851 3611 901 3666 id
948 3627 1014 3665 ex
1049 3612 1261 3680 prepria
1303 3611 1502 3665 virtute
1544 3609 1816 3680 assequuti
1864 3616 2026 3672 sunt,

441 3700 534 3755 Sed
563 3717 628 3755 ex
651 3701 748 3756 Dei
778 3701 1124 3771 benignitate.
1155 3703 1207 3756 5.
1235 3699 1311 3755 Tu
1337 3719 1387 3755 es
1410 3701 1519 3772 ipse
1543 3718 1633 3756 rea:
1656 3717 1798 3755 meus
1823 3710 1869 3754 et
1890 3698 2030 3754 Deus

441 3809 584 3846 meus
603 3835 617 3859 ,
640 3793 725 3863 qui
750 3793 963 3848 mandas
990 3794 1179 3848 salutes
1204 3791 1386 3848 Jacob.
1414 3793 1565 3848 Alius
1586 3836 1600 3859 ,
1627 3791 1822 3847 blanda
1852 3792 1916 3846 de
1940 3809 2028 3846 sa-

444 3882 548 3937 lute
573 3882 753 3938 Jacab.
782 3885 846 3938 Et
872 3900 1115 3954 quantam
1140 3894 1222 3941 est
1250 3887 1363 3941 hazc
1388 3886 1814 3957 consequentia?
1842 3883 2030 3954 Magna

440 3973 654 4044 quidem
676 3991 798 4030 cum
829 3975 892 4031 iis
917 3993 1035 4047 qua:
1060 3977 1200 4032 dicta
1229 3989 1370 4032 sunt.
1395 3977 1546 4046 Quod
1581 3977 1722 4032 enim
1751 3977 1884 4032 dicit
1906 4018 1919 4040 ,
1949 3985 2034 4030 est

442 4065 706 4136 ejusmodi
737 4086 750 4122 :
775 4067 883 4123 Nos
909 4069 1102 4124 abillis
1130 4070 1390 4140 originem
1417 4071 1665 4125 duximus
1691 4089 1704 4125 :
1727 4079 1780 4125 et
1809 4080 1862 4123 tu
1891 4069 2034 4124 Deus

443 4159 538 4216 ille
563 4162 678 4231 ipse
700 4177 781 4228 es,
811 4163 900 4233 qui
923 4171 978 4218 et
1001 4172 1126 4218 tunc
1155 4173 1210 4217 et
1236 4179 1378 4218 nunc
1415 4163 1502 4217 illa
1528 4163 1719 4218 fecisti.
1751 4162 2034 4218 Uudenam

444 4267 574 4322 ergo
601 4263 687 4306 est
726 4262 870 4307 tanta
897 4253 1154 4308 mutatio?
1181 4252 1296 4308 Non
1327 4255 1468 4308 enim
1517 4255 1657 4308 alius
1699 4255 1914 4324 quidem
1947 4253 2037 4309 ille

445 4343 610 4407 Deus,
639 4350 694 4398 tu
715 4344 869 4412 alius,
901 4343 997 4400 sed
1024 4354 1078 4398 tu
1109 4345 1249 4399 idem
1278 4347 1393 4413 ipse
1421 4361 1500 4400 es.
1716 4333 1725 4342 ”

518 4435 572 4490 6.
601 4435 784 4506 Neque
803 4451 932 4492 vero
959 4451 1145 4490 rursus
1171 4445 1229 4490 tu
1257 4435 1472 4506 quidem
1494 4451 1574 4502 es,
1593 4450 1695 4505 ego
1717 4449 1847 4492 vero
1871 4435 2038 4490 alium

446 4525 615 4580 Deum
641 4527 771 4581 mihi
792 4526 1059 4594 adscribo,
1079 4527 1172 4582 sed
1195 4525 1276 4581 Tu
1300 4544 1352 4583 es
1366 4543 1459 4582 rea:
1482 4543 1622 4581 meus
1647 4536 1693 4581 et
1713 4526 1846 4582 Deus
1872 4544 2030 4582 meus.

449 4619 534 4676 Ab
557 4620 781 4689 imperio
811 4628 902 4675 tuo
922 4635 1028 4675 non
1056 4620 1382 4686 resiluimus,
1412 4621 1575 4675 alium
1604 4619 1798 4676 ducem
1821 4636 1926 4674 non
1956 4621 2040 4674 in-

449 4713 787 4784 scripsimus.
834 4715 933 4783 Qui
973 4716 1192 4770 mundas
1231 4717 1420 4769 salutes
1447 4713 1610 4768 Iacob
1643 4714 1790 4770 :hoc
1823 4722 1937 4779 est,
1974 4714 2039 4768 Et

449 4805 594 4860 Deus
639 4807 777 4860 idem
799 4848 814 4873 ,
847 4817 901 4862 et
927 4806 1117 4862 eadem
1144 4815 1229 4862 est
1245 4805 1604 4878 providentia.
1637 4805 1919 4862 Undenam
1949 4815 2036 4859 est

450 4914 580 4972 ergo
603 4917 782 4955 rerum
811 4902 1057 4956 mutatio?
1081 4901 1218 4970 Quid
1241 4911 1324 4957 est
1351 4916 1502 4970 ergo,
1529 4899 1630 4968 Qui
1658 4899 1872 4954 mandas
1891 4900 1918 4954 Ρ
1937 4899 2038 4966 Qui

451 4993 710 5064 prazcipit,
743 4995 829 5064 qui
855 4995 1007 5065 jubet
1029 5003 1086 5049 ut
1110 4994 1276 5051 Jacob
1302 5001 1569 5050 servetur.
1597 4993 1696 5048 Hic
1724 5008 1914 5049 rursus
1941 5007 2035 5048 os-

451 5087 622 5142 tendit
665 5088 854 5142 auxilii
901 5089 1240 5155 facilitatem,
1271 5097 1326 5143 et
1366 5089 1652 5142 maximam
1692 5095 2035 5157 potestatem.

449 5178 555 5234 Sed
585 5194 758 5250 neque
783 5180 986 5250 proavi,
1022 5195 1214 5250 nempe
1228 5178 1415 5246 Jacob,
1446 5178 1562 5234 sine
1581 5192 1739 5234 causa
1771 5177 2036 5245 meminit,

449 5270 545 5327 sed
576 5280 630 5328 ut
659 5287 875 5327 causam
906 5287 1057 5326 suam
1089 5272 1259 5343 magis
1281 5271 1491 5342 probet,
1521 5271 1638 5341 ejus
1661 5270 1912 5325 virtutem
1938 5269 2037 5324 ad-

449 5364 616 5430 ducit,
647 5366 839 5421 volens
867 5365 968 5419 sibi
1003 5365 1168 5419 Deum
1213 5363 1439 5419 reddere
1477 5363 1788 5434 propitium.
1814 5362 1866 5419 6.
1895 5360 1963 5416 In
1992 5371 2040 5415 te

449 5459 680 5515 inimicos
705 5470 904 5514 nostros
929 5457 1278 5513 ventilabimus
1303 5473 1481 5511 cornu.
1506 5457 1572 5511 Et
1603 5467 1658 5511 tu
1686 5455 1828 5511 idem
1850 5471 1931 5522 es,
1957 5458 2039 5510 in-

452 5552 588 5622 quit,
618 5560 676 5609 et
700 5552 1034 5623 providentia
1063 5551 1287 5616 eadem,
1315 5559 1369 5604 et
1391 5563 1489 5604 nos
1510 5559 1695 5605 nostra
1716 5549 1810 5604 tibi
1839 5548 2039 5604 adscri-

447 5643 644 5712 bimus,
676 5653 732 5701 ct
743 5644 946 5700 eisdem
974 5643 1140 5698 armis
1157 5643 1232 5698 usi
1258 5656 1463 5699 sumus.
1487 5640 1603 5697 Hoc
1627 5641 1770 5698 enim
1801 5641 1901 5697 sibi
1925 5642 2038 5697 vult

446 5737 578 5795 illud
608 5752 626 5797 :
650 5735 721 5792 In
746 5747 794 5794 te
817 5737 1048 5793 inimicos
1071 5745 1269 5796 nostros
1292 5737 1643 5792 ventilabimus
1671 5753 1850 5792 cornu.
1883 5737 2037 5793 Alius

505 5869 580 5944 (ti)
611 5869 697 5921 ttlc
717 5875 771 5942 et
792 5869 914 5944 infra
937 5871 1160 5944 quaedam
1189 5870 1399 5944 deerant
1434 5873 1485 5924 in
1523 5877 1665 5925 textu
1702 5868 1864 5923 Morel.
1888 5906 1903 5935 ,
1925 5883 2037 5937 quae

443 5945 508 5982 ex
530 5938 856 5996 lanuscriptis
875 5938 1100 5986 restituta
1123 5941 1251 5985 sunt.

1153 449 1208 506 S.
1247 445 1526 505 JOANNIS
1561 436 2042 500 CIIRYSOSTOSII
2085 436 2399 494 ARCHIEP.
2439 431 2972 496 CONSTANTINOP.

3626 443 3730 499 176

2137 563 2316 609 autem
2349 553 2480 610 dicit
2508 573 2521 609 :
2552 553 2657 610 Eos
2681 557 2770 626 qui
2807 573 2900 611 nos
2929 556 3154 628 aﬂiigunt
3179 573 3336 611 cornu
3386 567 3626 627 petemus.
3663 559 3730 614 Et

2131 654 2185 704 in
2231 651 2436 705 nomine
2473 661 2558 704 tuo
2606 669 2904 721 spernemus
2946 653 3266 726 insurgpntes
3294 655 3350 706 in
3390 670 3503 708 nos.
3535 654 3730 722 Alius,

2132 742 2572 797 Conculcabimus.
2604 743 2764 812 Quid,
2793 743 2988 814 inquit,
3019 744 3161 808 dico,
3191 744 3260 798 In
3289 745 3364 800 te?
3392 744 3486 800 Vel
3521 759 3718 803 nomen

2133 844 2280 890 tuum
2308 836 2480 891 solum
2511 839 2760 893 invocare
2781 837 2980 892 sufﬁcit
3005 837 3070 892 ad
3101 838 3282 892 omnia
3317 839 3535 909 egregie
3561 854 3721 910 pera-

2132 929 2326 1000 genda.
2350 929 2468 985 Non
2497 929 2630 984 dixit
2655 931 2820 995 enim,
2839 930 3146 996 Vincemus,
3173 930 3276 996 vel,
3299 930 3690 1000 Superabimus
3721 951 3735 990 :

2133 1025 2248 1085 sed,
2282 1021 2452 1076 Nihili
2476 1023 2716 1078 ducemus
2742 1065 2756 1090 ,
2783 1040 2884 1079 nec
2909 1038 3004 1079 eos
3021 1039 3144 1080 esse
3168 1024 3370 1095 aliquid
3401 1026 3732 1095 putabimus.

2135 1116 2248 1171 lloc
2276 1115 2425 1171 enim
2455 1116 2556 1171 sibi
2588 1117 2704 1172 vult
2733 1115 2867 1172 illud
2892 1133 2906 1170 :
2932 1116 2998 1170 In
3023 1127 3069 1171 te
3091 1117 3322 1172 inimicos
3348 1127 3548 1173 nostros
3577 1119 3737 1173 uenti-

2133 1209 2349 1264 labimus
2368 1249 2382 1273 ,
2407 1217 2453 1262 et
2480 1209 2534 1262 in
2560 1209 2765 1263 nomine
2791 1219 2876 1262 tuo
2903 1209 3034 1262 nihil
3059 1209 3302 1263 ducemus
3346 1209 3663 1280 insurgentes
3683 1209 3738 1264 in

2133 1317 2246 1356 nos.
2290 1301 2404 1356 Non
2435 1301 2577 1357 enim
2605 1302 3028 1357 existimabimus
3068 1317 3162 1356 cos
3200 1317 3320 1357 esse
3361 1301 3582 1372 aliquid,
3626 1317 3726 1358 nec

2135 1393 2572 1462 perterrebimur,
2603 1392 2701 1447 sed
2738 1400 3005 1462 tamquam
3035 1393 3124 1462 qui
3155 1391 3306 1446 nihili
3336 1391 3580 1447 homines
3611 1408 3732 1462 per-

2134 1501 2446 1556 sequemur.
2491 1485 2644 1554 Quod
2694 1483 3006 1557 significans
3049 1485 3186 1539 alius
3226 1485 3525 1555 interpres,
3554 1486 3732 1546 dixit:

2134 1575 2554 1632 Conculcabimus
2580 1592 2600 1631 :
2621 1592 2718 1646 per
2759 1577 2866 1632 vim
2922 1586 3126 1647 partam
3179 1577 3463 1632 victoriam
3489 1618 3506 1645 ,
3534 1579 3734 1632 instru~

2134 1679 2276 1723 ctam
2319 1667 2526 1739 absque
2564 1668 2860 1724 certamine
2901 1669 3072 1724 aciem
3096 1709 3112 1735 ,
3145 1683 3378 1739 pugnam
3428 1670 3545 1722 sine
3585 1677 3729 1724 metu

2134 1759 2442 1816 ostendens.
2473 1761 2526 1814 7.
2570 1758 2694 1815 Non
2729 1761 2864 1814 enim
2891 1761 2944 1814 in
2971 1777 3093 1815 arcu
3134 1777 3243 1815 meo
3270 1760 3499 1830 sperabo.
3535 1761 3687 1817 Alius
3713 1805 3728 1829 ,

2134 1851 2424 1923 Conﬁdam.
2456 1851 2524 1907 Et
2559 1853 2762 1924 gladius
2803 1869 2942 1908 meus
2961 1870 3062 1908 non
3091 1853 3303 1908 salvabit
3344 1870 3440 1908 me.
3476 1854 3541 1909 Et
3567 1871 3730 1923 quare

2135 1943 2219 2000 his
2248 1961 2377 2002 usus
2400 1947 2498 2001 es?
2525 1961 2622 2002 cur
2648 1957 2827 2002 autem
2847 1947 3096 2014 armaris,
3123 1954 3179 2001 et
3202 1962 3384 2001 arcum
3410 1956 3464 2002 et
3489 1947 3724 2018 gladium

2136 2048 2340 2094 tractas
2361 2040 2386 2092 ?
2412 2040 2675 2108 Quoniam
2703 2040 2772 2094 ita
2821 2040 2984 2110 jussit
3025 2040 3167 2096 Deus
3211 2050 3416 2108 noster,
3444 2050 3728 2111 prOpterea

2135 2133 2217 2187 eis
2253 2147 2381 2188 usus
2417 2148 2537 2188 sum
2569 2134 2915 2189 :universum
2946 2144 3128 2188 autem
3157 2133 3208 2188 in
3235 2147 3357 2188 eum
3379 2133 3610 2203 eonjicio
3630 2177 3644 2201 ,
3675 2143 3732 2190 et

2135 2224 2252 2294 ejus
2293 2224 2518 2280 arbitrio
2548 2226 2822 2296 permitto.
2856 2226 2934 2280 lla
2986 2225 3318 2282 docebantur
3353 2226 3559 2282 bellare
3607 2242 3730 2281 cum

2137 2315 2375 2372 inimicis
2421 2317 2803 2384 scnsibilibus,
2853 2333 3089 2388 superno
3137 2317 3340 2374 auxilio
3398 2318 3628 2373 muniti:
3657 2318 3730 2373 ita

2135 2406 2296 2461 etiam
2317 2422 2438 2462 cum
2461 2408 2824 2478 spiritualibus
2851 2408 3099 2463 inimicis.
3129 2408 3207 2463 Tu
3235 2423 3447 2480 quoque
3465 2451 3482 2477 ,
3515 2409 3730 2480 quando

2135 2497 2392 2554 adversus
2411 2497 2679 2554 diabolum
2711 2498 2907 2554 bellum
2928 2499 3092 2570 geris,
3119 2498 3208 2555 dic
3229 2500 3300 2554 ita
3330 2518 3344 2554 :
3375 2499 3492 2556 Non
3518 2499 3732 2556 conlido

2136 2593 2272 2648 meis
2301 2593 2500 2657 armis;
2530 2591 2632 2647 hoc
2671 2601 2791 2656 est,
2819 2607 2926 2647 non
2949 2607 3084 2648 meze
3106 2594 3312 2660 virtuti,
3342 2609 3440 2648 nec
3470 2609 3606 2650 mea:
3643 2595 3731 2664 ju-

2135 2685 2314 2753 stitiae,
2343 2685 2436 2740 sed
2458 2685 2553 2739 Dei
2575 2683 2978 2740 misericordia).
3003 2684 3076 2740 lta
3093 2685 3253 2740 etiam
3271 2686 3482 2741 dicebat
3508 2687 3689 2743 Daniel
3711 2705 3726 2742 :

2138 2775 2262 2831 Non
2300 2777 2352 2830 in
2391 2778 2608 2848 justitiis
2630 2777 2816 2832 nostris
2843 2777 3208 2846 prosternimus
3242 2779 3612 2832 miserationem
3639 2796 3733 2833 no-

2135 2879 2295 2925 stram
2320 2877 2439 2923 ante
2465 2878 2513 2922 te
2535 2868 2696 2940 (Dan.
2712 2869 2766 2924 9.
2791 2869 2904 2940 18).
2924 2872 2975 2925 8.
3003 2869 3228 2925 Salvasti
3255 2871 3386 2924 enim
3415 2888 3505 2926 nos
3525 2872 3588 2927 de
3603 2872 3729 2942 nmio

2135 2959 2361 3032 gentibus
2411 2975 2538 3026 nos,
2571 2968 2619 3013 et
2661 2961 2885 3015 odientes
2925 2978 3016 3016 nos
3046 2961 3342 3032 confudisti.
3373 2963 3522 3017 Alius
3547 3005 3564 3030 ,
3599 2963 3731 3030 Quia

2135 3053 2348 3108 servasti
2372 3069 2483 3108 nos.
2513 3053 2650 3122 Quid
2677 3069 2812 3124 opus
2850 3065 2931 3110 est
2955 3095 2971 3121 ,
3001 3055 3206 3126 inquit,
3234 3055 3412 3112 dicere
3435 3065 3647 3125 vetera,
3678 3067 3731 3113 et

2136 3159 2260 3215 qua:
2299 3143 2435 3200 facta
2480 3156 2606 3200 sunt
2633 3161 2664 3200 a
2693 3146 3015 3217 majoribus?
3038 3147 3166 3214 Nos,
3200 3149 3403 3220 inquit,
3435 3150 3535 3219 ipsi
3565 3149 3729 3206 habe-

2139 3251 2258 3294 mus
2285 3236 2451 3291 multa
2484 3238 2704 3308 pignora
2732 3237 3081 3308 providentia:
3102 3281 3118 3303 ,
3150 3249 3206 3294 et
3223 3240 3458 3311 gloriosa
3489 3251 3733 3312 tropaea,

2141 3329 2552 3399 frequentesque
2575 3371 2592 3396 ,
2620 3328 2967 3385 admirabiles
2993 3339 3048 3385 et
3093 3330 3437 3388 incredibiles
3481 3333 3730 3387 victorias

2138 3434 2455 3475 enumerare
2484 3435 2788 3490 possumus.
2831 3421 3119 3492 Propterea
3166 3424 3308 3479 enim
3330 3423 3492 3490 dixit,
3532 3423 3730 3496 Confu-

2138 3514 2608 3582 disti,ostendens
2650 3530 2774 3570 eum
2821 3531 2927 3570 non
2951 3517 3121 3570 solum
3169 3531 3266 3572 nos
3313 3517 3605 3582 liberasse,
3633 3534 3732 3573 nec

2141 3605 2508 3664 tantummodo
2533 3606 2797 3677 eripuisse
2819 3648 2834 3672 ,
2856 3607 2949 3662 sed
2977 3621 3098 3662 cum
3137 3623 3328 3679 magno
3349 3608 3612 3664 dedecore
3635 3625 3731 3665 eo-

2143 3715 2262 3755 rum
2306 3701 2520 3772 quinos
2570 3701 2910 3755 invadebant.
2941 3699 2998 3755 9.
3029 3699 3094 3754 In
3133 3700 3243 3756 Deo
3282 3702 3601 3757 laudabimur
3628 3712 3732 3757 tota

2139 3793 2257 3855 die;
2287 3801 2332 3847 et
2359 3793 2412 3847 in
2441 3792 2644 3846 nomine
2671 3802 2757 3846 tuo
2786 3792 3140 3862 conﬁtebimur
3168 3794 3219 3846 in
3253 3793 3517 3848 saeculum.

2216 3885 2333 3940 Dies
2359 3901 2452 3956 pro
2474 3887 2594 3939 vita.
2615 3915 2689 3926 —-
2714 3885 2868 3940 Alius
2908 3885 3108 3957 inquit,
3138 3885 3300 3942 Deum
3331 3886 3600 3941 laudamus
3629 3897 3732 3944 toto

2141 3977 2240 4032 die.
2265 3979 2496 4034 Victoria
2519 3977 2734 4056 quidem
2755 4020 2770 4044 ,
2800 3978 3008 4048 inquit,
3044 3980 3299 4049 praeteriit
3323 4020 3338 4044 ,
3370 3979 3523 4034 nobis
3551 3987 3731 4034 autem

2141 4083 2320 4127 manet
2356 4071 2646 4144 gratiarum
2690 4071 2850 4126 actio.
2880 4071 3073 4125 Totum
3110 4072 3254 4126 enim
3282 4071 3424 4125 diem
3448 4070 3612 4139 dicit,
3645 4080 3731 4128 to-

2146 4175 2248 4218 tam
2274 4165 2456 4218 vitam.
2478 4163 2594 4219 Non
2623 4164 2767 4219 enim
2787 4178 3079 4229 cessamus,
3109 4163 3313 4233 inquit,
3339 4173 3486 4218 tuum
3511 4163 3731 4220 laudare

2144 4258 2400 4312 auxilium
2427 4265 2482 4313 et
2520 4257 2614 4311 illo
2639 4255 2876 4326 gloriari.
2917 4254 3042 4309 Haec
3068 4262 3151 4309 est
3190 4263 3370 4309 nostra
3396 4254 3597 4326 gloria,
3631 4254 3734 4310 hoc

2142 4351 2474 4422 gloriationis
2493 4365 2697 4422 genere
2711 4349 2848 4420 apud
2869 4363 3057 4404 omnes
3079 4347 3296 4415 utimur;
3315 4364 3421 4404 non
3437 4350 3577 4420 quod
3605 4353 3736 4406 civi-

2146 4450 2307 4498 tatem
2354 4457 2600 4514 magnam
2641 4441 2935 4497 habeamus
2964 4449 3020 4495 et
3039 4439 3406 4498 admirabilem
3429 4481 3444 4506 ,
3467 4456 3567 4496 nec
3593 4441 3733 4514 quod

2145 4535 2300 4607 primi
2321 4536 2621 4600 vincamus,
2646 4548 2744 4588 nec
2770 4531 2910 4604 quod
2937 4531 3136 4586 viribus
3160 4533 3402 4603 corporis
3442 4535 3611 4590 simus
3639 4548 3734 4588 su-

2145 4630 2386 4702 periores
2416 4645 2432 4684 :
2461 4627 2558 4684 sed
2586 4627 2726 4699 quod
2757 4642 2942 4682 verum
2981 4626 3148 4682 Deum
3195 4624 3523 4691 habeamus,
3556 4627 3608 4680 in
3635 4625 3737 4682 hoc

2142 4724 2437 4794 gloriamur
2459 4740 2472 4776 :
2497 4737 2603 4777 non
2634 4721 2806 4776 solum
2853 4719 3068 4792 quando
3106 4719 3262 4775 nobis
3289 4719 3566 4780 auxiliaris
3588 4763 3603 4785 ,
3637 4719 3731 4775 sed

2144 4815 2302 4872 etiam
2333 4813 2544 4885 quando
2581 4813 2807 4869 deseris.
2844 4813 2955 4868 lloc
2979 4813 3121 4868 enim
3153 4823 3254 4875 est,
3282 4810 3416 4871 Tota
3444 4811 3528 4869 die
3549 4830 3568 4865 :
3599 4811 3738 4866 sicut

2144 4907 2304 4964 etiam
2332 4907 2456 4985 dicit
2493 4907 2686 4962 Paulus
2716 4927 2730 4960 :
2764 4905 2898 4960 Mihi
2923 4915 3090 4961 autem
3116 4905 3247 4960 absit
3271 4905 3485 4976 gloriari
3509 4947 3524 4968 ,
3555 4905 3656 4958 nisi
3680 4905 3735 4959 in

2145 5019 2292 5056 cruce
2315 5001 2502 5056 Christi
2530 4999 2670 5071 (Gal.
2703 5001 2758 5056 6.
2791 4999 2902 5071 14).
2933 4999 3085 5054 Nulla
3122 5006 3206 5053 est
3228 4997 3408 5063 enim,
3437 4997 3580 5052 nulla
3600 5039 3617 5064 ,
3649 4999 3733 5052 in-

2144 5109 2324 5166 quam,
2355 5102 2438 5149 est
2453 5093 2556 5148 alia
2578 5092 2841 5162 ejusmodi
2863 5091 3055 5162 gloria.
3077 5089 3334 5158 Quocirca
3356 5104 3542 5145 rursus
3567 5088 3733 5144 dicit:

2146 5184 2271 5239 Non
2297 5185 2461 5239 solum
2483 5191 2653 5236 autem
2675 5225 2692 5252 ,
2713 5183 2802 5238 sed
2839 5182 2992 5236 etiam
3017 5181 3290 5253 gloriantes
3327 5181 3382 5234 in
3411 5179 3521 5234 Deo
3550 5179 3731 5250 (Rom.

2145 5276 2336 5346 5.“).
2368 5274 2509 5329 Nihil
2538 5274 2681 5330 enim
2726 5281 2902 5345 potest
2940 5273 3173 5328 conferri
3217 5285 3340 5328 cum
3388 5269 3490 5325 hac
3538 5270 3736 5341 gloria—

2145 5369 2312 5424 tione.
2342 5365 2511 5422 Nemo
2536 5380 2664 5437 ergo
2706 5380 2764 5421 se
2785 5366 2949 5435 jactet
2974 5373 3031 5419 et
3057 5363 3318 5434 glorietur
3343 5369 3563 5433 propter
3587 5361 3734 5417 divi-

2146 5460 2266 5522 tias,
2296 5473 2455 5514 nemo
2480 5466 2696 5530 propter
2733 5473 2794 5513 ea
2822 5472 2942 5528 quae
2971 5455 3040 5510 ad
3078 5455 3217 5510 hanc
3243 5455 3405 5508 vitam
3434 5453 3732 5523 pertinent,

2145 5551 2239 5606 sed
2264 5559 2480 5620 propter
2508 5549 2609 5604 hoc
2626 5548 2820 5616 solum,
2846 5547 2989 5618 quod
3021 5547 3213 5602 habeat
3233 5546 3398 5601 Deum
3426 5545 3732 5602 Dominum.

2146 5646 2259 5701 Hoc
2281 5657 2365 5701 est
2389 5643 2534 5700 omni
2560 5643 2803 5698 libertate
2824 5642 3033 5706 melius,
3060 5641 3162 5696 hoc
3175 5649 3260 5697 est
3283 5639 3413 5711 ipsis
3431 5638 3580 5695 cmlis
3601 5655 3738 5710 prte-

2144 5738 2394 5794 stantius.
2424 5735 2481 5793 Si
2509 5734 2652 5792 enim
2678 5733 2837 5804 hujus
2867 5733 2952 5788 vel
2978 5731 3120 5787 illius
3144 5745 3266 5788 esse
3309 5729 3414 5785 dici
3435 5771 3451 5794 ,
3471 5728 3734 5801 gloriandi

2145 5830 2480 5887 occasionem
2507 5843 2651 5898 saepe
2676 5826 2853 5882 attulit
2876 5823 3016 5895 apud
3041 5824 3287 5880 homines
3315 5839 3330 5876 :
3361 5823 3533 5893 cogita
3565 5837 3738 5894 quan-

2149 5934 2256 5981 tam
2300 5921 2453 5981 all'ert
2493 5920 2715 5994 gloriam
2768 5917 2864 5975 Dei
2906 5931 3026 5975 esse
3062 5914 3194 5974 'dici.
3223 5915 3489 5986 Quocirca
3537 5915 3738 5972 Paulus
