4140 6356
401 342 504 398 175

396 457 472 512 Τὸ
497 454 604 525 γάρ
637 452 1042 523 πεφυτευμένον
1075 453 1302 525 μόνιμον
1331 456 1422 508 καὶ
1456 457 1703 528 πεπηγὸς
1746 459 1976 525 γίνεται.

399 543 462 594 Τί
499 535 621 601 οῦν;
658 539 720 590 οὐ
769 539 1124 609 μετέστησαν,
1155 539 1276 592 εἰπέ
1325 555 1450 610 μοις
1501 541 1600 593 οὐκ
1643 543 1976 612 ἀπήχθησαν

397 627 477 686 εἰς
527 621 839 691 ἀλλοτρίους
891 621 1120 684 τόπους;
1168 622 1315 686 Ναὶ,
1364 623 1721 694 ἀπήχθησαν,
1756 626 1870 678 ἀλλ’
1915 627 1976 679 οὐ

397 706 549 777 παρὰ
581 704 678 775 τὴν
715 702 996 756 ἀσθένειαν
1025 703 1118 756 τοῦ
1152 704 1496 770 καταθέντος,
1528 707 1662 760 ἀλλὰ
1693 709 1844 780 παρὰ
1877 709 1976 780 τὴν

397 789 596 844 κακίαν
621 785 726 839 τῶν
757 785 1148 854 φυτευθέντων.
1181 788 1244 839 EE
1285 789 1396 858 γάρ
1429 791 1502 858 μὴ
1531 790 1600 842 τὰ
1643 793 1772 860 παρ’
1796 792 1976 844 αὐτῶν

398 870 725 930 ἐνεπόδισεν,
767 867 917 919 οὐδὲν
947 868 1013 920 ἂν
1044 867 1282 921 ἐκώλυσε
1322 873 1501 940 μεῖναι
1532 873 1624 924 ἐπὶ
1649 875 1745 944 τῆς
1773 873 1972 936 οἰκίας.

411 952 746 1015 Ἐκιίκωσας
791 949 1001 1015 λαοὺς,
1049 951 1147 1003 καί
1196 951 1477 1020 ἐξέϐαλες
1527 957 1770 1022 αὐτούς.
1821 957 1979 1021 Τινὲς

399 1033 668 1106 περὶτῶν
713 1031 1021 1101 Αἰγυπτίων
1065 1034 1226 1087 τοῦτό
1274 1051 1406 1102 φασι
1440 1036 1722 1104 λέγεσθαιο
1757 1041 1880 1108 ἐμοὶ
1921 1039 1979 1092 δὲ

397 1117 664 1172 δοκεῖκαὶ
708 1117 835 1187 περὶ
873 1114 983 1169 τῶν
1022 1115 1192 1170 ἐθνῶν
1222 1119 1378 1171 τοῦτο
1418 1121 1691 1189 εἰρῆσθαι.
1720 1124 1830 1176 Kal
1871 1124 1979 1194 γὰρ

399 1200 684 1271 κάκείνους
731 1199 1002 1270 τιμωρίας
1031 1200 1311 1271 ἀπῄτησεν
1339 1204 1395 1255 ἐν
1429 1203 1674 1276 ἑκατέρῳ
1719 1207 1817 1277 τὴν
1846 1208 1978 1260 ἐαυ-

397 1283 490 1338 τοῦ
518 1283 744 1353 δύναμιν
785 1283 1246 1354 ἐπιδεικνύμενος,
1299 1287 1393 1338 καὶ
1439 1288 1494 1339 ἐν
1537 1289 1616 1358 τῷ
1645 1291 1770 1352 τοὺς
1816 1291 1978 1343 πολε-

403 1369 558 1439 μίους
590 1369 850 1438 ἀναιρεῖν,
877 1367 972 1420 κα)⁸
999 1370 1055 1421 ἐν
1086 1368 1164 1439 τῷ
1200 1370 1325 1431 τοὺς
1359 1369 1588 1435 οἰκείους
1630 1377 1969 1444 συγκροτεῖν.

403 1454 486 1506 Οὺ
530 1451 640 1520 γὰρ
679 1451 749 1503 ἐν
793 1448 869 1518 τῇ
919 1452 1183 1521 ῥομφαίᾳ
1235 1452 1434 1505 αὐτῶν
1479 1455 1980 1526 ἐκληρονόμησιιν

399 1533 535 1605 γῆν.
570 1533 760 1597 Ἀλλος
788 1535 972 1605 φησὶν,
1004 1537 1085 1589 Οὐ
1121 1535 1229 1604 γὰρ
1269 1538 1339 1588 ἐν
1373 1535 1446 1604 τῇ
1472 1541 1736 1608 μαχαίρᾳ
1777 1541 1978 1596 αὐτῶν

397 1619 896 1687 ἐκληρονόμησαν
925 1618 1038 1686 τὴν
1063 1618 1198 1688 γῆν.
1223 1619 1374 1672 Οὐδὲ
1403 1623 1434 1672 ὀ
1471 1624 1745 1692 βραχίων
1780 1625 1980 1680 αὐτῶν

387 1699 637 1754 ’ἔσωσεν
679 1701 935 1767 αὐτούς’
972 1701 1109 1755 ἀλλ’
1149 1703 1188 1769 ἡ
1227 1703 1398 1768 δεξιά
1448 1721 1586 1767 σου,
1633 1707 1729 1759 καὶ
1769 1712 1802 1762 ό
1828 1710 1977 1776 βρα-

399 1783 549 1852 κίων
582 1798 722 1846 σου,
764 1783 864 1837 καὶ
897 1787 929 1837 ό
969 1787 1272 1852 φωτισμὸς
1325 1789 1430 1842 τοῦ
1461 1789 1785 1856 προσώπου
1833 1807 1972 1844 σου.

404 1866 598 1932 Ἄλλος
640 1865 792 1937 φησί’
827 1865 904 1920 Τὸ
935 1867 1078 1934 φῶς.
1106 1868 1226 1922 Ὅτι
1265 1871 1618 1938 ηὐδόκησας
1656 1873 1726 1925 ἐν
1749 1874 1972 1939 αὐτοῖς.

400 1948 510 2004 Καὶ
561 1950 668 2020 μὴν
701 1948 1031 2011 ὡπλισμένοι
1086 1951 1284 2016 πάντες
1335 1955 1594 2025 ἐκράτουν
1626 1955 1683 2007 ἐν
1715 1955 1825 2019 τοῖς
1875 1974 1974 2009 ποο

400 2030 615 2102 λέμοις’
647 2030 977 2100 ὡπλισμένοι
1031 2034 1148 2102 μὲν,
1195 2034 1308 2088 ἀλλ’
1338 2037 1437 2089 οὐκ
1475 2032 1542 2107 ἦν
1573 2037 1750 2090 ὅπλων
1796 2038 1855 2091 τὸ
1887 2039 1976 2111 ἔρα

399 2130 517 2183 γον,
561 2113 701 2167 ἀλλά
737 2114 832 2166 τοῦ
877 2116 1306 2186 στρατηγοῦντος
1351 2119 1505 2172 Θεοῦ.
1549 2120 1709 2190 Ὁρᾷς
1758 2121 1872 2183 πῶς
1917 2125 1975 2174 ἐν

397 2197 548 2262 τάξει
589 2199 754 2268 εὐχῆς
803 2199 983 2267 φαίνει
1026 2198 1120 2267 τὴν
1147 2212 1171 2239 α
1219 2200 1546 2270 συμϐουλὴν,
1592 2203 1871 2272 παραινῶν
1914 2205 1974 2257 τὸ

398 2282 509 2334 πᾶν
547 2281 641 2334 ἐπὶ
669 2281 758 2334 τὸν
791 2281 922 2334 Θεὸν
955 2282 1200 2353 ῥίπτειν;
1237 2283 1360 2346 Πῶς
1386 2283 1444 2337 δὲ
1478 2287 1537 2338 τὸ
1577 2287 1808 2356 πρᾶγμα
1840 2287 1969 2356 κλη-

403 2363 658 2436 ρονομίαν
702 2363 887 2430 καλεῖ,
933 2364 1040 2416 τῶν
1086 2366 1362 2437 πατέρων,
1409 2369 1504 2422 καὶ
1560 2368 1666 2420 τῶν
1713 2369 1972 2431 πάππων,

399 2448 493 2500 καὶ
522 2446 628 2505 τῶν
662 2447 996 2500 ἐπιπάππων
1025 2448 1086 2500 οὐ
1114 2449 1530 2520 κατεσχηκότων
1557 2449 1656 2520 τὴν
1703 2454 1825 2521 γῆν,
1859 2451 1974 2505 ἀλλ’

399 2533 458 2585 ἐν
485 2531 654 2602 ἐτέρῳ
682 2530 1100 2601 δαπανηθέντων
1144 2533 1355 2603 καιρῷ;
1386 2533 1506 2586 Ὅτι
1537 2534 1672 2603 πρὸς
1698 2537 1823 2598 τοὺς
1866 2551 1973 2589 πα-

397 2617 560 2688 τέρας
587 2611 655 2686 ἦν
694 2617 728 2686 ἠ
761 2615 1072 2685 ὑπόσχεσις.
1117 2616 1300 2683 Δεῦρο
1331 2617 1470 2689 γάρ.
1515 2620 1678 2688 φησὶν
1702 2657 1715 2679 ,
1742 2621 1829 2684 εἰς
1861 2619 1976 2686 τὴν

397 2699 547 2770 γῆν,
577 2699 658 2767 ἢν
690 2699 770 2754 ἄν
819 2714 917 2754 σοι
943 2699 1117 2763 δείξω
1137 2715 1151 2728 ⁸
1191 2700 1304 2763 καὶ,
1341 2699 1442 2754 Σοὶ
1473 2699 1646 2754 δώσω
1672 2701 1787 2768 τὴν
1821 2700 1970 2771 γῆν.

399 2781 498 2836 καί
527 2780 609 2846 τῷ
661 2781 958 2850 σπέρματί
999 2798 1135 2836 σου.
1185 2781 1370 2835 Εἰπὼν
1416 2783 1471 2836 δὲ
1500 2782 1679 2849 δεξιάν
1709 2785 1801 2837 καὶ
1839 2784 1974 2855 βρα-

399 2866 572 2936 χίονα,
603 2863 788 2934 ἐπειδὴ
835 2864 1155 2935 παχυτέρων
1193 2865 1436 2938 ἐμνήσθη
1467 2865 1687 2931 λέξεων,
1717 2868 1820 2938 ὅρα
1857 2867 1975 2931 πῶς

400 2947 592 3016 ἀνάγει
625 2947 715 3000 τὸν
746 2946 922 3014 λόγον,
953 2948 1115 3000 πάλιν
1149 2949 1392 3017 ἐπάγων,
1425 2951 1516 3003 καὶ
1547 2950 1720 3018 λέγων
1741 2969 1752 2980 ·
1791 2950 1900 3005 Kal
1939 2955 1975 3005 ὁ

400 3028 704 3099 φωτισμὸς
729 3028 834 3082 τοῦ
866 3030 1192 3097 προσώπου
1224 3046 1371 3094 σου,
1412 3031 1712 3097 τουτέστιν,
1744 3035 1777 3104 ἡ
1823 3034 1972 3087 ἀντί-

399 3113 582 3186 ληψις,
616 3116 652 3184 ἡ
692 3112 936 3184 πρόνοια.
989 3111 1062 3166 Τὸ
1100 3112 1209 3186 γὰρ
1243 3112 1602 3186 βουληθῆναι,
1633 3115 1693 3168 τὸ
1724 3119 1975 3186 παρεῖναι

401 3199 601 3270 ἤρκεσε
639 3199 798 3267 μόνον
829 3199 1029 3260 αὐτοῖς.
1064 3195 1200 3252 Εἶτα
1227 3199 1320 3252 καὶ
1355 3200 1388 3269 ή
1427 3199 1603 3252 αἰτίαο
1640 3201 1770 3252 Ὅτι
1797 3200 1975 3266 ηὐδό-

401 3295 596 3349 κησας
610 3281 679 3334 ὲν
692 3281 927 3347 αὐτοῖς·
957 3281 1417 3351 [1521τουτέστιν,
1446 3278 1528 3336 ὅτι
1553 3285 1844 3353 ἠγάπησας
1875 3285 1972 3337 αὐ-

401 3366 555 3428 τοὺς,
589 3366 670 3417 ὅτι
716 3363 1031 3434 ἐϐουλήθης.
1075 3365 1238 3418 Ὥστε
1282 3366 1504 3436 χάριτος
1535 3362 1624 3435 ἦν,
1663 3368 1725 3420 οὐ
1777 3385 1974 3438 κατορ-

404 3447 670 3516 θωμάτων
719 3446 789 3501 τά
841 3447 1177 3517 πράγματα,
1228 3447 1350 3501 οὐδὲ
1404 3449 1462 3513 ἐξ
1519 3449 1724 3513 οἰκείας
1775 3451 1976 3520 ἀρετῆς

404 3531 688 3600 ἐπέτυχον,
736 3528 851 3582 ἀλλ’
881 3530 948 3581 ὲκ
990 3530 1088 3599 τῆς
1134 3529 1226 3583 τοῦ
1260 3529 1396 3582 Θεοῦ
1435 3530 1859 3602 φιλανθρωπίας.
1893 3532 1976 3584 Σὺ

404 3609 463 3666 εἷ
503 3612 686 3677 αὐτὸς
707 3615 740 3665 ό
765 3612 1066 3675 ,ϐασιλεὺς
1096 3630 1217 3681 μου
1261 3613 1362 3667 καί
1393 3615 1426 3666 ό
1471 3615 1611 3680 Θεός
1639 3633 1790 3682 μου,
1822 3619 1855 3669 ό
1881 3617 1976 3668 ἐν·

407 3697 771 3764 τελλόμενος
825 3696 931 3759 τὰς
972 3696 1270 3763 σωτηρίας
1318 3696 1540 3752 Ἰακώϐ.
1575 3685 1802 3762 Ἀλλος,
1838 3701 1976 3752 Ἔν·

406 3782 595 3832 τειλαι
625 3778 756 3847 περὶ
805 3776 916 3845 τῆς
952 3779 1252 3846 σωτηρίας
1296 3780 1402 3834 τοῦ
1455 3781 1667 3836 Ἰακώϐ.
1705 3783 1815 3835 Καὶ
1847 3782 1976 3835 ποία

406 3861 546 3932 αὕτη
577 3865 611 3932 ὴ
638 3858 980 3925 ’ἀκολουθία;
1015 3860 1189 3932 Πολλὴ
1225 3862 1324 3932 μὲν
1383 3863 1518 3934 πρὸς
1569 3867 1634 3918 τὰ
1683 3865 1974 3936 εἰρημένα.

412 3945 478 3997 Ὃ
504 3944 609 4017 γὰρ
635 3943 804 4012 λέγει,
835 3943 994 3996 τοῦτό
1021 3946 1170 3998 ἐστιν
1191 3962 1207 3978 ο
1247 3945 1438 4016 Ἡμεῖς
1469 3947 1694 4001 ἐκείνων
1722 3949 1934 4017 ἔγγονοι
1957 3995 1972 4017 ,

406 4031 500 4082 καὶ
535 4031 600 4082 σὺ
643 4029 672 4082 6
716 4028 848 4090 Θεὸς
887 4029 915 4080 6
939 4028 1130 4091 αὐτὸς,
1171 4030 1200 4081 6
1247 4031 1341 4084 καὶ
1373 4031 1494 4084 τότε
1528 4033 1620 4085 καὶ
1647 4031 1742 4085 νῦν
1796 4036 1976 4087 ἐκεῖνα

405 4112 794 4182 ἐργασάμενος.
835 4111 1005 4165 Πόθεν
1050 4108 1142 4165 οὖν
1193 4116 1226 4184 ἡ
1265 4114 1499 4184 τοσαύτη
1541 4117 1848 4188 μεταϐολῆς
1901 4120 1976 4171 Οὐ

405 4195 514 4267 γὰρ
545 4195 609 4266 δὴ
640 4195 798 4259 ἄλλος
843 4195 941 4265 μὲν
970 4197 1176 4260 ἐκεῖνος
1203 4201 1231 4251 6
1258 4199 1389 4262 Θεὸς
1407 4241 1420 4261 ,
1447 4198 1604 4264 ἄλλος
1633 4200 1688 4253 δὲ
1722 4203 1806 4262 σὺ,
1842 4201 1977 4255 ἀλλά

406 4280 472 4332 σὺ
495 4274 546 4332 εί
562 4281 591 4332 6
622 4279 804 4340 αὐτός.

481 4371 555 4428 ς’.
578 4363 713 4417 υύδέ
746 4359 813 4418 αῦ
841 4365 1002 4420 πάλιν
1035 4365 1100 4418 σὺ
1133 4363 1232 4435 μὲν
1261 4359 1314 4418 εἴ
1334 4365 1362 4418 6
1388 4365 1567 4431 αὐτὸς,
1602 4366 1712 4436 ἐγὼ
1737 4369 1793 4421 δέ
1819 4368 1976 4423 ἄλλον

405 4447 783 4518 ἐπιγράφομαι
808 4447 968 4502 Θεόψ
997 4448 1133 4502 ἀλλὰ
1161 4447 1246 4502 Σὺ
1271 4443 1380 4502 ald
1401 4449 1702 4517 ,ϐασιλεύς
1725 4471 1844 4520 μου
1876 4454 1975 4506 καὶ

405 4533 440 4584 ό
474 4531 615 4596 Θεός
637 4548 775 4599 μου.
807 4534 921 4585 Οὐκ
943 4531 1378 4603 ἀπεπηδήσαμέν
1406 4549 1498 4584 σου
1525 4533 1624 4604 τῆς
1653 4537 1848 4607 ἀρχῆς,
1875 4539 1974 4591 οὐκ

404 4611 834 4685 ἐπεγραψάμεθα
874 4614 1182 4687 προστάτην
1203 4615 1410 4685 ἕτερον.
1461 4616 1515 4668 Ὁ
1544 4617 1975 4689 ἐντελλόμενος

404 4697 512 4762 τὰς
536 4698 836 4764 σωτηρίας
878 4698 1113 4753 Ἰακώϐ·
1146 4699 1424 4764 τουτέστι,
1455 4700 1547 4753 καὶ
1583 4701 1614 4754 6
1646 4703 1776 4766 Θεὸς
1807 4707 1834 4757 6
1873 4705 1972 4756 αὐ-

404 4778 514 4843 τὸς,
550 4780 636 4833 καὶ
685 4781 718 4850 ἡ
763 4781 988 4851 πρόνοια
1021 4782 1054 4850 ἡ
1103 4782 1262 4853 αὐτή.
1309 4782 1479 4835 Πόθεν
1507 4779 1663 4855 οῦνὴ
1707 4787 1973 4860 μεταϐολὴ

405 4862 514 4916 τῶν
554 4864 922 4934 πραγμάτων;
969 4865 1035 4917 Τί
1076 4863 1134 4916 δέ
1175 4865 1353 4925 ἐστιν,
1409 4865 1470 4918 '0
1504 4865 1970 4937 ἐντελλιψενοα

415 4945 477 4999 '0
506 4945 772 5009 κελεύων,
804 4947 834 4998 ὁ
877 4947 1268 5017 παραγγέλλων
1312 4947 1577 5014 σώζεσθαι
1614 4951 1706 5003 τὸν
1758 4952 1969 5011 Ἰακώϐ.

417 5028 678 5082 Ἐνταῦθα
714 5030 875 5082 πάλιν
911 5031 1011 5099 τὴν
1045 5029 1292 5084 εὐκολίαν
1333 5032 1434 5101 τῆς
1474 5034 1788 5104 συμμαχίας
1830 5054 1973 5107 παρ-

407 5111 606 5183 ίστησι,
637 5114 731 5166 καὶ
753 5113 853 5184 τὴν
878 5113 1127 5175 ἐξουσίαν
1151 5114 1251 5184 τὴν
1273 5114 1494 5184 πολλὴν,
1526 5118 1620 5168 καὶ
1641 5117 1761 5170 ούδέ
1787 5120 1974 5184 άπλῶς

401 5193 504 5273 τοῦ
536 5193 801 5264 προγόνου
838 5195 1110 5266 μέμνηται
1127 5236 1141 5256 ,
1169 5196 1283 5249 ἀλλ’
1327 5199 1445 5251 ἀντὶ
1473 5197 1838 5270 δικαιώματος
1875 5203 1973 5273 τὴν

403 5272 603 5343 ἀρετὴν
627 5273 794 5326 αὐτοῦ
822 5274 1200 5345 προϐάλλεται,
1229 5276 1548 5349 δυσωπῆσαι
1575 5279 1663 5332 τὸν
1694 5280 1827 5333 Θεὸν
1853 5272 1974 5352 βου-

403 5355 647 5425 λόμενος.
678 5357 780 5409 Ἐν
811 5358 908 5409 σοὶ
932 5357 1067 5424 τοὺς
1093 5359 1344 5428 ἐχθροὺς
1372 5361 1538 5431 ἡμῶν
1565 5364 1967 5435 κερατιοῡμεν.

406 5439 515 5490 Καὶ
538 5441 602 5492 σὺ
619 5442 646 5492 6
673 5440 852 5504 αὐτὸς,
875 5444 1026 5514 φησί,
1053 5445 1195 5514 καὶὴ
1220 5446 1492 5516 πρόνοιαή
1518 5448 1675 5517 αὐτὴ,
1696 5449 1788 5502 καὶ
1811 5452 1971 5520 ἡμεῖς

407 5521 467 5604 σὲ
487 5523 923 5604 ἐπιγραφόμεθα,
953 5527 1048 5579 καὶ
1075 5530 1186 5591 τοῖς
1214 5529 1396 5592 αὐτοῖς
1425 5529 1608 5593 ὅπλοις
1634 5534 1969 5604 κεχρήμεθα.

405 5603 574 5658 τοῦτο
601 5605 711 5676 γάρ
736 5607 883 5661 ἐστιν
901 5649 918 5674 ,
962 5611 1066 5664 Ἐν
1091 5610 1190 5663 σοί
1223 5610 1364 5676 τοὺς
1399 5611 1648 5679 ἐχθροὺς
1676 5603 1843 5682 ἡμῶν
1871 5634 1971 5671 κε-

402 5684 738 5757 ρατιοῦμεν.
779 5689 972 5754 ’Δλλος
1015 5692 1071 5744 δέ
1099 5709 1261 5762 φησι,
1297 5693 1444 5757 Τοὺς
1471 5695 1785 5761 θλίϐοντας
1809 5697 1968 5766 ἡμᾶς

405 5770 805 5840 οισρατιοῦμεν.
836 5775 946 5829 Kal
967 5775 1036 5827 ἂν
1054 5773 1134 5839 τῷ
1154 5777 1400 5845 ὀνόματί
1421 5791 1537 5832 σου
1564 5778 1965 5842 ἐξουδενώσοο

470 5860 497 5889 ⁸
525 5858 662 5910 Unus
684 5863 830 5926 ἀρχῆς
850 5863 1027 5925 εἰσάγει
1047 5866 1150 5927 τήν,
1172 5879 1270 5914 non
1294 5868 1440 5915 male.
1773 5869 1776 5872 ⁴

1533 342 1896 400 EXPOSITIO
1928 344 1997 400 IN
2027 345 2358 401 PSALMUM
2393 347 2574 402 XLIII.

3548 351 3660 409 176

2079 477 2196 530 μετ·
2215 460 2354 525 τοὺς
2371 459 2887 530 ἐπανισταμένους
2914 461 3074 531 ἡμῖν.
3101 460 3292 526 Ἄλλος
3324 463 3476 532 φησὶ,
3507 450 3660 532 Συμ-

2081 542 2454 611 πατήσομεν.
2489 543 2554 595 Τί
2590 544 2752 612 λέγω,
2798 545 2990 616 φησὶν,
3047 540 3144 599 Ἕν
3193 548 3324 609 σοις
3378 547 3562 618 Ἀρκεῖ
3601 550 3661 602 τὸ

2081 627 2252 696 ὄνομά
2299 644 2391 678 σου
2446 627 2671 680 καλέσαι
2719 629 2898 698 μόνον,
2946 630 3037 682 καὶ
3086 631 3264 683 πάντα
3313 629 3508 683 ἀνύσαι
3541 632 3660 702 μεθ’

2081 709 2402 781 ὑπερϐολῆς.
2433 709 2567 761 υἱ)δέ
2603 709 2711 780 γὰρ
2741 706 2882 770 εἰπε,
2906 713 3284 782 Κρατήσομεν,
3316 710 3372 780 ἢ,
3407 713 3659 782 Περιεσό-

2086 792 2255 862 μεθα,
2289 791 2439 857 ἀλλ’,
2482 792 3012 860 Ἐξουδενώσομεν,
3053 795 3172 847 οὐδὲ
3213 795 3530 866 ἡγησόμεθα
3562 799 3660 850 αὐ-

2079 875 2206 938 τούς
2249 892 2302 928 τι
2343 871 2515 936 εἷναι,
2547 876 2711 945 φησὶν
2733 877 2781 940 δ,
2815 876 2934 928 οὐδὲ
2969 877 3408 947 φοϐηθησόμεθα,
3444 879 3557 932 ἀλλ’
3584 880 3659 944 ὡς

2080 957 2234 1010 οὐδὲν
2273 957 2431 1022 ὄντας
2480 958 2761 1028 διώξομεν.
2811 959 2987 1031 Ὅπερ
3025 959 3200 1029 δηλῶν
3252 957 3434 1030 ἕτερος
3481 963 3659 1032 ἐρμη-

2080 1041 2274 1110 νευτὴς
2306 1040 2458 1109 ἔλεγε
2479 1058 2492 1072 ο
2529 1042 3044 1110 Καταπατήσομεν
3064 1053 3111 1079 ε·
3157 1043 3256 1112 τὴν
3287 1043 3427 1096 κατά
3456 1046 3656 1116 κράτος

2081 1123 2261 1193 νίκην,
2284 1124 2384 1194 τὴν
2411 1124 2579 1195 χωρὶς
2603 1124 2840 1193 ἀγωνίας
2871 1126 3198 1194 παράταξιν,
3221 1127 3318 1194 τὴν
3352 1128 3518 1199 χωρὶς
3559 1127 3655 1195 φό-

2081 1205 2176 1259 ϐου
2212 1205 2391 1276 μάχην
2419 1207 2654 1270 δεικνύς.
2708 1209 2790 1260 Οὐ
2822 1212 2931 1274 γὰρ
2965 1207 3062 1258 ἐπὶ
3110 1205 3188 1272 τῷ
3228 1206 3380 1271 τόξῳ
3411 1227 3530 1276 μου
3559 1211 3656 1264 ἐλ-

2079 1287 2212 1341 πιῶ.
2249 1289 2442 1353 Ἀλλος
2489 1291 2652 1359 φησὶ,
2707 1289 2984 1342 Πέποιθα.
3026 1291 3135 1344 Kal
3166 1288 3204 1356 ἠ
3242 1292 3509 1360 ῥομφαιά
3537 1311 3656 1362 μου

2079 1375 2152 1427 οὐ
2173 1373 2358 1426 σώσει
2379 1391 2474 1440 με.
2509 1376 2615 1425 Καὶ
2659 1374 2802 1434 τίνος
2826 1373 3010 1425 ἕνεκεν
3039 1374 3306 1443 κέχρησαι
3336 1374 3569 1438 τούτοις;
3603 1378 3655 1429 τί

2078 1454 2132 1507 6‘3
2168 1455 2486 1525 καθοπλίζῃ,
2520 1455 2612 1508 καὶ
2643 1454 2795 1520 τόξον
2834 1456 2926 1508 καὶ
2958 1457 3234 1527 μάχαιραν
3269 1457 3654 1529 μεταχειρίζη;

2082 1539 2202 1590 ’Ὁτι
2230 1537 2403 1602 οὕτως
2431 1539 2716 1591 ἐκέλευσεν
2743 1541 2770 1590 ὁ
2796 1539 2926 1602 Θεός
2953 1556 2966 1569 ο
2995 1539 3082 1591 διὰ
3107 1540 3170 1610 δὴ
3198 1538 3354 1592 τοῦτο
3379 1540 3656 1610 κέχρημαι

2083 1623 2181 1690 μὲν
2208 1621 2413 1684 αὐτοῖς,
2439 1620 2498 1673 τὸ
2536 1621 2593 1673 δὲ
2641 1623 2749 1674 πᾶν
2785 1623 2870 1672 ἐπ’
2911 1621 3075 1674 αὐτὸν
3123 1623 3320 1692 ρίπτω.
3363 1619 3520 1675 Οὕτω
3553 1640 3653 1676 που

2076 1703 2261 1774 λεμεῖν
2305 1709 2418 1768 τοῖς
2448 1703 2721 1774 αἰσθητοῖς
2761 1703 2972 1775 ἐχθροῖς
3019 1704 3367 1758 ἐπαιδεύοντο
3403 1705 3510 1758 ἀπὸ
3555 1707 3656 1773 τῆς

2077 1788 2286 1842 ἄνωθεν
2319 1789 2492 1859 ῥοπῆς
2537 1787 2921 1858 φραττόμενοι,
2969 1787 3111 1840 οὕτω
3139 1790 3253 1851 τοῖς
3286 1791 3513 1857 νοητοῖς.
3545 1790 3655 1842 Καὶ

2080 1872 2143 1923 σὺ
2173 1871 2352 1924 τοίνυν
2372 1912 2386 1935 ,
2426 1872 2554 1925 ὃταν
2599 1870 2676 1940 τῷ
2701 1870 2931 1938 διαϐόλῳ
2960 1870 3203 1941 πολεμῇς
3222 1910 3236 1933 ,
3265 1870 3409 1939 λέγε.
3437 1871 3512 1923 Οὐ
3541 1875 3655 1936 τοῖς

2076 1954 2260 2017 ὅπλοις
2299 1971 2398 2024 μου
2427 1953 2643 2023 θαρρῶ·
2675 1953 2973 2015 τουτέστιν,
3003 1955 3061 2007 οὐ
3095 1957 3160 2024 τῇ
3197 1956 3302 2024 ἐμῇ
3336 1953 3500 2023 ἰσχύϊ,
3531 1953 3653 2006 οὐδὲ

2075 2041 2193 2101 ταῖς
2213 2041 2370 2108 ἐμαῖς
2385 2035 2769 2100 δικαιοσύναις,
2793 2037 2925 2090 ἀλλά
2947 2035 3025 2106 τῷ
3055 2037 3192 2090 ἐλέει
3215 2037 3308 2090 τοῦ
3329 2037 3482 2091 Θεοῦ.
3499 2037 3654 2091 Οὕτω

2076 2121 2169 2173 καὶ
2199 2119 2397 2190 Δανιὴλ
2421 2119 2626 2187 ἔλεγενο
2663 2119 2813 2190 [155]
2842 2122 2962 2172 Οὐκ
2995 2120 3066 2172 ἐν
3088 2120 3217 2184 ταῖς
3242 2119 3654 2186 δικαιοσύναις

2075 2203 2244 2271 ἡμῶν
2268 2204 2688 2271 ἑπιρῤἰπτομεν
2717 2205 2882 2270 ἡμεῖς
2915 2203 3022 2255 τὸν
3049 2205 3223 2256 ἔλεον
3248 2203 3416 2273 ἡμῶν
3439 2204 3626 2273 ἕμπρο
3643 2232 3654 2243 -

2074 2285 2224 2340 σθέν
2259 2303 2397 2340 σου.
2434 2287 2705 2351 Ἕσωσας
2745 2288 2854 2353 γὰρ
2905 2282 3062 2353 ἡμᾶς
3086 2286 3152 2338 ἐκ
3185 2286 3304 2339 τῶν
3330 2287 3654 2339 θλιϐόντων

2075 2367 2253 2438 ἡμᾶς,
2306 2368 2403 2421 καί
2455 2368 2594 2434 τοὺς
2648 2369 2980 2437 μισοῦντας
3034 2367 3192 2437 ἡμᾶς
3239 2359 3648 2438 κατῄσχυνας.

2078 2451 2425 2514 Ἀλλος,”οτι
2453 2451 2692 2514 ἔσωσας
2723 2449 2900 2517 ἡμᾶς.
2929 2451 2992 2502 Τί
3014 2451 3094 2504 δεῖ
3121 2451 3300 2517 λέγειν
3332 2452 3399 2504 τά
3428 2451 3650 2517 παλαιὰ,

2074 2536 2226 2603 φησὶ.
2260 2536 2351 2586 καὶ
2377 2533 2445 2586 τά
2471 2532 2578 2586 τῶν
2611 2533 2920 2604 προγόνωνς
2961 2533 3150 2602 Ἡμεῖς
3183 2533 3336 2585 αὐτόν⁸
3365 2532 3534 2586 πολλὰ
3553 2534 3651 2603 τῆς

2075 2620 2174 2687 σῆς
2215 2618 2472 2688 προνοίας
2512 2616 2747 2687 ἐνέχυρα
2777 2616 2995 2686 ἔχομεν.
3032 2617 3125 2668 καὶ
3150 2617 3387 2687 τρόπαια
3423 2616 3653 2688 λαμπρά

2075 2701 2432 2771 ἀπαριθμεῖν,
2475 2700 2568 2752 καὶ
2610 2700 2766 2762 νίκας
2809 2700 3143 2770 ἐπαλλήλους
3192 2701 3284 2755 καὶ
3331 2700 3650 2770 θαυμαστὰς

2075 2785 2168 2836 καὶ
2193 2784 2524 2854 παραδόξους
2551 2782 2843 2852 δυνάμεθα.
2888 2783 2976 2835 Διὰ
3003 2784 3109 2850 γάρ
3139 2783 3295 2835 τοῦτο
3323 2781 3463 2846 εἷπε,
3497 2787 3650 2836 Kur-

2075 2868 2370 2936 ῄσχυνας,
2403 2867 2681 2936 ἐμφαίνων
2712 2866 2793 2918 ὅτι
2833 2867 2930 2934 οὐχ
2961 2865 3190 2928 ἀπλῶςά
3239 2867 3386 2936 ἡμᾶς
3422 2863 3646 2928 ἐξείλου,

2073 2951 2194 3002 οὐδέ
2213 2950 2399 3010 άπλῶς
2426 2949 2762 3019 ἐξήρπασας,
2794 2948 2931 3000 ἀλλά
2959 2947 3096 3018 μετά
3124 2948 3226 3014 τῆς
3256 2946 3515 3017 αἰσχύνης
3542 2949 3649 2999 τῶν

2074 3033 2336 3086 ἐπιόντων
2370 3034 2522 3099 έμϊν.
2579 3031 2681 3084 Ἐν
2709 3031 2788 3095 τῷ
2817 3031 2937 3096 Θεῷ
2961 3032 3475 3098 ἐπαινεθησόμεθα
3499 3032 3652 3098 ὅλην

2075 3115 2189 3182 τὴν
2230 3115 2486 3184 ἡμέραν·
2527 3115 2623 3167 καὶ
2653 3115 2723 3167 ἐν
2753 3113 2832 3180 τῷ
2865 3115 3110 3184 ὀνόματί
3139 3131 3254 3168 σου
3285 3115 3648 3186 ἐξομολογη-

2075 3197 2299 3265 σόμεθα
2330 3201 2416 3263 εἰς
2454 3197 2561 3250 τὸν
2596 3195 2802 3249 αἲῶνα.

2148 3280 2338 3344 Ἀλλος
2373 3281 2526 3351 φησί’
2575 3279 2682 3334 Τὸν
2714 3279 2863 3332 Θεὸν
2907 3280 3213 3348 ὑμνοῦμεν
3260 3280 3409 3334 κατὰ
3446 3279 3652 3335 πᾶσαν

2075 3362 2320 3431 ἡμέραν.
2341 3363 2420 3416 Τά
2445 3363 2543 3433 μέν
2564 3361 2674 3433 γὰρ
2697 3363 2796 3431 τῆς
2825 3362 3004 3432 νίκης,
3028 3365 3182 3434 φησὶ,
3203 3364 3565 3436 παρελήλυθε,
3584 3366 3651 3417 τά

2074 3446 2132 3499 δὲ
2157 3447 2255 3516 τῆς
2281 3447 2629 3517 εὐχαριστίας
2659 3446 2792 3516 ἡμῖν
2816 3447 2987 3516 μένει.
3013 3448 3205 3516 Ὅλην
3222 3450 3331 3519 γὰρ
3362 3449 3479 3515 τὴν
3509 3447 3652 3517 ἡμέ-

2067 3530 2384 3597 ραν,πᾶσαν
2407 3529 2554 3596 λέγει
2573 3529 2670 3600 τὴν
2690 3530 2857 3600 ζωήν.
2891 3531 2964 3582 Οὐ
2987 3530 3096 3601 γάρ
3125 3529 3410 3600 παυόμεθα
3430 3530 3651 3602 ὑμνοῦν-

2076 3629 2166 3675 τες
2217 3613 2310 3666 καὶ
2370 3612 2898 3683 ἐγκαλλωπιζόμενοί
2958 3631 3051 3667 σου
3105 3617 3226 3678 ταῖς
3289 3615 3645 3686 συμμαχίαις.

2077 3695 2246 3750 Τοῦτο
2268 3698 2376 3769 γὰρ
2397 3697 2555 3767 ἡμῶν
2579 3698 2722 3762 δόξα,
2751 3699 2908 3751 τοῦτο
2925 3697 3206 3770 καύχημα,
3234 3701 3292 3752 ἐν
3312 3699 3485 3770 τούτῳ
3512 3700 3650 3771 πρὸς

2078 3781 2323 3846 ἅπαντας
2371 3781 2833 3852 φιλοτιμούμεθαο
2878 3784 2976 3852 οὐχ
3023 3783 3104 3835 ὃτι
3138 3782 3292 3836 πόλιν
3323 3783 3518 3854 ἔχομεν
3555 3801 3650 3854 με-

2077 3864 2249 3934 γάλην
2295 3866 2386 3919 καὶ
2431 3865 2784 3936 θαυμαστὴν,
2831 3865 2941 3918 οὐδ’
2988 3866 3070 3918 ὅτι
3119 3866 3326 3937 πρῶτοι
3373 3866 3644 3936 νικῶμεν,

2076 3949 2183 4000 οὐδ’
2201 3960 2224 3986 ε
2252 3949 2332 4010 ὅτι
2357 3949 2514 4020 ῥώμῃ
2544 3948 2793 4019 σώματος
2821 3949 3242 4020 περιγινόμεθα·
3273 3948 3387 4002 ἀλλ’
3414 3951 3496 4002 ὅτι
3516 3948 3649 4002 Θεὸν

2077 4030 2268 4101 ἔχομεν
2291 4029 2486 4102 ἀληθῆ,
2510 4033 2568 4084 ἐν
2591 4031 2763 4102 τούτῳ
2790 4032 3123 4103 καυχώμεθα
3145 4049 3158 4062 ·
3181 4031 3279 4102 οὐχ
3300 4033 3426 4085 ὅταν
3448 4031 3648 4103 βοηθῇς

2075 4117 2208 4186 ἡμῖν
2241 4116 2420 4186 μόνον,
2472 4115 2610 4168 ἀλλά
2635 4116 2728 4168 καὶ
2764 4117 2893 4170 ὅταν
2933 4117 3436 4188 ἐγκαταλιμπάνῃς.
3479 4117 3649 4172 Τοῦτο

2077 4199 2183 4271 γάρ
2215 4199 2391 4262 ἐστιν,
2428 4199 2622 4267 Ὅλην
2658 4199 2774 4267 τὴν
2797 4200 3054 4269 ἡμέραν·
3085 4201 3336 4271 καθάπερ
3375 4201 3469 4254 καὶ
3500 4202 3648 4255 Παῦ-

2075 4281 2164 4344 λός
2196 4299 2387 4352 φησιν’
2428 4283 2588 4350 Ἐμοὶ
2611 4281 2680 4334 δὲ
2709 4281 2796 4351 μὴ
2822 4282 3053 4351 γένοιτο
3093 4282 3453 4352 καυχᾶσθαι,
3483 4287 3537 4337 εὶ
3558 4285 3647 4353 μὴ

2075 4364 2144 4416 ἐν
2188 4364 2269 4430 τῷ
2307 4363 2546 4432 σταυρῷ
2595 4365 2701 4418 τοῦ
2749 4365 3026 4432 Χριστοῦ.
3069 4367 3142 4418 Οὐ
3184 4368 3291 4437 γάρ
3337 4368 3506 4429 ἐστιν,
3546 4368 3648 4420 οὐκ

2076 4447 2220 4500 ἔστιν
2247 4447 2409 4518 ἐτέρα
2440 4446 2564 4513 δόξα
2602 4447 2844 4517 τοιαύτη.
2885 4448 2975 4500 Διὸ
3003 4450 3098 4501 καὶ
3130 4449 3292 4502 πάλιν
3323 4448 3525 4516 ἔλεγεν,
3561 4452 3647 4501 Ob

2071 4531 2262 4597 μόνον
2278 4528 2532 4591 δὲ,άλλὰ
2555 4529 2654 4582 καὶ
2692 4531 3061 4600 καυχώμενοι
3093 4533 3162 4585 ὲν
3191 4530 3270 4596 τῷ
3303 4531 3444 4596 Θεῷ.
3479 4532 3648 4584 Οὐδὲν

2074 4613 2184 4683 γὰρ
2219 4611 2331 4666 ἴσον
2360 4612 2550 4665 τούτου
2578 4611 2672 4664 τοῦ
2701 4616 3071 4684 καυχήματος.
3104 4615 3308 4685 Μηδεὶς
3334 4616 3513 4669 τοίνυν
3555 4617 3648 4670 ἐπὶ

2077 4696 2290 4766 πλούτῳ
2316 4695 2812 4767 μεγαλοερρονείτωο
2847 4699 3033 4768 μηδεὶς
3065 4700 3155 4752 ἐπί
3180 4717 3287 4753 τινι
3317 4699 3425 4752 τῶν
3461 4699 3647 4770 βιωτι-

2075 4778 2186 4833 κῶν
2206 4819 2220 4843 ,
2263 4779 2374 4832 ἀλλ’
2414 4779 2507 4832 ἐπὶ
2536 4779 2710 4850 τούτῳ
2757 4781 2947 4852 μόνον,
2978 4783 3071 4835 ἐπὶ
3103 4783 3179 4852 τῷ
3226 4783 3319 4836 τὸν
3346 4783 3476 4837 Θεὸν
3503 4783 3648 4854 ἔχειν

2073 4861 2370 4932 Δεσπότην.
2412 4861 2580 4915 Τοῦτο
2621 4865 2799 4932 πάσης
2852 4865 3162 4937 ἐλευθερίας
3205 4867 3446 4937 ἄμεινον,
3489 4867 3647 4920 τοῦτο

2073 4946 2183 4999 τῶν
2212 4945 2454 5016 οὐρανῶν
2488 4944 2671 4998 αὐτῶν
2713 4946 2938 5016 βέλτιον.
2980 4949 3041 5000 El
3072 4951 3180 5020 γὰρ
3208 4950 3269 5002 τὸ
3299 4950 3518 5003 ἀκούειν
3550 4951 3644 5002 τοῦ

2073 5029 2240 5091 δεῖνος
2261 5029 2356 5080 καὶ⁵
2389 5027 2482 5082 τοῦ
2513 5028 2680 5092 δεῖνος
2708 5030 2969 5102 καύχημα
3002 5031 3258 5096 πολλάκις
3283 5034 3481 5104 ῆνεγκε
3518 5033 3645 5105 παρ’

2074 5112 2407 5184 ἀνθρώποις,
2443 5113 2692 5183 ἐννόησον
2718 5114 2780 5166 τὸ
2806 5113 3026 5168 ἀκούειν
3049 5114 3143 5167 τοῦ
3169 5116 3301 5168 Θεοῦ
3327 5117 3522 5187 ἡλίκην
3545 5118 3646 5186 φέ-

2078 5212 2158 5265 ρει
2183 5195 2359 5262 δόξαν.
2399 5195 2492 5248 Διὸ
2517 5197 2611 5249 καὶ
2635 5198 2666 5250 6
2690 5195 2900 5260 Παῦλος
2925 5198 3044 5251 ἀντὶ
3073 5198 3307 5270 μεγάλου
3337 5200 3644 5271 ἀξιώματος

2133 5370 2163 5436 b
2196 5369 2289 5436 Hic
2313 5371 2498 5436 aliqpid
2520 5371 2833 5436 desiderati};
2865 5375 2912 5420 in
2937 5378 3075 5423 textu
3114 5375 3297 5433 Gram,
3323 5374 3454 5435 quod
3479 5375 3645 5436 expri-

2074 5435 2226 5480 mitur
2245 5433 2295 5480 in
2330 5431 2498 5482 Latina
2531 5433 2759 5483 versione
2780 5434 3004 5483 Hel-veli.

2137 5496 2158 5524 ο
2188 5494 2323 5560 Unus
2344 5494 2577 5560 el‘Savil.
2623 5498 3062 5560 κατακρατήσομεν.
3106 5493 3161 5543 In
3195 5497 3432 5560 H_e_x_ap!is
3462 5498 3642 5547 nowis

2071 5556 2247 5630 Τᾼλψιίιιι
2303 5563 2356 5604 ει
2394 5557 2722 5630 "Symmaghus
2780 5556 3166 5630 συμπατῆσομεν.
3191 5620 3205 5630 ,
3231 5556 3524 5630 Πεδτείευῐη
3565 5565 3644 5608 est

2069 5628 2212 5681 om,
2249 5630 2359 5678 qua
2399 5631 2486 5666 vox
2527 5619 2710 5680 optime
2735 5619 2940 5667 vertitur
2960 5620 3376 5680 καταπατήσομεν.
3411 5623 3641 5669 Καταπα-

2070 5688 2276 5750 τήσομεν
2308 5688 2454 5746 αὐτήν
2475 5687 2823 5738 Theodolionls
2854 5689 3058 5738 fortasse
3091 5689 3203 5738 erit.
3636 5731 3642 5742 .

2133 5746 2159 5786 ἀ
2191 5746 2303 5828 ἓεδ.
2331 5751 2552 5828 eE'SaviI:
2591 5751 2848 5828 épﬁxm!‘
2866 5752 3050 5828 61:1.le
3093 5753 3271 5828 ιὶιτιλςὸςζ
3289 5757 3370 5825 -et
3404 5750 3472 5801 ita
3516 5753 3641 5818 legit

2079 5810 2348 5874 Gepljanus
2367 5810 2627 5874 Hervems;
2658 5810 2784 5862 Edil.
2808 5812 2975 5860 Morel.
3001 5810 3055 5861 οὐ
3076 5816 3164 5874 γὰρ
3186 5815 3361 5869 ἁπλῶς.

2147 5873 2170 5901 ⁸
2194 5871 2275 5922 Sic
2298 5881 2480 5924 mss.el.
2503 5873 2651 5924 Savil.
2679 5874 2803 5925 Οὐδέ
2828 5877 2877 5924 ω
2899 5874 3034 5924 edito
3062 5871 3232 5926 Mei-el.
3263 5875 3454 5925 deerat.
