4140 6356
333 316 432 374 177

330 474 541 530 quoque
571 461 674 515 hoc
700 475 797 529 pro
833 475 1023 532 magna
1045 460 1303 531 dignitate
1330 462 1531 529 posuit,
1558 462 1742 517 dicens
1775 480 1788 515 :
1824 462 1927 528 Qui

326 563 500 606 autem
544 552 732 607 Christi
772 565 923 619 sunt,
962 569 1167 607 carnem
1216 554 1581 621 cruciﬁwerunt
1625 553 1829 625 (Galat.
1872 555 1928 609 5.

326 644 443 716 2-1).
477 644 796 716 Diapsalma.
824 647 997 709 Alius,
1028 646 1261 716 Semper.
1291 645 1549 702 llebrtcus
1595 656 1772 702 autem
1799 647 1929 702 illud

327 738 406 793 sic
447 738 735 807 exprimit,
769 738 881 795 Sel.
934 738 1020 793 10.
1053 737 1208 792 Nunc
1249 748 1415 793 autem
1454 739 1686 810 repulisti
1730 755 1851 804 nos,
1880 747 1930 793 et

330 828 610 899 confudisti
634 846 745 883 nos.
769 828 939 894 Alius,
968 828 1186 883 Tametsi
1210 828 1442 899 repulisti
1468 847 1581 883 nos.
1611 830 1791 894 Alius,
1822 829 1929 885 Sed

327 922 396 976 ad
422 923 528 975 [nec
569 922 810 992 rejecisti.
848 921 913 975 Et
941 923 1360 993 non~egredieris
1405 922 1546 976 Deus
1587 924 1641 975 in
1662 922 1927 977 virtutibus

328 1017 533 1069 nostris.
568 1015 738 1076 Alius,
773 1013 840 1067 Et
878 1030 981 1068 non
1028 1014 1366 1086 progredieris
1408 1015 1462 1069 in
1488 1015 1684 1070 militiis
1712 1015 1921 1069 nostris.

331 1108 619 1176 Repulsam
663 1106 807 1162 enim
835 1107 1016 1162 statim
1058 1107 1228 1177 pudor
1272 1107 1531 1176 sequitur,
1582 1115 1639 1160 et
1678 1107 1745 1160 ad
1785 1106 1924 1161 mala

329 1201 575 1272 patienda
600 1215 721 1256 esse
745 1200 997 1254 omnibus
1018 1200 1339 1270 expositum.
1371 1200 1602 1254 Virtutes
1631 1209 1809 1253 autem
1833 1198 1922 1253 hic

327 1295 561 1365 appellat
600 1308 788 1349 eorum
828 1292 1129 1357 exercitus,
1175 1290 1604 1361 quandoquidem
1654 1292 1706 1345 in
1736 1292 1815 1345 eis
1840 1298 1925 1345 est

329 1385 472 1454 regis
502 1383 737 1453 potentia
768 1400 781 1435 :
810 1398 932 1437 cum
968 1382 1107 1437 Deus
1147 1383 1246 1436 hoc
1282 1396 1493 1436 summo
1535 1381 1761 1435 consilio
1790 1396 1925 1449 pro-

332 1475 539 1540 viderit,
573 1482 632 1528 ut
656 1482 799 1529 esset
823 1472 928 1528 hoc
956 1472 1201 1542 principi,
1223 1482 1277 1527 et
1304 1474 1367 1527 iis
1403 1473 1492 1542 qui
1522 1472 1639 1539 ejus
1665 1480 1922 1541 reguntur

334 1567 587 1637 imperio,
619 1566 909 1621 vinculum.
939 1563 1074 1620 Nam
1125 1575 1183 1619 et
1206 1580 1299 1619 rex
1342 1565 1408 1618 iis
1460 1579 1594 1634 opus
1633 1563 1792 1619 habet
1828 1564 1917 1633 qui

334 1660 447 1726 ejus
472 1657 636 1727 jussis
658 1665 884 1729 pareant
907 1695 924 1720 ,
948 1666 1002 1710 et
1033 1657 1088 1710 hi
1110 1671 1174 1711 co
1196 1656 1285 1726 qui
1316 1656 1417 1710 illis
1444 1655 1626 1725 prresit
1656 1672 1670 1709 z
1700 1665 1755 1710 et
1780 1655 1918 1709 alter

326 1751 545 1804 alterius
591 1749 788 1803 auxilio
830 1749 1051 1819 indiget.
1103 1747 1180 1802 Ne
1207 1747 1382 1817 aliqua
1423 1748 1565 1801 enim
1595 1754 1737 1801 esset
1764 1762 1919 1801 arro-

323 1842 521 1913 gantia,
551 1840 725 1897 ell‘ecit
751 1841 891 1896 Deus
914 1881 929 1905 ,
963 1849 1019 1894 ut
1057 1854 1245 1909 magna
1283 1854 1425 1909 saepe
1465 1839 1645 1908 parvis
1672 1847 1911 1908 egerent.

325 1935 436 1987 lloc
480 1932 654 2003 ipsum
699 1932 821 1987 fecit
857 1933 1015 1987 etiam
1045 1932 1096 1985 in
1138 1931 1299 1986 rebus
1326 1930 1593 1984 inanimis.
1622 1929 1915 1984 Labantem

296 2044 297 2047 η
322 2026 463 2081 enim
494 2026 795 2080 columnam
825 2025 1099 2096 subjectus
1128 2040 1271 2094 saepe
1308 2024 1543 2079 calculus
1572 2024 1779 2078 ﬁrmam
1802 2034 1914 2079 sta-

324 2117 590 2185 bilemque
636 2116 914 2187 prmstitit,
943 2126 998 2171 et
1025 2117 1290 2185 navigium
1322 2116 1373 2171 in
1405 2130 1511 2185 quo
1535 2116 1914 2186 quamplurimi

302 2220 444 2264 .sunt
466 2219 714 2264 vectores
733 2250 748 2277 ,
782 2223 978 2279 parvus
998 2208 1182 2263 clavus
1207 2208 1387 2278 dirigit
1414 2216 1468 2263 et
1490 2209 1681 2263 liberat
1709 2223 1740 2262 a
1772 2210 1925 2277 peri-

319 2302 471 2355 culis.
499 2300 636 2368 Quid
683 2309 765 2355 est
795 2307 971 2354 autem
997 2342 1011 2364 ,
1048 2298 1267 2354 Tametsi
1291 2300 1523 2364 repulisti
1551 2316 1644 2353 nos
1671 2302 1697 2355 ?
1727 2300 1909 2366 Licet,

292 2374 522 2461 inquit,
557 2401 633 2446 tot
658 2401 714 2445 et
742 2399 887 2445 tanta
920 2390 1060 2460 passi
1103 2391 1269 2445 simus
1291 2430 1307 2448 .
1329 2408 1359 2445 a
1386 2402 1436 2446 te
1467 2406 1570 2445 non
1598 2391 1909 2457 deﬁcimus,

319 2492 370 2537 te
398 2482 707 2546 laudantes,
736 2482 903 2552 gloria
930 2482 1229 2536 allicientes
1249 2523 1264 2546 ,
1308 2490 1364 2537 et
1389 2482 1440 2536 in
1488 2491 1540 2537 te
1588 2483 1898 2553 gloriantes.

317 2574 405 2627 11.
452 2573 684 2626 Auertisti
727 2589 818 2626 nos
862 2582 996 2626 retro
1026 2581 1137 2642 post
1166 2574 1393 2627 inimicos
1438 2584 1653 2628 nostros.
1704 2574 1771 2628 Et
1814 2577 1900 2646 qui

317 2664 530 2718 oderunt
569 2680 692 2729 nos,
724 2663 1024 2734 diripiebant
1070 2665 1183 2719 sibi.
1214 2664 1384 2731 Alius,
1419 2662 1641 2720 Posuisti
1690 2683 1782 2722 nos
1825 2684 1913 2722 ea:-

316 2768 500 2812 tremos
545 2759 765 2828 cujusvis
806 2758 1016 2811 inimici.
1061 2757 1194 2813 Vide
1234 2759 1503 2829 quomodo
1556 2760 1694 2816 mala
1736 2763 1912 2817 verbis

314 2850 554 2915 extollit,
584 2860 639 2905 et
666 2849 1021 2906 calamitatem
1052 2851 1229 2906 verbis
1264 2852 1552 2922 ampliﬁcat
1573 2893 1589 2918 ,
1621 2855 1911 2911 ostendens

314 2957 431 3009 eos,
450 2941 660 2995 etiamsi
688 2948 867 2995 essent
903 2940 1187 2997 admodum
1216 2953 1545 3011 peccatores,
1572 2944 1703 3000 satis
1732 2955 1908 3000 tamen

316 3048 595 3103 poenarum
623 3032 854 3087 dedisse.

386 3128 441 3179 7.
482 3126 595 3180 Hoc
639 3127 798 3181 etiam
829 3125 1068 3181 iecerunt
1110 3127 1263 3197 pueri
1304 3142 1370 3182 ex
1412 3128 1729 3184 redundanti
1771 3144 1905 3200 qna-

311 3222 433 3277 dam
465 3223 616 3291 copia
646 3222 698 3275 in
732 3221 946 3277 fornace
968 3233 1091 3276 tunc
1119 3230 1375 3277 canentes
1394 3234 1448 3278 et
1467 3223 1707 3279 dicentes
1732 3242 1743 3277 :
1770 3223 1904 3279 Tra-

312 3313 486 3367 didisti
521 3329 611 3365 nos
651 3313 703 3365 in
750 3328 927 3365 manus
969 3312 1286 3365 inimicorum
1326 3322 1612 3367 nostrorum
1658 3316 1904 3384 pessimo-

312 3422 446 3466 rum,
495 3404 1066 3474 prwvaricatommque,
1116 3414 1161 3457 et
1211 3405 1315 3475 regi
1357 3405 1549 3474 injusto
1593 3416 1639 3459 et
1686 3407 1903 3475 pessimo

310 3499 447 3551 ultra
482 3514 680 3551 onmem
719 3507 905 3550 terram
933 3495 1090 3567 (Dan.
1118 3498 1169 3553 5.
1202 3496 1315 3566 '52).
1357 3498 1427 3552 Et
1467 3514 1654 3554 rursus
1681 3518 1694 3554 :
1717 3498 1902 3555 Immi-

309 3588 418 3642 ηυτὶ
442 3604 619 3642 sumus
648 3587 760 3657 plus
781 3604 932 3657 quam
957 3603 1127 3641 omnes
1148 3598 1337 3659 gentes,
1362 3606 1633 3660 sumasque
1651 3590 1864 3645 humiles
1884 3593 1899 3623 ί

302 3682 362 3735 in
383 3680 615 3734 universa
644 3689 779 3733 terra
806 3678 966 3750 (Ibid.
995 3695 1045 3734 υ.
1075 3682 1189 3750 57).
1222 3682 1332 3736 lloc
1358 3683 1530 3752 ipsum
1574 3682 1661 3739 hic
1690 3700 1903 3755 quoque

307 3771 591 3842 signiﬁcat,
621 3771 1005 3841 propemodum
1030 3771 1218 3827 dicens
1245 3789 1259 3826 :
1291 3772 1554 3829 Omnibus
1592 3774 1899 3833 hominibus

307 3863 524 3931 viliores
549 3871 604 3918 et
631 3863 951 3933 abjectiores
991 3879 1196 3931 sumus,
1237 3865 1665 3936 quandoquidem
1715 3884 1901 3926 sumus

310 3963 401 4009 tua
432 3953 615 4009 nudati
646 3954 977 4025 providentia
1008 3973 1021 4009 :
1054 3964 1109 4010 et
1138 3971 1237 4010 nec
1265 3971 1503 4028 eousque
1526 3960 1738 4028 quidem
1761 3963 1900 4019 mala

310 4055 494 4102 nostra
533 4054 818 4111 steterunt,
847 4048 940 4102 sed
968 4048 1127 4103 etiam
1161 4049 1338 4119 praeda
1361 4049 1485 4106 facti
1510 4066 1694 4109 sumus
1718 4056 1897 4110 inimi-

306 4140 408 4206 cis,
438 4140 527 4210 qui
569 4154 668 4194 nos
709 4154 806 4194 suo
834 4140 1057 4194 arbitrio
1085 4140 1410 4197 dividebant.
1457 4144 1570 4199 Hoc
1608 4147 1750 4202 enim
1796 4149 1897 4204 sibi

306 4232 465 4286 vult:
507 4232 826 4299 Diripiebant
853 4232 1092 4303 sibiipsis,
1127 4233 1179 4288 id
1227 4243 1330 4303 est,
1370 4238 1518 4293 nullo
1559 4241 1893 4309 prohibente.

308 4327 399 4381 12.
430 4324 629 4380 Dedisti
664 4342 756 4380 nos
785 4336 1043 4396 tamquam
1083 4341 1198 4380 oves
1238 4343 1484 4393 escarum,
1517 4340 1564 4384 et
1589 4333 1642 4386 in
1664 4336 1895 4405 gentibus

306 4419 586 4489 dispersiin
614 4435 724 4472 nos.
759 4418 929 4484 Alius,
974 4416 1239 4472 Ventilasti
1282 4436 1396 4474 nos.
1429 4422 1564 4489 Quid
1606 4434 1707 4491 est,
1744 4425 1895 4482 Tam-

303 4526 456 4581 quam
476 4525 591 4563 oves
604 4509 869 4562 escarum?
897 4508 955 4563 ω
985 4517 1089 4574 est,
1120 4507 1315 4564 Fecisti
1343 4526 1457 4578 nos,
1494 4513 1685 4584 inquit,
1713 4518 1779 4571 ad
1806 4517 1892 4572 in-

306 4599 607 4655 vadendum
638 4599 941 4662 facillimos,
976 4614 1074 4654 nos
1103 4601 1233 4656 viles
1257 4617 1379 4658 esse
1408 4606 1718 4663 ostendens.
1757 4609 1895 4667 Sunt

305 4695 451 4747 enim
493 4691 691 4762 aliquae
732 4706 861 4746 oves
906 4691 1297 4761 acquisitionis,
1344 4709 1464 4764 qua:
1502 4706 1626 4752 sunt
1662 4708 1799 4769 apta:
1826 4702 1894 4757 ad

303 4785 674 4856 generandum
701 4801 715 4837 :
746 4795 871 4839 sunt
909 4799 1038 4840 vero
1066 4785 1205 4853 aliae,
1237 4802 1356 4857 quae
1401 4799 1620 4859 prepter
1658 4796 1889 4865 senium,

301 4878 388 4931 vel
416 4887 635 4947 propter
656 4878 986 4932 sterilitatem
1026 4888 1151 4931 sunt
1182 4886 1385 4934 tantum
1420 4883 1579 4938 utiles
1604 4885 1670 4939 ad
1706 4901 1891 4944 come-

302 4970 560 5027 dendum.
592 4970 658 5025 Et
682 4969 823 5040 quod
859 4977 943 5024 est
964 4969 1386 5038 acerbissimum,
1422 4973 1474 5027 in
1514 4986 1701 5045 gentes
1738 4994 1893 5037 erant

299 5063 561 5134 dispersi;
591 5062 838 5132 quodque
861 5061 966 5116 illis
986 5062 1227 5116 omnium
1260 5066 1631 5134 gravissimum
1654 5081 1789 5135 erat,
1823 5090 1891 5130 ne

299 5156 472 5226 legem
493 5153 706 5225 quidem
724 5162 972 5224 poterant
993 5152 1099 5212 illic
1113 5165 1360 5211 accurate
1374 5172 1587 5215 servare
1598 5170 1690 5216 eta
1708 5167 1891 5233 patriae

297 5247 605 5316 reipublicae
630 5245 886 5300 institutis
910 5243 1237 5300 exciderant.
1267 5246 1337 5303 Et
1361 5264 1466 5305 non
1495 5251 1547 5306 in
1572 5269 1731 5310 unam
1755 5273 1891 5328 gen-

298 5348 432 5404 tem,
452 5336 547 5392 sed
571 5336 790 5407 ubique,
822 5336 1010 5405 inquit,
1033 5334 1259 5405 dispersi
1284 5354 1491 5405 sumus,
1512 5344 1578 5400 ad
1609 5363 1770 5403 unum
1797 5366 1890 5408 so-

298 5429 432 5496 lum,
452 5443 645 5498 nempe
662 5428 803 5484 male
818 5426 1146 5499 patiendum,
1165 5431 1334 5498 parati
1352 5449 1365 5485 :
1383 5433 1561 5491 ulcisci
1579 5449 1779 5506 autem,
1799 5454 1891 5500 aut

298 5538 490 5579 manus
509 5523 768 5580 extollere
789 5537 896 5578 non
915 5536 1218 5592 possumus.
1238 5523 1349 5579 Hoc
1365 5528 1509 5584 enim
1528 5532 1788 5604 signiﬁcat
1810 5539 1887 5594 si-

297 5615 545 5670 militudo
558 5615 757 5672 ovium.
775 5616 861 5670 15.
878 5612 1159 5667 Vendidiin
1171 5619 1416 5687 papulum
1433 5633 1571 5680 tuum
1584 5628 1692 5683 sine
1703 5635 1882 5699 pretio.

362 5772 379 5802 ⁸
418 5776 548 5822 Unus
568 5773 734 5835 habet,
756 5786 918 5839 passes,
938 5790 1045 5839 pro,
1067 5776 1285 5831 humiles.

1428 323 1784 381 EXPOSITIO
1824 322 1886 377 IN
1926 321 2246 380 PSALMUM
2286 324 2467 383 XLIII.

3536 335 3636 393 I78

2044 441 2217 510 Alius,
2236 441 2305 496 In
2326 460 2428 497 non
2454 444 2751 500 substantia.
2780 446 2946 513 Alius,
2976 446 3093 502 Non
3117 448 3421 506 substantia
3449 450 3512 504 Et
3533 470 3634 507 non

2039 533 2139 603 fuit
2158 534 2428 588 multitudo
2448 536 2500 589 in
2524 539 2999 594 commutationibus
3019 542 3224 596 nostris.
3248 542 3421 609 Alius,
3443 540 3509 596 Et
3530 560 3631 597 non

2041 625 2255 680 multum
2274 628 2436 698 fecisti
2456 630 2670 698 pretium
2697 646 2887 684 eorum.
2911 631 3060 700 Quod
3082 640 3259 689 autem
3282 636 3358 690 ait
3380 643 3462 689 est
3488 636 3630 705 ejus-

2039 718 2187 772 modi
2219 736 2234 770 :
2265 719 2476 774 videtur
2522 722 2664 776 enim
2705 722 2903 777 dictum
2932 739 3053 781 esse
3088 726 3243 781 valde
3289 728 3575 783 obscurum
3605 745 3622 784 :

2033 808 2129 863 sed
2159 810 2437 876 attendite,
2471 821 2528 866 ut
2554 813 2794 883 psallatis
2830 832 2948 869 cum
2978 817 3341 890 intelligentia.
3375 820 3510 890 Quid
3539 829 3625 876 est

2032 915 2161 971 ergo
2192 902 2333 971 quod
2360 901 2595 958 dicitur?
2624 905 2791 973 Quam
2835 908 2943 962 sint
2974 910 3105 965 viles
3131 920 3187 966 et
3214 912 3405 983 abjecti
3433 925 3620 971 osten-

2031 991 2127 1058 dit,
2162 1009 2354 1064 nempe
2380 997 2576 1052 nullius
2600 999 2757 1067 pretii
2784 1019 2795 1052 :
2827 1009 3095 1072 tamquam
3116 1005 3257 1072 vilis,
3284 1006 3474 1079 inquit,
3500 1029 3622 1081 pre-

2033 1084 2112 1147 tii,
2141 1085 2381 1154 abjectos
2413 1098 2467 1142 et
2492 1091 2913 1146 contemnendos
2954 1109 3051 1149 nos
3079 1093 3344 1153 dimisisti.
3382 1101 3496 1158 lloc
3520 1121 3621 1162 au-

2032 1183 2141 1229 tem
2174 1176 2303 1231 dicit
2329 1194 2478 1235 more
2506 1178 2741 1235 humano
2770 1200 2782 1234 :
2812 1184 3048 1240 solemus
3068 1187 3208 1241 enim
3243 1204 3469 1262 qumque
3497 1198 3621 1254 vilia

2031 1263 2159 1320 dare
2187 1268 2269 1322 vel
2301 1268 2416 1323 sine
2453 1268 2643 1339 pretio.
2678 1271 2805 1338 QlltP
2829 1288 2986 1342 porro
3006 1277 3185 1347 magni
3206 1276 3449 1346 iacimus,
3481 1300 3543 1341 ea
3574 1286 3620 1342 si

2020 1348 2340 1425 ‘vcndamus,
2372 1377 2564 1431 magno
2591 1366 2763 1433 pretio
2791 1365 3066 1421 vendimus
3096 1386 3107 1418 :
3142 1384 3261 1439 quae
3291 1387 3415 1426 vero
3442 1380 3611 1446 parvi,

2024 1462 2084 1503 ea
2112 1448 2198 1503 vel
2233 1450 2417 1519 gratis.
2457 1450 2735 1521 Improbos
2764 1455 2941 1526 itaque
2965 1471 3149 1514 servos
3169 1462 3256 1515 alii
3285 1465 3497 1532 quidem
3532 1467 3617 1523 di-

2024 1539 2187 1593 midio
2215 1542 2404 1609 pretio,
2429 1542 2517 1597 alii
2549 1558 2676 1598 vero
2702 1545 2850 1599 nullo
2883 1558 3103 1618 accepto
3132 1553 3305 1620 pretio
3330 1553 3615 1613 dederunt.

2022 1630 2079 1686 Si
2108 1632 2303 1688 minori
2333 1645 2514 1691 autem
2547 1638 2718 1705 pretio
2745 1640 2953 1697 tradere
2976 1646 3208 1700 ostendit
3232 1665 3390 1716 quam
3416 1652 3486 1706 sit
3512 1657 3618 1711 vile

2020 1724 2162 1793 quod
2200 1725 2483 1781 venditur:
2514 1729 2664 1784 nullo
2694 1729 2819 1786 dato
2845 1735 3017 1803 pretio
3057 1738 3321 1808 accipere,
3372 1744 3466 1797 sed
3497 1744 3616 1802 sine

2019 1816 2210 1885 pretio,
2253 1818 2425 1873 multo
2452 1821 2643 1891 magis.
2694 1822 2808 1878 Hoc
2856 1841 2985 1897 ergo
3012 1828 3140 1885 dicit
3168 1848 3183 1887 :
3214 1832 3445 1891 Perinde
3475 1852 3539 1893 ac
3566 1840 3615 1895 si

2019 1905 2180 1960 homo
2210 1908 2471 1979 quispiam
2496 1913 2655 1967 rebus
2678 1914 2787 1969 suis
2816 1917 2968 1971 cedat
2991 1922 3107 1975 sine
3132 1924 3325 1991 pretio,
3352 1926 3423 1981 ita
3449 1929 3613 1986 etiam

2019 1999 2133 2068 ipse
2167 2016 2265 2055 nos
2307 2009 2577 2073 tamquam
2600 2006 2798 2061 nullius
2839 2011 2992 2078 pretii
3026 2012 3296 2081 dimisisti,
3330 2034 3426 2072 nos
3457 2020 3612 2077 valde

2015 2095 2405 2163 contempsisti.
2433 2096 2544 2151 lloc
2579 2099 2756 2168 itaque
2782 2103 3043 2172 signiﬁcat
3069 2109 3228 2163 etiam
3260 2126 3356 2181 per
3386 2112 3435 2167 id
3466 2116 3609 2184 quod

2016 2183 2285 2255 subjungit
2313 2204 2327 2239 :
2360 2187 2426 2240 Et
2469 2191 2687 2260 nonfuit
2731 2195 3006 2250 multitudo
3046 2198 3098 2252 in
3133 2183 3609 2263 commutationibus

2017 2277 2239 2341 nostris;
2282 2276 2385 2333 hoc
2432 2290 2532 2344 est,
2575 2282 2631 2335 In
2681 2286 2950 2354 emptione
2980 2299 3181 2345 nostra.
3227 2292 3295 2347 Et
3323 2294 3444 2349 ideo
3473 2296 3608 2352 dicit

2015 2367 2171 2436 alius,
2220 2368 2289 2424 In
2322 2374 2690 2442 appretiatione
2730 2388 2925 2446 nostra,
2970 2381 3020 2435 id
3056 2393 3159 2451 est,
3219 2384 3272 2440 in
3303 2388 3607 2445 venditione

2016 2471 2217 2517 nostra.
2266 2464 2502 2521 Pretium
2554 2469 2696 2523 enim
2754 2480 2838 2526 est
2881 2477 3411 2552 permutatio:saepe
3461 2485 3603 2539 enim

2013 2566 2229 2607 servum
2264 2554 2476 2624 damus,
2520 2567 2575 2612 et
2620 2574 2809 2616 aurum
2848 2564 2931 2618 vel
2971 2577 3248 2637 argentum
3290 2573 3602 2644 accipimus.

2014 2645 2102 2699 14.
2138 2643 2363 2700 Posuisti
2404 2666 2494 2702 nos
2524 2652 2853 2720 approbrium
2880 2657 3053 2712 vicinis
3079 2662 3288 2728 nostris,
3321 2643 3605 2722 subsanna-

2014 2738 2197 2791 tionem
2225 2748 2268 2792 et
2295 2740 2517 2795 derisum
2547 2744 2607 2796 iis
2636 2748 2723 2815 qui
2751 2748 2805 2800 in
2844 2749 3058 2804 circuitu
3087 2763 3259 2809 nostro
3288 2768 3425 2811 sunt.
3452 2760 3603 2815 Alius

2012 2830 2159 2896 dicit,
2192 2830 2444 2900 Pompam
2474 2836 2537 2889 iis
2578 2839 2663 2907 qui
2691 2840 2743 2891 in
2770 2839 2987 2894 circuitu
3013 2854 3184 2899 nostro
3210 2858 3346 2901 sunt.
3381 2850 3469 2904 15.
3502 2848 3603 2904 Ρο-

2010 2923 2153 2976 suiin
2173 2941 2264 2979 nos
2286 2926 2336 2978 in
2365 2928 2659 2995 parabolam
2688 2930 2743 2984 in
2764 2933 3013 3001 gentibus.
3044 2934 3217 2993 Grave
3238 2949 3319 2995 est
3347 2940 3449 2997 hoc
3472 2958 3602 3013 sup-

2009 3015 2225 3084 plicium
2270 3027 2325 3073 et
2368 3018 2727 3089 intolerabile,
2782 3024 2849 3079 ab
2899 3026 3072 3096 impiis
3112 3032 3343 3087 maxime
3390 3035 3599 3103 probris

2008 3106 2168 3174 allici,
2197 3108 2265 3162 ab
2300 3109 2527 3165 inimicis
2559 3111 2675 3167 hinc
2706 3115 2833 3184 pati,
2878 3132 2998 3172 esse
3027 3119 3371 3178 circumcirca
3401 3126 3489 3195 qui
3516 3128 3600 3182 in.

2007 3200 2223 3264 sultent,
2248 3211 2300 3254 et
2330 3201 2563 3273 undique
2589 3206 2857 3261 circumiri
2888 3208 2955 3263 ab
2985 3210 3049 3264 iis
3077 3213 3165 3281 qui
3208 3216 3400 3283 probra
3441 3218 3595 3290 inge-

2009 3296 2150 3343 runt.
2186 3291 2322 3357 Quid
2358 3302 2440 3349 est
2482 3303 2660 3349 autem
2703 3298 2950 3365 parabola
2972 3300 2996 3353 ?
3020 3300 3285 3371 Narratio,
3316 3307 3592 3376 probrum.

2006 3381 2176 3437 Erant
2222 3384 2363 3438 enim
2402 3385 2750 3443 circumcirca
2782 3390 2999 3460 quidam
3036 3395 3300 3461 scelerati,
3334 3400 3593 3472 nulloque

2004 3490 2167 3531 sensu
2197 3478 2425 3547 praediti,
2453 3481 2541 3549 qui
2568 3496 2672 3536 non
2700 3482 2874 3538 solum
2918 3501 3024 3540 non
3054 3489 3464 3560 miserebantur,
3493 3496 3590 3552 sed

2004 3567 2213 3636 probris
2251 3570 2409 3625 etiam
2454 3582 2509 3626 et
2549 3574 2886 3631 contumeliis
2938 3577 3260 3650 afﬁciebant,
3314 3587 3456 3657 quod
3498 3603 3595 3646 eos

2005 3661 2234 3715 maxime
2262 3663 2509 3733 angebat.
2534 3664 2657 3719 Mihi
2684 3675 2861 3722 autem
2889 3669 3099 3726 videtur
3127 3674 3215 3729 hic
3251 3675 3429 3733 dicere
3450 3681 3591 3736 Ara-

2003 3750 2119 3817 bas,
2163 3752 2252 3822 qui
2281 3770 2447 3825 prope
2473 3770 2567 3810 eos
2605 3756 2934 3815 habitabant.
2973 3761 3367 3822 Commotionem
3409 3773 3593 3843 capitis

2001 3844 2052 3897 in
2093 3846 2315 3915 populis.
2356 3846 2528 3914 Alius,
2565 3847 2998 3906 Transmotionem
3027 3871 3047 3910 :
3075 3855 3331 3912 llebrazus
3376 3871 3581 3930 autem,

2003 3934 2254 3991 Mauoud.
2286 3938 2381 3994 Vel
2428 3939 2530 3995 hoc
2554 3956 2683 4011 ergo
2708 3942 2855 4011 dicit,
2884 3944 3271 4005 Transmovisti
3319 3966 3455 4020 nos;
3502 3957 3587 4011 vel

2001 4043 2096 4097 per
2135 4038 2340 4098 gestum
2372 4040 2550 4087 motus
2574 4033 2766 4102 capitis
2793 4037 3027 4092 ostendit
3059 4039 3211 4096 valde
3237 4042 3466 4100 laetantis
3502 4046 3586 4102 in-

2000 4119 2300 4175 solentiam.
2327 4123 2412 4178 l6.
2446 4122 2573 4179 Tota
2598 4126 2683 4181 die
2718 4130 3018 4184 uerecundia
3045 4149 3154 4186 mea
3178 4145 3354 4189 contra
3381 4153 3460 4191 me
3484 4148 3583 4195 est.

1998 4211 2169 4276 Alius,
2191 4211 2479 4283 Ignominia
2498 4233 2624 4272 mea.
2658 4216 2728 4272 Et
2742 4222 2972 4293 confusio
2997 4226 3148 4293 faciei
3168 4243 3289 4281 mea:
3313 4233 3576 4301 coOperuit

1998 4318 2095 4366 me,
2134 4303 2217 4356 l7.
2250 4321 2281 4357 a
2307 4320 2423 4359 voce
2464 4309 2815 4377 exprobrantis
2859 4320 2905 4364 et
2931 4313 3262 4385 obloquentis.
3312 4319 3483 4386 Alius,
3513 4320 3584 4377 Et

1997 4393 2407 4465 blasphemantis.
2437 4398 2481 4451 A
2508 4402 2640 4469 facie
2664 4401 2854 4456 inimici
2880 4413 2926 4458 et
2949 4409 3305 4477 persequentis.
3334 4411 3461 4467 Huic
3488 4428 3584 4471 eos

1996 4486 2163 4553 magis
2184 4500 2341 4555 quam
2375 4489 2633 4558 supplicia
2661 4494 2990 4549 cruciabant.
3019 4496 3151 4565 Quia
3176 4501 3316 4555 enim
3344 4502 3423 4558 eis
3442 4518 3586 4560 sem-

1997 4596 2093 4651 per
2117 4591 2172 4637 et
2193 4583 2406 4639 assidue
2434 4586 2751 4642 eveniebant
2777 4605 2864 4644 res
2890 4593 3160 4662 secundm,
3183 4605 3237 4651 et
3260 4595 3442 4653 hostes
3464 4601 3581 4654 vin-

1995 4676 2208 4743 cebant,
2233 4678 2471 4732 omnium
2507 4689 2631 4736 tunc
2657 4696 2750 4736 ora
2794 4694 2976 4752 aperta
3013 4695 3283 4742 suntcum
3312 4689 3413 4759 ipsi
3439 4693 3582 4748 ceci-

1997 4766 2222 4834 dissent,
2252 4767 2541 4840 afﬁictique
2566 4780 2618 4826 et
2651 4775 2901 4843 prostrati
2931 4786 3149 4833 essent:
3179 4795 3279 4836 nec
3307 4783 3578 4853 reapirarc

1996 4860 2213 4930 quidem
2245 4870 2513 4930 poterant,
2540 4863 2636 4918 sed
2684 4874 2998 4935 perpetuum
3041 4871 3359 4939 supplicium
3387 4889 3583 4947 exspe-

1993 4953 2227 5006 ctabant.
2259 4952 2344 5008 18.
2378 4951 2502 5007 Haec
2525 4956 2693 5009 omnia
2718 4969 2955 5013 venerunt
2992 4976 3147 5032 super
3184 4980 3293 5027 nos,
3324 4982 3414 5020 nec
3437 4967 3580 5024 obliti

1992 5060 2166 5097 sumus
2191 5053 2255 5109 te,
2277 5054 2323 5098 et
2349 5045 2517 5115 inique
2541 5062 2644 5101 non
2663 5048 2853 5118 egimus
2882 5051 2934 5102 in
2956 5061 3251 5109 testamento
3276 5066 3380 5111 tuo.
3403 5058 3578 5127 Alius,

1997 5135 2109 5189 Nec
2143 5137 2377 5207 fraudem
2426 5139 2637 5209 fecimus
2678 5150 2825 5209 pacto
2872 5152 2975 5197 tuo.
3022 5143 3155 5214 Nos,
3212 5148 3403 5220 inquit,
3453 5153 3573 5207 aliis

1992 5230 2258 5284 contraria
2290 5232 2372 5285 via
2393 5230 2615 5301 ingressi
2642 5249 2847 5290 sumus.
2877 5234 2958 5290 Illi
2987 5238 3151 5301 enim,
3172 5252 3456 5314 antequam
3486 5261 3576 5301 res

1992 5320 2115 5375 ulla:
2132 5320 2372 5376 adversa:
2401 5324 2728 5392 evenissent,
2762 5331 3015 5397 prostrati
3061 5340 3184 5385 sunt
3212 5350 3225 5387 :
3253 5348 3353 5388 nos
3396 5345 3577 5394 autem

1992 5418 2114 5480 post
2133 5426 2223 5466 res
2248 5412 2499 5469 adversas
2521 5430 2815 5487 gravesque
2843 5418 3175 5477 calamitates
3210 5422 3368 5479 ﬁrmo
3392 5434 3447 5480 et
3475 5426 3580 5482 im-

1993 5501 2177 5558 mobili
2200 5504 2380 5559 animo
2408 5506 2767 5562 constitimus.
2798 5508 2925 5564 Haec
2951 5519 3128 5565 autem
3160 5510 3365 5579 dicunt,
3394 5526 3447 5569 ut
3469 5517 3571 5573 bo-

1992 5607 2115 5647 nam
2138 5608 2288 5664 spem
2313 5596 2616 5667 concipiant
2650 5598 2737 5668 qui
2764 5612 2885 5653 cum
2912 5600 2988 5656 eis
3017 5609 3139 5657 sunt
3168 5601 3463 5662 hortantes.
3511 5609 3579 5665 Et

1993 5684 2113 5740 ideo
2140 5699 2261 5739 cum
2304 5685 2487 5742 Daniel
2531 5696 2587 5742 et
2635 5697 2742 5744 tres
2769 5691 2919 5760 pueri
2963 5691 3187 5749 dicant:
3220 5696 3571 5768 Peccavimus,

1999 5779 2184 5850 injuste
2219 5780 2427 5852 fecimus
2452 5780 2610 5855 (Dan.
2645 5784 2695 5838 5.
2728 5782 2822 5855 29)
2851 5801 2864 5839 :
2913 5785 2966 5839 hi
2995 5788 3175 5844 dicunt
3203 5806 3217 5845 :
3248 5790 3367 5846 Non
3412 5794 3580 5866 inique
