4140 6356
467 342 569 400 179

469 455 658 530 egimus
699 450 754 507 in
801 456 1094 506 testamento
1125 455 1210 500 tuo
1237 459 1258 499 :
1283 440 1708 499 commilitonum
1752 434 1963 489 animos
1999 436 2056 486 et

466 520 687 618 spiritus
732 543 1048 598 excitantes.
1095 535 1154 593 Si
1204 536 1371 599 enim,
1416 531 1606 603 inquit,
1656 526 1885 583 maxima
1915 520 2057 593 passi

468 615 674 704 sumus,
704 647 761 693 et
789 635 856 690 ab
883 634 963 688 eis
987 630 1247 702 originem
1274 627 1539 686 ducimus,
1575 624 1663 693 qni
1696 620 1901 690 magnis
1929 615 2060 670 affe-

470 733 540 787 cti
572 738 698 786 sunt
734 727 1030 790 beneficiis,
1061 733 1115 780 et
1143 724 1195 777 in
1218 718 1611 777 calamitatibus
1649 715 1868 771 minime
1893 710 2061 767 decli-

473 823 742 887 navimns,
773 835 896 890 spes
921 828 1005 873 est
1033 815 1187 872 nobis
1225 827 1432 882 magna
1458 809 1665 865 salutis.

546 917 599 971 8.
641 913 793 982 Quod
828 927 958 982 ergo
983 910 1092 965 dixi
1127 923 1158 962 a
1201 905 1483 977 principio,
1528 903 1631 957 hoc
1672 912 1886 970 quoque
1923 908 2062 950 nunc

473 1009 616 1069 dico.
641 1023 736 1064 eos
756 1007 873 1061 vice
896 1001 1218 1075 precationis
1239 999 1345 1054 illis
1363 997 1563 1051 addere
1583 994 1811 1058 animos,
1845 987 2064 1075 perinde

477 1117 538 1158 ac
565 1103 608 1155 si
638 1103 717 1156 eis
747 1099 989 1154 dicereut
1027 1113 1041 1150 :
1083 1094 1328 1162 Quanam
1372 1089 1440 1144 de
1481 1102 1642 1143 causa
1682 1099 1832 1153 spem
1879 1071 2065 1136 salutis

478 1193 786 1264 abjecistis?
833 1190 998 1245 Deum
1030 1187 1291 1241 habemus
1327 1182 1419 1253 qui
1453 1196 1552 1236 nos
1579 1176 1821 1235 defendit
1864 1193 1878 1231 :
1929 1184 1984 1230 et
2021 1173 2066 1228 si

484 1288 607 1359 quid
637 1285 991 1358 peccavimus,
1023 1280 1153 1336 satis
1182 1289 1457 1348 pmnarum
1497 1272 1778 1346 pendimus
1809 1287 1824 1322 :
1865 1271 1918 1323 in
1952 1277 2067 1322 ten-

481 1379 768 1434 tationibus
807 1376 1012 1431 fortiter
1040 1370 1334 1428 restitimus
1376 1386 1390 1422 :
1433 1381 1554 1422 eum
1581 1364 1670 1435 qui
1695 1363 1853 1419 etiam
1877 1375 2066 1431 pecca-

481 1483 656 1530 torum
684 1485 898 1540 semper
924 1481 1106 1523 curam
1127 1464 1284 1534 gerit,
1315 1461 1417 1516 vite
1455 1460 1644 1514 ducem
1687 1457 1968 1518 habemus,
2017 1461 2072 1508 et

483 1566 604 1623 ideo
639 1564 811 1619 bonus
855 1560 1034 1616 exitus
1076 1566 1159 1612 est
1207 1554 1361 1609 nobis
1403 1553 1622 1607 omnino
1654 1545 2068 1619 exspectandus.

483 1655 620 1726 Quid
644 1662 729 1709 est
752 1662 930 1706 autem
956 1666 968 1701 :
1002 1647 1123 1702 Non
1145 1646 1316 1716 inique
1337 1643 1546 1715 fecimus
1563 1642 1617 1694 in
1637 1649 1930 1694 testamento
1951 1637 2074 1691 tuo?

487 1749 599 1805 Hoc
626 1756 729 1812 est,
757 1745 874 1800 Non
915 1743 1096 1812 inique
1129 1754 1228 1793 nos
1269 1737 1531 1806 gessimus
1571 1733 1622 1787 in
1667 1731 1732 1787 iis
1763 1745 1883 1800 quas
1921 1729 2074 1784 nobis

485 1839 686 1896 credita
714 1844 858 1902 sunt,
890 1833 986 1889 sed
1020 1847 1086 1887 ea
1115 1827 1351 1901 perfecte
1379 1823 1785 1882 custodivimus.
1815 1823 1911 1878 Est
1931 1822 2076 1877 enim

487 1933 714 1988 maxima
743 1926 1014 1996 iniquitas,
1041 1921 1256 1995 quando
1295 1919 1414 1992 quis
1452 1916 1840 1989 transgreditur
1882 1915 2075 1986 legem,

486 2041 605 2096 qua?
629 2021 885 2086 vindicat,
914 2033 1032 2088 qua:
1060 2029 1165 2069 non
1211 2013 1338 2068 sinit
1375 2018 1432 2066 ut
1457 2008 1544 2065 vel
1576 2025 1606 2064 a
1642 2005 1951 2079 pr0pinquis
1994 2006 2078 2060 in-

483 2117 624 2188 juria
653 2114 971 2174 afliciamur,
1001 2119 1056 2164 et
1086 2109 1270 2162 vitium
1299 2105 1575 2175 prohibet;
1619 2103 1832 2173 quando
1858 2101 1976 2170 quis
1997 2106 2083 2155 est

493 2211 732 2278 ingratus
771 2207 824 2258 in
864 2218 987 2259 cum
1029 2201 1118 2272 qui
1150 2209 1226 2254 tot
1256 2198 1410 2253 nobis
1445 2198 1582 2252 bona
1623 2194 1844 2266 prmbet.
1879 2191 1967 2248 19.
2013 2190 2081 2244 Et

490 2319 590 2358 non
621 2301 819 2355 recessit
843 2307 978 2352 retro
1000 2314 1087 2350 cor
1106 2306 1353 2349 nostrum.
1385 2291 1554 2356 Alius,
1587 2288 1707 2343 Non
1730 2287 1988 2341 abscessit.
2015 2283 2083 2337 Et

493 2410 594 2448 non
619 2390 882 2446 declinasti
921 2388 1122 2442 semitas
1164 2393 1363 2440 nostras
1409 2401 1440 2436 a
1486 2381 1566 2435 via
1619 2389 1725 2432 tua.
1767 2377 1940 2443 Alius,
1975 2374 2084 2429 Nec

494 2485 740 2540 inclinata
767 2493 882 2536 sunt
908 2495 1022 2552 quae
1047 2496 1138 2532 nos
1167 2477 1390 2548 erigunt.
1420 2474 1593 2539 Alius,
1628 2471 1694 2524 Et
1725 2486 1826 2524 non
1855 2484 2085 2523 aversum

495 2586 568 2630 est
589 2583 722 2630 retro
748 2591 834 2628 cor
855 2583 1100 2636 nostrum,
1129 2585 1220 2624 nec
1244 2567 1561 2622 declinarunt
1587 2579 1785 2634 gressus
1808 2558 1966 2615 nostri
1984 2558 2082 2629 (a).

499 2667 651 2735 Quod
681 2665 828 2735 prius
855 2664 1009 2730 dixit,
1047 2661 1153 2716 hoc
1191 2659 1351 2716 etiam
1387 2657 1475 2713 hic
1503 2655 1654 2720 dicit,
1691 2667 1787 2709 eos
1833 2652 1886 2707 in
1929 2650 2089 2706 tantis

504 2759 766 2815 malorum
802 2754 1051 2810 ﬂuctibus
1092 2768 1160 2808 ne
1201 2749 1467 2805 tantillum
1497 2745 1711 2818 quidem
1744 2745 1922 2815 lapsos
1946 2757 2086 2798 esse.

502 2849 730 2907 Pulchre
767 2858 946 2902 autem
991 2845 1069 2900 sic
1117 2843 1267 2899 dicit.
1317 2838 1778 2907 Quemadmodum
1817 2837 1958 2892 enim
2004 2836 2091 2892 lex

500 2941 651 2997 ducit
679 2942 730 2994 in
773 2938 1063 3002 anteriora,
1109 2935 1178 2989 ita
1214 2934 1466 3004 iniquitas
1495 2941 1642 2986 retro
1685 2931 1942 2984 transfert
1983 2946 1996 2982 :
2038 2936 2095 2983 et

502 3029 948 3104 quemadmodum
976 3028 1069 3084 lex
1091 3025 1245 3096 jubet
1266 3035 1412 3081 recta
1437 3024 1520 3078 via
1565 3022 1791 3094 ingredi,
1829 3022 1901 3076 ita
1930 3021 2091 3076 etiam

505 3125 757 3198 iniquitas
806 3123 1037 3179 traducit
1084 3121 1358 3175 hominem
1397 3120 1452 3173 in
1493 3118 1670 3172 locum
1713 3116 1986 3171 desertum
2040 3124 2097 3171 et

507 3225 862 3278 inaccessum.
896 3217 1046 3272 Viam
1079 3231 1209 3286 ergo
1244 3214 1331 3269 hic
1357 3213 1489 3268 dicit
1516 3213 1709 3283 legem.
1735 3211 1866 3268 Illud
1891 3221 2092 3279 autem,

510 3311 811 3376 Declinasti,
843 3310 983 3381 quod
1028 3309 1117 3363 alii
1161 3307 1365 3373 dicunt,
1410 3304 1520 3360 Nec
1554 3305 1798 3359 inclinata
1841 3314 1957 3360 sunt
1984 3320 2098 3374 qua:

511 3423 602 3462 nos
629 3406 847 3475 erigant,
877 3420 909 3455 a
931 3403 1010 3455 via
1039 3410 1127 3454 tua
1159 3416 1176 3453 :
1207 3399 1464 3454 Hebr.eus
1489 3397 1638 3465 dicit,
1669 3395 1851 3453 Vatltet
1907 3398 2097 3454 asc/tu-

512 3515 635 3552 renu
661 3497 795 3550 mem“
823 3494 979 3548 orach
1005 3493 1106 3562 (ὁ).
1131 3489 1186 3547 Si
1219 3491 1338 3562 quis
1371 3500 1550 3546 autem
1582 3490 1710 3545 velit
1741 3491 1893 3561 sequi
1932 3491 2100 3548 inter-

513 3587 867 3660 pretationem
895 3583 1260 3653 Septuaginta,
1303 3590 1358 3637 et
1400 3597 1506 3636 non
1536 3582 1784 3645 aliorum,
1810 3581 1962 3646 illud,
1995 3581 2098 3636 De-

513 3683 718 3738 clinain
744 3680 948 3735 semitas
974 3686 1171 3732 nostras
1204 3692 1236 3729 a
1265 3675 1346 3730 via
1393 3683 1500 3739 tua,
1540 3673 1644 3730 hoc
1686 3684 1790 3738 est,
1839 3673 2028 3729 Procul
2066 3690 2098 3730 a

517 3775 716 3845 templo
744 3783 834 3826 tuo
863 3784 960 3825 nos
983 3766 1281 3834 collocasti,
1305 3775 1362 3820 et
1390 3765 1444 3819 in
1471 3765 1644 3820 aliena
1685 3771 1827 3819 terra
1864 3764 2102 3821 habitare

515 3867 712 3922 curasti
745 3884 756 3917 :
795 3862 938 3934 quod
974 3877 1079 3916 non
1115 3858 1480 3930 permittebat,
1514 3867 1568 3912 ut
1612 3855 1791 3912 cultus
1817 3872 2103 3928 peragere-

518 3971 621 4016 tur.
661 3958 754 4014 ΞΟ.
788 3957 1042 4026 Quoniam
1090 3952 1366 4008 humiliasti
1411 3968 1504 4006 nos
1548 3951 1602 4005 in
1642 3951 1752 4006 loco
1791 3950 2100 4022 aﬂlictionis.

519 4054 688 4118 Alius,
717 4051 781 4106 In
824 4051 934 4104 loco
970 4047 1271 4102 inltabitato.
1302 4045 1448 4100 Alius
1467 4083 1482 4109 ,
1511 4043 1579 4098 In
1606 4043 1716 4097 loco
1746 4042 2003 4097 Sirenum.
2035 4041 2105 4095 Et

518 4145 775 4217 coaperuit
822 4157 915 4195 nos
961 4138 1139 4193 umbra
1182 4136 1375 4191 mortis.
1427 4135 1599 4200 Alius,
1653 4132 1956 4188 Obstruxisti
1989 4150 2104 4191 nos.

521 4237 649 4292 llzcc
675 4232 805 4289 mihi
833 4245 954 4286 esse
983 4229 1196 4284 videtur
1221 4226 1525 4288 retributio,
1557 4240 1624 4280 eo
1652 4224 1793 4295 quod
1835 4224 2104 4294 superius,

519 4343 642 4382 cum
668 4325 806 4379 mala
830 4329 1128 4386 narrarent,
1160 4319 1402 4374 dicerent
1433 4334 1447 4372 :
1482 4316 1543 4370 Et
1569 4318 1797 4386 confusio
1817 4317 1967 4388 faciei
1987 4333 2110 4372 mea:

521 4414 781 4487 cooperuit
804 4430 903 4474 me,
931 4429 962 4466 α
988 4427 1107 4465 voce
1145 4409 1496 4481 exprobrantis
1523 4418 1567 4463 et
1592 4409 1939 4480 obloquentis:
1970 4408 2111 4475 Quo-

522 4511 658 4564 niam
681 4505 958 4561 humiliasti
991 4520 1102 4557 nos.
1135 4513 1138 4515 λ

600 4599 792 4656 Umbra
819 4595 993 4650 mortis
1017 4595 1139 4667 quid
1158 4594 1264 4649 ?—
1281 4592 1338 4649 Si
1364 4592 1483 4664 quis
1508 4593 1579 4648 ita
1618 4593 1884 4664 acceperit
1923 4601 1982 4648 nt
2020 4608 2109 4648 re-

527 4695 731 4750 feratur
754 4689 822 4745 ad
852 4687 1002 4752 illud,
1032 4685 1312 4740 Declinasti
1335 4685 1539 4740 semitas
1561 4694 1759 4740 nostras
1782 4701 1816 4738 a
1843 4685 1924 4738 via
1969 4695 2055 4739 tua
2094 4697 2114 4740 .‘

528 4785 690 4841 habet
720 4782 806 4837 hic
829 4777 1264 4850 consequentiam
1290 4776 1696 4832 convenientem
1736 4777 1916 4832 sensui
1955 4791 2112 4847 quem

463 4869 474 4886 ⁸
528 4877 780 4934 diximus.
809 4871 1084 4944 Signiﬁcat
1107 4870 1250 4925 enim
1281 4867 1549 4939 quomodo
1579 4883 1672 4923 eos
1697 4883 1726 4922 a
1755 4869 1854 4923 viis
1891 4869 2002 4924 suis
2032 4887 2117 4925 re-

531 4971 761 5044 pulerit;
789 4965 1018 5037 legibus,
1046 4964 1286 5033 inquam,
1309 4970 1364 5017 et
1383 4961 1669 5028 institutis;
1695 4976 1895 5031 eosque
1917 4962 1970 5016 in
1999 4960 2114 5017 loca

533 5065 746 5119 deserta
775 5057 1077 5122 abduxerit,
1119 5062 1175 5110 et
1215 5054 1355 5109 inter
1399 5052 1646 5108 inimicos
1680 5053 1963 5109 dimiserit.
2005 5053 2121 5109 Hoc

532 5155 678 5213 enim
721 5149 988 5223 signiﬁcat
1027 5145 1157 5203 illud
1200 5163 1214 5200 :
1256 5144 1527 5215 Cooperuit
1570 5161 1664 5198 nos
1701 5144 1880 5199 umbra
1907 5145 2120 5209 mortis;

537 5245 772 5321 pericula
791 5243 996 5304 dicens,
1019 5253 1140 5310 quas
1159 5246 1390 5294 mortem
1417 5236 1651 5308 pariunt,
1679 5246 1734 5293 et
1757 5237 1951 5309 quibus
1974 5253 2122 5296 mors

535 5352 622 5399 est
645 5338 907 5412 proxima,
939 5347 1047 5405 quo
1086 5345 1248 5387 sensu
1278 5330 1494 5386 dolores
1533 5331 1719 5386 mortis
1746 5339 1800 5386 et
1829 5324 2119 5387 inferorum

500 5493 504 5498 _
541 5442 724 5506 portas
751 5436 907 5484 vocat
932 5423 1229 5496 Scriptura.
1271 5420 1595 5477 Inevitabilia
1628 5432 1806 5477 autem
1833 5438 1954 5478 esse
1986 5424 2122 5477 mala

543 5529 631 5582 hic
657 5538 753 5596 per
791 5519 1038 5576 umbram
1070 5524 1126 5572 et
1152 5514 1544 5585 operimentum
1585 5514 1843 5584 ostendit,
1873 5531 1902 5570 a
1933 5516 2125 5587 quibus

629 5683 682 5739 a)
711 5688 821 5730 Haec
833 5675 1173 5739 interpretatio
1192 5681 1271 5739 est
1292 5673 1572 5736 Symmachi.

629 5698 658 5734 a
711 5688 821 5730 Hac
833 5683 1173 5739 interpretatio
1195 5683 1271 5722 eSt
1292 5683 1572 5736 symmacni.

607 5683 685 5807 ibi
717 5750 829 5807 πως
844 5738 1169 5807 pretertnjssa
1187 5735 1390 5807 fuerent
1402 5735 1640 5807 ttexaplis
1653 5740 1850 5792 nostris.
1867 5739 2130 5792 Hebraicus

537 5802 704 5860 textus
720 5808 791 5855 sic
813 5802 910 5856 hab
925 5812 994 5869 et,
1014 5803 1168 5878 ΤΗΝ
1187 5802 1286 5854 τινε
1303 5803 1477 5857 ὋἾΨΝ
1496 5806 1630 5856 nm.

1243 326 1303 382 S.
1341 321 1623 381 JOANNIS
1655 307 2127 373 CllRYSOS'l‘OMl
2166 304 2484 365 ARCHIEP.
2525 302 3059 362 CONSTANTiNOP.

3651 303 3754 362 £80

2163 441 2266 482 nec
2293 425 2534 492 liberari,
2563 443 2662 482 nec
2682 429 2764 483 vel
2791 429 3074 486 minimum
3097 429 3316 499 quidem
3344 425 3612 497 respirare
3640 441 3756 496 pos-

2161 524 2300 576 sent.
2327 519 2419 575 Si.
2451 520 2514 575 Si
2533 521 2675 575 obliti
2697 538 2870 576 sumus
2891 537 3073 576 nomen
3095 520 3194 576 Dei
3213 521 3393 585 nostri,
3427 519 3539 574 etsi
3571 535 3759 592 expan-

2163 614 2329 669 dimus
2357 631 2536 668 manus
2561 625 2759 670 nostras
2782 617 2851 669 ad
2893 619 3041 670 deum
3078 616 3303 669 alienant
3330 629 3350 668 :
3376 612 3470 667 Ἡ.
3508 614 3758 682 numquid

2164 706 2302 761 Deus
2331 709 2545 776 requiret
2574 707 2707 761 ista?
2734 707 2857 778 Ipse
2895 708 3029 762 enim
3073 707 3210 760 novit
3238 704 3533 759 abscondita
3561 705 3752 760 cordis.

2165 799 2276 854 Hoc
2304 805 2386 855 est
2415 799 2676 854 bonorum
2707 813 3004 860 servormn,
3028 798 3169 854 male
3195 797 3462 869 patientes
3479 795 3757 851 dominmn

2165 892 2347 946 colere
2373 899 2426 946 et
2453 904 2799 960 perseverare
2834 909 2845 944 :
2887 890 3005 946 hinc
3032 898 3160 946 sunt
3185 890 3504 945 documenta
3526 886 3761 959 philoso-

2170 984 2330 1054 phiae.
2365 983 2462 1038 llic
2491 983 2650 1038 etiam
2676 985 2874 1039 docent
2901 983 3192 1047 auditores,
3225 997 3332 1037 non
3356 981 3632 1047 simulare,
3662 981 3757 1036 sed

2168 1078 2336 1134 Deum
2369 1087 2480 1131 toto
2505 1077 2669 1133 corde
2689 1077 2936 1132 adorare.
2964 1076 3119 1132 Novit
3143 1077 3311 1142 enim,
3335 1077 3524 1146 inquit,
3549 1076 3762 1130 abscon-

2169 1169 2277 1222 dita
2297 1168 2484 1222 cordis.
2504 1167 2630 1222 Hmc
2650 1177 2828 1222 autem
2857 1167 3060 1234 dicunt,
3085 1167 3207 1221 illos
3229 1176 3514 1230 terrentes,
3543 1182 3612 1221 ne
3633 1165 3761 1236 quid

2173 1261 2283 1316 Deo
2313 1262 2584 1332 indignum
2613 1261 2867 1331 cogitent.
2899 1261 3031 1316 Vide
3059 1269 3238 1315 autem
3269 1275 3517 1330 magnum
3549 1259 3764 1313 virtutis

2173 1353 2560 1408 incrementum
2587 1371 2601 1408 :
2633 1353 2905 1424 subiungit
2929 1353 3070 1407 enim
3096 1353 3282 1408 dicens
3312 1371 3324 1406 :
3359 1352 3611 1420 Quoniam
3641 1367 3764 1421 pro-

2175 1456 2285 1514 pter
2315 1455 2360 1499 te
2386 1446 2754 1514 mortiﬁcamur
2778 1453 2883 1498 tota
2908 1443 2990 1498 die
3006 1461 3024 1498 :
3048 1443 3283 1498 aestimati
3306 1459 3479 1497 sumus
3506 1445 3632 1497 sicut
3653 1459 3767 1497 oves

2175 1539 2459 1593 occisionis.
2493 1538 2737 1609 Magnum
2763 1547 2846 1594 est
2884 1537 3027 1592 enim
3057 1552 3274 1592 manere
3303 1537 3394 1592 Dei
3428 1537 3682 1602 cultores,
3713 1543 3770 1592 et

2176 1633 2242 1686 ad
2270 1631 2431 1685 alium
2460 1646 2565 1684 non
2585 1629 2848 1685 defecisse
2877 1647 2890 1682 :
2922 1628 3090 1684 multo
3119 1638 3295 1683 autem
3321 1627 3493 1698 majus
3515 1637 3620 1693 est,
3646 1642 3769 1684 cum

2179 1738 2326 1778 mors
2354 1722 2584 1786 assidue,
2614 1731 2668 1778 et
2696 1720 3003 1792 quotidiana
3052 1720 3286 1790 pericula
3317 1719 3652 1783 immineant,
3691 1729 3772 1773 ta-

2178 1815 2283 1870 lem
2313 1828 2636 1870 conservare
2661 1812 3022 1868 dilectionem.
3065 1809 3358 1867 Considera
3397 1819 3573 1866 autem
3600 1823 3774 1881 quan-

2183 1919 2294 1964 tum
2325 1909 2395 1962 sit
2417 1923 2585 1978 genus
2615 1906 2988 1977 philosophiae,
3019 1919 3139 1960 cum
3182 1904 3299 1974 ipse
3324 1918 3536 1974 quoque
3578 1903 3776 1958 Paulus

2182 2014 2249 2056 eo
2287 2008 2484 2063 utatur,
2533 1997 2945 2068 apostolicorum
2993 1996 3349 2066 periculorum
3395 1995 3654 2064 procellas
3696 1995 3772 2064 (a)

2183 2106 2507 2149 enumerans
2551 2091 2603 2144 in
2653 2089 2892 2160 Epistola
2929 2087 2996 2143 ad
3038 2087 3310 2143 Romanos
3338 2085 3516 2156 (Rom.
3563 2085 3617 2141 8.
3658 2085 3774 2153 36).
3848 2068 3853 2074 ’

2185 2185 2327 2253 Quot
2351 2201 2478 2256 ergo
2507 2184 2564 2238 hi
2591 2171 2806 2238 cbronis
2829 2181 2975 2252 digni
3017 2180 3232 2245 fuerint,
3269 2180 3483 2250 quando
3509 2180 3561 2234 in
3596 2177 3778 2234 Veteri

2187 2275 2533 2334 Testamento
2561 2274 2626 2331 ad
2657 2274 2899 2330 eamdem
2923 2287 3228 2329 mensuram
3259 2273 3626 2337 certaminum,
3659 2287 3780 2341 qua:

2189 2368 2528 2439 suscipienda
2553 2375 2709 2424 erant
2733 2366 2786 2421 in
2817 2366 2988 2433 Novo,
3025 2363 3405 2438 pervenerint?
3442 2363 3594 2431 Quod
3636 2367 3780 2418 cnim

2189 2463 2320 2519 dicit
2342 2461 2557 2528 Paulus,
2592 2460 2828 2527 Quotidie
2847 2459 3042 2515 morior
3067 2458 3143 2520 (1.
3170 2456 3290 2513 Cor.
3319 2459 3402 2514 15.
3426 2454 3541 2528 3|),
3570 2457 3622 2511 hi
3650 2471 3782 2526 quo-

2191 2569 2297 2624 que
2312 2553 2528 2619 dicunt,
2562 2566 2667 2607 non
2697 2551 3022 2621 experientia
3041 2589 3057 2617 ,
3087 2565 3184 2605 nec
3213 2560 3436 2615 eventu,
3459 2549 3554 2605 sed
3579 2549 3780 2604 animo.

2192 2646 2370 2713 Quare
2407 2653 2586 2700 autem
2617 2642 2765 2711 dicit,
2796 2641 3014 2713 Pr0pter
3035 2641 3122 2695 te?
3144 2641 3364 2697 Licebat
3392 2641 3565 2707 nobis,
3588 2640 3780 2712 inquit,

2193 2740 2445 2808 deiicere,
2477 2754 2507 2794 a
2533 2739 2716 2810 patriae
2763 2737 3072 2807 reipublicae
3121 2735 3376 2791 institutis
3413 2735 3684 2801 recedere,
3729 2745 3786 2791 et

2196 2842 2341 2890 tutos
2365 2847 2506 2897 esse,
2533 2833 2628 2887 sed
2653 2831 2921 2886 malumus
2952 2830 3093 2886 male
3121 2831 3252 2901 pati,
3275 2841 3325 2886 et
3349 2830 3519 2901 patria
3548 2829 3785 2885 instituta

2197 2942 2436 2994 servare,
2464 2941 2622 2998 quam
2656 2934 2935 2996 postquam
2963 2939 2992 2978 a
3019 2923 3206 2995 patriis
3235 2923 3491 2978 institutis
3516 2924 3785 2979 excideri-

2200 3036 2339 3086 mus,
2373 3021 2426 3076 in
2459 3035 2589 3091 pace
2616 3019 2778 3073 vitam
2808 3033 2988 3088 agere.
3017 3015 3284 3072 Estimati
3314 3032 3490 3071 sumus
3514 3017 3640 3070 sicut
3676 3032 3790 3071 oves

2200 3113 2490 3168 occisionis.
2539 3111 2671 3166 Tam
2719 3109 2894 3176 facile,
2937 3109 3126 3179 inquit,
3168 3121 3267 3162 nos
3310 3107 3640 3162 interimunt.
3693 3108 3790 3163 llic

2200 3221 2378 3266 autem
2425 3209 2659 3266 ostendit
2701 3225 2890 3265 eorum
2929 3209 3410 3265 mansuetudinem.
3459 3207 3564 3265 Sed
3609 3218 3786 3262 tamen

2200 3298 2443 3376 quamvis
2483 3305 2652 3359 simus
2697 3314 2803 3358 tam
2845 3303 3000 3359 facile
3041 3304 3292 3374 expositi,
3331 3303 3485 3359 firmo
3513 3312 3690 3358 tamen
3735 3313 3793 3357 et

2204 3396 2468 3452 immobili
2497 3397 2680 3450 animo
2708 3410 3108 3467 permanemus.
3147 3395 3244 3451 Hic
3269 3395 3431 3451 etiam
3460 3394 3583 3465 jure
3621 3393 3794 3448 admi-

2202 3489 2368 3543 randa
2395 3495 2480 3543 est
2505 3487 2597 3542 Dei
2628 3489 2884 3557 potentia,
2915 3487 3057 3557 quod
3082 3501 3177 3544 eos
3204 3487 3297 3558 qui
3334 3496 3604 3557 tamquam
3645 3486 3792 3541 occi-

2203 3578 2370 3634 sionis
2394 3593 2524 3634 oves
2559 3585 2715 3633 erant
2739 3579 2991 3649 expositi,
3019 3577 3437 3641 conservaverit,
3467 3586 3523 3632 et
3557 3575 3796 3647 quotidie

2203 3669 2495 3725 morientes
2511 3684 2618 3724 non
2631 3669 2816 3726 siverit
2836 3669 2888 3724 in
2907 3677 3133 3725 mortem
3147 3669 3403 3724 incidere.
3422 3667 3515 3724 2'5.
3535 3666 3792 3738 Exsurge,

2205 3777 2364 3834 quare
2410 3761 2685 3827 obdormis,
2725 3761 2978 3816 Domine?
3027 3762 3195 3827 Alius,
3231 3760 3402 3828 Quare
3443 3775 3495 3814 es
3540 3767 3798 3829 tamquam

2206 3855 2461 3911 dormiens
2479 3856 2504 3910 ?
2522 3856 2692 3922 Alius,
2713 3855 3092 3927 Expergiscere.
3112 3854 3280 3919 Alius,
3307 3854 3520 3926 Evigila.
3543 3852 3795 3922 Exsurge,

2209 3957 2257 4002 et
2282 3964 2344 4002 ne
2368 3948 2584 4017 repellas
2610 3948 2663 4001 in
2687 3947 2856 4018 ﬁnem.
2887 3946 2978 4001 24.
3010 3946 3179 4012 Quare
3201 3946 3383 4016 faciem
3411 3954 3548 3998 tuam
3577 3943 3800 3998 avertis?

2209 4040 2382 4105 Alius,
2409 4039 2710 4094 Abscondis.
2739 4039 3060 4094 Oblivisceris
3084 4039 3271 4106 inapite
3297 4047 3483 4092 nostra:
3510 4045 3557 4091 et
3589 4037 3802 4091 tribula-

2212 4133 2362 4188 tionis
2390 4133 2617 4188 nostraz?
2643 4133 2816 4199 Alius,
2850 4130 3066 4186 Malitia:
3093 4140 3298 4186 nostris.
3327 4128 3481 4199 Quod
3507 4138 3683 4185 autem
3714 4128 3802 4183 di-

2211 4225 2306 4292 cit,
2339 4231 2424 4280 est
2446 4223 2708 4294 ejusmodi
2747 4240 2761 4278 :
2797 4223 2956 4278 Potes
2985 4223 3124 4278 mala
3151 4222 3363 4279 solvere
3394 4237 3408 4276 :
3451 4236 3624 4292 neque
3655 4222 3799 4277 enim

2215 4325 2432 4388 propter
2456 4325 2601 4370 tuam
2628 4314 3068 4380 imbecillitatem,
3099 4313 3194 4370 sed
3221 4330 3286 4370 ex
3320 4324 3407 4369 tua
3447 4313 3802 4384 permissiono

2217 4409 2332 4464 haec
2349 4408 2499 4462 fiunt.
2514 4407 2774 4463 Somnum
2796 4405 2880 4460 hic
2895 4405 3023 4460 dicit
3038 4406 3300 4475 quietem;
3321 4405 3799 4468 exsurrectionem,

2217 4502 2655 4568 retributionem;
2687 4500 2878 4556 faciem
2903 4515 3054 4565 vero,
3089 4499 3495 4569 protectionem,
3519 4497 3804 4568 providen-

2219 4599 2368 4666 tiam,
2397 4613 2599 4663 curam,
2629 4596 2906 4651 auxilium.

2291 4691 2346 4746 9.
2387 4689 2492 4747 Cur
2508 4689 2812 4745 obliviscaris
2835 4688 3024 4758 inapite
3050 4686 3272 4740 nostrae?
3295 4682 3431 4740 Vide
3456 4695 3642 4738 rursus
3665 4682 3810 4753 pium

2221 4795 2276 4843 et
2297 4794 2507 4857 gratum
2539 4787 2796 4840 animum.
2828 4781 2945 4838 Non
2972 4780 3126 4845 dixit,
3160 4779 3325 4835 Recte
3363 4778 3657 4842 factorum;
3704 4792 3810 4830 non

2222 4881 2377 4945 dixit,
2409 4879 2588 4934 Animi
2616 4877 2756 4932 firmi
2801 4884 2858 4932 et
2894 4874 3216 4938 immobilis;
3261 4885 3366 4926 non
3411 4868 3564 4934 dixit,
3602 4867 3814 4924 Anima:

2225 4971 2461 5044 probatae
2485 4970 2539 5026 in
2570 4966 2954 5025 tentationibus
2991 4981 3005 5018 :
3049 4963 3145 5020 sed
3177 4961 3392 5034 quando
3429 4958 3647 5031 quidam
3695 4971 3817 5013 sese

2227 5071 2474 5136 purgant,
2503 5063 2588 5118 illa
2613 5067 2848 5133 ponunt;
2877 5057 3094 5130 quando
3115 5065 3290 5110 autem
3323 5061 3512 5125 petunt
3535 5051 3814 5116 auxilium,

2226 5172 2294 5212 ex
2318 5157 2385 5212 iis
2409 5165 2467 5211 ut
2493 5153 2631 5211 salvi
2675 5153 2808 5208 ﬁant
2847 5151 3140 5224 postulant,
3172 5164 3239 5203 ex
3282 5147 3475 5218 quibus
3503 5145 3539 5200 ii
3566 5145 3655 5214 qui
3695 5153 3820 5201 sunt

2227 5247 2591 5305 condemnati.
2618 5244 2908 5312 Quoniam,
2949 5240 3142 5311 inquit,
3173 5239 3304 5294 satis
3343 5251 3622 5308 pmnarum
3649 5235 3819 5291 dede-

2230 5350 2376 5408 runt,
2404 5337 2654 5411 quoniam
2684 5346 2926 5394 extrema
2959 5332 3102 5407 passi
3128 5341 3273 5389 sunt.
3311 5331 3426 5388 Hoc
3468 5331 3634 5387 etiam
3676 5343 3820 5399 saepe

2295 5558 2368 5620 (a)
2401 5563 2453 5606 1n
2473 5563 2636 5606 Grteco
2654 5592 2668 5612 ,
2707 5559 2774 5605 τὰς
2795 5554 2945 5611 νιφάδες
2963 5561 3033 5597 τῶν
3052 5553 3299 5594 itas-solum
3333 5546 3516 5591 κινδύνων.
3678 5545 3825 5585 νοοα

2233 5619 2428 5674 melius,
2451 5629 2560 5667 mea
2578 5615 2781 5680 quidem
2799 5607 3073 5680 sententia,
3102 5599 3825 5680 verterentu‘rLapostotecoruzn

2236 5657 2561 5747 ἓὲἓὲἴὼῖἕιῆ
2579 5657 2959 5747 Filiabus"
2988 5657 3222 5747 fissis!
3250 5657 3825 5747 YB‘Efﬁizzritti’f-t

2236 5719 2899 5803 ἷιῖἱἸΕἱξέξὶιῇίῖἑόξῐόίιὶό
2908 5736 2959 5784 in
3003 5728 3242 5794 Epistolis,
3266 5733 3320 5777 ut
3339 5719 3640 5776 innumeram
3661 5719 3825 5772 multio

2242 5806 2455 5858 tudinem
2473 5801 2730 5868 signiticet.
