4140 6356
480 367 578 426 181

478 483 660 552 ελεγον
685 474 847 546 οὗτοι,
871 481 1082 536 οὐδέπω
1104 483 1230 556 περὶ
1245 481 1469 552 γεέννης
1507 479 1706 541 εἰδότες
1734 477 1904 536 οὐδὲν,
1929 471 2052 526 οὐδὲ

481 582 607 652 περὶ
640 580 932 648 βασιλείας,
955 581 1072 634 ούδὲ
1096 581 1318 635 τοιαῦτα
1349 577 1686 649 διδαχθέντες
1724 573 2055 644 φιλοσοφεῖν,

481 661 633 749 ῒιϋε]
654 679 745 731 καὶ
763 678 940 732 πάντα
958 677 1152 749 ἔφερον
1176 677 1393 749 ῥᾳδίως.
1426 677 1556 729 Ὅτι
1581 670 1942 737 ἐταπεινώθη
1971 671 2059 735 εἰς

479 777 632 848 χοῦν
666 779 704 844 ἡ
732 777 902 847 ψυχὴ
925 777 1091 846 ἡμῶν
1113 794 1126 808 °
1152 776 1456 855 ἐκοτίλήθη
1495 778 1584 840 είς
1615 773 1734 843 γῆν
1767 773 1805 840 ἡ
1826 770 2059 852 γαστὴρ

481 867 668 938 ἡμῶν.
687 869 901 939 Ἐπειδὴ
914 869 1020 940 γὰρ
1034 864 1204 923 εἶπεν·
1224 865 1620 933 Ἐπιλανθάνῃ
1640 863 1748 933 τῆς
1763 861 2058 931 πτωχείας

482 963 651 1031 ἡμῶν
673 980 686 994 '
727 966 973 1018 τουτέστι
1000 1005 1014 1029 ,
1045 965 1145 1034 τῆς
1189 962 1487 1026 κακώσεως
1505 1003 1520 1026 ,
1563 961 1711 1030 λέγει
1741 961 1932 1015 λοιπὸν
1956 960 2058 1030 τὴν

482 1061 745 1114 κάκωσιν.
801 1062 864 1114 Ὃ
903 1061 961 1115 δὲ
1001 1061 1172 1129 λέγει,
1227 1059 1387 1114 τοῦτό
1429 1060 1594 1112 ἐστιν·
1645 1056 2054 1126 Ἀπολώλαμεν,

483 1149 899 1222 κατωρύγημεν,
933 1149 1039 1204 τῶν
1061 1149 1270 1220 νεκρῶν
1296 1149 1448 1202 οὐδὲν
1473 1149 1694 1219 ἄμεινον
1712 1147 2052 1218 διακείμεθα.

481 1246 716 1310 Δικαίως
739 1246 782 1299 δ’
805 1246 870 1299 ἄν
899 1264 984 1310 τις
1005 1249 1147 1300 εἴποι
1173 1248 1267 1302 καὶ
1295 1246 1406 1300 τῶν
1427 1248 1541 1310 τοῖς
1562 1245 1800 1318 παροῦσι
1828 1259 2057 1315 προστε-

481 1344 725 1414 τηκότων
746 1343 844 1414 τὴν
863 1343 1060 1415 ψυχὴν,
1090 1346 1170 1408 εἰς
1200 1343 1328 1414 χοῦν
1351 1341 1800 1408 τεταπεινῶσθαι,
1832 1342 1926 1394 καὶ
1947 1340 2058 1392 τῶν

482 1441 910 1512 γαστριμάργων
969 1441 1051 1504 εἰς
1107 1441 1205 1512 τὴν
1255 1441 1358 1511 γῆν
1418 1437 1516 1510 τὴν
1570 1435 1813 1509 γαστέρα
1860 1436 2054 1491 κεκολ-

482 1537 547 1606 λῆ
556 1537 698 1592 σθαι.

553 1636 664 1690 Καὶ
695 1637 803 1708 γὰρ
827 1639 855 1691 6
890 1637 1053 1708 ἔρωτι
1078 1635 1519 1707 προσδεδεμένος,
1545 1635 1639 1688 καὶ
1663 1634 1798 1704 πρὸς
1828 1634 1919 1686 τὸν
1951 1651 2057 1703 πη-

482 1731 572 1786 λὸν
601 1732 866 1804 κεχηνὼς,
897 1733 992 1787 καὶ
1009 1734 1108 1804 τὴν
1135 1733 1425 1802 ἀσώματον
1450 1731 1680 1800 δύναμιν
1699 1731 1798 1800 τὴν
1820 1731 1878 1784 ἐν
1907 1728 2057 1800 αὐτῷ

483 1829 824 1884 καταδουλῶν
847 1832 912 1901 τῇ
937 1827 1134 1900 σποδῷ,
1163 1829 1390 1891 εἰκότως
1428 1828 1494 1881 ἃν
1516 1828 1691 1881 ταῦτα
1711 1827 1923 1895 λέγοιτο
1952 1826 2058 1879 πά-

485 1943 652 1996 σχειν.
700 1925 766 1979 Τί
806 1927 916 1996 γάρ
955 1928 1102 1979 ἐστιν
1133 1927 1260 1980 ἄλλο
1299 1925 1497 1989 κάλλος
1536 1925 1821 1996 σώματος,
1865 1925 1982 1980 ἀλλ’
2020 1924 2054 1994 ἢ

483 2021 611 2090 χοῦς
645 2023 739 2076 καὶ
767 2021 936 2093 πηλὸς
960 2065 974 2089 ,
1012 2022 1212 2093 μᾶλλον
1261 2023 1319 2075 δέ
1353 2023 1446 2075 καὶ
1473 2022 1682 2078 τούτων
1721 2021 2054 2093 εἰδεχθέστε-

485 2135 611 2189 ρον;
646 2119 709 2171 Et
750 2119 808 2172 δέ
841 2119 1107 2183 ἀπιστεῖς,
1160 2119 1525 2192 περιεργάζου
1553 2122 1679 2184 τοὺς
1712 2120 1918 2190 τάφους
1946 2117 2058 2172 τῶν

480 2213 807 2284 ἀνθρώπων,
841 2215 937 2269 καὶ
965 2215 1085 2286 ὄψει
1111 2217 1201 2272 16v
1228 2216 1399 2288 πηλὸν
1428 2217 1522 2271 καὶ
1549 2218 1649 2288 τὴν
1681 2217 1850 2271 κόνιν.
1884 2217 2054 2268 Ὅταν

481 2312 590 2384 γάρ
612 2311 882 2383 ἀποθῆται
902 2313 963 2366 16
995 2315 1285 2384 πρόσωπον
1312 2313 1412 2385 τὴν
1435 2312 1718 2382 παροῦσαν
1738 2313 1904 2384 ζωὴν,
1936 2313 2056 2367 τότε

484 2409 733 2479 φαίνεται
757 2411 891 2478 ὅπερ
922 2410 1068 2463 ἐστί·
1100 2410 1298 2482 μᾶλλον
1319 2410 1489 2464 δὲκαὶ
1519 2410 1623 2482 πρὸ
1648 2412 1747 2482 τῆς
1776 2412 2054 2484 τελευτῆς.

485 2507 655 2560 Ὅταν
682 2505 792 2577 γὰρ
811 2506 872 2559 τὸ
897 2507 1072 2580 γῆρας
1099 2506 1322 2579 ἐπέλθῃ,
1356 2507 1484 2560 όταν
1506 2508 1539 2578 ἡ
1563 2507 1720 2572 νόσος
1750 2509 2056 2582 ἐπισκήψῃ.

482 2603 605 2658 τότε
634 2603 754 2675 ἇψει
786 2603 849 2657 τὸ
883 2606 1206 2675 φαινόμενον
1227 2622 1239 2634 °
1269 2604 1442 2674 πηλὸς
1475 2605 1584 2675 γάρ
1617 2605 1766 2658 ἐστιν
1790 2623 1804 2636 ⁹
1839 2606 1956 2661 ἀλλ’
1983 2608 2058 2670 ὡς

487 2701 650 2771 σοφὸς
675 2699 1025 2773 δημιουργὸς,
1050 2701 1144 2755 καὶ
1172 2699 1232 2765 ἐξ
1254 2701 1505 2765 εὐτελοῦς
1534 2699 1668 2773 ὕλης
1693 2703 1887 2767 κάλλος
1920 2705 2058 2774 ἀμή.

484 2814 646 2868 χανον
674 2799 928 2869 ἐποίησεν
951 2797 1322 2866 ἐπιγενέσθαι,
1353 2798 1451 2868 οὐχ
1480 2798 1566 2852 ἵνα
1593 2799 1918 2874 πορνεύσῃς,
1942 2799 2057 2854 ἀλλ’

485 2895 573 2950 ἵνα
599 2895 698 2966 τῆς
713 2895 920 2959 οἰκείας
943 2895 1135 2964 σοφίας
1160 2893 1434 2960 ἀπόδειξίν
1463 2911 1544 2948 σοι
1568 2897 1934 2970 παράσχηται.
1966 2899 2058 2970 Μὴ

484 2991 664 3045 τοίνυν
710 2991 937 3063 ὑϐρίσῃς
970 2990 1060 3044 τὸν
1100 2991 1370 3062 τεχνίτην,
1415 2991 1550 3062 μηδὲ
1584 2993 1646 3046 τὸ
1686 2994 1847 3066 ἔργον
1893 2995 2058 3052 αὐτοῦ

485 3090 586 3160 τῆς
611 3090 820 3158 σοφίας,
856 3087 1144 3156 ἀσελγείας
1173 3089 1268 3141 καὶ
1297 3089 1552 3160 πορνείας
1592 3089 1848 3146 ὑπόθεσιν
1877 3092 2056 3149 ποιοῦ.

485 3188 664 3256 Μέχρι
709 3184 962 3239 τοσούτου
997 3183 1242 3255 θαύμαζε
1280 3185 1381 3256 τὴν
1419 3184 1594 3258 ὥραν,
1644 3187 1804 3260 μέχρι
1845 3189 1938 3243 τοῦ
1977 3191 2065 3244 δο-

487 3283 647 3349 ξάσαι
681 3283 771 3336 τὸν
799 3283 1070 3352 τεχνίτην,
1115 3282 1428 3354 περαιτέρω
1467 3283 1525 3346 δὲ
1565 3285 1640 3356 μὴ
1672 3285 1962 3360 προέλθῃς,
2000 3289 2064 3342 16

488 3377 659 3442 πάθος
697 3377 951 3448 ἀλείφων.
983 3378 1168 3433 Καλὸν
1193 3379 1254 3432 16
1274 3377 1433 3450 ἔργον
1455 3395 1469 3412 °
1497 3380 1694 3436 οὐκοῦν
1711 3384 1802 3437 τὸν
1826 3385 2064 3455 ἐργασά-

491 3491 651 3546 μενον
697 3478 1052 3546 προσκυνεῖν,
1097 3474 1214 3530 ἀλλ’
1257 3475 1354 3545 οὐχ
1404 3475 1647 3548 ὑϐρίζειν
1690 3480 1817 3552 χρή.
1861 3481 1928 3535 Εἰ
1954 3498 2060 3550 τις,

492 3569 614 3622 εἰπέ
646 3587 757 3640 μοι,
801 3571 1041 3641 χρυσοῦν
1063 3573 1356 3644 ἀνδριάντα
1383 3573 1538 3637 τινὸς.
1575 3575 1670 3628 καὶ
1695 3575 1880 3630 εἰκόνα
1911 3576 2064 3647 βασι-

491 3666 650 3739 λικὴν
675 3665 874 3731 λαϐὼν,
901 3668 1208 3739 κατῄσχυνε
1240 3668 1487 3741 βορϐόρῳ
1524 3672 1619 3724 καὶ
1652 3672 1860 3744 ἑτέροις
1890 3673 2063 3727 τοιούο

490 3779 638 3827 τοις.
665 3762 766 3815 οὐκ
801 3761 868 3816 ἂν
904 3763 1004 3834 τὴν
1047 3766 1286 3837 ἐσχάτην
1331 3767 1498 3821 ἔδωκε
1528 3769 1716 3840 δίκην;
1757 3771 1818 3825 Εἰ
1847 3771 1904 3825 δὲ
1936 3775 1964 3827 6
2007 3775 2064 3826 ἐν

488 3861 601 3923 τοῖς
646 3859 1006 3931 ἀνθρωπίνοις
1057 3873 1084 3901 ι
1139 3860 1408 3933 ἀγνώμων
1460 3865 1726 3934 τοσαύτης
1765 3867 2065 3935 ὑπεύθυνός

491 3961 608 4012 ἐστι
638 3959 934 4029 τιμωρίας,
968 3959 996 4012 ό
1037 3958 1100 4012 16
1140 3958 1301 4030 ἔργον
1334 3961 1426 4014 τοῦ
1458 3961 1594 4016 Θεοῦ
1633 3963 1871 4040 τοσαύτῃ
1905 3985 2064 4039 περι-

491 4054 670 4110 ϐαλὼν
707 4054 902 4127 ἀτιμίᾳ
927 4095 942 4120 ,
975 4055 1030 4108 τί
1064 4057 1352 4121 πείσεται,
1396 4059 1491 4112 καὶ
1526 4059 1759 4130 μάλιστα
1802 4061 1930 4116 ὅταν
1973 4065 2066 4118 καὶ

489 4155 725 4220 γυναῖκα
766 4152 904 4222 ἔχων
938 4151 1194 4224 φαίνηται
1231 4153 1260 4205 ό
1291 4153 1462 4209 ταῦτα
1497 4156 1665 4209 ποιῶν
1706 4157 1776 4225 ιδ;
1824 4159 1916 4231 Μὴ
1959 4161 2066 4234 γάρ

493 4263 584 4317 μοι
612 4247 735 4315 λέγε
765 4248 865 4319 τῆς
899 4247 1114 4317 φύσεως
1143 4249 1242 4320 τὴν
1287 4249 1602 4322 ἐπιθυμίαν.
1638 4250 1738 4304 Διά
1763 4253 1920 4307 τοῦτο
1959 4255 2067 4327 γὰρ

491 4341 668 4412 γάμος
713 4344 1033 4416 ἐπετράπη,
1075 4345 1163 4399 ἵνα
1211 4344 1286 4417 μὴ
1335 4345 1478 4417 πέρα
1525 4345 1634 4399 τῶν
1666 4347 1880 4402 οἰκείων
1925 4350 2067 4420 ὅρων

491 4437 813 4509 προϐαίνῃς.
860 4439 970 4492 Θέα
1014 4439 1124 4510 γάρ
1155 4440 1288 4511 ὅσης
1320 4441 1468 4506 ἄξιος
1525 4441 1620 4513 ἔσῃ
1669 4444 1957 4514 τιμωρίας.
2010 4447 2067 4499 '0

495 4532 596 4602 μὲν
616 4532 723 4605 γάρ
750 4534 882 4597 θεὸς
911 4537 1005 4589 καὶ
1029 4537 1130 4607 τῆς
1159 4537 1518 4602 ἀναπαύσεώς
1545 4557 1639 4593 σου
1667 4541 1761 4594 καὶ
1788 4541 1886 4613 τῆς
1911 4542 2069 4614 δόξης

493 4629 841 4700 προενόησεν,
867 4631 954 4682 ἴνα
985 4633 1079 4684 καὶ
1106 4632 1338 4704 ἐκλύσῃς
1366 4633 1466 4705 τὴν
1491 4634 1686 4688 λύτταν
1717 4637 1816 4708 τῆς
1855 4637 2070 4707 φύσεως

491 4723 581 4778 διὰ
627 4724 730 4795 τῆς
767 4726 1027 4794 γυναικὸς
1050 4766 1066 4789 ,
1100 4729 1195 4781 καὶ
1238 4728 1536 4793 ἀκινδύνως
1566 4730 1722 4786 τοῦτο
1757 4736 1945 4804 ποιῇς,
1974 4737 2065 4790 καὶ

492 4821 676 4893 πάσης
705 4821 1025 4894 ἀπαλλαγῇς
1053 4825 1457 4895 ἀσχημοσύνης.
1488 4827 1561 4881 Σὺ
1592 4827 1650 4881 δὲ
1680 4828 1770 4883 16v
1798 4831 1940 4885 οὕτω
1974 4850 2066 4886 σου

492 4918 828 4990 προνοοῦντα
850 4921 916 4975 ἐκ
936 4923 1249 4994 περιουσίας
1275 4922 1550 4995 ὑϐρίζεις
1577 4927 1714 4982 Εἰπὲ
1742 4929 1852 5002 γάρ
1881 4948 1991 5002 μοι,
2020 4935 2068 4986 εί

496 5013 574 5088 μὴ
599 5013 865 5089 ἐϐουλήθη
901 5017 1268 5090 νομοθετῆσαι
1305 5021 1503 5091 γάμον,
1531 5021 1704 5094 πόσην
1739 5024 1806 5079 ἂν
1831 5026 2069 5099 ὑπέστης

496 5109 650 5181 βίαν;
695 5112 870 5184 πόσην
905 5113 1158 5179 κόλασιν;
1197 5117 1326 5170 Δέον
1359 5111 1451 5170 οὖν
1501 5133 1560 5170 σε
1600 5119 1943 5192 εὐχαριστεῖν
1977 5126 2070 5179 καὶ

492 5203 755 5272 δοξάζειν,
783 5210 865 5262 ὃτι
894 5209 955 5263 16
983 5209 1143 5264 πλέον
1165 5210 1470 5282 ὑπετέμετό
1495 5229 1576 5266 σοι
1600 5214 1711 5268 τῶν
1741 5217 1938 5283 πόνων,
1965 5238 2072 5274 πα·

497 5303 766 5377 ραμυθίαν
797 5307 858 5360 ού
896 5306 994 5380 τὴν
1025 5307 1292 5378 τυχοῦσαν
1323 5309 1619 5382 ἐπινοήσας
1639 5352 1657 5377 ,
1685 5314 1751 5366 σὺ
1772 5312 1830 5368 δὲ
1858 5316 2072 5390 ἐνυϐρί-

495 5399 611 5466 ζεις
637 5403 989 5474 ἀγνωμόνως,
1002 5405 1096 5458 καὶ
1114 5407 1510 5476 ἁναισχυντεῖς,
1531 5407 1765 5473 καὶτοὺς
1786 5413 2071 5483 κειμένους

497 5496 841 5569 ὓπερϐαίνεις
853 5498 1004 5573 [159]
1021 5501 1202 5572 ὅρους,
1235 5503 1327 5556 καῖ
1350 5502 1447 5574 τὴν
1469 5504 1663 5558 ἑαυτοῦ
1693 5510 2071 5581 καταισχύνεις

544 5655 586 5731 '1‘
620 5652 818 5731 Ξιξοῖς
837 5657 1242 5731 “ww-Reg-

556 5713 758 5790 b-(Iolp.
801 5710 998 5779 γυναῖκα
1035 5710 1142 5786 εῂι,
1192 5710 1314 5787 Reg.
1366 5719 1458 5774 σοι
1488 5727 1600 5776 ὅταν
1633 5730 1830 5790 γυναῖκα
1853 5733 1881 5783 6
1922 5710 2072 5784 ταῦτά

495 5789 650 5825 ποιων
657 5789 900 5838 κεκτηται.

1177 355 1186 364 ’
1221 368 1280 424 S.
1314 360 1599 421 JOANNIS
1630 351 2127 418 CHRYSOSTOMI
2164 356 2482 417 ARCHIEP.
2520 357 3065 419 CONSTANTINOP.

3631 355 3736 418 £89

2159 471 2351 542 665ml;
2381 476 2495 530 Οὐκ
2523 477 2741 541 ἀκούεις
2780 477 2992 532 Παύλου
3022 477 3272 546 λέγοντος
3301 475 3392 529 καὶ
3413 474 3527 543 νῦν,
3553 477 3647 530 καὶ
3676 481 3736 534 ἐν

2158 568 2236 639 τῷ
2266 571 2416 642 μέσῳ
2456 571 2686 641 βοῶντος
2703 613 2720 638 ,
2753 575 3004 643 Φεύγετε
3036 573 3148 640 τὴν
3175 573 3459 642 πορνείαν
3483 615 3497 636 ,
3534 575 3735 644 μᾶλλον

2157 665 2214 718 δὲ
2259 665 2352 718 τοῦ
2391 668 2630 740 Χριστοῦ
2668 667 2762 720 τοῦ
2798 669 2898 739 τὴν
2948 669 3158 722 ἐκείνου
3201 667 3378 738 ψυχὴν
3421 667 3732 738 κινοῦντος;

2158 763 2224 816 Τί
2249 764 2685 835 καταμανθάνεις
2733 765 2928 830 κάλλος
2963 763 3276 836 ἀλλότριον;
3312 764 3365 818 τί
3396 767 3738 841 περιεργάζῃ

2159 859 2448 932 πρόσωπον
2482 861 2542 914 οὐ
2579 859 2708 924 σόν;
2758 860 2812 914 τί
2852 861 2992 932 φέρῃ
3032 859 3175 913 κατά
3205 859 3498 932 κρημνῶν;
3541 862 3596 914 τί
3622 866 3736 926 τοῖς

2158 955 2399 1020 δικτύοις
2423 955 2716 1027 ἐμϐάλλεις
2741 956 2936 1010 σαυτόν
2958 973 2974 1021 ;
3005 955 3254 1026 Τείχισόν
3286 973 3378 1009 σου
3405 957 3528 1020 τοὺς
3543 957 3732 1026 ὀφθαλ-

2161 1051 2333 1122 μοὺς,
2380 1051 2715 1122 περίφραξόν
2758 1068 2851 1105 σου
2892 1050 2954 1104 16
2994 1051 3184 1121 ὄμμα,
3223 1050 3364 1104 τίθει
3412 1050 3575 1121 νόμον
3621 1055 3736 1117 τοῖς

2156 1146 2474 1216 ὀφθαλμοῖς.
2514 1148 2778 1200 ’Ἄκουσον
2810 1146 3156 1210 ἀπειλοῦντος
3202 1145 3295 1199 τοῦ
3332 1146 3567 1216 Χριστοῦ
3590 1185 3606 1209 ,
3639 1149 3734 1201 καὶ

2155 1243 2256 1312 τὴν
2283 1242 2576 1297 ἀκόλαστον
2597 1241 2718 1312 ὄψιν
2741 1242 2800 1297 ὲν
2823 1243 2924 1312 ἴσῳ
2954 1241 3197 1313 μοιχείας
3226 1241 3524 1314 κρίνοντος.
3547 1242 3612 1294 Τί
3634 1241 3732 1313 τῆς

2155 1338 2348 1410 ἡδονῆς
2376 1337 2567 1408 ὄφελος
2587 1377 2602 1401 ,
2633 1340 2761 1392 ὅταν
2801 1336 3064 1408 σκώληκα
3088 1338 3285 1411 τίκτῃ;
3335 1339 3466 1392 ὅταν
3511 1339 3736 1410 διηνεκῆ

2158 1434 2350 1504 φόϐον;
2372 1434 2502 1487 ὅταν
2534 1433 2804 1487 ἀθάνατον
2834 1433 2914 1503 τῷ
2944 1433 3206 1504 δράσαντι
3237 1435 3545 1506 τιμωρίαν;
3577 1435 3738 1504 Πόσῳ

2158 1530 2364 1601 βέλτιον
2397 1531 2586 1602 μικρὸν
2645 1530 3012 1600 ἀνασχόμενον
3037 1529 3141 1598 τῆς
3183 1529 3304 1600 βίας
3345 1531 3446 1599 τῆς
3487 1531 3597 1584 ἀπὸ
3626 1531 3737 1585 τῶν

2155 1627 2440 1713 ἡμετέρων
2454 1626 2746 1697 λογισμῶν,
2761 1625 3051 1689 διαπαντὸς
3065 1629 3122 1679 ἐν
3139 1625 3319 1679 ἀνέσει
3338 1621 3497 1692 εἶναι,
3525 1627 3559 1698 ἢ
3579 1627 3738 1696 όλίγα

2157 1725 2518 1795 χαρισάμενον
2541 1724 2662 1785 ταῖς
2687 1723 2909 1785 ἀτόποις
2937 1721 3257 1791 ἐπιθυμίαις
3285 1721 3529 1775 ἀθάνατα
3559 1740 3734 1794 τιμω-

2161 1819 2401 1890 ρεῖσθαι;
2424 1818 2521 1887 Μὴ
2553 1818 2756 1880 τέκνα,
2783 1816 2870 1887 μὴ
2904 1816 3123 1871 ποιεῖτε
3155 1818 3337 1881 οὕτως
3361 1834 3374 1848 ·
3403 1821 3513 1872 οὐκ
3541 1817 3736 1888 ἀγαθὴ

2156 1916 2194 1984 ἡ
2221 1915 2372 1984 ἀκοὴ
2389 1957 2404 1980 ,
2431 1914 2511 1984 ἣν
2534 1915 2649 1986 ἐγὼ
2673 1915 2872 1971 ἀκούω
2894 1913 3026 1983 περί
3055 1913 3238 1984 ὑμῶν.
3268 1913 3398 1968 Οἶδα
3424 1915 3558 1986 πρὸς
3583 1917 3737 1980 τίνας

2155 2012 2184 2064 ὁ
2229 2011 2385 2080 λόγος
2423 2012 2801 2074 ἀποτείνεται,
2847 2010 2909 2064 οὐ
2959 2009 3093 2081 πρὸς
3123 2011 3368 2075 ἅπαντας
3395 2027 3408 2039 ⁶
3446 2011 3560 2065 ἀλλ’
3606 2012 3734 2066 ἔνθα

2157 2109 2224 2164 ἂν
2263 2109 2394 2182 εὕρῃ
2428 2109 2490 2163 16
2533 2109 2775 2179 τραῦμα,
2832 2109 2950 2161 ἐκεῖ
2996 2109 3191 2176 ἐπάγει
3226 2108 3286 2160 τὸ
3321 2107 3632 2180 φάρμακον.
3667 2108 3735 2162 Τί

2157 2207 2247 2260 τὸν
2279 2207 2455 2276 γάμον
2492 2204 2770 2272 ὑϐρίξεις;
2800 2203 2853 2256 τί
2883 2203 2980 2274 τὴν
3005 2203 3162 2274 εὐνὴν
3196 2205 3436 2270 ἀδικεῖς;
3469 2205 3522 2258 τί
3546 2204 3606 2258 τὺ
3641 2203 3736 2275 μὲ-

2157 2298 2248 2362 λος
2273 2297 2335 2350 τὸ
2367 2298 2458 2350 σὸν
2491 2295 2858 2368 ἐπηρεάζεις;
2897 2297 2949 2349 τί
2982 2295 3079 2366 τὴν
3118 2296 3276 2362 δόξαν
3317 2315 3408 2349 σου
3446 2294 3738 2367 καταισχύ-

2157 2409 2300 2457 νεις;
2329 2394 2602 2463 Ἔκκοψον
2635 2394 2696 2446 16
2731 2391 2920 2458 πάθος,
2953 2392 3111 2446 ἄνελε
3149 2393 3247 2456 τὰς
3277 2393 3508 2464 τρυφάς.
3542 2393 3738 2464 Τρυφὴ

2158 2491 2251 2543 καὶ
2298 2490 2434 2561 μέθη
2467 2489 2642 2561 πηγαί
2681 2489 2956 2560 πορνείας.
2993 2489 3089 2542 Ἂν
3131 2491 3197 2561 τῇ
3234 2490 3416 2543 ἀνέσει
3447 2488 3522 2561 μὴ
3554 2491 3739 2562 χρήσῃ

2157 2587 2237 2649 εἰς
2275 2585 2412 2650 δέον,
2469 2581 2664 2654 ἐπάγει
2700 2603 2781 2639 σοι
2823 2584 3019 2655 θλίψιν.
3055 2587 3320 2640 Ἀκουσον
3359 2587 3410 2640 τί
3445 2587 3646 2641 ἔπαθον
3683 2590 3734 2641 οἰ

2170 2682 2408 2736 Ἰουδαῖοι
2434 2680 2851 2754 πορνεύσαντες,
2877 2683 2927 2736 οἱ
2957 2683 3031 2754 μὴ
3062 2682 3456 2754 μεταλαϐόντες
3486 2682 3736 2755 σώματος

2159 2778 2415 2852 Χριστοῦ,
2435 2781 2482 2832 οἰ
2501 2779 2779 2852 τραπέζης
2811 2781 2885 2851 μὴ
2910 2779 3314 2844 ἀπολαύσαντες
3335 2779 3732 2850 πνευματικῆς.

2157 2877 2325 2946 Μηδὲ
2344 2878 2746 2946 πορνεύωμεν,
2767 2877 2920 2947 φησὶ,
2945 2876 3136 2941 καθώς
3155 2893 3315 2941 τινες
3336 2876 3534 2930 αὐτῶν
3555 2877 3734 2944 ἐπόρ-

2157 2988 2390 3028 νευσαν
2406 3013 2423 3040 ,
2462 2975 2559 3028 καὶ
2600 2974 2826 3027 ἔπεσον
2857 2974 2928 3026 ἐν
2956 2973 3066 3043 μιᾷ
3102 2973 3292 3043 ἡμέρᾳ
3339 2973 3534 3028 εἴκοσι
3580 2973 3736 3042 τρεῖς

2161 3069 2446 3140 χιλιάδες.
2497 3070 2768 3136 Ἀνάστα,
2820 3071 3016 3138 Κύριε,
3049 3069 3368 3138 βοήθησον
3420 3069 3587 3139 ἡμῖν.
3633 3071 3734 3124 καὶ

2160 3166 2460 3234 λύτρωσαι
2484 3166 2640 3235 ἡμᾶς
2664 3166 2871 3221 ἕνεκεν
2897 3166 3004 3220 τοῦ
3027 3168 3318 3235 ὀνόματός
3347 3181 3486 3222 σου.
3519 3163 3737 3229 Ἄλλος,

2161 3265 2238 3316 Στ
2246 3261 2341 3330 ἦθι
2354 3262 2938 3331 ἀντιλαμϐανόμενος
2955 3261 3143 3331 ἡμῶν,
3161 3261 3260 3316 καί
3269 3262 3454 3331 ῥῦσαι
3467 3260 3625 3331 ἡμᾶς
3638 3262 3740 3317 διὰ

2160 3359 2230 3412 τύ
2266 3358 2439 3425 ἔλεός
2476 3374 2614 3414 σου.
2657 3361 2798 3430 Ὅρα
2838 3357 2942 3412 ποῦ
2997 3359 3088 3413 τὸν
3135 3358 3292 3428 λόγον
3343 3357 3734 3412 κατέκλεισαν·

2167 3453 2310 3524 μετά
2341 3454 2513 3526 μυρία
2544 3453 2724 3508 αὐτῶν
2751 3453 3171 3526 κατορθώματα,
3195 3453 3358 3508 πόθεν
3387 3453 3595 3518 ἀξιοῦσι
3630 3452 3739 3506 σώ-

2164 3551 2388 3616 ζεσθαι;
2423 3549 2556 3604 Ἀπὸ
2583 3551 2786 3614 ἐλέους,
2801 3551 2907 3603 ἀπὸ
2931 3550 3360 3622 φιλανθρωπίας,
3379 3551 3466 3604 διά
3479 3551 3540 3604 16
3565 3549 3738 3622 ὄνομα

2163 3644 2256 3699 τοῦ
2296 3645 2452 3699 Θεοῦ.
2501 3645 2566 3698 Τί
2601 3648 2775 3709 ἐστιν,
2809 3646 3064 3703 Ἕνεκεν
3101 3646 3208 3700 τοῦ
3249 3647 3540 3715 ὀνόματός
3579 3660 3737 3708 σονς

2165 3743 2283 3798 Ἵνα
2316 3744 2391 3814 μὴ
2423 3742 2555 3796 αὐτὸ
2582 3741 2884 3816 βεϐηλωθῇ,
2913 3743 2943 3796 6
2971 3743 3064 3796 καὶ
3085 3742 3248 3806 αὐτὸς
3282 3741 3541 3805 πολλάκις
3569 3740 3739 3810 λέγει,

2164 3841 2245 3894 ὅτι
2269 3839 2424 3894 Hau?)
2442 3839 2653 3894 ἕνεκεν
2695 3840 2799 3894 τοῦ
2832 3840 3123 3908 ὀνόματός
3145 3857 3282 3908 μου.
3316 3833 3466 3902 Εἶδες
3488 3855 3742 3893 ταπεινο-

2167 3934 2441 4008 φροσύνην
2483 3937 2580 3989 καὶ
2625 3934 3091 4006 συντετριμμένην
3121 3935 3394 3999 διάνοιαν;
3436 3935 3546 3990 Καὶ
3575 3935 3744 3988 πόθεν

2165 4031 2377 4098 ἀξιοῦσι
2422 4033 2698 4104 σωθῆναι;
2739 4031 2870 4085 Ἀπὸ
2897 4030 3309 4102 φιλανθρωπίας
3330 4071 3345 4097 ,
3377 4031 3484 4085 ἀπὸ
3520 4031 3736 4095 ἐλέους·

2166 4129 2243 4192 ὡς
2265 4130 2316 4182 οί
2350 4128 2548 4201 ἔρημοι
2595 4126 3055 4199 κατορθωμάτων,
3089 4126 3166 4190 ὡς
3189 4127 3239 4180 οί
3267 4128 3400 4200 μηδέ
3444 4145 3496 4181 τι
3527 4125 3742 4198 ἔχοντες

2165 4223 2440 4296 δικαίωμα
2471 4225 2764 4295 σωτηρίας,
2793 4224 2971 4276 καίτοι
3013 4222 3288 4287 τοσούτοις
3324 4222 3600 4294 κομῶντες
3645 4223 3743 4276 1:6-

2167 4337 2281 4384 νοις
2312 4321 2407 4374 καὶ
2448 4320 2716 4382 κινδύνοις
2738 4359 2753 4382 ,
2793 4322 2874 4383 είς
2903 4320 2996 4374 τὸν
3033 4319 3167 4372 Θεὸν
3215 4318 3275 4373 16
3305 4322 3411 4373 πᾶν
3458 4320 3740 4391 ἀνέφερον.

2169 4414 2404 4479 Τούτους
2441 4415 2505 4488 δὴ
2536 4415 2632 4469 κα)⁸
2670 4417 2831 4487 ἡμεῖς
2861 4416 2910 4468 οἰ
2951 4417 3008 4468 ἐν
3034 4417 3102 4487 τῇ
3132 4416 3314 4486 χάριτι
3353 4413 3743 4486 μιμησώμεθα,

2171 4513 2266 4566 καὶ¹
2293 4511 2450 4577 δόξαν
2479 4512 2889 4582 ἀναπέμψωμεν
2918 4510 2996 4581 τῷ
3023 4511 3142 4583 Θεῷ
3161 4553 3175 4578 ,
3199 4504 3244 4580 ᾦ
3283 4511 3317 4582 ἠ
3352 4511 3478 4576 δόξα
3509 4513 3588 4576 εἰς
3617 4513 3746 4576 τοὺς

2172 4609 2375 4673 αἰῶνας
2409 4607 2517 4662 τῶν
2553 4606 2785 4662 αἰώνων.
2829 4608 3020 4679 Ἀμήν.

2438 4777 2594 4853 [160]
2633 4777 2740 4832 ΕιΣ
2771 4777 2908 4831 TON
2946 4778 3057 4830 MA'
3106 4778 3428 4833 ΨΑΛΜΟΝ.

2182 4948 2496 5013 Ἐπινίκιος
2525 4947 2676 5014 ὑπὲρ
2712 4947 2831 5016 τῶν
2856 4947 3054 5016 ἀνθῶν
3089 4945 3209 5000 τῶν
3237 4947 3384 5000 υἱῶν
3411 4950 3462 5000 Κ
3463 4948 3582 5016 ορέ.
3618 4947 3742 5000 Ἀλ-

2243 5019 2351 5084 λος,
2415 5018 2498 5081 Τῷ
2540 5015 2824 5081 νικοποιῷ
2873 5015 2969 5068 ἐπὶ
3005 5016 3130 5081 τοῖς
3164 5017 3391 5083 κρίνοις
3435 5017 3554 5070 τῶν
3597 5017 3747 5071 υἱῶν

2241 5087 2409 5172 Κορέε
2450 5087 2511 5172 ’ρ
2536 5086 2592 5172 δὲ
2634 5087 2880 5172 ⁸Ιξξςῖρςιιῖος
2906 5085 3033 5172 ἀντὶ
3058 5086 3176 5148 τοῦ,
3201 5088 3456 5172 ξίρίνοις,
3500 5088 3603 5141 Ἀλ
3625 5105 3744 5172 σς.)-

2241 5155 2478 5226 σανεὶμ,
2493 5155 2975 5224 λέγει·Σὺνέσεως
2996 5155 3160 5225 ᾆσμα
3180 5160 3267 5222 εἰς
3287 5160 3393 5211 τὸν
3413 5158 3741 5226 ἀγαπητόν.

2245 5228 2458 5291 Ἀλλος,
2497 5226 2924 5295 Ἐπιστήμονος
2941 5224 3104 5295 ᾆσμα
3125 5229 3273 5294 πρὸς
3298 5229 3504 5295 φιλίας
3535 5237 3582 5279 ο.
3615 5227 3744 5279 Ἀλ-

2245 5245 2458 5291 ”ΛΑΛος,
2507 5245 2924 5295 απιστημονος
2941 5245 3104 5297 ᾳσμα
3125 5245 3273 5294 προς
3298 5245 3504 5296 φιλίας
3535 5245 3582 5279 ε.
3615 5245 3623 5247 ⁷
3639 5245 3744 5279 ΛΑ·

2240 5299 2374 5376 λοςο.
2399 5296 2959 5376 Τρίςλῑτείτρῖμένοις
2980 5315 2993 5330 °
3017 5297 3130 5376 δὲδὲ
3172 5297 3439 5376 Έβρᾳξοςν
3475 5295 3706 5376 ἷιδρθὼρ
3725 5336 3746 5357 -

2241 5369 2427 5440 φησίν.
2444 5370 2507 5420 Οἱ
2527 5367 2583 5420 δὲ
2611 5367 3029 5450 Ἐϐδομήκοντα,
3047 5369 3151 5447 Ιζίς
3175 5369 3242 5420 τὸ
3263 5367 3437 5432 τέλος
3459 5367 3612 5434 ὑπὲρ
3626 5367 3746 5420 τῶν

2240 5437 2814 5501 ἀλλοιωθησομένων
2838 5455 2960 5501 τοις
2985 5441 3136 5501 υἱοις
3163 5437 3333 5501 Κορὲ,
3359 5439 3446 5501 είς
3464 5437 3745 5501 σύνεσιν,

2240 5455 2814 5506 αλλοιωυησομενων
2838 5455 2960 5505 τοις
2985 5455 3136 5501 υιοις
3163 5455 3333 5506 ιιορε,
3359 5455 3446 5504 εις
3464 5455 3745 5502 συνεσιν,

2239 5509 2364 5577 ᾠδὴ
2395 5508 2549 5576 ὑπὲρ
2576 5507 2681 5562 τοῦ
2707 5507 3039 5577 ἀγαπητοῦ.

2233 5668 2255 5696 ο
2278 5661 2438 5737 _!llud_
2463 5673 2540 5737 εει
2573 5663 2789 5736 Λᾳυειακ
2834 5663 2918 5737 alii
2944 5676 3048 5737 'Inlpa
3081 5674 3200 5737 νοτε
3243 5661 3743 5737 Ιεευκηξιπρρσφιλίας.

2174 5727 2345 5776 Lectio
2363 5727 2463 5782 τοῖς
2482 5721 2802 5786 ἠγαπήμένοιι
2834 5733 2913 5776 es:
2944 5721 3321 5776 Theodotionisi
3348 5721 3545 5785 Ἰδιθώθ,
3565 5721 3748 5774 melius

2174 5789 2353 5850 ἰδιδώθ,
2373 5789 2614 5838 Hebraice
2651 5793 2825 5846 τιτι-ιτ,
