4140 6356
376 420 485 484 ὶὸῖ

1543 412 1904 476 ΕΧΡΟΞΙΤῘΟ
1944 415 2007 473 ΙΝ
2048 416 2371 475 PSALMUM
2406 416 2589 473 XLIV.

374 543 501 598 facit
549 536 765 605 Paulus,
804 544 859 592 et
892 535 984 591 alii
1027 533 1323 606 prophetse.
1355 534 1527 605 Atque
1577 534 1690 589 hare
1735 534 1789 589 hi
1829 534 1969 589 dice-

3562 431 3663 485 189.

2082 534 2352 601 transilis,
2384 544 2438 590 et
2466 545 2610 590 tuam
2641 535 2861 607 gloriam
2900 538 3096 609 probro
3125 540 3331 599 afficis?
3368 544 3483 601 Non
3511 549 3663 603 audis

374 634 521 699 bant,
555 646 675 688 cum
701 629 831 685 nihil
856 628 1031 683 adhuc
1073 628 1273 683 scirent
1302 641 1403 683 nec
1444 627 1513 683 de
1556 628 1819 698 gehenna,
1869 642 1968 682 nec
2072 625 2292 681 Paulum
2314 636 2367 680 et
2389 642 2529 681 nunc
2550 669 2563 691 ,
2593 637 2647 683 et
2676 629 2727 683 in
2758 630 2935 686 medio
2960 632 3277 690 clamantem
3302 653 3315 691 :
3342 635 3529 709 Fugite
3552 642 3662 711 [or—

372 728 441 783 de
468 739 653 797 regno.
685 738 787 778 nec
811 722 974 777 ullam
1000 720 1174 775 adhuc
1203 721 1361 775 talem
1387 719 1703 775 didicissent
1729 720 1967 787 philoso-
2071 718 2372 771 uicatiouem
2405 714 2481 783 (l.
2506 719 2623 774 Cor.
2648 719 2700 775 6.
2734 722 2864 791 18)?
2885 722 2979 778 Vel
3007 726 3183 795 potius
3200 725 3470 784 Christum
3495 730 3617 785 audi
3640 774 3655 795 ,

375 818 578 887 phiam,
608 815 892 884 omniaque
918 812 1074 868 facile
1098 811 1363 868 ferebant.
1394 810 1484 867 25.
1518 812 1771 877 Quoniam
1795 812 1963 865 Immi-

374 910 499 964 Iiata
521 917 595 962 est
623 907 675 960 in
704 905 905 975 pulvere
939 906 1110 957 anima
1139 913 1314 958 nostra
1346 918 1365 957 :
1401 903 1770 974 conglutinatus
1800 913 1869 958 est
1910 904 1963 958 in

372 1009 507 1053 terra
529 1006 698 1051 acriter
730 1006 917 1050 noster.
945 995 1205 1063 Quoniam
1235 994 1378 1049 enim
1404 994 1537 1049 dixit
1581 1010 1596 1048 :
1642 993 1963 1049 Oblivisceris

372 1088 559 1157 inopia:
585 1098 793 1153 nostris,
821 1085 924 1141 hoc
947 1095 1049 1149 est,
1073 1084 1398 1153 afﬂictionis,
1424 1083 1553 1140 dicit
1573 1084 1825 1155 deinceps
1845 1100 1963 1156 quae

373 1182 444 1236 sit
470 1179 714 1235 alllictio.
760 1178 914 1246 Quod
946 1187 1124 1232 autem
1168 1178 1318 1243 dicit,
1359 1177 1465 1233 tale
1507 1185 1593 1233 est
1640 1195 1654 1232 :
1698 1178 1958 1244 Perimus,

372 1270 570 1327 defessi
600 1285 804 1336 sumus,
832 1270 999 1326 nihilo
1018 1269 1226 1325 meliori
1247 1283 1432 1325 sumus
1450 1269 1778 1337 conditione,
1802 1285 1959 1340 quam

374 1365 593 1419 mortui.
625 1361 759 1418 Jure
786 1368 966 1417 autem
992 1361 1187 1417 dixerit
1232 1361 1498 1432 quispiam
1543 1376 1728 1416 eorum
1774 1362 1957 1428 etiam,

371 1458 463 1528 qui
497 1458 658 1513 rebus
704 1455 1060 1527 praesentibus
1090 1456 1233 1509 afﬁxi
1267 1464 1426 1521 sunt,
1467 1454 1700 1509 animam
1744 1455 1798 1509 in
1842 1465 1951 1510 ter-

372 1564 486 1603 ram
529 1563 650 1604 esse
696 1545 1052 1612 humiliatam,
1092 1560 1387 1615 eorumque
1412 1544 1500 1615 qui
1527 1544 1669 1616 gulae
1696 1544 1957 1610 serviunt,

370 1650 611 1694 ventrem
641 1652 763 1695 esse
792 1647 947 1693 terra:
971 1637 1371 1708 agglutinatum.

445 1729 785 1785 Pulchritudo
810 1730 1037 1800 corporis
1058 1729 1251 1795 lutum;
1274 1730 1325 1782 in
1347 1729 1709 1801 fornicatores;
1730 1729 1959 1798 pulchri-

370 1824 491 1877 tudo
524 1832 771 1892 quatenus
809 1821 1152 1887 admiranda;
1196 1821 1575 1875 matrimonium
1604 1837 1696 1875 cur
1740 1821 1956 1891 permis-

368 1914 818 1971 stum—Etenim
858 1915 949 1985 qui
987 1929 1173 1970 amore
1210 1914 1417 1970 vinctus
1463 1922 1697 1981 tenetur,
1740 1923 1797 1970 et
1846 1914 1959 1970 luto

370 2007 557 2073 inhiat,
599 2008 1074 2078 incorporeamque
1100 2021 1222 2077 qua:
1253 2006 1306 2062 in
1335 2022 1395 2062 se
1433 2016 1517 2063 est
1543 2006 1846 2062 facultatem
1874 2007 1955 2062 ci-

368 2102 483 2155 neri
512 2102 796 2171 mancipat,
824 2100 943 2170 jure
983 2099 1097 2155 haec
1126 2100 1234 2171 pati
1262 2100 1471 2156 dicatur
1502 2099 1599 2171 (a).
1636 2100 1774 2168 Quid
1812 2102 1955 2157 enim

365 2193 511 2249 aliud
539 2204 623 2248 est
652 2192 988 2263 pulchritudo
1028 2192 1290 2261 corporis,
1339 2192 1441 2246 nisi
1484 2192 1655 2262 pulvis
1682 2201 1736 2249 ct
1764 2192 1950 2259 lutum,

366 2296 525 2354 atque
552 2286 687 2341 adeo
722 2285 991 2355 quidpiam
1027 2284 1110 2339 his
1141 2285 1302 2339 etiam
1329 2284 1620 2339 deformius
1644 2300 1706 2340 ac
1732 2285 1956 2341 tetrius?

366 2377 519 2445 Quod
546 2378 589 2433 si
618 2377 778 2433 fidem
807 2391 915 2431 non
962 2376 1147 2441 habes,
1179 2375 1457 2431 considera
1497 2376 1739 2445 sepulcra
1777 2376 1952 2430 homi-

372 2487 523 2537 num,
554 2479 607 2526 et
635 2469 839 2525 videbis
863 2469 1031 2523 lutum
1057 2477 1110 2524 et
1136 2469 1429 2539 pulverem.
1461 2467 1683 2535 Quando
1708 2468 1849 2523 enim
1878 2466 1954 2521 fa-

353 2566 477 2640 _cics
503 2564 664 2618 vitam
693 2570 1011 2633 praesentem
1039 2560 1267 2627 exuerit,
1295 2569 1421 2614 tunc
1458 2568 1678 2629 apparet
1719 2559 1771 2615 id
1810 2561 1952 2632 quod

366 2664 483 2719 est;
526 2655 633 2708 imo
662 2668 789 2708 vero
813 2652 973 2708 etiam
1004 2661 1127 2706 ante
1157 2662 1405 2706 mortem.
1448 2651 1671 2719 Quando
1697 2651 1839 2706 enim
1870 2667 1956 2707 se-

367 2756 556 2801 nectus
614 2744 905 2809 invaserit,
959 2742 1172 2813 quando
1219 2742 1437 2797 morbus
1490 2742 1774 2810 afllixerit,
1829 2752 1952 2798 tunc

366 2840 574 2896 videbis
616 2839 741 2909 quid
795 2847 1082 2910 appareat;
1141 2845 1225 2893 est
1275 2838 1417 2892 enim
1472 2836 1640 2892 lutum
1690 2855 1703 2891 :
1752 2837 1845 2893 sed
1898 2848 1954 2893 ut

367 2933 570 3002 peritus
622 2929 814 2985 artifex
852 2929 941 2985 vel
987 2944 1055 2984 ex
1103 2928 1193 2984 vili
1246 2936 1301 2983 et
1352 2929 1549 2984 nullius
1590 2930 1745 3000 pretii
1788 2938 1953 2985 mate-

366 3028 446 3081 ria
496 3025 619 3081 fecit
672 3025 939 3095 ingentem
995 3023 1126 3078 oriri
1181 3023 1669 3094 pulchritudinem,
1727 3040 1833 3079 non
1898 3032 1955 3078 ut

367 3116 684 3182 fcimiceris,
723 3114 819 3171 sed
848 3122 906 3169 ut
944 3114 1037 3170 tibi
1075 3129 1229 3169 suam
1263 3114 1570 3170 ostenderet
1611 3117 1949 3185 sapientiam.

368 3210 445 3266 Ne
474 3225 602 3281 ergo
638 3208 845 3264 Artifici
877 3206 1124 3279 injuriam
1155 3207 1369 3274 feceris,
1410 3224 1509 3264 nec
1531 3208 1650 3279 ejus
1679 3210 1953 3279 sapientiae

368 3319 502 3374 opus
530 3303 699 3373 stupri
726 3312 779 3357 et
808 3300 1153 3371 impudicitim
1180 3316 1210 3354 a
1239 3309 1292 3357 te
1317 3301 1409 3356 fiat
1434 3302 1674 3355 materia.
1705 3300 1950 3356 Formam

367 3409 602 3465 eousque
622 3393 839 3460 mirare,
862 3402 920 3447 ut
940 3392 1107 3463 gloria
1128 3401 1183 3447 et
1200 3390 1407 3449 honore
1432 3391 1633 3448 afficias
1651 3393 1907 3448 artificem
1934 3407 1948 3457 ;

370 3493 591 3547 ulterius
615 3502 793 3546 autem
815 3506 883 3546 ne
907 3488 1251 3562 progrediare
1271 3530 1287 3557 ,
1308 3490 1472 3545 animi
1500 3491 1950 3560 perturbationem

366 3584 625 3638 excitans.
658 3582 941 3638 Pulchrum
972 3596 1109 3653 opus
1134 3599 1150 3637 :
1178 3582 1223 3637 is
1250 3597 1379 3653 ergo
1412 3581 1503 3652 qui
1532 3580 1687 3646 fecit,
1716 3589 1800 3636 est
1824 3580 1954 3635 ado-

368 3674 599 3741 randus,
630 3691 739 3730 non
780 3674 1102 3730 contumelia
1141 3674 1475 3731 afficiendus.
1520 3673 1576 3729 Si
1616 3674 1736 3744 quis
1759 3712 1775 3739 ,
1827 3672 1949 3741 dic,

364 3784 549 3838 qnarso
567 3810 583 3836 ,
608 3784 824 3824 auream
854 3768 1079 3839 alicujus
1106 3777 1337 3824 statuam
1365 3778 1419 3823 et
1438 3767 1636 3839 regiam
1664 3767 1949 3839 imaginem

368 3876 562 3927 emno,
589 3871 643 3917 et
667 3860 786 3915 aliis
810 3859 1075 3931 ejusmodi
1129 3858 1445 3925 foedaverit,
1494 3874 1674 3915 nonne
1710 3860 1951 3915 ultimum

367 3955 525 4011 luerit
548 3953 903 4024 supplicium?
929 3952 983 4010 Si
1006 3962 1182 4009 autem
1204 3953 1295 4025 qui
1315 3954 1453 4009 inter
1482 3953 1727 4008 homines
1747 3955 1953 4022 ingrate

364 4058 420 4102 et
438 4047 697 4103 scelerate
726 4062 785 4102 se
812 4045 988 4117 gerit,
1021 4045 1153 4101 tanti
1178 4060 1302 4101 reus
1321 4054 1403 4101 est
1429 4045 1671 4117 supplicii
1698 4063 1712 4098 :
1739 4046 1828 4116 qui
1858 4045 1952 4101 Dei

365 4156 503 4211 opus
529 4149 675 4195 tanta
719 4137 897 4195 affecit
925 4138 1211 4210 ignominia
1232 4178 1249 4204 ,
1281 4137 1406 4208 quid
1437 4137 1649 4192 tandem
1681 4138 1948 4207 patietur:

364 4241 417 4288 et
438 4233 670 4288 maxime
698 4231 912 4303 quando
935 4232 1023 4302 qui
1055 4231 1168 4287 haec
1196 4230 1355 4295 facit,
1388 4230 1546 4286 habet
1570 4232 1828 4286 uxorem?
1872 4230 1952 4287 Ne

365 4325 495 4380 mihi
548 4324 692 4380 enim
746 4324 947 4379 dixeris
993 4333 1196 4379 natura:
1244 4322 1609 4392 cupiditatem.
1663 4321 1951 4393 Propterea

363 4420 505 4475 enim
536 4418 854 4488 permissum
880 4416 979 4472 fuit
1007 4415 1427 4481 matrimonium,
1447 4429 1514 4470 ne
1542 4414 1675 4469 ultra
1707 4413 1951 4484 proprios

366 4510 624 4566 terminos
670 4508 1086 4580 progredereris.
1141 4507 1275 4562 Vide
1320 4507 1463 4562 enim
1510 4514 1710 4577 quanto
1761 4504 1951 4576 dignus

363 4603 472 4658 eris
521 4601 802 4671 supplicio.
848 4600 982 4655 Nam
1012 4600 1150 4655 Deus
1179 4608 1282 4654 tuas
1323 4597 1486 4668 quieti
1517 4606 1570 4652 et
1599 4595 1789 4651 honori
1828 4611 1951 4667 pro-

363 4693 558 4764 spexit,
582 4701 708 4748 utet
736 4701 939 4747 natura:
967 4690 1171 4747 rabiem
1195 4704 1290 4759 per
1312 4703 1534 4744 uxorem
1556 4702 1947 4758 compesceres,

364 4796 418 4840 et
444 4786 543 4839 hoc
570 4782 773 4853 absque
801 4782 914 4838 ullo
949 4781 1185 4851 periculo
1211 4782 1410 4836 faceres
1437 4796 1451 4846 ;
1482 4788 1538 4834 et
1567 4778 1637 4834 ab
1665 4778 1811 4834 omni
1841 4791 1953 4833 tur-

364 4877 604 4949 pitudine
629 4886 680 4931 et
710 4874 974 4929 dedecore
1006 4873 1326 4927 liberareris.
1357 4871 1436 4925 Tu
1466 4879 1642 4926 autem
1670 4884 1793 4925 eum
1814 4910 1829 4933 ,
1859 4869 1950 4939 qui

364 4980 562 5024 tantam
588 4968 658 5022 tui
682 4981 861 5022 curam
886 4965 1049 5036 gerit,
1073 4980 1138 5019 ex
1162 4963 1474 5018 redundanti
1501 4961 1729 5032 quadam
1751 4970 1805 5016 et
1829 4976 1952 5016 exuo

363 5061 569 5117 beranti
594 5060 743 5128 c0pia
769 5101 785 5124 ,
821 5058 1012 5128 injuria
1037 5056 1243 5111 officis?
1269 5056 1363 5111 Dic
1386 5056 1526 5111 enim
1553 5054 1681 5109 mihi
1702 5094 1719 5121 ,
1743 5068 1947 5125 quaeso,

364 5154 408 5208 si
430 5151 685 5206 noluisset
705 5151 817 5219 lege
840 5149 945 5204 lata
974 5156 1208 5203 statuere
1229 5146 1625 5201 matrimonium
1649 5187 1664 5210 ,
1697 5155 1947 5216 quantam

363 5244 504 5307 vim,
552 5252 606 5297 et
642 5250 897 5312 quantum
928 5239 1218 5293 cruciatum
1246 5237 1629 5292 sustinuisses?
1656 5234 1791 5291 Cum
1822 5252 1951 5306 ergo

364 5342 607 5404 oporteat
635 5343 686 5387 te
722 5332 774 5388 ei
803 5332 1001 5404 gratias
1028 5345 1187 5402 agere
1205 5371 1221 5397 ,
1252 5338 1307 5385 et
1334 5330 1503 5401 gloria
1532 5344 1654 5385 eum
1699 5328 1912 5385 afficere
1932 5371 1946 5393 ,

362 5425 501 5498 quod
526 5425 618 5479 tibi
644 5424 930 5479 maximam
952 5422 1151 5477 laboris
1172 5431 1378 5493 partem
1398 5420 1753 5491 amputaverit
1776 5462 1792 5488 ,
1820 5420 1948 5476 dum

364 5519 456 5572 tibi
490 5534 593 5571 non
639 5517 856 5587 vulgare
886 5514 1131 5570 solatium
1173 5514 1529 5585 excogitavit:
1562 5523 1616 5568 tu
1662 5529 1758 5583 per
1800 5529 1949 5568 sum-

364 5629 510 5669 ntum
550 5610 739 5682 ingrati
781 5609 945 5665 animi
980 5608 1183 5665 crimen
1224 5624 1344 5663 eum
1386 5606 1706 5662 contumelia
1744 5605 1949 5673 afﬁcis,

364 5719 575 5760 otitnem
629 5701 888 5773 pudorem
935 5702 1117 5768 exuis,
1162 5701 1421 5757 terminos
1467 5698 1559 5754 tibi
1612 5698 1951 5770 praescriptos

428 5841 501 5903 (a)
536 5842 616 5892 Itis
638 5852 835 5902 prorsus
864 5838 1039 5903 similia
1061 5840 1176 5890 vide
1224 5840 1271 5888 in
1295 5839 1440 5901 Epist.
1477 5838 1628 5900 prima
1650 5836 1712 5887 ad
1734 5834 1950 5888 Theodo-

366 5902 702 5966 ruutlapsum,
726 5910 859 5951 'I'om.
883 5902 927 5951 l.

2068 810 2156 879 qui
2185 809 2298 879 ejus
2323 820 2502 866 movet
2526 813 2779 868 animum.
2804 815 2915 869 Cur
2938 816 3168 874 alienam
3196 819 3389 876 ediscis
3418 822 3661 892 pulchri-

2070 901 2343 957 tudinem?
2365 918 2461 957 cur
2485 903 2551 957 de
2577 905 2722 959 vultu
2750 921 2854 959 non
2887 915 2977 961 tuo
3004 909 3212 965 curiose
3241 913 3531 967 scrutaris?
3559 929 3657 969 cur

2068 992 2225 1048 ferris
2268 1010 2360 1064 per
2388 997 2716 1066 pra‘cipitia?
2744 1014 2838 1053 cur
2869 999 3068 1054 retibus
3114 1000 3337 1072 teipsum
3366 1003 3662 1076 illaqueas‘i

2066 1086 2287 1154 Oppone
2312 1102 2524 1143 murum
2555 1090 2656 1144 tuis
2683 1090 2851 1145 oculis
2869 1130 2884 1156 ,
2913 1099 3031 1146 tuos
3064 1093 3249 1148 oculos
3274 1094 3491 1151 obstrue
3510 1138 3526 1162 ,
3556 1098 3663 1151 im-

2067 1190 2205 1245 pone
2232 1177 2402 1247 legem
2435 1179 2539 1233 tuis
2561 1181 2747 1235 oculis.
2777 1180 2915 1235 Audi
2941 1181 3208 1237 Christum
3240 1184 3530 1241 minantem
3555 1228 3570 1253 ,
3602 1197 3659 1243 et

2065 1266 2388 1337 impudicum
2416 1278 2688 1339 aspectum
2730 1280 2996 1342 tamquam
3038 1272 3355 1331 adulterium
3400 1278 3657 1334 condemo

2065 1370 2280 1417 nantem
2311 1359 2524 1428 (Matth.
2547 1364 2601 1419 5.
2626 1363 2743 1433 28).
2774 1364 2909 1433 Quid
2941 1374 2992 1421 te
3013 1366 3164 1437 juvat
3186 1368 3427 1439 voluptas
3447 1412 3461 1436 ,
3491 1380 3660 1441 quan-

2062 1451 2134 1508 do
2151 1468 2213 1508 ea
2231 1470 2464 1512 vermem
2493 1456 2651 1526 parit,
2669 1456 2881 1526 quando
2901 1466 3103 1513 metum
3124 1468 3432 1529 perpetuum
3449 1502 3464 1527 ,
3487 1476 3658 1531 quan-

2063 1544 2133 1599 do
2174 1546 2477 1602 immortale
2505 1547 2554 1602 ei
2595 1547 2684 1617 qui
2728 1546 2912 1603 fecerit
2953 1550 3307 1619 supplicium?
3337 1551 3545 1619 Quanto
3569 1561 3654 1607 est

2064 1637 2254 1692 melius
2264 1638 2391 1693 dum
2410 1647 2711 1695 nostrarum
2731 1640 3105 1711 cogitationum
3123 1642 3229 1697 vim
3249 1658 3534 1714 parumper
3546 1658 3654 1699 sus-

2065 1729 2314 1797 tinemus,
2332 1731 2432 1786 frui
2457 1742 2707 1803 perpetua
2730 1732 2892 1787 animi
2916 1734 3319 1805 tranquillitate,
3342 1750 3501 1807 quam
3525 1736 3655 1791 dum

2063 1822 2281 1878 nefariis
2323 1825 2522 1880 nostris
2561 1825 2938 1896 cupiditatibus
2967 1827 3237 1896 paululum
3282 1827 3654 1899 indulgemus,

2062 1915 2344 1972 immortali
2368 1919 2606 1973 cruciatu
2626 1918 2799 1973 affici?
2822 1918 2921 1984 Ne,
2939 1936 2969 1973 ο
2989 1920 3106 1989 ﬁlii,
3129 1937 3191 1974 ne
3205 1921 3274 1974 ita
3295 1922 3513 1991 faciatis.
3534 1920 3657 1978 Non

2062 2009 2192 2063 bona
2216 2017 2289 2063 est
2306 2013 2443 2080 fama
2463 2026 2615 2080 quam
2635 2009 2697 2064 de
2712 2009 2847 2064 vobis
2871 2010 3025 2064 audio
3054 2012 3130 2082 (l.
3157 2011 3281 2083 Reg.
3304 2011 3361 2065 2.
3391 2011 3503 2081 24).
3528 2013 3656 2068 Scio

2061 2099 2128 2155 ad
2154 2115 2289 2171 quos
2312 2099 2566 2171 dirigatur
2591 2100 2787 2167 oratio,
2816 2116 2922 2156 non
2948 2100 3014 2156 ad
3043 2116 3231 2156 omnes
3256 2121 3268 2155 :
3297 2102 3389 2157 sed
3418 2102 3504 2157 ubi
3531 2103 3647 2158 vul-

2061 2208 2161 2247 nus
2190 2192 2475 2258 invenerit,
2510 2192 2617 2248 illic
2644 2193 3088 2248 medicamentum
3126 2192 3364 2249 adhibet.
3394 2195 3504 2250 Cur
3535 2210 3655 2250 ma-

2061 2286 2365 2341 trimonium
2391 2286 2593 2342 violas?
2612 2301 2709 2341 cur
2728 2286 2901 2342 cubile
2922 2286 3113 2356 injuria
3135 2287 3334 2343 affleis?
3355 2303 3450 2343 cur
3470 2304 3645 2344 ntem-

2061 2377 2215 2432 brum
2238 2388 2384 2433 tuum
2410 2378 2598 2435 lazdis?
2629 2394 2724 2435 cur
2743 2378 2899 2435 fama:
2926 2387 3031 2435 tuae
3056 2381 3319 2435 maculam
3344 2390 3400 2436 et
3422 2381 3651 2452 ignomi-

2060 2469 2199 2523 niam
2247 2469 2445 2525 inuris?
2477 2469 2741 2525 Exscinde
2784 2470 2947 2525 animi
2988 2469 3477 2542 perturbationem,
3525 2472 3655 2528 tolle

2058 2559 2283 2617 delicias
2311 2562 2388 2631 (Ι.
2413 2562 2530 2617 Cor.
2554 2562 2607 2617 6.
2638 2562 2767 2633 l5).
2798 2563 3009 2618 Delicia:
3029 2562 3172 2618 enim
3196 2572 3250 2618 et
3271 2562 3504 2619 ebrietas
3531 2574 3655 2619 sunt

2059 2653 2177 2707 fons
2218 2653 2601 2710 fornicationis.
2643 2654 2699 2711 Si
2726 2654 2889 2710 animi
2921 2654 3235 2711 remissione
3264 2670 3368 2710 non
3401 2657 3566 2711 utaris
3593 2664 3652 2710 ut

2058 2756 2302 2815 oportet,
2332 2747 2384 2802 id
2428 2747 2583 2802 affert
2631 2747 2721 2803 tibi
2771 2746 3135 2802 afllictionem.
3176 2746 3313 2802 Audi
3350 2746 3476 2817 quid
3506 2748 3651 2818 passi

2058 2840 2161 2894 sint
2184 2850 2238 2895 et
2252 2839 2442 2907 Juda'i,
2463 2840 2549 2910 qui
2573 2840 2814 2896 fornicati
2844 2840 3070 2905 fuerant,
3087 2841 3177 2910 qui
3202 2841 3440 2911 corporis
3454 2840 3653 2896 Christi

2059 2947 2163 2986 non
2194 2932 2398 2986 fuerant
2420 2932 2703 3003 participes
2726 2972 2740 2996 ,
2768 2932 2857 3002 qui
2879 2931 3168 3002 spiritualis
3189 2946 3388 2987 mensae
3418 2930 3649 2986 fructum

2059 3038 2163 3077 non
2211 3033 2576 3094 perceperant.
2607 3022 2719 3077 Nec
2756 3024 3095 3094 fornicemur,
3123 3023 3329 3093 inquit,
3355 3023 3485 3078 sicut
3517 3039 3651 3077 non-

2059 3116 2186 3169 nulli
2227 3132 2401 3169 eorum
2445 3115 2681 3187 fornicati
2724 3123 2879 3179 sunt,
2913 3124 2958 3168 et
2987 3114 3271 3168 ceciderunt
3313 3114 3367 3168 in
3418 3130 3518 3167 uno
3568 3115 3651 3169 die

2056 3210 2232 3281 viginti
2256 3210 2356 3263 tria
2384 3210 2545 3264 millia
2574 3210 2649 3283 (l.
2680 3210 2799 3265 Cor.
2829 3210 2916 3266 10.
2945 3210 3023 3281 8).
3052 3210 3141 3266 26.
3173 3209 3442 3282 Exsurge,
3466 3208 3652 3264 Domi-

2056 3317 2153 3368 ne,
2184 3302 2372 3372 adjuva
2413 3317 2540 3367 nos,
2584 3312 2633 3355 et
2658 3301 2845 3355 redime
2882 3318 2974 3357 nos
3016 3310 3221 3371 prapter
3263 3318 3443 3355 nomen
3488 3310 3651 3354 tuum.

2057 3391 2209 3447 Alius
2231 3432 2246 3457 ,
2279 3392 2374 3447 Sta
2400 3409 2491 3447 nos
2517 3392 2790 3462 defendens
2806 3433 2822 3461 ,
2853 3403 2899 3446 et
2923 3392 3082 3447 libera
3111 3408 3204 3447 nos
3231 3402 3433 3463 propter
3457 3392 3654 3446 miseri-

2055 3485 2282 3540 cordiam
2301 3493 2457 3540 tuam.
2484 3484 2618 3543 Vide
2637 3484 2906 3556 quomodo
2925 3485 3303 3541 concluserunt
3318 3486 3612 3541 orationem
3635 3502 3649 3538 :

2057 3587 2180 3647 post
2221 3575 2629 3632 innumerabilia
2666 3591 2785 3647 qua:
2810 3575 2879 3631 ab
2906 3574 2987 3632 eis
3013 3584 3160 3632 recte
3183 3584 3238 3631 et
3260 3590 3328 3631 ex
3356 3575 3550 3630 virtute
3574 3574 3655 3629 fa-

2062 3677 2148 3724 cta
2164 3668 2394 3736 fuerant,
2412 3666 2678 3723 undenam
2697 3668 2922 3724 salutem
2939 3666 3151 3738 assequi
3169 3682 3380 3738 aequum
3394 3676 3608 3722 censent
3630 3666 3655 3720 ἲ

2062 3763 2108 3816 Α
2141 3760 2537 3826 misericordia,
2566 3774 2596 3815 a
2638 3760 2964 3833 benignitate
3001 3770 3057 3815 et
3084 3760 3367 3816 clementia
3389 3799 3404 3824 .
3436 3767 3655 3829 propter

2064 3868 2259 3909 nomen
2289 3853 2400 3909 Dei.
2425 3850 2562 3921 Quid
2582 3861 2699 3919 est,
2728 3862 2934 3924 propter
2960 3869 3142 3909 nomen
3172 3862 3311 3908 tuum
3330 3853 3353 3907 ἒ)
3373 3852 3451 3908 Ne
3479 3853 3651 3922 ipsum

2057 3945 2399 4017 profanetur,
2432 3945 2574 4015 quod
2602 3945 2713 4015 ipse
2743 3945 2900 4000 etiam
2928 3958 3073 4014 saepe
3108 3943 3240 3999 dicit
3270 3961 3286 3998 :
3321 3943 3481 3997 Facio
3532 3960 3653 4014 pro.

2057 4048 2170 4106 pter
2199 4052 2377 4091 nomen
2406 4052 2591 4089 meum.
2618 4034 2860 4091 Vidistin‘
2901 4035 3252 4090 humilitatem
3280 4043 3335 4090 et
3363 4035 3651 4090 contritum

2055 4133 2334 4188 animum?
2364 4132 2431 4188 Et
2458 4132 2725 4188 undenam
2752 4140 2939 4202 petunt
2961 4131 3225 4187 salutem?
3250 4131 3296 4185 A
3324 4130 3646 4195 clementia,

2055 4241 2084 4280 a
2113 4224 2504 4289 misericordia;
2528 4234 2776 4295 tanquam
2798 4224 2988 4295 quibus
3010 4234 3151 4279 recte
3174 4223 3307 4279 facta
3334 4221 3648 4289 deficerent,

2054 4330 2108 4375 et
2129 4320 2270 4374 nulla
2284 4321 2425 4389 justa
2448 4318 2636 4374 salutis
2660 4332 2819 4373 causa
2842 4322 3189 4387 suppeteret,
3216 4315 3337 4369 licet
3364 4322 3439 4369 tot
3459 4326 3513 4369 et
3534 4323 3679 4371 tan-.

2055 4421 2107 4467 ta
2153 4411 2387 4481 pericula
2417 4410 2734 4481 laboresque
2760 4418 3037 4485 susceptos
3059 4406 3263 4476 jactare
3292 4413 3545 4477 possent,
3578 4405 3648 4460 ad

2056 4505 2224 4560 Deum
2267 4513 2455 4559 cuncta
2503 4502 2827 4558 referebant.
2858 4500 2967 4556 Nos
2994 4513 3206 4571 quoque
3228 4539 3244 4565 ,
3276 4500 3365 4568 qui
3398 4499 3449 4554 in
3479 4501 3648 4569 gratia
3751 4509 3761 4519 '

2054 4610 2258 4661 sumus,
2282 4609 2375 4651 eos
2391 4594 2688 4658 imitemur,
2716 4602 2771 4647 et
2798 4592 2909 4646 Deo
2936 4590 3159 4662 gloriam
3187 4591 3529 4645 emittamus:
3560 4588 3647 4644 cui

2052 4688 2222 4760 gloria
2246 4687 2297 4743 in
2321 4687 2512 4742 saecula
2539 4687 2875 4742 saeculorum.
2908 4688 3099 4740 Amen.

2520 4842 2583 4897 IN
2620 4840 2944 4898 PSALMUM
2982 4839 3165 4896 XLIV.

2058 4981 2109 5035 l.
2155 4978 2259 5032 Pro
2286 4979 2512 5045 victoria,
2544 4993 2635 5048 pro
2656 4977 2865 5048 ﬂoribus
2892 4975 3114 5045 filiorum
3152 4973 3300 5031 Core.
3330 4976 3504 5041 Alius,
3548 4972 3642 5028 Vi-

2125 5071 2297 5125 ctoriae
2336 5071 2530 5124 auctori
2557 5067 2634 5140 (a)
2669 5078 2913 5139 :propter
2942 5067 3049 5122 lilia
3079 5068 3303 5137 ﬁliorum
3346 5068 3493 5123 Core.
3533 5066 3643 5123 He-

2126 5163 2301 5217 braeus
2329 5176 2447 5233 pro,
2492 5161 2659 5227 Liliis,
2705 5161 2856 5225 dicit,
2906 5161 2969 5214 Al
2997 5161 3236 5214 sosanim.
3282 5159 3646 5231 lntelligentic

2126 5254 2378 5308 canticum
2406 5254 2459 5307 in
2484 5254 2740 5309 dilectum.
2788 5252 2959 5317 Alius,
2994 5252 3214 5307 Scientis
3241 5253 3493 5306 canticum
3516 5268 3642 5321 pro-

2128 5355 2235 5416 pter
2264 5345 2559 5398 amicitiam.
2587 5344 2757 5405 Alius,
2782 5341 2995 5397 Dilectis
3022 5359 3041 5395 :
3070 5340 3328 5397 Hebraeus
3355 5349 3531 5395 autem
3561 5341 3644 5394 di-

2126 5439 2220 5503 cit,
2274 5436 2525 5492 Iditltotlt.
2574 5436 2939 5507 Septuaginta,
2986 5434 3053 5488 In
3106 5435 3258 5503 ﬁnem
3314 5449 3405 5504 pro
3450 5433 3513 5486 iis
3556 5434 3643 5502 qui

2123 5529 2585 5596 conunutabuntur,
2610 5530 2729 5598 ﬁliis
2747 5526 2895 5595 Core,
2926 5528 2994 5580 ad
3022 5527 3348 5593 intellectum,
3390 5525 3643 5580 canticum

2126 5640 2220 5694 pro
2242 5624 2444 5678 dilecto.

2129 5816 2198 5874 (a)
2230 5814 2311 5863 Gr.
2336 5816 2405 5860 τῶ
2437 5812 2684 5871 νιχοποιῷ.
2726 5806 2843 5857 Hac
2865 5802 3017 5855 lectio
3040 5810 3119 5854 est
3141 5801 3353 5867 Aquila,
3395 5809 3451 5851 ut
3473 5802 3645 5874 videas

2066 5899 2115 5948 in
2133 5861 2383 5958 ‘llexaplis
2408 5891 2607 5944 nostris.
2632 5861 2780 5952 infra,
2800 5889 2861 5943 Al
2881 5886 3113 5950 sosanim,
3140 5861 3291 5938 Hebr.
3319 5861 3639 5942 τηεν-ἓν.
