4140 6356
507 326 614 380 135

499 440 552 492 2.
601 437 856 492 Eructavit
896 455 982 494 cor
1011 454 1181 494 meum
1227 440 1430 494 uerbum
1479 442 1682 495 borium.
1735 442 1905 505 Alius,
1937 440 2085 497 Irre—

642 530 760 598 psit.
790 530 960 594 Alius,
993 529 1195 585 Motum
1222 541 1294 585 est
1322 549 1410 586 cor
1436 550 1601 588 meum
1621 533 1766 588 verba
1793 535 1942 590 bona.

560 643 612 696 1.
655 641 1022 699 Testimonium
1045 646 1364 701 inimicorum
1391 650 1596 706 minime
1614 665 1901 724 suspectum
1916 669 1936 718 ;
1965 669 2086 707 eru-

495 735 648 788 ctatio
681 738 946 806 prophetia
967 754 987 804 ;
1013 739 1260 810 praplteta
1279 738 1449 807 diﬂ'ert
1475 751 1601 797 vate.
1623 774 1698 784 —
1715 745 1916 799 Vellem
1941 760 2085 800 nunc

504 823 698 880 adesse
722 841 909 882 omnes
931 828 1145 885 Judteos
1173 837 1227 884 et
1261 831 1506 901 gentiles,
1551 843 1604 888 et
1631 836 1734 891 hoc
1760 836 1894 890 libro
1923 852 1952 890 a
1995 836 2089 892 Ju-

509 916 650 973 dteis
673 929 911 990 accepto,
940 921 1204 976 Psalmum
1232 923 1302 976 ita
1339 924 1535 995 legere.
1559 925 1743 997 Neque
1767 930 1908 984 enim
1938 928 2088 1000 igno-

503 1008 652 1075 ratis,
687 1017 740 1064 et
766 1010 818 1064 in
844 1009 1078 1080 judiciis,
1114 1021 1168 1067 et
1207 1013 1403 1084 ubique
1430 1025 1554 1070 tunc
1587 1018 1818 1073 maxime
1843 1033 1874 1073 a
1913 1021 2088 1089 suspi-

487 1103 652 1158 cinne
692 1113 955 1159 remotum
985 1120 1106 1161 esse
1152 1121 1332 1162 rerum
1375 1109 1758 1174 testimonium,
1791 1111 2004 1182 quando
2030 1112 2081 1168 id

491 1192 664 1250 fertur
686 1195 755 1250 ab
784 1197 1030 1253 inimicis.
1055 1197 1125 1256 Ut
1153 1198 1256 1255 hoc
1281 1215 1409 1272 ergo
1431 1201 1590 1258 hodie
1615 1219 1826 1275 quoque
1848 1207 2082 1276 eveniat,

489 1288 839 1343 exhibeamus
889 1290 1248 1346 testimonium
1290 1307 1355 1348 ex
1402 1293 1604 1360 Veteri,
1635 1305 1691 1349 ut
1733 1306 1787 1350 et
1829 1296 1998 1353 Judmi
2028 1310 2083 1354 et

487 1380 715 1447 gentiles
754 1381 958 1451 pudore
1003 1383 1536 1440 afﬁcianturziudaei
1579 1387 1792 1458 quidem
1821 1389 2077 1460 legentes,

491 1481 543 1526 et
594 1487 701 1527 non
751 1473 1146 1545 intelligentes;
1186 1478 1412 1546 gentiles
1452 1493 1582 1534 vero
1619 1480 1864 1538 videntes
1913 1482 2079 1540 libros

488 1567 642 1622 nobis
669 1567 848 1623 oll‘erri
875 1568 943 1622 ab
986 1569 1233 1624 inimicis.
1281 1570 1468 1642 Neque
1491 1573 1633 1628 enim
1661 1584 1914 1643 poterunt
1959 1593 2020 1632 ea
2047 1595 2078 1634 a

489 1659 642 1713 nobis
683 1675 808 1715 esse
853 1660 1078 1717 conﬁcta
1122 1662 1325 1730 dicere,
1368 1679 1490 1744 cum
1533 1680 1646 1720 non
1689 1681 1807 1734 nos,
1855 1667 1949 1723 sed
1985 1670 2078 1738 qui

485 1748 752 1806 Christum
792 1752 1187 1821 cruciﬁxerunt,
1234 1755 1400 1812 libros
1447 1757 1605 1813 nobis
1646 1759 1940 1829 prmbeant,
1978 1763 2072 1834 qui

483 1842 552 1898 de
591 1844 706 1914 ejus
752 1854 1012 1912 potestate
1051 1845 1356 1916 loquuntur.
1402 1847 1510 1904 Sed
1555 1849 1668 1905 sive
1703 1850 1918 1919 adsunt,
1963 1854 2077 1910 sive

484 1949 612 1997 non,
642 1949 740 1990 nos
766 1944 951 1991 nostro
971 1935 1150 1992 ofﬁcio
1179 1938 1478 2009 fungamur,
1507 1949 1563 1996 et
1591 1943 1962 2013 aggrediamur
1986 1946 2074 2001 in-

485 2024 942 2094 terpretationem.
978 2027 1072 2082 llic
1111 2029 1253 2083 enim
1300 2029 1540 2086 Psalmus
1579 2032 1632 2087 in
1673 2033 1946 2091 Christum
1989 2048 2073 2093 est

483 2116 792 2187 inscriptus,
823 2126 876 2172 et
905 2117 1024 2174 ideo
1052 2118 1213 2175 habet
1240 2121 1665 2194 inscriptionem,
1698 2124 1766 2181 In
1805 2128 2068 2196 dilectum,

481 2217 554 2274 et,
586 2207 696 2262 Pro
718 2210 780 2263 iis
807 2211 895 2280 qui
918 2211 1378 2270 commutabantur.
1401 2216 1457 2271 ls
1477 2217 1618 2272 enim
1641 2218 1797 2275 nobis
1823 2235 2068 2292 magnam

481 2303 606 2356 tecit
635 2305 1008 2371 mutationem,
1037 2319 1323 2378 rerumque
1345 2311 1748 2368 conversionem
1787 2328 1851 2370 ae
1885 2314 2069 2370 tradu-

479 2393 735 2450 ctionem.
768 2395 912 2452 Hanc
939 2400 1289 2456 mutationem
1311 2402 1615 2472 signiﬁcans
1639 2419 1849 2476 quoque
1875 2406 2069 2463 Paulus

479 2483 692 2540 «licebat
711 2504 724 2540 :
746 2485 917 2551 Quare
930 2490 1085 2560 siqua
1100 2491 1153 2545 in
1173 2491 1372 2547 Christo
1390 2509 1522 2548 nova
1533 2504 1765 2549 creatura
1783 2497 1857 2568 (2.
1877 2496 1991 2552 Cor.
2009 2499 2065 2555 5.

480 2578 590 2646 17).
623 2578 693 2633 Et
729 2579 850 2636 ideo
878 2597 985 2636 non
1013 2583 1140 2638 dicit
1178 2585 1231 2638 in
1262 2587 1542 2656 principio,
1574 2588 1715 2643 Dixit
1744 2605 1839 2645 cor
1864 2606 2062 2647 meum.

477 2668 738 2735 Quoniam
771 2672 913 2727 enim
941 2688 1126 2729 eorum
1150 2690 1270 2746 qua:
1308 2676 1622 2734 dicebantur
1651 2681 1780 2735 nihil
1813 2691 1929 2737 erat
1959 2682 2063 2738 hu-

478 2775 714 2826 manum,
759 2762 855 2818 sed
884 2765 1116 2821 caelestia
1149 2781 1212 2822 ac
1239 2768 1533 2838 spiritualia
1576 2781 1693 2827 erat
1721 2783 2058 2841 narraturus,

476 2867 645 2920 eaque
680 2868 785 2909 non
813 2871 878 2911 ex
913 2859 1126 2928 propria
1157 2859 1481 2930 inventione,
1507 2864 1602 2919 sed
1634 2880 1697 2919 ex
1727 2865 1904 2921 divina
1933 2883 2067 2938 ope-

477 2948 706 3013 ratione,
749 2951 1098 3006 eructationis
1142 2954 1360 3009 nomine
1389 2953 1492 3010 hoc
1519 2957 1801 3027 signiﬁcat.
1834 2959 2064 3016 Erueta-

475 3052 594 3092 mus
615 3040 757 3094 enim
786 3055 891 3095 non
921 3042 1138 3113 quando
1166 3045 1436 3115 volumus,
1459 3047 1552 3102 sed
1581 3047 1722 3105 hunc
1748 3065 2058 3109 sermonem

476 3129 736 3186 habemus
771 3133 985 3203 quando
1029 3137 1292 3203 volumus,
1341 3154 1572 3212 eumque
1615 3150 1672 3198 et
1717 3143 1970 3214 dicimus,
2009 3154 2065 3203 et

476 3221 814 3290 reprimimus
843 3239 856 3277 :
886 3225 1268 3282 eructationem
1290 3239 1466 3286 autem
1495 3247 1602 3288 non
1633 3235 1836 3291 itidem.
1870 3235 2066 3294 Osten-

472 3313 605 3368 dens
655 3315 833 3384 itaque
869 3330 988 3386 quae
1015 3316 1264 3373 dicuntur
1305 3337 1409 3376 non
1458 3337 1579 3380 esse
1612 3325 1829 3382 humani
1875 3328 2058 3394 studii,

475 3404 570 3459 sed
597 3404 798 3460 divina:
827 3407 1207 3476 inSpirationis,
1239 3426 1357 3481 qum
1385 3429 1511 3468 eum
1537 3418 1808 3487 incitabat,
1846 3431 2060 3478 eructa-

473 3497 669 3549 tionem
703 3497 1036 3566 prephetiam
1061 3501 1363 3568 appellavit.
1409 3504 1866 3572 Quemadmodum
1913 3514 2057 3568 enim

477 3590 528 3641 in
571 3591 904 3646 ernctatione
948 3592 1000 3645 id
1028 3593 1169 3662 quod
1208 3596 1283 3662 lit,
1330 3597 1504 3652 oritur
1539 3614 1604 3654 ex
1633 3603 1882 3670 qualitate
1906 3605 2057 3661 cibo-

469 3694 586 3733 rum
613 3697 624 3733 :
657 3680 726 3734 ita
752 3681 914 3736 etiam
941 3683 994 3736 in
1017 3682 1258 3739 doctrina
1290 3687 1574 3755 spirituali.
1602 3689 1748 3746 Talia
1777 3709 1904 3763 ergo
1931 3711 2055 3750 eru-

467 3771 667 3837 ctahat,
705 3772 880 3842 qualia
908 3775 1243 3830 comedebat.
1278 3777 1409 3833 Vide
1450 3789 1630 3836 autem
1668 3783 1793 3838 alibi
1841 3801 2055 3856 quoque

466 3862 628 3915 alium
649 3862 958 3932 prophetam
991 3865 1129 3921 hanc
1153 3869 1520 3938 operationem
1546 3872 1894 3932 similitudine
1922 3894 2054 3933 sen-

464 3953 606 4008 sibili
649 3957 1058 4025 exprimentem,
1101 3968 1155 4015 et
1200 3961 1446 4016 volumen
1491 3963 1611 4019 libri
1659 3967 2048 4035 comedentem,

463 4046 622 4118 idque
661 4063 782 4104 cum
808 4052 1096 4122 voluptate.
1146 4053 1271 4109 Fuit
1301 4057 1471 4125 enim,
1507 4057 1695 4128 inquit,
1724 4061 1778 4114 in
1819 4078 1905 4116 ore
1940 4080 2052 4119 meo

461 4147 717 4209 tamquam
744 4143 842 4196 mel
867 4144 1016 4200 dulce
1038 4143 1251 4218 (Ezech.
1281 4148 1333 4203 3.
1365 4149 1441 4220 5).
1476 4149 1611 4218 Quia
1637 4167 1763 4223 ergo
1791 4155 2050 4224 Spiritua-

460 4228 566 4283 lem
595 4234 819 4302 gratiam
849 4247 1194 4307 acceperunt,
1243 4241 1324 4295 eis
1361 4256 1574 4313 quoque
1619 4244 1809 4299 similia
1842 4257 2052 4303 eructa-

460 4329 603 4374 runt.
644 4321 796 4390 Quod
836 4327 978 4380 enim
1019 4343 1118 4383 nec
1164 4329 1234 4385 de
1270 4329 1372 4386 hac
1419 4334 1751 4390 eructatione
1785 4339 2047 4405 sensibili,

384 4415 388 4418 '
457 4426 558 4466 nec
584 4413 653 4467 de
689 4415 823 4469 cibis
862 4427 1067 4487 agatur,
1099 4421 1224 4477 audi
1272 4422 1525 4493 quidnam
1565 4435 1790 4492 eructet,
1830 4437 1886 4484 et
1927 4431 2047 4501 quis

456 4503 547 4558 ille
593 4507 662 4560 sit
689 4508 779 4578 qui
799 4520 1024 4566 eructat.
1055 4511 1170 4567 Non
1197 4515 1524 4584 stomachus,
1555 4519 1645 4589 qui
1691 4531 1776 4575 est
1799 4521 2042 4577 ciborum

455 4601 867 4668 receptaculum,
916 4604 1012 4658 sed
1057 4620 1170 4661 cor.
1221 4606 1486 4663 Eructavit
1533 4611 1698 4675 enim,
1731 4612 1922 4683 inquit,
1955 4631 2044 4668 cor

452 4707 635 4744 meum.
671 4693 735 4747 Et
758 4694 884 4763 quid
913 4698 1166 4753 eructat?
1205 4698 1319 4754 Non
1350 4701 1548 4766 cibum,
1579 4718 1679 4758 nec
1709 4715 1916 4774 potum,
1946 4705 2041 4761 sed

454 4800 574 4854 qum
600 4794 725 4839 sunt
752 4801 951 4842 mensae
978 4800 1298 4858 opportuna,
1327 4790 1529 4846 Bonum
1573 4796 1796 4860 verbum,
1846 4812 2040 4868 nempe

451 4874 520 4928 de
547 4873 831 4946 Unigeuito
857 4894 872 4931 :
893 4877 939 4933 is
962 4888 1046 4934 est
1072 4881 1214 4935 enim
1237 4883 1469 4939 maxime
1487 4883 1678 4940 bonus.
1720 4885 1845 4942 Veni
1868 4890 2034 4956 enim,

450 4965 642 5036 inquit,
672 4984 774 5021 non
801 4978 856 5021 ut
869 4968 1098 5040 iudicem
1126 4972 1394 5039 mundum,
1437 4975 1527 5028 sed
1554 4984 1610 5029 ut
1652 4977 1900 5032 mundum
1929 4980 2036 5033 sal-

446 5076 564 5114 vum
589 5060 777 5128 faciam
802 5060 980 5135 (locu.
1000 5063 1088 5119 12.
1109 5065 1226 5136 47).
1250 5065 1436 5122 Omnia
1463 5067 1608 5123 mitia
1637 5084 1702 5124 ac
1730 5080 2032 5138 mansueta,

445 5153 623 5206 (illiilla
651 5153 913 5224 supplicio
935 5155 1123 5211 libera.
1158 5157 1373 5213 Eruetat
1393 5167 1572 5216 autem
1602 5161 1748 5228 talia,
1776 5165 2030 5233 quoniam

444 5261 540 5300 eor
567 5262 724 5302 suum
767 5249 1101 5320 expurgavit.
1137 5250 1594 5319 Quemadmodum
1643 5256 1785 5311 enim
1819 5265 2034 5326 venter,

441 5339 657 5406 quando
697 5340 930 5396 sordidis
962 5343 1140 5399 succis
1168 5341 1329 5399 fuerit
1358 5344 1567 5415 plenus,
1596 5347 1676 5403 eis
1715 5357 1943 5420 cognata
1975 5359 2030 5406 et

441 5433 742 5489 consimilia
765 5444 995 5502 eructat,
1023 5435 1118 5492 sed
1155 5436 1370 5507 quando
1409 5453 1570 5496 sanus
1597 5437 1778 5506 fuerit,
1811 5440 1860 5496 ei
1892 5455 2028 5510 quo-

439 5543 544 5596 que
581 5527 987 5584 convenientem
1021 5527 1132 5584 edit
1156 5529 1543 5584 eructationem
1582 5549 1595 5584 :
1625 5531 1698 5586 ita
1741 5531 1901 5587 etiam
1932 5547 2026 5586 cor

442 5619 716 5689 prophetae
768 5629 1047 5692 postquam
1080 5619 1179 5674 fuit
1202 5635 1232 5673 a
1275 5623 1506 5691 peccatis
1544 5620 1791 5689 liberum,
1821 5624 2026 5691 accepit

435 5712 660 5778 gratiam
677 5709 925 5779 Spiritus,
943 5722 999 5768 et
1013 5721 1219 5768 eructat
1232 5712 1453 5768 verbum
1471 5712 1689 5769 bonum.
1713 5713 1846 5769 Hinc
1861 5715 2020 5769 etiam

434 5801 637 5869 aliquid
671 5802 816 5862 aliud
846 5803 1119 5872 discimus,
1152 5819 1343 5875 nempe
1371 5805 1654 5876 prophetas
1698 5821 1806 5862 non
1846 5805 2012 5862 fuisse

1214 327 1271 384 S.
1312 325 1590 384 JOANNIS
1624 326 2102 384 CHRYSOSTOMI
2143 327 2466 388 ARCIIIEP.
2507 330 3056 392 CONSTANTINOP.

3684 347 3789 403 181

2194 443 2333 497 sicut
2347 461 2407 499 va
2417 455 2514 502 tes.
2535 446 2644 502 Illic
2657 449 2800 505 enim
2817 452 3028 521 quando
3043 453 3253 510 dmnmn
3265 456 3494 514 animum
3510 461 3784 530 invaserit,

2194 535 2349 590 orbat
2377 548 2608 594 mentem
2630 556 2694 596 ac
2715 545 3109 614 cogitationem,
3133 557 3187 603 et
3211 554 3472 607 rationem
3511 554 3781 622 obscurat,

2194 638 2247 682 et
2270 630 2338 683 ita
2362 634 2538 688 omnia
2562 635 2636 690 illi
2655 652 2750 691 ore
2772 652 2870 692 suo
2898 639 3209 710 loquuntur,
3235 655 3414 701 mente
3436 646 3569 704 nihil
3589 651 3783 708 intelli-

2191 733 2349 792 gente
2365 719 2553 781 eorum
2565 745 2683 798 qute
2697 729 3008 800 loquuntur,
3031 751 3135 790 non
3149 751 3307 794 secus
3324 753 3388 795 ac
3403 739 3449 796 si
3467 741 3589 798 tibia
3607 745 3782 816 aliqua

2193 817 2477 874 inanimata
2500 820 2764 890 loquatur.
2785 824 2900 881 Hoc
2930 828 3088 882 etiam
3113 828 3246 886 dixit
3264 832 3457 904 aliquis
3481 851 3667 892 eorum
3693 841 3782 908 qui

2191 917 2315 963 sunt
2327 909 2466 980 apud
2481 911 2626 982 ipsos
2637 913 3070 988 philosophorum
3087 920 3164 991 (α)
3175 963 3192 988 ,
3209 923 3292 979 his
3305 927 3480 982 verbis
3494 944 3508 979 :
3527 927 3784 994 Quemad—

2189 1001 2396 1056 modum
2413 1003 2452 1056 ii
2473 1005 2561 1075 qui
2578 1021 2821 1078 responsa
2849 1021 3038 1065 canunt
3059 1022 3107 1067 et
3134 1023 3271 1070 vates
3291 1018 3455 1072 multa
3475 1022 3676 1090 quidem
3696 1025 3797 1078 di.‘

2188 1103 2325 1160 cunt,
2343 1110 2514 1152 eorum
2526 1107 2692 1153 autem
2707 1117 2821 1168 qua
2835 1102 3028 1172 dicunt,
3047 1106 3175 1162 nihil
3187 1108 3370 1164 sciunt.
3387 1110 3492 1167 Sed
3506 1128 3608 1168 non
3627 1116 3696 1170 ita
3714 1117 3782 1172 fa-

2186 1184 2259 1241 cit
2288 1198 2507 1244 sanetus
2541 1190 2792 1260 Spiritus,
2839 1193 2935 1250 sed
2973 1199 3230 1264 permittit
3269 1209 3328 1255 ut
3366 1217 3462 1258 cor
3490 1219 3779 1276 cognoscat

2185 1292 2305 1346 qua:
2343 1277 2611 1336 dicuntur.
2657 1282 2710 1338 Si
2757 1286 2900 1340 enim
2946 1302 3053 1342 non
3096 1304 3464 1360 cognosceret,
3506 1300 3776 1367 quomodo

2185 1368 2406 1435 diceret,
2447 1371 2663 1429 Verbum
2696 1376 2926 1434 bonum?
2959 1379 3173 1436 chmon
3203 1385 3366 1449 enim,
3397 1396 3578 1457 utpote
3604 1390 3775 1448 hostis

2187 1472 2242 1526 et
2273 1463 2543 1534 inimicus,
2572 1481 2694 1523 cum
2725 1468 2999 1526 hominum
3023 1485 3210 1530 natura
3233 1475 3431 1532 bellum
3453 1491 3590 1550 gerit
3613 1499 3627 1534 :
3654 1482 3774 1552 Spi-

2182 1556 2316 1610 ritus
2349 1566 2526 1612 autem
2571 1569 2808 1627 sanctus,
2850 1573 2909 1617 ut
2950 1563 3041 1634 qui
3087 1567 3253 1622 nostri
3288 1584 3468 1625 curam
3509 1583 3679 1641 gerat,
3719 1584 3773 1631 et

2181 1645 2445 1704 beneﬁcio
2486 1649 2702 1720 aiﬁciat,
2729 1652 2782 1708 id
2808 1655 2915 1724 agit
2943 1665 3003 1711 ut
3026 1657 3116 1728 qui
3153 1673 3275 1714 eum
3314 1662 3628 1733 suscipiunt,
3659 1667 3768 1722 sint

2180 1752 2370 1795 scmus
2399 1743 2705 1814 participes,
2737 1753 2794 1801 et
2821 1746 2923 1802 illis
2948 1748 3387 1822 intelligentibus,
3418 1757 3620 1812 revelat
3649 1777 3771 1830 «luas

2179 1831 2445 1889 dicuntur.
2475 1833 2609 1891 Dico
2634 1855 2726 1909 ego
2755 1854 2911 1910 Opera
2935 1858 3047 1896 mea
3088 1844 3215 1915 regi.
3241 1847 3415 1915 Alius,
3439 1846 3602 1903 Facta
3633 1869 3769 1907 mea.

2178 1921 2436 1989 Quzenam
2485 1925 2612 1983 dicit
2653 1932 2855 1999 opera?
2897 1932 3261 2004 Prophetiam.
3305 1937 3768 2007 Quemadmodum

2177 2015 2319 2070 enim
2353 2016 2487 2073 fabri
2511 2021 2684 2075 terarii
2713 2037 2848 2093 opus
2873 2034 2956 2081 est
2990 2025 3166 2084 facere
3187 2029 3486 2100 doiabram,
3512 2044 3567 2090 et
3589 2038 3766 2092 archi-

2179 2106 2302 2160 tecti
2347 2105 2566 2164 domum
2612 2110 2811 2180 facere,
2863 2128 2918 2172 et
2956 2119 3170 2174 navium
3202 2119 3533 2180 fabricatoris
3571 2142 3766 2184 navem

2175 2198 2561 2269 compingare:
2597 2202 2664 2256 ita
2707 2215 2790 2260 est
2819 2205 2980 2262 etiam
3011 2211 3282 2279 propheta:
3311 2222 3492 2271 texere
3529 2218 3765 2288 prophe-

2176 2287 2322 2343 tiam.
2352 2292 2505 2358 Quod
2533 2295 2673 2348 enim
2700 2294 2801 2352 hoc
2827 2313 3039 2369 quoque
3062 2302 3132 2356 sit
3155 2317 3312 2373 opus,
3339 2306 3462 2361 audi
3490 2287 3759 2365 Christum

2173 2381 2442 2440 dicentem
2481 2384 2549 2442 de
2574 2391 2853 2459 apostolis,
2894 2391 3100 2466 Dignus
3125 2406 3198 2451 est
3231 2401 3495 2468 operarius
3537 2407 3762 2460 mercede

2173 2489 2268 2527 sua
2303 2472 2452 2546 (Luc.
2484 2477 2570 2533 10.
2606 2479 2680 2551 7).
2713 2481 2782 2536 Et
2803 2483 3000 2540 Paulus
3027 2502 3042 2539 :
3075 2486 3304 2545 Maxime
3331 2493 3418 2560 qui
3447 2493 3678 2550 [aberant
3705 2498 3761 2551 in

2171 2563 2320 2618 verba
2339 2575 2386 2619 et
2405 2565 2632 2622 doctrina
2651 2570 2728 2639 (1.
2751 2570 2882 2628 Tim.
2901 2573 3084 2648 5.17).
3105 2575 3161 2632 Si
3180 2577 3322 2635 enim
3338 2596 3443 2636 non
3465 2593 3580 2639 erat
3603 2601 3759 2656 opus,

2170 2655 2440 2725 quomodo
2467 2657 2650 2715 habuit
2687 2662 2959 2720 laborem?
2989 2666 3128 2734 Quid
3169 2678 3252 2725 est
3280 2673 3420 2727 enim
3457 2673 3561 2731 hoc
3597 2655 3760 2747 opere

2172 2749 2549 2815 prmstantius?
2577 2752 2702 2822 quid
2739 2769 2866 2810 vero
2888 2757 3113 2814 utilius?
3132 2759 3390 2818 Omnibus
3423 2766 3628 2821 artibus
3653 2782 3762 2822 su—

2169 2838 2385 2896 blimius
2412 2853 2512 2898 est.
2546 2844 2824 2912 Quodnam
2869 2857 2951 2905 est
2979 2866 3107 2921 ergo
3148 2853 3251 2910 hoc
3277 2871 3433 2925 opus.
3461 2861 3604 2928 quod
3640 2864 3757 2931 regi

2170 2928 2338 2988 dicit?
2374 2933 2472 2988 Hic
2498 2934 2751 3007 hymnus,
2793 2938 2908 2995 haec
2937 2942 3236 3011 prOphetia.
3265 2944 3384 3000 Non
3411 2947 3547 3003 dixit
3577 2928 3758 3006 autem

2169 3022 2380 3078 cuinam
2417 3027 2555 3096 regi,
2587 3029 2890 3099 signiﬁcans
2923 3047 2982 3088 se
3010 3034 3188 3092 dicere
3219 3037 3328 3093 Deo
3365 3040 3756 3097 universorum.

2168 3113 2624 3182 Quemadmodum
2671 3124 2816 3177 enim
2842 3125 3056 3195 quando
3080 3127 3308 3185 dicimus
3345 3145 3528 3202 regem
3555 3133 3748 3189 Persa-

2167 3222 2308 3274 rum,
2336 3224 2442 3265 non
2466 3211 2782 3282 simpliciter
2808 3225 2864 3272 et
2886 3218 3130 3276 absolute
3171 3236 3351 3292 regem
3378 3223 3623 3291 dicimus,
3654 3225 3757 3282 sed

2165 3299 2444 3370 adjicimus
2468 3303 2772 3374 Persarum,
2804 3309 2874 3365 ita
2900 3312 3058 3368 etiam
3105 3315 3514 3386 Armeniorum;
3541 3322 3756 3390 quando

2165 3406 2344 3450 autem
2375 3405 2618 3452 nostrum
2646 3399 2896 3469 dicimus,
2944 3419 3048 3459 non
3081 3404 3342 3464 habemus
3384 3423 3519 3479 opus
3546 3410 3753 3468 addita-

2164 3493 2369 3554 mento,
2411 3487 2504 3542 sed
2553 3488 2750 3546 sufﬁcit
2793 3493 2949 3549 nobis
2997 3510 3176 3565 regem
3220 3496 3440 3554 dicere:
3469 3500 3539 3554 ita
3587 3503 3756 3558 etiam

2164 3577 2445 3648 prepheta,
2477 3582 2728 3652 quoniam
2763 3584 2997 3656 loquitur
3041 3587 3110 3644 de
3149 3603 3215 3645 eo
3240 3591 3333 3661 qui
3360 3607 3482 3647 vere
3518 3609 3611 3649 rex
3644 3605 3752 3662 est,

2162 3669 2293 3736 satis
2336 3671 2496 3728 habet
2523 3675 2569 3728 si
2609 3675 2773 3743 dicat,
2807 3677 2954 3750 Regi.
3005 3680 3156 3736 Sicut
3190 3684 3331 3738 enim
3372 3699 3491 3740 cum
3519 3687 3757 3744 dicimus-

2161 3765 2605 3834 omnipolentem,
2635 3770 2774 3824 nulla
2801 3787 2934 3843 opus
2971 3773 3231 3831 habemus
3261 3776 3583 3846 adjectione,
3612 3797 3748 3851 quo.

2161 3856 2301 3910 niam
2329 3872 2436 3913 non
2462 3869 2542 3914 est
2567 3860 2702 3915 alius
2723 3863 3103 3933 omnipotens:
3138 3867 3208 3921 ita
3231 3869 3390 3923 etiam
3416 3885 3536 3926 cum
3564 3888 3742 3942 regem

2159 3945 2405 4014 dicimus,
2452 3965 2558 4006 non
2607 3951 2868 4010 habemus
2911 3969 3044 4025 opus
3086 3957 3186 4012 alia
3230 3959 3552 4031 adiectione,
3601 3966 3746 4034 quod

2158 4053 2265 4094 non
2286 4039 2355 4094 sit
2377 4041 2514 4096 alius
2535 4058 2626 4098 rex
2659 4045 2818 4100 Deus.
2847 4045 3095 4118 Alioquin
3115 4059 3293 4105 autem
3322 4051 3369 4106 is
3397 4054 3493 4123 qui
3518 4055 3570 4108 id
3600 4055 3743 4112 dice-

2156 4126 2249 4184 bat
2286 4144 2378 4184 rex
2405 4141 2541 4186 erat.
2571 4131 2725 4189 Unde
2768 4135 2970 4192 clarum
3013 4147 3096 4194 est
3123 4154 3246 4194 eum
3289 4155 3396 4198 non
3430 4141 3499 4200 de
3524 4143 3742 4200 homine

2153 4218 2355 4284 dicere,
2404 4221 2500 4277 sed
2525 4222 2594 4278 de
2622 4224 2734 4280 Deo
2774 4227 3177 4296 universorum;
3229 4241 3286 4287 et
3324 4232 3445 4288 ideo
3473 4250 3579 4290 non
3612 4236 3740 4293 dixit

2152 4319 2374 4382 βασιλεῖ,
2391 4313 2486 4369 sed
2511 4325 2578 4386 τῷ
2599 4325 2814 4387 βασιλεῖ,
2844 4317 3142 4389 adjectione
3181 4323 3392 4378 articuli
3413 4327 3742 4395 peculiarem

2151 4405 2568 4464 dominationem
2593 4411 2901 4468 ostendens.

2220 4499 2276 4554 2.
2317 4500 2517 4557 Deinde
2537 4517 2720 4559 rursus
2739 4502 3018 4562 declarans
3046 4521 3165 4576 quia
3185 4506 3453 4575 dicuntur,
3483 4525 3589 4566 non
3611 4527 3734 4569 esse

2149 4590 2218 4646 ab
2247 4591 2464 4649 homine
2487 4594 2805 4666 excogitata,
2837 4597 3087 4654 meditata
3117 4611 3172 4655 et
3194 4606 3522 4673 composita,
3554 4605 3648 4659 sed
3674 4622 3735 4660 ea

2147 4700 2268 4744 esse
2290 4686 2484 4743 divinte
2508 4688 2718 4759 gratim,
2740 4700 2794 4745 et
2813 4703 2873 4746 se
2894 4699 3097 4746 tantum
3121 4691 3353 4763 linguam
3384 4695 3463 4749 eis
3492 4710 3734 4750 commo-

2144 4777 2323 4847 dasse,
2353 4780 2628 4849 subjunxit
2655 4799 2670 4837 :
2692 4780 2893 4853 Lingua
2912 4799 3024 4838 mea
3047 4784 3274 4838 calamus
3297 4785 3475 4840 scriba:
3501 4787 3737 4842 velociter

2143 4871 2423 4926 scribentis.
2455 4871 2703 4927 Calamus
2723 4885 2902 4928 autem
2924 4888 2987 4929 ea
3004 4874 3208 4942 scribit,
3237 4891 3357 4945 quae
3377 4877 3529 4946 jubet
3544 4895 3732 4936 manus

2141 4963 2258 5034 ejus
2281 4963 2373 5033 qui
2401 4978 2526 5018 eum
2553 4972 2721 5020 tenet.
2749 4965 2902 5020 Alius
2929 4973 3109 5021 autem
3135 4965 3287 5030 dicit,
3317 4966 3518 5039 Lingua
3545 4988 3656 5025 mea
3675 4984 3728 5026 ut

2139 5053 2301 5126 stylus
2322 5053 2498 5109 milia:
2524 5055 2718 5111 celeris.
2750 5055 2891 5125 Quid
2926 5057 3027 5112 sibi
3055 5056 3170 5113 vult
3206 5057 3372 5126 illud,
3405 5057 3635 5116 Ceteris?
3661 5063 3731 5119 Ut

2138 5163 2206 5202 ex
2234 5163 2300 5203 eo
2324 5162 2538 5218 quoque
2575 5147 2824 5204 ostendat
2850 5149 3097 5219 gratiam.
3141 5149 3241 5217 Qui
3268 5151 3412 5206 enim
3434 5152 3633 5224 aliquid
3660 5171 3728 5211 ex

2135 5255 2197 5296 se
2223 5241 2487 5312 prolatum
2514 5242 2766 5312 loquitur,
2793 5241 2971 5298 diﬁ'ert
2992 5252 3047 5298 et
3074 5253 3390 5310 cunctatur,
3423 5246 3686 5302 meditans
3705 5290 3723 5314 ,

2134 5347 2498 5404 componens,
2544 5333 2828 5404 impeditus
2855 5335 3222 5405 ignoratione,
3254 5336 3465 5392 inscitia
3497 5346 3552 5392 et
3590 5337 3725 5393 dila-

2132 5426 2316 5491 tione;
2345 5434 2399 5484 et
2424 5427 2586 5481 multa
2613 5434 2739 5482 sunt
2763 5443 2883 5496 qua:
2905 5427 3242 5484 velocitatem
3268 5429 3532 5483 sermonis
3550 5428 3720 5484 inter-

2132 5519 2346 5574 turbant
2371 5536 2385 5574 :
2413 5519 2625 5589 quando
2649 5529 2826 5574 autem
2849 5531 3082 5576 mentem
3105 5533 3284 5575 movet
3307 5520 3559 5590 Spiritus,
3587 5520 3719 5574 nihil

2129 5612 2377 5683 estquod
2421 5613 2836 5688 impediat;sed
2876 5614 3015 5668 sicut
3071 5628 3224 5684 aqua:
3279 5615 3547 5684 impetus,
3593 5629 3716 5669 cum

2126 5747 2285 5861 99(αᾶ
2297 5746 2426 5798 Plato
2463 5749 2516 5797 in
2535 5745 2745 5811 Apolog.
2769 5747 2974 5797 Socratis
3009 5760 3058 5810 p.
3099 5745 3182 5808 22,
3201 5755 3257 5807 c,
3281 5751 3336 5797 et
3364 5749 3416 5797 in
3435 5753 3710 5809 ttenouejp.

2193 5845 2210 5871 ν
