4140 6356
401 407 521 463 ⁵185

418 523 807 591 Ἐξηρεύξατο
826 522 864 588 ἡ
891 539 986 589 κη]
999 521 1100 574 διά
1119 539 1238 590 μου
1267 523 1453 592 λόγον
1481 523 1724 592 ἀγαθόν.
1763 523 1975 585 Ἀλλος,

486 595 898 664 Ἐξειρπυσεν.
944 592 1156 657 Ἄλλος,
1213 591 1489 662 Ἐχινήθη
1530 591 1568 661 ἠ
1613 593 1825 664 καρδία
1859 611 1978 663 μου

469 664 629 734 λόγῳ
656 660 872 732 ἀγαθῷ-

471 811 541 858 α¹.
558 805 887 877 Ἐϐουλόμην
903 807 1156 878 παρεῖναι
1170 809 1288 862 νυνί
1309 805 1593 870 Ἰουδαίους
1617 806 1862 870 ἅπαντας
1884 805 1976 862 καὶ

399 894 692 965 ·“¹Ελληνας,
711 896 804 948 καὶ
817 895 876 948 τὸ
897 895 1100 965 βιϐλίον
1127 895 1284 950 τοῦτο
1302 897 1454 967 παρὰ
1481 896 1750 950 Ἰουδαίων
1774 896 1977 966 λαϐὼν,

403 981 577 1046 οὕτως
603 983 909 1052 ἀναγνῶναι
945 983 1038 1038 τὸν
1071 981 1304 1054 ψαλμόν.
1335 985 1481 1038 Ἴστε
1518 983 1628 1056 γὰρ
1654 984 1826 1056 δήπου
1853 984 1979 1038 τοῦ-

402 1085 486 1131 το,
516 1069 599 1122 δτι
640 1070 735 1123 καὶ
768 1072 825 1123 ἐν
869 1072 984 1134 τοῖς
1010 1068 1380 1140 δικαστηρίοις
1413 1071 1508 1124 καὶ
1550 1070 1826 1141 πανταχοῦ
1859 1072 1979 1125 τότε

408 1157 642 1226 μάλιστα
675 1156 982 1221 ἀνύποπτος
1012 1160 1044 1229 ἡ
1075 1158 1349 1229 μαρτυρία
1375 1157 1485 1210 τῶν
1510 1159 1851 1229 πραγμάτων
1892 1158 1980 1227 γί-

408 1262 576 1307 νεται,
600 1243 729 1298 ὅταν
760 1245 909 1315 παρά
935 1244 1042 1298 τῶν
1072 1244 1282 1315 ἐχθρῶν
1313 1243 1452 1315 αῦτη
1483 1244 1733 1316 φέρηται.
1764 1247 1860 1300 ’Ὶν’
1886 1242 1978 1298 οὖν

404 1339 503 1396 καὶ
535 1334 772 1405 σήμερον
813 1335 969 1387 τοῦτο
1003 1334 1265 1404 συμϐαίη,
1297 1335 1405 1389 ἀπὸ
1435 1337 1533 1406 τῆς
1574 1336 1813 1398 Παλαιάς
1843 1353 1979 1405 παρ-

407 1421 642 1490 εχόμεθα
669 1421 768 1490 τὴν
795 1422 1119 1493 μαρτυρίαν,
1155 1423 1242 1475 ἵνα
1265 1422 1358 1474 καὶ
1391 1423 1631 1476 Ἰουδαῖοι
1663 1423 1756 1474 καὶ
1782 1422 1979 1493 ’Ἐλλη-

407 1522 495 1568 νες
527 1508 1013 1578 καταισχύνωνται·
1061 1509 1302 1562 Ἰουδαῖοι
1345 1508 1462 1579 μὲν,
1491 1508 1974 1577 ἀναγινώσκοντες,

407 1596 503 1654 καὶ
539 1597 600 1647 οὐ
626 1595 1003 1662 γινώσκοντες·
1038 1597 1297 1669 ’Έλληνες
1319 1598 1398 1662 δὲ,
1431 1599 1663 1662 δρῶντες
1694 1599 1843 1670 παρὰ
1871 1598 1978 1652 τῶν

398 1680 619 1750 «ἐχθρῶν
649 1682 716 1736 τά
751 1682 930 1754 βιϐλία
955 1685 1086 1754 ἡμῖν
1110 1687 1403 1756 φερόμενα.
1441 1687 1516 1739 06
1543 1686 1650 1755 γὰρ
1675 1685 1846 1756 δήπου
1878 1703 1976 1738 πε-

411 1767 648 1822 πλάσθαι
698 1772 826 1844 παρ’
876 1771 1034 1844 ήμῶν
1084 1772 1224 1826 αὐτά
1274 1773 1588 1845 δυνήσονται
1633 1773 1831 1841 λέγειν,
1878 1773 1978 1843 οὐχ

409 1857 587 1927 ἡμῶν,
607 1857 743 1912 ἀλλά
769 1859 875 1911 τῶν
897 1859 986 1912 τὸν
1008 1860 1241 1931 Χριστὸν
1262 1860 1685 1932 σταυρωσάντων
1704 1862 1770 1914 τὰ
1799 1861 1978 1932 βιϐλία

410 1947 797 2019 παρεχομένων
825 1937 958 2018 μῖν
989 1948 1059 2002 τά
1081 1950 1209 2020 περὶ
1236 1949 1334 2020 τῆς
1360 1949 1525 2003 αὐτοῦ
1554 1950 1834 2020 δυνάμεως
1863 1950 1978 2003 δια-

406 2036 696 2106 λεγόμενα.
739 2035 876 2089 Ἀλλ’
903 2035 1012 2090 εἴτε
1044 2037 1315 2108 πάρεισιν,
1348 2037 1458 2090 εἴτε
1503 2039 1574 2110 μὴ
1617 2039 1863 2110 πάρεισιν
1889 2031 1978 2091 οὗ·

407 2138 512 2186 τοι,
533 2126 690 2193 ἡμεῖς
718 2123 778 2175 16
805 2123 1070 2194 ἡμέτερον
1100 2125 1431 2194 ποιήσωμεν,
1456 2115 1668 2194 καὶτῆς
1689 2125 1978 2196 ἑρμηνείας

408 2210 694 2283 ἁψώμεθα.
713 2209 804 2276 Εἰς
828 2211 935 2282 γὰρ
961 2212 1052 2265 τὸν
1079 2213 1310 2284 Χριστὸν
1333 2216 1360 2266 6
1384 2213 1598 2284 ψαλμὸς
1613 2208 1764 2277 οὗτος
1781 2215 1978 2284 ἁναγὲ-

408 2315 671 2369 γραπται·
689 2299 768 2351 διδ
784 2301 894 2362 καὶ,
915 2301 1018 2365 Εἰς
1036 2299 1143 2353 τὸν
1159 2300 1491 2367 ἀγαπητὸν,
1519 2301 1632 2361 καὶ.
1661 2301 1672 2319 '
1688 2301 1839 2369 Υπὲρ
1861 2303 1979 2355 τῶν

405 2383 1002 2453 ἀλλοιωθησομένων,
1019 2382 1119 2454 τὴν
1147 2385 1470 2455 προγραφὴν
1490 2383 1625 2454 ἔχει.
1663 2384 1975 2438 Ἀλλοίωσιν

403 2471 516 2542 γὰρ
551 2472 793 2543 μεγάλην
820 2473 952 2542 ἡμῖν
984 2465 1138 2536 οὗτος
1166 2475 1479 2543 εἰργάσατο,
1514 2474 1608 2526 καὶ
1639 2473 1978 2544 πραγμάτων

408 2558 710 2630 μεταϐολὴν
757 2561 850 2614 καὶ
907 2561 1254 2631 μετάστασιν.
1309 2559 1525 2631 Ταύτην
1561 2560 1661 2630 τὴν
1698 2560 1979 2614 ἀλλοίωσιν

403 2647 580 2718 δηλῶν
609 2650 703 2701 καί
729 2649 757 2700 6
786 2647 992 2712 Παῦλος
1014 2649 1216 2716 ἔλεγεν·
1252 2649 1433 2703 Ὥστε
1456 2649 1512 2702 εἴ
1531 2664 1620 2715 τις
1649 2650 1720 2702 ἐν
1750 2649 1981 2717 Χριστῷ

407 2735 585 2805 καινὴ
623 2738 841 2802 κτίσις.
875 2736 966 2790 Διὸ
1015 2736 1111 2788 καὶ
1142 2737 1440 2807 ἀρχόμενος
1470 2737 1566 2806 οὐχ
1613 2736 1756 2790 οὕτω
1793 2737 1975 2807 φησίν·

413 2820 575 2877 Εἶπεν
609 2825 643 2894 ὴ
681 2823 878 2896 καρδία
908 2839 1031 2894 μου.
1066 2823 1284 2894 Ἐπειδὴ
1313 2823 1420 2896 γὰρ
1453 2825 1604 2878 οῦδὲν
1643 2823 1978 2896 ἀνθρώπινον

407 2906 476 2980 ῆν
511 2909 619 2963 τῶν
646 2910 975 2982 λεγομένων,
1001 2910 1115 2964 ἀλλ’
1144 2911 1369 2982 οὐράνια
1399 2911 1494 2964 καὶ
1525 2911 1868 2982 πνευματικά
1896 2911 1977 2963 δι-

409 2999 658 3068 ηγεῖσθαι
691 2997 906 3067 ἔμελλε,
949 2999 1041 3052 καὶ
1070 2998 1172 3050 οὐκ
1203 2997 1262 3062 ἐξ
1304 2998 1508 3061 οἰκείας
1548 2999 1834 3070 εὑρέσεως,
1865 2999 1979 3052 ἀλλ’

406 3088 472 3139 ὲκ
517 3086 668 3149 θείας
716 3085 1015 3157 ἐνεργείας,
1063 3085 1142 3156 τῷ
1185 3085 1407 3154 ὀνόματι
1435 3086 1536 3156 τῆς
1571 3085 1792 3156 ἐρυγνῆς
1821 3086 1979 3139 τοῦτο

409 3174 754 3245 παρίστησιν.
805 3173 1171 3245 Ἐρευγὸμεθα
1222 3175 1328 3243 γάρ
1384 3174 1481 3243 οὐχ
1523 3175 1611 3227 ὅτε
1653 3173 1975 3244 βουλόμεθα·

407 3263 497 3316 τὸν
530 3263 634 3333 μὲν.
661 3263 768 3334 γὰρ
801 3249 958 3330 λόγον
998 3261 1188 3316 τοῦτον
1222 3261 1570 3331 φθεγγόμεθα
1601 3262 1690 3314 ὅτε
1733 3261 1975 3333 θέλομεν,

407 3352 503 3404 καὶ
550 3350 803 3419 λέγομεν,
859 3350 954 3402 καὶ
1006 3349 1328 3420 κατέχομεν·
1378 3351 1475 3418 τὴν
1535 3348 1593 3402 δὲ
1643 3349 1844 3420 ἐρυγὴν
1881 3351 1980 3420 οὐχ

406 3438 624 3507 ὁμοίως.
662 3439 885 3500 Δεικνὺς
911 3436 1089 3489 τοίνυν
1117 3437 1198 3488 ὃτι
1226 3435 1325 3489 οὐκ
1357 3436 1704 3506 ἀνθρωπίνης
1742 3438 1980 3507 σπουδῆς

407 3528 520 3580 ἐστι
548 3527 618 3579 τά
644 3526 931 3596 λεγόμενα,
953 3525 1092 3580 ἀλλὰ
1115 3525 1264 3590 θείας
1293 3526 1576 3589 ἐπιπνοίας
1603 3526 1702 3596 τῆς
1727 3529 1982 3599 κινούσης

406 3615 588 3681 αὑτὸν,
611 3615 812 3684 ἐρυγὴν
840 3615 938 3685 τὴν
967 3615 1301 3684 προφητείαν
1333 3614 1612 3668 ἐκάλεσεν.
1644 3615 1854 3686 Ὥσπερ
1874 3615 1981 3688 γὰρ

407 3704 500 3756 ἐπὶ
531 3703 629 3773 τῆς
650 3702 872 3772 ἐρυγῆς,
901 3703 998 3772 τῆς
1023 3702 1130 3754 τῶν
1155 3702 1336 3755 σιτίων
1363 3701 1646 3772 ποιότητός
1673 3704 1788 3756 ἐστι
1816 3703 1876 3755 16
1906 3720 1984 3772 γι-

406 3793 646 3862 νόμενον,
674 3791 816 3845 οὕτω
841 3791 934 3844 καὶ
963 3793 1054 3844 ἐπὶ
1086 3793 1182 3862 τῆς
1210 3791 1586 3862 πνευματικῆς
1607 3791 1976 3856 διδασκαλίας.

408 3877 643 3931 Τοιαῦτα
681 3878 859 3931 τοίνυν
908 3879 1190 3950 ὴρεύγετο,
1216 3873 1304 3932 οἶα
1334 3879 1429 3932 καὶ
1468 3880 1716 3932 ἐσιτεῖτο.
1747 3881 1888 3951 Ὀρα
1923 3881 1981 3933 δὲ

407 3966 500 4019 καὶ
527 3963 759 4036 ἀλλαχοῦ
794 3964 980 4036 ἓτερον
1008 3967 1292 4037 προφήτην
1325 3965 1552 4036 αἰσθητῇ
1585 3966 1752 4020 εἰκόνι
1780 3967 1981 4037 ταύτην

409 4055 820 4124 παραϐάλλοντα
840 4055 939 4125 τὴν
970 4054 1270 4125 ἐνέργειαν,
1302 4055 1396 4109 καὶ
1424 4055 1668 4110 ἐσθίοντα
1698 4055 1848 4128 [161]
1885 4055 1981 4127 τὴν

410 4144 668 4213 κεφαλίδα
721 4142 815 4196 τοῦ
877 4142 1105 4212 βιϐλίου,
1153 4142 1247 4198 καὶ
1295 4142 1415 4214 μεθ’
1461 4143 1652 4215 ἡδονῆς
1709 4143 1976 4199 ἐσθίοντα.

419 4231 686 4300 Ἐγένετο
711 4230 839 4302 γὰρ,
877 4231 1062 4302 φησὶν,
1109 4231 1179 4284 ὲν
1204 4229 1284 4298 τῷ
1320 4229 1547 4302 σώματί
1576 4249 1696 4301 μου
1734 4232 1814 4298 ὡς
1841 4231 1982 4302 μέλι

405 4318 719 4388 γλυκάζον.
759 4319 911 4373 Ἐπεὶ
950 4314 1045 4372 οῦν
1076 4318 1320 4389 ἐδέχοντο
1349 4319 1448 4388 τὴν
1475 4318 1848 4390 πνευματικὴν
1876 4319 1978 4387 χά-

409 4425 514 4477 ριν,
534 4405 755 4459 τοιαῦτα
780 4406 872 4458 καὶ
897 4405 1211 4477 ήρεύγοντο.
1248 4407 1368 4460 ’Ότι
1408 4404 1514 4476 γὰρ
1545 4405 1604 4457 οὑ
1629 4405 1755 4477 περὶ
1776 4405 1980 4476 ἐρυγῆς

406 4499 434 4550 6
465 4496 620 4564 λόγος
641 4495 741 4564 τῆς
761 4494 1023 4565 αἰσθητῆς
1041 4493 1266 4564 ταύτης,
1289 4493 1412 4547 οὐδὲ
1439 4494 1569 4564 περὶ
1591 4495 1794 4558 σιτίων,
1819 4494 1981 4548 ἄκου-

409 4601 499 4639 σον
534 4585 588 4638 τί
620 4583 925 4656 ἐρεύγεται,
969 4583 1062 4636 καὶ
1085 4583 1170 4646 τίς
1201 4585 1348 4636 ἐστιν
1391 4585 1420 4635 6
1453 4583 1831 4652 ἐρευγόμενος.
1865 4581 1980 4653 Οὐχ

405 4675 434 4726 ὁ
487 4674 754 4744 στόμαχος
797 4675 827 4726 ό
872 4672 942 4725 τά
986 4673 1129 4726 σιτία
1175 4673 1484 4743 δεχόμενος,
1533 4671 1711 4741 ἀλλ’ἢ
1759 4671 1976 4744 καρδία.

419 4761 806 4829 Ὲξηρεύξατο
855 4761 981 4831 γάρ,
1033 4761 1216 4829 φησὶν,
1269 4761 1307 4828 ἠ
1354 4757 1570 4827 καρδία
1610 4775 1750 4828 μου.
1786 4759 1896 4812 Καὶ
1928 4758 1981 4812 τί

407 4849 724 4920 ἐρεύγεται;
756 4850 830 4902 Ού
867 4852 1031 4913 σῖτον,
1081 4849 1202 4901 οὐδὲ
1234 4848 1412 4911 ποτὸν,
1451 4847 1588 4901 ἀλλά
1630 4847 1698 4900 τὰ
1742 4847 1979 4916 συγγενῆ

407 4941 472 5010 τῇ
507 4938 774 5008 τραπέζῃ.
808 4937 1004 5006 Λόγον
1036 4935 1282 5006 ἀγαθὸν,
1314 4936 1406 4989 16v
1447 4935 1576 5006 περὶ
1609 4934 1703 4988 τοῦ
1739 4936 1980 5002 Μονογε-

405 5023 548 5087 νοῦς·
583 5017 737 5086 οὗτος
769 5023 878 5094 γὰρ
909 5023 1143 5094 μάλιστα
1183 5023 1404 5092 ἀγαθός.
1445 5019 1668 5077 Ἦλθον
1716 5023 1842 5094 γὰρ,
1881 5041 1982 5094 φη-

409 5110 513 5175 σὶν,
557 5114 670 5179 οὺχ
710 5112 811 5165 ἵνα
845 5112 1024 5178 κρίνω
1056 5111 1162 5164 τὸν
1195 5112 1447 5180 κόσμον,
1491 5111 1627 5165 ἀλλ’
1666 5111 1769 5165 ἵνα
1803 5110 1980 5164 σώσω

407 5198 514 5252 τὸν
541 5198 793 5266 κόσμον.
825 5197 1010 5252 Πάντα
1046 5198 1314 5272 προσηνῆ,
1348 5199 1524 5252 πάντα
1568 5199 1841 5262 κολάσεως
1871 5199 1981 5251 άπ-

405 5287 740 5356 ηλλαγμένα.
782 5286 1098 5358 Ἐρεύγεται
1126 5287 1183 5340 δέ
1212 5287 1458 5351 τοιαῦτα,
1494 5288 1681 5358 ἐπειδὴ
1713 5287 1812 5356 τὴν
1848 5304 1981 5357 καρ-

405 5373 524 5428 δίαν
552 5374 715 5428 αῦτοῦ
751 5372 1100 5446 ἐξεκάθαρεν.
1134 5375 1344 5445 Ὥσπερ
1373 5375 1481 5447 γάρ
1512 5378 1544 5446 ἡ
1573 5375 1804 5446 γαστὴρ,
1849 5377 1979 5429 ὅταν

407 5463 504 5532 μὲν
539 5462 801 5534 ῥυπαρῶν
833 5463 975 5535 γέμῃ
1001 5463 1212 5536 χυμῶν,
1245 5463 1480 5534 συγγενῆ
1515 5464 1724 5527 τούτοις
1757 5464 1980 5532 ἐρεύγε-

406 5569 516 5614 ται,
550 5553 679 5604 ὅταν
729 5551 773 5604 δ’
802 5553 1008 5624 ὑγιεινή
1059 5569 1143 5616 τις
1176 5548 1309 5606 οὖσα
1342 5551 1603 5622 τυγχάνῃ,
1647 5551 1978 5621 κατάλληλον

406 5644 632 5693 ποιεῖται
669 5640 765 5712 τὴν
799 5643 1019 5712 ἐρυγήν·
1047 5641 1188 5694 οὕτω
1225 5639 1318 5694 καλ⁸
1349 5643 1382 5711 ἡ
1413 5640 1607 5710 καρδία
1637 5639 1732 5692 τοῦ
1766 5637 1980 5711 Προφή-

407 5743 519 5788 του,
553 5729 735 5800 ἐπειδὴ
756 5730 1166 5800 ἁμαρτημάτων
1191 5725 1258 5799 ἦν
1291 5728 1703 5799 ἀπηλλαγμένη,
1731 5728 1978 5800 Πνεύμα-

409 5831 577 5884 ματος
611 5815 826 5882 ἐδέξατο
864 5818 1041 5890 χάριν,
1085 5819 1178 5872 καὶ
1216 5818 1370 5886 λόγον
1403 5817 1688 5888 ἐρεύγεται
1758 5816 1976 5887 ἀγαθόν.

1499 405 1868 465 EXPOSITIO
1905 404 1971 460 ΙΝ
2011 405 2342 466 PSALMUM
2387 411 2569 471 XLIV.

3548 425 3649 480 181

2090 548 2365 605 Ἐντεῦθεν
2394 553 2482 605 καὶ
2508 551 2692 624 ἕτερὸν
2721 572 2772 607 τι
2803 554 3165 628 μανθάνομεν,
3191 558 3272 612 ὅτι
3301 559 3348 612 oi
3377 563 3652 632 προφῆται

2073 637 2174 706 οὐχ
2202 638 2276 700 ὡς
2321 639 2370 691 οἱ
2414 641 2633 710 μάντεις
2677 637 2835 712 ἦσαν.
2875 643 3022 696 Ἐκεῖ
3068 645 3166 714 μὲν
3207 645 3317 717 γὰρ
3349 647 3379 698 6
3420 646 3648 718 δαίμων,

2083 723 2210 776 ὅταν
2241 725 2321 788 εἰς
2348 726 2449 796 τὴν
2471 726 2646 798 ψυχὴν
2680 727 2914 800 ἐμπέσῃ,
2945 733 3112 801 πηροί
3144 731 3241 804 τὴν
3275 732 3529 797 διάνοιαν,
3559 738 3654 788 καὶ

2079 812 2264 864 σκοτοῑ
2296 810 2386 865 τὸν
2417 812 2672 882 λογισμὸν
2693 854 2707 878 ,
2747 815 2840 867 καὶ
2874 814 3045 878 οὕτως
3074 816 3286 872 ἅπαντα
3309 818 3648 890 φθέγγονται,

2074 897 2227 951 οὐδὲν
2271 898 2381 953 τῶν
2419 899 2723 971 λεγομένων
2763 902 3128 972 ἐπισταμένης
3157 906 3255 976 τῆς
3291 905 3528 968 διανοίας
3555 909 3654 962 αύ-

2074 986 2204 1051 τῶν,
2261 987 2376 1040 ἀλλ’
2422 982 2534 1042 οἷον
2591 989 2756 1042 αὐλοῦ
2812 1007 2955 1055 τινος
3001 991 3209 1062 ἀψύχου
3252 989 3644 1062 φθέγγομένου.

2076 1073 2246 1126 Τοῦτο
2273 1075 2366 1127 καί
2395 1092 2476 1139 τις
2503 1077 2613 1128 τῶν
2639 1079 2765 1148 παρ’
2790 1078 2973 1140 αὐτοῖς
3007 1078 3312 1148 φιλοσόφων
3333 1079 3460 1152 ἔφη,
3478 1080 3651 1145 οὕτως

2077 1159 2265 1214 εἰπών·
2293 1162 2522 1231 ’Ὠσπερ
2552 1166 2606 1217 οἱ
2634 1165 2973 1234 χρησμῳδοὶ
3000 1166 3093 1218 καὶ
3119 1169 3172 1219 οὶ
3193 1166 3529 1234 θεομιίντεις
3549 1168 3653 1221 λέ-

2073 1265 2250 1318 roum.
2287 1247 2403 1318 μὲν
2438 1251 2657 1315 πολλὰ,
2705 1252 2875 1305 ἴσασι
2901 1252 2968 1304 δὲ
2999 1252 3192 1320 μηδὲν
3219 1245 3310 1306 ὧν
3338 1254 3645 1322 λέγουσιν.

2086 1336 2223 1388 Ἀλλ’
2252 1337 2312 1388 ού
2353 1338 2413 1389 16
2451 1338 2674 1408 Πνεῦμα
2697 1339 2758 1390 τὸ
2781 1337 2935 1407 ἅγιον
2967 1339 3106 1392 οὕτω
3153 1343 3313 1398 ποιεῖ,
3343 1339 3477 1393 ἀλλὰ
3516 1358 3648 1412 καρ-

2072 1422 2190 1477 δίαν
2230 1425 2453 1495 ἀφίησιν
2486 1425 2682 1480 εἰδέναι
2737 1426 2805 1480 τά
2843 1426 3127 1498 λεγόμενα.
3159 1428 3222 1480 Εἰ
3267 1426 3376 1500 γὰρ
3409 1427 3484 1499 μῆ
3511 1427 3647 1499 ᾔδει,

2075 1510 2190 1573 πῶς
2241 1511 2446 1580 ἔλεγεν,
2493 1513 2688 1581 Λόγον
2725 1514 2984 1583 ἀγαθόν;
3030 1515 3087 1567 '0
3127 1514 3224 1584 μὲν
3269 1514 3376 1584 γὰρ
3418 1515 3648 1586 δαίμων,

2074 1599 2323 1670 καθάπερ
2357 1600 2546 1671 ἐχθρὸς
2583 1600 2674 1652 καὶ
2711 1599 2984 1672 πολέμιος,
3032 1601 3260 1670 πολεμεῖ
3295 1603 3360 1672 τῇ
3394 1601 3551 1671 φύσει
3581 1606 3648 1674 τῇ

2072 1682 2388 1757 ἀνθρωπίνῃ
2419 1696 2468 1724 α·
2506 1685 2566 1736 16
2601 1683 2657 1736 δὲ
2688 1684 2909 1755 Πνεῦμα
2939 1685 3111 1754 ἆγιον,
3141 1686 3390 1756 καθάπερ
3419 1685 3651 1755 κηδόμε-

2073 1787 2161 1824 νον
2213 1771 2307 1824 καὶ
2341 1771 2681 1842 εὐεργετοῦν,
2715 1775 2988 1829 κοινωνεῖν
3014 1773 3116 1844 τῆς
3144 1773 3368 1844 γνώμης
3394 1775 3522 1836 τοὺς
3560 1773 3650 1829 δε-

2074 1856 2334 1927 χομένους
2372 1861 2533 1922 ποιεῖ,
2570 1859 2665 1912 καὶ
2697 1860 2834 1930 μετὰ
2874 1863 2971 1931 τῆς
2999 1861 3221 1914 ἐκείνων
3247 1860 3484 1923 διανοίας
3513 1861 3650 1914 ἀπο-

2073 1944 2339 1998 καλύπτει
2375 1946 2443 1998 τά
2486 1946 2773 2016 λεγόμενα.
2815 1947 2980 2016 Λέγω
3011 1945 3125 2016 ἐγὼ
3154 1945 3225 1999 τὰ
3257 1946 3400 2015 ἔργα
3415 1963 3535 2016 μου
3570 1948 3654 2013 τῷ

2067 2031 2335 2096 βασιλεῖ.
2368 2032 2579 2096 Ἄλλος,
2610 2032 2686 2085 Τὰ
2709 2032 3007 2101 ποιήματά
3023 2051 3163 2103 μου.
3203 2034 3378 2105 Ἔργα
3403 2034 3533 2086 ποῖά
3556 2051 3654 2105 φη-

2077 2137 2163 2185 σι;
2201 2120 2309 2191 Τὴν
2337 2120 2696 2192 προφητείαν.
2725 2120 2990 2191 Καθάπερ
3027 2119 3136 2190 γὰρ
3181 2121 3273 2173 τοῦ
3300 2121 3540 2191 χαλκέως
3565 2122 3655 2193 ἐρ-

2073 2223 2190 2274 γον,
2229 2208 2292 2259 τὸ
2334 2207 2638 2278 σκέπαρνον
2679 2207 3035 2277 ἐργάσασθαι,
3083 2208 3177 2261 καὶ
3227 2208 3320 2261 τοῦ
3368 2209 3652 2278 οἰκοδόμου

2075 2296 2134 2349 τὸ
2162 2295 2338 2349 οἰκίαν
2368 2297 2612 2366 ποιῆσαι,
2636 2298 2728 2349 καὶ
2753 2296 2842 2349 τοῦ
2880 2297 3158 2367 ναυπηγοῦ
3184 2296 3246 2350 τὸ
3274 2297 3404 2351 ναῦν
3433 2298 3654 2366 συγκολ-

2074 2381 2257 2452 λῆσαι·
2285 2382 2427 2436 οὕτω
2455 2383 2549 2437 καὶ
2572 2383 2665 2436 τοῦ
2689 2385 2966 2455 προφήτου
2986 2385 3047 2437 τὸ
3073 2385 3406 2456 προφητείαν
3432 2387 3654 2455 ὑφάναι.

2076 2469 2198 2522 ’ὐτι
2231 2470 2339 2541 γὰρ
2369 2475 2464 2523 καὶ
2487 2471 2642 2524 τοῦτο
2662 2471 2820 2542 ἔργον
2846 2473 3015 2537 ἐστὶν,
3043 2472 3273 2526 ἄκουσον
3292 2473 3387 2526 τοῦ
3416 2473 3652 2545 Χριστοῦ

2073 2555 2322 2625 λέγοντος
2375 2559 2504 2630 περὶ
2551 2559 2660 2611 τῶν
2711 2559 3040 2613 ἀποστόλων·
3083 2561 3276 2626 Ἄξιος
3325 2564 3358 2615 ὀ
3402 2561 3653 2630 ἐργάτης

2075 2647 2182 2701 τοῦ
2214 2645 2436 2716 μισθοῦ
2473 2647 2681 2702 αὐτοῦ.
2727 2649 2838 2701 Καὶ
2879 2649 3107 2713 Παῦλος·
3158 2649 3436 2704 Μάλιστα
3464 2653 3519 2704 οὶ
3557 2668 3654 2703 κο-

2074 2732 2327 2797 πιῶντες
2349 2733 2417 2786 ἐν
2450 2733 2611 2802 λόγῳ
2637 2731 2736 2788 καὶ
2769 2733 3155 2801 διδασκαλίᾳ.
3189 2735 3253 2788 Εἰ
3288 2735 3344 2787 δὲ
3376 2735 3451 2807 μὴ
3495 2735 3655 2806 ἔργον

2072 2811 2162 2886 ῆν,
2189 2815 2302 2878 πῶς
2329 2811 2493 2871 κόπον
2523 2813 2666 2888 εἷχε;
2702 2817 2766 2870 Τί
2790 2817 2899 2889 γάρ
2925 2818 3018 2871 τοῦ
3055 2818 3216 2890 ἔργου
3241 2819 3429 2873 τούτου
3457 2821 3654 2891 τιμιὼ-

2073 2919 2230 2974 τερον
2255 2922 2269 2970 ;
2297 2903 2421 2956 τίδὲ
2453 2906 2900 2977 χρησιμώτερον;
2929 2906 3124 2960 Πασῶν
3148 2906 3257 2961 τῶν
3283 2909 3486 2978 τεχνῶν
3507 2910 3654 2961 ἐστιν

2075 2991 2362 3062 ἀνώτερον.
2399 2993 2464 3045 Τί
2491 2991 2583 3046 οὖν
2610 2995 2726 3048 ἐστι
2766 2995 2827 3047 τὸ
2850 2995 3030 3066 ἔργον,
3061 2995 3090 3048 ὃ
3127 2995 3272 3064 λέγει
3308 2997 3386 3067 τῷ
3411 2996 3651 3066 βασιλεῖς

2074 3078 2177 3130 Τὸν
2211 3078 2376 3149 ῦμνον
2399 3079 2607 3142 τοῦτον,
2643 3081 2741 3152 τῆν
2772 3083 3107 3154 προφητείαν
3140 3083 3363 3154 ταύτην.
3410 3087 3520 3139 Καὶ
3555 3088 3655 3139 οῦκ

2075 3160 2196 3219 εἷπε
2227 3165 2364 3236 ποίῳ
2389 3166 2615 3236 βασιλεῖ,
2647 3167 2820 3239 δηλῶν
2843 3171 2922 3222 ὅτι
2947 3169 3023 3239 τῷ
3046 3169 3164 3241 Θεῷ
3193 3171 3302 3225 τῶν
3334 3172 3490 3226 ὅλων.
3527 3173 3657 3224 ’Ὡσ-

2076 3268 2181 3322 περ
2231 3252 2340 3325 γὰρ
2391 3256 2516 3308 ὅταν
2568 3255 2813 3327 λέγωμεν
2857 3257 2948 3309 16v
2990 3258 3215 3328 Περσῶν
3263 3259 3506 3329 βασιλέα,
3557 3260 3656 3330 οὐχ

2075 3340 2263 3404 ἁπλῶς
2285 3341 2507 3412 βασιλέα
2530 3343 2819 3414 καλοῦμεν,
2851 3345 2986 3398 ἀλλὰ
3007 3346 3097 3399 τὸν
3116 3346 3225 3399 τῶν
3249 3347 3472 3418 Περσῶν
3496 3365 3658 3418 προσ-

2074 3428 2315 3498 τίθεμεν,
2347 3429 2554 3482 καὶτὸν
2588 3430 2694 3484 τῶν
2729 3433 3028 3502 Ἀρμενίων
3069 3434 3290 3504 ὁμοίως·
3317 3435 3444 3488 ὅταν
3481 3433 3536 3486 δέ
3566 3435 3656 3487 16v

2075 3517 2344 3588 ήμέτερον
2389 3516 2541 3588 [1621
2598 3517 2864 3588 λέγωμεν,
2895 3520 2977 3582 ,οὐ
3029 3520 3260 3590 δεόμεθα
3314 3521 3652 3592 προσθήκης,

2077 3604 2190 3658 ἀλλ’
2223 3604 2540 3676 ἀρκούμεθα
2571 3605 2648 3676 τῷ
2674 3606 2847 3660 εἰπεῖν
2877 3606 3119 3676 βασιλέα·
3148 3605 3291 3660 οὕτω
3329 3610 3422 3662 καὶ¹
3452 3610 3480 3662 6
3518 3611 3656 3680 [lpo-

2078 3696 2273 3764 φήτης,
2301 3693 2487 3764 ἐπειδὴ
2510 3694 2637 3765 περὶ
2658 3695 2753 3747 τοῦ
2774 3694 2942 3758 ὅντως
2959 3695 3222 3765 βασιλέως
3246 3696 3448 3765 ἔλεγεν,
3474 3698 3658 3768 ἀρκεῖ-

2075 3798 2166 3834 ται
2201 3780 2280 3851 τῷ
2309 3783 2500 3846 εἰπεῖν,
2538 3781 2806 3834 Βασιλεῖ.
2845 3781 3057 3853 Ὥσπερ
3098 3783 3206 3853 γὰρ
3241 3786 3657 3855 παντοκράτορα

2077 3869 2341 3933 εἰπόντες,
2392 3869 2452 3922 οὐ
2501 3867 2736 3939 δεόμεθα
2786 3869 3121 3940 προσθήκης,
3177 3870 3267 3923 διά
3309 3871 3370 3924 τὸ
3401 3871 3478 3942 μὴ
3517 3868 3658 3924 εἶναι

2076 3957 2262 4028 ἕτερον
2295 3957 2728 4028 παντοκράτορα·
2751 3957 2892 4010 οὓτω
2910 3957 3137 4027 βασιλέα
3161 3957 3430 4025 λέγοντες,
3459 3959 3520 4011 οὺ
3543 3957 3657 4010 δεό-

2080 4044 2217 4112 μεθα
2247 4045 2439 4114 ἑτέρας
2479 4044 2816 4116 προσθήκης,
2851 4045 2939 4097 διὰ
2981 4044 3041 4097 τὸ
3070 4044 3144 4114 μὴ
3171 4041 3309 4098 εἶναι
3347 4045 3530 4116 ἕτερον
3560 4045 3657 4116 βα-

2079 4131 2230 4186 σιλέα
2255 4131 2406 4187 Θεόν.
2432 4133 2638 4195 ’Ἄλλως
2661 4133 2715 4186 δὲ
2739 4133 2832 4186 καὶ
2857 4133 2886 4184 ὁ
2906 4130 3100 4200 λέγων,
3127 4131 3379 4201 βασιλεὺς
3400 4128 3657 4204 ἦν.”Οθεν

2077 4220 2236 4291 δῆλον
2279 4221 2360 4274 ὅτι
2392 4221 2453 4274 οῦ
2489 4223 2615 4291 περὶ
2647 4219 2933 4291 ἀνθρώπου
2976 4219 3182 4290 ἔλεγεν,
3229 4220 3366 4273 ἀλλά
3398 4221 3527 4292 περὶ
3563 4222 3656 4275 τοῦ

2079 4309 2184 4361 τῶν
2207 4307 2343 4362 ὅλων
2365 4309 2520 4362 Θεοῦ·
2550 4309 2638 4363 διὰ
2665 4307 2824 4361 τοῦτο
2845 4309 2945 4361 οὐκ
2971 4303 3116 4374 εἷπε,
3138 4308 3376 4372 Βασιλεῖ,
3395 4309 3550 4364 ἀλλὰ.
3576 4309 3659 4375 Τῷ

2068 4391 2344 4457 βασιλεῖ,
2378 4394 2443 4462 τῇ
2492 4391 2781 4464 προσθήκῃ
2828 4391 2922 4443 τοῦ
2977 4391 3178 4462 ἄρθρου
3231 4391 3329 4462 τήν
3363 4393 3655 4463 κυριότητα

2079 4493 2155 4526 πα
2164 4476 2368 4545 ριστάς.

2150 4560 2214 4630 β’.
2247 4555 2384 4614 Εἶτα
2424 4557 2584 4612 πάλιν
2617 4557 2828 4622 δεικνὺς
2860 4559 2941 4612 ὅτι
2967 4558 3065 4611 οὐκ
3093 4557 3439 4631 ἀνθρωπίνης
3469 4554 3537 4630 ῆν
3569 4561 3658 4612 ὲν-

2081 4652 2228 4712 νοίας
2259 4649 2327 4702 τὰ
2353 4649 2638 4720 λεγόμενα,
2681 4649 2773 4702 καὶ
2808 4648 3037 4718 μελέτης
3069 4649 3163 4702 καὶ
3201 4648 3492 4719 συνθήκης,
3525 4649 3659 4704 ἀλλὰ

2080 4739 2228 4803 θείας
2249 4741 2465 4811 χάριτος
2491 4738 2582 4791 καὶ
2603 4738 2701 4807 τῆν
2723 4738 2965 4806 γλῶτταν
2993 4737 3159 4809 μόνην
3180 4738 3338 4802 αὐτὸς
3365 4739 3653 4804 ἐδάνεισεν,

2080 4829 2377 4896 ἐπήγαγεν·
2433 4827 2494 4880 Ἠ
2539 4825 2790 4895 γλῶσσά
2815 4844 2934 4895 μου
2975 4825 3244 4894 κάλαμος
3280 4827 3660 4896 γραμματέως

2081 4914 2443 4985 ὀξυγράρου.
2481 4915 2541 4967 '0
2564 4914 2619 4966 δέ
2649 4913 2893 4984 κάλαμος
2922 4913 3094 4967 ταῦτα
3121 4913 3343 4984 γράφει,
3367 4916 3511 4988 ἅπερ
3540 4914 3654 4986 an;

2079 5008 2383 5077 κατέχουσα
2425 5004 2584 5058 αὐτὸν
2626 5003 2820 5076 κελεύῃ
2845 5003 2986 5074 χείρ.
3021 5004 3248 5076 Ἕτερος
3287 5003 3344 5057 δέ
3372 5021 3553 5075 φησιν·
3592 5005 3660 5060 ’11

2079 5095 2331 5166 γλῶσσά
2363 5115 2482 5167 μου
2523 5097 2602 5162 ὠς
2644 5095 2927 5165 γραφεῖον
2972 5097 3239 5166 »γραφέως
3286 5097 3550 5166 ταχινοῦ.
3594 5097 3659 5149 Τί

2081 5185 2326 5258 βούλεται
2349 5187 2428 5251 16,
2458 5183 2744 5256 Ταχινοῦ;
2769 5185 2885 5238 Ἵνα
2914 5183 3206 5238 κάντεῦθεν
3237 5185 3336 5256 τὴν
3364 5186 3523 5256 χάριν
3553 5185 3659 5238 δείο

2082 5275 2166 5346 ξῃ.
2205 5276 2266 5328 Ὅ
2307 5274 2404 5345 μὲν
2453 5273 2562 5346 γὰρ
2615 5272 2828 5327 οἴκοθεν
2879 5272 3269 5343 φθεγγόμενος,
3330 5273 3512 5342 μέλλει
3565 5273 3659 5324 καὶ

2083 5362 2330 5434 βραδύνει
2407 5360 2662 5432 μελετῶν,
2735 5361 3021 5424 συντιθεὶς,
3077 5361 3496 5431 ἐμποδιζόμενος
3564 5363 3658 5413 καὶ

2082 5450 2273 5522 ἀγνοίᾳ
2304 5450 2397 5504 καὶ
2429 5449 2639 5521 ἀμαθία
2671 5449 2769 5502 καὶ
2811 5447 3085 5520 μελλήσει,
3121 5449 3212 5501 καὶ
3241 5448 3409 5501 πολλά
3449 5450 3564 5500 ἐστι
3590 5447 3659 5499 τὰ

2081 5539 2453 5610 λυμαινόμενα
2479 5538 2556 5609 τῷ
2582 5537 2738 5608 τάχει
2763 5537 2855 5591 τοῦ
2881 5537 3056 5605 λόγου·
3087 5537 3214 5589 ὅταν
3240 5535 3296 5588 δέ
3324 5533 3545 5603 Πνεῦμα
3575 5550 3659 5586 κι-

2081 5633 2146 5701 νῇ
2177 5628 2276 5702 τὴν
2301 5629 2558 5694 διάνοιαν,
2582 5629 2733 5684 οὐδὲν
2759 5629 2820 5682 16
2849 5627 3076 5681 κωλύον·
3113 5625 3228 5680 ἀλλ’
3260 5624 3450 5696 ὥσπερ
3468 5622 3658 5684 ὓδατος

2145 5769 2168 5795 ⁸
2192 5765 2300 5814 Duo
2332 5778 2447 5813 mss.
2487 5763 2684 5827 πολεμεῖ
2716 5765 2800 5821 τὴν
2826 5762 2962 5825 φύσιν
2995 5761 3079 5818 τήν
3126 5759 3434 5824 ἀνθρωπίνην.
3468 5755 3567 5807 Alii
3601 5761 3654 5806 et

2084 5827 2200 5876 edxli
2225 5828 2338 5877 ulin
2358 5832 2518 5876 textu.
