4140 6356
382 403 481 459 185

379 531 569 586 magno
597 524 873 568 murmure
911 505 1241 578 przecipitat,
1268 499 1606 575 progreditur
1635 517 1647 552 :
1683 499 1755 552 ita
1798 495 1970 567 gratia

378 606 610 676 Spiritus
635 619 757 658 cum
789 616 979 673 magna
1002 598 1285 655 celeritate
1315 589 1575 664 procedit,
1607 590 1788 646 omnia
1819 588 1974 651 levia,

378 700 530 769 plana
550 706 606 752 et
626 694 869 765 expedita
903 690 1203 763 proferens.
1239 685 1442 742 Deinde
1461 683 1567 738 hoc
1593 682 1767 753 ipsum
1792 693 1980 734 rursus

378 806 678 862 expurgans
702 830 716 851 ,
748 797 803 843 et
828 784 1117 842 ostendens
1146 780 1276 835 nihil
1302 793 1422 834 esse
1453 777 1741 831 humanum
1785 786 1971 827 eorum

377 860 495 953 qua:
517 860 785 946 dicuntur,
817 875 1093 948 subjungit
1122 873 1210 928 :5.
1242 869 1514 941 Speciosus
1538 867 1704 938 forma
1726 879 1834 935 prae
1859 860 1981 928 ﬁliis

380 975 665 1029 hominum.

460 1063 647 1119 Versus
669 1060 878 1132 quidam
904 1058 1056 1128 hujus
1076 1053 1273 1110 Psalmi
1300 1052 1367 1106 ad
1389 1049 1645 1104 Christum
1665 1049 1974 1118 referuntur;

382 1171 437 1211 ut
468 1174 579 1212 vere
606 1156 759 1226 fuerit
789 1169 985 1224 pauper
1013 1150 1268 1206 Christus.
1289 1176 1361 1188 —-
1380 1143 1628 1201 Nonnulli
1660 1140 1875 1212 quidem
1896 1138 1982 1193 di-

384 1256 513 1303 cunt
539 1246 643 1301 hoc
669 1246 869 1301 dictum
893 1256 1013 1297 esse
1037 1240 1105 1296 de
1126 1240 1324 1309 lingua,
1352 1235 1494 1307 quod
1520 1234 1589 1289 sit
1608 1233 1845 1289 calamus
1864 1245 1987 1300 spe-

386 1341 563 1393 ciosus
593 1336 766 1390 forma
798 1352 813 1389 :
846 1332 976 1387 mihi
1026 1339 1207 1386 autem
1248 1327 1456 1384 videtur
1472 1341 1604 1383 eum
1644 1322 1894 1393 deinceps
1920 1320 1988 1375 de

386 1431 601 1487 Christo
622 1427 821 1482 dicere.
844 1425 910 1481 Et
928 1424 1046 1479 ideo
1062 1422 1202 1476 alius
1222 1434 1434 1489 quoque
1451 1417 1578 1471 dicit
1600 1416 1863 1485 interpres
1889 1412 1984 1481 (u):

392 1519 779 1577 Pulchritudine
806 1526 1014 1571 ornatus
1035 1530 1086 1567 es
1106 1529 1138 1565 u
1161 1510 1283 1581 ﬁliis
1310 1510 1595 1563 hominum.
1629 1506 1817 1576 Magno
1836 1503 1978 1557 enim

393 1615 586 1670 ardore
618 1622 674 1668 et
699 1625 909 1666 summa
934 1609 985 1662 in
1018 1622 1145 1662 eum
1172 1603 1452 1659 aﬂ'ectione
1479 1599 1713 1671 percitus
1737 1640 1751 1664 ,
1774 1595 1840 1651 ad
1868 1610 1991 1651 enm

393 1707 656 1765 convertit
692 1705 1026 1769 orationem,
1071 1696 1518 1769 quemadmodum
1559 1692 1725 1749 Iacob
1780 1703 1993 1761 quoque

395 1800 649 1856 dicebat:
684 1795 769 1851 Ea:
812 1794 1063 1868 germine,
1092 1792 1169 1861 ﬁli
1214 1789 1323 1856 mi,
1362 1784 1636 1841 uscendisti
1655 1802 1673 1846 ;
1704 1782 1994 1836 recumbens

399 1891 683 1946 dormivisti
723 1897 779 1941 ut
806 1888 882 1941 leo
910 1886 929 1956 (
956 1884 1083 1940 Gen.
1111 1882 1205 1938 49.
1235 1880 1333 1949 9).
1374 1880 1414 1933 Α
1450 1878 1561 1932 Deo
1598 1875 1742 1931 enim
1786 1872 1997 1927 afflatus

398 1988 518 2038 eum
547 1996 614 2037 eo
639 1979 891 2047 deinceps
921 1974 1176 2044 loquitur,
1207 1980 1261 2026 et
1287 1969 1351 2025 ad
1380 1968 1554 2039 ipsum
1584 1964 1763 2035 dirigit
1793 1962 1996 2018 oratio-

397 2089 539 2130 nem.
581 2073 694 2128 Hoc
720 2080 896 2125 autem
926 2067 1055 2122 dicit
1080 2079 1187 2119 non
1226 2077 1321 2134 per
1362 2056 1815 2130 comparationem
1844 2070 1857 2106 :
1888 2068 1997 2107 non

398 2168 538 2222 enim
570 2166 727 2230 dixit,
758 2160 1080 2232 Speciosior,
1111 2155 1228 2222 sed,
1256 2154 1531 2224 Speciosus
1552 2154 1718 2222 forma
1740 2162 1847 2217 pra:
1876 2144 1996 2213 ﬁliis

411 2258 691 2313 hominum.
726 2255 849 2316 Haec
883 2248 1225 2323 pulchritudo
1244 2255 1326 2302 est
1352 2244 1453 2299 alia
1478 2243 1545 2299 ab
1564 2242 1675 2297 illa.
1700 2237 1994 2296 Considera

398 2358 575 2405 autem
596 2345 864 2418 quomodo
892 2344 1122 2415 primum
1149 2339 1402 2410 loquitur,
1425 2335 1493 2391 de
1520 2335 1764 2389 humana:
1796 2337 2000 2384 naturae

399 2440 756 2512 susceptione.
784 2434 937 2505 Quod
963 2442 1138 2489 autem
1187 2430 1255 2486 de
1292 2444 1353 2483 ea
1396 2428 1644 2497 loquatur
1667 2466 1682 2490 ,
1714 2420 2001 2477 ostendunt

400 2550 519 2606 qua:
550 2539 863 2602 sequuntur.
890 2527 1023 2583 Cum
1065 2526 1209 2581 enim
1249 2521 1510 2583 dixisset,
1535 2516 1805 2589 Speciosus
1835 2518 2001 2585 {arma

404 2603 510 2694 prie
545 2624 667 2693 ﬁliis
696 2621 981 2685 hominum,
1026 2613 1308 2687 subiunxit
1336 2630 1350 2666 :
1381 2609 1591 2682 Diffusu
1629 2615 1702 2662 est
1741 2604 1907 2676 gratia
1947 2603 2001 2656 in

404 2718 550 2773 labiis
595 2717 715 2770 tuis.
772 2714 914 2769 Deus
978 2718 1155 2765 autem
1218 2720 1325 2762 non
1369 2703 1528 2759 habet
1571 2701 1709 2756 labia
1737 2741 1750 2765 ,
1794 2697 1891 2755 sed
1938 2696 2005 2751 de

405 2812 655 2866 humanae
720 2816 925 2862 natura:
976 2801 1316 2872 susceptione
1370 2799 1561 2867 agitur.
1612 2795 1763 2850 Alius
1820 2801 1998 2847 autem

405 2904 670 2971 interpres
709 2898 926 2962 dicens,
971 2895 1164 2964 Refusu
1205 2902 1277 2947 est
1315 2890 1480 2962 gratia
1515 2888 1661 2943 labiis
1707 2886 1807 2940 tuis
1833 2928 1848 2949 ,
1898 2883 2001 2938 hoc

408 2995 531 3050 fecit
570 2990 825 3063 apertius.
848 2987 985 3055 Quid
1012 2996 1191 3040 autem
1229 2990 1345 3046 est,
1378 2979 1567 3049 Refusu
1596 2986 1688 3044 est,
1720 2976 1821 3031 nisi
1857 2974 2003 3029 velut

406 3088 450 3141 si
488 3086 605 3156 quis
639 3084 873 3146 diceret,
902 3080 1031 3147 Qua:
1056 3085 1173 3133 erat
1197 3076 1339 3130 intus
1361 3115 1377 3139 ,
1404 3070 1671 3134 scaturiit,
1693 3067 2003 3124 emanavit?

406 3176 684 3248 Quomodo
705 3189 835 3245 ergo
858 3172 987 3229 dicit
1020 3171 1157 3225 alius
1199 3166 1453 3238 propheta
1484 3182 1497 3218 :
1536 3162 1767 3217 Vidimus
1792 3166 1959 3231 ipsum
1983 3199 2000 3224 ,

408 3280 456 3325 et
509 3286 611 3323 non
666 3267 839 3322 habuit
901 3262 1117 3333 speciem
1155 3301 1171 3327 ,
1229 3273 1321 3313 nec
1388 3251 1814 3325 pulchritudinem
1843 3291 1858 3315 ,
1915 3248 2003 3302 sed

410 3364 627 3432 speciem
687 3361 799 3426 ejus
854 3356 1145 3410 indecorum
1178 3393 1194 3419 ,
1248 3349 1549 3404 diminutum
1608 3359 1714 3415 prie
1752 3343 1872 3412 ﬁliis
1914 3343 2006 3394 ho-

410 3458 599 3509 minum
629 3451 799 3525 (lsui.
831 3450 922 3506 5'5.
948 3448 1007 3502 2.
1052 3446 1166 3517 3)?
1204 3444 1318 3499 Non
1365 3442 1495 3497 dicit
1534 3438 1603 3495 de
1637 3436 1995 3498 deformitate,

411 3548 587 3601 absit:
634 3542 727 3599 sed
767 3541 837 3597 de
875 3539 993 3609 ejus
1017 3534 1434 3604 contemptione.
1471 3530 1604 3585 Cum
1643 3527 1785 3583 enim
1830 3525 1998 3581 semel

414 3638 702 3692 humanam
750 3640 994 3687 naturam
1034 3626 1400 3696 suscepisset,
1451 3634 1805 3693 quaecumque
1847 3625 2004 3673 erant

413 3730 536 3783 vilia
566 3737 619 3783 et
643 3720 1032 3781 contemnenda
1080 3716 1311 3788 pervasit
1334 3757 1350 3780 ,
1398 3723 1455 3768 ut
1489 3714 1580 3784 qui
1618 3726 1719 3766 nec
1755 3709 1856 3764 sibi
1887 3722 2003 3762 ma-

413 3832 546 3875 trem
583 3819 816 3889 reginam
839 3813 1089 3869 asciverit
1108 3853 1124 3879 ,
1151 3824 1251 3865 nec
1279 3818 1519 3878 tempore
1558 3802 1997 3859 incunabulorum

413 3916 466 3968 in
496 3914 634 3968 lecto
660 3923 827 3966 aureo
854 3906 1055 3978 positus
1084 3905 1173 3969 sit,
1205 3901 1301 3957 sed
1324 3902 1373 3955 in
1406 3897 1651 3970 praesepi,
1678 3911 1777 3951 nec
1805 3896 1856 3950 in
1888 3909 2003 3947 ma-

411 4007 602 4079 gniﬁca
626 4006 791 4059 domo
821 4000 981 4057 fuerit
1003 3998 1281 4063 educatus,
1308 3993 1401 4048 sed
1426 3993 1476 4046 in
1505 3990 1639 4046 fabri
1667 3988 1873 4059 lignarii
1902 3986 2004 4039 hu-

414 4076 524 4154 inili
546 4092 863 4151 domuncula
887 4090 906 4163 (
928 4088 1052 4143 Luc.
1074 4088 1128 4146 2.
1154 4087 1186 4140 7
1209 4084 1249 4157 ).
1275 4084 1341 4139 Et
1368 4096 1550 4137 rursus
1575 4094 1697 4135 cum
1718 4076 2006 4146 discipulos

415 4198 745 4252 assumeret,
780 4200 885 4240 non
916 4183 1162 4237 rhetores
1202 4188 1255 4233 et
1284 4172 1633 4245 philosophos
1674 4168 1881 4237 accepit
1905 4208 1919 4230 ,
1951 4175 2007 4221 ct

417 4300 587 4356 reges,
618 4281 711 4336 scd
740 4281 1027 4349 piscatores
1054 4282 1109 4329 et
1144 4269 1457 4343 publicanos
1484 4264 1505 4338 (
1530 4262 1716 4318 Matth.
1745 4261 1800 4315 4.
1834 4259 1923 4314 18.
1958 4268 2005 4312 et

416 4351 533 4435 9:9
556 4380 607 4446 ):
637 4383 690 4430 et
720 4382 931 4428 tenuem
957 4368 1097 4422 hanc
1121 4365 1284 4419 vitam
1315 4357 1752 4432 persequebatur,
1778 4367 1878 4407 nec
1905 4351 2005 4405 do-

418 4486 562 4527 mum
592 4466 818 4527 habens,
851 4476 951 4517 nec
978 4457 1216 4515 vestibus
1243 4451 1490 4525 pretiosis
1518 4448 1753 4510 indutus,
1782 4458 1882 4501 nec
1909 4441 2007 4497 de-

419 4564 570 4619 licata
616 4571 671 4617 et
706 4560 847 4613 lauta
880 4566 1065 4610 mensa
1109 4548 1293 4603 fruens
1315 4588 1329 4611 ,
1360 4542 1454 4599 sed
1482 4541 1549 4596 ab
1586 4539 1703 4593 aliis
1736 4536 1966 4591 nutritus
1989 4574 2004 4600 ,

392 4656 629 4727 'probris
656 4651 895 4711 affectus,
924 4652 1277 4711 contemptus,
1305 4638 1505 4707 ejectus
1525 4640 1581 4687 et
1605 4630 1812 4700 fugatus
1836 4626 1856 4699 (
1877 4624 2006 4679 Luc.

418 4718 471 4805 ii.
503 4748 572 4804 58
593 4748 632 4815 ).
660 4744 787 4799 Harc
813 4750 991 4794 autem
1029 4732 1256 4789 faciebat
1298 4744 1363 4783 ex
1390 4718 1844 4796 superabundanti
1886 4730 2011 4786 qua-

420 4841 543 4894 dam
591 4836 745 4905 copia
793 4831 1085 4885 humanum
1132 4822 1324 4877 fastum
1364 4814 1704 4872 conculcans.
1748 4806 2009 4877 Quoniam

420 4952 549 5006 ergo
577 4933 647 4987 nil
690 4924 1028 4998 magnificum
1058 4934 1159 4975 nec
1198 4914 1486 4986 gloriosum
1526 4922 1634 4978 pra:
1672 4921 1731 4960 se
1766 4900 2006 4964 ferebat,

421 4998 523 5085 nec
550 5026 686 5081 ullos
716 5023 940 5078 comites
977 5012 1211 5069 habebat
1232 5051 1247 5074 ,
1289 5021 1388 5063 nec
1413 5002 1671 5059 satellites
1694 5041 1709 5065 ,
1748 4998 1856 5051 imo
1881 5008 2010 5050 vero

422 5130 821 5188 nonnumquam
852 5113 1012 5167 etiam
1044 5104 1192 5160 solus
1237 5097 1533 5160 circuibat,
1563 5094 1702 5148 sicut
1726 5088 1951 5161 quilibet
1978 5101 2011 5140 e

424 5213 653 5286 populo,
682 5179 967 5279 propterea
1001 5199 1091 5254 ille
1117 5194 1332 5265 quidem
1373 5187 1518 5250 dicit,
1564 5183 1791 5239 Vidimus
1816 5179 2006 5249 ipsum,

421 5272 467 5361 et
496 5272 596 5359 non
621 5272 802 5355 habuit.
814 5293 1051 5365 speciem,
1081 5303 1169 5341 nec
1191 5278 1616 5355 pulchritudinem
1643 5290 1663 5329 :
1682 5272 1771 5327 hic
1796 5279 1971 5325 autem
1992 5308 2009 5333 ,

423 5397 694 5467 Speciosus
722 5360 885 5454 [arma
910 5398 1014 5457 pra:
1033 5380 1153 5452 ﬁliis
1177 5376 1434 5431 hominum
1459 5368 1626 5443 (Isai.
1666 5367 1758 5422 55.
1781 5363 1816 5416 2
1840 5362 1860 5434 )
1886 5377 1901 5426 ;
1934 5360 2009 5416 sic

421 5452 678 5558 gnificans
715 5479 964 5553 gratiam,
996 5469 1333 5542 sapientiam,
1368 5462 1664 5519 doctrinam
1685 5499 1700 5521 ,
1734 5452 2008 5510 miracula.

425 5544 629 5637 licindc
656 5544 967 5631 describens
990 5565 1108 5636 ejus
1137 5555 1581 5631 pulchritudinem
1612 5550 1777 5605 dicit:
1809 5544 2013 5611 Dflfusa

422 5684 495 5729 cst
528 5670 693 5744 gratia
711 5669 766 5721 in
791 5663 934 5720 labiis
964 5660 1085 5714 tuis.
1116 5654 1276 5710 Vides
1304 5665 1425 5706 eum
1455 5647 1571 5702 hzec
1595 5644 1774 5699 dicere
1812 5639 1881 5694 de
1912 5637 2014 5692 hu-

426 5779 579 5820 mana
625 5762 691 5813 ab
732 5774 796 5811 eo
839 5758 1083 5821 suscepta
1129 5742 1354 5802 natura?
1380 5739 1509 5809 Qua:
1553 5743 1635 5791 cst
1679 5739 1855 5787 autem
1901 5728 2015 5783 hazc

487 5881 563 5941 tu)
597 5876 784 5942 Aquila.

1543 383 1898 444 EXPOSITIO
1934 382 1998 439 IN
2038 379 2358 439 PSALMUM
2397 380 2576 438 XLIV.

3576 370 3676 424 186

2088 492 2302 563 gratia?
2326 492 2431 547 Per
2456 505 2615 562 quam
2659 488 2876 551 docuit,
2910 501 3009 558 per
3048 499 3206 557 quam
3233 482 3361 541 fecit
3398 482 3671 537 miracula.

2084 585 2319 643 Gratiam
2350 585 2437 640 hic
2476 584 2642 650 dicit,
2683 597 2801 638 eam
2827 596 2947 652 qua:
2971 578 3117 634 venit
3135 576 3203 633 ad
3225 590 3449 632 carnem
3473 592 3485 627 :
3509 570 3677 642 Super

2084 697 2264 753 quem,
2293 679 2461 749 inquit
2480 717 2493 742 ,
2525 677 2707 732 uideris
2729 676 2980 746 Spiritum
3019 670 3395 728 descendentem
3422 677 3675 737 tamquam

2086 772 2387 838 columbam,
2411 780 2457 824 et
2480 778 2762 825 monentem
2782 783 2932 838 super
2954 768 3144 836 ipsum,
3176 764 3221 818 is
3242 773 3313 817 est
3342 761 3430 833 qui
3454 759 3676 829 buptizut

2087 865 2280 937 (Joan.
2316 865 2369 918 l.
2399 861 2528 933 53).
2557 859 2742 917 Omnis
2769 859 2911 914 enim
2942 857 3108 928 gratia
3147 854 3313 911 ell‘usa
3338 861 3422 907 est
3463 851 3518 905 in
3545 846 3675 903 illud

2088 958 2365 1029 templum.
2388 955 2503 1010 Non
2525 954 2617 1009 dat
2635 953 2775 1009 enim
2804 951 2877 1007 illi
2897 949 3150 1021 Spiritum
3173 950 3227 1001 in
3251 958 3498 1000 mensura
3522 959 3534 996 :
3564 938 3678 993 Nos

2087 1052 2220 1107 enim
2263 1049 2326 1104 de
2370 1048 2480 1119 ejus
2511 1044 2826 1117 plenitudine
2871 1042 3155 1114 accepimus
3206 1036 3402 1110 (Joun.
3442 1032 3674 1104 1.16)ι;

2091 1144 2219 1199 illud
2246 1152 2422 1198 autem
2453 1139 2713 1210 templum
2752 1136 3012 1206 integram
3050 1140 3106 1187 et
3131 1130 3433 1186 universam
3473 1125 3679 1194 accepit

2091 1238 2338 1309 gratiam.
2404 1234 2519 1291 Hoc
2560 1233 2724 1287 lsaias
2764 1241 2977 1299 quoque
3030 1222 3372 1294 significans,
3421 1216 3673 1280 dicebat,

2094 1332 2385 1403 Requiescet
2410 1344 2562 1400 super
2584 1327 2752 1397 ipsum
2783 1321 3007 1393 Spiritus
3035 1314 3296 1388 sapientia:
3319 1322 3363 1366 et
3389 1309 3679 1380 intelligen-

2095 1400 2217 1489 (ξων,
2250 1422 2473 1493 Spiritus
2510 1416 2706 1472 consilii
2750 1424 2797 1467 et
2838 1411 3034 1465 virtutis
3059 1449 3074 1473 ,
3120 1405 3344 1475 Spiritus
3379 1400 3601 1456 scientiae
3629 1405 3679 1451 et

2096 1516 2313 1587 pietatis.
2347 1513 2572 1585 Spiritus
2607 1508 2800 1564 timoris
2823 1504 2917 1558 Dei
2940 1499 3164 1572 implebit
3198 1499 3365 1568 ipsum
3393 1492 3558 1568 (Isui.
3588 1493 3678 1547 11.

2094 1584 2153 1661 2.
2184 1608 2217 1663 '5
2238 1609 2281 1677 ).
2307 1584 2415 1661 Sed
2439 1604 2548 1659 illic
2572 1599 2786 1673 quidem
2807 1605 2889 1652 est
2915 1597 3121 1664 integra
3141 1598 3195 1647 et
3215 1589 3457 1642 universa
3478 1584 3644 1656 gratia
3666 1599 3678 1634 :

2098 1702 2152 1757 in
2180 1698 2486 1755 hominibus
2507 1706 2684 1751 autem
2710 1708 2892 1764 parum
2924 1687 3071 1761 quid,
3104 1694 3157 1743 et
3182 1692 3327 1754 gutta
3356 1697 3422 1738 ex
3449 1679 3536 1734 illa
3561 1692 3685 1749 gra-

2099 1795 2190 1850 tia.
2222 1794 2510 1861 Propterea
2536 1804 2642 1844 non
2670 1786 2823 1852 dixit,
2854 1785 2932 1839 Do
2954 1782 3229 1853 Spiritum,
3253 1775 3371 1842 sed,
3405 1770 3686 1839 Effundunt

2099 1888 2163 1942 de
2193 1885 2393 1956 Spiritu
2416 1898 2525 1938 meo
2544 1896 2697 1950 super
2717 1893 2917 1932 omnem
2944 1890 3145 1930 carnem
3172 1869 3343 1942 (Joel.
3374 1866 3430 1920 2.
3459 1863 3591 1934 28).

2173 1981 2227 2036 5.
2260 1978 2372 2034 Hoc
2398 1978 2575 2046 itaque
2618 1971 2817 2028 evenit.
2844 1967 3029 2024 Omnis
3056 1965 3199 2020 enim
3240 1961 3389 2016 orbis
3419 1968 3683 2013 terrarum

2102 2074 2308 2145 accepit
2335 2087 2401 2127 ex
2433 2070 2524 2125 illo
2551 2067 2771 2139 Spiritu.
2800 2061 3003 2132 lncepit
3041 2059 3184 2115 enim
3223 2055 3421 2111 donum
3450 2067 3481 2108 a
3511 2048 3685 2105 Palae—

2103 2141 2246 2224 stina
2272 2209 2287 2233 ,
2340 2164 2601 2237 processit
2656 2168 2834 2214 autem
2889 2158 2944 2210 in
3004 2152 3330 2224 Egyptum,
3369 2147 3423 2202 in
3472 2141 3677 2200 Phaeni-

2103 2260 2260 2325 ciam,
2298 2234 2528 2327 Ss'riam,
2556 2251 2815 2313 Ciliciam,
2854 2245 3200 2316 Euphratem,
3226 2234 3688 2308 Mesopotamiam.

2104 2322 2517 2419 Cappadociam,
2552 2342 2835 2406 Galatiam,
2873 2337 3173 2409 Scythiam,
3204 2322 3690 2393 Thraciam,Graa-

2104 2445 2264 2509 ciam,
2300 2440 2558 2503 Galliam,
2587 2435 2812 2498 Italiam,
2835 2444 3048 2485 onmem
3080 2427 3301 2497 Libyam
3327 2464 3343 2488 ,
3377 2420 3646 2488 Europam
3669 2454 3688 2481 ,

2105 2536 2308 2601 Asiam,
2360 2533 2412 2585 in
2456 2531 2630 2601 ipsum
2659 2526 2953 2582 Oceanum.
2999 2518 3137 2588 Quid
3186 2513 3407 2585 longiori
3451 2509 3693 2565 oratione

2106 2645 2241 2700 opus
2261 2626 2674 2694 esttQuantum
2721 2629 2881 2675 terrae
2934 2614 3016 2671 sol
3059 2610 3314 2681 respicit,
3338 2614 3543 2662 tantum
3572 2616 3693 2672 per-

2107 2694 2241 2779 vasit
2267 2721 2381 2776 haec
2405 2718 2572 2791 gratia
2604 2734 2617 2770 :
2656 2724 2711 2770 et
2760 2713 2876 2767 haec
2902 2717 3049 2780 gutta
3070 2719 3134 2760 ac
3161 2700 3305 2759 stilla
3330 2697 3559 2769 Spiritus
3589 2694 3692 2748 im-

2110 2816 2274 2888 plevit
2296 2789 2602 2868 universum
2634 2808 2822 2863 orbem
2854 2814 3117 2858 terrarum
3168 2794 3413 2851 scientia.
3445 2789 3548 2845 Per
3572 2800 3692 2852 eam

2107 2879 2259 2982 signa
2290 2908 2523 2970 fiebant,
2576 2901 2816 2956 omnium
2855 2903 3073 2966 peccata
3123 2887 3489 2946 solvebantur.
3512 2879 3693 2937 Gratia

2110 2971 2286 3058 tamen
2317 3014 2435 3069 quae
2464 2996 2586 3051 data
2617 3001 2701 3048 est
2753 2991 2808 3044 in
2860 2994 2939 3041 tot
2990 2980 3337 3054 regionibus,
3388 2983 3472 3030 est
3519 2971 3693 3040 aliqua

2110 3103 2314 3150 tantum
2336 3065 2471 3161 pars
2495 3096 2552 3142 et
2574 3083 2731 3139 arrha
2762 3079 2908 3136 doni.
2942 3076 3085 3129 Dans
3110 3071 3253 3129 enim
3284 3110 3299 3134 ,
3324 3065 3496 3135 inquit
3548 3066 3694 3129 Apo-

2108 3188 2298 3251 stolus,
2328 3154 2535 3237 urrhum
2558 3176 2783 3248 Spiritus
2810 3173 2862 3227 in
2888 3168 3123 3224 cordibus
3151 3163 3339 3218 nostris
3365 3158 3459 3231 (2.
3489 3154 3609 3211 Cor.
3639 3154 3689 3206 1.

2107 3279 2333 3351 22),hoc
2357 3282 2469 3341 est,
2495 3280 2697 3343 partem
2742 3260 3105 3336 operationis,
3132 3254 3362 3326 Spiritus
3394 3250 3536 3306 enim
3582 3261 3688 3301 non

2110 3340 2384 3427 dividitur.
2412 3340 2547 3417 Vide
2573 3369 2752 3415 autem
2784 3363 3011 3427 quantus
3037 3350 3111 3405 sit
3145 3346 3281 3401 fons.
3314 3343 3416 3398 Alii
3439 3340 3573 3395 enim
3602 3353 3691 3407 per

2111 3465 2360 3537 Spiritum
2380 3460 2531 3513 datur
2559 3468 2722 3510 sermo
2744 3447 3038 3520 sapientiae;
3064 3441 3155 3496 alii
3185 3454 3303 3494 vero
3343 3448 3507 3489 sermo
3531 3431 3697 3485 scien-

2232 3552 2511 3611 secundum
2552 3544 2781 3603 eumdem
2829 3539 3082 3611 Spiritum
3105 3549 3125 3598 ;
3152 3531 3244 3585 alii
3272 3545 3388 3583 vero
3409 3525 3538 3595 ﬁdes
3566 3563 3581 3585 ,
3607 3520 3698 3574 alii

2110 3651 2291 3726 gratiae
2314 3645 2669 3706 curationum;
2699 3637 2790 3693 alii
2813 3650 2929 3690 vero
2957 3629 3277 3701 operationes
3317 3630 3620 3693 potestatum
3644 3618 3699 3669 in

2111 3712 2284 3802 eodem
2312 3741 2509 3812 Spiritu
2532 3754 2551 3802 ;
2589 3734 2680 3789 alii
2708 3740 2877 3786 autem
2905 3723 3182 3797 prophetiae
3206 3763 3221 3786 ,
3261 3718 3351 3772 alii
3377 3712 3701 3768 discretiones

2111 3802 2400 3912 spirituum,
2429 3833 2517 3887 alii
2546 3844 2732 3903 genera
2761 3826 3050 3895 linguarum
3077 3818 3095 3885 (
3120 3817 3172 3871 1.
3201 3813 3319 3868 Cor.
3352 3809 3441 3865 l2.
3467 3805 3628 3862 8.-l0
3646 3802 3691 3873 ).

2110 3902 2215 3987 ’έοι
2239 3930 2377 3984 dona
2409 3926 2465 3981 in
2496 3902 2574 3978 tot
2604 3928 2814 3992 gentes,
2832 3928 2952 3984 qua:
2979 3913 3032 3965 in
3054 3906 3322 3978 baptismo
3350 3906 3596 3967 suscepta
3618 3902 3699 3951 est

2112 4023 2279 4096 gratia
2308 4062 2323 4087 ,
2353 4021 2406 4074 in
2428 4016 2733 4071 universum
2762 4019 3023 4062 terrarum
3059 4000 3246 4056 orbem
3286 3991 3545 4051 extendit.
3572 3987 3700 4043 Hteo

2112 4081 2288 4172 gutem
2311 4081 2490 4166 omnia
2517 4105 2641 4161 facit
2669 4100 2806 4158 stilla
2836 4096 3085 4167 Spiritus.
3112 4088 3264 4158 Quod
3291 4085 3432 4141 enim
3458 4081 3597 4138 stilla
3615 4093 3701 4133 es—

2111 4218 2213 4275 sct,
2240 4202 2535 4262 declaravit
2561 4213 2683 4253 cum
2709 4193 2879 4248 dixit:
2927 4185 3205 4254 Eﬂ‘undum
3249 4178 3311 4232 de
3355 4173 3555 4246 Spiritu
3590 4186 3704 4223 meo

2118 4262 2345 4378 τίθη.
2368 4296 2483 4369 28),
2506 4302 2704 4351 etcum
2734 4285 2942 4341 arrhum
2970 4274 3275 4349 appellavit.
3308 4271 3410 4325 Per
3431 4267 3534 4378 Ἆρα
3555 4262 3702 4366 enim

2113 4354 2313 4453 clarum
2338 4354 2457 4452 est:
2471 4398 2657 4457 parum
2686 4376 2813 4450 quid
2840 4391 2907 4430 ex
2938 4380 3051 4427 toto
3076 4367 3259 4422 datum
3280 4375 3421 4418 esse.
3437 4354 3700 4424 Quocirca

2115 4492 2350 4548 Joannes
2374 4444 2587 4553 quo-que
2615 4444 2720 4529 hoc
2761 4471 2934 4539 ipsum
2974 4458 3301 4532 significans,
3332 4450 3547 4508 dicebat
3573 4461 3590 4499 :
3621 4444 3704 4499 Ea;

2464 4537 2572 4644 eius
2618 4582 2711 4621 nos
2757 4537 2926 4617 omnes
2971 4553 3255 4623 accepimus
3282 4545 3463 4620 (Joan.
3494 4542 3549 4597 1.
3581 4537 3697 4657 lli):

2113 4629 2181 4736 cx
2208 4692 2273 4732 eo
2299 4668 2440 4742 quod
2466 4629 2563 4733 ,θυι
2581 4664 2651 4717 ita
2676 4654 2932 4720 dixerim,
2958 4643 3343 4719 superﬂuebat,
3372 4653 3435 4693 ex
3466 4649 3532 4691 eo
3558 4629 3701 4703 quod

2115 4731 2487 4828 redundabat,
2535 4771 2599 4812 ex
2637 4765 2703 4808 eo
2728 4745 2870 4819 quod
2913 4731 3447 4812 superefl'undebatur
3469 4768 3486 4794 ,
3513 4736 3703 4778 omnes

2115 4862 2439 4935 accepimus.
2480 4846 2771 4908 Considera
2821 4853 2950 4911 ergo
2970 4848 3128 4906 quam
3173 4830 3244 4935 sit
3281 4823 3426 4881 omni
3550 4824 3703 4888 parte

2115 4912 2392 5017 sufficiens
2419 4946 2589 5021 gratia
2618 4938 2850 5011 Spiritus
2872 4934 2913 4996 ί,
2948 4944 3065 5000 qua:
3109 4923 3362 4979 universo
3388 4912 3504 4971 orbi
3535 4920 3704 4965 terra-

2115 5074 2234 5116 rum
2266 5005 2677 5114 tantovtempore
2705 5031 2922 5096 sufficit,
2949 5036 3004 5081 et
3028 5035 3199 5091 neque
3221 5005 3709 5072 circumscribitur,

2242 5141 2593 5204 consumitur,
2620 5130 2713 5188 sed
2756 5136 2944 5180 omnes
2968 5114 3185 5190 quidem
3216 5107 3402 5177 implet
3427 5098 3622 5170 opibus
3647 5108 3703 5149 ct

2931 5204 3287 5268 consumitur.
3328 5193 3532 5252 Deinde
3570 5202 3704 5259 quo-

2155 5280 2283 5300 ιω...
2310 5283 2323 5295 .
2351 5280 2364 5292 .
2407 5280 2466 5295 η..

2119 5280 2267 5395 ῒιίιιηι
2323 5280 2519 5385 ndmen
2565 5316 2785 5389 spiritus
2834 5305 2999 5363 multa
3056 5296 3271 5355 nomina
3328 5280 3703 5395 complectitur
3746 5338 3747 5341 η

2121 5372 2267 5395 Illlllll
2324 5372 2519 5385 ,ιν-η-η-
2566 5372 2617 5389 -.ν

2121 5430 2143 5500 (
2171 5440 2295 5484 nam
2316 5431 2373 5477 et
2414 5412 2637 5486 angelus
2659 5450 2673 5473 ,
2705 5413 2760 5459 et
2797 5399 2973 5455 anima
2999 5435 3015 5459 ,
3041 5402 3096 5447 et
3120 5394 3312 5441 ventus
3338 5372 3670 5500 hocndicitu;
3684 5407 3702 5433 ,

2704 5498 2713 5500 ξ
2831 5494 2843 5500 -
2941 5486 2977 5500 οι
3052 5484 3084 5500 n
3132 5481 3243 5500 ξλεμ,
3271 5488 3379 5500 “nu.
3482 5477 3634 5500 ηΔωῦ
3678 5488 3702 5500 ⁸

2666 5460 2899 5567 bjunxit,
2934 5486 3009 5541 De
3046 5481 3245 5552 Spiritu
3271 5488 3400 5528 meo.
3432 5460 3704 5537 Quemad-

3325 5578 3446 5622 cum
3487 5557 3715 5615 homine

2115 5243 2283 5319 gratia
2309 5259 2323 5295 :
2349 5238 2466 5307 ipsa
2494 5242 2621 5285 vero
2652 5219 2878 5279 minime

2118 5534 2175 5580 et
2200 5519 2369 5576 multa
2394 5508 2538 5577 alia)
2562 5548 2576 5571 ,
2601 5518 2662 5557 su

2119 5570 2339 5673 modum
2365 5619 2490 5675 ergo
2521 5570 2751 5654 hominis
2777 5582 2987 5658 spiritui
3013 5570 3295 5634 intercedit

2188 5774 2204 5804 1
2243 5777 2358 5825 Heg.
2395 5772 2553 5815 unus,
2587 5753 2791 5825 potestas
2814 5736 3052 5825 ignitus.
3086 5739 3143 5785 Et.
3178 5729 3251 5779 sic
3291 5722 3417 5786 legit
3446 5716 3713 5769 Gontianua

2399 5801 2616 5883 “thraciae
2627 5801 2777 5863 lectio
2798 5801 3016 5870 (μύκαι.
