4080 6340
452 349 570 406 187

461 461 728 534 cognatio,
754 462 825 518 ita
851 462 1011 518 etiam
1055 461 1150 519 Dei
1189 462 1450 534 Spiritui,
1471 462 1566 522 sed
1589 464 1638 518 ei
1669 462 1838 518 nihilo
1863 461 2040 518 secius

465 555 700 612 manenti
738 555 791 612 itt
821 555 1033 626 propria
1083 553 1379 627 hypostasi.
1422 554 1587 627 quue
1612 553 1812 612 Paulus
1835 554 2041 624 signiﬁ-

461 665 592 706 cans
615 648 828 705 dicebat
854 666 872 704 :
915 649 1040 717 Quis
1059 650 1202 705 enim
1223 650 1483 704 hominum
1508 651 1645 705 nouit
1673 666 1786 720 qua:
1808 661 1924 704 sunt
1948 650 2043 710 ho.-

458 743 642 806 rnittis,
675 743 774 798 nisi
795 743 1002 810 spiritus
1027 743 1246 798 hominis
1269 743 1358 814 qui
1393 745 1449 798 in
1476 744 1587 814 ipso
1623 752 1696 797 est
1721 743 1747 797 ?
1782 741 1870 796 Ita
1889 743 2042 796 etiam

459 851 570 906 quae
597 845 714 892 sunt
727 835 826 890 Dei
847 876 866 900 ,
895 852 1044 891 nemo
1069 838 1229 905 norit,
1255 837 1354 892 nisi
1370 836 1598 908 Spiritus
1616 836 1709 892 Dei
1736 835 1813 910 (1.
1843 836 1962 891 Cor.
1983 835 2038 890 2.

456 931 574 1001 11),
608 946 713 986 non
742 930 1074 986 confundens
1105 931 1423 1001 hypostases
1452 945 1548 986 seu
1579 945 1854 1000 personas,
1875 931 2035 995 absit;

457 1022 551 1077 scd
603 1023 930 1078 nobilitatem
960 1023 1192 1093 Spiritus
1216 1022 1542 1095 signiﬁcans.
1573 1024 1777 1092 Quanta
1807 1039 1934 1092 ergo
1958 1032 2042 1078 est

456 1115 624 1185 ipsius
645 1117 836 1171 anima:
862 1130 983 1170 eum
1010 1117 1179 1186 seipsa
1201 1117 1508 1185 consensio,
1532 1124 1674 1172 tanta
1701 1125 1784 1172 est
1809 1115 2039 1185 Spiritus

454 1222 574 1261 cum
608 1207 767 1264 Patre
791 1208 1057 1279 cognatio.
1075 1209 1534 1277 Quemadmodum
1559 1224 1687 1280 ergo
1715 1209 1878 1264 Filius
1901 1225 2037 1280 quo-

461 1314 566 1369 que
589 1299 782 1355 dicitur
809 1301 1052 1368 verbum,
1085 1317 1185 1358 nec
1211 1313 1294 1357 est
1333 1313 1510 1360 tamen
1555 1302 1822 1373 ejusmodi
1842 1313 1901 1359 ut
1931 1318 2036 1357 non

452 1391 736 1455 subsistat,
776 1391 870 1446 sed
899 1407 993 1462 per
1023 1392 1074 1448 id
1102 1395 1474 1465 cognoscimus
1507 1409 1626 1464 qua:
1663 1395 1734 1450 sit
1769 1394 1886 1464 ejus
1913 1410 2035 1450 cum

455 1479 614 1538 Patre
641 1484 886 1552 cognatio
910 1502 927 1538 :
954 1484 1024 1539 ita
1051 1485 1212 1540 etiam
1239 1484 1469 1556 Spiritus
1514 1487 1608 1544 Dei
1646 1489 1838 1544 dicitur
1863 1488 2036 1559 Spiri-

454 1581 559 1635 tus,
592 1588 690 1630 nec
718 1583 893 1630 tamen
923 1591 1026 1631 non
1062 1575 1320 1634 subsistit.
1343 1579 1412 1633 Et
1433 1581 1881 1649 quemadmodum
1903 1599 2037 1653 quo-

452 1663 595 1721 niam
616 1674 698 1720 est
717 1668 964 1737 proprius
984 1683 1046 1722 ac
1061 1683 1350 1740 germanus
1362 1670 1534 1727 Patris
1548 1671 1730 1737 Filius,
1755 1684 2035 1744 propterea

454 1757 609 1813 nobis
639 1758 858 1831 largitur
886 1760 1225 1831 adoptionem
1266 1763 1494 1819 ﬁliorum
1525 1782 1538 1818 :
1580 1766 1651 1820 ita
1680 1768 1840 1822 etiam
1861 1769 2034 1839 Spiri-

456 1857 561 1916 tus,
588 1851 839 1921 quoniam
866 1867 963 1907 sua
990 1863 1176 1910 natura
1205 1865 1290 1911 est
1331 1871 1398 1912 ex
1441 1858 1534 1914 Dei
1561 1859 1876 1928 substantia,
1894 1862 2033 1920 dona

450 1941 608 1998 nobis
630 1942 855 2012 praabet.
871 1943 1005 2000 Nam
1041 1945 1204 2002 homo
1228 1963 1441 2019 quoque
1478 1951 1908 2022 quandoquidem
1933 1970 2032 2009 na-

450 2043 570 2088 tura
619 2031 781 2088 homo
806 2043 923 2100 est,
961 2035 1080 2092 ideo
1103 2047 1282 2108 potest
1325 2040 1557 2096 hominis
1586 2043 1804 2115 pingere
1844 2045 2033 2118 imagi-

449 2137 596 2178 nem.
639 2123 917 2196 Propterea
963 2128 1214 2183 benedixit
1256 2139 1305 2186 te
1349 2129 1488 2186 Deus
1513 2134 1567 2187 in
1586 2144 1848 2191 ceternum.
1881 2138 2033 2195 Alius

447 2213 613 2281 dicit,
646 2214 818 2287 Hujus
839 2218 910 2272 rei
935 2220 1118 2289 gratia.

517 2305 793 2378 Propheta
818 2317 869 2364 et
892 2311 1211 2383 evangelista
1251 2312 1562 2382 differentia.
1609 2348 1682 2358 —
1717 2319 1878 2376 Vides
1898 2336 2032 2392 quo-

445 2399 609 2456 modo
647 2416 712 2456 ex
753 2400 1056 2459 vehementi
1085 2404 1366 2463 aﬁ'ectione
1392 2408 1461 2463 ad
1511 2410 1686 2481 ipsum
1731 2414 2030 2472 orationem

443 2491 670 2563 dirigit?
717 2493 791 2550 Ea
821 2494 888 2551 de
916 2509 1074 2551 causa
1128 2496 1258 2553 alibi
1303 2515 1518 2572 quoque
1561 2517 1668 2558 non
1713 2505 2031 2575 simpliciter

445 2584 621 2641 hitura
649 2587 910 2657 prtedicit,
938 2589 1032 2645 sed
1059 2607 1169 2660 prae
1191 2607 1249 2648 se
1277 2592 1458 2650 terens
1487 2595 1710 2668 ﬁguram
1734 2601 1898 2657 oblati
1919 2606 2028 2659 cri-

442 2680 604 2734 minis
631 2697 644 2734 :
677 2689 735 2737 ut
758 2683 972 2752 quando
993 2683 1164 2740 dicit:
1200 2686 1370 2752 Quare
1391 2689 1706 2759 fremuerunt
1729 2704 1900 2764 gentes
1922 2736 1938 2761 ,
1978 2706 2026 2751 et

441 2773 618 2842 populi
651 2775 876 2829 meditati
903 2787 1020 2831 sunt
1041 2778 1215 2833 inania
1241 2779 1410 2851 (Psat.
1433 2782 1469 2836 2
1524 2785 1578 2855 1)
1604 2785 1626 2839 ?
1648 2786 1723 2841 ila
1749 2788 1908 2843 etiam
1937 2789 2027 2845 hic

438 2879 562 2921 cum
597 2865 730 2924 dicit
761 2883 776 2922 :
808 2866 1090 2938 Propterea
1135 2869 1388 2928 benedixit
1416 2883 1462 2928 te
1491 2874 1631 2930 Deus
1659 2877 1714 2931 in
1755 2889 2020 2935 aeternum.

439 2956 572 3012 Cum
598 2958 744 3014 enim
769 2974 869 3015 nec
893 2960 962 3015 de
983 2961 1100 3032 ejus
1128 2971 1249 3017 ortu
1272 3005 1289 3030 ,
1321 2980 1421 3020 nec
1445 2966 1514 3021 de
1541 2967 1858 3026 educatione
1880 3013 1896 3036 ,
1921 2987 2024 3028 nec

440 3049 510 3107 de
534 3051 650 3108 aliis
671 3053 958 3124 quidquam
989 3055 1234 3125 dixisset,
1263 3057 1351 3113 hic
1377 3058 1552 3116 obiter
1576 3061 1644 3116 de
1669 3077 1736 3117 eo
1764 3063 2020 3134 loquitur.

441 3144 556 3214 Qua
581 3145 650 3202 de
677 3148 774 3203 re?
802 3148 954 3216 Quod
982 3151 1160 3205 omnia
1190 3152 1403 3221 quidem
1437 3153 1620 3210 dicere
1651 3171 1746 3226 per
1775 3158 2021 3214 ordinem

437 3249 521 3294 est
551 3240 997 3311 evangelistarum
1021 3284 1036 3309 ,
1068 3251 1124 3300 et
1159 3244 1284 3300 ideo
1307 3246 1394 3300 illa
1427 3247 1514 3302 eis
1552 3249 1887 3315 reservavit;
1919 3249 2023 3307 hoc

437 3333 581 3387 enim
607 3341 722 3388 erat
763 3333 999 3389 ofﬁcium
1043 3334 1255 3390 illorum
1302 3337 1628 3393 narrationis
1678 3356 1693 3394 :
1727 3339 2022 3411 prophetiae

437 3437 568 3478 vero
611 3439 804 3480 munus
830 3433 948 3491 est,
984 3434 1164 3495 partes
1205 3427 1413 3499 aliquas
1465 3444 1679 3486 sumere
1702 3473 1722 3498 ,
1761 3432 1911 3488 etde
1940 3434 2018 3488 eis

435 3513 723 3570 disserere.
774 3515 845 3570 Et
881 3515 1011 3571 ideo
1033 3518 1308 3588 prophetae
1334 3535 1548 3591 quoque
1575 3520 1678 3576 hoc
1711 3523 1908 3594 ubique
1935 3523 2018 3577 ta-

434 3605 624 3662 eiunt:
653 3620 775 3662 nam
808 3622 978 3678 pauca
1000 3613 1251 3680 quadam
1288 3627 1409 3682 qua:
1433 3613 1503 3668 ad
1541 3613 1818 3670 historiam
1852 3619 2018 3686 perti-

435 3707 588 3764 nent,
615 3699 917 3771 injicientes
945 3711 1000 3758 et
1025 3702 1406 3760 adumbrantes
1427 3746 1442 3773 ,
1472 3707 1750 3762 recedunt.
1783 3707 1906 3764 Ideo
1930 3709 2019 3766 hic

432 3806 669 3862 quique,
712 3791 982 3848 Benedixit
1026 3802 1074 3848 te
1107 3794 1240 3850 Deus
1265 3835 1287 3863 ,
1313 3796 1524 3868 inquit,
1544 3797 1599 3852 in
1628 3808 1876 3854 ceternum
1899 3842 1916 3868 ,
1938 3801 2018 3858 sic

431 3881 712 3939 declarans
732 3883 848 3954 ejus
872 3885 1033 3941 verba
1063 3895 1207 3941 tanta
1230 3889 1397 3958 gratia
1427 3888 1594 3944 fuisse
1619 3890 1799 3960 plena.
1827 3890 2018 3947 Consi-

428 3976 560 4033 dera
597 3992 732 4049 ergo
760 3978 1008 4036 virtutem
1059 3981 1264 4051 gratia).
1316 3981 1633 4038 Deambulat
1688 3984 2013 4056 quandoque

428 4083 598 4140 prope
617 4085 785 4139 mare,
813 4083 866 4128 et
891 4073 1094 4128 invenit
1111 4073 1366 4130 Iacobum
1395 4082 1452 4130 et
1475 4075 1761 4145 Joannem,
1779 4077 2017 4150 dicitque

426 4162 505 4216 eis
527 4177 546 4216 :
584 4161 760 4217 Venite
785 4173 896 4235 post
912 4181 1009 4230 me,
1037 4176 1085 4219 et
1110 4167 1295 4237 faciam
1324 4183 1410 4220 uos
1430 4170 1705 4237 piscatores
1732 4168 2013 4225 hominum.

427 4249 532 4307 Illi
546 4267 664 4306 vero
691 4263 742 4307 et
769 4264 914 4322 patre
938 4264 988 4310 et
1014 4255 1203 4310 retibus
1233 4257 1460 4324 relictis,
1505 4274 1623 4311 eum
1658 4260 1857 4330 sequuti
1896 4270 2016 4315 sunt

427 4344 640 4415 (καὶαι.
665 4346 720 4401 4.
750 4345 843 4400 Ἡ.
869 4345 998 4418 εἰ).
1037 4347 1242 4404 Deinde
1269 4349 1433 4405 etiam
1472 4364 1595 4404 cum
1643 4351 1770 4406 alibi
1811 4353 2016 4410 diceret

425 4438 674 4493 omnibus
699 4439 958 4508 apostolis
990 4455 1003 4492 :
1044 4438 1309 4511 Numquid
1339 4457 1426 4496 vos
1460 4458 1658 4513 quoque
1699 4444 1848 4499 uultis
1873 4463 2012 4500 rece-

425 4531 588 4586 dere?
635 4530 764 4587 dicit
812 4533 862 4587 ei
911 4532 1104 4588 Petrus
1143 4549 1156 4585 :
1207 4532 1448 4602 Domine,
1481 4535 1631 4590 verba
1665 4538 1781 4591 vita:
1811 4549 2015 4594 (eterna:

424 4621 608 4687 habet,
628 4632 678 4676 et
727 4639 822 4678 nos
870 4624 1176 4680 credidimus
1224 4634 1275 4679 et
1312 4627 1637 4702 cognouimus
1673 4629 1810 4699 quod
1857 4639 1912 4683 tu
1960 4648 2012 4684 es

421 4712 656 4768 Christus.
675 4712 840 4768 Filius
866 4713 964 4769 Dei
984 4717 1080 4769 vivi
1113 4733 1133 4770 :
1177 4725 1225 4770 et
1252 4717 1322 4770 ad
1347 4733 1494 4786 quem
1516 4718 1762 4775 abibimus
1789 4720 1809 4791 (
1849 4721 2008 4778 Joan.

426 4808 482 4861 ὃ.
514 4806 602 4861 68.
619 4805 779 4877 —70)?
803 4807 942 4875 Quid
969 4808 1090 4864 dico
1117 4809 1452 4880 discipulos?
1480 4811 1583 4882 Ipsi
1605 4812 1862 4869 Pharisaei
1890 4832 2010 4871 cum

424 4897 699 4953 misissent
744 4899 1052 4966 ministros,
1083 4901 1372 4956 audierunt
1412 4915 1509 4957 eos
1534 4902 1775 4958 dicentes
1803 4923 1817 4960 :
1843 4905 2012 4960 Num-

419 5007 571 5057 quam
594 4992 744 5047 homo
767 4993 840 5046 sic
872 4993 1109 5063 loquutus
1138 5003 1233 5061 est,
1257 5005 1313 5048 ut
1340 4995 1422 5048 hic
1457 4995 1606 5049 homo
1635 4995 1796 5070 (Ibid.
1824 4999 2005 5069 7.46).

422 5081 489 5137 iit
516 5081 604 5136 alii
654 5097 842 5138 rursus
868 5083 1115 5139 dicebant
1136 5125 1159 5150 ,,
1201 5084 1494 5155 Numquam
1531 5087 1603 5139 sic
1636 5088 1794 5142 visum
1836 5098 1908 5142 est
1957 5090 2010 5143 in

425 5174 612 5229 .israet.
651 5175 716 5229 Et
760 5178 1095 5246 mirabantur,
1127 5180 1492 5251 inquit,quod
1533 5197 1618 5235 eos
1657 5183 1852 5236 doceret
1880 5195 2008 5237 tam-

420 5283 572 5337 quam
601 5268 789 5324 habens
831 5281 1152 5342 potestatem,
1185 5281 1233 5327 et
1270 5290 1372 5327 non
1397 5282 1452 5327 ut
1477 5273 1654 5327 scribta
1692 5276 1919 5344 ipsorum
1962 5289 2007 5331 et

423 5354 677 5414 Ριιπίεωε
706 5345 946 5433 (Ἳκαιιιι.
975 5363 1031 5419 9.
1045 5365 1135 5419 ss.
1167 5373 1214 5418 et
1239 5365 1292 5418 7.
1319 5363 1410 5419 as.
1443 5361 1558 5437 29).

487 5453 541 5508 4.
573 5451 628 5508 Si
654 5454 788 5508 velis
814 5464 993 5510 autem
1025 5466 1082 5511 tu
1108 5472 1320 5526 quoque
1357 5457 1496 5511 scire
1523 5457 1744 5527 gratiam
1770 5499 1787 5524 ,
1826 5460 2005 5514 censi.-

418 5543 552 5599 dera
573 5550 754 5615 quanti
782 5547 890 5601 sint
913 5548 1166 5618 ponderis
1185 5559 1238 5604 et
1265 5549 1520 5605 momenti
1560 5548 1676 5619 ejus
1702 5561 1966 5620 prmcepta
1988 5595 2002 5617 ,

419 5644 476 5690 et
501 5637 704 5694 videbis
729 5639 843 5707 ejus
870 5641 1184 5708 potentiam.
1220 5639 1338 5694 Nisi
1363 5641 1476 5712 quis
1515 5643 1870 5695 renuntiaverit
1893 5659 2011 5695 om—

420 5731 586 5793 nibus,
616 5741 660 5784 et
683 5741 924 5797 pris-terea
960 5734 1190 5786 animam
1209 5750 1354 5788 suam
1377 5733 1494 5787 odio
1522 5733 1748 5788 habuerit
1766 5776 1780 5798 ,
1813 5735 2007 5806 inquit,

423 5834 520 5873 non
542 5833 610 5873 cst
641 5838 719 5877 nte
743 5823 925 5892 dignus
952 5822 1102 5892 (Luc.
1132 5826 1218 5881 14.
1249 5827 1350 5890 53‘,
1380 5822 1536 5881 Joan.
1565 5825 1650 5881 12.
1674 5825 1744 5881 25
1770 5842 1784 5893 ;
1813 5826 2000 5883 Matth.

1229 347 1286 404 S.
1319 345 2117 404 JOANNIS'CRRYSOSTOMI
2155 346 2478 404 ARCHIEP.
2517 348 3058 408 CONSTANTINOP.

3631 356 3736 414 188

2153 460 2244 518 ιο.
2273 461 2362 516 37.
2389 462 2516 535 38)..
2553 463 2744 520 Sermo
2773 475 2949 522 tamen
2990 476 3194 524 tantum
3223 471 3417 540 potuit,
3447 479 3505 526 ut
3531 472 3582 526 in
3605 490 3740 543 opus

2144 553 2362 625 exiret,
2406 565 2462 609 et
2484 570 2668 610 revera
2715 556 2767 611 id
2819 556 2972 614 ﬁeret
3003 577 3016 612 :
3045 569 3191 615 tanta
3233 571 3350 616 erat
3391 562 3507 632 ejus
3547 566 3734 633 gratia.

2146 642 2285 711 Quid
2321 652 2404 699 est
2440 646 2629 714 majori
2658 647 2932 703 nobiscum
2961 647 3315 706 familiaritate
3355 667 3418 707 ac
3443 659 3738 709 necessitu-

2147 733 2275 791 dine
2299 735 2644 806 conjunctum
2671 779 2686 804 ,
2731 755 2889 810 quam
2935 741 3153 796 anima?
3196 744 3356 815 Atqui
3387 745 3499 816 ipsa
3525 762 3737 817 quoque

2145 827 2473 897 contemptui
2499 827 2675 884 habita
2696 839 2779 885 est
2808 840 3023 902 propter
3046 833 3186 888 illius
3201 833 3432 904 jussum.
3458 837 3534 892 Tu
3557 848 3736 894 autem

2145 931 2265 971 cum
2297 917 2472 983 audis,
2494 918 2757 975 Benedixit
2785 932 2832 976 te
2855 921 2994 978 Deus
3015 966 3031 990 ,
3055 941 3122 980 ne
3148 925 3343 981 labaris
3361 970 3377 996 ,
3405 944 3504 985 nec
3532 929 3736 988 humile

2145 1018 2202 1064 et
2250 1009 2518 1078 abiectum
2573 1012 2836 1084 quidpiam
2891 1017 3229 1086 cogitaveris.
3275 1019 3734 1088 Quemadmodum

2144 1101 2286 1154 enim
2313 1101 2422 1171 jatn
2453 1111 2577 1158 ante
2613 1103 2744 1170 dixi,
2772 1105 2840 1160 de
2867 1122 3028 1162 carne
3057 1109 3307 1180 loquitur,
3333 1128 3452 1183 quas
3473 1113 3631 1169 habet
3658 1115 3735 1172 la-

2143 1191 2250 1256 bia,
2277 1208 2396 1264 qua:
2421 1193 2643 1264 gratiam
2690 1198 2944 1267 suscipit,
2975 1215 3093 1269 qua:
3130 1203 3352 1272 suscipit
3398 1204 3732 1262 benedictio-

2144 1299 2286 1339 nem.
2320 1287 2458 1342 Deus
2484 1291 2625 1344 enim
2673 1306 2772 1345 nec
2816 1292 3182 1348 benedictione
3222 1312 3354 1366 opus
3394 1297 3586 1367 habet,
3632 1317 3733 1360 nec

2139 1380 2308 1447 gratia
2337 1397 2356 1434 ι
2383 1395 2502 1436 nam
2534 1383 2674 1438 Deus
2701 1384 2898 1439 nullius
2931 1386 3012 1441 rei
3045 1385 3262 1458 indiget.
3294 1387 3734 1456 Quemadmodum

2139 1471 2284 1524 enim
2306 1513 2322 1538 ,
2358 1471 2566 1544 inquit,
2617 1474 2769 1530 Pater
2792 1477 2998 1531 suscitat
3023 1488 3244 1533 mortuos
3283 1490 3330 1533 et
3370 1482 3582 1550 uiviﬁcat
3613 1499 3633 1537 :
3656 1485 3732 1538 ita

2137 1562 2289 1615 etiam
2303 1580 2429 1635 quos
2449 1564 2552 1619 vnit
2578 1565 2623 1619 F
2625 1568 2740 1622 ilius
2765 1569 2980 1638 sivi/ictu
3001 1568 3177 1640 (Joan.
3205 1571 3260 1627 5.
3282 1571 3396 1644 21).
3420 1573 3482 1628 Et
3508 1591 3690 1630 rursus
3709 1593 3728 1632 ε

2143 1650 2313 1722 Opera
2346 1671 2462 1726 qua
2498 1656 2584 1711 ille
2622 1659 2766 1727 facit,
2811 1675 2872 1714 ea
2913 1677 3107 1732 quoque
3147 1663 3268 1732 facit
3300 1662 3350 1716 F
3352 1664 3467 1718 ilius
3501 1666 3733 1721 similiter

2139 1743 2323 1816 (Ibid.
2350 1763 2399 1802 υ.
2432 1748 2547 1821 19).
2571 1749 2637 1804 Ει
2661 1766 2848 1808 rursus
2879 1771 2892 1806 :
2923 1753 3067 1808 Sicut
3092 1757 3346 1827 cognoscit
3373 1774 3452 1812 me
3481 1756 3652 1824 Pater,
3679 1770 3728 1816 et

2136 1851 2228 1906 ego
2265 1853 2462 1910 quoque
2497 1856 2743 1912 cognosco
2772 1842 2980 1898 Patrem
3021 1845 3146 1915 (Ib.
3171 1847 3257 1902 10.
3278 1847 3388 1922 15).
3409 1849 3538 1905 Illud
3559 1853 3730 1919 enim,

2137 1927 2265 1994 Sic,
2309 1939 2365 1986 et
2393 1929 2667 2001 Similiter,
2711 1934 2968 2005 ctSieut,
3012 1938 3309 2009 signiﬁcant
3335 1957 3458 1997 eum
3485 1958 3604 1998 esse
3631 1960 3729 2014 per

2136 2021 2313 2076 omnia
2336 2023 2566 2080 similem
2596 2045 2609 2080 :
2641 2026 2736 2083 sed
2781 2028 2869 2085 hic
2913 2030 2979 2086 de
3025 2031 3253 2088 humana
3298 2043 3519 2104 natura,
3565 2053 3726 2108 quant

2136 2126 2480 2184 susceperat,
2525 2118 2721 2188 agitur.
2777 2121 3036 2177 Audimus
3085 2133 3264 2180 autem
3297 2126 3468 2197 ipsum
3513 2145 3727 2200 quoque

2136 2220 2323 2261 rursus
2343 2207 2607 2264 dicentem
2633 2228 2646 2265 :
2679 2210 2961 2282 Propterea
2987 2212 3138 2270 Pater
3161 2234 3240 2270 me
3265 2219 3447 2290 diligit,
3489 2222 3605 2291 quia
3630 2239 3727 2294 ego

2136 2314 2270 2367 pono
2311 2301 2535 2384 animam
2560 2319 2723 2357 meam
2748 2323 2840 2376 pro
2867 2307 3042 2363 ovibus
3066 2309 3083 2378 (
3112 2308 3247 2364 Ibid.
3275 2313 3362 2368 10.
3395 2315 3506 2384 17).
3553 2315 3722 2370 Nutu-

2131 2389 2262 2458 quid
2298 2383 2420 2447 eum
2447 2409 2554 2449 non
2574 2395 2830 2466 diligebat
2855 2401 3054 2454 antea?
3081 2401 3360 2470 Quomodo
3388 2383 3518 2477 ergo
3542 2408 3673 2464 dixit
3704 2429 3720 2464 :

2137 2480 2238 2537 Hic
2266 2495 2340 2539 est
2365 2484 2536 2542 Filius
2564 2505 2703 2545 meus
2733 2491 2943 2546 dilectus
2972 2493 2991 2566 (
3014 2493 3201 2550 Matth.
3234 2497 3286 2553 5.
3317 2498 3420 2568 17)
3443 2501 3466 2554 ?
3490 2501 3594 2556 Sed
3621 2503 3724 2561 hoc

2131 2574 2310 2642 posuit
2338 2576 2524 2632 volens
2547 2580 2836 2639 ostendere
2863 2595 3116 2653 quantum
3145 2598 3200 2643 et
3219 2603 3377 2659 quam
3408 2594 3721 2662 przcclarunt

2131 2666 2200 2721 ab
2223 2682 2290 2723 eo
2319 2668 2572 2725 ederetur
2599 2670 2826 2736 facinus.
2864 2675 3016 2731 Sicut
3039 2693 3167 2749 ergo
3207 2680 3316 2737 illic
3359 2683 3409 2736 in
3451 2685 3724 2742 reddenda

2130 2761 2340 2817 ratione
2368 2771 2454 2818 est
2479 2779 2640 2821 causa
2667 2768 2843 2838 aliqua
2869 2809 2887 2835 ,
2928 2770 3004 2826 ita
3029 2774 3189 2827 etiam
3211 2773 3300 2830 hic
3324 2792 3534 2846 quoque
3559 2793 3722 2836 causa

2129 2861 2216 2909 est
2239 2855 2540 2915 manifesta.
2565 2859 2675 2916 Hac
2697 2863 2838 2918 enim
2867 2864 2933 2920 de
2952 2880 3112 2922 causa
3138 2869 3288 2939 prius
3312 2870 3444 2926 dixit
3468 2890 3481 2926 :
3506 2873 3719 2944 Specio-

2127 2964 2218 3003 sus
2251 2953 2418 3021 forma
2445 2968 2552 3023 pro!
2576 2954 2698 3022 ﬁliis
2721 2955 3020 3024 hominum;
3038 2969 3112 3027 et,
3146 2959 3347 3029 Diﬂ'usa
3374 2975 3444 3018 est
3471 2967 3633 3036 gratia
3661 2967 3721 3022 in

2129 3038 2276 3095 labiis
2300 3042 2400 3097 tuis
2423 3057 2443 3097 :
2463 3052 2538 3109 et,
2563 3043 2842 3117 Pr0pterea
2866 3049 3116 3105 beneth
3140 3062 3188 3106 te
3203 3053 3342 3108 Deus
3362 3056 3412 3109 in
3432 3067 3671 3111 internum
3693 3074 3719 3113 :

2128 3130 2469 3220 id.susceptte
2493 3134 2809 3194 humanitati
2836 3139 3146 3198 adscribens
3167 3184 3183 3210 ,
3209 3154 3267 3200 ut
3291 3147 3501 3217 quando
3531 3164 3721 3206 rursus
3777 3220 3784 3226 .

2126 3208 2419 3281 humanum
2445 3227 2576 3297 quid
2597 3228 2838 3286 dicturus
2857 3232 2947 3298 sit,
2974 3242 3029 3289 et
3049 3208 3188 3304 quod
3216 3237 3286 3290 sit
3307 3208 3424 3307 ejus
3454 3239 3712 3308 dignitate

2126 3315 2366 3381 interius,
2395 3333 2464 3374 ne
2488 3320 2707 3388 labaris,
2735 3324 2832 3380 sed
2857 3340 3147 3397 cognoscas
3175 3329 3244 3384 de
3267 3346 3495 3400 quonam
3527 3333 3714 3403 inqua-

2126 3417 2231 3463 tur.
2259 3409 2335 3466 lla
2361 3413 2524 3467 etiam
2547 3411 2714 3469 Iacob
2739 3415 3082 3474 humanitatis
3125 3431 3387 3491 suscepta:
3429 3423 3712 3480 consilium

2123 3503 2468 3574 signiﬁmns,
2523 3516 2648 3577 post
2691 3511 2858 3566 multa
2903 3512 3009 3567 alia
3052 3513 3301 3569 dicebat:
3336 3513 3555 3571 Gratiosi
3601 3519 3716 3587 ejus

2124 3597 2264 3652 oculi
2293 3600 2422 3653 sicut
2444 3599 2615 3655 uinum
2632 3642 2650 3668 ,
2684 3611 2732 3656 et
2769 3604 2974 3658 candidi
2997 3606 3168 3662 dentes
3187 3609 3297 3678 ejus
3316 3608 3435 3680 plus
3455 3627 3600 3681 quam
3629 3616 3712 3664 tac

2122 3689 2286 3759 (Gen.
2321 3691 2412 3747 49.
2445 3693 2573 3765 12).
2619 3695 2876 3752 Divinitas
2913 3708 3090 3752 autem
3148 3715 3253 3755 non
3291 3700 3449 3756 habet
3490 3701 3702 3757 dentes.

2122 3782 2276 3838 Alius
2301 3801 2516 3856 quoque
2547 3787 2808 3858 propheta
2833 3789 2961 3845 dicit
2992 3808 3004 3843 :
3038 3789 3295 3847 Percutiet
3336 3804 3520 3848 terram
3562 3796 3712 3849 uerbo

2121 3875 2224 3930 oris
2251 3876 2351 3943 sui,
2380 3886 2426 3931 et
2448 3878 2632 3948 spiritu
2667 3879 2914 3936 labiorum
2935 3881 3075 3936 tollet
3093 3884 3308 3953 impium
3323 3885 3471 3957 (hui.
3519 3888 3606 3942 11.
3626 3889 3712 3961 4),

2120 3964 2307 4020 eadem
2345 3966 2531 4023 diaetis
2549 3984 2670 4040 quae
2698 3969 2895 4026 Paulus
2923 3989 2937 4027 :
2974 3971 3133 4040 Quem
3162 3973 3413 4031 Dominus
3452 3989 3708 4033 consumet

2120 4059 2302 4128 spiritu
2330 4062 2433 4114 oris
2466 4062 2580 4127 sui,
2621 4073 2669 4118 et
2703 4063 2918 4126 abolebit
2948 4065 3265 4136 apparitione
3289 4084 3396 4123 sua
3430 4073 3713 4141 presentius

2123 4151 2217 4225 (2.
2245 4151 2420 4209 Thess.
2447 4154 2503 4209 2.
2527 4154 2618 4228 8).

2191 4244 2422 4303 Christus
2442 4257 2502 4301 ut
2523 4247 2867 4304 benedicatur.
2893 4279 2968 4292 -ο
2994 4249 3073 4306 Νε
3096 4259 3148 4306 tu
3177 4267 3310 4324 ergo
3328 4268 3448 4310 cum
3478 4254 3592 4312 hasc
3611 4271 3707 4310 an-

2119 4334 2313 4405 tlieris,
2337 4347 2652 4395 contemnas
2674 4379 2692 4404 ,
2722 4341 2961 4397 ostendit
2981 4342 3076 4397 tibi
3097 4343 3237 4399 vires
3263 4344 3572 4401 divinitatis.
3599 4347 3706 4403 Ne-

2117 4442 2221 4496 que
2250 4428 2393 4484 enim
2413 4444 2630 4486 carnem
2657 4431 2846 4488 dividit
2869 4448 2900 4488 a
2927 4432 3235 4501 divinitate,
3261 4451 3435 4507 neque
3459 4437 3709 4493 divinita-

2119 4527 2278 4574 terna
2307 4535 2488 4588 carne,
2520 4538 2630 4578 non
2660 4523 2986 4580 substantias
3011 4525 3372 4592 confundens,
3403 4529 3538 4584 absit
3565 4547 3578 4584 :
3610 4529 3706 4585 scd

2119 4611 2368 4666 unionem
2390 4614 2697 4670 ostendens.
2722 4616 3008 4686 Propterea
3029 4617 3152 4674 dicit
3178 4638 3199 4676 :
3215 4618 3479 4675 Benedirit
3502 4632 3549 4675 te
3570 4620 3712 4678 Deus

2116 4703 2169 4757 in
2215 4712 2480 4759 internum.
2528 4707 2658 4773 Quis
2701 4717 2786 4761 est
2826 4719 3004 4763 autem
3047 4709 3238 4766 modus
3283 4710 3707 4768 benedictionis?

2116 4794 2385 4849 Assistunt
2410 4797 2616 4866 angeli,
2646 4797 2948 4869 archangeli
2969 4842 2985 4868 ,
3031 4801 3246 4870 throni,
3275 4801 3665 4860 dominationes
3686 4849 3703 4872 ,

2117 4889 2439 4958 principatus
2466 4931 2482 4954 ,
2516 4899 2826 4960 potestates,
2859 4893 3102 4950 laudibus
3126 4897 3456 4954 celebrantes
3484 4916 3497 4952 :
3531 4902 3706 4954 omnis

2116 4991 2254 5036 terra
2291 4999 2322 5036 τι
2349 4983 2542 5039 ﬁnibus
2588 4984 2638 5038 in
2681 4987 2814 5040 ﬁnes
2857 4972 3022 5042 Deum
3053 4989 3385 5046 incarnatutn
3432 4992 3614 5059 canit,
3651 5003 3704 5048 et

2115 5073 2358 5128 laudibus
2389 5075 2575 5130 afﬁcit.
2607 5077 2818 5133 Primus
2843 5080 2986 5134 enim
3015 5080 3183 5135 Adam
3228 5082 3428 5153 ingenti
3471 5085 3709 5154 repletus

2115 5167 2212 5222 fuit
2241 5170 2638 5238 maledictionc,
2669 5173 2755 5228 hic
2776 5185 2961 5228 contra
2989 5176 3152 5229 multa
3179 5177 3571 5234 benedictione.
3612 5178 3704 5233 ille

2113 5260 2352 5327 audivit,
2387 5262 2694 5318 Maledicta:
2722 5275 2775 5318 tu
2801 5283 2852 5319 tn
2881 5267 3115 5335 operibus
3145 5270 3243 5323 tuis
3270 5269 3440 5339 (Gen.
3466 5271 3519 5326 5.
3554 5272 3654 5340 17)
3683 5288 3704 5332 ;

2113 5359 2168 5404 et
2191 5353 2326 5408 alius
2354 5361 2476 5423 post
2505 5355 2673 5418 illum,
2702 5354 3007 5411 Matedictus
3026 5399 3042 5423 ,
3079 5360 3163 5429 qui
3189 5361 3310 5430 facit
3336 5378 3461 5428 opus
3491 5360 3588 5414 Dei
3615 5379 3704 5414 ne-

2112 5444 2505 5516 gligenterUer.
2533 5447 2623 5501 48.
2647 5448 2760 5518 10),
2782 5458 2854 5514 et,
2884 5448 3298 5519 Maledictus,qui
3319 5467 3418 5505 non
3443 5462 3700 5520 permanet

2112 5543 2163 5595 in
2186 5543 2417 5595 omnibus.
2432 5558 2544 5612 quae
2570 5543 2759 5611 scripta
2782 5545 2964 5596 suntin
2986 5543 3111 5597 libro
3137 5544 3228 5596 hoc
3245 5544 3416 5612 (Deut.
3446 5545 3536 5598 9.7.
3559 5543 3693 5615 26);

2113 5643 2185 5700 et,
2225 5635 2524 5689 Maledictus
2543 5677 2558 5700 ,
2611 5637 2696 5705 qui
2725 5636 2904 5706 pendet
2940 5637 2990 5688 in
3018 5636 3156 5707 ligno
3179 5637 3197 5706 (
3220 5635 3301 5690 Ib.
3323 5635 3414 5691 2|.
3437 5637 3508 5692 26
3534 5639 3572 5706 ).
3609 5637 3699 5691 Vi-

2112 5727 2208 5782 des
2236 5736 2365 5798 quot
2393 5726 2841 5782 maledictiones?
2871 5729 2953 5782 Ab
2981 5727 3064 5782 his
3090 5728 3335 5782 omnibus
3375 5736 3426 5782 te
3455 5727 3700 5783 liberavit

2106 5822 2386 5890 Christus,
2437 5820 2611 5880 [actus
2631 5820 2974 5878 maledictum
3001 5819 3154 5894 (Gal.
3187 5823 3240 5878 5.
3273 5819 3397 5898 13).
3424 5821 3694 5891 ρυεωαύο
