4140 6356
379 377 474 434 ΓΠ

375 479 660 552 ἀνθρώπου
694 477 910 550 πνεῦμα
949 478 1206 548 συγγενές
1236 479 1351 532 ἐστι
1383 478 1474 532 τοῦ
1507 479 1814 548 ἀνθρώπου,
1845 479 1938 533 οὖ..

372 587 453 624 τω
495 569 589 622 καλ⁵
639 567 699 619 τὸ
734 565 825 618 τοῦ
865 564 1023 630 Θεοῦ,
1055 566 1169 618 ἀλλ’
1208 568 1267 619 ἐν
1309 567 1412 636 ἰδίᾳ
1444 567 1736 620 ὑποστάσει
1763 566 1945 639 μένον.

376 659 484 712 Kal
537 655 695 708 τοῦτο
744 655 920 725 δηλῶν
958 658 986 709 6
1035 655 1243 720 Παῦλος
1295 654 1468 725 ἔλεγε·
1514 657 1608 722 Τίς
1641 655 1750 726 γὰρ
1786 653 1950 710 οἶδεν

375 744 700 811 ἀνθρώπων
751 742 823 795 τὰ
871 741 978 796 τοῦ
1023 743 1357 811 ἀνθρώπου,
1405 745 1458 796 εἰ
1486 743 1573 813 μὴ
1615 744 1678 798 τὸ
1712 745 1949 815 πνεῦμα

376 831 483 886 τοῦ
509 831 820 899 ἀνθρώπου
851 831 916 886 τό
939 833 1008 886 ἑν
1030 831 1227 898 αὐτῷ;
1264 832 1426 886 Οὕτω
1453 833 1550 887 καὶ
1571 833 1644 887 τὰ
1667 834 1771 888 τοῦ
1801 834 1949 889 Θεοῦ

377 917 574 984 οὐδεὶς
615 915 794 980 οἶδεν,
831 920 883 972 εἰ
908 919 995 987 μὴ
1027 917 1094 972 τὸ
1125 919 1365 988 Πνεῦμα
1392 921 1497 975 τοῦ
1527 922 1693 976 Θεοῦ·
1733 924 1793 975 οὐ
1819 940 1948 990 συγ-

380 1004 518 1075 χέων
569 1005 667 1067 τὰς
716 1005 1060 1069 ὑποστάσεις,
1115 1007 1189 1078 μὴ
1230 1008 1456 1075 γένοιτο,
1491 1008 1625 1062 ἀλλὰ
1666 1010 1764 1080 τὴν
1792 1011 1947 1079 εὐγέ-

380 1109 527 1144 νειαν
555 1091 648 1145 τοῦ
683 1091 998 1162 Πνεύματος
1035 1094 1228 1164 δηλῶν.
1259 1097 1397 1168 ’Όση
1423 1094 1551 1164 γοῦν
1577 1097 1753 1167 ψυχῆς
1779 1098 1949 1169 αὐτῆς

379 1183 516 1252 πρὸς
557 1183 816 1253 ἐαυτὴνή
861 1185 1166 1254 συμφωνία,
1204 1186 1436 1256 τοσαύτη
1481 1188 1572 1241 τοῦ
1633 1189 1950 1261 Πνεύματος

382 1273 515 1343 πρὸς
538 1273 626 1327 τὸν
656 1277 926 1347 Πατέραή
960 1277 1264 1344 συγγένεια.
1299 1281 1508 1351 Ὠσπερ
1537 1277 1627 1334 οῦν
1651 1284 1744 1336 καὶ
1769 1287 1796 1337 6
1825 1285 1969 1348 Υἱὸς-

381 1367 549 1434 Λόγος
567 1367 802 1434 λέγεται,
831 1367 943 1422 ἀλλ’
972 1371 1073 1424 οὐκ
1099 1371 1487 1436 ἀνυπόστατος,
1515 1373 1650 1428 ἀλλὰ
1675 1376 1763 1430 διὰ
1794 1378 1950 1432 τοῦτο

379 1457 439 1509 το
468 1456 602 1527 πρὸς
635 1457 725 1509 τὸν
760 1458 974 1530 Πατέρα
1021 1463 1276 1530 συγγενὲς
1332 1464 1419 1517 ἴνα
1471 1465 1750 1537 μάθωμεν·
1809 1469 1950 1521 οὑτω

380 1549 472 1601 καὶ
508 1548 568 1601 τὺ
605 1549 829 1621 Πνεῦμα
861 1552 953 1606 τοῦ
986 1553 1142 1619 Θεοῦ,
1175 1556 1396 1627 Πνεῦμα
1425 1557 1660 1627 λέγεται,
1699 1559 1813 1612 ἀλλ’
1851 1562 1950 1615 οὐκ

379 1642 764 1696 ἀνυπόστατον.
795 1645 904 1697 Kal
941 1644 1128 1715 ὥσπερ
1166 1649 1350 1720 ἐπειδὴ
1377 1651 1595 1721 γνήσιός
1634 1653 1777 1704 ἐστιν
1821 1651 1952 1716 Υἱὸς

375 1732 470 1786 τοῦ
523 1735 755 1807 Πατρὸς,
807 1735 893 1790 διὰ
941 1738 1100 1792 τοῦτο
1149 1741 1414 1794 υἱοθεσίαν
1473 1745 1604 1814 ἡμῖν
1647 1745 1946 1816 χαρίζεται’

376 1823 518 1876 οὕτω
556 1826 649 1877 καὶ
686 1826 746 1878 τὸ
783 1826 1026 1896 Πνεῦμα,
1067 1829 1254 1902 ἐπειδὴ
1296 1831 1454 1899 φύσει
1487 1833 1587 1904 τῆς
1610 1835 1796 1897 οὐσίας
1836 1835 1950 1888 ἐστὶ

376 1915 470 1968 τοῦ
503 1916 660 1980 Θεοῦ,
708 1917 779 1970 τὰ
823 1921 1136 1990 χαρίσματα
1188 1925 1320 1994 ἡμῖν
1361 1925 1611 1996 παρέχει.
1657 1928 1809 1980 Ἐπεὶ
1858 1929 1952 1981 καὶ

377 2006 681 2077 ἅνθρωπος,
736 2012 920 2083 ἐπειδὴ
963 2013 1120 2080 φύσει
1163 2014 1444 2084 ἄνθρωπός
1481 2018 1617 2081 ἐστι,
1669 2016 1755 2070 διὰ
1794 2017 1952 2072 τοῦτο

377 2101 584 2170 γράψαι
613 2102 834 2156 δύναται
877 2105 1059 2157 εἰκόνα
1096 2105 1402 2174 ἀνθρώπου.
1448 2109 1550 2163 Διὰ
1579 2110 1752 2164 τοῦτο
1773 2113 1951 2164 εὐλό-

378 2194 532 2261 γησέ
567 2210 641 2247 σε
679 2197 712 2249 ὁ
734 2197 876 2263 Θεὸς
897 2197 983 2263 εἰς
1013 2197 1120 2252 τὸν
1151 2199 1354 2253 αἰῶνα.
1390 2200 1584 2266 Ἀλλος
1611 2201 1779 2271 λέγει,
1824 2203 1952 2257 Ἑπί

377 2301 483 2337 του
491 2303 583 2338 τω.

459 2399 622 2471 Ὁρᾷς
653 2400 768 2462 πῶς
800 2401 867 2454 δι’
893 2399 1014 2454 ὅλου
1045 2400 1182 2472 πρὸς
1207 2401 1366 2456 αὐτὸν
1387 2403 1729 2459 ἀποτείνεται
1757 2407 1822 2460 ἐκ
1839 2406 1954 2460 δια-

380 2491 610 2558 θέσεως;
642 2493 741 2546 Διὰ
767 2493 926 2547 τοῦτο
970 2495 1062 2548 καὶ
1106 2495 1339 2566 ἀλλαχοῦ
1387 2498 1484 2567 οὐχ
1517 2498 1704 2562 ἁπλῶς
1743 2517 1956 2570 προφη-

377 2585 545 2648 τεύει,
597 2585 711 2638 ἀλλ’
743 2589 800 2639 ἐν
833 2587 1070 2657 σχήματι
1114 2588 1480 2659 ἐγκλήματος,
1519 2590 1594 2654 ὡς
1625 2592 1753 2645 ὅταν
1799 2592 1951 2666 λέγῃ·

384 2671 505 2730 Ἵνα
531 2677 587 2729 τί
622 2676 931 2744 ἐφρύαξαν
963 2678 1126 2746 ἔθνη,
1166 2678 1264 2731 καί
1290 2680 1426 2734 λαοί
1450 2680 1823 2750 ἐμελέτησαν
1862 2701 1958 2736 κε-

385 2764 492 2826 νάς
517 2765 657 2818 οῦτω
685 2766 748 2838 δὴ
773 2767 865 2819 καὶ
890 2768 1120 2821 ἐνταῦθα
1143 2768 1335 2837 λέγων,
1371 2769 1473 2823 Διὰ
1501 2770 1676 2825 τοῦτο
1705 2775 1958 2842 εὐλόγη-

386 2856 458 2910 σέ
489 2856 638 2929 [165]
674 2874 749 2914 σε
786 2863 820 2913 ὁ
843 2859 985 2926 Θεὸς
1005 2863 1092 2926 εις
1127 2860 1236 2914 τὸν
1262 2859 1464 2918 αἰῶνα.
1491 2862 1656 2918 Οὐδὲν
1690 2864 1798 2936 γάρ
1830 2867 1958 2935 περὶ

382 2948 479 3018 τῆς
521 2950 825 3018 γεννήσεως
871 2951 1034 3005 αὑτοῦ
1067 2951 1388 3023 διαλεχθεὶς,
1417 2952 1536 3008 οὐδὲ
1570 2955 1699 3027 περὶ
1731 2958 1959 3028 ἀνατρο-

386 3040 510 3110 φῆς,
537 3041 656 3094 οὐδὲ
685 3043 810 3112 περὶ
834 3042 939 3096 τῶν
958 3042 1152 3109 ἄλλων,
1174 3045 1420 3100 ἐντεῦθεν
1440 3046 1696 3117 ἐμϐάλλει
1715 3047 1808 3103 τὸν
1829 3067 1894 3102 πε
1905 3051 1959 3120 pl

384 3135 545 3188 αὐτοῦ
579 3135 754 3203 λόγον.
802 3137 867 3190 Τί
899 3137 1134 3208 δήποτε;
1186 3139 1304 3194 Ὅτι
1333 3141 1393 3194 τὺ
1438 3142 1537 3212 μὲν
1574 3144 1786 3198 ἅπαντα
1819 3144 1958 3198 κατὰ

382 3227 699 3281 ἀκολουθίαν
742 3227 937 3296 λέγειν,
977 3229 1083 3282 τῶν
1128 3231 1528 3301 εὐαγγελιστῶν
1573 3239 1705 3288 ἐστι’
1739 3235 1827 3290 διδ
1865 3239 1960 3292 καὶ

383 3318 612 3381 ἐκείνοις
665 3317 804 3371 αὐτὰ
853 3320 1106 3391 ἐτήρησε·
1160 3323 1252 3375 καὶ
1304 3323 1410 3394 γὰρ
1462 3325 1560 3395 τῆς
1605 3326 1827 3379 ἐκείνων
1881 3327 1959 3380 δι-

383 3411 633 3482 ηγήσεως
663 3407 750 3482 ἦν·
792 3414 1124 3484 προφητείας
1164 3414 1222 3468 δέ
1257 3419 1402 3469 ἐστιν
1440 3418 1616 3488 ἔργον,
1653 3419 1790 3490 μέρη
1837 3421 1962 3475 τινὰ

387 3503 790 3572 ἀπολαμϐάνειν
836 3505 929 3558 καὶ
971 3507 1097 3578 περὶ
1133 3509 1335 3562 τούτων
1380 3509 1740 3579 διαλέγεσθαι.
1771 3513 1868 3565 Διὰ
1897 3513 1961 3585 δὴ

384 3593 541 3648 τοῦτο
589 3598 635 3648 οἱ
678 3597 952 3668 προφῆται
998 3600 1270 3671 πανταχοῦ
1306 3601 1466 3655 τοῦτο
1499 3602 1760 3657 ποιοῦσιν·
1805 3605 1962 3671 ὀλίγα

385 3689 506 3741 τινὰ
532 3688 641 3761 γὰρ
681 3691 760 3753 εἰς
797 3691 897 3760 τὴν
933 3691 1169 3762 ἱστορίαν
1209 3693 1566 3764 ἐμϐάλλοντες
1612 3697 1705 3751 καὶ
1741 3698 1964 3751 συσκιά-

387 3780 570 3845 ζοντες
604 3780 962 3852 ἀναχωροῦσι.
1009 3783 1108 3837 Διὰ
1136 3783 1292 3837 τοῦτο
1324 3785 1418 3839 καὶ
1443 3779 1616 3850 οὗτος,
1647 3787 1963 3857 Εὐλόγησέ

387 3887 483 3938 σε,
508 3872 690 3942 φησὶν,
723 3875 755 3926 ὀ
791 3872 935 3940 Θεὸς
962 3875 1049 3940 είς
1076 3874 1182 3928 τὸν
1212 3874 1414 3930 αἰῶνα·
1459 3876 1631 3941 οὕτως
1661 3878 1852 3942 εἰπὼν,
1881 3881 1962 3933 ὅτι

387 3965 662 4035 τοσαύτης
690 3965 910 4036 χάριτος
965 3964 1161 4037 ἔγεμεν
1198 3967 1363 4021 αὐτοῦ
1397 3968 1466 4021 τά
1497 3971 1734 4040 ῥήματα..
1765 3970 1964 4024 Σκόπει

389 4055 519 4126 γοῦν
556 4055 655 4127 τὴν
692 4055 918 4124 δύναμιν
958 4056 1057 4126 τῆς
1094 4056 1342 4128 χάριτος·
1373 4059 1784 4130 Παρεπορεύετό
1834 4077 1970 4114 ποτε.

391 4144 542 4216 ’ταρὰ
599 4145 697 4216 τὴν
753 4143 1059 4211 θάλασσαν,
1121 4147 1216 4200 καὶ
1269 4147 1509 4218 εὑρίσκει
1570 4149 1824 4204 Ἰάκωϐον
1873 4151 1966 4204 καὶ

404 4237 676 4308 Ἰωάννην,
711 4238 805 4291 καὶ
839 4237 986 4306 λέγει
1019 4238 1222 4303 αὐτοῖς·
1265 4236 1444 4294 Δεῦτε
1477 4241 1669 4295 ὀπίσω
1697 4259 1838 4311 μου,
1865 4243 1964 4296 καί

392 4331 627 4400 ποιήσω
681 4328 836 4400 ὑμᾶς
895 4331 1085 4397 ἁλιεῖς
1132 4331 1476 4400 ἀνθρώπων.
1517 4335 1580 4387 Ol
1613 4333 1681 4387 δὲ
1713 4335 1814 4388 καί
1860 4334 1968 4390 τὸν

391 4423 615 4491 πατέρα
643 4422 894 4492 ἀφέντες
920 4424 1017 4477 καὶ
1051 4422 1124 4476 τὰ
1145 4423 1376 4490 δίκτυα,
1410 4426 1840 4496 ἠκολούθησαν
1863 4430 1969 4482 αὐ-

393 4513 493 4580 τῷ.
525 4509 656 4568 Εἶτα
692 4514 879 4569 ἄλλοτε
906 4518 1038 4568 πᾶσι
1065 4518 1178 4580 τοῖς
1210 4516 1478 4588 μαθηταῖς
1503 4518 1695 4587 λέγων·
1735 4519 1831 4588 Μὴ
1868 4519 1969 4575 καί

393 4607 561 4676 ὑμεῖς
595 4607 799 4663 θέλετε
820 4609 1073 4677 ὑπάγειν
1085 4626 1104 4674 ;
1141 4610 1285 4679 λέγει
1325 4610 1474 4683 αὐτῷ
1516 4613 1738 4683 Πέτρος·
1771 4616 1968 4682 Κύριε,

393 4695 628 4766 ῥήματα
664 4695 814 4765 ζωῆς
839 4700 1082 4754 αἰωνίου
1112 4699 1291 4769 ἔχεις,
1331 4702 1426 4756 καὶ
1454 4703 1625 4774 ἡμεῖς
1645 4706 1969 4759 πεπιστεύ-

397 4803 584 4855 καμεν
619 4786 717 4840 καί
748 4787 1084 4858 ἐγνώκαμεν
1114 4789 1202 4842 ὅτι
1230 4791 1312 4845 σὺ
1339 4788 1400 4846 εἷ
1420 4796 1453 4846 ό
1487 4793 1734 4863 Χριστὸς
1775 4797 1810 4850 ὁ
1840 4797 1971 4863 υίὸς

396 4876 504 4931 τοῦ
530 4877 677 4931 Θεοῦ
707 4877 813 4932 τοῦ
843 4877 1077 4946 ζῶντος·
1099 4881 1195 4934 καὶ
1229 4883 1377 4950 πρὸς
1403 4885 1538 4938 τίνα
1561 4887 1968 4957 ἀπελευσόμε-

398 4973 503 5032 θα;
533 4968 596 5021 Τί
629 4969 774 5038 λέγω
799 4971 924 5033 τούς
953 4971 1232 5042 μαθητάς;
1263 4975 1427 5029 Αὐτοὶ
1448 4979 1496 5030 οί
1533 4979 1814 5048 Φαρισαῖοι
1840 4980 1973 5032 ἁπο-

401 5060 703 5125 στειλαντες
753 5063 1049 5136 ὑπηρέτας,
1100 5066 1295 5136 ἤκουον
1343 5068 1623 5137 λεγόντων·
1676 5070 1972 5126 Οὐδέποτε

399 5153 706 5220 ἐλάλησεν
721 5155 907 5221 οὕτως
931 5155 1262 5224 ἄνθρωπος,
1291 5159 1371 5226 ὡς
1389 5155 1566 5227 οὗτος
1589 5164 1622 5215 ό
1641 5162 1969 5232 ἅνθρωπος.

401 5247 510 5300 Kal
551 5247 728 5318 ἕτεροι
778 5248 937 5302 πάλιν
982 5249 1182 5319 ἔλεγον,
1220 5252 1517 5307 Οὐδέποτε
1547 5255 1739 5324 ἐφάνη
1785 5256 1973 5324 οὕτως

399 5337 471 5391 ἐν
513 5336 593 5403 τῷ
634 5338 898 5407 Ἰσραήλ.
949 5338 1061 5393 Καὶ
1107 5343 1586 5413 ἐξεπλήσσοντο,
1643 5347 1825 5417 φησὶν,
1881 5347 1975 5402 ὅτι

400 5427 723 5482 ἐδίδασκεν
758 5431 980 5497 αὐτοὺς
1004 5433 1084 5498 ὠς
1104 5433 1394 5497 ἐξουσίαν
1417 5434 1593 5504 ἔχων,
1629 5437 1727 5490 καί
1755 5439 1867 5506 οὐχ
1895 5438 1975 5504 ὠς

403 5522 457 5574 οἱ
487 5521 842 5590 γραμματεῖς
867 5524 1067 5578 αὐτῶν
1092 5524 1190 5578 καί
1218 5528 1271 5579 οἱ
1293 5526 1619 5595 Φαρισαῖοι.

475 5610 534 5666 δ’.
565 5613 628 5665 Εἰ
650 5611 708 5666 δὲ
733 5612 911 5683 βούλει
937 5613 1128 5685 μαθεῖν
1154 5617 1249 5669 καὶ
1271 5617 1334 5669 σύ
1359 5617 1456 5686 τὴν
1481 5617 1660 5688 χάριν,
1683 5617 1848 5673 άκουε
1868 5619 1975 5674 τῶν

407 5705 794 5777 ἐπιταγμάτων
825 5707 990 5763 αὑτοῦ
1020 5709 1109 5763 τὸν
1151 5709 1336 5778 ὄγκον,
1365 5712 1459 5764 καὶ
1487 5710 1609 5781 ὄψει
1638 5713 1840 5784 ταύτης
1877 5714 1978 5785 τὴν

406 5797 655 5871 δύναμιν.
696 5800 837 5857 Ἐὰν
876 5800 961 5872 μή
993 5819 1083 5872 τις
1116 5803 1486 5876 ἀποτάξηται
1529 5805 1741 5876 πᾶσιν,
1781 5807 1868 5863 ἔτι
1907 5809 1977 5864 δὲ

1433 382 1830 441 ‘EXPOSITIO
1867 384 1944 439 IN'
1972 382 2307 443 PS.\LMUM
2347 384 2534 442 XLIV.

3519 374 3632 442 ass

2050 477 2288 545 μισήσῃ
2326 477 2424 530 καί
2463 477 2577 544 τὴν
2601 478 2820 534 ἑαυτοῦ
2859 478 3093 548 ψυχὴν,
3127 477 3314 548 φησὶν.
3343 478 3454 532 οὐκ
3496 477 3632 531 ἔστι

2047 585 2166 637 μου
2208 567 2394 635 ἄξιος.
2441 569 2579 621 Ἀλλ’
2622 569 2772 639 ὅμως
2805 570 3026 639 ἴσχυσεν
3054 573 3082 625 6
3109 569 3265 637 λόγος
3294 569 3455 638 ἔργον
3477 570 3633 636 γενέ-

2057 659 2220 712 σθαι·
2269 659 2504 730 τοσαύτη
2537 655 2604 730 ἦν
2659 659 2824 712 αὐτοῦ
2857 662 2890 730 ή
2925 661 3104 732 χάρις.
3135 661 3324 712 Καίτοι
3352 659 3405 711 τί
3452 659 3631 729 ψυχῆς

2054 751 2412 824 οἰκειότερον;
2460 751 2620 805 Ἀλλὰ
2653 752 2748 805 καὶ
2773 753 2911 822 αῦτη
2942 751 3424 822 καταπεφρόνηται
3453 751 3539 804 διὰ
3567 750 3632 804 τὸ

2057 842 2386 910 πρόσταγμα
2407 839 2469 893 τὸ
2502 839 2733 894 ἐκείνου.
2763 841 2834 893 ΣΞ)
2864 839 2921 892 δὲ
2952 838 3187 899 ἀκούων,
3210 836 3526 907 Εὐλογησέ
3553 852 3634 894 σε

2057 933 2090 985 ό
2116 930 2279 996 Θεὸς,
2319 929 2394 1000 μὴ
2427 928 2768 999 καταπέσῃς,
2814 927 2951 1000 μηδέ
2978 927 3233 981 ταπεινόν
3262 945 3313 979 τι
3345 929 3626 998 ἐννοήσῃς.

2056 1023 2236 1094 Ὅπερ
2264 1021 2374 1092 γάρ
2422 1020 2590 1091 ἔφθην
2629 1019 2822 1084 εἰπὼν,
2867 1020 2998 1092 περὶ
3039 1021 3136 1090 τῆς
3167 1020 3367 1090 σαρκὸς
3400 1022 3428 1074 ὀ
3471 1021 3632 1089 λόγος

2061 1114 2200 1177 ἐστὶ,
2237 1101 2336 1177 τῆς
2364 1112 2516 1182 χείλη
2542 1111 2793 1183 ἐχούσης,
2821 1113 3063 1182 περὶτῆς
3093 1111 3388 1181 δεχομένης
3416 1109 3515 1180 τὴν
3541 1110 3634 1179 χάη

2060 1223 2164 1277 ριν,
2203 1206 2332 1275 περὶ
2359 1205 2457 1272 τῆς
2491 1201 2788 1272 δεχομένης
2816 1202 2914 1272 τὴν
2948 1201 3220 1268 εὐλογίαν.
3275 1201 3334 1252 '0
3363 1199 3472 1271 γὰρ
3499 1199 3632 1262 Θεὸς

2056 1296 2305 1364 εὐλογίας
2346 1295 2406 1346 οὐ
2460 1293 2653 1355 δεῖται,
2685 1291 2806 1346 οὐδὲ
2854 1293 3102 1364 χάριτος·
3152 1290 3394 1353 ἀνενδεές
3428 1289 3537 1360 γὰρ
3573 1290 3635 1342 τὸ

2055 1388 2228 1440 Θεῖον.
2262 1386 2489 1452 Ὠσπερ
2519 1383 2628 1455 γὰρ
2652 1385 2683 1436 ό
2712 1383 2915 1451 Πατὴρ
2935 1383 3164 1452 ἐγειζρει,
3189 1381 3341 1452 φησὶ,
3366 1380 3506 1446 τοὺς
3533 1398 3633 1434 νε-

2057 1475 2238 1544 κροὺς
2269 1475 2365 1528 καὶ
2406 1473 2702 1534 ζωοποιεῖ·
2741 1473 2895 1526 οὕτω
2933 1473 3034 1526 καί
3068 1475 3100 1526 ό
3159 1473 3292 1536 Υἱὸς
3335 1471 3444 1538 οὓς
3477 1470 3640 1534 θέλει

2057 1565 2334 1628 ζωοποιεῖ.
2378 1567 2488 1618 Kal
2532 1565 2727 1632 πάλιν,·
2783 1565 2860 1618 Τὰ
2905 1564 3048 1633 ἔργα
3086 1562 3124 1618 ά
3165 1564 3397 1630 ἐκεῖνος
3449 1563 3635 1628 ποιεῖ,

2055 1652 2243 1707 ταῦτα
2269 1651 2366 1704 καὶ
2397 1653 2429 1705 ό
2469 1652 2601 1714 Υἰός
2625 1649 2830 1718 ὁμοίως
2866 1649 3038 1701 ποιεῖ.
3067 1650 3177 1702 Καὶ
3207 1648 3396 1702 πάλιν·
3431 1646 3635 1712 Καθὼς

2030 1754 2033 1755 ⁷
2056 1741 2334 1810 γινώσκει
2354 1756 2430 1808 με
2457 1741 2487 1792 ὁ
2508 1738 2731 1805 Πατὴρ,
2764 1737 2926 1806 κάγὼ
2946 1737 3216 1806 γινώσκω
3245 1737 3351 1789 τόν
3380 1736 3629 1802 Πατέρα.

2059 1829 2134 1882 Τὸ
2180 1826 2311 1898 γὰρ,
2359 1826 2542 1888 Οὕτω,
2577 1827 2672 1879 καὶ
2703 1825 2782 1889 τὸ,
2826 1823 3092 1893 Ὁμοίως,
3146 1824 3240 1877 καὶ
3284 1822 3364 1888 τὸ,
3407 1825 3632 1888 Καθὼς.

2057 1913 2470 1986 ἀπαραλλαξίας
2511 1912 2677 1965 ἐστίν.
2715 1910 2855 1963 Ἀλλ’
2882 1909 3116 1963 ἐνταῦθα
3146 1910 3275 1982 περ)¹
3301 1909 3399 1980 τῆς
3426 1911 3638 1980 οἰκονοέ

2063 2009 2190 2080 μίας
2218 2010 2246 2062 6
2265 2008 2444 2076 λόγος.
2479 2004 2774 2076 Ἀκούομεν
2794 2004 2852 2057 δὲ
2874 2003 2965 2056 καὶ
2988 2002 3152 2056 αὐτοῦ
3184 2001 3345 2056 πάλιν
3363 2001 3632 2070 λέγοντος·

2057 2101 2159 2150 Διὰ
2195 2097 2372 2150 τοῦτό
2397 2113 2474 2165 με
2500 2099 2532 2150 ό
2562 2094 2764 2162 Πατὴρ
2795 2091 3014 2158 ἀγαπᾷ,
3043 2091 3402 2162 ὅτιὲγὼτὴν
3425 2091 3638 2160 ψυχήν

2053 2202 2172 2253 μου
2196 2183 2392 2250 τίθημι
2416 2179 2568 2249 ὑπὲρ
2600 2179 2716 2233 τῶν
2742 2177 3071 2246 προϐάτων.
3091 2174 3237 2251 τΑρα
3254 2174 3347 2231 οῦν
3383 2177 3488 2249 πρὸ
3515 2178 3640 2230 506-

2058 2291 2153 2326 του
2181 2273 2344 2326 αὐτὸν
2372 2273 2472 2325 οὐκ
2485 2272 2706 2342 ήγάπα;
2734 2271 2859 2334 Πῶς
2881 2267 2973 2324 οὑν
3004 2270 3189 2338 ἔλεγεν
3208 2287 3223 2301 ·
3253 2265 3439 2337 Οὗτός
3467 2271 3639 2323 ἐστιν

2060 2369 2094 2420 ό
2133 2364 2286 2438 [1661
2317 2367 2448 2431 Υἱός
2473 2382 2594 2434 μου
2621 2367 2653 2418 ό
2691 2363 2996 2433 ἀγαπητός
3009 2380 3027 2428 ;
3064 2363 3226 2416 Ἀλλὰ
3255 2361 3425 2415 θέλων
3466 2361 3638 2426 δεῖξαι

2059 2457 2120 2509 τὸ
2140 2456 2366 2528 μέγεθος
2390 2455 2484 2509 τοῦ
2508 2454 2952 2526 κατορθώματος,
2970 2453 3126 2507 τοῦτο
3148 2453 3410 2508 τέθεικεν.
3428 2453 3638 2523 Ὥσπερ

2061 2543 2154 2602 οὖν
2190 2548 2308 2601 ἐκεῖ
2335 2548 2367 2618 ή
2401 2546 2703 2615 αἰτιολογία
2730 2545 2843 2616 ἔχει
2872 2543 2994 2598 τινὰ
3024 2543 3224 2610 αἰτίαν,
3253 2541 3398 2596 οῦτω
3427 2543 3524 2595 καὶ
3549 2543 3640 2593 ἐν-

2063 2638 2241 2693 ταῦθα
2265 2641 2299 2710 ἡ
2333 2639 2483 2692 αἰτία
2514 2638 2671 2709 δήλη.
2707 2637 2804 2691 Διὰ
2827 2636 2936 2708 γὰρ
2957 2636 3115 2690 τοῦτο
3141 2635 3426 2706 προλαϐὼν
3450 2632 3601 2687 εἶπεν
3620 2650 3636 2666 ·

2075 2731 2305 2800 Ὧραῖος
2334 2733 2546 2785 κάλλει
2573 2731 2733 2800 παρὰ
2770 2730 2913 2796 τοὺς
2939 2729 3107 2794 υἰοὺς
3133 2727 3250 2782 τῶν
3277 2725 3600 2795 ἀνθρώπων

2064 2827 2180 2885 καὶ,
2217 2824 2507 2894 Ἐξεχύθη
2525 2821 2694 2894 χάρις
2712 2821 2782 2874 ἐν
2803 2821 3040 2890 χείλεσι
3055 2835 3193 2873 σου·
3212 2822 3326 2882 καὶ,
3345 2818 3447 2873 Διὰ
3462 2817 3639 2872 τοῦτο

2063 2913 2365 2985 εὐλόγησέ
2393 2929 2466 2967 σε
2496 2915 2527 2966 ὁ
2561 2913 2704 2978 Θεὸς
2729 2915 2817 2974 εὶς
2839 2913 2947 2966 τὸν
2973 2909 3160 2965 αἰῶνα
3177 2927 3192 2942 ·
3215 2911 3297 2974 είς
3321 2910 3411 2963 τὸν
3439 2911 3539 2981 τῆς
3563 2909 3643 2963 οἰ-

2064 3007 2321 3076 κονομίας
2338 3006 2510 3059 ἕλκων
2532 3004 2712 3071 λόγον,
2734 3003 2822 3056 ἵνα
2847 3005 2975 3057 ὅταν
3008 2999 3175 3072 μέλλῃ
3194 3018 3247 3055 τι
3268 3001 3432 3055 πάλιν
3457 2999 3640 3068 λέγειν

2063 3101 2162 3170 τῆς
2192 3096 2354 3150 αὐτοῦ
2400 3095 2555 3160 ἀξίας
2589 3095 2868 3157 καταδεές,
2902 3094 2978 3165 μὴ
3008 3093 3348 3163 καταπέσῃς,
3380 3090 3494 3146 ἀλλ’
3523 3091 3642 3162 ἴδῃς

2068 3191 2193 3264 περὶ
2225 3190 2369 3253 τίνος
2398 3193 2426 3242 ὁ
2454 3189 2630 3256 λόγος.
2681 3187 2839 3240 υῦτω
2869 3187 2962 3240 καὶ
2990 3188 3018 3240 6
3061 3184 3255 3239 Ἰακὼϐ
3289 3184 3386 3256 τήν
3435 3185 3643 3237 οἰκονο-

2070 3281 2198 3351 μίαν
2220 3278 2396 3349 δηλῶν
2422 3277 2560 3348 μετὰ
2593 3277 2654 3330 τὸ
2691 3276 2862 3329 πολλὰ
2900 3277 3075 3330 εἰπεῖν
3097 3276 3250 3343 ἔλεγε
3275 3289 3290 3303 ·
3320 3271 3642 3341 Χαροποιοί

2067 3376 2119 3426 οἰ
2152 3371 2442 3440 ὀφθαλμοί
2477 3369 2663 3423 αὐτοῦ
2689 3369 2770 3434 ὡς
2796 3364 2979 3434 οἶνος,
3012 3368 3107 3420 καί
3141 3366 3348 3421 λευκοί
3383 3369 3436 3420 al
3468 3365 3642 3418 ὀδόνο

2066 3480 2164 3530 τες
2197 3462 2384 3515 αὐτοῦ
2416 3460 2453 3529 ἢ
2493 3459 2669 3530 γάλα.
2723 3459 2971 3517 Ὀδόντας
2997 3458 3054 3510 δὲ
3082 3459 3115 3528 ή
3143 3456 3336 3529 θεότης
3363 3457 3463 3510 οὐκ
3504 3455 3641 3525 ἔχει.

2068 3556 2182 3608 Καὶ
2210 3554 2366 3616 ἄλλος
2399 3553 2682 3623 προφήτης
2709 3549 2878 3622 φησί·
2914 3549 3172 3613 Πατάξει
3203 3549 3319 3619 τὴν
3344 3546 3459 3618 γῆν
3483 3550 3646 3616 λόγῳ

2068 3645 2174 3699 τοῦ
2201 3646 2498 3714 στόματος
2516 3642 2724 3708 αὐτοῦ,
2747 3642 2846 3695 καί
2864 3643 3154 3710 πνεύματι
3174 3640 3421 3710 χειλέων
3441 3637 3655 3694 ἀνελεῖ

2068 3735 2292 3803 ἀσεϐῆ·
2323 3736 2393 3788 τὰ
2440 3736 2580 3789 αὐτὰ
2622 3735 2700 3806 τῷ
2732 3735 2932 3804 Παύλῳ
2983 3733 3352 3803 φθεγγόμενος
3397 3731 3642 3800 λέγοντι·

2075 3832 2185 3882 “Or
2217 3831 2248 3882 ό
2277 3829 2496 3894 Κύριος
2522 3825 2823 3881 ἀναλώσει
2853 3823 2932 3889 τῷ
2964 3826 3256 3893 πνεύματι
3289 3822 3396 3876 τοῦ
3416 3823 3641 3891 στόμα-

2068 3939 2172 3988 τος
2201 3920 2410 3985 αὐτοῦ,
2436 3920 2534 3973 καί
2563 3917 2928 3990 καταργήσει
2957 3918 3032 3988 τῇ
3059 3917 3376 3986 ἐπιφανείᾳ
3407 3913 3515 3983 τῆς
3536 3930 3647 3968 πα-

2061 4013 2322 4084 ρουσίας
2342 4011 2550 4066 αὐτοῦ.

2142 4167 2242 4221 Ἷν’
2287 4163 2379 4220 οῦν
2429 4167 2503 4237 μὴ
2556 4165 2796 4230 ἀκούσας
2852 4167 2916 4218 σύ
2970 4164 3145 4218 ταῦτα
3183 4165 3642 4238 καταφρονήσῃς,

2071 4259 2314 4314 δείκνυσί
2362 4275 2446 4312 σοι
2484 4258 2582 4329 τῆς
2616 4258 2869 4327 θεότητος
2897 4256 2999 4326 τὴν
3035 4255 3207 4326 ἰσχύν.
3253 4256 3387 4309 Οὐδὲ
3413 4254 3522 4327 γάρ
3549 4255 3651 4324 τὴν

2075 4349 2256 4422 σάρκα
2290 4348 2487 4419 διαιρεῖ
2515 4347 2616 4418 τῆς
2662 4345 2933 4415 θεότητος,
2975 4343 3100 4399 οὔτε
3137 4347 3237 4418 τὴν
3282 4345 3512 4417 θεότητα
3549 4344 3650 4415 τῆς

2077 4441 2298 4514 σαρκὸς,
2325 4441 2447 4511 οὐχὶ
2479 4439 2577 4504 τὰς
2604 4440 2790 4504 οὐσίας
2822 4439 3065 4511 συγχέων
3096 4441 3195 4512 (μὴ
3223 4439 3486 4512 γένοιτο),
3513 4438 3652 4492 ἀλλὰ

2073 4535 2172 4604 τὴν
2197 4533 2393 4587 ἕνωσιν
2418 4533 2652 4596 δεικνύς.
2681 4533 2780 4587 Διά
2801 4532 2958 4586 τοῦτό
2987 4549 3152 4603 φησιν
3170 4549 3184 4563 ·
3223 4531 3544 4602 Εὐλόγησέ
3576 4548 3652 4586 σε

2075 4628 2109 4680 ό
2131 4624 2270 4688 Θεὸς
2293 4625 2379 4690 εἰς
2402 4624 2510 4678 τὸν
2529 4623 2734 4680 αιῶνα.
2765 4623 2862 4687 Τίς
2883 4623 2940 4677 δὲ
2964 4624 3065 4694 τῆς
3091 4624 3340 4692 εὐλογίας
3366 4627 3394 4678 ὁ
3416 4623 3648 4695 τρόποςς

2081 4713 2354 4783 Ἄγγελοι,
2383 4712 2713 4785 ἁρχάγγελοι
2735 4714 3136 4785 παρεστήκασι,
3173 4713 3372 4782 θρόνοι,
3397 4713 3621 4783 κυριότη
3639 4743 3657 4757 ι

2077 4821 2188 4871 τες,
2224 4804 2409 4874 ἀρχαὶ,
2441 4805 2702 4873 ἐξουσίαι,
2747 4799 2893 4858 αῒνον
2923 4805 3340 4875 ἀναπέμποντες
3362 4819 3379 4836 ·
3429 4806 3578 4858 πᾶσα
3615 4808 3652 4877 ή

2076 4895 2151 4966 γῆ
2185 4895 2293 4950 ἀπὸ
2327 4896 2578 4969 περάτων
2603 4897 2683 4960 είς
2711 4897 2779 4950 τὰ
2813 4897 3028 4968 πέρατα
3053 4897 3324 4965 δοξολογεῖ
3365 4899 3461 4951 καὶ
3493 4899 3657 4966 ὑμνεῐ

2079 4987 2174 5041 καὶ
2207 4987 2446 5056 εὐφημεῖ
2466 4984 2560 5038 τὸν
2595 4986 2950 5058 σαρκωθέντα
2975 4985 3126 5041 Θεὸν.
3168 4987 3224 5039 Ὀ
3252 4987 3352 5057 μὲν
3378 4987 3484 5058 γὰρ
3505 4987 3657 5057 πρῶ-

2078 5095 2168 5142 τος
2207 5077 2380 5148 Ἀδάμ
2413 5078 2613 5149 μυρίας
2643 5078 2946 5150 ἐνεπλήσθη
2981 5078 3257 5150 κατάρας·
3290 5071 3446 5144 οὗτος
3465 5080 3522 5133 δὲ
3550 5080 3658 5134 ἀπ·-

2079 5169 2327 5231 εναντίας
2358 5169 2551 5240 ἐκείνῳ
2578 5170 2780 5241 πολλῆς
2803 5171 2902 5240 τῆς
2931 5171 3203 5239 εὐλογίας.
3235 5172 3469 5236 Ἐκεῖνος
3487 5173 3655 5242 ἥκου-

2083 5278 2192 5325 σεν,
2237 5262 2693 5332 Ἐπικατάρατος
2725 5263 2806 5318 σὺ
2833 5263 2903 5317 έν
2935 5264 3060 5331 τοῖς
3085 5265 3279 5334 ἔργοις
3310 5282 3457 5320 σου·
3490 5267 3583 5320 καὶ
3626 5267 3658 5320 ὁ

2085 5355 2202 5424 μετ’
2251 5354 2457 5406 ἐκεῖνον
2509 5353 2693 5420 πάλιν,
2741 5355 2856 5420 καὶ,
2906 5355 3364 5425 Ἐπικατάρατος
3407 5360 3439 5411 ό
3469 5355 3658 5410 ποιῶν

2081 5446 2154 5500 τὰ
2179 5444 2322 5516 ἔργα
2354 5446 2575 5515 Κυρίου
2606 5447 2845 5516 ἀμελῶς
2863 5463 2878 5479 ·
2907 5449 3022 5512 καὶ,
3070 5448 3550 5516 Ἐπικατάρατος,
3586 5450 3657 5516 ὃς

2081 5538 2193 5590 οὐκ
2220 5535 2456 5604 ἐμμένει
2481 5535 2631 5590 πᾶσι
2654 5536 2779 5603 τοῖς
2805 5538 3228 5608 γεγραμμένοις
3246 5539 3315 5592 έν
3342 5538 3421 5606 τῷ
3439 5540 3660 5604 βιϐλίῳ

2082 5627 2271 5692 τούτῳ
2289 5643 2304 5657 ·
2329 5626 2446 5691 καὶ,
2493 5625 2958 5696 Ἐπικατάρατος
2986 5632 3019 5682 ό
3039 5630 3405 5700 κρεμάμενος
3422 5631 3522 5684 ἐπὶ
3553 5631 3657 5696 ξύ-

2084 5722 2218 5772 λου.
2261 5717 2425 5790 Ὁρᾷς
2473 5718 2635 5772 πόσαι
2669 5721 2939 5792 κατάραι;
2973 5720 3192 5776 Τούτων
3219 5721 3564 5793 ὴλευθέρωσέ
3599 5739 3659 5776 σε.

2089 5813 2120 5865 ὁ
2158 5810 2409 5880 Χριστὸς,
2437 5810 2726 5882 γενόμενος
2753 5813 2986 5885 κατάρα.
3012 5815 3220 5885 ’Ὠσπερ
3239 5815 3347 5887 γὰρ
3368 5815 3657 5870 ἐταπείνω-
