4080 6340
474 362 583 421 189

472 495 567 532 σεν
596 474 809 540 ἑαυτὸν,
838 474 927 529 ἵνα
957 475 1016 530 σὲ
1042 474 1254 551 ὑψώσῃ,
1288 480 1382 533 καὶ
1402 479 1693 545 ἀπέθανεν,
1714 481 1804 538 ἵνα
1828 483 1888 537 σὲ
1908 482 2049 538 aea-

471 585 629 622 νατον
671 566 1005 638 ἐργάσηται·
1036 567 1179 622 οὕτω
1217 571 1311 624 καί
1355 572 1569 643 κατάρα
1600 574 1836 641 ἐγένετο,
1868 575 1954 628 ἵνα
1988 574 2047 629 σὲ

469 658 723 727 εὐλογίας
751 659 1028 733 ἐμπλήσῃ.
1055 660 1120 712 Τί
1150 662 1249 732 τῆς
1268 662 1519 733 εὐλογίας
1538 663 1744 735 ταύτης
1765 664 1898 730 ἴσον,
1919 668 2049 722 ὅταν

469 750 559 804 διὰ
586 752 829 820 κατάρας
860 750 1108 820 εὐλογίαν
1137 753 1459 825 χαρίζηται;
1486 758 1560 810 Οὐ
1583 757 1693 830 γάρ
1708 759 1870 824 αὐτὸς
1895 760 2049 832 ἐδεή-

469 841 540 914 θη
581 842 851 912 εὐλογίας.
888 844 1022 897 ἀλλά
1061 845 1145 898 σοὶ
1180 847 1383 919 ταύτην
1422 848 1656 905 δίδωσιν.
1691 852 1904 923 Ὥσπερ
1937 852 2047 924 γὰρ

468 934 598 987 ὅταν
632 933 791 997 εἴπω,
825 934 907 987 ὅτι
933 935 1295 1009 ἐταπεινώθη,
1320 941 1381 993 οὐ
1404 941 1704 1014 μεταϐολὴν
1725 942 1890 1011 λέγω,
1910 942 2047 999 άλλά

467 1027 568 1096 τῆς
597 1025 910 1096 οἰκονομίας
959 1027 1057 1098 τὴν
1102 1031 1545 1105 συγκατάϐασινο
1580 1032 1727 1088 οὕτω
1773 1037 1867 1090 καὶ
1918 1035 2046 1089 ὅταν

468 1118 609 1170 εἴπω
637 1120 721 1171 ὃτι
749 1117 1051 1189 ηὐλογήθη,
1088 1121 1149 1173 οὐ
1179 1120 1339 1176 τοῦτο
1360 1121 1527 1191 λέγω,
1561 1124 1643 1178 ὃτι
1674 1124 1867 1198 ἐδεήθη
1895 1125 2049 1180 εὐλο-

468 1207 615 1277 γίας,
647 1207 782 1262 ἀλλά
813 1209 976 1262 πάλιν
998 1214 1098 1282 τῆς
1119 1213 1431 1284 οἰκονομίας
1452 1214 1701 1287 δείκνυμι
1722 1216 1822 1287 τὴν
1843 1233 2048 1285 συγκα-

470 1300 719 1354 τάϐασιν.
750 1300 1036 1373 Ηύλογήθη
1071 1303 1250 1357 τοίνυν
1282 1307 1315 1376 ἡ
1345 1305 1661 1378 ἀνθρωπίνη
1694 1307 1875 1378 φύσις.
1908 1310 2045 1380 Χρι-

469 1390 594 1453 στὸς
636 1389 744 1461 γάρ
785 1391 1031 1461 ἐγερθεὶς
1058 1392 1124 1445 ἐκ
1154 1394 1387 1464 νεκρῶν,
1432 1397 1532 1450 οὐκ
1566 1397 1646 1451 ἔτι
1690 1398 2044 1470 ἀποθνήσκει,

467 1481 588 1534 οὐδὲ
615 1482 828 1553 κατάρᾳ
863 1482 1150 1537 ὑπόκειται
1174 1501 1187 1514 ·
1238 1474 1438 1557 μᾶλλον
1467 1488 1524 1541 δὲ
1553 1489 1673 1543 οὐδὲ
1707 1490 1813 1560 πρὸ
1854 1490 2044 1544 τούτου

470 1571 744 1636 ὐπέκειτο,
796 1572 909 1626 ἀλλ’
948 1574 1179 1628 ἀνέλαϐε
1208 1576 1307 1648 τὴν
1335 1580 1600 1650 κατάραν,
1633 1581 1717 1635 ἵνα
1749 1583 1809 1637 σε
1840 1583 2048 1654 ταύτης

467 1663 772 1737 ἀπαλλάξῃ.
812 1665 1135 1733 Περίζωσαι
1162 1667 1277 1737 thr
1311 1671 1620 1740 ῥομφαίαν
1657 1690 1773 1729 σου
1804 1675 1905 1729 ἐπὶ
1940 1677 2048 1731 τὸν

462 1757 661 1824 μηρόν
686 1771 824 1818 σου,
866 1756 1106 1812 δυνατέ.
1140 1760 1355 1825 Ἄλλος,
1389 1763 1584 1818 Ζῶσαι
1602 1766 1905 1836 μάχαιράν
1929 1785 2047 1825 σου

467 1846 566 1899 ἐπὶ
597 1849 812 1917 μηρόν.
849 1848 1062 1912 Ἄλλος,
1095 1852 1347 1919 Περίθου
1375 1855 1456 1920 ὡς
1475 1855 1774 1926 μάχαιράν
1803 1874 1923 1915 σου
1946 1859 2047 1915 ἐπὶ

467 1939 576 1993 τοῦ
590 1939 808 2009 μηροῦ.
842 1939 921 2009 Τῇ
953 1942 1268 2012 ὡραιότητί
1299 1962 1415 2001 σου
1436 1947 1535 2001 καί
1566 1948 1648 2014 τῷ
1671 1950 1884 2006 κάλλει
1903 1968 2043 2009 σου.

471 2028 666 2092 ’Λλλος
692 2031 849 2103 φησί,
882 2030 994 2086 Τὸν
1016 2032 1268 2088 ἔπαινόν
1288 2051 1406 2092 σου
1430 2038 1530 2093 καὶ
1557 2039 1621 2093 τὸ
1648 2041 1881 2113 ἀξίωμὰ
1903 2059 2043 2102 σου.

468 2119 624 2193 [16η
671 2121 882 2187 Ἄλλος,
941 2122 1357 2194 Ἐπιδοεότητί
1400 2143 1518 2186 σου
1562 2131 1663 2187 καί
1695 2132 2047 2206 διαπρεπείᾳ

466 2230 606 2267 σου.
638 2211 733 2276 Τίς
769 2213 801 2282 ἡ
834 2213 1128 2288 μεταϐολὴ,
1151 2216 1246 2269 καὶ
1272 2216 1356 2282 τίς
1377 2220 1411 2290 ἡ
1445 2220 1777 2291 μετάστασις
1809 2224 1920 2280 τῶν
1943 2228 2044 2299 ῥη-

469 2304 656 2376 μάτων
672 2322 686 2372 ;
712 2305 784 2357 Πε
794 2306 848 2376 pl
870 2305 977 2378 γὰρ
998 2306 1320 2362 διδασκάλου
1336 2308 1717 2385 διαλεγόμενος
1737 2315 1916 2384 (τοῦτο
1934 2318 2044 2392 γάρ

464 2396 579 2449 ἐστι
601 2397 681 2462 τὸ,
722 2395 1007 2467 Ἐξεχύοη
1029 2396 1204 2467 χάρις
1230 2399 1301 2452 ἐν
1329 2402 1565 2469 χείλεσι
1593 2404 1756 2476 σου),
1783 2405 2044 2480 ἐξαίφνης

464 2489 596 2559 ἡμῖν
630 2486 855 2560 βασιλέα
895 2488 1344 2562 καθωπλισμένον
1369 2492 1700 2565 ὑπογράφει,
1734 2498 1828 2551 καὶ
1857 2499 1959 2553 οὐκ
1983 2501 2042 2553 ἐν

462 2578 614 2644 τάξει
649 2580 1016 2662 προφητείας,
1045 2581 1161 2635 ἀλλ’
1206 2585 1265 2636 ὲν
1291 2582 1442 2648 τάξει
1490 2576 1790 2658 ἱκετηρίας.
1820 2589 1896 2642 υύ
1933 2589 2041 2662 γάρ

462 2667 606 2725 εἷπε·
649 2659 1022 2743 Περιζὼσεται
1051 2672 1151 2746 τὴν
1191 2676 1464 2747 ῥομφαίαν
1490 2677 1655 2731 αὐτοῦ
1678 2697 1691 2710 υ
1721 2679 1856 2734 ἀλλὰ
1879 2659 2037 2749 ἀξιοί,

464 2762 555 2814 καί
585 2778 736 2831 φησι,
766 2759 1087 2830 Περίζωσαι
1109 2764 1225 2832 τὴν
1256 2767 1567 2835 ῥομφαίαν
1592 2783 1731 2822 σου.
1780 2767 1915 2825 Εἶτα
1944 2774 2041 2827 καὶ

460 2852 529 2921 τῇ
563 2849 772 2903 ὁπλίσει
802 2849 976 2924 ταύτῃ
997 2850 1191 2915 κάλλος
1211 2852 1562 2923 ἀναμίγνυσι,
1582 2855 1676 2911 νῦν
1699 2858 1797 2930 μὲν
1816 2860 2040 2933 ὁπλίτην

459 2940 658 3011 δηλῶν,
687 2939 783 2993 νῦν
809 2940 867 2994 δὲ
898 2940 1296 3013 ὼραῖζόμενον·
1339 2945 1418 3013 Τῇ
1436 2946 1545 3017 γὰρ
1566 2947 1882 3020 ὡραιότητί
1898 2966 2036 3018 σου,

464 3032 620 3102 φησὶ,
651 3031 751 3086 καὶ
791 3030 872 3098 τῷ
900 3031 1115 3087 κάλλει
1162 3048 1299 3089 σου.
1338 3033 1473 3091 Εἶτα
1499 3036 1721 3112 τοξότην
1743 3057 1756 3071 ·
1784 3043 1862 3096 Τὰ
1879 3042 2038 3115 ,βέλη

459 3126 570 3194 γάρ
604 3139 743 3189 σου,
796 3125 981 3195 φησὶν,
1029 3124 1395 3197 ἠκονημένα,
1434 3128 1672 3186 δυνατέ.
1719 3132 1831 3186 Καὶ
1875 3135 2040 3190 πάλιν

459 3214 689 3286 νικητὴν
715 3216 811 3269 καί
837 3217 1199 3288 τροπαιοῦχον
1220 3236 1234 3250 ο
1258 3220 1404 3274 Λαοὶ
1420 3221 1700 3277 ὑποκάτω
1720 3239 1860 3291 σου,
1880 3229 2037 3299 φησί,

460 3305 792 3361 πεσοῦνται
820 3308 891 3360 ἐν
915 3308 1131 3378 καρδίᾳ
1169 3309 1288 3364 τῶν
1310 3311 1541 3382 ἐχθρῶν
1573 3317 1679 3370 τοῦ
1705 3317 2034 3388 βασιλέως.

462 3394 573 3447 Καὶ
603 3392 790 3447 τοῦτον
823 3394 878 3447 δὲ
903 3395 1066 3449 αὐτὸν
1097 3398 1260 3452 πάλιν
1286 3401 1495 3469 εἰσάγει
1527 3403 1722 3477 μύροις
1750 3409 2037 3478 χριόμενον

458 3483 551 3537 τὸν
575 3484 818 3556 ὁπλίτην,
855 3487 948 3541 καὶ
978 3487 1229 3557 βασιλέα,
1260 3493 1354 3544 καὶ
1381 3493 1623 3567 τοξότην,
1653 3499 1746 3551 καὶ
1775 3503 1999 3573 νικητήν
2018 3518 2036 3537 ο

460 3577 703 3645 Σμύρνα
730 3576 860 3649 γὰρ,
899 3579 1052 3650 φησί,
1096 3582 1195 3635 καὶ
1225 3582 1484 3654 στακτὴ,
1515 3586 1613 3640 καί
1641 3592 1870 3645 κασσία
1914 3593 2033 3648 ἀπὸ

457 3667 578 3726 τῶν
605 3669 853 3739 ἱματίων
877 3684 1018 3725 σου.

528 3848 701 3912 ε⁹.Τίς
730 3843 825 3901 οῦν
852 3848 1106 3903 κοινωνία
1138 3849 1326 3915 ὅπλοις
1347 3852 1442 3908 καί
1481 3856 1688 3927 μύροις,
1713 3859 1976 3931 χρίσματι
2006 3875 2033 3903 ι

460 3941 555 3995 καὶ
603 3938 868 4010 ῥομφαίᾳ,
920 3938 1246 4012 διδασκαλίᾳ
1290 3943 1385 3996 καὶ
1430 3946 1675 4018 πολέμῳ,
1716 3932 1894 4016 τόξοις
1940 3954 2036 4006 καί.

454 4031 756 4103 ὡραῖσμῷ;
782 4028 865 4083 Τὰ
892 4030 993 4101 μὲν
1020 4031 1129 4102 γάρ
1161 4032 1309 4085 ἐστιν
1335 4035 1562 4108 εἰρήνης
1590 4039 1858 4110 σύμϐολα,
1888 4043 1957 4097 τά
1978 4045 2036 4098 δὲ

460 4124 640 4195 μάχης
666 4122 763 4175 καὶ
800 4121 1179 4190 παρατάξεως.
1222 4123 1319 4188 Τίς
1357 4120 1451 4179 οὗν
1498 4128 1644 4183 ἐστιν
1683 4131 1713 4183 ό
1759 4134 2035 4205 εἰρηνικὸς

457 4214 594 4282 ὁμοῦ
643 4214 742 4268 καὶ
782 4212 1116 4284 πολεμικόςς
1158 4216 1188 4269 ὁ
1231 4214 1404 4287 μύρον
1431 4218 1665 4286 στάζων,
1706 4223 1801 4276 καὶ
1848 4225 2035 4291 ὅπλοις

458 4301 862 4374 φραττόμενος;
908 4302 939 4354 ὁ
977 4300 1183 4373 προῖὼν
1227 4302 1336 4356 ἀπὸ
1384 4303 1597 4376 βάρεων
1649 4307 2031 4379 ἐλεφαντίνων,

458 4394 551 4448 καί⁵
576 4394 802 4465 μυρίους
827 4392 1035 4463 βάλλων
1054 4393 1163 4446 τῶν
1189 4393 1422 4466 ἐχθρῶν,
1454 4400 1550 4451 καὶ
1570 4400 1837 4467 τοσαύτας
1865 4403 2035 4476 ἐργα-

460 4486 686 4557 ξάμενος
722 4485 969 4554 σφαγάςνς
1003 4486 1130 4550 Πῶς
1153 4485 1389 4557 λύσομεν
1411 4488 1512 4561 τὴν
1534 4491 1767 4563 ἀπορίαν
1793 4495 1996 4566 ταύτην
2015 4513 2030 4561 ;

458 4576 560 4627 Ἂν
588 4572 809 4644 γνῶμεν
846 4574 1093 4645 ἀκριϐῶς
1127 4576 1211 4629 ὃτι
1239 4576 1481 4649 καὶπερὶ
1503 4579 1596 4633 τοῦ
1635 4582 1845 4654 Πατρὸς
1865 4585 2031 4640 αὐτοῦ

454 4665 631 4720 ταῦτα
654 4664 891 4735 λέγεται.
924 4665 1028 4719 Καὶ
1057 4667 1166 4739 γάρ
1197 4668 1293 4721 καὶ
1327 4668 1490 4724 αὐτὸν
1517 4672 1730 4742 εἰσάγει
1760 4676 1788 4728 ό
1812 4675 2032 4751 Προφή-

455 4774 557 4826 της
599 4755 832 4827 ἀλλαχοῦ
868 4756 1247 4829 ὁπλιζόμενον,
1293 4760 1373 4824 ὡς
1402 4762 1529 4816 ὅταν
1560 4763 1696 4836 λέγει
1717 4782 1732 4796 ⁸
1774 4765 1909 4822 Ἐὰν
1940 4769 2028 4839 μὴ

454 4844 552 4897 ἐπι
562 4841 884 4913 στραφῆτε,
912 4846 1030 4915 τὴν
1054 4848 1363 4917 ῥομφαίαν
1380 4851 1566 4905 αὑτοῦ
1588 4857 1909 4911 στιλϐώσει
1927 4875 1941 4889 ’
1961 4860 2031 4913 τὸ

456 4936 636 5001 τόξον
654 4935 840 4990 αὐτοῦ
865 4936 1140 5003 ἐνέτεινε,
1170 4942 1266 4994 καὶ
1291 4943 1624 5013 ἡτοίμασεν
1643 4946 1811 5014 αὐτὸ,
1834 4951 1933 5004 καί
1960 4951 2033 5005 ἐν

456 5025 620 5091 αὐτῷ
646 5027 936 5096 ἡτοίμασε
956 5031 1147 5097 σκεύη
1171 5032 1450 5088 θανάτου.
1475 5035 1586 5088 Καὶ
1601 5036 1761 5091 πάλιν
1775 5039 2027 5113 ἀλλαχοῦ·

467 5119 817 5174 Ἐνδύσεται
848 5119 1084 5190 θώρακα
1128 5123 1535 5195 δικαιοσύνην
1566 5128 1614 5183 ιι.
1650 5131 1791 5203 Ὅρα
1836 5134 1894 5188 δὲ
1936 5137 2031 5189 καὶ

456 5212 744 5266 αὐθεντίαν
770 5213 868 5282 τὴν
911 5214 1101 5286 αὐτήν.
1152 5216 1363 5288 ’Ὠσπερ
1405 5217 1514 5289 γάρ
1559 5220 1676 5273 ἐκεῖ
1718 5239 1872 5294 φησι,
1912 5225 2032 5294 Thr

452 5304 752 5373 ῥομφαίαν
774 5305 961 5361 αὐτοῦ
996 5306 1338 5374 στινίϐώσει,
1381 5309 1442 5362 οὐ
1489 5310 1639 5383 παρά
1663 5329 1806 5378 τινος
1839 5314 2030 5370 κελευ-

458 5394 627 5461 σθεὶς,
667 5395 783 5449 ἀλλ’
808 5396 971 5460 αὐτὸς
1002 5397 1096 5466 ἀφ’
1121 5398 1319 5453 ἑαυτοῦ
1343 5417 1357 5431 ο
1391 5398 1530 5455 οὕτω
1553 5403 1648 5456 καὶ
1676 5404 1927 5473 ἐνταῦθα,
1954 5408 2030 5461 Τὰ

455 5484 609 5556 βέλη
639 5486 744 5542 τοῦ
768 5486 1031 5543 δυνατοῦ
1049 5490 1422 5561 ἠκονημένα,
1447 5494 1583 5550 λαοὶ
1606 5496 1884 5552 ὑποκάτω
1908 5512 2027 5554 σου

515 5729 544 5792 ξι
576 5729 669 5792 .ᾼίἐί
692 5731 865 5792 χάριτι,
888 5734 1049 5781 minus
1071 5739 1225 5785 recte.

517 5787 547 5833 ιι
569 5787 667 5838 Δ.Πί
694 5787 1009 5853 δικαιοσύνης.

1170 360 1230 416 S.
1270 359 1554 418 JOANNIS
1590 362 2072 425 CHRYSOSTOMI
2109 363 2433 422 ABCﬂlEP.
2469 360 3021 427 CONSTANTINOP.

3624 376 3728 434 I90

2150 482 2480 540 πεσοῦνται
2505 488 2576 541 ἐν
2609 487 2825 556 καρδίᾳ
2857 486 2978 543 τῶν
3003 487 3232 558 ἐχθρῶν
3270 489 3374 546 τοῦ
3397 491 3725 559 βασιλέως.

2147 571 2281 629 Εἶτα
2314 576 2547 645 δεικνὺς,
2578 580 2661 634 ὅτι
2689 579 2902 635 οἴκοθεν
2932 581 3111 636 πάντα
3145 584 3308 646 ποιεῖ,
3338 583 3515 652 λέγει·
3560 583 3725 652 Ὀδη-

2146 665 2320 737 τήσει
2352 683 2428 724 σε
2463 672 2819 741 θαυμαστῶς
2847 673 2886 742 ή
2917 671 3089 739 δεξιά
3122 687 3261 729 σου.
3290 675 3404 747 Οὐχ
3428 675 3725 747 ἑτέρωθεν,

2148 759 2337 830 φησὶν,
2389 762 2672 834 ἐνέργειαν
2719 764 2872 839 δέχῃ,
2923 764 3042 821 ἀλλ’
3080 766 3243 831 αὐτὸς
3287 767 3464 840 ἐαυτῷ
3510 770 3724 843 ἀρκεῖς.

2151 852 2353 906 Ἄκουε
2383 853 2441 908 δέ
2475 855 2571 909 καὶ
2597 856 2765 912 αὐτοῦ
2799 857 3054 927 λέγοντος
3071 857 3168 913 τοῦ
3200 858 3300 930 τῆς
3331 860 3554 932 εἰρήνης
3587 861 3725 914 Θεοῦ

2147 944 2284 1015 πρὸς
2304 945 2433 1010 τοὺς
2465 946 2715 1020 μαθητάς
2734 968 2748 981 ι
2780 953 2902 1006 Οὐκ
2922 947 3114 1022 ἦλθον
3123 952 3347 1017 ,βαλεῖν
3358 952 3608 1022 εἰρήνην
3618 951 3725 1007 ἐπὶ

2145 1034 2263 1104 τὴν
2298 1034 2434 1106 τῆν,
2464 1038 2628 1094 ἀλλὰ
2657 1039 2978 1112 μάχαιραν.
3012 1044 3123 1098 Καὶ
3151 1044 3348 1099 πάλινο
3383 1045 3511 1113 Πῦρ
3532 1040 3727 1115 ἦλθον

2137 1127 2362 1191 ,ϐαλεῖν
2388 1129 2487 1185 ἐπὶ
2511 1130 2627 1200 τὴν
2646 1131 2783 1203 γῆν,
2805 1134 2904 1189 καὶ
2919 1136 2977 1190 τί
2990 1136 3214 1205 ἤθελον
3233 1139 3287 1191 εὶ
3307 1136 3423 1206 ἤδη
3442 1135 3725 1206 ἀνήφθηί

2148 1217 2326 1285 Οὗτος
2352 1222 2411 1278 δὲ
2438 1227 2568 1299 περί
2600 1227 2766 1282 αὐτοῦ
2800 1228 2995 1298 λέγων,
3034 1229 3153 1295 πῶς
3186 1230 3308 1301 ἥξει
3336 1229 3498 1300 φησί·
3530 1233 3726 1284 Κατα-

2145 1313 2390 1381 σήσεται
2420 1319 2501 1385 ὡς
2528 1320 2701 1388 ὑετὸς
2723 1321 2822 1376 ἐπὶ
2849 1323 3062 1386 πόκον,
3102 1323 3204 1378 καί
3234 1323 3377 1379 ὡσεί
3402 1320 3644 1392 σταγὼν
3679 1322 3721 1391 ἡ

2144 1410 2450 1473 στάζουσα
2490 1416 2592 1470 ἐπὶ
2625 1415 2743 1485 thr
2788 1417 2926 1488 τῆν.
2968 1417 3155 1473 Ταῦτα
3194 1418 3360 1486 λέγω,
3400 1417 3487 1471 ἵνα
3533 1416 3724 1486 διεγη-

2144 1505 2407 1574 γερμένοι
2452 1502 2574 1578 ἦτε,
2608 1509 2705 1562 καί
2734 1507 2803 1563 τά
2841 1509 2949 1564 ἀπὸ
2977 1510 3085 1564 τῶν
3114 1509 3312 1575 λέξεων
3345 1507 3726 1579 σημαινόμενα

2147 1593 2289 1664 μετά
2316 1597 2605 1669 ἀκριϐείας
2633 1599 3090 1671 ἐκλαμϐάνοντες,
3118 1601 3288 1673 λύητε
3329 1599 3462 1673 παρ’
3506 1600 3723 1664 ἑαυτοῖς

2144 1687 2242 1740 καὶ
2269 1687 2524 1761 ἀπορίαν.
2560 1690 2747 1745 Ταῦτα
2773 1691 2881 1763 γὰρ
2915 1692 2988 1746 τὰ
3010 1692 3250 1764 ὀνόματα
3278 1692 3387 1746 τῶν
3428 1690 3723 1764 ἐνεργειῶν

2144 1776 2312 1831 αὐτοῦ
2338 1779 2457 1834 ἐστι
2482 1782 2817 1852 σημαντικά.
2843 1782 2999 1837 Οὕτω
3013 1783 3193 1839 τοίνυν
3220 1785 3316 1839 καὶ
3343 1783 3576 1839 ἐνταῦθα
3589 1783 3725 1838 ὅταν

2143 1868 2406 1945 ἀκούσῃς,
2453 1872 2777 1941 Περίζωσαι
2811 1874 2928 1944 τὴν
2970 1878 3278 1947 ῥομφαίαν
3315 1892 3433 1933 σου
3480 1876 3580 1932 ἐπὶ
3611 1875 3726 1929 τὸν

2138 1960 2340 2027 μηρόν
2359 1976 2498 2027 σου,
2518 1961 2763 2029 δυνατὲ,
2777 1965 2881 2035 τῆς
2905 1966 3185 2038 ἐνεργείας
3199 1965 3365 2020 αὐτοῦ
3385 1959 3526 2021 εἶναι
3548 1965 3724 2036 ὄνομα

2143 2048 2333 2120 νόμιζε
2354 2068 2368 2082 ο
2402 2052 2499 2106 καὶ
2518 2053 2588 2107 τά
2619 2052 2750 2121 τόξα
2780 2057 2876 2111 καὶ
2907 2058 2975 2111 τὰ
3000 2057 3153 2129 βέλη.
3186 2059 3401 2128 ’Ὠσπερ
3428 2058 3538 2127 γὰρ
3570 2056 3722 2127 ὀργί-

2144 2140 2334 2206 ξεσθαι
2356 2144 2448 2198 τὸν
2469 2146 2601 2201 Θεὸν
2621 2148 2654 2220 η
2680 2150 2874 2223 Γραφὴ
2902 2151 3074 2220 λέγει,
3110 2152 3172 2207 οὐ
3200 2152 3372 2217 πάθος
3396 2151 3545 2221 αὐτῷ
3566 2148 3721 2225 [168]

2143 2235 2542 2307 περιάπτουσα,
2574 2239 2712 2295 ἀλλά
2748 2241 2837 2297 διὰ
2860 2243 2960 2314 τῆς
2988 2243 3187 2309 λέξεως
3204 2243 3410 2314 ταύτης
3433 2242 3532 2315 τὴν
3558 2244 3721 2316 ἐνέρ-

2140 2342 2296 2393 γειαν
2323 2327 2489 2382 αὐτοῦ
2514 2331 2616 2399 τὴν
2641 2332 2971 2406 κολαστικὴν
2999 2337 3346 2409 παριστῶσα,
3373 2338 3470 2393 καὶ
3486 2337 3594 2392 τῶν
3615 2353 3723 2391 πα-

2140 2416 2386 2487 χυτέρων
2424 2421 2818 2496 καθαπτομένη
2840 2443 2856 2458 ο
2893 2425 3038 2482 οὕτω
3069 2429 3168 2483 καὶ·
3192 2429 3263 2484 τὰ
3297 2429 3439 2485 ὅπλα
3483 2429 3729 2499 λέγουσι

2140 2507 2306 2562 τοῦτο
2333 2510 2507 2581 δηλοῖ.
2554 2515 2772 2590 Ἐπειδὴ
2803 2518 2914 2591 γὰρ
2943 2521 3099 2591 ἡμεῖς
3126 2521 3187 2575 οὐ
3214 2521 3283 2576 δι’
3314 2521 3545 2589 ἑαυτῶν,
3580 2522 3720 2578 ἀλλά

2138 2600 2206 2655 δι’
2245 2602 2451 2676 ἐτέρων
2491 2607 2741 2677 ὀργάνων
2768 2611 3182 2683 τιμωρούμεθα,
3219 2613 3389 2670 θέλων
3419 2614 3587 2683 δεῖξαι
3616 2615 3723 2686 τὴν

2137 2697 2522 2769 τιμωρητικὴν
2550 2699 2721 2755 αὐτοῦ
2742 2700 2993 2774 δύναμιν,
3023 2704 3112 2759 διὰ
3132 2706 3243 2760 τῶν
3268 2707 3563 2778 γνωρίμων
3581 2708 3721 2779 ἡμῖν

2137 2786 2421 2859 ὀνομάτων
2449 2790 2742 2862 ἐδήλωσεν,
2770 2795 2871 2866 οὐχ
2894 2796 2984 2852 ἵνα
3014 2796 3156 2852 ὅπλα
3188 2799 3318 2871 περὶ
3348 2798 3481 2853 Θεὸν
3509 2800 3721 2870 νοήσω-

2140 2898 2262 2952 μεν,
2308 2883 2426 2937 ἀλλ’
2466 2885 2558 2941 ἶνα
2612 2887 3095 2963 ἐμφαντικώτερον
3130 2891 3230 2963 τὴν
3276 2892 3497 2947 κόλασιν
3547 2891 3720 2948 αὐτοῦ

2137 2975 2483 3047 ἀκούσωμεν.
2532 2978 2694 3034 Ἀλλὰ
2722 2980 2934 3046 πολλοὶ,
2970 2982 3158 3054 φησὶν.
3197 2983 3448 3038 ἐντεῦθεν
3480 2982 3722 3055 ἐϐλάϐηο

2139 3082 2262 3122 σαν.
2301 3069 2444 3123 Ἀλλ’
2462 3072 2584 3143 εἰκῆ
2602 3072 2699 3126 καὶ
2722 3073 2899 3144 μάτην
2914 3074 3010 3129 καὶ
3026 3074 3131 3129 ὐπὸ
3153 3075 3256 3145 τῆς
3279 3075 3484 3140 οἰκείας
3505 3076 3714 3140 ἀνοίας·

2141 3158 2378 3228 μάλιστα
2411 3163 2510 3234 μὲν
2536 3165 2647 3237 γάρ
2672 3165 2963 3232 ἀκούοντες
2986 3168 3144 3230 Θεὸν,
3177 3168 3410 3239 ὤφειλον
3451 3169 3717 3233 συνιέναι.

2136 3251 2219 3304 ὅτι
2258 3253 2667 3329 τροπικώτερον
2695 3258 2912 3330 εῐρηται
2935 3276 2949 3291 ·
2985 3260 3103 3314 νυνὶ
3141 3259 3198 3315 δέ
3227 3261 3288 3315 οὐ
3329 3261 3419 3315 διά
3452 3262 3723 3332 ῥημάτων

2138 3341 2344 3413 ἐτέρων
2368 3344 2570 3410 αὐτοὺς
2591 3346 2882 3401 παιδεῦσαι
2901 3348 2963 3402 τὸ
2984 3347 3192 3412 ἀπαθὲς
3218 3349 3315 3403 τοῦ
3343 3348 3479 3403 Θεοῦ
3505 3348 3717 3420 ἠμέλη-

2139 3449 2231 3487 σεν
2276 3437 2310 3507 ἡ
2359 3436 2575 3509 Γραφή.
2632 3439 2898 3494 Ἄκουσον
2921 3439 3053 3510 γοῦν
3097 3439 3333 3512 ἀλλαχοῦ
3379 3442 3497 3506 πῶς
3543 3442 3716 3497 αὐτοῦ

2135 3524 2377 3580 δείκνυσι
2407 3525 2506 3597 τὴν
2536 3528 2789 3583 εὐκολίαν
2826 3534 2926 3602 τῆς
2967 3532 3265 3604 τιμωρίας,
3301 3532 3506 3601 λέγων·
3552 3535 3719 3589 'Ara-

2135 3616 2337 3684 στήτω
2364 3620 2398 3672 ό
2421 3618 2590 3685 Θεὸς.
2616 3618 3266 3692 διασκορπισθήτωσαν
3286 3627 3343 3679 οἱ
3368 3625 3570 3696 ἐχθροὶ
3599 3629 3713 3682 αὑ·

2135 3706 2263 3763 τοῦ.
2291 3708 2384 3779 Μὴ
2427 3709 2588 3780 χρεία
2619 3711 2835 3780 ὃπλωνς
2863 3714 2940 3785 μὴ
2987 3715 3150 3786 χρεία
3177 3715 3486 3788 ρομφαίαςς
3526 3719 3721 3790 ’Δρκεῐ

2144 3794 2324 3866 μόνον,
2356 3799 2544 3868 φησὶν,
2586 3801 2619 3871 ἡ
2652 3800 2972 3868 ἀνάστασις.
3018 3803 3180 3859 Ἀλλά
3220 3806 3314 3860 καὶ
3354 3807 3516 3860 τοῦτο
3545 3808 3715 3864 πάλιν

2141 3886 2317 3957 παχύο
2352 3887 2433 3942 διὸ
2460 3889 2729 3963 πολλαχοῦ
2770 3891 2946 3963 λέγει’
2998 3894 3053 3948 ’0
3085 3895 3425 3953 ἐπιϐλέπων
3453 3900 3553 3955 ἐπὶ
3591 3901 3716 3969 τὴν

2135 3977 2273 4049 γῆν,
2309 3981 2409 4035 καὶ
2439 3980 2627 4035 ποιῶν
2649 3982 2844 4053 αὐτὴν
2875 3984 3125 4054 τρέμειν.
3175 3988 3286 4041 Καὶ
3329 3989 3491 4044 πάλιν
3511 4009 3524 4022 ’
3563 3993 3715 4047 Ἀπὸ

2134 4071 2460 4138 προσώπου
2485 4071 2672 4127 αὑτοῦ
2698 4074 3002 4145 ἐσαλεύθη
3030 4078 3069 4147 ἡ
3103 4077 3202 4149 γῆ.
3240 4079 3403 4135 Ἀλλὰ
3430 4082 3526 4137 καὶ
3550 4084 3718 4141 τοῦτο

2134 4161 2303 4231 παχύ.
2338 4163 2605 4218 Ἄκουσον
2631 4164 2692 4218 τὸ
2716 4166 3048 4240 ὑψηλότερον
3067 4184 3081 4198 ⁸
3099 4169 3324 4238 Πάντα,
3349 4173 3467 4228 ὅσα
3492 4176 3713 4247 ἠθέλη-

2131 4269 2269 4318 σεν,
2298 4253 2592 4324 ἐποίησεν
2612 4272 2625 4285 ·
2659 4257 2820 4329 ἀρκεῖ
2851 4259 2959 4332 γάρ
2992 4260 3141 4333 αὐτῷ
3173 4262 3236 4316 τὸ
3262 4262 3487 4336 θελῆσαι
3526 4268 3709 4338 μόνον.

2131 4343 2333 4398 Σκόπει
2359 4344 2418 4398 δὲ
2449 4346 2568 4409 πῶς
2594 4348 2689 4400 καί
2710 4349 2768 4400 ἐν
2792 4349 2977 4415 αὐτοῖς
2994 4354 3107 4416 τοῖς
3138 4356 3469 4428 παχυτέροις
3497 4358 3711 4425 τούτοις

2129 4434 2370 4489 δείκνυσι
2385 4436 2447 4490 τὸ
2463 4438 2709 4503 ἀνενδεές
2723 4439 2817 4493 τοῦ
2839 4440 2997 4500 Θεοῦ.
3019 4442 3093 4496 Οὐ
3116 4444 3225 4516 γάρ
3248 4446 3513 4520 πρότερον
3528 4449 3710 4506 ὃπλων

2130 4533 2560 4604 ἐμνημόνευσεν,
2594 4535 2699 4600 ἕως
2735 4537 2826 4591 ὅτε
2851 4536 3077 4594 δυνατὸν
3103 4541 3266 4596 αὐτὸν
3307 4543 3568 4598 ἐκάλεε-ε’
3610 4548 3709 4601 καὶ

2130 4628 2292 4685 πάλιν
2333 4631 2633 4697 καταλέξας
2668 4632 2738 4686 τὰ
2765 4633 2927 4701 ὅπλα,
2960 4635 3088 4707 ὃλην
3117 4636 3216 4709 τὴν
3257 4637 3414 4710 νίκην
3451 4643 3520 4713 τῇ
3555 4641 3708 4713 δεξιᾷ

2130 4728 2298 4782 αὐτοῦ
2334 4727 2642 4799 ἐλογίσατο,
2690 4733 2965 4802 τουτέστι,
2999 4736 3066 4805 τῇ
3105 4734 3265 4804 φύσει
3298 4736 3463 4795 αὐτοῦ
3517 4740 3611 4794 καὶ
3638 4744 3710 4814 τῇ

2126 4822 2356 4895 δυνάμει
2389 4825 2581 4882 αὐτοῦ.
2631 4829 2808 4899 Ὅπερ
2853 4829 2951 4883 καί
2993 4829 3155 4894 ἄλλος
3199 4834 3483 4905 προφήτης
3529 4836 3709 4906 δηλῶν

2127 4918 2313 4990 ἔλεγεν
2332 4940 2346 4953 ·
2391 4922 2462 4978 '11
2490 4925 2648 4995 ἁρχὴ
2681 4926 2869 4982 αὑτοῦ
2888 4926 2990 4981 ἐπὶ
3020 4928 3127 4983 τοῦ
3155 4928 3318 4999 ὤμου
3346 4933 3568 4988 αὐτοῦ·
3605 4936 3707 5009 οὐχ

2129 5016 2216 5070 ἴνα
2240 5012 2392 5090 ὦμον
2429 5022 2631 5094 νοήσῃς
2653 5023 2674 5094 (
2690 5025 2766 5097 μὴ
2792 5024 3054 5096 γένοιτο),
3085 5027 3202 5080 ἀλλ’
3234 5028 3323 5083 ἵνα
3349 5030 3499 5103 εἰδῇς
3530 5035 3614 5087 ὅτι
3640 5037 3708 5091 οὐ

2127 5113 2295 5169 δεῖται
2324 5116 2527 5188 ἐτέρων
2554 5118 2686 5184 Θεὸς
2713 5121 3051 5191 συμμαχίας.
3074 5122 3395 5191 Περίζωσαι
3416 5125 3534 5194 thr
3554 5129 3707 5198 ῥομ-

2126 5211 2314 5277 φαίην
2331 5227 2447 5268 σου
2476 5213 2575 5268 ἐπὶ
2596 5217 2706 5269 τὸν
2725 5217 2925 5286 μηρόν
2947 5231 3085 5283 σου,
3119 5218 3362 5286 δυνατὰ,
3399 5220 3475 5291 τῇ
3496 5223 3709 5291 (Inpud-

2128 5308 2260 5374 τητί
2290 5323 2408 5363 σου
2429 5310 2530 5364 καί
2565 5310 2646 5378 τῷ
2669 5293 2880 5368 κάλλει
2904 5329 3043 5372 σου.
3071 5315 3137 5368 Τί
3151 5312 3246 5371 οὗν
3266 5317 3498 5372 ἐνταῦθα
3524 5319 3702 5390 λέγεις

2126 5402 2227 5456 Διά
2255 5404 2370 5458 τῶν
2396 5408 2724 5479 παχυτέρων
2751 5412 3033 5482 ὀνομάτων
3062 5412 3270 5469 τούτων
3294 5416 3392 5488 τὴν
3423 5417 3705 5491 ἐνέργειαν

2126 5498 2295 5552 αὐτοῦ
2341 5501 2602 5568 δείκνυσι,
2636 5505 2704 5558 δι’
2752 5500 2820 5570 ἧς
2851 5508 2952 5579 τὴν
2981 5512 3311 5583 οἰκουμένην
3350 5514 3705 5585 κατώρθωσε,

2124 5595 2192 5649 δι’
2223 5592 2293 5669 ἦς
2322 5599 2418 5653 τὸν
2463 5601 2702 5673 πόλεμον
2731 5602 2914 5672 ἔλυσε,
2956 5608 3051 5661 καὶ
3086 5609 3150 5663 τὸ
3176 5611 3439 5684 τρόπαιον
3484 5611 3701 5681 ἔστησε.
3780 5616 3783 5621 ’

2128 5697 2238 5750 Καὶ
2269 5697 2378 5771 γὰρ
2410 5700 2645 5773 πόλεμος
2687 5698 2757 5773 ἦν
2790 5704 3044 5774 χαλεπὸς,
3092 5708 3347 5780 πολέμων
3390 5712 3649 5765 ἁπάντων
3672 5711 3705 5764 ό

2133 5779 2489 5866 πικρότατος,
2537 5800 2597 5853 οὐ
2638 5800 2926 5873 βαρϐάρων
2976 5803 3374 5876 πολεμούντων,
3413 5807 3550 5866 ἀλλὰ
3593 5808 3705 5862 τῶν
