4140 6356
375 410 479 467 139

378 525 593 583 modum
621 520 762 578 enim
788 519 1022 590 seipsum
1052 514 1373 580 humiliavit,
1406 521 1464 567 ut
1494 522 1545 566 te
1571 511 1835 566 exaltaret
1858 550 1873 573 ,
1901 517 1957 564 et

376 630 617 675 mortuus
645 624 727 671 est
752 657 766 678 .
811 623 869 667 ut
900 623 950 666 te
978 609 1225 666 redderet
1270 604 1623 661 immortalem
1654 620 1667 654 :
1698 604 1767 655 ita
1797 600 1954 654 etiam

374 714 544 766 factus
567 720 648 763 est
673 704 1011 761 maledictum
1033 743 1049 767 ,
1082 709 1138 754 ut
1158 709 1213 754 ιιι
1237 697 1537 768 implereris
1565 692 1953 750 benedictione.

372 804 508 875 Quid
549 809 725 873 potest
741 797 968 854 conferri
1012 810 1132 850 cum
1165 793 1264 847 hac
1293 788 1701 854 benedictione,
1744 782 1957 855 quando

372 873 471 970 per
515 890 940 949 maledictionem
991 885 1213 955 largitur
1255 877 1727 938 benedictionem?
1774 873 1958 943 Neque

371 965 513 1049 enim
540 988 653 1057 ipse
681 997 815 1054 opus
837 979 1022 1037 habuit
1040 974 1427 1037 benedictione,
1460 970 1553 1026 sed
1574 984 1692 1025 eam
1723 966 1816 1021 tibi
1842 965 1954 1057 dat.

373 1053 830 1149 Quemadmodum
861 1072 1003 1127 enim
1034 1067 1246 1140 quando
1274 1065 1395 1120 dico
1422 1078 1543 1116 eum
1591 1060 1752 1113 fuisse
1779 1053 1956 1109 humi-

375 1173 580 1235 liatum,
607 1183 715 1223 non
744 1166 864 1222 dico
890 1162 1235 1218 mutationem
1264 1197 1279 1223 ,
1309 1155 1402 1211 sed
1430 1154 1676 1207 humanae
1698 1156 1957 1216 suscepta:

375 1273 580 1319 natura:
622 1257 1000 1314 demissionem
1040 1270 1053 1307 :
1093 1250 1165 1304 ita
1208 1248 1366 1302 etiam
1393 1242 1603 1314 quando
1631 1240 1816 1295 dixero
1834 1252 1955 1291 eum

375 1369 495 1411 esse
523 1351 860 1409 benedictum
881 1386 897 1412 ,
944 1358 1049 1399 non
1077 1342 1181 1396 hoc
1205 1338 1348 1403 dico,
1376 1335 1515 1407 quod
1548 1334 1598 1387 ei
1624 1331 1783 1386 fuerit
1824 1344 1958 1398 opus

376 1445 747 1504 benedictione
772 1482 786 1506 ,
834 1437 931 1494 sed
970 1448 1155 1491 rursus
1184 1429 1408 1487 ostendo
1428 1425 1807 1482 dcmissionem
1858 1420 1958 1474 hu-

375 1554 548 1596 mana:
570 1542 832 1603 suscepta:
856 1539 1082 1584 naturae.
1116 1521 1401 1578 Benedicta
1442 1518 1541 1572 fuit
1566 1530 1695 1585 ergo
1728 1513 1958 1567 humana

378 1643 563 1688 natura
596 1647 609 1683 :
641 1626 883 1683 Christus
912 1622 1055 1677 enim
1076 1633 1106 1672 a
1135 1614 1359 1671 mortuis
1380 1612 1643 1667 excitatus
1683 1623 1790 1661 non
1840 1618 1959 1658 mo-

377 1726 510 1781 ritur
533 1720 778 1791 amplius,
811 1730 909 1771 nec
935 1722 1018 1769 est
1046 1708 1328 1764 maledicto
1352 1702 1617 1760 obnoxius
1650 1719 1664 1754 :
1698 1700 1805 1753 into
1833 1710 1960 1751 vero

377 1829 480 1871 nec
505 1788 640 1867 ante
653 1808 868 1880 quidem
897 1811 1013 1859 erat
1040 1799 1301 1855 obnoxius
1324 1836 1339 1860 ,
1388 1793 1484 1849 sed
1527 1790 1761 1860 suscepit
1798 1788 1963 1842 male-

376 1908 575 1962 dictum
593 1944 607 1968 ,
656 1911 714 1956 ut
739 1908 791 1955 te
811 1897 878 1952 ab
903 1910 971 1951 eo
998 1893 1249 1948 liberaret
1280 1887 1467 1959 (Rom.
1495 1884 1548 1939 6.
1576 1884 1667 1951 9).
1694 1882 1748 1937 4.
1780 1880 1964 1933 Accin-

376 2015 493 2072 gere
517 1995 688 2069 gladio
712 2003 797 2047 tuo
820 2004 973 2059 super
1000 1986 1163 2055 femur
1188 1993 1365 2046 tuum,
1397 1977 1755 2047 potentissime.
1788 1973 1960 2037 Alius,

379 2068 537 2161 tinge
559 2103 722 2143 ensem
751 2094 891 2138 tuum
917 2094 1068 2147 super
1092 2080 1274 2148 femur.
1304 2073 1458 2126 Alius
1477 2111 1493 2136 ,
1523 2068 1853 2136 Circumpone
1876 2079 1961 2117 ve-

381 2156 495 2237 luti-
514 2180 741 2254 gladium
781 2187 920 2230 tuum
944 2186 1095 2239 super
1131 2172 1313 2240 femur.
1348 2166 1401 2219 5.
1451 2162 1632 2234 Specie
1661 2169 1746 2213 tua
1778 2168 1823 2211 et
1851 2156 1966 2226 pul-

378 2253 662 2331 chritudine
701 2280 805 2323 tua.
840 2266 1020 2331 Alius,
1080 2259 1310 2315 Laudem
1352 2265 1492 2309 tuam
1535 2262 1583 2307 et
1614 2253 1965 2305 auctoritatem

381 2382 539 2425 tuam.
591 2365 743 2421 Alius
766 2403 780 2427 ,
827 2359 1003 2415 Gloria
1042 2365 1086 2411 et
1127 2355 1305 2409 decore
1330 2360 1435 2404 tuo.
1461 2348 1716 2416 Qutenam
1741 2352 1825 2400 est
1850 2341 1966 2397 haec

381 2458 606 2517 mutatio
626 2500 642 2524 ,
672 2465 726 2511 et
744 2466 985 2525 quaenam
1011 2448 1294 2503 verborum
1324 2438 1639 2497 translatio?
1659 2437 1790 2493 Cum
1819 2435 1963 2490 enim

379 2557 446 2612 de
467 2556 684 2609 doctore
709 2550 1016 2617 loqueretur
1031 2544 1158 2613 (hoc
1177 2538 1322 2594 enim
1342 2534 1443 2591 sibi
1463 2533 1573 2588 vult
1594 2530 1742 2596 illud,
1763 2527 1967 2595 Diﬂ'usa

380 2659 452 2703 est
472 2647 635 2718 gratia
659 2645 713 2696 in
736 2640 880 2696 labiis
899 2638 996 2692 tuis
1019 2637 1059 2704 ),
1082 2641 1344 2688 armatum
1369 2642 1547 2698 regem
1571 2624 1726 2681 nobis
1747 2634 1965 2693 repente

382 2716 669 2803 describit,
719 2749 817 2789 nec
847 2734 919 2787 ita
948 2740 1004 2785 ut
1030 2730 1205 2784 locum
1237 2732 1416 2780 teneat
1440 2719 1756 2792 prOphetize,
1787 2716 1880 2771 sed
1908 2725 1966 2769 nt

386 2836 557 2891 locum
604 2825 1026 2899 supplicationis.
1067 2820 1183 2875 Non
1232 2817 1365 2872 dixit
1402 2814 1546 2870 enim
1586 2829 1600 2865 :
1647 2809 1967 2878 Accingetur

383 2928 556 2999 gladio
580 2938 678 2978 suo
701 2938 716 2986 ;
743 2919 836 2974 sed
869 2925 1047 2987 rogat,
1095 2923 1148 2969 et
1185 2910 1330 2968 dicit.
1362 2907 1633 2976 Accingere
1656 2901 1828 2974 gladio
1858 2909 1961 2953 tuo.

385 2990 587 3075 beinde
629 3014 749 3067 huic
788 3010 947 3065 etiam
991 3012 1275 3060 armaturae
1317 2998 1574 3053 admiscet
1617 2990 1965 3063 pulchritudi-

385 3127 504 3167 nem
528 3150 541 3176 ,
588 3119 732 3161 nunc
760 3101 974 3172 quidem
998 3096 1179 3168 gravis
1200 3100 1485 3146 armaturae
1515 3087 1738 3142 militem
1767 3081 1968 3153 signiﬁ-

383 3216 512 3258 cans
537 3242 551 3263 ,
598 3210 739 3252 nunc
762 3207 890 3248 vero
918 3198 1199 3245 venustum
1228 3182 1498 3238 hominem
1529 3193 1594 3234 ac
1620 3176 1919 3247 speciosum
1950 3190 1965 3226 :

386 3295 567 3368 Specie
592 3290 734 3347 enim
754 3328 770 3354 ,
796 3285 997 3356 inquit,
1029 3291 1134 3345 tua,
1166 3287 1211 3333 et
1233 3272 1611 3349 pulchritudine
1630 3280 1738 3323 tua.
1768 3266 1969 3322 Deinde

386 3365 715 3459 sagittarium
748 3397 763 3434 :
798 3378 853 3434 6.
883 3374 1097 3446 Sagittae
1118 3371 1282 3435 enim,
1315 3365 1506 3437 inquit,
1539 3372 1639 3417 tute
1665 3369 1846 3422 acutte,
1877 3374 1971 3427 po-

385 3446 675 3535 tetitissime.
706 3472 773 3526 Et
794 3480 977 3525 rursus
999 3465 1254 3518 victorem
1280 3468 1336 3516 et
1360 3453 1802 3525 triumphatorem
1828 3466 1842 3503 :
1872 3446 1969 3500 Po-

386 3570 514 3645 puli,
547 3566 735 3637 inquit,
766 3561 855 3616 sub
880 3570 927 3613 te
962 3556 1141 3611 cadent
1176 3554 1230 3606 iu
1268 3549 1420 3605 corde
1458 3544 1777 3599 inimicorum
1814 3540 1967 3610 regis.

387 3632 645 3721 iiunidem
675 3670 857 3711 rursus
883 3649 1084 3706 inducit
1111 3642 1394 3714 unguentis
1415 3637 1734 3699 delibutum,
1768 3632 1860 3703 qui
1889 3640 1972 3685 est

387 3756 541 3813 miles
563 3749 740 3823 gravis
786 3751 1069 3799 armaturae
1087 3779 1103 3802 ,
1128 3746 1185 3793 et
1206 3751 1300 3791 rex
1318 3776 1333 3800 ,
1365 3740 1423 3787 et
1444 3728 1747 3800 sagittarius
1770 3766 1787 3792 ,
1818 3734 1871 3779 et
1894 3723 1971 3775 vi-

387 3856 504 3905 ctor
531 3818 625 3902 :
650 3840 865 3914 Myrrha
886 3835 1050 3901 enim,
1080 3831 1268 3902 inquit,
1290 3837 1337 3881 et
1355 3833 1516 3897 gutta,
1539 3832 1585 3877 et
1610 3821 1747 3877 casia
1770 3818 1974 3872 avecti.

389 3943 565 3998 mentis
593 3940 710 3994 tuis.

461 4034 514 4088 5.
544 4029 678 4099 Quid
702 4043 830 4098 ergo
853 4035 1135 4081 commune
1161 4019 1298 4072 inter
1323 4029 1381 4069 se
1401 4011 1601 4067 habent
1624 4023 1769 4063 artua
1796 4014 1851 4061 et
1876 4019 1977 4059 un-

389 4133 604 4197 guenta,
638 4118 815 4175 unctio
835 4127 887 4171 et
926 4112 1150 4184 gladius,
1181 4108 1418 4163 doctrina
1448 4114 1504 4159 et
1542 4101 1740 4157 bellum
1769 4141 1783 4163 ,
1815 4110 1971 4151 arcus

391 4191 445 4271 et
466 4209 800 4285 pulchritudo
831 4205 1002 4260 ?ﬂa:c
1021 4202 1163 4258 enim
1202 4208 1325 4254 sunt
1354 4197 1502 4265 signa
1526 4194 1694 4265 pacis,
1727 4191 1817 4245 illa
1843 4203 1973 4243 vero

392 4282 561 4384 praelii
590 4314 645 4362 et
670 4306 944 4359 instructa:
968 4296 1124 4354 aciei.
1158 4293 1287 4363 Quis
1313 4305 1442 4361 ergo
1465 4296 1548 4343 est
1572 4284 1729 4341 simul
1749 4294 1803 4339 et
1829 4282 1974 4353 pacis

393 4378 617 4466 amicus,
648 4404 705 4453 et
732 4395 810 4450 rei
844 4388 1064 4448 militari
1092 4378 1707 4451 deditus?quisdistillat
1738 4390 1976 4445 unguen-

395 4504 505 4550 tum
529 4533 544 4557 ,
592 4500 646 4546 et
683 4487 845 4543 armis
871 4493 954 4540 est
983 4478 1256 4537 munitus?
1301 4476 1419 4547 quis
1440 4471 1683 4545 procedit
1707 4486 1772 4526 ex
1799 4468 1974 4525 domi-

395 4586 492 4640 bus
526 4579 631 4655 (a)
654 4577 925 4643 eburneis,
956 4585 1009 4630 et
1036 4574 1216 4627 hostes
1246 4568 1419 4624 fundit
1449 4563 1885 4626 innumerabiles,
1922 4570 1974 4615 ct

396 4677 680 4733 maximam
721 4680 952 4742 stragem
997 4666 1160 4722 facit?
1207 4660 1488 4731 Quomodo
1526 4659 1793 4714 solvemus
1840 4656 1977 4709 hanc

396 4762 803 4824 difﬁcultatem?
847 4762 903 4817 Si
932 4770 1079 4815 recte
1116 4757 1348 4811 sciamus
1389 4753 1506 4807 haec
1530 4766 1741 4819 quoque
1781 4748 1883 4803 dici
1912 4747 1978 4800 de

398 4861 575 4916 Patre.
602 4857 735 4913 Nam
761 4855 875 4925 ipse
894 4865 1107 4923 quoque
1130 4847 1384 4918 propheta
1409 4859 1531 4899 eum
1561 4840 1688 4896 alibi
1712 4847 1978 4894 armatum

401 4951 707 5016 introducit,
730 4958 787 5003 ut
807 4946 1019 5016 quando
1038 4941 1205 4997 dicit:
1232 4937 1350 4994 Nisi
1369 4935 1591 4991 conuersi
1618 4932 1830 5003 fueritis,
1864 4932 1978 5000 gla-

397 5048 539 5100 dium
573 5056 723 5097 suum
765 5036 975 5092 vibrabit
1001 5050 1021 5089 :
1060 5048 1234 5087 arcum
1262 5046 1407 5083 suum
1434 5025 1669 5087 tetendit,
1700 5032 1747 5077 et
1785 5021 1980 5092 paravit

400 5140 589 5209 ipsum,
639 5143 685 5187 et
715 5133 768 5185 in
791 5147 849 5184 eo
880 5127 1075 5198 parauit
1101 5140 1222 5179 vasa
1249 5121 1423 5176 mortis
1455 5116 1633 5189 (Paul.
1664 5117 1718 5170 7.
1744 5116 1812 5170 15
1832 5115 1870 5184 ).
1914 5112 1981 5166 Ει

400 5204 584 5285 rursus
609 5224 733 5279 alibi
767 5239 781 5276 :
810 5221 998 5275 lnduet
1024 5217 1278 5271 thoracem
1304 5213 1559 5285 justitiam
1581 5210 1599 5281 (
1619 5208 1748 5279 Sap.
1772 5208 1825 5263 5.
1850 5204 1980 5276 19).

402 5320 536 5374 Vide
560 5325 740 5371 autem
769 5310 1012 5369 eamdem
1052 5320 1265 5377 quoque
1289 5303 1679 5361 aucoritatetn.
1712 5297 1983 5365 Quemad-

402 5413 619 5469 modum
648 5408 789 5464 euim
818 5405 926 5461 illic
952 5402 1103 5469 dicit,
1135 5398 1374 5455 Gladium
1419 5412 1567 5452 suum
1606 5394 1814 5449 vibrabit
1835 5433 1849 5457 ,
1879 5408 1983 5447 non

466 5654 538 5715 (a)
573 5660 624 5702 In
644 5658 826 5715 Graeco,
850 5659 871 5699 δ
887 5661 1015 5711 προῖὼν
1034 5657 1107 5715 est
1131 5651 1438 5715 pépw._POI‘l'0
1462 5643 1508 5715 in
1535 5654 1723 5715 vocem,
1750 5652 1866 5702 eam,

403 5702 539 5767 nolui
560 5714 703 5765 Savil.
728 5726 740 5761 :
773 5729 795 5757 ι
947 5702 1443 5774 varieexponittn'.)
1476 5704 1612 5774 Basil.
1641 5717 1757 5774 parin-.4
1779 5702 1992 5774 appellat

406 5778 643 5828 "mximas
673 5768 940 5831 dontu's,'et
966 5771 1036 5832 sic
1059 5768 1310 5832 Didymus;
1345 5768 1643 5826 Athanasius,
1676 5768 1852 5827 tempta
1891 5778 1991 5814 mn-

405 5838 575 5913 gniﬁce
599 5842 844 5895 exstructa
857 5848 873 5897 ;
896 5831 1113 5897 Cyrinus,
1136 5831 1309 5886 turres.

1507 394 1861 454 EXPOSlTlO
1900 395 1964 451 IN
2005 394 2327 453 PSALMUM
2368 398 2549 455 XLIV.
2586 402 2587 405 “

3549 401 3650 462 190

2063 510 2129 563 ab
2154 510 2261 563 alio
2282 510 2481 580 jussus,
2508 510 2603 568 sed
2632 510 2744 581 ipse
2770 528 2836 569 ex
2864 513 3043 584 seipso
3076 533 3089 569 :
3123 514 3192 571 ita
3220 515 3307 572 hic
3331 518 3515 585 etiam,
3548 521 3649 575 Sa-

2062 601 2202 669 gitta:
2230 603 2445 670 potentis
2473 612 2653 668 acutae,
2686 604 2861 674 papuli
2887 605 2977 660 sub
3009 616 3057 661 te
3081 608 3263 662 cadent
3291 610 3343 663 in
3369 611 3519 665 corde
3546 614 3649 665 ini-

2062 693 2305 745 micorum
2341 696 2491 763 regis.
2534 695 2733 750 Deinde
2757 696 3047 752 ostendens
3081 714 3205 755 eum
3245 702 3422 754 omnia
3454 718 3523 757 ex
3553 718 3647 761 sua

2061 790 2375 845 auctoritate
2398 792 2590 859 facere,
2618 793 2745 848 dicit
2772 813 2785 850 :
2815 793 3035 850 Deducet
3061 806 3108 851 te
3130 799 3423 854 mirabiliter
3443 800 3649 853 dextera

2064 889 2173 941 tua.
2202 880 2318 935 Non
2344 882 2588 950 aliunde,
2617 883 2825 955 inquit,
2856 889 3219 957 operationem
3251 890 3505 961 suscipis,
3552 891 3648 946 scd

2063 969 2178 1039 ipse
2205 973 2295 1027 tibi
2324 973 2421 1041 ipsi
2448 975 2669 1030 sufﬁcis.
2703 977 2838 1031 Audi
2861 988 3037 1032 autem
3067 980 3239 1048 ipsum
3261 996 3472 1051 quoque
3502 983 3649 1052 pacis

2064 1060 2230 1115 Deutu
2260 1062 2522 1119 dicentem
2551 1064 2825 1137 discipulis
2857 1086 2871 1122 :
2904 1067 3026 1122 Non
3052 1072 3161 1123 veni
3182 1088 3357 1140 pacem
3384 1074 3437 1127 in
3463 1083 3649 1129 terram

2062 1153 2290 1220 mittere,
2338 1156 2428 1209 sed
2458 1156 2682 1227 gladium
2733 1157 2956 1230 (Matth.
2998 1161 3084 1216 10.
3130 1163 3254 1234 54).
3306 1164 3370 1218 Ει
3410 1180 3594 1221 rursus
3630 1185 3648 1223 :

2062 1242 2242 1314 Ignem
2267 1248 2375 1300 veni
2404 1249 2595 1303 mittere
2615 1251 2667 1303 in
2695 1259 2900 1319 terram,
2923 1263 2969 1306 et
2993 1254 3115 1323 quid
3143 1254 3255 1308 volo
3276 1257 3371 1310 nisi
3397 1266 3447 1310 ut
3472 1275 3650 1313 accen-

2063 1334 2213 1387 datur
2238 1336 2256 1404 (
2279 1335 2404 1391 Luc.
2434 1339 2520 1393 12.
2551 1339 2693 1411 49)ἶ⁹
2730 1340 2827 1397 Hic
2860 1352 3035 1397 autem
3063 1344 3130 1399 de
3157 1346 3344 1400 eodem
3390 1347 3609 1418 loquens
3629 1391 3644 1413 ,

2063 1429 2330 1496 quomodo
2354 1431 2423 1485 sit
2445 1441 2695 1488 venturus
2718 1433 2845 1489 dicit
2877 1453 2890 1489 :
2925 1435 3200 1491 Descendet
3225 1439 3356 1493 sicut
3396 1441 3564 1504 pluvia
3596 1445 3650 1495 in

2064 1518 2238 1585 vellus,
2285 1532 2332 1575 et
2379 1532 2632 1591 tamquam
2676 1535 2818 1596 gutta
2858 1543 2969 1596 qua:
3007 1528 3218 1581 distillat
3268 1546 3419 1599 super
3464 1541 3648 1584 terram

2068 1613 2088 1682 (
2111 1612 2255 1669 Psal.
2287 1616 2375 1671 Ἡ.
2403 1616 2492 1687 6).
2524 1617 2647 1673 Hzec
2673 1620 2813 1685 dico,
2840 1632 2894 1674 ut
2923 1623 3106 1675 attenti
3133 1622 3248 1677 sitis
3270 1634 3324 1677 et
3349 1625 3646 1694 vigilantes,

2065 1714 2120 1760 ct
2139 1722 2256 1776 quae
2278 1723 2341 1761 ex
2372 1708 2693 1764 dictionibus
2723 1711 3090 1780 signiﬁcantur
3119 1712 3397 1782 diligenter
3430 1730 3649 1769 sumen-

2069 1806 2169 1866 tes,
2199 1800 2417 1854 solvatis
2446 1800 2586 1871 apud
2608 1817 2701 1857 vos
2730 1803 3132 1858 dubitationem.
3165 1804 3290 1861 Haec
3315 1806 3456 1861 enim
3480 1810 3652 1861 nomi-

2068 1908 2132 1944 tta
2163 1894 2461 1963 signiﬁcant
2484 1894 2600 1964 ejus
2621 1896 2983 1964 operatiOnes.
3035 1896 3107 1950 Ita
3151 1912 3280 1969 ergo
3320 1897 3405 1952 hic
3442 1914 3654 1970 quoque

2066 1999 2185 2038 cunt
2212 1985 2444 2040 audieris
2472 2002 2487 2039 :
2523 1988 2793 2056 Accingere
2815 1988 2987 2057 gladio
3009 1997 3095 2041 tuo
3122 2005 3273 2058 super
3295 1989 3460 2058 femur
3488 2000 3650 2056 tuum,

2067 2078 2407 2148 potentissime
2430 2120 2444 2144 ,
2489 2079 2731 2133 existima
2758 2094 2878 2134 esse
2904 2095 3097 2135 nomen
3127 2081 3243 2150 ejus
3281 2082 3606 2151 Operationis
3636 2100 3651 2140 :

2068 2169 2140 2223 ita
2195 2169 2356 2224 etiam
2381 2185 2537 2224 arcus
2592 2178 2647 2224 et
2698 2170 2938 2241 sagittas.
2992 2170 3449 2239 Quemadmodum
3510 2174 3654 2230 enim

2069 2258 2341 2329 Scriptura
2363 2260 2492 2315 dicit
2518 2261 2681 2315 Deum
2706 2262 2882 2329 irasci,
2917 2278 3021 2316 nott
3049 2263 3503 2333 perturbationem
3536 2267 3652 2320 atti-

2072 2351 2145 2407 uti
2166 2352 2214 2406 ci
2238 2352 2493 2418 tribuens,
2527 2352 2623 2408 sed
2654 2370 2747 2425 per
2773 2354 2908 2409 hanc
2928 2354 3237 2423 dictionem,
3268 2357 3509 2412 ultricem
3536 2359 3654 2428 ejus

2068 2447 2431 2515 operationem
2458 2449 2746 2504 ostendens
2765 2490 2780 2514 ,
2810 2460 2865 2505 et
2892 2465 3010 2520 quae
3040 2461 3163 2505 sunt
3200 2452 3463 2507 crassiora
3491 2454 3655 2507 attin-

2069 2553 2202 2609 gens
2229 2556 2243 2592 :
2274 2539 2343 2594 ita
2362 2539 2591 2609 idipsum
2614 2542 2875 2611 signiﬁcat
2900 2557 3022 2596 cum
3048 2558 3197 2597 arma
3219 2554 3495 2599 memorat.
3522 2546 3656 2613 Quia

2070 2632 2213 2685 enim
2237 2646 2344 2685 non
2372 2646 2466 2701 per
2492 2632 2771 2701 nosipsos,
2803 2633 2894 2687 sed
2929 2649 3021 2703 per
3046 2634 3145 2688 alia
3177 2635 3525 2690 instrumenta
3556 2652 3657 2706 pu-

2075 2724 2273 2791 nimur,
2300 2724 2488 2778 volens
2510 2725 2626 2794 ejus
2653 2724 2903 2793 puniendi
2930 2726 3211 2779 ostendere
3241 2728 3537 2781 facultatem
3560 2768 3574 2792 ,
3605 2728 3656 2782 id

2072 2832 2166 2888 per
2189 2817 2403 2873 nomina
2424 2818 2576 2873 nobis
2596 2828 2719 2873 nota
2742 2819 3072 2889 signiﬁcavit,
3094 2835 3196 2873 non
3230 2828 3285 2873 ut
3304 2834 3449 2873 arma
3474 2821 3522 2873 in
3550 2822 3659 2876 Deo

2071 2914 2402 2981 cogitemus,
2436 2910 2530 2967 sed
2556 2923 2614 2966 ut
2640 2912 3021 2982 signiﬁcantius
3064 2922 3117 2966 et
3157 2927 3277 2966 cum
3329 2913 3518 2981 majori
3544 2930 3659 2967 etu~

2072 3004 2221 3074 phasi
2246 3005 2365 3074 ejus
2394 3004 2645 3058 ultionem
2677 3003 2972 3058 audiamus.
3006 3007 3075 3058 At
3100 3004 3273 3072 tttulti,
3320 3003 3525 3074 inquies
3549 3045 3564 3068 ,
3591 3021 3659 3060 ex

2073 3098 2177 3154 hoc
2206 3099 2321 3153 loco
2348 3098 2459 3153 laesi
2488 3110 2649 3152 sunt:
2676 3097 2771 3152 sed
2800 3106 3020 3161 temere,
3050 3105 3104 3151 et
3124 3112 3153 3150 a
3177 3098 3389 3166 propria
3413 3098 3617 3152 inscitia
3642 3116 3657 3153 :

2072 3207 2194 3246 cum
2226 3192 2367 3246 enim
2401 3191 2566 3244 Deutn
2588 3191 2854 3255 audirent,
2887 3188 3151 3243 debebant
3176 3188 3477 3259 intelligere
3499 3187 3552 3243 id
3579 3188 3661 3243 di-

2079 3294 2224 3339 ctum
2255 3299 2375 3340 esse
2405 3285 2607 3354 tropice
2628 3293 2682 3339 et
2713 3287 2933 3354 ligurate
2958 3300 2969 3334 :
3002 3298 3141 3337 nunc
3162 3298 3289 3337 vero
3317 3298 3417 3338 nec
3444 3298 3536 3353 per
3555 3284 3659 3339 alia

2072 3374 2288 3445 quidem
2335 3376 2496 3433 verba
2537 3376 2770 3445 neglexit
2812 3373 3085 3444 Scriptura
3129 3388 3225 3428 eos
3268 3372 3463 3429 docere
3493 3374 3656 3430 Deuut

2074 3489 2193 3530 esse
2232 3470 2598 3541 impatibilem.
2653 3466 2789 3521 Audi
2839 3481 2967 3537 ergo
3001 3465 3273 3536 quomodo
3312 3465 3437 3520 alibi
3472 3466 3655 3535 docet,

2075 3580 2232 3634 quam
2264 3565 2332 3618 sit
2352 3564 2400 3617 ei
2427 3561 2586 3615 facile
2612 3575 2825 3615 sumere
2848 3558 3190 3629 supplicium,
3208 3558 3393 3612 dicens
3420 3574 3433 3609 :
3465 3556 3663 3612 Exsur-

2075 3670 2159 3728 gat
2190 3655 2326 3710 Deus
2352 3696 2368 3723 ,
2402 3665 2449 3709 et
2489 3655 2796 3723 dissipentur
2830 3650 3022 3703 inimici
3050 3652 3160 3721 ejus
3207 3648 3392 3719 (Psal.
3433 3651 3522 3705 67.
3566 3651 3659 3721 2).

2073 3748 2340 3820 Numquid
2368 3763 2501 3818 opus
2542 3756 2623 3801 est
2659 3746 2857 3800 armis?
2902 3744 3155 3814 numquid
3184 3743 3395 3814 gladio?
3418 3742 3624 3800 Sufﬁcit
3645 3787 3660 3813 ,

2077 3845 2264 3915 inquit,
2294 3843 2467 3896 solum
2495 3841 2539 3896 si
2568 3839 2949 3895 exsurrexerit.
2981 3836 3087 3891 Sed
3115 3839 3215 3890 hoc
3240 3852 3450 3907 quoque
3477 3853 3660 3894 rursus

2076 3952 2159 4001 est
2199 3955 2479 4005 crassum;
2528 3951 2581 3995 et
2599 3940 2721 3994 ideo
2762 3952 2905 4006 saepe
2943 3936 3108 3991 dicit:
3146 3936 3246 4001 Qui
3283 3936 3483 4007 respicit
3511 3951 3659 4004 super

2078 4045 2263 4089 tetram
2289 4073 2304 4099 ,
2340 4042 2386 4087 et
2413 4031 2533 4104 facit
2555 4047 2663 4085 eam
2685 4041 2891 4084 tremere
2919 4026 3105 4099 (Psal.
3137 4028 3256 4083 105.
3285 4027 3412 4097 ⁸52).
3448 4026 3515 4081 Ει
3540 4042 3661 4080 rur-

2077 4143 2170 4183 sus
2201 4145 2214 4181 :
2249 4128 2289 4179 A
2318 4126 2447 4196 facie
2482 4125 2593 4195 ejus
2636 4131 2884 4176 commota
2923 4130 2996 4174 est
3032 4130 3165 4173 terra
3203 4117 3386 4185 (Psal.
3417 4118 3542 4172 115.
3570 4118 3600 4170 7
3625 4120 3661 4187 ).

2078 4219 2241 4290 Atqui
2261 4218 2363 4273 hoc
2389 4231 2600 4288 quoque
2628 4230 2868 4271 crassum
2894 4223 2994 4269 est.
3045 4212 3182 4267 Audi
3228 4226 3356 4283 ergo
3403 4225 3586 4266 rursus
3612 4212 3663 4265 id

2079 4312 2222 4384 quod
2251 4321 2332 4367 est
2357 4309 2640 4365 sublimius
2670 4325 2683 4362 :
2714 4306 2918 4370 Omnia,
2947 4319 3272 4377 qmecumque
3310 4304 3466 4358 voluit
3491 4346 3506 4370 ,
3549 4305 3667 4373 fecit

2085 4408 2104 4480 (
2128 4406 2273 4461 Psal.
2307 4405 2430 4460 154.
2462 4402 2531 4475 6)
2559 4421 2572 4457 :
2600 4403 2649 4458 ei
2676 4402 2816 4457 enim
2839 4400 3011 4456 solum
3040 4397 3272 4453 voluisse
3293 4395 3506 4451 sufﬁcit.
3536 4395 3668 4451 Vide

2080 4510 2260 4556 autem
2305 4497 2573 4570 quomodo
2619 4496 2672 4550 in
2715 4494 2800 4549 his
2836 4493 2995 4548 etiam
3038 4490 3389 4546 crassioribus
3432 4489 3670 4544 Ostendit

2083 4594 2249 4648 Deum
2281 4591 2477 4645 nullius
2502 4588 2579 4643 rei
2609 4601 2787 4657 egere.
2832 4584 3014 4654 Neque
3051 4581 3192 4638 enim
3226 4596 3373 4651 pr.us
3397 4595 3667 4635 armorum

2085 4684 2345 4748 meminit,
2377 4698 2535 4753 quam
2573 4696 2695 4735 eum
2726 4688 2995 4750 potentem
3046 4675 3353 4741 voraverit;
3404 4684 3459 4729 et
3485 4688 3670 4728 rursus

2083 4795 2203 4834 cum
2229 4793 2373 4832 arma
2396 4780 2781 4839 enumerasset,
2805 4785 3016 4825 omnem
3040 4769 3315 4823 victoriam
3332 4768 3448 4836 ejus
3469 4766 3671 4820 dextrte

2083 4870 2403 4940 adscripsit,
2432 4867 2535 4922 hoc
2557 4875 2638 4920 est
2661 4905 2676 4930 ,
2725 4863 2842 4934 ejus
2870 4872 3075 4915 natura:
3113 4872 3167 4914 et
3205 4860 3476 4929 potentiau
3517 4856 3669 4924 Quod

2085 4964 2219 5017 alius
2246 4974 2459 5031 qucque
2484 4956 2740 5028 propheta
2765 4954 3087 5024 signiﬁcans,
3117 4950 3365 5005 dicebat:
3402 4948 3674 5016 Principa-

2090 5066 2169 5109 tus
2194 5054 2303 5124 ejus
2326 5067 2478 5121 super
2506 5051 2769 5104 humerum
2798 5047 2907 5117 ejus
2933 5045 2957 5115 (
2973 5042 3101 5097 lsai.
3126 5042 3180 5098 9.
3210 5041 3277 5112 6)
3313 5058 3327 5097 :
3363 5057 3467 5095 non
3488 5050 3543 5094 ut
3569 5040 3673 5094 hu-

2088 5164 2295 5205 merum
2325 5146 2605 5215 intclligas,
2635 5142 2769 5198 absit
2793 5158 2805 5193 :
2830 5139 2924 5195 sed
2951 5148 3007 5193 ut
3028 5138 3167 5193 scias
3194 5137 3355 5191 Deum
3387 5150 3492 5190 non
3515 5149 3676 5204 egere

2089 5246 2315 5299 aliorum
2335 5238 2550 5295 auxilio.
2576 5236 2846 5305 Accingere
2860 5232 3032 5305 gladio
3055 5240 3138 5284 tuo
3156 5243 3308 5297 super
3329 5228 3492 5296 femur
3512 5235 3673 5290 tuum,

2091 5333 2459 5407 potentissime,
2491 5329 2654 5398 specie
2679 5337 2765 5379 tua
2786 5334 2832 5379 et
2860 5320 3236 5395 pulchritudine
3275 5327 3381 5372 tua.
3416 5315 3552 5385 Quid
3590 5315 3677 5371 hic

2094 5405 2250 5498 igitur
2276 5422 2442 5478 dicit?
2472 5421 2572 5475 Per
2600 5419 2712 5471 haze
2751 5416 3011 5470 crassiora
3051 5410 3266 5466 nomina
3293 5406 3525 5462 ostendit
3561 5405 3679 5477 ejus

2093 5519 2458 5591 Operationem
2482 5554 2496 5579 ,
2532 5526 2626 5583 per
2653 5524 2809 5580 quam
2850 5507 3033 5562 orbem
3064 5515 3325 5558 terrarum
3364 5498 3534 5564 rexit,
3584 5514 3678 5567 per

2094 5590 2255 5684 quam
2286 5609 2479 5665 bellum
2511 5602 2773 5669 confecit,
2802 5608 2855 5653 et
2884 5607 3142 5668 tropaeum
3163 5591 3353 5649 erexit.
3384 5590 3514 5645 Erat
3537 5590 3682 5645 enint

2095 5681 2292 5761 bellum
2321 5698 2689 5773 gravissimum
2716 5736 2730 5758 ,
2767 5700 2821 5746 ct
2848 5692 3083 5745 omnium
3114 5685 3374 5741 bellorum
3407 5681 3682 5741 acerbissi-

2099 5816 2242 5861 mum
2262 5839 2277 5858 .
2324 5797 2376 5859 in
2407 5810 2512 5866 quo
2539 5806 2643 5847 non
2670 5784 2880 5845 barbati
2904 5782 3097 5840 bellum
3127 5780 3416 5852 gerebant,
3447 5774 3539 5831 scd
3573 5773 3683 5829 dte-
