4140 6356
491 397 588 452 I91

485 527 672 567 mones
702 509 986 566 tendebant
1007 505 1227 562 insidias
1249 549 1263 573 ,
1307 517 1362 562 et
1389 507 1637 562 universo
1662 504 1776 559 orbi
1807 516 2067 558 terrarum

482 602 772 660 nilei-ebant
799 601 1040 656 exitium.
1069 599 1329 666 Quocirca
1360 597 1546 653 Esaias
1575 611 1786 667 quoque
1819 595 2068 650 dicebat:

482 693 551 762 Et
594 693 800 765 fortium
841 691 1026 745 dividet
1065 690 1230 760 spolia
1274 686 1438 759 (Isai.
1471 689 1558 744 55.
1604 686 1728 755 12).
1778 685 1846 740 ΕΙ.
1889 699 2073 739 rursus

480 785 607 842 alibi
637 802 652 840 :
683 784 909 855 Spiritus
933 782 1142 837 Domini
1168 799 1319 852 super
1360 796 1479 846 me;
1523 796 1621 849 qua
1649 777 1712 832 de
1738 792 1896 831 causa
1927 776 2073 831 unxit

479 894 580 942 me,
608 877 675 932 ad
693 875 1140 948 euangelizandum
1169 873 1471 946 pauperibus
1501 872 1632 926 misit
1653 887 1732 924 me
1754 911 1770 934 ,
1795 869 1863 922 ad
1885 869 2074 938 praedi-

477 968 696 1026 condam
729 969 936 1038 captivis
956 968 1300 1022 remissionem
1331 963 1445 1038 (Ib.
1471 964 1560 1020 61.
1586 962 1672 1033 1).
1711 961 2068 1029 Quamobrem

479 1061 676 1116 l’aulus
705 1061 899 1130 ubique
925 1061 978 1115 in
1008 1059 1272 1131 principio
1303 1055 1659 1126 Epistolarum
1702 1054 1944 1108 scribens
1983 1053 2068 1107 di-

479 1153 634 1222 ecbat
661 1171 674 1206 :
706 1152 882 1207 Gratia
907 1152 1042 1206 vobis
1065 1161 1110 1204 et
1132 1166 1234 1220 pax
1263 1167 1292 1202 α
1321 1147 1430 1202 Deo
1457 1157 1599 1216 patre
1628 1155 1818 1200 nostra.
1854 1144 1921 1200 Et
1945 1160 2067 1198 rur-s

478 1260 571 1303 sus
602 1261 618 1299 :
648 1242 770 1316 Ipse
791 1244 922 1297 enim
947 1251 1017 1297 est
1042 1258 1144 1312 pas;
1162 1251 1334 1296 nostra
1357 1282 1372 1308 ,
1420 1239 1506 1309 qui
1535 1239 1651 1309 fecit
1676 1246 1886 1308 utraque
1911 1251 2067 1290 unum

479 1333 708 1409 (Ephes.
732 1336 786 1391 2.
815 1336 882 1391 14
900 1335 941 1404 ).
969 1334 1047 1389 Ne
1066 1343 1244 1388 autem
1273 1332 1398 1388 dum
1427 1330 1578 1386 audis
1599 1372 1615 1398 ,
1660 1331 1930 1401 Accingere
1951 1327 2068 1400 gla-

478 1425 566 1480 dio
597 1436 702 1490 tuo,
727 1441 910 1481 ensem
940 1425 1204 1495 intelligas
1224 1422 1473 1478 sensilem
1490 1463 1504 1487 ,
1536 1421 1660 1476 audi
1688 1437 1806 1492 qua:
1829 1435 2067 1490 sequun-

479 1528 584 1572 tur.
617 1517 747 1574 Cum
775 1519 918 1574 enim
947 1518 1190 1583 dixisset,
1213 1516 1484 1588 Accingere
1508 1514 1682 1586 gladio
1707 1523 1814 1579 tuo,
1845 1512 2069 1582 subjun-

481 1610 574 1671 xit,
607 1609 662 1665 5.
694 1607 876 1679 Specie
897 1618 1004 1674 tua,
1035 1617 1082 1663 et
1111 1607 1488 1678 pulchritudine
1511 1616 1600 1660 tua
1626 1621 1645 1660 :
1680 1606 1780 1660 hoc
1809 1613 1925 1671 est,
1953 1603 2068 1674 gla-

476 1701 630 1766 dius,
657 1701 864 1770 species
899 1700 1048 1769 ejus,
1095 1697 1452 1769 pulchritudo,
1492 1696 1656 1768 gloria
1678 1737 1694 1761 ,
1737 1695 2026 1751 auctoritas
2048 1735 2066 1761 ,

477 1793 730 1861 majesms
786 1803 840 1846 et
867 1791 1277 1862 magniﬁcentia.
1327 1790 1534 1846 Nullius
1561 1791 1704 1845 enim
1746 1789 1835 1844 illa
1866 1788 2070 1859 indiget

476 1884 772 1938 substantia
797 1882 864 1938 ad
889 1898 950 1937 ea
979 1893 1126 1938 recte
1157 1881 1388 1953 gerenda
1415 1923 1430 1947 ,
1467 1899 1588 1953 qua:
1634 1882 1832 1936 fuerint
1871 1897 2067 1951 propo-

474 1977 576 2028 sita
615 1992 628 2026 :
661 1984 744 2030 est
785 1976 928 2030 enim
955 1974 1147 2029 nullius
1176 1974 1372 2045 indiga.
1406 1973 1542 2028 Eum
1580 1989 1712 2042 ergo
1749 1973 2067 2029 adhortatur

478 2065 755 2134 propheta,
786 2079 883 2134 pro
908 2065 1160 2120 universo
1184 2065 1312 2120 orbe
1333 2073 1594 2120 terrarum
1624 2080 1746 2121 eum
1769 2064 1835 2120 ad
1863 2064 2063 2121 bellum

471 2159 726 2214 edocens.
753 2159 953 2214 Deinde
978 2174 1006 2212 a
1030 2159 1344 2214 sublimibus
1367 2159 1662 2213 orationem
1695 2173 1878 2212 rursus
1897 2158 2066 2212 dedu-

470 2252 546 2306 cit
583 2249 650 2304 ad
671 2251 955 2305 crassiora.
1003 2251 1135 2306 Cum
1179 2250 1322 2306 enim
1352 2250 1574 2306 dixisset
1613 2249 1847 2321 gladium
1889 2260 1946 2306 et
1987 2249 2066 2305 fe-

471 2357 613 2405 mur,
645 2341 922 2396 adscendit
946 2341 1012 2397 ad
1053 2343 1285 2411 speciem
1314 2351 1369 2396 et
1395 2340 1841 2410 pulchritudinem
1867 2358 1881 2394 :
1912 2349 1967 2396 et
1994 2340 2063 2396 il-

473 2433 580 2489 linc
607 2449 793 2490 rursus
813 2434 1090 2490 descendit
1114 2435 1181 2490 ad
1211 2450 1272 2490 ea
1293 2450 1414 2506 quae
1442 2445 1566 2491 sunt
1592 2437 1761 2506 magis
1780 2451 2060 2506 corporea,

468 2539 525 2592 et
543 2529 680 2584 dicit
708 2547 721 2582 :
750 2527 995 2592 Intende,
1040 2545 1278 2600 prospere
1296 2530 1509 2598 procede
1532 2539 1578 2585 et
1598 2545 1776 2602 regna.
1806 2528 1938 2584 Cum
1968 2544 2065 2584 au-

468 2630 578 2676 tem
618 2621 784 2686 dixit,
830 2619 1082 2683 Intende,
1133 2636 1315 2676 arcum
1353 2622 1669 2693 signiﬁcavit
1693 2633 1747 2679 et
1777 2622 2058 2693 sagittam.

472 2711 671 2765 Deinde
697 2711 985 2766 ostendens
1015 2727 1201 2766 rursus
1229 2727 1350 2768 eum
1370 2713 1536 2767 armis
1574 2729 1680 2772 non
1703 2729 1882 2784 egere,
1929 2715 2060 2769 sub-

465 2805 642 2876 junxit
663 2846 678 2869 ,
722 2804 975 2874 Prospere
1003 2804 1253 2876 procede,
1301 2816 1352 2860 et
1379 2822 1555 2876 regna.
1593 2806 1744 2860 Alius
1765 2814 1943 2860 autem
1975 2807 2059 2861 in-

471 2910 679 2967 terpres
706 2898 790 2952 hic
819 2897 971 2963 dicit,
1006 2896 1273 2953 Promove.
1304 2898 1548 2970 Regnum
1578 2909 1754 2954 autem
1777 2899 1866 2955 hic
1891 2900 2055 2965 dicit,

465 2989 608 3060 quod
637 3005 758 3044 cum
789 2989 1117 3055 advenisset,
1163 2987 1552 3046 administravit
1579 2992 1834 3047 extremis
1857 3001 2058 3060 tempo-

467 3082 614 3136 ribus
636 3123 650 3146 ,
683 3081 933 3152 quodque
973 3090 1057 3137 est
1080 3080 1375 3137 secundum
1406 3083 1674 3153 propriam
1714 3084 1977 3140 rationem
2003 3094 2059 3140 et

453 3174 765 3250 scientiam.

535 3267 588 3320 6.
620 3266 744 3320 ":PC
769 3275 946 3322 autem
974 3264 1134 3321 verba
1157 3265 1392 3321 indicant
1412 3266 1685 3336 prophetas
1705 3265 2055 3336 desiderium,

465 3358 694 3412 videntis
718 3357 828 3427 jam
859 3374 979 3428 quae
1008 3367 1164 3413 erant
1190 3357 1260 3413 ab
1287 3371 1355 3414 eo
1381 3359 1641 3425 iacienda,
1663 3369 1719 3415 et
1742 3360 2055 3416 universum

462 3449 653 3503 orbem
679 3458 836 3503 terrae
860 3448 1147 3504 deductum
1173 3449 1240 3504 ad
1257 3449 1534 3505 veritatem
1558 3466 1573 3504 :
1603 3459 1659 3506 et
1684 3451 1804 3506 ideo
1831 3460 1983 3521 tropo
2003 3461 2058 3508 et

462 3541 630 3612 tigura
661 3540 971 3610 imperantis
991 3555 1118 3596 usus
1141 3549 1245 3607 est.
1275 3541 1684 3598 Consueverunt
1706 3545 1848 3598 enim
1881 3544 2053 3599 mino-

461 3649 571 3702 res,
601 3633 814 3703 quando
838 3643 964 3690 sunt
987 3635 1097 3689 acri
1123 3633 1382 3704 majorum
1413 3635 1722 3692 inﬂammati
1747 3637 1944 3703 studio,
1973 3638 2056 3695 his

461 3729 537 3782 uti
564 3727 903 3784 dictionibus.
945 3725 1164 3798 Propter
1198 3728 1476 3794 veritatem,
1507 3737 1554 3782 et
1594 3731 2052 3800 ntansuetudinem,

457 3831 507 3875 et
527 3820 793 3886 iustitiam.
826 3819 1095 3874 Adverbio
1120 3819 1358 3874 veritatis
1389 3821 1573 3876 utitur.
1600 3819 1762 3876 Vides
1789 3823 2056 3891 quomodo

457 3915 689 3984 seipsam
721 3913 1098 3983 interpretatur
1117 3912 1410 3982 Scriptura,
1442 3923 1497 3969 et
1521 3915 1755 3969 ostendit
1778 3915 2052 3970 victoriam

462 4008 663 4064 versari
695 4009 747 4062 in
771 4006 1136 4076 intelligentia,
1165 4017 1219 4062 et
1247 4021 1368 4061 esse
1392 4006 1722 4076 spiritualem
1739 4007 1762 4061 ?
1782 4006 1882 4076 Qui
1910 4008 2052 4064 enim

460 4103 704 4158 meminit
748 4117 1038 4165 armorum,
1077 4100 1258 4171 gladii,
1305 4109 1360 4156 et
1386 4116 1624 4169 arcuum,
1661 4101 1929 4173 quomodo
1971 4102 2056 4158 hic

459 4195 704 4251 meminit
729 4193 1183 4250 mansuetudinis?
1203 4193 1339 4262 Quid
1361 4195 1502 4248 enim
1529 4209 1816 4250 commune
1839 4197 1977 4250 inter
1996 4213 2055 4252 se

460 4288 660 4342 habent
701 4285 897 4342 bellum
935 4295 990 4341 et
1028 4285 1402 4352 mansuetudo,
1443 4285 1702 4342 modestia
1750 4297 1804 4343 et
1843 4289 2054 4358 pugna?

461 4377 791 4431 Permultum
821 4376 1034 4448 quidem
1072 4386 1242 4443 certe,
1291 4377 1336 4431 si
1382 4377 1502 4448 quis
1532 4385 1678 4432 recte
1717 4378 2051 4448 expenderit.

462 4469 592 4524 Nam
621 4479 674 4524 et
705 4469 866 4524 David
905 4478 961 4524 et
995 4468 1170 4525 Moses
1201 4478 1354 4526 erant
1393 4470 1550 4526 mites
1577 4489 1591 4526 :
1630 4479 1685 4527 et
1723 4471 1840 4527 ideo
1865 4471 1933 4527 de
1963 4472 2054 4527 illo

459 4562 678 4633 quidem
702 4562 830 4617 dicit
855 4561 1128 4632 Scriptura
1159 4578 1172 4615 :
1209 4562 1484 4629 Memento,
1517 4561 1759 4629 Domine,
1787 4563 1974 4626 David,
2006 4574 2056 4619 et

462 4652 624 4718 omnis
657 4652 1055 4708 mansuetudinis
1078 4655 1187 4724 ejus
1217 4651 1389 4726 (Psal.
1423 4655 1544 4710 151.
1575 4655 1664 4724 1);
1693 4653 1760 4709 de
1785 4653 1930 4710 Mose
1954 4671 2054 4710 au-

461 4753 570 4800 tem
605 4759 619 4796 :
656 4742 780 4797 Erat
832 4742 1001 4799 Moses
1044 4745 1338 4800 mitissimus
1389 4745 1615 4799 omnium
1661 4746 1920 4800 hominum
1967 4747 2055 4817 qui

461 4845 604 4891 erant
628 4853 780 4906 super
806 4847 989 4891 terram
1023 4836 1210 4910 (Nam.
1241 4838 1330 4894 12.
1361 4836 1418 4906 5)
1451 4856 1465 4892 :
1497 4849 1673 4895 tamen
1705 4839 1949 4896 videntur
1993 4841 2051 4908 ii,

461 4928 551 4997 qui
575 4937 728 4982 erant
748 4929 983 4983 omnium
1011 4930 1299 4996 mitissimi,
1321 4929 1560 4984 omnium
1583 4930 1822 4987 maxime
1845 4931 2050 4988 ulcisci.

461 5018 566 5075 Sed
592 5019 636 5075 si
663 5019 842 5086 vultis,
873 5020 1113 5076 dicamus
1140 5023 1286 5092 prius
1317 5022 1386 5077 de
1411 5038 1595 5077 eortun
1623 5023 2049 5079 mansuetudine.

459 5109 592 5166 Cum
633 5111 720 5167 hic
757 5113 945 5168 beatus
987 5115 1218 5183 cepisset
1259 5128 1402 5183 saepe
1447 5113 1680 5179 Saulem,
1725 5122 1778 5169 et
1818 5124 1962 5170 esset
2000 5116 2050 5170 in

456 5204 580 5273 ejus
604 5214 865 5274 potestate
891 5221 1012 5260 eum
1046 5205 1114 5260 de
1143 5205 1321 5261 medio
1365 5206 1573 5272 tollere,
1603 5221 1817 5261 manum
1849 5207 1901 5262 in
1930 5224 2050 5264 eum

461 5310 567 5350 non
613 5295 832 5350 immisit
869 5297 948 5365 (1.
979 5296 1106 5366 Reg.
1141 5296 1232 5351 24.
1275 5297 1361 5353 11.
1401 5306 1446 5351 et
1480 5296 1572 5352 26.
1606 5296 1657 5349 7.
1684 5296 1818 5370 sqq.)
1852 5315 1866 5351 :
1895 5300 2053 5370 quin-

459 5385 620 5440 etiam
649 5402 771 5441 cum
809 5387 896 5440 alii
925 5387 1100 5458 ipsum
1128 5387 1430 5454 incitarent,
1463 5389 1512 5442 ei
1547 5389 1803 5458 pepercit,
1836 5399 1889 5445 et
1919 5391 2050 5446 iram

459 5478 732 5547 repressit.
764 5477 882 5534 Jam
914 5494 1044 5534 vero
1081 5494 1201 5534 cum
1232 5479 1409 5535 Semei
1436 5495 1558 5536 eum
1583 5482 1902 5536 contumelia
1931 5482 2052 5537 alti-

458 5576 626 5633 ceret,
665 5577 720 5623 et
757 5569 874 5639 ejus
899 5569 1185 5625 calamitati
1214 5578 1336 5625 tunc
1377 5570 1657 5626 insultaret
1682 5614 1698 5639 ,
1748 5572 2052 5644 vellentque

459 5657 625 5714 duces
655 5661 902 5725 transire,
943 5670 998 5716 ct
1026 5659 1342 5716 maledicum
1367 5659 1638 5717 hominem
1665 5663 1875 5734 probris
1903 5663 2052 5734 ejus-

461 5751 604 5805 modi
653 5750 1003 5808 insectantem
1043 5753 1387 5819 interimere,
1415 5755 1587 5826 qualia
1641 5756 1844 5826 profert
1891 5757 2050 5812 verba

450 5839 596 5895 omni
627 5844 880 5915 sapientia
906 5846 1062 5918 plena
1083 5847 1160 5921 (2.
1193 5845 1319 5922 Reg.
1352 5850 1435 5906 16.
1465 5850 1516 5906 5.
1549 5855 1680 5923 sqq.)
1699 5851 1721 5906 ?
1743 5850 1892 5908 illum
1917 5867 2051 5924 quo-

1266 387 1323 444 S.
1363 387 1644 444 JOANNIS
1681 383 2156 443 CllRYSOS’I’OMl
2196 380 2518 438 ARCIllEP.
2557 379 2906 435 CONSTANl
2925 378 3098 436 lNOP.

3681 382 3777 438 192

2182 513 2287 569 que
2317 495 2633 567 parricidam
2661 505 2714 551 et
2743 493 3164 551 incontinentem
3191 496 3610 562 adolescentem,
3638 513 3775 566 quo-

2177 591 2339 646 modo
2387 590 2500 646 suis
2528 588 2864 644 commendat
2889 588 3134 654 ducibus,
3165 587 3387 644 dicens:
3421 588 3624 644 Parcite
3649 591 3776 647 mihi

2176 683 2336 752 ﬁliolo
2363 683 2603 736 Absaloni
2626 682 2701 752 (2.
2738 681 2860 752 Reg.
2886 681 2975 736 18.
2993 680 3090 748 5)?
3115 681 3338 749 Quando
3359 691 3533 736 autem
3557 683 3608 738 in
3634 685 3774 753 prin-

2175 776 2315 845 cipio
2357 774 2673 845 loquebatur
2699 789 2819 828 cum
2862 773 3116 830 fratribus
3157 776 3206 830 ei
3242 775 3600 831 inridentibus
3641 793 3770 848 pro-

2176 873 2294 935 pter
2317 864 2546 920 futuram
2570 866 2872 932 victoriam,
2894 866 3066 937 cogita
3092 882 3252 936 quam
3281 878 3557 924 mansuete
3585 869 3764 940 loqui-

2177 968 2296 1023 tur,
2339 958 2525 1014 dicens
2554 977 2568 1013 :
2613 960 2878 1031 Numquid
2917 977 3016 1014 non
3057 960 3260 1014 verbum
3283 970 3355 1016 est
3386 960 3406 1032 (
3434 962 3486 1018 1.
3518 961 3645 1035 Reg.
3678 963 3766 1018 17.

2173 1048 2311 1120 29)?
2339 1050 2475 1117 Quid
2503 1065 2627 1106 vero
2652 1049 2864 1106 Moses?
2892 1050 2998 1106 Pro
3025 1051 3090 1107 iis
3116 1052 3206 1121 qui
3234 1066 3358 1107 eum
3387 1052 3646 1122 lapidibus
3669 1069 3766 1123 pe-

2175 1142 2389 1209 tierant,
2424 1157 2520 1212 pro
2548 1143 2612 1197 iis
2642 1142 2733 1214 qui
2761 1159 2906 1211 eum,
2931 1152 3184 1214 quantum
3213 1145 3263 1199 in
3289 1145 3368 1200 eis
3396 1155 3524 1210 erat,
3559 1146 3626 1202 de
3656 1163 3769 1202 me-

2172 1235 2263 1290 dio
2298 1237 2659 1302 sustulerant,
2713 1236 2835 1291 audi
2881 1237 3006 1308 quid
3054 1237 3197 1292 dicat
3245 1237 3456 1310 (Exod.
3503 1241 3592 1296 17.
3645 1240 3764 1311 4)ι

2175 1328 2236 1384 Si
2265 1341 2524 1400 peccatum
2559 1331 2760 1401 quidem
2788 1331 2860 1384 eis
2888 1330 3097 1383 dimittis
3124 1372 3140 1396 ,
3173 1331 3369 1384 dimitte
3397 1347 3417 1385 :
3453 1332 3532 1386 sin
3562 1332 3760 1398 minus,

2173 1437 2252 1473 me
2275 1437 2470 1492 quoque
2497 1421 2609 1476 dele
2635 1422 2700 1476 de
2723 1421 2852 1476 libro
2879 1438 3024 1492 quem
3057 1422 3301 1491 scripsisti
3332 1421 3523 1493 (Exod.
3549 1422 3638 1479 52.
3671 1424 3762 1480 51.

2172 1513 2288 1584 32).
2319 1514 2451 1569 Cum
2482 1514 2571 1568 alii
2603 1528 2786 1569 rursus
2814 1529 2937 1570 eum
2964 1525 3238 1568 moverent
3263 1513 3329 1568 ad
3347 1515 3760 1581 :rmulatiOnem,

2173 1616 2227 1660 et
2256 1606 2535 1662 incitarent
2571 1605 2639 1662 ad
2667 1606 2822 1672 iram,
2850 1606 3069 1676 pulchra
3101 1606 3187 1660 illa
3222 1616 3274 1661 et
3300 1607 3579 1676 sapientiae
3603 1609 3758 1678 plena

2173 1698 2334 1752 verba
2363 1697 2613 1768 loquutus
2655 1706 2758 1765 est,
2792 1697 2978 1752 dicens
3008 1713 3022 1750 :
3059 1697 3186 1764 Quis
3213 1696 3296 1750 det
3335 1705 3492 1751 torum
3520 1699 3763 1770 populum

2173 1787 2382 1842 Domini
2411 1789 2682 1860 prophetas
2710 1805 2816 1844 esse
2842 1787 3030 1860 (Num.
3061 1789 3148 1843 11.
3174 1787 3308 1860 29)?
3331 1789 3438 1844 Pro
3460 1803 3644 1846 sorore
3669 1805 3765 1846 au-

2175 1891 2280 1936 tem
2322 1897 2528 1949 rursus,
2567 1898 2686 1953 qua:
2728 1898 2850 1938 eum
2895 1882 3194 1937 maledictis
3236 1883 3559 1949 incesserat,
3601 1901 3760 1954 quam

2170 1976 2479 2045 suppliciter
2505 1976 2790 2045 precatur?
2819 1974 2896 2030 Ex
2924 1975 3107 2031 multis
3135 1991 3349 2046 quoque
3375 1977 3494 2032 aliis
3523 1976 3654 2032 locis
3682 1981 3762 2033 vi-

2169 2065 2282 2120 deri
2314 2075 2490 2137 potest
2524 2067 2640 2136 ejus
2683 2066 3055 2131 mansuetudo,
3101 2067 3309 2135 quando
3351 2067 3510 2122 etiam
3549 2084 3580 2123 e
3620 2079 3759 2125 terra

2169 2157 2389 2228 ejectus,
2419 2168 2475 2214 et
2521 2159 2574 2212 in
2624 2159 2960 2214 Palaestinam
3016 2158 3223 2229 ingredi
3274 2158 3588 2228 prohibitus,
3636 2176 3755 2217 cum

2167 2251 2314 2306 θηηιί
2365 2253 2617 2306 comitate
2667 2262 2722 2307 et
2769 2251 3173 2306 mansuetudine
3219 2250 3432 2307 Judaeos
3477 2252 3760 2320 alloquitur

2169 2343 2354 2416 (Num.
2381 2345 2468 2399 12.
2503 2345 2614 2413 15).
2646 2341 2750 2399 Sed
2781 2353 2958 2398 tamen
2979 2341 3249 2405 hicmitis,
3283 2351 3340 2397 ut
3367 2342 3593 2406 Dathan,
3630 2347 3758 2399 Abi-

2168 2451 2264 2489 ron
2293 2443 2347 2490 et
2373 2435 2536 2501 Core,
2567 2449 2691 2490 eum
2719 2434 2772 2489 in
2803 2433 3158 2488 sacerdotium
3189 2433 3525 2496 invasissent,
3556 2450 3584 2488 a
3619 2445 3756 2490 terra

2165 2525 2600 2593 absorberentur,
2636 2534 2692 2581 et
2720 2525 2808 2580 alii
2833 2534 3206 2589 exurerentur,
3237 2523 3375 2595 quod
3405 2525 3578 2595 ignem
3624 2525 3756 2580 alie-

2167 2633 2292 2672 num
2336 2617 2672 2684 obtulissent,
2707 2633 2917 2687 aequum
2943 2616 3267 2672 existimavit
3300 2615 3487 2688 (Num.
3531 2618 3618 2673 16.
3671 2621 3752 2674 lii.

2163 2705 2321 2780 sqq.).
2355 2706 2518 2763 David
2541 2723 2750 2780 quoque
2772 2708 2861 2764 ille
2886 2716 3196 2764 mansuetus
3215 2718 3267 2764 et
3292 2707 3502 2764 Goliath
3525 2720 3757 2780 prostra-

2163 2799 2261 2865 vit,
2292 2808 2344 2854 et
2369 2801 2660 2855 exercitum
2683 2799 2903 2870 iugavit,
2929 2809 2985 2856 et
3011 2800 3193 2855 retulit
3220 2799 3494 2856 victoriam
3523 2799 3599 2872 (1.
3627 2802 3751 2873 Reg.

2164 2893 2279 2959 17).
2305 2891 2418 2950 Hoc
2443 2901 2526 2950 est
2547 2892 2690 2950 enim
2717 2891 2799 2949 vel
2825 2892 3054 2947 maxime
3075 2891 3357 2957 mansueti,
3385 2905 3512 2947 suas
3541 2894 3752 2963 quidem

2162 2986 2384 3057 injurias
2409 2988 2697 3055 remittere,
2731 3002 2826 3042 eos
2853 2993 3029 3043 autem
3050 2984 3243 3059 quibus
3270 2985 3329 3039 lit
3357 2985 3547 3055 injuria
3567 2986 3753 3042 delen-

2161 3079 2341 3136 dere:
2386 3080 2832 3151 quemadmodum
2879 3079 3121 3136 Christus
3167 3092 3379 3152 quoque
3421 3077 3566 3133 fecit.
3616 3078 3752 3134 Cum

2160 3173 2305 3228 enim
2335 3173 2386 3228 in
2426 3188 2641 3229 crucem
2678 3173 3027 3240 ascendisset,
3063 3172 3272 3230 dicebat
3303 3193 3316 3228 :
3347 3169 3524 3237 Pater,
3554 3171 3759 3240 ignosce.

2159 3266 2230 3320 eis
2251 3283 2272 3333 ;
2296 3267 2520 3321 nesciunt
2557 3267 2690 3322 enim
2733 3267 2854 3338 quid
2893 3268 3085 3338 faciunt
3108 3266 3256 3337 (Luc.
3287 3268 3379 3324 23.
3419 3268 3536 3334 54).
3566 3264 3631 3322 Et
3653 3264 3746 3323 Je-

2159 3359 2390 3414 rusalem
2431 3375 2613 3415 rursus
2649 3360 2875 3428 dedens,
2915 3360 3129 3417 dicebat
3161 3379 3174 3414 :
3207 3360 3413 3427 Quoties
3452 3361 3589 3417 solui
3621 3378 3748 3416 con-

2158 3466 2368 3522 gregare
2388 3449 2524 3520 ﬁlios
2566 3462 2772 3514 vestros,
2803 3464 2851 3506 et
2878 3453 3110 3507 noluistis
3135 3469 3156 3507 :
3178 3469 3289 3507 ecce
3313 3454 3618 3525 relinquetur
3651 3453 3752 3507 do-

2159 3557 2271 3595 mus
2303 3553 2466 3595 vestra
2503 3543 2698 3596 deserta
2730 3541 2942 3613 (Matth.
2972 3543 3063 3597 25.
3105 3544 3193 3599 57.
3225 3542 3336 3614 58).
3383 3543 3450 3598 Et
3480 3559 3600 3598 cum
3646 3545 3746 3598 im-

2159 3642 2344 3703 pactus
2370 3645 2514 3690 esset
2541 3635 2592 3689 ei
2621 3635 2898 3705 colaphus,
2924 3651 3030 3690 non
3054 3635 3336 3707 colaphum
3359 3647 3544 3693 contra
3575 3640 3748 3709 impe-

2157 3727 2254 3797 git,
2285 3725 2378 3782 sed
2415 3727 2466 3782 ei
2499 3726 2590 3796 qui
2635 3726 2930 3798 impegerat
2966 3741 3026 3782 se
3074 3737 3292 3783 excusat
3331 3726 3508 3800 (Joan.
3542 3727 3623 3784 18.
3656 3729 3748 3782 22.

2163 3815 2256 3886 23)
2280 3833 2296 3882 ;
2327 3826 2382 3871 et
2407 3831 2530 3872 cum
2567 3817 2931 3888 appellaretur
2958 3818 3342 3880 daemoniacus.
3370 3819 3617 3887 ejiciebat
3640 3819 3752 3875 da:-

2158 3924 2346 3965 mones
2374 3909 2584 3981 (Matth.
2615 3911 2670 3966 9.
2698 3910 2786 3966 32.
2813 3909 2946 3982 sqq.)
2972 3925 2988 3982 ;
3013 3919 3214 3967 etcum
3232 3919 3510 3967 vocaretur
3535 3911 3748 3981 planus,

2161 4012 2218 4059 et
2244 4003 2460 4073 impius,
2499 4012 2554 4058 et
2593 4004 2686 4059 Dei
2724 4003 3091 4071 adversarius,
3122 4004 3176 4059 in
3209 4019 3426 4076 regnum
3463 4019 3560 4060 eos
3593 4018 3748 4060 suum

2157 4095 2402 4152 ducebat.
2451 4095 2733 4168 Discipulis
2775 4112 2986 4166 quoque
3032 4097 3284 4168 praecepit
3319 4104 3380 4152 ut
3413 4095 3615 4168 ubique
3653 4097 3751 4152 lla-

2156 4188 2297 4258 gella
2337 4189 2684 4249 sustinerent.
2718 4189 3178 4258 persequutionem
3211 4196 3535 4258 paterentur,
3567 4189 3752 4258 expel-

2159 4281 2414 4347 lerentur,
2432 4278 2840 4350 interioremque
2856 4279 3031 4334 locum
3045 4279 3338 4351 deligerent
3358 4278 3535 4353 (Joan.
3557 4281 3610 4334 7.
3636 4279 3750 4350 12).

2161 4371 2261 4439 Qui
2289 4371 2430 4426 enim
2469 4371 2574 4425 uult
2613 4374 2666 4425 in
2707 4371 2842 4424 vobis
2872 4387 2979 4426 esse
3007 4372 3222 4440 primus,
3269 4371 3462 4441 inquit,
3490 4371 3556 4426 sit
3594 4381 3752 4427 uester

2157 4464 2383 4519 minister
2423 4462 2649 4534 (Matth.
2692 4463 2782 4518 20.
2813 4462 2943 4532 26).
2992 4465 3353 4520 Domesticum
3399 4473 3576 4519 autem
3622 4464 3751 4518 sub-

2153 4555 2329 4627 junxit
2370 4559 2704 4628 exemplum,
2744 4557 2932 4614 dicens
2967 4576 2980 4613 :
3011 4558 3155 4615 Sicut
3196 4556 3365 4614 Filius
3394 4558 3611 4613 hominis
3649 4574 3752 4612 non

2158 4652 2289 4705 venit
2326 4653 2622 4714 ministrari,
2671 4653 2759 4706 sed
2788 4654 3094 4719 ministrare,
3121 4661 3168 4707 et
3197 4652 3320 4707 dare
3354 4653 3580 4706 animam
3607 4669 3753 4706 suam

2157 4743 2545 4814 redemptionem
2583 4761 2674 4815 pro
2700 4744 2871 4800 multis
2897 4742 3058 4815 (Ibid.
3087 4761 3136 4798 υ.
3159 4744 3275 4816 28).
3317 4744 3467 4813 Quod
3494 4745 3539 4799 si
3571 4745 3754 4813 expel-

2158 4836 2220 4892 lit
2245 4836 2538 4902 daamones,
2565 4847 2762 4892 etcum
2793 4836 3004 4892 diabolo
3035 4837 3228 4892 bellum
3259 4838 3398 4908 gerit
3424 4845 3480 4891 et
3505 4852 3752 4892 errorem

2159 4928 2294 4983 tollit
2316 4927 2386 4984 de
2411 4928 2607 4995 medio,
2639 4928 2744 4984 hoc
2768 4944 2979 5000 quoque
3003 4940 3088 4985 est
3109 4930 3356 4984 maxima:
3386 4928 3750 4984 mansuetudi-

2158 5021 2263 5088 nis,
2291 5037 2451 5076 omne
2474 5022 2686 5091 quidem
2724 5023 2909 5078 vitium
2938 5021 3155 5078 abolere
3175 5063 3190 5088 ,
3215 5037 3311 5078 eos
3349 5029 3527 5076 autem
3566 5021 3656 5092 qui
3683 5021 3752 5077 ab

2159 5114 2250 5168 illo
2289 5113 2593 5170 detinentur
2635 5115 2898 5183 liberare,
2939 5114 3251 5170 insidiantes
3294 5114 3564 5171 diemones
3601 5129 3750 5170 coer-

2157 5220 2302 5273 cere,
2333 5217 2386 5262 et
2409 5207 2497 5278 qui
2521 5206 2589 5261 ab
2618 5207 2696 5262 eis
2726 5208 2934 5278 probris
2962 5206 3136 5263 allecti
3165 5207 3381 5274 fuerint,
3409 5221 3439 5261 a
3465 5207 3618 5262 malis
3646 5223 3752 5261 ert-

2158 5312 2305 5367 pere.
2334 5297 2471 5365 Quid
2497 5309 2579 5354 est
2606 5309 2806 5366 autem,
2837 5297 3057 5371 Propter
3079 5300 3358 5366 veritatem,
3388 5307 3436 5353 et
3464 5309 3754 5352 mansuetu-

2157 5392 2346 5459 dinem,
2389 5401 2436 5446 et
2469 5392 2764 5464 justitiam?
2808 5393 2950 5448 Dixit
2989 5392 3210 5460 bellum,
3257 5392 3391 5448 dixit
3436 5393 3754 5448 instructam

2157 5487 2346 5552 aciem,
2369 5487 2603 5542 ostendit
2629 5495 2890 5542 armatum
2918 5487 3172 5554 militem;
3201 5486 3328 5542 dicit
3347 5486 3601 5556 deinceps
3629 5501 3750 5557 qum

2157 5579 2377 5649 pulchra
2393 5587 2446 5635 et
2465 5579 2717 5650 praeclara
2735 5581 2786 5635 in
2805 5595 2969 5652 regno
2989 5596 3087 5636 suo
3101 5581 3342 5652 gesserit,
3357 5593 3524 5650 genus
3546 5581 3756 5649 tropmi,

2157 5671 2516 5730 conditionem
2542 5684 2596 5729 et
2613 5684 2853 5729 naturam
2872 5675 3126 5730 victoriae.
3154 5674 3257 5730 Alii
3276 5675 3419 5730 enim
3447 5687 3635 5728 omnes
3655 5671 3754 5726 lto-

2158 5763 2330 5820 mines
2348 5775 2650 5833 regnantes,
2677 5765 2759 5820 vel
2783 5781 2879 5835 pro
2891 5765 3189 5821 civitatibus
3213 5763 3292 5818 vel
3338 5779 3436 5834 pro
3456 5763 3754 5832 opibuser

2167 5869 2264 5926 pro
2279 5855 2572 5916 inimicitiis
2592 5896 2604 5925 ,
2627 5857 2708 5914 vel
2727 5873 2821 5930 pro
2839 5871 2969 5913 vana
2992 5857 3152 5928 gloria
3179 5857 3370 5914 bellum
3399 5862 3620 5929 gerunt;
3647 5855 3758 5925 ipse
