4140 6356
381 369 479 426 191

380 487 648 558 δαιμόνων
682 481 1159 546 ἐπιϐουλευόντων,
1197 481 1292 534 καὶ
1323 477 1423 549 τὴν
1465 475 1794 546 οἰκουμένην
1834 471 1952 525 δια-

380 578 713 650 φθειρόντων
755 576 996 630 ἀπασαν.
1045 572 1143 628 Διά
1193 572 1257 644 δὴ
1311 570 1469 624 τοῦτο
1517 569 1610 622 καὶ
1651 567 1681 619 6
1727 563 1955 625 Ἡσαΐας

1444 356 1819 418 EXPOSITIO
1858 354 1925 410 IN
1966 338 2298 408 PSALMUM
2336 351 2520 406 xm.

3527 350 3634 407 192

2065 468 2360 535 ἀξιούντων
2387 467 2639 537 διαϐῆναι
2669 465 2761 518 καὶ
2788 466 3083 533 ἀποτεμεῖν
3108 463 3200 518 τὸν
3228 463 3490 536 ὑϐριστὴν
3515 480 3632 517 τοι·

2062 561 2202 614 αῦτα
2234 559 2691 631 ἐμπαροινοῦντα,
2725 553 2813 610 οἷα
2857 555 3153 626 φθέγγεται
3191 557 3411 627 ῥήματα
3452 555 3635 626 πάσης

381 646 538 739 ἐλεγέ
555 686 570 701 ο
611 669 723 722 Καὶ
768 667 886 721 τῶν
916 665 1184 735 ἰσχυρῶν
1217 662 1501 734 μεριεῖται
1535 673 1562 701 ει
1593 657 1796 713 σκῦλα
1816 672 1829 687 ·
1862 654 1957 707 καὶ
2062 652 2253 722 σοφίας
2280 651 2517 722 γέμοντα
2536 650 2565 690 1)
2585 650 2598 702 !
2621 649 2722 702 Τὸν
2738 648 2796 701 δέ
2821 647 3153 720 πατραλοίαν
3171 649 3374 700 ἐκεῖνον
3398 648 3493 701 καὶ
3513 646 3637 700 6x6-

384 763 547 817 πάλιν
566 777 580 791 °
615 758 858 829 Πνεῦμα
878 758 1100 826 Κυρίου
1122 757 1214 809 ἐπ’
1242 753 1347 824 ἐμέ
1369 766 1383 781 ‘
1414 749 1485 808 οὗ
1511 752 1723 806 ἕνεκεν
1748 745 1957 816 ἐχρισέ
2061 742 2257 797 λαστον
2288 742 2590 805 νεανίσκον,
2617 741 2736 804 πῶς
2768 740 3271 812 παρακατατίθεται
3301 742 3410 800 τοῖς
3438 736 3637 793 ἑαυτοῦ

383 871 478 924 με,
525 852 1036 922 εὐαγγελίσασθαι
1063 847 1322 917 πτωχοῖς
1355 840 1700 900 ἀπέσταλκέ
1721 858 1818 911 με,
1853 857 1959 907 κη-

385 945 562 1015 ρῦξαι
591 940 989 1013 αἰχμαλώτοις
1014 939 1254 1009 ἄφεσιν.
1287 937 1386 990 Διά
1415 935 1482 1006 δὴ
1501 934 1660 988 τοῦτο
1689 932 1782 986 καὶ
1811 931 1958 984 Παῦ-

388 1039 478 1102 λος
509 1034 788 1106 πανταχοῦ
810 1033 918 1086 τῶν
942 1031 1241 1084 ἐπιστολῶν
1270 1029 1600 1102 προγράφων
1626 1025 1780 1094 ἐλεγε
1805 1040 1819 1054 ·
1849 1021 1963 1076 Χά-

386 1147 477 1199 ρις
506 1128 650 1198 ὑμῖν
689 1125 786 1180 καί
809 1123 1015 1192 εἰρήνη
1043 1123 1160 1178 ἀπὸ
1198 1121 1345 1174 Θεοῦ
1373 1118 1603 1187 Πατρός
1634 1117 1822 1186 ἡμῶν.
1853 1115 1964 1168 Kal

393 1222 554 1274 πάλιν
574 1235 588 1249 °
617 1218 804 1283 Αὐτὸς
819 1216 930 1286 γάρ
949 1216 1120 1269 ἐστιν
1140 1215 1178 1282 ἢ
1205 1213 1411 1282 εἰρήνη
1439 1209 1629 1281 ἡμῶν,
1651 1212 1684 1264 ὀ
1703 1207 1965 1276 ποιήσας

393 1315 464 1367 τὰ
483 1311 786 1381 ἀμφότερα
805 1307 894 1362 ἓν.
919 1307 1035 1361 Ἵνα
1060 1306 1118 1360 δέ
1145 1307 1222 1376 μὴ
1251 1303 1484 1369 ἀκούων,
1507 1300 1825 1371 Περίζῖωσαι
1851 1300 1967 1367 τὴν

389 1406 693 1478 ῥομφαίαν
731 1417 869 1468 σου,
913 1402 1185 1473 μάχαιραν
1217 1398 1444 1471 νομίσῃς
1484 1395 1766 1467 αἰσθητὴν,
1803 1393 1966 1447 ἄκουε

393 1499 502 1552 τῶν
531 1497 678 1568 ἐξῆς.
711 1495 894 1551 Εἰπὼν
921 1495 1052 1567 γὰρ,
1089 1493 1340 1561 Περίθου
1363 1491 1478 1559 τὴν
1494 1487 1800 1560 μάχαιράν
1827 1502 1964 1553 σου,

397 1589 663 1656 ἐπήγαγε,
701 1583 784 1653 Τῇ
825 1581 1138 1652 ὠραιότητί
1165 1597 1303 1646 σου,
1331 1579 1534 1646 καὶτῷ
1573 1578 1783 1632 κάλλει
1811 1592 1929 1629 σου
1950 1589 1966 1605 ⁸

398 1676 556 1731 τοῦτό
586 1677 732 1727 ἐστιν
771 1672 806 1742 ἡ
849 1672 1113 1742 μάχαιρα,
1163 1671 1196 1742 ἡ
1232 1669 1504 1741 ὼραιότης
1533 1666 1721 1730 αὑτοῦ,
1771 1666 1865 1719 καὶ
1909 1663 1972 1717 τὺ

401 1766 597 1828 κάλλος
636 1763 823 1830 αὑτοῦ,
859 1763 949 1816 καὶ
975 1763 1009 1834 ἡ
1034 1761 1181 1826 δόξα,
1209 1760 1305 1814 καὶ
1333 1760 1395 1812 τὸ
1423 1759 1659 1829 ἀξίωμα,
1689 1755 1784 1810 καὶ
1817 1757 1852 1827 ἡ
1878 1772 1976 1825 με·

401 1859 712 1930 γαλωσύνη,
739 1858 834 1912 καὶ
860 1857 893 1928 ὴ
923 1853 1390 1928 μεγαλοπρέπεια.
1418 1850 1645 1914 Οὐδενὸς
1663 1847 1774 1920 γὰρ
1803 1847 1974 1900 δεῖται

401 1957 434 2026 ἡ
453 1954 608 2006 οὑσία
626 1951 809 2022 ἐκείνη
827 1952 906 2014 εἰς
919 1949 981 2002 τὸ
1000 1945 1343 2018 κατορθῶσαι
1359 1944 1429 1999 τά
1444 1942 1801 2015 προκείμενα·
1823 1937 1974 2013 [169]

402 2045 656 2115 ἀνενδεὴς
700 2043 810 2115 γάρ
849 2043 985 2096 ἐστι.
1025 2037 1347 2111 Παρακαλεῖ
1375 2035 1558 2091 τοίνυν
1601 2035 1630 2086 ό
1663 2035 1975 2105 προφήτης,

404 2136 544 2205 ὑπὲρ
570 2137 669 2205 τῆς
694 2129 1025 2202 οἰκουμένης
1049 2131 1131 2192 εἰς
1151 2127 1387 2198 πόλεμον
1411 2123 1576 2179 αὑτὸν
1595 2121 1824 2190 ἐξάγων.
1842 2115 1979 2174 Εἶτα

405 2227 514 2282 ἀπὸ
539 2224 650 2278 τῶν
671 2223 888 2295 ὑψηλῶν
921 2222 1084 2277 πάλιν
1113 2221 1207 2274 ἐπὶ
1231 2220 1298 2274 τά
1329 2217 1612 2289 παχύτερα
1635 2215 1861 2282 κατάγει
1887 2212 1978 2266 τὸν

392 2315 585 2389 λόγον.
619 2315 806 2372 Εἰπὼν
843 2315 951 2386 γάρ
984 2314 1263 2386 μάχαιραν
1292 2311 1386 2366 καὶ
1421 2308 1616 2382 μηρὸν,
1648 2304 1875 2378 ἀνῆλθεν
1901 2305 1981 2367 εἰς

408 2412 504 2482 τὴν
534 2410 872 2482 ὡραιότητα·
909 2406 1003 2462 καὶ
1045 2403 1208 2458 πάλιν
1250 2402 1458 2456 ἐκεῖθεν
1488 2400 1730 2454 κάτεισιν
1771 2397 1864 2451 ἐπὶ
1911 2393 1981 2448 τὰ

411 2501 862 2574 σωματικώτερα,
901 2498 994 2552 καί
1031 2511 1215 2570 φησιν’
1243 2493 1350 2550 Kal
1374 2493 1622 2554 ἔκτεινε,
1649 2489 1747 2543 καὶ
1773 2504 1986 2542 κατευ-

409 2591 573 2656 οδοῦ,
602 2590 699 2644 καὶ
724 2589 1046 2653 βασίλευε.
1078 2583 1262 2639 Εἰπὼν
1289 2583 1367 2650 δέ,
1403 2583 1692 2644 "Errare,
1724 2576 1785 2631 τὸ
1830 2575 1983 2642 τόξον

411 2686 542 2754 ἡμῖν
574 2681 811 2752 ἐδήλωσε
854 2680 949 2733 καὶ
975 2681 1038 2732 τὺ
1081 2676 1252 2748 βέλος.
1284 2669 1416 2728 Εἶτα
1441 2672 1654 2735 δεικνὺς
1681 2669 1862 2732 πάλιν,
1901 2669 1982 2721 ὅτι

410 2777 507 2846 οὑχ
535 2775 714 2828 ὅπλων
750 2771 900 2842 αὑτῷ
935 2771 1036 2834 δεῖ,
1067 2770 1338 2839 ἐπήγαγε,
1367 2765 1476 2820 Καὶ
1503 2759 1854 2824 κατευοδοῦ,
1882 2758 1982 2812 καὶ

407 2867 728 2930 βασίλευε.
761 2863 992 2932 ’Ἕτερος
1013 2859 1072 2914 δέ
1101 2856 1443 2928 ἑρμηνευτής
1472 2871 1625 2924 φησι,
1653 2853 1984 2920 Πρόκοπτε.

414 2954 701 3009 Βασιλείαν
727 2954 784 3007 δὲ
822 2950 1057 3005 ἐνταῦθα
1104 2948 1277 3016 λέγει,
1312 2949 1378 3018 ἣν
1413 2944 1581 2999 ἐλθὼν
1624 2941 1986 3014 κατώρθωσεν

415 3049 472 3101 ἐν
501 3047 752 3110 ὑστάτοις
782 3045 1013 3115 καιροῖς,
1051 3041 1149 3112 τὴν
1178 3040 1300 3094 κατ’
1331 3038 1604 3092 οἰκείωσιν
1635 3035 1728 3089 καὶ
1759 3033 1981 3101 γνῶσιν.

487 3206 563 3266 ς’.
584 3199 770 3253 Ταῦτα
794 3196 851 3250 δὲ
876 3195 947 3249 τά
993 3195 1216 3266 ῥήματα
1257 3189 1353 3245 τοῦ
1396 3188 1561 3242 πόθου
1603 3186 1838 3258 μάλιστά
1869 3187 1987 3239 ἐστι

415 3293 508 3348 τοῦ
537 3289 903 3363 προφητικοῦ,
931 3287 1165 3359 ὁρῶντος
1193 3284 1295 3355 ἤδη
1325 3282 1394 3336 τὰ
1432 3277 1853 3350 κατορθώματα,
1893 3277 1988 3330 καὶ

416 3387 516 3458 τὴν
540 3370 862 3454 οἰκουμένην
884 3380 1021 3452 πρὸς
1044 3375 1305 3448 ἀλήθειαν
1324 3368 1859 3444 χειραγωγουμένην.
1889 3367 1988 3421 Διά

418 3478 578 3531 τοῦτο
599 3476 786 3546 τρόπῳ
807 3469 1306 3543 παρακελευομένη)
1336 3465 1603 3534 κέχρηται
1638 3458 1716 3530 τῷ
1748 3459 1989 3530 σχήματι

417 3572 517 3639 τῆς
544 3569 761 3635 λέξεως.
796 3563 957 3627 ’Έθος
987 3561 1098 3633 γὰρ
1130 3560 1225 3614 καὶ
1249 3559 1360 3620 τοῖς
1389 3554 1688 3617 ἐλάττοσιν,
1713 3551 1841 3604 ὅταν
1869 3549 1988 3602 δια-

422 3658 834 3732 θερμαινόμενοι
859 3653 994 3726 πρὸς
1013 3653 1140 3714 τοὺς
1164 3649 1381 3720 μείζους
1407 3639 1529 3709 ὦσι,
1551 3642 1774 3705 ταύταις
1789 3639 1991 3711 κεχρῆ-

422 3751 545 3804 σθαι
571 3751 690 3812 ταῖς
703 3745 932 3810 λέξεσιν.
952 3744 1204 3799 Ἕνεκεν
1221 3737 1508 3806 ἀληθείας
1533 3735 1628 3790 καὶ
1658 3735 1992 3802 πραότητος

421 3842 520 3899 καὶ
565 3837 979 3903 δικαιοσύνης.
1035 3833 1407 3903 Ἐπιρρήματι
1456 3825 1715 3897 ἀληθείας
1768 3823 1990 3894 χρῆται.

434 3933 596 4003 Ὁρᾷς
619 3929 738 3992 πῶς
766 3926 964 3997 ἐαυτὴν
1003 3922 1295 3995 ἐρμηνεύει
1328 3923 1362 3992 ἠ
1387 3919 1599 3990 Γραφὴ,
1635 3916 1730 3969 καὶ
1753 3914 1993 3967 δείκνυσι

421 4023 612 4094 νοεράν
649 4016 814 4074 οὖσαν
856 4016 954 4088 τὴν
983 4016 1139 4084 νίκην
1172 4014 1268 4067 καὶ
1313 4010 1719 4082 πνευματικήν;
1779 4007 1837 4058 '0
1883 4003 1993 4075 γὰρ

420 4113 601 4170 ὅπλων
640 4108 1044 4184 μνημονεύσας,
1073 4107 1168 4160 καὶ
1199 4105 1495 4176 ῥομφαίας,
1515 4102 1610 4155 καὶ
1651 4099 1842 4165 τόξων,
1875 4096 1992 4159 πῶς

420 4205 729 4275 πραότητος
780 4199 1016 4254 ἐνταῦθα
1066 4198 1368 4269 μέμνηται;
1419 4194 1556 4247 Ποία
1599 4191 1707 4262 γὰρ
1744 4188 1994 4243 κοινωνία

423 4295 690 4368 πραότητι
737 4294 834 4346 καὶ
876 4290 1120 4361 πολέμῳ,
1153 4286 1428 4358 ἐπιεικείᾳ⁵
1472 4284 1566 4338 καὶ
1598 4285 1786 4355 acim;
1817 4278 1994 4349 Πολλὴ

429 4367 526 4458 μέν
555 4382 671 4447 οὑν,
705 4385 800 4438 ἐάν
829 4401 911 4447 τις
943 4380 1185 4452 ἀκριϐῶς
1234 4377 1484 4447 ἐξετάσῃ.
1527 4374 1680 4427 Ἐπεὶ
1713 4372 1808 4443 καὶ
1833 4367 1995 4423 Δαυῖδ

426 4480 519 4533 καὶ
550 4476 787 4546 Μωῡσῆς
816 4475 982 4544 πρᾶοι
1007 4469 1169 4544 ἦσαν.
1196 4470 1286 4522 Διὸ
1307 4468 1438 4539 περὶ
1475 4467 1572 4538 μὲν
1595 4464 1805 4519 ἐκείνου
1833 4461 1995 4532 φησὶν

425 4572 459 4642 ἡ
489 4568 676 4640 Γραφή
695 4583 710 4598 ·
736 4566 1070 4633 Μνήσθητι,
1107 4563 1302 4632 Κύριε,
1328 4558 1436 4614 τοῦ
1459 4554 1643 4612 Δαυῖδ
1667 4553 1766 4608 καὶ
1790 4552 1996 4616 πάσης

423 4639 545 4730 τῆς
572 4659 911 4727 πραότητος
938 4653 1125 4709 αὐτοῦ
1146 4670 1159 4683 '
1190 4651 1318 4723 περὶ
1349 4650 1406 4704 δὲ
1433 4647 1735 4708 Μωῦσέως,
1761 4646 1844 4699 ὅτι
1876 4639 1997 4698 Ἦν

425 4753 755 4822 πραότατος
777 4747 1036 4816 Μωϋσῆς
1050 4746 1290 4800 πάντων
1299 4739 1628 4810 ἀνθρώπων
1641 4736 1759 4792 τῶν
1770 4736 1868 4790 ἐπὶ
1887 4733 1995 4803 τῆς

425 4844 558 4915 τῆς·
577 4841 691 4896 ἀλλ’
713 4843 862 4913 ὅμως
886 4840 1166 4909 φαίνονται
1186 4827 1333 4890 οὑτοι
1349 4835 1400 4888 οἰ
1425 4832 1644 4887 πάντων
1674 4829 1995 4901 πραότατοι,

429 4939 664 5009 μάλιστα
691 4936 906 4989 πάντων
933 4932 1283 5005 ἀμυνόμενοι.
1320 4928 1460 4982 Ἀλλ’
1481 4929 1530 4980 εἰ
1559 4921 1832 4996 βούλεσθε,
1863 4921 1998 4993 πρό-

423 5048 582 5102 τερον
600 5029 700 5099 τὴν
726 5026 1008 5098 πραότητα
1025 5021 1206 5077 αὑτῶν
1231 5021 1492 5090 εἴπωμεν·
1525 5015 1791 5078 Πολλάκις
1816 5011 1998 5066 λαϐὼν

425 5125 456 5175 6
487 5120 757 5192 μακάριος
805 5112 959 5180 οὗτος
999 5115 1091 5168 τὸν
1123 5111 1318 5176 Σαοὺλ,
1348 5109 1443 5164 καὶ
1475 5107 1768 5178 γενόμενος
1811 5104 2000 5175 κύριος

427 5212 656 5276 ἀνελεῖν,
704 5211 804 5265 οὑκ
853 5210 1102 5280 ἐπήγαγε
1130 5205 1231 5278 τὴν
1264 5206 1424 5275 χεῖρα
1444 5217 1456 5229 ·
1488 5199 1624 5254 ἀλλά
1670 5198 1765 5251 καὶ
1796 5195 2000 5266 ἐτέρων

429 5302 888 5373 ἐγκελευομένων,
943 5300 1219 5370 ἐφείσατο,
1269 5295 1369 5349 καὶ
1404 5293 1493 5347 τὸν
1539 5289 1710 5362 θυμὸν
1744 5287 1998 5358 ἐχάλασε.

430 5399 540 5452 Καὶ
565 5396 660 5450 τοῦ
694 5395 892 5465 Σεμεεὶ
918 5393 976 5448 δέ
1014 5391 1238 5446 τοιαῦτα
1265 5384 1596 5459 ὑϐρίζοντος.
1638 5381 1733 5436 καὶ
1765 5382 1832 5451 τῇ
1863 5395 2003 5448 συμο

432 5493 576 5563 φορᾷ
593 5491 714 5545 τότε
735 5487 1160 5559 ἐπεμϐαίνοντος
1183 5483 1412 5546 ἐκείνου,
1432 5479 1527 5532 καὶ
1548 5474 1656 5529 τῶν
1679 5470 2004 5545 στρατηγῶν

493 5663 523 5694 ⁸
550 5665 645 5726 Alii
666 5663 834 5726 μεριεῖ,
861 5667 912 5711 et
933 5663 1005 5726 sit;
1028 5658 1282 5726 legitutj‘in
1307 5653 1526 5726 egitlone
1551 5648 2001 5726 Roma}!an

431 5725 486 5774 In
510 5709 645 5773 eri—il:
660 5709 842 5787 ﬁbri-(il;
857 5709 1110 5787 ιλιεριεῖτοιιυ
1127 5721 1302 5780 σκύλα,
1332 5709 1539 5768 {Onasse
1563 5713 1800 5764 mendose
1823 5709 2002 5760 factum

431 5800 490 5836 ea
514 5787 660 5847 μεθιεῖ
679 5787 739 5834 τά
757 5784 926 5835 σκῦλα.

2065 836 2391 903 στρατηγοῖς
2417 832 2625 900 λέγων’
2680 830 2978 886 Φείσασθέ
3012 848 3113 900 μοι
3162 831 3268 884 τοῦ
3317 829 3639 896 παιδαρίου

2077 923 2457 993 Ἀϐεσσαλώμ
2482 939 2501 986 ;
2532 923 2662 976 Ὅτε
2687 922 2745 976 δὲ
2773 924 2828 976 ἐν
2852 922 3155 993 προοιμίοις
3183 921 3316 992 πρὸς
3339 921 3465 983 τοὺς
3484 919 3637 973 ἀδελκ-

2067 1017 2200 1087 φοὺς
2229 1015 2499 1082 διελέγετο
2518 1011 3005 1082 διαφθονουμένους
3029 1011 3123 1065 καὶ
3145 1011 3535 1082 βασκαίνοντας
3549 1008 3638 1062 διὰ

2067 1108 2166 1179 τὴν
2195 1107 2456 1178 ἐσομένην
2479 1103 2654 1175 νίκην,
2681 1103 2929 1174 ἐννόησον
2949 1102 3066 1166 πῶς
3090 1102 3280 1174 πράως
3305 1101 3634 1168 διαλέγεται,

2069 1195 2166 1262 Μὴ
2193 1191 2327 1262 οὐχί
2342 1191 2511 1261 ῥῆμά
2529 1191 2695 1255 ἔστη
2731 1189 2925 1259 λέγων.
2958 1189 3022 1242 Τί
3053 1189 3111 1242 δὲ
3137 1189 3416 1258 Μωὺσῆςς
3465 1188 3642 1257 Ὑπὲρ

2070 1282 2177 1336 τῶν
2207 1279 2537 1334 λιθασάντων
2571 1276 2753 1343 αὑτὸν,
2781 1276 2922 1347 ὑπὲρ
2968 1275 3076 1330 τῶν
3122 1274 3439 1341 ἀνελόντων,
3474 1275 3533 1328 τό
3573 1291 3640 1343 γε

2073 1371 2152 1432 εἰς
2179 1369 2371 1431 αὑτοὺς
2393 1364 2547 1439 ἧκον,
2577 1366 2804 1420 ἄκουσον
2829 1365 2880 1417 τί
2907 1381 3087 1435 φησιν’
3116 1366 3184 1416 El
3207 1363 3324 1432 μὲν
3345 1361 3507 1431 ἀφῇς
3535 1364 3648 1416 αὑ-

2073 1457 2197 1522 τοῖς
2233 1455 2349 1522 τὴν
2371 1453 2684 1522 ἁμαρτίαν,
2714 1452 2883 1521 ἄφεςο
2922 1451 3064 1506 εἰδὲ
3096 1453 3204 1520 μὴ,
3233 1449 3387 1520 κάμὲ
3412 1449 3643 1515 ἐεὰλεμ-

2073 1548 2199 1614 ψον
2221 1545 2288 1596 ἐκ
2317 1540 2424 1609 τῆς
2450 1541 2671 1606 ,βίϐλου
2695 1537 2768 1609 ἧς
2801 1541 3087 1610 ἔγραψας.
3133 1539 3364 1611 Ἐτέρων
3395 1537 3452 1590 δὲ
3483 1537 3650 1592 πάλιν

2075 1634 2236 1687 αὑτὸν
2255 1631 2334 1692 εἰς
2347 1630 2503 1700 ζῆλον
2519 1627 2666 1700 [170]
2687 1627 2995 1690 κινούντων,
3018 1627 3111 1680 καὶ
3135 1624 3544 1694 παροξυνόντων
3565 1625 3647 1687 εἰς

2076 1719 2464 1788 ἀγανάκτησιν,
2484 1717 2552 1768 τὰ
2571 1714 2833 1784 φιλόσοφα
2860 1715 3040 1768 ἐκεῖνα
3069 1713 3364 1782 ἐφθέγξατο
3379 1723 3401 1751 θ
3427 1713 3646 1783 ῥήματα

2077 1808 2248 1876 λέγων
2269 1824 2281 1837 ’
2317 1807 2411 1871 Τίς
2429 1804 2548 1872 δώῃ
2569 1803 2764 1858 ,πάντα
2779 1803 2887 1858 τὸν
2907 1806 3062 1858 λαόν
3086 1803 3305 1870 Κυρίου
3336 1800 3649 1870 προφήτας

2076 1895 2260 1960 atrae;
2293 1895 2463 1966 ’Υπὲρ
2485 1894 2541 1946 δὲ
2568 1895 2666 1964 τῆς
2689 1893 2920 1963 ἀδελφῆς
2953 1891 3110 1948 πάλιν
3143 1891 3530 1961 λοιδορησάσης
3551 1891 3650 1943 αὑ-

2077 1985 2190 2049 τὸν,
2223 1985 2354 2053 ὅσην
2371 1982 2576 2036 τίθεται
2599 1979 2696 2051 τὴν
2717 1980 2993 2051 ἱκετηρίαν
3019 1979 3031 2032 ε
3057 1980 3162 2032 Kal
3187 1978 3512 2048 πολλαχόθεν
3535 1977 3651 2030 ἐτέ-

2084 2073 2256 2145 ρωθεν
2273 2073 2370 2125 ίδοι
2390 2088 2473 2134 τις
2492 2070 2557 2124 ἂν
2573 2068 2736 2123 αὑτοῦ
2757 2069 2856 2138 τὴν
2876 2068 3179 2139 πραότητα,
3201 2068 3289 2120 ὅτε
3311 2068 3406 2120 καὶ
3431 2067 3527 2137 τῆς
3544 2066 3652 2134 γῆς

2083 2157 2351 2221 ἐκπεσὼν,
2373 2157 2467 2212 καὶ
2487 2159 2563 2220 είς
2582 2155 2678 2228 τὴν
2703 2155 3062 2226 Παλαιστίνην
3088 2155 3348 2218 κωλυθεὶς
3370 2155 3655 2217 εἰσελθεῖν,

2087 2247 2225 2319 μετὰ
2263 2247 2442 2316 πάσης
2489 2241 2787 2307 ἐπιεικείας
2834 2244 3136 2312 διαλέγεται
3184 2245 3296 2306 τοῖς
3357 2242 3653 2305 Ἰουδαίοις.

2098 2333 2236 2388 Ἀλλ’
2270 2335 2420 2404 ὅμως
2456 2327 2608 2397 οὗτος
2640 2333 2669 2386 6
2712 2333 2886 2403 πρᾶος
2919 2331 3009 2384 τὸν
3041 2330 3218 2384 Δαθὰν
3247 2331 3342 2384 καὶ
3391 2329 3656 2402 Ἀϐειρὼν

2085 2424 2179 2477 καὶ
2225 2420 2369 2493 Κορὲ
2402 2421 2600 2490 ἠξίωσε
2643 2418 3015 2489 καταποθῆναι
3035 2459 3049 2480 ,
3082 2417 3242 2489 ἡνίκα
3283 2421 3358 2489 τῇ
3388 2417 3662 2489 ἱερωσύνῃ

2086 2509 2479 2578 ἐπανέστησαν,
2515 2505 2620 2560 ὑπὸ
2649 2505 2746 2576 τῆς
2776 2505 2900 2574 γῆς,
2940 2504 3036 2558 καί⁹
3065 2503 3190 2568 τοὺς
3218 2503 3409 2566 ἄλλους
3437 2507 3659 2574 ἐμπρη-

2089 2597 2302 2670 σθῆναι,
2333 2597 2420 2650 ἂτε
2445 2595 2822 2666 προσήνεγκαν
2846 2591 2956 2665 πῦρ
2983 2591 3283 2664 ἀλλότριον.
3312 2591 3421 2646 Kal
3445 2592 3473 2644 6
3498 2591 3663 2645 Δαυῖδ

2086 2686 2143 2739 δέ
2170 2687 2259 2738 τὸν
2290 2683 2480 2737 Γολιάθ
2508 2682 2843 2752 κατήνεγκεν
2869 2681 2896 2734 6
2923 2683 3114 2751 πρᾶος,
3142 2679 3236 2732 καὶ
3266 2678 3328 2732 τὸ
3362 2679 3658 2750 στρατόπε-

2087 2773 2175 2826 δον
2207 2773 2373 2845 ἡλασε
2393 2812 2408 2836 ,
2436 2771 2528 2824 καί
2557 2769 2654 2836 τὴν
2684 2769 2838 2838 νίκην
2867 2767 3054 2837 ῆρατο.
3086 2765 3256 2819 Τοῦτο
3286 2764 3392 2837 γὰρ
3426 2764 3662 2836 μάλισνά

2089 2863 2204 2912 ἐστι
2240 2859 2448 2930 πράου,
2475 2856 2545 2909 τὰ
2574 2855 2671 2926 μέν
2703 2857 2782 2917 εἰς
2812 2853 3002 2907 ἐαυτὸν
3033 2852 3246 2921 ἀφεῖναι
3269 2892 3284 2916 ,
3315 2854 3428 2914 τοῖς
3459 2851 3518 2903 δέ
3545 2851 3661 2904 ἀδιο

2089 2967 2185 3003 κου
2195 2949 2374 3020 μένοις
2404 2945 2650 3016 ἀμύνειν’
2681 2941 2930 3013 καθάπερ
2954 2941 3046 2994 καὶ
3070 2943 3098 2994 6
3124 2940 3357 3011 Χριστὸς
3383 2941 3658 3008 ἐποίησεν.

2090 3037 2184 3099 Εἰς
2233 3036 2342 3105 γὰρ
2378 3034 2469 3087 τὸν
2507 3033 2736 3103 σταυρὸν
2787 3028 2991 3092 ἀναϐὰς
3034 3027 3210 3094 ἔλεγε·
3257 3026 3471 3094 Πάτερ,
3515 3025 3668 3095 ἄφες

2089 3121 2314 3188 αὐτοῖς’
2358 3121 2432 3175 οὐ
2473 3119 2584 3189 γὰρ
2622 3117 2820 3173 οἴδασι
2875 3117 2934 3170 τί
2987 3113 3250 3169 ποιοῦσι.
3290 3113 3404 3167 Kal
3452 3113 3663 3183 θρηνῶν

2090 3210 2251 3263 πάλιν
2293 3207 2390 3279 τὴν
2446 3204 2800 3278 Ἰερουσαλὴμ
2843 3203 3031 3271 ἐλεγεο
3082 3200 3354 3267 Ποσάκις
3391 3200 3669 3269 ἠθέλησα

2089 3294 2561 3365 ἐπισυναγαγεῖν
2593 3293 2666 3346 τὰ
2705 3292 2887 3345 τέκνα
2922 3288 3110 3358 ὑμῶν,
3163 3287 3262 3341 καὶ
3307 3289 3418 3342 οὐκ
3446 3287 3667 3355 ἠθελιίο

2091 3399 2260 3442 σατε·
2295 3383 2423 3438 ἰδοὺ
2457 3383 2692 3451 ἀφίεται
2721 3384 2754 3435 ὁ
2784 3376 2948 3444 οἶκος
2976 3377 3144 3448 ὑμῶν
3165 3377 3405 3447 ἕρημος.
3439 3375 3548 3429 Kal
3573 3378 3669 3447 ῥα-

2091 3473 2404 3543 πιζόμενος,
2442 3471 2543 3524 οὑκ
2590 3469 3008 3540 ἀντερράπισεν,
3042 3465 3156 3519 ἀλλ’
3205 3464 3552 3532 ἀπολογεῖται
3589 3463 3674 3533 τῷ

2097 3561 2408 3634 ραπίζοντιο
2443 3558 2539 3612 καὶ
2575 3554 2841 3626 δαιμονῶν
2882 3552 3249 3623 καλούμενος,
3282 3553 3546 3622 δαίμονας
3579 3551 3669 3616 ἐξ·

2095 3649 2274 3703 έϐαλε·
2307 3647 2399 3702 καὶ
2431 3646 2629 3708 πλάνος
2657 3644 2750 3700 καὶ
2773 3641 3017 3704 ἀντίθεος
3035 3638 3383 3709 καλούμενος,
3413 3640 3493 3702 εἰς
3515 3639 3674 3708 βασι-

2095 3737 2240 3790 λείαν
2264 3736 2458 3793 αὐτοὺς
2484 3731 2856 3804 ἐχειραγώγει.
2889 3729 2998 3782 Kal
3024 3731 3137 3790 τοῖς
3163 3727 3428 3797 μαθηταῖς
3454 3725 3673 3778 ἐκέλευε

2095 3823 2368 3893 πανταχοῦ
2405 3817 2819 3893 μαστιγοῦσθαι,
2851 3814 3171 3878 διώκεσθαι,
3207 3813 3545 3878 ἐλαύνεσθαι,
3576 3815 3677 3867 καὶ

2096 3915 2194 3984 τὴν
2226 3911 2434 3965 ἐλάττω
2463 3905 2859 3978 καταδέχεσθαι
2902 3901 3072 3968 τάξιψ
3115 3903 3178 3955 '0
3225 3901 3332 3972 γὰρ
3374 3899 3566 3954 θέλων
3602 3901 3674 3953 ἐν

2095 4001 2239 4068 ὑμῖν
2274 3995 2426 4052 εἶναι
2475 3996 2722 4063 πρῶτος,
2771 3991 2955 4062 φησὶν,
2989 3990 3150 4044 ἔστω
3177 3987 3343 4058 ὑμῶν
3370 3986 3669 4052 διάκονος.

2099 4089 2208 4143 Kal
2235 4085 2294 4139 τὸ
2323 4083 2626 4152 ὑπόδειγμα
2659 4080 2868 4133 οἴκοθεν
2895 4076 3067 4145 ἐπῆγε
3111 4075 3302 4142 λέγων·
3334 4072 3612 4141 Καθάπερ
3639 4074 3676 4125 ὁ

2097 4175 2230 4240 Υἱὸς
2253 4171 2359 4226 τοῦ
2385 4169 2699 4238 ἀνθρώπου
2737 4169 2848 4220 οὐκ
2867 4161 3013 4234 ἦλθε
3037 4158 3484 4228 διακονηθῆναι,
3511 4159 3676 4213 ἀλλὰ

2099 4260 2457 4329 διακονῆσαι
2483 4257 2580 4312 καὶ
2599 4255 2807 4309 δοῦναι
2843 4251 2960 4320 τὴν
2984 4249 3198 4320 ψυχὴν
3237 4249 3424 4301 αὑτοῦ
3448 4248 3674 4313 λύτρον

2100 4349 2234 4406 ἀντὶ
2270 4345 2536 4402 πολλῶν.
2577 4344 2640 4397 Εἰ
2683 4342 2739 4395 δὲ
2771 4339 2983 4394 ἐλαύνει
3011 4337 3289 4408 δαίμονας,
3325 4335 3419 4388 καὶ
3451 4334 3683 4405 πολεμεῖ

2100 4438 2179 4510 τῷ
2205 4436 2433 4506 διαϐόλῳ
2454 4476 2467 4498 ,
2506 4434 2596 4487 καὶ
2641 4432 2744 4500 τὴν
2771 4429 2979 4498 πλάνην
3011 4428 3223 4498 ἀναιρεῖ
3253 4427 3348 4479 καὶ
3389 4423 3547 4477 τοῦτο
3577 4425 3679 4494 μά-

2102 4528 2258 4579 λιστα
2279 4521 2580 4594 πραότητός
2607 4520 2744 4582 ἐστι,
2767 4517 2828 4570 τὸ
2845 4517 2942 4588 τὴν
2961 4514 3158 4568 κακίαν
3187 4513 3284 4585 μὲν
3306 4514 3486 4566 πᾶσαν
3506 4511 3678 4578 λύειν,

2100 4612 2226 4674 τοὺς
2266 4608 2322 4662 δέ
2356 4605 2755 4676 κατεχομένους
2803 4600 3139 4673 ἐλευθεροῦν,
3180 4600 3241 4653 τὸ
3292 4600 3420 4662 τοὺς
3458 4599 3679 4653 ἐπιϐου-

2103 4697 2352 4760 λεύοντας
2362 4693 2621 4766 δαίμονας
2645 4690 3006 4754 ἀναστέλλειν,
3023 4686 3218 4757 τοὺς,δέ
3236 4685 3680 4759 ἐπηρεασθέντας

2104 4783 2462 4842 ἀπαλλάττειν
2486 4780 2595 4834 τῶν
2629 4778 2835 4832 δεινῶν.
2867 4776 2932 4829 Τί
2963 4777 3022 4828 δέ
3047 4777 3215 4841 ἐστιν,
3246 4776 3490 4830 Ἕνεκεν
3531 4775 3681 4841 ἀλη-

2104 4873 2286 4938 θείας,
2316 4871 2412 4924 καὶ
2436 4868 2798 4936 πραότητος,
2834 4863 2931 4917 καὶ
2969 4861 3396 4929 δικαιοσύνης;
3428 4858 3562 4914 Εἷπε
3588 4861 3684 4914 τὸν

2103 4960 2360 5030 πόλεμον,
2373 4953 2492 5010 εἷπε
2517 4954 2616 5025 τὴν
2627 4950 2951 5024 παράταξιν,
2975 4949 3142 5015 ἐδειξε
3157 4949 3249 5002 τὸν
3261 4949 3508 5020 ὁπλίτην·
3531 4948 3686 5017 λέγει

2104 5048 2285 5103 λοιπὸν
2309 5045 2404 5098 καί
2431 5044 2528 5116 τῆς
2557 5040 2832 5114 βασιλείας
2859 5037 3021 5095 αὑτοῦ
3047 5038 3118 5092 τά
3145 5037 3564 5110 κατορθώματα,
3589 5038 3682 5090 λέ-

2104 5153 2192 5205 γει
2210 5135 2302 5189 τοῦ
2318 5132 2580 5206 τροπαίου
2599 5131 2661 5184 τὸ
2688 5126 2826 5193 εἶδος
2843 5167 2859 5193 ,
2893 5127 3040 5197 λέγει
3067 5127 3169 5198 τῆς
3183 5125 3340 5198 νίκης
3367 5127 3468 5197 τὴν
3497 5123 3677 5195 φύσιν.

2106 5228 2169 5281 Οἰ
2203 5225 2300 5297 μέν
2325 5223 2439 5294 γὰρ
2462 5221 2612 5276 ἄλλοι
2637 5219 2837 5282 πάντες
2863 5217 3141 5289 ἄνθρωποι
3183 5215 3553 5288 βασιλεύοντες
3585 5232 3688 5268 ποο

2105 5313 2384 5385 λεμοῦσιν,
2410 5311 2446 5382 ἢ
2478 5309 2685 5364 πόλεων
2726 5307 2934 5366 ἐνεκεν,
2963 5306 2997 5377 ἥ
3032 5305 3351 5377 χρημάτων,
3394 5303 3427 5373 ἢ
3463 5303 3685 5372 ἐχθρας,

2106 5402 2142 5473 ἦ
2178 5399 2498 5464 κενώοξίας·
2536 5397 2698 5461 αὑτὸς
2729 5395 2787 5449 δὲ
2814 5395 2880 5449 δι’
2911 5393 3064 5447 οὑδέν
3093 5391 3318 5456 τούτων,
3350 5391 3470 5443 ἀλλ’
3491 5391 3688 5443 ἕνεκεν

2174 5583 2202 5621 b
2225 5580 2304 5629 Sic
2330 5581 2452 5641 Reg.
2476 5579 2643 5641 εδιρι
2683 5578 2755 5626 sic
2789 5576 2919 5641 legit
2941 5571 3284 5641 intermealn
3308 5570 3426 5641 ed_i_t.
3455 5570 3606 5620 Savil.
3631 5574 3686 5620 ει

2110 5643 2303 5715 Mqqu-v
2323 5634 2891 5715 ἐξιξαροινρῦντοενβάεὴε
2914 5653 3022 5715 '3??-
3045 5637 3150 5715 τέμε-
3173 5634 3328 5715 φθέὲτ·
3351 5634 3551 5715 βῆεεατοξς

2174 5708 2197 5736 ε
2235 5694 2510 5763 Ἐφθέγξατο
2533 5694 2709 5749 deerat
2724 5701 2774 5748 in
2799 5694 2993 5763 moral;
3012 5694 3321 5763 seq‘_in'_m§s.
3347 5694 3401 5742 ει
3423 5694 3569 5763 Sayn.
3596 5694 3689 5742 Iu-

1998 5754 2009 5829 ζ
2115 5754 2430 5817 bemmnr'ré
2457 5762 2809 5827 λοιδορησάσης
2843 5754 3002 5819 αὐτόν,
3040 5759 3126 5808 alii
3149 5757 3279 5820 αὑτῷ
3299 5769 3394 5806 non
3419 5754 3569 5806 male.
