4080 6340
403 350 512 407 195

402 464 682 538 ἀληθείας,
709 465 797 519 ἵνα
826 464 994 535 αὐτὴν
1024 465 1082 517 ἐν
1109 468 1176 534 τῇ
1211 467 1282 536 γῇ
1315 464 1557 535 φυτεύσῃ
1577 481 1592 495 ·
1626 466 1721 518 καὶ
1741 462 1982 534 πραότη-

401 573 511 620 τος,
533 555 618 607 ἵνα
641 552 844 624 θηρίων
871 552 1027 616 ὄντας
1047 551 1480 624 χαλεπωτέρους,
1510 553 1719 623 πράους
1747 551 1985 621 ἐργάση-

400 659 511 698 ται·
539 643 632 695 καὶ
657 639 1019 709 δικαιοσύνης,
1053 640 1141 693 ἵνα
1175 640 1280 694 ὑπὸ
1307 640 1405 709 τῆς
1437 639 1668 709 ἀνομίας
1698 654 1985 709 τυραννου-

405 730 620 799 μένους,
649 728 890 792 δικαίους
935 729 1134 800 ποιήσῃ
1161 769 1176 793 ,
1208 728 1425 798 πρῶτον
1457 727 1555 797 μέν
1591 723 1700 779 ἀπὸ
1729 725 1982 796 χάριτος,

399 817 652 889 δεύτερον
672 818 728 870 δὲ
746 819 840 871 καὶ
865 817 972 870 ἀπὸ
991 816 1452 888 κατορθωμάτων.
1472 815 1578 869 Καὶ
1600 815 1888 885 ὁδηγήσει
1911 829 1986 867 σε

402 904 758 973 θαυμαστῶς
785 906 822 971 ἠ
853 903 1021 968 δεξιά
1045 920 1180 957 σου.
1212 903 1423 965 ΙἌλλος,
1457 902 1580 973 1711
1603 903 1707 957 Καὶ
1742 902 1986 971 φωτίσει

401 1008 476 1045 σε
499 993 594 1045 ἐπὶ
626 992 845 1060 φοϐερὰ
870 993 906 1057 τ’]
929 990 1096 1055 δεξιά
1119 1005 1257 1044 σου.
1293 989 1506 1053 Ἄλλος,
1532 989 1641 1045 Καὶ
1682 989 1984 1054 ὐποδεὶξει

402 1097 501 1133 σοι
529 1080 748 1149 φοϐερὰ
782 1081 820 1142 ἡ
847 1077 1016 1144 δεξιὰ
1042 1095 1158 1133 σου
1181 1093 1230 1133 ι.

473 1187 540 1252 ζ’.
559 1183 711 1250 Εἶδες
731 1188 846 1249 πῶς
865 1186 1024 1241 πάλιν
1047 1187 1371 1260 παρήνοιξεν
1397 1190 1528 1259 ἡμῖν
1552 1186 1647 1240 τοῦ
1667 1187 1736 1240 τά
1761 1184 1986 1240 τοιαῦτα

402 1279 792 1352 κατορθοῦντος
813 1279 876 1332 :6
895 1278 1143 1350 άξίωμα;
1174 1279 1388 1352 ’Ὠσπερ
1408 1281 1516 1352 7&9
1536 1279 1794 1350 ἀνωτέρω
1816 1278 1986 1332 εἰπὼν

401 1367 541 1423 ὅπλα
574 1369 668 1423 καὶ
694 1369 985 1440 ῥομφαίαν,
1015 1369 1109 1421 ἐπὶ
1141 1369 1240 1440 τὴν
1261 1369 1567 1440 ὡραιότητα
1601 1368 1766 1438 ἀνέϐη
1795 1367 1846 1432 δ,
1891 1367 1986 1422 καὶ

403 1457 541 1527 πρὸς
566 1456 664 1518 τάς
710 1457 1033 1526 ἀσωμάτους
1061 1456 1268 1518 ἐννοίας
1298 1455 1389 1509 τὸν
1415 1456 1692 1526 ἀκροατὴν
1733 1456 1943 1526 ἢγαγεν
1967 1471 1981 1485 ·

400 1543 544 1597 οῦτω
577 1544 736 1596 πάλιν
764 1545 855 1596 ἐπί
887 1545 948 1596 τὸ
982 1543 1285 1614 παχύτερον
1329 1543 1575 1604 καταϐὰς
1593 1584 1610 1608 ,
1637 1543 1706 1596 τά
1734 1543 1866 1608 τόξα
1892 1545 1986 1598 καὶ

399 1633 470 1686 τὰ
522 1632 670 1705 βέλη,
726 1633 866 1686 κατά
899 1633 1091 1705 μικρὸν
1130 1634 1320 1700 ἀνάγει
1360 1633 1522 1685 πάλιν
1555 1633 1646 1686 τὸν
1688 1633 1984 1704 ἀκροατὴν,

399 1721 575 1790 λέγων
599 1720 693 1774 τοῦ
730 1720 970 1791 πολέμου
998 1721 1098 1784 τὰς
1135 1720 1312 1782 αἰτίας
1333 1761 1347 1784 ,
1396 1721 1653 1791 ἀλήθειαν
1688 1721 1780 1774 καὶ
1819 1721 1988 1792 πραό-

399 1827 537 1881 τητα
562 1809 655 1862 καὶ
683 1809 1047 1876 δικαιοσύνην·
1082 1802 1200 1860 εἶτα
1229 1807 1390 1860 πάλιν
1422 1808 1515 1860 καὶ
1543 1807 1635 1860 τὸν
1664 1807 1864 1878 τρόπον
1889 1807 1988 1876 τῆς

400 1897 573 1968 νίκης.
625 1898 782 1949 Ποῖον
829 1894 885 1948 δέ
928 1894 1150 1960 τοῦτον;
1200 1894 1310 1948 Καὶ
1364 1895 1653 1964 ὁδηγήσει
1686 1908 1779 1951 σε.
1817 1894 1984 1964 φησι,

401 1986 756 2054 θαυμαστῶς
777 1986 814 2053 ἠ
840 1983 1008 2047 δεειὰ
1031 1999 1170 2038 σου.
1199 1986 1263 2036 ⁸⁸0
1285 1984 1341 2036 δέ
1362 1983 1530 2052 λέγει,
1556 1983 1794 2036 τοιοῦτόν
1817 1984 1982 2034 ἐστιν·

399 2081 548 2152 Δὺτὴ
579 2082 746 2150 ἑαυτῇ
779 2081 940 2150 ἀρκεῖ
974 2080 1006 2149 ἡ
1047 2078 1227 2146 φύσις,
1263 2077 1399 2146 αὑτὴ
1442 2079 1610 2147 ἐαυτῇ
1646 2077 1810 2148 ἀρκεῖ
1837 2078 1870 2147 ἡ
1899 2075 1988 2128 δύ-

398 2189 561 2243 ναμις
587 2174 662 2234 είς
695 2171 754 2225 τὸ
792 2171 886 2225 καὶ
915 2171 1044 2222 ίδεῖν
1074 2170 1143 2224 τά
1171 2171 1416 2242 πρακτέα
1439 2210 1456 2236 ,
1490 2171 1584 2224 καὶ
1611 2172 1766 2235 τέλος
1802 2173 1987 2236 αὑτοῖς

398 2259 687 2313 ἐπιθεῖναι.

469 2370 578 2423 Καὶ
600 2367 776 2431 καλῶς
803 2367 989 2438 ἔτερος
1018 2360 1160 2432 εἷπε,
1188 2365 1411 2434 Φοϐερὰ
1439 2366 1477 2434 ἠ
1503 2366 1672 2430 δεξιά
1689 2383 1828 2421 σου·
1853 2367 1986 2420 πολὺ

398 2456 507 2528 7&9
552 2456 760 2528 φοϐερά
795 2455 864 2508 τά
905 2455 1317 2526 κατωρθωμένα
1364 2457 1457 2508 καὶ
1499 2456 1701 2527 φρίκης
1729 2455 1985 2526 γέμοντα.

397 2543 636 2606 Θάνατος
657 2542 842 2612 ἐλύθη,
871 2542 1002 2612 ᾅδης
1029 2542 1329 2614 ἀνερράγη,
1355 2543 1680 2614 παράδεισος
1711 2543 1986 2614 ἀνεῴχθη,

396 2633 426 2685 6
470 2631 698 2702 οὐρανὸς
747 2629 1124 2698 ἀνεπετάσθη,
1175 2629 1428 2699 δαίμονες
1488 2629 1986 2700 ἐπεστομίσθησαν,

398 2719 633 2791 ἀνεμίγη
659 2719 724 2773 τά
759 2719 908 2773 κάτω
936 2721 1048 2780 τοῖς
1079 2717 1192 2771 ἄνω
1219 2757 1232 2778 ,
1268 2717 1400 2780 Θεὸς
1427 2719 1713 2788 ἄνθρωπος
1742 2719 1984 2786 γέγονεν,

397 2805 680 2876 ἄνθρωπος
702 2806 796 2858 ἐπὶ
819 2804 1098 2875 βασιλικοῦ
1129 2803 1362 2876 κάθηται
1393 2803 1609 2874 θρόνου·
1638 2805 1987 2868 ἀναστάσεως

398 2894 609 2956 ἐλπίδες
654 2895 969 2964 ἠνοίγησαν,
1022 2891 1284 2946 ἀθάνατοι
1347 2892 1700 2962 προσδοκίαι,
1769 2891 1988 2960 ἀγαθῶν

397 2982 726 3053 ἀπορρήτων
755 2980 1055 3043 ἀπόλαυσις
1079 3022 1092 3040 ,
1144 2979 1212 3031 τά
1257 2978 1390 3034 ἄλλα
1437 2980 1538 3032 ὅσα
1569 2979 1657 3033 διά
1688 2979 1785 3050 τῆς
1819 2979 1985 3032 αὑτοῦ

395 3068 702 3142 παρουσίας
733 3066 1081 3138 κατώρθωσε.
1116 3068 1213 3121 Διά
1257 3067 1322 3137 δὴ
1351 3066 1508 3119 τοῦτο
1530 3062 1702 3130 εἶπεν,
1745 3066 1987 3136 Ὀδηγή-

394 3170 493 3210 σει
526 3171 600 3208 σε
637 3153 735 3207 ἐπὶ
757 3153 829 3208 τὰ
868 3155 1089 3222 φοϐερὰ
1121 3154 1307 3207 ταῦτα
1335 3154 1371 3221 ἢ
1399 3153 1569 3218 δεξιά
1597 3171 1734 3216 σου,
1775 3154 1986 3219 δεικνὺς

393 3241 478 3295 ὅτι
505 3241 666 3312 ἀρκεῖ
695 3241 861 3310 ἐαυτῇ
882 3250 903 3279 ε
935 3241 967 3310 ἡ
993 3240 1175 3308 φύσις,
1206 3242 1357 3310 φησὶ,
1397 3241 1491 3294 καὶ
1520 3241 1803 3312 ἡδύναμις
1829 3245 1906 3305 εἰς
1925 3242 1987 3296 :6

395 3330 490 3383 καὶ
523 3330 702 3400 εὑρεῖν
725 3329 818 3381 καὶ
843 3328 1037 3380 ἀνύσαι
1062 3329 1130 3381 τὰ
1153 3329 1504 3399 προκείμενα.
1539 3331 1602 3383 Οἱ
1629 3330 1686 3383 δὲ
1720 3331 1984 3402 Ἐὅδομή-

393 3433 562 3470 κοντα
604 3415 787 3484 φασίν·
848 3415 1168 3484 Ὀδηγήσει
1218 3431 1292 3470 σε
1346 3417 1702 3485 θαυμαστῶς
1733 3419 1770 3486 ἡ
1817 3419 1986 3484 δεξιά

393 3518 532 3557 σου·
555 3502 847 3565 τουτέστιν,
870 3503 943 3557 Οὐ
967 3503 1127 3575 μόνον
1154 3503 1223 3555 τά
1253 3503 1663 3576 κατωρθωμένα
1680 3506 1760 3559 δεῖ
1780 3506 1987 3577 θαυμά-

394 3589 530 3654 ζειν,
558 3589 672 3642 άλλ⁹
699 3591 780 3642 ὅτι
802 3590 895 3642 καὶ
912 3588 1225 3660 παραδόξως
1243 3590 1601 3662 κατωρθώθη.
1630 3592 1727 3644 Διά
1750 3593 1982 3647 θανάτου

391 3679 503 3750 7&9
519 3677 746 3740 θάνατος
775 3676 959 3747 ἐλύθη,
987 3677 1076 3730 διὰ
1100 3678 1344 3749 κατάρας
1363 3679 1578 3752 κατάρα
1600 3680 1860 3752 ἀνῃρέθη,
1889 3684 1984 3736 καὶ

393 3765 615 3834 εὐλογία
642 3765 816 3835 ἐδόθη·
860 3764 949 3818 διὰ
980 3763 1235 3836 βρώσεως
1259 3766 1628 3838 ἐξεϐλήοημεν
1659 3769 1871 3839 πρώην.
1896 3770 1984 3823 διὰ

394 3852 652 3925 βρώσεως
679 3850 1011 3922 εἰσήχθημεν
1033 3852 1217 3907 πάλιν.
1243 3853 1516 3922 Παρθένος
1543 3856 1690 3926 ἡμᾶς
1713 3853 1931 3919 ἐξέϐαλε
1953 3857 1979 3897 ἀ

392 3939 760 4011 παραδείσου,
812 3937 902 3992 διὰ
943 3939 1212 4011 παρθένου
1266 3939 1410 4011 ζωὴν
1455 3940 1686 4012 εῦρομεν
1736 3945 1974 4001 αἰωνίαν.

392 4027 470 4082 Δι’
522 4020 596 4081 ὧν
647 4027 1072 4098 κατεκρίθημεν,
1121 4028 1208 4082 διὰ
1266 4029 1468 4082 τούτων
1502 4032 1977 4104 ἐστεφανώθημεν.

392 4116 577 4169 Ταῦτα
605 4115 783 4169 τοίνυν
811 4115 1008 4171 ἐννοῶν
1027 4119 1054 4170 6
1073 4115 1360 4190 Προφήτης
1391 4117 1578 4186 ἔλεγεν
1607 4135 1620 4148 ·
1662 4120 1980 4190 Ὀδηγήσει

390 4222 466 4258 σε
511 4203 868 4274 θαυμαστῶς
907 4207 945 4274 ή
977 4205 1147 4270 δεξιά
1175 4222 1312 4260 σου.
1353 4208 1445 4276 Μή
1477 4225 1528 4260 τι
1557 4209 1736 4262 ὅπλων
1785 4212 1977 4282 χρεία;

395 4297 467 4367 μή
497 4312 551 4348 τι
586 4297 882 4366 ῥομφαίας,
918 4298 992 4368 μή
1025 4315 1078 4350 τι
1118 4297 1289 4362 τόξων
1316 4299 1410 4352 καὶ
1440 4298 1642 4367 βελῶν;
1677 4295 1828 4365 Εἶδες
1860 4301 1980 4366 πῶς

391 4381 670 4454 αὐτάρκης
700 4384 837 4454 αὑτὴ
874 4385 1040 4456 ἑαυτῇ
1068 4386 1100 4454 ἡ
1132 4384 1312 4452 φύσις,
1339 4387 1372 4455 ἡ
1394 4385 1658 4458 δύναμις;
1700 4388 1840 4440 Ἀλλ’
1873 4390 1977 4460 ὅρα

390 4469 551 4522 πάλιν
579 4471 760 4534 αὑτὸν,
793 4471 1044 4542 καθάπερ
1079 4472 1300 4543 ἄριστον
1343 4476 1628 4547 χορευτὴν,
1675 4476 1836 4530 πάλιν
1868 4479 1978 4531 ἀπὸ

386 4555 497 4610 τῶν
523 4556 739 4629 ὑψηλῶν
761 4558 852 4611 ἐπὶ
872 4557 940 4611 τά
961 4559 1240 4631 παχύτερα
1262 4563 1677 4618 καταϐαίνοντα.
1715 4565 1789 4619 Τὰ
1815 4565 1974 4636 ,ϐέλη

387 4657 506 4698 σου
536 4645 902 4715 ἠκονημένα,
926 4645 1164 4702 δυνατέ.
1205 4649 1352 4704 Λαοὶ
1395 4651 1676 4706 ὑποκάτω
1710 4668 1828 4707 σου
1867 4671 1975 4708 πε-

386 4733 673 4800 σοῦνται,
718 4734 788 4788 ὲν
825 4734 1039 4805 καρδίᾳ
1088 4735 1209 4790 τῶν
1247 4739 1478 4809 ἐχθρῶν
1513 4740 1620 4795 τοῦ
1639 4743 1970 4810 βασιλέως.

390 4821 584 4886 l"A110;
622 4822 776 4892 φησὶ,
819 4822 979 4876 Κατὰ
1027 4824 1276 4893 καρδίας
1317 4827 1370 4879 οἱ
1400 4827 1601 4895 ἐχθροί
1649 4831 1755 4883 τοῦ
1788 4832 1975 4894 ,βασι-

383 4910 540 4978 ,λέως
549 4955 562 4966 .

457 5017 600 5089 Ὅρα
625 5017 803 5082 πάλιν,
827 5020 915 5072 ὅτε
947 5019 1116 5090 βελῶν
1144 5022 1517 5093 ἐμνημόνευσε
1538 5064 1552 5089 ,
1579 5025 1698 5090 πῶς
1729 5027 1790 5080 :6
1821 5030 1968 5100 ῥῆμα

384 5105 478 5159 τοῦ
524 5105 748 5160 δυνατοῦ
781 5107 1134 5178 προσέλαϐεν,
1185 5109 1274 5164 ἵνα
1314 5109 1524 5181 μάθῃς,
1569 5114 1650 5166 ὅτι
1687 5115 1750 5167 οὐ
1799 5115 1968 5184 βελῶν

382 5192 576 5252 δεῖται.
606 5192 720 5245 ἀλλ’
751 5193 910 5259 αὐτὸς
937 5196 1116 5267 ἐαυτῷ
1132 5198 1310 5267 ἀρκεῖ.
1352 5199 1415 5251 Ἦ
1433 5199 1488 5252 δέ
1510 5199 1798 5255 ἀκολουθία
1825 5204 1964 5276 αῦτη

383 5279 521 5333 ἐστί·
554 5279 630 5334 Τὰ
651 5279 809 5348 ,βέλη
832 5296 947 5336 σου
976 5283 1338 5353 ηκονημένα,
1375 5284 1615 5350 δυνατέ,
1649 5287 1719 5341 ἐν
1755 5289 1968 5357 καρδίᾳ

380 5365 502 5437 τῶν
531 5368 761 5439 ἐχθρῶν
805 5371 913 5426 τοῦ
932 5373 1262 5440 βασιλέως.
1293 5373 1365 5426 Τὸ
1390 5374 1468 5439 δὲ,
1499 5376 1646 5430 Λαοί
1686 5378 1965 5433 ὑποκάτω

443 5509 473 5576 _‘
496 5507 584 5576 ljis
599 5509 910 5576 adjicitﬁgg.
936 5523 1064 5560 unus
1080 5510 1239 5571 ἄλλος,
1259 5511 1339 5560 καὶ
1360 5512 1599 5576 ἐπίφοϐος.

443 5567 474 5634 If
501 5569 606 5634 ρων
626 5582 742 5619 mss.
765 5567 1042 5634 ἀνέδραμεν.

389 5689 407 5711 ν
451 5633 476 5662 ⁸
501 5629 544 5678 D
563 5643 609 5679 :0
624 5644 740 5680 mss.
765 5633 843 5680 διὰ
865 5629 922 5690 δὴ
944 5629 1282 5702 ’τοῦτὸοφησιψ
1313 5632 1432 5692 Ὀδη
1476 5637 1631 5693 ςσει...
1654 5639 1685 5695 ἦ
1707 5639 1832 5694 δεξιά
1852 5657 1956 5689 σου.

409 5693 552 5744 Δοκεῖ
568 5695 658 5744 γὰο
676 5694 840 5744 ἑαυτῆ.
863 5707 976 5744 qua
1002 5700 1150 5742 Iecllo
1172 5702 1250 5742 est
1271 5653 1542 5744 secume
1575 5700 1817 5744 Aauilam.
1850 5705 1956 5744 Alia

389 5694 552 5755 Ἀρκεῖ
568 5695 658 5754 γὰρ
676 5694 840 5755 ἑαυτῇ,
863 5707 976 5754 qua
1002 5694 1150 5742 lectio
1172 5702 1250 5742 est
1271 5694 1542 5745 secundum
1575 5694 1817 5758 Aquilam.
1849 5705 1958 5752 Alia

378 5764 499 5824 v_ero
523 5755 823 5824 lectfohqua:
847 5756 997 5824 es:_in
1031 5755 1152 5804 edit.
1193 5756 1409 5824 More},
1429 5759 1699 5824 secundum
1734 5761 1961 5824 Symma-

379 5815 861 5886 chumncgncinnla'a‘
875 5822 972 5886 εει,
1000 5829 1182 5877 nempe
1222 5818 1453 5874 ὑποδείξει
1478 5836 1556 5868 σοι
1577 5822 1757 5886 φοϐερὰ
1773 5815 1807 5881 ἦ
1831 5824 1958 5881 δεξιά

377 5872 740 5938 000._l_’riorem
772 5872 1036 5938 legionem
1061 5872 1331 5938 seﬁuzmur.

438 5928 468 5970 ἀ
492 5931 573 5981 διε
592 5945 706 5981 mss.
742 5940 792 5983 el
814 5936 986 5998 Savil.,
1015 5928 1185 5987 Morél.
1223 5951 1340 5990 vero
1368 5941 1562 6004 ἐξηγαγι

1117 345 1174 400 S.
1212 342 1499 400 JOANNIS
1537 339 2028 399 CHRYSOSTOMI
2074 341 2398 400 ARCIIIEP.
2441 341 2970 400 CONSTANTINOP

3570 341 3672 398 104

2090 478 2208 516 σου
2237 461 2590 526 πεσοῦνται,
2611 461 2972 534 παρέγκειται
2999 459 3183 531 μέσον.
3204 457 3466 512 Ἐνταῦθα
3497 459 3673 511 τοίνυν

2090 549 2248 622 διπλῆ
2286 547 2422 603 εἶναί
2458 567 2544 620 μοι
2573 551 2722 604 δοκεῖ
2760 553 2792 621 ἡ
2825 549 3113 619 ἐξήγησις·
3147 546 3180 617 ἢ
3211 545 3318 617 7&9
3345 545 3444 618 τὴν
3475 545 3676 600 ἆλωσίν

2091 661 2224 714 φησι
2255 642 2353 714 τὴν
2405 643 2718 715 ἰουδαῖκὴν,
2761 644 2854 698 καὶ
2891 643 2984 696 τὸν
3019 639 3169 713 H72]
3208 639 3307 710 τῆς
3339 639 3549 703 πόλεως
3579 640 3676 694 ἀν-

2090 731 2458 803 δραποδισμὸν
2487 733 2581 784 καὶ
2607 731 2704 802 τὴν
2731 728 3130 801 πανωλεθρίαν,
3159 728 3194 799 ἢ
3220 727 3362 780 κατὰ
3386 726 3675 797 ἀναγωγὴν

2091 820 2190 888 τὴν
2229 817 2322 871 τοῦ
2369 818 2527 886 λόγου
2569 817 2797 889 δύναμιν
2829 818 2956 888 βέλη
2989 815 3164 871 καλεῖ.
3207 815 3320 868 Καὶ
3358 814 3468 886 7&9
3507 813 3676 882 βελῶν

2091 905 2344 976 ὀξύτερον
2380 907 2478 977 τὴν
2513 905 2837 976 οἰκουμένην
2863 904 3153 976 περιῆλθεν
3178 902 3417 965 ἃπασαν,
3447 901 3543 955 καὶ
3571 902 3676 955 τῶν

2093 993 2200 1064 πρὸ
2226 993 2419 1046 τούτου
2445 993 2654 1066 ἐχθρῶν
2678 992 2771 1046 τοῦ
2801 991 3068 1062 βασιλέως
3093 994 3191 1062 τῆς
3220 989 3444 1060 καρδίας
3477 989 3674 1058 ἥψατο.

2091 1081 2188 1150 οὑχ
2223 1081 2311 1134 ἵνα
2338 1080 2526 1154 ἀνέλῃ.
2571 1079 2686 1135 ἀλλ’
2727 1081 2814 1133 ἴνα
2851 1080 3247 1150 ἐπισπάσηται·
3287 1078 3424 1146 ὅπερ
3458 1077 3553 1129 καὶ
3585 1076 3677 1130 ἐπὶ

2091 1172 2307 1226 Παύλου
2357 1171 2604 1241 γέγονεν.
2643 1172 2718 1225 Οὐ
2752 1171 2861 1240 7&9
2900 1171 2966 1226 ἄν
3008 1189 3090 1235 τις
3137 1169 3372 1242 ἁμάρτοι
3415 1167 3478 1220 :6
3525 1167 3677 1238 ῥῆμα

2091 1261 2268 1313 ἐκεῖνο
2291 1260 2445 1330 βέλος
2463 1259 2653 1325 εἰπὼν,
2680 1261 2816 1332 ὅπερ
2835 1259 2894 1326 ἐξ
2912 1257 3142 1330 ούρανοῦ
3167 1257 3479 1311 ἀκοντισθὲν
3497 1254 3678 1326 ἥψατο

2091 1347 2192 1418 τῆς
2243 1348 2468 1418 καρδίας
2529 1347 2622 1401 τοῦ
2683 1348 2790 1419 πρὸ
2840 1347 3040 1400 τούτου.
3077 1345 3313 1417 ἐχθροῦ,
3371 1343 3465 1398 καὶ
3524 1343 3678 1411 φίλον

2091 1434 2336 1505 ἐποίησε.
2366 1434 2510 1488 Λαοὶ
2558 1432 2839 1487 ὑποκάτω
2873 1451 2989 1488 σου
3019 1432 3365 1486 πεσοῦνται.
3398 1425 3550 1492 Εἶδες
3578 1425 3676 1482 τοῦ

2091 1521 2328 1592 πολέμου
2361 1523 2423 1576 :6
2469 1523 2834 1593 κατόρθωμα;
2865 1522 2964 1594 τὴν
3004 1521 3366 1592 προσαγωγὴν
3409 1519 3518 1572 τῶν
3567 1516 3676 1590 πρὸ

2090 1609 2280 1665 τούτου
2317 1611 2749 1676 στασιαζόντων;
2779 1611 2876 1683 τὴν
2903 1609 3276 1674 διδασκαλίανς
3308 1609 3405 1679 τὴν
3431 1607 3674 1676 κατήχη-

2095 1715 2208 1757 σιν;
2251 1700 2314 1753 Ἦ
2347 1701 2454 1772 γάρ
2492 1699 2843 1772 πρόσπτωσις
2880 1697 3040 1769 αῦτη,
3080 1699 3174 1751 καὶ
3208 1697 3269 1751 :6
3300 1695 3556 1750 ὑποκάτω
3583 1695 3677 1748 αὑο

2091 1786 2207 1850 τοῦ,
2238 1789 2400 1842 πᾶσιν
2429 1786 2596 1857 ὕψους
2621 1787 2769 1840 ἐστὶν
2806 1785 3062 1848 ὑπόθεσις
3087 1785 3181 1840 καὶ
3221 1781 3366 1856 ῥίζα.
3408 1779 3675 1835 Ἀπαλλά-

2094 1874 2188 1941 ξας
2215 1873 2323 1946 γάρ
2354 1876 2553 1939 αὐτοὺς
2595 1874 2853 1937 ἀπονοίας
2893 1872 2986 1926 καὶ
3025 1871 3182 1926 κενοῦ
3215 1869 3384 1940 τύφου
3409 1910 3424 1932 ,
3452 1870 3546 1922 καὶ
3573 1867 3676 1938 τῆς

2092 1962 2200 2015 τῶν
2241 1961 2507 2032 δαιμόνων
2553 1962 2791 2032 πλάνης,
2842 1959 3020 2030 ἐαυτῷ
3059 1958 3346 2023 ὑπέταξεν.
3393 1955 3548 2010 Οῦτω
3580 1957 3676 2009 καὶ

2093 2050 2278 2120 ἕτερος
2311 2051 2594 2122 προφήτης
2621 2048 2890 2102 δείκνυσιν
2939 2047 3098 2100 αὑτὸν
3139 2045 3478 2118 ᾑμαγμένον,
3530 2044 3675 2098 οῦτω

2093 2138 2287 2205 λέγων·
2331 2138 2426 2203 Τίς
2448 2133 2628 2202 οὗτος
2651 2140 2683 2191 ό
2712 2136 3189 2206 παραγενόμενος
3209 2135 3277 2200 ἐξ
3315 2132 3524 2202 Ἐδώμ;
3549 2133 3675 2203 ἐρύ-

2094 2228 2249 2293 θημα
2274 2226 2518 2294 ἱματίων
2541 2225 2726 2279 αὑτοῦ
2749 2225 2817 2278 ἐκ
2840 2225 3032 2292 Βοσόρ
3047 2240 3066 2288 ;
3095 2221 3344 2294 Οὑδαμοῦ
3371 2222 3510 2275 ὅπλα
3535 2223 3672 2284 ἐκεῖ,

2097 2315 2190 2368 καὶ
2217 2315 2346 2380 τόξα
2399 2313 2492 2367 καὶ
2527 2313 2687 2384 βέλη,
2728 2312 2841 2366 ἀλλ’
2886 2312 3096 2384 ἱμάτια.
3133 2310 3446 2382 Παχύτερον
3487 2310 3584 2381 μὲν
3611 2309 3675 2362 :6

2096 2404 2265 2475 ῥῆμα,
2303 2402 2440 2473 πλὴν
2466 2403 2657 2455 τούτου
2689 2402 3028 2473 λεπτότερον·
3065 2403 3215 2472 ὅμως
3253 2401 3348 2454 καὶ
3376 2401 3433 2452 ἐν
3465 2402 3529 2471 τῇ
3566 2417 3672 2452 πα-

2094 2491 2308 2561 χύτητι.
2338 2491 2499 2544 κάκεῖ
2523 2490 2662 2543 κατὰ
2699 2491 2892 2562 μικρὸν
2923 2490 3057 2561 πρὸς
3086 2489 3153 2542 τά
3177 2487 3441 2558 ἀσώματα
3481 2487 3674 2555 ἀνάγει

2092 2580 2182 2632 τὸν
2208 2579 2384 2648 λόγον.
2441 2580 2660 2651 Ἐπειδὴ
2703 2587 2811 2651 γὰρ
2853 2581 3030 2652 ἐρωτᾷ
3071 2581 3100 2633 6
3147 2579 3462 2650 προφήτης,
3511 2576 3675 2630 πόθεν

2094 2668 2295 2740 ἐρυθρὰ
2319 2668 2383 2722 τά
2419 2669 2627 2738 ἱμάτια,
2663 2669 2823 2739 φησί·
2870 2669 3073 2736 Ληνὸν
3099 2667 3372 2736 ἐπάτησα
3407 2666 3675 2736 μονώτα-

2093 2774 2215 2823 τος,
2250 2755 2345 2824 τὴν
2378 2755 2624 2809 εὐκολίαν
2652 2756 2866 2818 δεικνὺς
2895 2756 2997 2825 τῆς
3033 2756 3211 2825 νίκης.
3243 2753 3337 2808 καὶ
3366 2754 3428 2807 :6
3469 2753 3676 2825 μηδένα

2096 2846 2243 2912 σχεῖν
2281 2842 2374 2895 τὸν
2417 2843 2780 2914 συνεργοῦντα
2827 2842 3000 2912 αὐτῷ,
3034 2842 3147 2895 ἀλλ’
3178 2843 3260 2896 ὅτι
3291 2841 3454 2905 αὐτὸς
3496 2839 3676 2910 ἐαυτῷ

2094 2930 2346 3001 ἤρκεσεν.
2381 2930 2593 3001 Ὥσπερ
2630 2931 2738 3001 γάρ
2772 2931 3006 2984 ἐνταῦθά
3030 2947 3215 3002 φησιν,
3255 2929 3571 2998 Ὀδηγήσει
3597 2943 3675 2982 σε

2093 3017 2450 3086 θαυμαστῶς
2488 3017 2525 3084 ἡ
2571 3017 2740 3081 δεξιὰ
2782 3033 2919 3071 σου·
2968 3017 3113 3071 οῦτω
3161 3019 3254 3072 καὶ
3294 3021 3439 3080 ἐκεῖ,
3469 3020 3676 3086 Ληνὸν

2093 3036 2450 3086 σαυμαστως
2488 3036 2525 3084 η
2571 3036 2740 3081 οεςια
2782 3036 2919 3071 σου·
2968 3036 3113 3071 ουτω
3161 3036 3254 3072 και
3294 3036 3439 3080 εκει,
3469 3036 3674 3158 nigror

2092 3104 2368 3172 ἐπάτησα
2405 3103 2764 3174 μονώτατος.
2804 3107 2900 3158 ’ον
2927 3105 3126 3176 τρόπον
3153 3107 3264 3176 7&9
3289 3106 3366 3176 τῷ
3402 3107 3531 3178 ληνο
3567 3108 3674 3182 άτῃ

2095 3193 2274 3265 ῥᾴδιον
2303 3195 2634 3248 καταπατεῖν
2656 3195 2781 3258 τοὺς
2813 3193 3028 3266 βότρυς·
3059 3196 3200 3250 οῦτω
3226 3195 3301 3266 τῷ
3329 3196 3465 3266 Θεῷ,
3502 3197 3673 3269 ἐργά-

2096 3281 2288 3334 σασθαι
2340 3282 2482 3352 ἆπερ
2522 3280 2773 3352 ἠθέλησε·
2817 3283 3016 3352 μᾶλλον
3051 3283 3106 3336 δὲ
3143 3284 3261 3337 οὑδὲ
3304 3283 3494 3349 οὓτως,
3535 3285 3673 3340 ἀλλά

2092 3372 2185 3424 καὶ
2217 3369 2395 3441 πολλῷ
2433 3371 2634 3425 πλεῖον.
2653 3370 2706 3424 Ὀ
2741 3373 2954 3439 θρόνος
2980 3388 3096 3426 σου
3117 3413 3131 3434 ,
3169 3375 3202 3427 ό
3246 3374 3418 3440 Θεὸς,
3452 3377 3535 3440 εις
3564 3374 3676 3428 τὸν

2091 3457 2275 3512 αἰῶνα
2314 3457 2420 3512 τοῦ
2447 3459 2682 3523 αἰῶνος.
2735 3460 2979 3526 Ῥάϐδος
3011 3461 3352 3529 εὐθύτητος.
3390 3462 3427 3528 ἡ
3447 3461 3673 3529 ῥάϐδος

2091 3545 2202 3614 τῆς
2225 3546 2548 3612 ,ϐασιλείας
2589 3562 2729 3600 σου.
2774 3546 3111 3616 Ἠγὰπησας
3127 3548 3540 3616 δικαιοσύνην.
3571 3550 3673 3603 καὶ

2089 3634 2390 3702 ἐμίσησας
2425 3633 2700 3702 ἀνομίαν.
2735 3633 2837 3687 Διὰ
2876 3634 3050 3689 τοῦτο
3086 3634 3293 3705 ἕχρισέ
3339 3653 3413 3690 σε
3442 3641 3475 3692 ό
3503 3637 3668 3702 Θεὸς,

2090 3728 2122 3777 ό
2158 3726 2303 3791 Θεός
2331 3740 2446 3779 σου
2470 3725 2682 3780 ἔλαιον
2710 3725 3125 3793 ἀγαλλιάσεως
3163 3729 3324 3799 παρὰ
3368 3732 3508 3798 τοὺς
3536 3750 3673 3801 μετ-

2089 3811 2274 3875 όχους
2305 3824 2442 3862 σου.
2484 3808 2696 3871 Ἀλλος,
2739 3809 2802 3862 '0
2835 3810 3046 3877 θρόνος
3086 3827 3222 3876 σου,
3270 3817 3303 3867 ὀ
3340 3815 3503 3880 Θεὸς,
3531 3815 3670 3870 ald)-

2087 3912 2240 3962 νιος,
2275 3896 2370 3949 καί
2411 3898 2520 3951 ἐτι.
2564 3895 2624 3950 Ὀ
2656 3896 2711 3949 δὲ
2757 3897 3006 3967 Ἐϐραῖός
3034 3915 3165 3968 φησι
3199 3899 3289 3962 :6,
3343 3902 3404 3954 Ὀ
3429 3903 3591 3969 Θεὸς,
3633 3906 3670 3957 ό

2090 3980 2234 4045 Θεός
2266 3995 2417 4046 σου,
2479 3981 2718 4048 Ἐλωεὶμ
2763 3979 3008 4049 Ἐλωάχ.
3056 3983 3120 4034 Τί
3168 3983 3402 4039 ἐνταῦθα
3449 3986 3593 4039 εἴποι
3637 3989 3670 4040 ὁ

2101 4068 2348 4132 Ἰουδαῖος
2373 4086 2388 4133 ;
2418 4070 2555 4141 Περὶ
2587 4068 2728 4132 τίνος
2767 4068 2876 4142 γάρ
2903 4069 2972 4123 τά
3010 4071 3068 4124 λε
3083 4072 3306 4142 γόμενας
3334 4074 3400 4126 Τί
3429 4075 3486 4129 δὲ
3517 4077 3547 4128 6
3579 4076 3672 4132 αι-

2088 4155 2301 4224 ρετικός
2325 4173 2340 4222 ;
2365 4156 2428 4209 Εί
2450 4157 2559 4230 γάρ
2580 4159 2645 4230 δὴ
2677 4159 2824 4228 λέγοι
2856 4159 3104 4229 περὶτοῦ
3145 4161 3358 4234 Πατρὸς
3389 4163 3666 4231 λέγεσθαι,

2097 4243 2160 4294 '0
2188 4244 2400 4310 θρόνος
2419 4260 2555 4309 σου,
2581 4250 2613 4301 ό
2641 4246 2804 4313 Θεὸς.
2830 4250 2918 4314 εἰς
2953 4247 3058 4301 τὸν
3087 4248 3270 4302 αἰῶνα
3297 4250 3402 4304 τοῦ
3429 4251 3665 4320 αἰῶνος·

2087 4331 2205 4394 πῶς
2231 4332 2461 4403 ἁρμόσει
2490 4334 2638 4404 αὐτῷ
2661 4335 2721 4387 :6
2753 4335 2902 4406 ἑξῆς
2948 4337 3050 4390 Διὰ
3083 4337 3259 4390 τοῦτο
3290 4339 3495 4408 ἐχρισέ
3521 4357 3594 4395 σε
3630 4344 3668 4396 ό

2087 4418 2250 4485 Θεὸς,
2301 4422 2334 4474 ό
2373 4423 2514 4487 Θεό(
2562 4437 2719 4486 σου;
2757 4424 2832 4476 Οὐ
2874 4423 2983 4494 7&9
3029 4424 3093 4493 δὴ
3133 4426 3163 4477 ὀ
3203 4427 3392 4497 Πατήρ
3441 4430 3591 4483 ἐστιν
3635 4431 3668 4483 ὁ

2083 4507 2336 4577 Χριστὸς,
2371 4509 2490 4562 οὐδὲ
2517 4509 2680 4572 αὐτὸς
2716 4510 3019 4584 κέχρισται.
3063 4511 3226 4565 Ὅθεν
3249 4514 3404 4582 δῆλον
3426 4517 3506 4569 ὅτι
3535 4517 3668 4590 περὶ

2081 4593 2175 4647 τοῦ
2222 4594 2561 4664 Μονογενοῦς
2603 4599 2632 4651 6
2670 4596 2846 4666 λόγος,
2879 4599 3008 4670 περὶ
3037 4591 3098 4651 οῦ
3141 4601 3233 4654 καὶ
3259 4603 3326 4655 τά
3355 4602 3665 4675 ἔμπροσθεν

2082 4681 2320 4754 εἴρηται·
2359 4684 2496 4755 ὅπερ
2526 4683 2620 4738 καὶ
2647 4683 2678 4737 6
2717 4684 2947 4748 Ἡσαΐας
2997 4687 3202 4755 ἔλεγεν,
3238 4689 3321 4742 ὃτι
3354 4688 3470 4758 Τῆς
3489 4691 3668 4756 ,βασι-

2078 4769 2249 4836 λείας
2272 4772 2459 4825 αὐτοῦ
2495 4775 2606 4825 οὐκ
2629 4772 2803 4826 ἔσται
2835 4773 3028 4838 τέλος.

2151 4864 2219 4927 η’.
2251 4857 2388 4910 Ἀλλ’
2409 4858 2537 4921 ἴσως
2562 4860 2627 4912 ἄν
2650 4877 2731 4922 τις
2748 4861 2924 4913 ἐκεῖνο
2950 4862 3224 4932 ζητήσειε,
3251 4861 3302 4915 τί
3335 4862 3534 4935 δήποτε
3565 4864 3663 4918 νῦν

2078 4943 2205 5010 περί
2237 4945 2335 5012 τῆς
2363 4941 2615 5012 θεότητος
2647 4941 2969 5011 διαλέγεται.
3001 4945 3262 5018 πρότερον
3292 4947 3419 5014 περὶ
3447 4948 3548 5017 τῆς
3579 4950 3660 5001 οἰ-

2077 5025 2333 5093 κονομίας
2359 5027 2725 5096 ποιησάμενος
2750 5027 2840 5080 τὸν
2863 5027 3051 5095 λόγον;
3077 5029 3198 5082 Ὅτι
3217 5029 3312 5081 καὶ
3335 5033 3363 5082 6
3383 5029 3663 5094 Ματθαῖος

2075 5106 2217 5160 οὕτω
2238 5111 2398 5163 ποιεῖ.
2439 5110 2570 5162 Ἀπὸ
2601 5110 2709 5180 γὰρ
2731 5109 2832 5178 τῆς
2853 5111 3052 5182 σαρκὸς
3080 5111 3325 5181 ἄρχεται,
3354 5113 3447 5166 καὶ
3475 5131 3662 5186 προοι-

2077 5190 2331 5262 μιάζεται
2361 5192 2530 5246 οὕτω·
2566 5195 2784 5260 Βίϐλος
2812 5195 3104 5262 γενέσεως
3145 5197 3350 5263 Ἰησοῦ
3372 5198 3656 5264 Χριστοῦ.

2083 5275 2313 5344 Ὁμοίως
2333 5278 2426 5328 καὶ
2447 5279 2661 5341 Λουκᾶς
2690 5279 2783 5332 καὶ
2806 5279 3053 5351 Μάρκος·
3076 5282 3106 5332 ό
3135 5280 3386 5352 Ἰωάννης
3410 5282 3468 5337 δὲ
3497 5284 3660 5353 μόνος

2071 5359 2296 5430 ἑτέρως.
2328 5359 2601 5430 Πρότερον
2631 5361 2740 5432 γάρ
2774 5363 2904 5433 περὶ
2929 5363 3028 5432 τῆς
3063 5363 3315 5434 θεότητος
3346 5365 3660 5430 ειταῦν,Ἐν

2069 5439 2230 5510 ἀρχῇ
2254 5437 2331 5510 ἦν
2367 5445 2398 5496 ὁ
2425 5445 2636 5512 Λόγος,
2670 5445 2767 5499 καὶ
2795 5449 2828 5500 ό
2856 5446 3048 5514 Λόγος
3073 5441 3153 5515 ἦν
3180 5448 3330 5514 πρὸς
3357 5449 3464 5503 τὸν
3483 5452 3655 5516 Θεὸν,

2069 5525 2167 5577 καὶ
2200 5525 2342 5590 θεὸς
2368 5521 2448 5594 ἦν
2475 5528 2508 5579 ό
2542 5529 2753 5595 Λόγος,
2789 5529 2886 5582 καὶ
2913 5529 3082 5583 πολλὰ
3113 5531 3242 5603 περὶ
3271 5532 3443 5603 αὐτῆς
3478 5533 3658 5590 διαλεο

2069 5604 2236 5674 χθεὶς,
2262 5604 2414 5677 [175]
2446 5607 2567 5660 τότε
2600 5603 2741 5661 εἷπε·
2775 5609 2884 5664 Καὶ
2914 5613 2949 5665 ό
2976 5612 3168 5680 Λόγος
3194 5613 3351 5683 σὰρξ
3380 5615 3653 5684 ἐγένετο,

2067 5686 2166 5739 καὶ
2187 5686 2544 5757 ἐσκήνωσεν
2575 5690 2645 5744 ἐν
2673 5690 2837 5761 ἡμῖν.
2869 5691 2932 5746 Εἰ
2965 5694 3020 5746 δέ
3051 5696 3146 5749 καὶ
3175 5695 3504 5763 ἀπεναντίας
3541 5705 3656 5766 τοῖς

2063 5773 2244 5838 ἀλλοις
2273 5777 2547 5846 ἐχρήσατο
2575 5779 2640 5848 τῇ
2675 5782 2860 5851 γραφῇ
2889 5779 2981 5834 τοῦ
3015 5783 3369 5852 Εὑαγγελίου,
3397 5787 3532 5840 ἀλλὰ
3560 5773 3678 5845 καί

2067 5855 2211 5910 οὓτω
2243 5858 2486 5929 μεγάλην
2514 5860 2652 5932 πρὸς
2681 5864 2879 5926 αὐτοὺς
2911 5864 3006 5934 τὴν
3039 5867 3359 5936 συμφωνίαν
3385 5869 3648 5937 ἐπέδειξε.

2065 5941 2174 5993 Καὶ
2212 5939 2326 6005 πῶς
2366 5940 2430 5995 ἂν
2461 5941 2572 6013 ἔχοι
2605 5942 2783 6012 λόγον,
2815 5947 3001 6016 φησὶν,
3039 5950 3097 6005 ἐν
3123 5949 3200 6021 τῷ
3241 5951 3468 6026 ἐναντίῳ
3507 5967 3648 6028 συμ-
