4140 6356
402 370 503 427 195

394 497 569 544 autem
602 496 816 557 propter
843 485 1039 541 nullum
1068 496 1272 549 eorum,
1300 481 1390 536 sed
1420 489 1636 550 propter
1662 479 1961 543 veritatem,

396 591 455 634 ut
476 596 595 636 eum
623 579 826 649 plantet
858 578 910 633 in
941 586 1117 640 terra;
1146 582 1202 629 et
1237 585 1450 642 propter
1488 568 1966 632 mansuetudinem,

396 680 457 725 ut
488 669 577 740 qui
602 679 725 723 sunt
753 668 881 723 feris
922 666 1279 729 immaniores,
1322 670 1626 716 mansuetos
1659 659 1886 720 efﬁciat;
1912 665 1969 711 et

397 770 614 829 propter
636 758 915 827 justitiam,
949 763 1009 810 ut
1037 756 1087 809 in
1115 769 1249 825 quos
1275 751 1604 824 tyrannidem
1628 756 1843 805 exercet
1870 747 1967 800 ini-

393 850 587 918 quitas,
625 862 720 903 eos
757 847 929 918 juslos
966 846 1139 908 faciat,
1181 844 1408 913 primum
1435 842 1646 912 quidem
1674 855 1739 893 ex
1773 838 1961 908 gratia,

394 940 586 994 deinde
605 955 671 995 ex
701 950 845 993 recte
872 938 1037 991 factis.
1068 936 1134 990 Et
1153 936 1359 989 deducet
1380 943 1427 986 te
1450 932 1740 986 mirabiliter
1767 931 1970 984 dextera

395 1043 502 1084 tua.
534 1031 705 1095 Alius,
729 1029 792 1082 Et
818 1028 1119 1083 illuminabit
1142 1036 1187 1081 te
1205 1041 1352 1097 super
1377 1023 1614 1077 terribilia
1638 1022 1840 1076 dextera
1859 1031 1964 1074 tua.

396 1126 566 1188 Alius,
599 1122 668 1176 Et
693 1122 914 1177 ostendet
939 1119 1025 1174 tibi
1049 1118 1288 1173 terribilia
1316 1118 1517 1171 dextera
1541 1125 1628 1169 tua
1653 1117 1693 1167 ί.

466 1215 515 1268 7.
551 1212 736 1267 Vidisti
763 1209 1029 1281 quomodo
1055 1224 1237 1263 rursus
1260 1207 1412 1262 nobis
1431 1206 1638 1275 aperuit
1659 1205 1967 1275 dignitatem

392 1307 508 1376 ejus
537 1305 624 1375 qui
652 1302 767 1358 base
790 1303 1040 1373 prteelara
1063 1300 1224 1356 facit?
1244 1300 1389 1355 Sicut
1413 1301 1553 1354 enim
1582 1314 1702 1353 cum
1727 1299 1970 1367 superius

395 1396 614 1452 dixisset
658 1409 823 1459 arma,
859 1401 911 1447 et
947 1391 1201 1462 gladium,
1246 1391 1484 1445 ascendit
1520 1389 1587 1444 ad
1631 1390 1861 1458 speciem
1906 1402 1970 1442 ac

397 1488 858 1560 pulchritudinem,
903 1495 956 1539 et
982 1483 1050 1538 ad
1090 1483 1429 1552 incorporeas
1467 1481 1840 1550 intelligendas
1876 1479 1969 1534 de-

397 1580 545 1634 duxit
581 1579 872 1632 auditorem
901 1592 917 1629 :
946 1575 1017 1629 ita
1044 1590 1163 1628 cum
1196 1588 1378 1628 rursus
1415 1572 1775 1628 descendisset
1812 1571 1878 1624 ad
1915 1570 1967 1625 id

397 1672 536 1742 quod
563 1679 645 1725 est
673 1670 933 1733 crassius,
964 1682 1154 1736 nempe
1182 1681 1336 1721 arcus
1365 1673 1418 1720 et
1454 1664 1690 1735 sagittas,
1717 1664 1965 1735 paulatim

370 1748 375 1753 ’
398 1777 580 1818 rursus
608 1761 760 1830 erigit
786 1759 1101 1821 auditorem,
1132 1757 1253 1811 belli
1281 1770 1466 1810 causas
1493 1755 1749 1818 referens,
1777 1755 1968 1809 verita-

399 1864 524 1916 tem,
571 1850 1047 1915 mansuetudinem,
1082 1847 1373 1917 justitiam;
1413 1846 1605 1901 deinde
1633 1860 1814 1901 rursus
1854 1861 1968 1899 mo-

398 1945 521 1998 dum
560 1956 770 2012 quoque
803 1940 1055 1994 victoriis.
1088 1938 1339 2005 Quisnam
1365 1945 1538 1991 autem
1570 1945 1651 1990 est
1678 1935 1757 1989 is?
1783 1934 1848 1988 Et
1876 1935 1968 1989 de-

396 2037 543 2090 ducet
587 2045 653 2101 te,
681 2034 869 2102 inquit,
900 2030 1192 2085 mirabiliter
1235 2020 1438 2083 dextera
1463 2039 1570 2081 tua.
1597 2027 1748 2095 Quod
1791 2036 1965 2081 autem

398 2128 545 2189 dicit,
568 2126 668 2181 tale
696 2133 814 2180 est:
856 2123 967 2193 Ipsa
998 2121 1196 2191 sibiipsi
1226 2132 1413 2175 natura
1439 2121 1651 2186 sufﬁcit,
1695 2120 1803 2189 ipsa
1834 2119 1967 2173 sibi-

398 2221 497 2291 ipsi
517 2217 710 2275 sufﬁcit
735 2216 965 2287 potentia
986 2213 1050 2269 ad
1076 2212 1359 2269 videndum
1379 2228 1495 2283 qua:
1523 2221 1647 2268 sunt
1673 2210 1892 2282 agenda,
1916 2220 1970 2266 et

402 2313 556 2365 finem
587 2311 664 2364 eis
691 2306 1083 2379 imponendum.

476 2400 641 2468 Opera
665 2398 848 2453 Christi
883 2396 1141 2450 terribilia.
1163 2426 1235 2436 —
1254 2395 1418 2450 Recte
1444 2404 1619 2449 autem
1648 2393 1778 2449 dixit
1800 2394 1965 2460 alius,

406 2489 658 2545 Terribilis
698 2491 903 2543 dextera
937 2499 1021 2542 tua
1044 2503 1066 2543 :
1106 2499 1230 2542 sunt
1266 2487 1406 2541 enim
1444 2486 1595 2541 valde
1629 2485 1879 2541 terribilia
1916 2494 1971 2540 et

400 2582 619 2637 horrore
648 2581 801 2651 plena
830 2596 946 2650 qua:
985 2580 1178 2650 gessit,
1208 2594 1352 2633 mors
1379 2578 1549 2633 deleta
1581 2586 1689 2641 est,
1722 2575 1969 2645 perfracti

402 2682 523 2726 sunt
545 2671 718 2737 inferi,
750 2670 1023 2740 paradisus
1050 2670 1145 2724 fuit
1166 2679 1400 2739 apertus,
1427 2669 1611 2723 exulum
1641 2668 1839 2737 patuit,
1869 2667 1969 2722 ob-

408 2773 604 2817 structa
653 2770 777 2816 sunt
826 2776 919 2815 ora
965 2759 1311 2823 dtemonibus,
1342 2759 1543 2813 inferna
1583 2771 1701 2812 cum
1728 2757 1971 2827 supernis

398 2853 682 2909 commixta
707 2862 848 2918 sunt,
883 2852 1021 2907 Deus
1051 2854 1208 2905 homo
1236 2851 1401 2905 factus
1436 2858 1538 2913 est,
1570 2849 1728 2904 homo
1754 2848 1889 2902 sedit
1916 2848 1971 2902 in

402 2945 536 2998 solio
564 2945 742 3013 regio;
768 2953 951 3013 aperta
980 2951 1061 2998 est
1089 2956 1210 3012 spes
1233 2939 1656 3007 resurrectionis,
1696 2941 1971 2994 immorta-

404 3037 483 3090 les
524 3036 971 3105 exspectationes,
1018 3033 1359 3089 ineﬁabilium
1400 3032 1659 3088 bonorum
1689 3045 1815 3085 usus
1859 3031 1971 3085 fru-

401 3137 541 3194 ctus,
571 3136 627 3182 et
661 3127 763 3181 alia
804 3141 1145 3195 quaecumque
1176 3141 1270 3195 per
1310 3138 1464 3178 suum
1510 3124 1791 3178 adventum
1836 3137 1971 3191 prae-

401 3218 547 3273 clare
573 3217 753 3287 gessit.
780 3214 848 3269 Et
873 3214 990 3270 ideo
1012 3214 1164 3279 dixit,
1196 3213 1418 3268 Deducet
1437 3223 1482 3266 te
1505 3213 1571 3267 ad
1592 3214 1832 3267 terribilia
1861 3212 1967 3265 inec

404 3308 607 3363 dextera
642 3316 764 3369 tua,
795 3305 1079 3361 ostendens
1112 3305 1312 3375 sibiipsi
1358 3303 1599 3359 sufﬁcere
1640 3311 1878 3357 naturam
1918 3310 1973 3357 et

403 3395 692 3467 potentiam
712 3395 779 3450 ad
806 3410 868 3450 ea
895 3395 1205 3451 invenienda
1238 3402 1295 3449 et
1323 3392 1658 3464 perﬁcienda,
1707 3408 1825 3463 qua:
1854 3392 1970 3447 fue-

405 3495 525 3542 rant
551 3486 839 3556 proposita.
877 3485 1215 3555 Septuaginta
1242 3493 1417 3539 autem
1444 3484 1644 3545 dicunt,
1676 3482 1896 3537 Deducet
1925 3493 1973 3537 te

405 3577 694 3633 mirabiliter
736 3578 942 3631 dextera
980 3586 1103 3639 tua;
1150 3576 1252 3632 hoc
1295 3584 1399 3641 est,
1422 3590 1527 3631 non
1576 3576 1746 3631 solum
1791 3577 1970 3631 mirari

405 3679 613 3740 oportet
634 3669 775 3740 quod
819 3684 905 3723 res
945 3668 1190 3738 pulchras
1215 3678 1269 3723 et
1296 3668 1573 3739 praeclaras
1610 3669 1849 3738 gesserit,
1878 3667 1970 3722 sed

404 3758 545 3828 quod
568 3774 657 3814 eas
685 3766 879 3828 praeter
904 3758 1173 3812 hominum
1200 3758 1646 3827 exspectationem
1675 3765 1730 3811 et
1765 3757 1971 3825 Opinio-

405 3865 526 3904 nem
550 3850 794 3919 gesserit.
825 3849 926 3903 Per
953 3858 1176 3903 mortem
1203 3850 1342 3905 enim
1375 3864 1519 3904 mors
1545 3849 1714 3903 deleta
1743 3857 1842 3910 est.
1877 3863 1970 3918 per

404 3939 739 3996 maledictum
777 3939 1109 3994 maledictum
1147 3940 1408 3994 sublatum
1438 3948 1539 4005 est,
1569 3950 1621 3993 et
1657 3940 1776 3993 data
1814 3939 1972 3992 bene-

403 4030 596 4097 dictio;
625 4045 722 4101 per
760 4045 910 4086 esum
950 4047 1116 4101 nuper
1150 4030 1305 4100 ejeeti
1344 4030 1629 4096 fueramus,
1681 4046 1776 4101 per
1818 4046 1970 4086 esum

402 4136 587 4176 rursus
615 4121 894 4176 introducti
924 4120 1138 4176 fuimus.
1166 4120 1327 4191 Virgo
1353 4135 1450 4176 nos
1479 4122 1722 4191 paradiso
1745 4122 1966 4191 expulit,

405 4225 502 4281 per
543 4213 798 4283 virginem
840 4213 1000 4268 vitam
1048 4221 1299 4268 mternam
1340 4213 1656 4268 invenimus.
1705 4212 1806 4267 Per
1853 4228 1970 4283 qua:

403 4302 734 4358 condemnati
756 4316 956 4368 sumus,
982 4318 1077 4373 per
1100 4318 1163 4358 ea
1189 4303 1383 4358 fuimus
1408 4304 1663 4358 coronati.
1693 4302 1817 4358 Hine
1845 4318 1971 4373 ergo

402 4397 581 4450 animo
605 4399 809 4465 agitans
827 4395 1100 4466 propheta,
1132 4394 1340 4450 dicebat
1366 4412 1378 4448 :
1410 4394 1634 4449 Deducet
1659 4404 1706 4448 te
1728 4394 1972 4448 mirabili-

404 4498 479 4541 ter
502 4487 704 4541 dextera
724 4496 829 4541 tua.
856 4486 1117 4558 Numquid
1138 4503 1270 4557 opus
1289 4498 1370 4542 est
1396 4487 1592 4541 armis?
1613 4502 1736 4541 num
1757 4486 1970 4557 gladio?

404 4592 531 4631 num
573 4592 699 4632 arcu
729 4586 785 4632 et
824 4577 1059 4648 sagittis?
1086 4576 1271 4632 Vidisti
1308 4577 1574 4648 quomodo
1610 4578 1719 4647 ipsa
1760 4584 1965 4643 natura,

404 4669 513 4737 ipsa
543 4668 791 4737 potentia,
819 4676 903 4723 est
942 4668 1142 4738 sibiipsi
1172 4667 1479 4723 sufﬁciens?
1505 4668 1610 4723 Sed
1649 4668 1768 4722 vide
1810 4683 1928 4723 eum
1949 4706 1964 4732 ,

404 4770 670 4829 tamquam
709 4760 1012 4814 saltatorem
1053 4761 1342 4829 optimum,
1368 4774 1552 4815 rursus
1593 4775 1624 4813 a
1660 4760 1972 4816 sublimibus

402 4849 724 4905 descendere
752 4850 818 4903 ad
843 4850 1121 4904 crassiora.
1148 4851 1200 4904 6.
1234 4851 1446 4923 Sagith
1474 4860 1594 4917 tute,
1636 4852 1826 4922 inquit,
1847 4867 1973 4904 acu-

403 4953 490 5004 te,
517 4941 867 5011 potentissime.
901 4938 1110 5009 Populi:
1128 4942 1219 4995 sub
1244 4952 1290 4995 te
1328 4942 1528 5010 cadent,
1555 4944 1609 4996 in
1636 4943 1786 4997 corde
1804 4943 1975 4996 inimi-

401 5046 579 5084 corum
606 5031 755 5101 regis.
787 5030 954 5096 Alius,
987 5028 1053 5083 In
1080 5032 1228 5084 corde
1252 5032 1438 5085 inimici
1465 5033 1614 5101 regis.

474 5118 685 5189 Sagitta!
726 5120 857 5173 verbi
899 5121 970 5174 vis
1006 5121 1217 5190 efﬁcax;
1242 5121 1429 5176 Christi
1451 5124 1811 5177 (eternitas.—
1832 5123 1966 5179 Vide

404 5223 590 5265 rursus
612 5210 824 5279 quando
840 5210 1079 5265 meminit
1102 5213 1431 5281 sagittarum,
1448 5214 1714 5283 quomodo
1735 5216 1973 5286 potentis

404 5298 624 5354 verbum
649 5300 878 5368 accepit,
908 5308 966 5354 ut
993 5301 1130 5355 scias
1150 5316 1272 5357 eum
1304 5318 1409 5357 nou
1438 5318 1595 5374 egere
1622 5306 1847 5373 sagittis,
1875 5306 1971 5360 sed

400 5393 576 5463 ipsum
594 5390 795 5462 sibiipsi
810 5391 1075 5448 sufﬁcere.
1101 5393 1227 5449 Haec
1246 5403 1329 5450 est
1350 5404 1524 5450 autem
1540 5397 1705 5451 series
1724 5415 1737 5450 :
1758 5397 1974 5469 Sugitur

404 5490 504 5533 tute
526 5489 705 5544 acuta,
737 5491 933 5550 potens,
959 5485 1014 5537 in
1032 5484 1184 5539 corde
1207 5486 1525 5539 inimicorum
1544 5489 1697 5558 regis.
1721 5487 1850 5543 Illud
1874 5504 1964 5543 auo

406 5579 535 5635 tem,
564 5566 750 5639 Populi
773 5571 865 5625 sub
891 5582 939 5626 te
969 5573 1175 5640 cadent,
1201 5575 1251 5628 in
1279 5574 1457 5629 medio
1486 5574 1854 5646 interponitur.
1876 5577 1972 5634 IIic

403 5675 533 5731 ergo
550 5661 679 5716 mihi
695 5676 813 5718 esse
828 5662 1035 5719 videtur
1051 5662 1246 5734 duplex
1270 5665 1528 5736 expositio
1548 5683 1561 5720 :
1582 5668 1665 5723 vel
1687 5671 1827 5725 enim
1848 5668 1974 5727 dicit

471 5775 490 5808 ⁸
521 5779 607 5827 llic
622 5775 780 5842 adjicit
795 5785 894 5857 Reg
934 5791 1081 5843 unus,
1100 5779 1246 5846 Alius,
1274 5797 1301 5831 ι
1318 5787 1366 5834 et
1379 5782 1642 5847 trepidans.
1664 5800 1690 5832 ι

1486 358 1844 417 EXPOSITIO
1882 358 1945 415 IN
1976 357 2300 416 PSALMUM
2338 360 2519 417 XLIV.
2614 364 2619 367 ’

3536 376 3643 433 ’194

2056 476 2354 532 ·.Ιυὰειῑοειηι
2393 478 2747 549 captivitatem
2772 490 2828 537 et
2853 482 3081 541 civitatis
3106 486 3432 542 eversionem
3457 499 3510 544 et
3546 508 3642 546 ex-

2074 569 2292 636 cidium,
2324 571 2407 625 vel
2447 586 2541 640 per
2577 586 2846 643 anagogen
2874 576 2983 629 vim
3026 578 3171 633 verbi
3216 589 3367 633 vocat
3402 590 3638 651 sagittas.

2072 661 2357 726 Quibusvis
2380 662 2521 717 enim
2542 665 2745 733 sagittis
2763 668 2994 722 velocius
3017 671 3247 739 pervasit
3269 671 3449 727 orbem
3474 682 3643 729 terra-

2073 766 2214 816 rum,
2257 760 2312 806 et
2350 767 2556 819 eorum,
2582 756 2673 824 qui
2704 756 2850 826 prius
2886 768 3040 812 erant
3083 758 3301 824 inimici,
3331 778 3423 816 cor
3450 773 3640 835 tetigit,

2074 855 2179 894 non
2212 849 2268 894 ut
2296 841 2634 910 interﬁceret,
2666 845 2759 900 sed
2810 855 2866 900 ut
2906 847 2972 901 ad
3016 863 3075 903 se
3120 851 3411 907 attraheret
3447 870 3461 906 :
3500 856 3641 924 quod

2072 932 2232 986 etiam
2253 934 2304 987 iu
2324 934 2487 987 Paulo
2507 935 2703 990 evenit.
2728 943 2845 992 Non
2862 939 3000 993 enim
3017 940 3339 997 aberraverit
3359 945 3636 1014 quispiam.

2073 1022 2117 1076 si
2138 1021 2331 1078 dixerit
2351 1023 2479 1079 illud
2494 1026 2712 1081 verbum
2734 1028 2994 1097 sagittam,
3022 1031 3160 1099 quod
3180 1049 3210 1087 e
3226 1034 3369 1088 caelis
3390 1035 3639 1091 emissum

2075 1114 2243 1182 tetigit
2269 1128 2362 1168 cor
2400 1116 2532 1184 ejus.
2564 1117 2652 1187 qui
2681 1118 2827 1186 prius
2867 1130 2979 1174 erat
3032 1122 3292 1190 inimicus,
3332 1136 3387 1179 et
3412 1127 3640 1183 amicum

2072 1202 2322 1261 reddidit.
2351 1202 2543 1274 Papuli
2568 1206 2660 1261 sub
2681 1218 2728 1261 te
2746 1208 2944 1264 cadent.
2975 1210 3160 1266 Vidisti
3188 1229 3343 1283 quam
3363 1224 3504 1271 recte
3525 1218 3641 1272 bd-

2072 1295 2178 1350 lum
2197 1304 2400 1365 gestum
2417 1298 2520 1353 sit?
2539 1301 2806 1369 quomodo
2832 1304 3152 1358 reconciliati
3172 1306 3365 1361 fuerint
3385 1308 3471 1377 qui
3495 1310 3641 1378 prius

2071 1396 2227 1440 erant
2254 1388 2527 1443 seditiosi?
2573 1392 2840 1461 quomodo
2877 1394 3058 1448 docti?
3102 1397 3368 1465 quomodo
3410 1399 3641 1453 initiati?

2074 1476 2192 1545 Ipse
2220 1480 2361 1533 enim
2412 1495 2587 1549 casus,
2632 1492 2687 1537 et
2713 1485 2851 1553 quod
2879 1486 2983 1539 sint
3025 1487 3123 1541 sub
3151 1488 3261 1552 illo,
3292 1499 3373 1543 est
3395 1491 3643 1545 omnibus

2074 1569 2468 1627 fundamentum
2493 1585 2546 1629 et
2573 1575 2717 1630 radix
2740 1576 3047 1632 altitudinis.
3074 1580 3204 1633 Cum
3230 1580 3369 1635 enim
3389 1596 3482 1637 eos
3508 1582 3641 1636 lihe-

2073 1674 2242 1720 rasset
2269 1667 2336 1721 ab
2361 1670 2677 1738 arrogantia,
2708 1679 2762 1726 et
2787 1670 2855 1724 ab
2881 1673 3018 1725 inani
3049 1673 3181 1726 fastu
3207 1682 3263 1729 et
3287 1676 3474 1745 gloria,
3503 1685 3555 1729 et
3575 1676 3644 1729 ab

2068 1770 2252 1809 errore
2268 1756 2586 1824 daemonum,
2606 1774 2698 1813 eos
2718 1761 2917 1831 sibiipsi
2944 1763 3195 1818 subdidit.
3222 1763 3292 1817 Ita
3320 1766 3476 1819 etiam
3499 1767 3636 1821 alius

2072 1846 2325 1916 pr0pheta
2357 1864 2478 1903 eum
2526 1853 2756 1906 ostendit
2795 1863 3149 1921 cruentatum,
3200 1871 3319 1912 cum
3364 1860 3442 1912 sie
3477 1859 3638 1913 dicit:

2074 1935 2199 2002 Quis
2227 1938 2309 1991 hic
2327 1948 2419 2003 est,
2447 1941 2532 2006 qui
2555 1943 2689 1995 venit
2712 1958 2775 1996 ea:
2800 1941 3003 1997 Edam?
3031 1945 3217 2001 rubedo
3245 1950 3643 2003 vestimentorum

2069 2029 2178 2096 ejus
2204 2044 2267 2081 ea:
2288 2026 2449 2082 Basor
2473 2030 2623 2101 (Isai.
2648 2032 2736 2087 63.
2764 2032 2849 2102 1)?
2872 2034 3140 2105 Nusquam
3164 2037 3269 2091 illic
3294 2053 3462 2107 arma,
3484 2056 3643 2097 arcus

2070 2128 2124 2173 et
2151 2119 2375 2188 sagittae,
2404 2121 2498 2175 sed
2532 2131 2725 2178 vestes.
2776 2124 3004 2180 Verbum
3047 2128 3257 2195 quidem
3304 2131 3459 2198 paulo
3496 2146 3651 2186 cras.

2071 2208 2201 2276 sius,
2233 2210 2327 2265 sed
2354 2210 2455 2265 hoc
2481 2220 2654 2268 tamen
2684 2215 2957 2271 subtilius:
2981 2229 3034 2272 et
3068 2227 3243 2274 tamen
3287 2221 3393 2277 illic
3429 2239 3644 2295 quoque

2073 2298 2123 2352 in
2150 2314 2211 2355 ea
2240 2302 2588 2359 crassitudine
2618 2306 2771 2374 erigit
2799 2308 2996 2361 sensim
3035 2310 3327 2365 orationem
3351 2312 3415 2367 ad
3445 2328 3533 2368 res
3557 2314 3640 2367 in-

2073 2404 2377 2459 corporeas.
2416 2394 2674 2460 Quoniam
2717 2397 2857 2450 enim
2902 2408 3053 2468 rogat
3096 2401 3348 2469 pr0pheta
3380 2403 3641 2460 undeuam

2072 2481 2245 2535 rubra:
2281 2493 2475 2547 vestes,
2525 2485 2687 2541 dicit:
2718 2486 2960 2541 Torcular
2986 2492 3171 2547 culi-avi
3197 2495 3333 2548 solus
3362 2493 3522 2563 (Ibid.
3552 2496 3643 2552 65.

2071 2570 2125 2622 2.
2154 2572 2233 2639 5).
2266 2575 2554 2630 ostendens
2582 2577 2820 2632 victoria:
2843 2579 3171 2649 facilitatem,
3200 2593 3255 2639 et
3279 2586 3415 2656 quod
3441 2588 3641 2643 nullum

2077 2660 2316 2717 habuerit
2334 2665 2420 2734 qui
2438 2665 2484 2718 ei
2506 2680 2658 2735 opem
2682 2666 2864 2737 ferret,
2885 2671 2978 2726 sed
3004 2673 3116 2742 ipse
3136 2674 3336 2746 sibiipsi
3356 2677 3641 2734 suffecerit.

2073 2752 2526 2819 Quemadmodum
2553 2758 2696 2814 enim
2729 2760 2817 2816 hic
2852 2762 2995 2830 dicit,
3026 2763 3251 2821 Deducet
3278 2780 3324 2823 te
3351 2771 3644 2825 mirabiliter

2072 2847 2277 2900 dextera
2304 2856 2425 2902 tua:
2459 2849 2526 2905 ita
2557 2852 2715 2906 etiam
2746 2853 2875 2921 illic,
2902 2854 3148 2910 Torcular
3181 2861 3370 2914 calcavi
3398 2863 3550 2917 solus.
3577 2864 3645 2918 lit

2076 2939 2217 2991 enim
2250 2938 2402 2994 facile
2422 2950 2506 2995 est
2532 2943 2602 3007 ei,
2633 2947 2720 3013 qui
2748 2943 3034 3014 ingreditur
3055 2948 3300 3015 torcular,
3326 2951 3531 3007 calcare
3550 2953 3646 3007 bo-

2077 3039 2218 3084 tros:
2248 3031 2316 3084 ita
2347 3032 2505 3086 etiam
2537 3033 2663 3098 Deo,
2698 3033 2870 3089 facere
2896 3053 3015 3106 qua:
3044 3039 3289 3106 voluerit,
3330 3042 3437 3095 imo
3468 3060 3533 3098 ne
3561 3044 3640 3098 sic

2074 3119 2306 3190 quidem,
2335 3122 2428 3177 sed
2449 3123 2604 3194 longe
2629 3124 2850 3180 facilius.
2884 3127 2934 3180 7.
2965 3127 3201 3185 Thronus
3230 3141 3362 3197 tuus,
3406 3132 3561 3198 Deus,
3589 3135 3644 3188 in

2073 3213 2315 3266 swculum
2335 3216 2523 3268 seaculi.
2557 3215 2708 3287 Virga
2730 3218 3031 3284 directionis,
3050 3221 3191 3290 virga
3207 3223 3345 3293 regni
3362 3224 3453 3278 lui.
3475 3224 3529 3280 8.
3550 3225 3645 3280 Di-

2075 3303 2234 3357 lea‘isti
2262 3305 2535 3375 justitiam,
2574 3319 2623 3361 et
2660 3308 2811 3362 odisti
2834 3310 3167 3380 iniquitatem.
3194 3313 3470 3385 Propterea
3495 3320 3642 3373 unxit

2074 3401 2122 3447 te
2163 3393 2316 3461 Deus,
2364 3395 2503 3451 Deus
2531 3408 2646 3453 tuus
2683 3400 2791 3454 oleo
2816 3402 3023 3469 lwtitiw,
3051 3421 3157 3473 prae
3184 3409 3495 3463 consortibus
3523 3411 3641 3464 tuis.

2073 3483 2243 3551 Alius,
2270 3483 2501 3539 Thronus
2524 3496 2661 3554 tuus,
2688 3487 2848 3554 Deus,
2873 3501 3109 3557 internus,
3135 3505 3182 3548 et
3211 3497 3365 3550 ultra.
3390 3497 3646 3555 Hebra'us

2074 3584 2250 3629 autem
2278 3575 2404 3630 dicit
2432 3578 2581 3645 illud,
2611 3578 2768 3646 Deus,
2812 3580 2950 3637 Deus
2980 3593 3116 3652 tuus,
3148 3586 3338 3646 Eloim.
3372 3589 3568 3645 Eloaclt
3601 3593 3642 3645 ¹.

2075 3666 2210 3734 Quid
2253 3667 2338 3722 hic
2372 3669 2565 3725 dixerit
2607 3671 2855 3727 Judmus?
2882 3675 2957 3730 De
2984 3692 3212 3747 quonam
3254 3681 3393 3735 enim
3422 3681 3536 3737 haec
3558 3682 3643 3736 di-

2074 3760 2297 3812 cuntur?
2327 3759 2460 3826 Quid
2488 3777 2613 3815 vero
2643 3762 2958 3822 haereticus?
2987 3768 3041 3824 Si
3073 3770 3267 3826 dixerit
3294 3774 3431 3827 enim
3454 3775 3557 3830 dici
3577 3776 3647 3832 de

2074 3848 2249 3915 Patre,
2277 3848 2511 3906 Tltromts
2537 3863 2675 3918 tuus,
2714 3855 2869 3920 Deus,
2911 3860 2966 3912 in
3010 3864 3249 3915 steculum
3288 3866 3646 3936 sa'culi:quo-

2074 3939 2233 3994 modo
2259 3940 2306 3995 ei
2331 3946 2629 4011 conveniet,
2647 3946 2787 4016 quod
2808 3948 3057 4018 deinceps
3072 3955 3341 4021 sequitur:
3370 3955 3644 4028 Propterea

2074 4031 2219 4084 unxit
2249 4041 2294 4084 te
2322 4030 2479 4097 Deus,
2506 4033 2647 4091 Deus
2676 4037 2834 4091 tuus?
2852 4038 3034 4110 Neque
3049 4043 3188 4097 enim
3217 4044 3370 4100 Pater
3392 4057 3474 4102 est
3492 4046 3645 4103 Chri-

2073 4129 2206 4186 stus,
2236 4138 2406 4192 ueque
2448 4126 2561 4195 ipse
2603 4136 2791 4182 unctus
2829 4138 2928 4185 est.
2976 4130 3128 4188 Unde
3157 4134 3358 4190 clarum
3397 4150 3478 4192 est
3518 4154 3647 4195 eum

2076 4212 2218 4283 loqui
2243 4214 2311 4270 de
2338 4215 2638 4286 Unigenito,
2666 4219 2733 4274 de
2756 4236 2860 4291 quo
2884 4222 3028 4291 prius
3052 4240 3261 4295 quoque
3288 4227 3487 4284 dictum
3522 4240 3642 4293 est;

2073 4302 2139 4357 de
2164 4320 2268 4374 quo
2295 4306 2425 4363 dixit
2453 4310 2609 4364 etiam
2636 4311 2797 4367 Isaias
2829 4331 2842 4367 :
2875 4314 2941 4368 Et
2966 4316 3079 4386 ejus
3103 4318 3249 4389 regni
3273 4334 3377 4375 non
3400 4318 3501 4375 erit
3529 4319 3652 4376 finis

2074 4394 2225 4465 (Isai.
2248 4400 2301 4454 9.
2331 4402 2406 4469 7).

2142 4489 2197 4544 8.
2238 4491 2339 4546 Sed
2363 4493 2492 4547 illud
2520 4494 2792 4563 quaasierit
2824 4495 3046 4553 fortasse
3074 4501 3357 4571 quispiam,
3384 4518 3480 4559 cur
3505 4522 3644 4562 nunc

2076 4580 2307 4650 loquitur
2325 4583 2392 4638 de
2416 4584 2709 4653 divinitate,
2741 4602 2859 4643 cum
2886 4588 2954 4645 de
2976 4589 3218 4648 humana:
3237 4605 3437 4651 natura:
3463 4613 3645 4653 susce-

2080 4674 2258 4742 ptione
2282 4686 2435 4731 antea
2462 4680 2624 4733 verba
2650 4679 2864 4735 fecerit?
2890 4682 3149 4750 Quoniam
3179 4686 3402 4757 idipsnm
3432 4705 3643 4761 quoque

2073 4761 2198 4818 facit
2223 4764 2517 4822 Mattbzeus.
2546 4771 2589 4824 A
2608 4785 2769 4827 carne
2795 4774 2935 4827 enim
2960 4775 3162 4846 incipit,
3181 4787 3233 4833 et
3252 4779 3318 4833 ita
3344 4782 3639 4837 exorditur:

2074 4854 2231 4909 Liber
2252 4862 2586 4928 generationis
2609 4861 2736 4917 Jesu
2763 4862 2948 4920 Christi
2973 4866 3186 4939 (Matth.
3205 4871 3257 4925 I.
3284 4872 3360 4942 1).
3391 4873 3667 4931 Similiter

2074 4947 2235 5000 etiam
2264 4947 2433 5003 Lucas
2459 4959 2513 5004 et
2542 4950 2778 5008 Marcus:
2801 4954 3035 5012 Joannes
3077 4969 3252 5015 autem
3292 4964 3439 5019 solus
3465 4965 3639 5023 aliter.

2074 5038 2205 5092 Cum
2248 5041 2391 5095 enim
2435 5042 2580 5112 prius
2622 5046 2842 5101 dixisset
2870 5048 2936 5104 de
2964 5050 3259 5121 divinitate,
3302 5055 3368 5111 In
3397 5059 3644 5130 principio

2074 5140 2182 5183 erat
2214 5130 2445 5200 Verbum,
2474 5145 2520 5188 et
2557 5135 2769 5191 Verbum
2797 5151 2904 5194 erat
2923 5146 3061 5213 apud
3086 5144 3272 5211 Deum,
3302 5159 3350 5203 et
3372 5149 3509 5207 Deus
3537 5163 3647 5208 erat

2085 5218 2298 5274 Verbum
2336 5222 2513 5292 (Joan.
2544 5228 2595 5280 Ι.
2627 5229 2704 5297 i),
2736 5239 2788 5283 et
2830 5231 2897 5286 de
2932 5247 2994 5287 ea
3025 5236 3247 5291 multum
3278 5238 3639 5309 disseruisset,
3674 5280 3677 5285 ›

2077 5321 2200 5367 tunc
2220 5314 2384 5369 dixit:
2418 5315 2484 5370 Et
2524 5317 2735 5374 Verbum
2761 5339 2878 5377 caro
2905 5326 3094 5395 factum
3121 5340 3209 5391 est,
3242 5339 3287 5384 et
3327 5332 3565 5388 habitavit
3591 5352 3646 5389 tn

2075 5404 2238 5457 nobis.
2278 5404 2430 5471 Quod
2472 5406 2518 5460 si
2547 5424 2703 5463 secus
2746 5426 2809 5466 ac
2854 5417 3033 5469 caueri
3077 5418 3332 5488 evangelii
3360 5421 3647 5488 scriptione

2076 5507 2205 5549 usus
2229 5507 2334 5563 est,
2356 5497 2434 5551 sic
2448 5512 2658 5569 quoque
2682 5516 2926 5572 magnam
2954 5506 3091 5560 inter
3117 5506 3258 5576 ipsos
3276 5510 3621 5568 ostenditcon

2078 5585 2401 5640 sensionem.
2426 5586 2491 5642 Et
2516 5590 2805 5659 quomodo,
2837 5594 3061 5664 inquies,
3108 5595 3264 5652 fuerit
3300 5600 3492 5655 rationi
3515 5615 3649 5658 con-

2077 5682 2409 5745 sentaneum,
2432 5689 2490 5734 ut
2517 5680 2587 5736 sit
2607 5684 2662 5736 in
2681 5698 2767 5746 eo,
2793 5685 2933 5753 quod
2956 5697 3036 5740 est
3058 5690 3401 5756 contrarium,
3422 5707 3645 5751 consen—

2144 5787 2164 5819 ι
2197 5792 2299 5837 Duo
2322 5796 2444 5848 stas,
2472 5788 2600 5841 Elea.
2625 5794 2784 5845 Lectio
2804 5794 3036 5846 ltebraiea
3058 5805 3134 5848 est
3149 5776 3321 5877 vim
3353 5784 3551 5865 ῠτπθκ.
