4140 6356
465 374 572 434 196

461 489 578 545 sio?
603 490 685 545 Att
715 485 912 553 nescis,
939 482 1082 556 quod
1109 480 1399 538 comedere
1424 485 1686 550 repugnat
1721 476 1772 532 ei
1800 474 1942 547 quod
1970 483 2055 530 est

464 596 572 637 non
601 577 906 641 comedere,
937 585 994 632 et
1023 575 1208 631 bibere
1233 573 1284 628 ei
1329 571 1470 643 quod
1511 579 1596 626 est
1625 585 1730 623 non
1761 567 1968 633 bibere,
1999 575 2057 623 et

463 673 593 728 dare
615 671 665 726 ei
691 669 832 740 quod
863 677 948 724 est
971 683 1076 722 non
1100 666 1261 722 dare?
1284 664 1440 734 Stepe
1458 671 1636 717 autem
1667 659 1907 715 medicus
1921 673 2044 730 quo-

462 778 569 833 que
609 761 774 818 multa
816 759 944 815 facit
981 757 1268 829 ejusmodi,
1301 770 1407 810 non
1453 770 1636 812 secum
1669 766 1928 824 pugnans,
1958 749 2054 805 sed

463 857 565 914 sibi
591 855 744 911 valde
774 853 1149 909 consentiens:
1180 864 1340 904 unum
1369 847 1513 902 enim
1541 845 1642 900 sibi
1673 845 1831 900 ﬁnem
1861 857 2058 912 propo-

465 951 564 1012 nit,
593 948 778 1019 aegroti
808 946 1117 1002 sanitatem.
1167 942 1282 997 Hoc
1324 942 1495 1012 ipsum
1521 940 1681 995 etiam
1717 937 1962 992 nsuvenit
2001 936 2054 991 in

463 1039 829 1112 evangelistis.
860 1037 990 1092 Nam
1021 1045 1182 1090 testas
1223 1048 1438 1104 quoque
1464 1040 1547 1087 est
1577 1029 1736 1085 hiemi
1761 1028 2050 1091 contraria,

463 1132 533 1187 ad
573 1147 736 1187 unum
767 1141 944 1184 tamen
975 1128 1192 1198 respicit
1238 1126 1420 1188 ﬁnem,
1448 1121 1828 1195 perfectionem
1855 1129 1911 1177 et
1938 1136 2055 1174 ma-

465 1224 736 1278 turitatem
763 1221 1048 1276 fructuum.
1067 1218 1186 1274 Jam
1215 1231 1342 1272 vero
1365 1215 1640 1270 universus
1662 1227 1874 1284 quoque
1899 1227 2055 1266 mun-

464 1315 568 1369 dus
594 1323 804 1370 constat
823 1328 887 1368 ex
913 1311 1218 1374 contrariis,
1241 1307 1335 1363 sed
1363 1307 1588 1362 multum
1614 1304 1680 1359 ad
1709 1304 1833 1359 vita:
1857 1312 2055 1358 nostra:

464 1421 619 1462 usum
643 1419 964 1460 consensum
987 1401 1241 1458 ostendit.
1263 1399 1564 1468 Quinetiam
1583 1396 1824 1452 Christus
1845 1409 2055 1466 quoque

463 1500 546 1552 via
575 1497 765 1553 Joanni
790 1502 1056 1552 contraria
1088 1493 1360 1564 ingressus
1384 1501 1485 1546 est.
1515 1489 1608 1544 Ille
1631 1489 1775 1544 enim
1800 1487 2053 1543 comede-

463 1594 575 1658 bat,
597 1589 682 1644 hic
696 1604 823 1644 vero
843 1603 947 1642 non
967 1585 1298 1642 comedebat.
1327 1583 1474 1638 Venit
1489 1583 1654 1648 enim,
1678 1583 1866 1652 inquit,
1887 1581 2053 1634 Joan-

461 1703 570 1750 nes,
598 1699 760 1756 neque
799 1679 1083 1742 comedens,
1125 1693 1283 1748 neque
1320 1676 1509 1739 bibens,
1543 1685 1592 1730 et
1620 1676 1814 1740 dicunt,
1845 1673 2052 1728 Darmo-

461 1779 603 1833 nium
629 1779 794 1832 habet.
834 1773 981 1831 Venit
1006 1771 1052 1826 F
1054 1773 1172 1826 ilius
1197 1770 1415 1825 hominis
1435 1769 1605 1823 bibens
1623 1779 1669 1823 et
1699 1768 1984 1833 comedens,
2008 1775 2055 1819 et

462 1874 658 1940 dicunt,
688 1870 821 1926 Ecce
841 1871 990 1925 homo
1008 1881 1186 1930 vorax,
1205 1873 1251 1919 et
1268 1865 1369 1918 vini
1390 1872 1536 1932 potor
1557 1861 1707 1933 (Luc.
1738 1862 1790 1915 7.
1814 1861 1902 1916 33.
1937 1860 2049 1930 Si).

463 1964 569 2021 Sed
612 1964 713 2018 etsi
758 1972 912 2018 erant
953 1976 1072 2031 qua:
1119 1957 1320 2015 ﬁebant
1359 1955 1650 2020 contraria,
1679 1968 1843 2007 unum
1874 1960 2050 2006 tamen

464 2060 623 2113 ﬁnem
655 2055 1032 2127 respiciebant,
1066 2068 1258 2122 nempe
1287 2064 1496 2115 eoruut,
1543 2049 1632 2121 qui
1679 2061 1873 2116 sagena
1903 2053 2058 2099 erant

461 2148 728 2218 capiendi,
761 2147 1008 2201 salutem.
1058 2145 1132 2199 Ita
1176 2145 1337 2199 etiam
1381 2142 1470 2197 hic
1511 2139 1643 2196 ordo
1680 2137 1974 2195 divinitatis
2000 2144 2057 2190 et

464 2240 715 2295 humanae
752 2248 1016 2308 suscepta:
1063 2246 1286 2301 natum,
1325 2236 1425 2290 etsi
1455 2249 1612 2289 secus
1638 2248 1700 2288 ac
1724 2231 1792 2287 ab
1817 2229 1960 2296 aliis,
1989 2228 2057 2283 ab

461 2332 669 2387 Joanne
711 2331 1050 2386 introductus
1083 2338 1189 2397 est,
1234 2328 1286 2383 id
1331 2338 1506 2383 tamen
1547 2328 1626 2382 eis
1654 2326 1811 2382 valde
1852 2337 2054 2381 convc-

463 2425 674 2478 nienter
703 2423 897 2478 factum
924 2430 1027 2479 est.
1055 2421 1122 2477 Et
1150 2419 1439 2492 quomodo,
1480 2419 1652 2475 dicam
1685 2434 1802 2490 ego.
1835 2419 1967 2487 Quia
2001 2419 2053 2476 in

465 2515 728 2585 principio
756 2513 971 2584 quidem
999 2529 1121 2568 cum
1164 2528 1344 2568 sermo
1371 2511 1606 2566 nondum
1635 2520 1780 2567 esset
1804 2511 2054 2567 dissemi-

464 2617 640 2672 natus,
682 2616 1102 2664 consentaneum
1133 2616 1248 2662 erat
1272 2605 1474 2660 versari
1518 2605 1572 2660 in
1618 2605 1930 2676 explicanda
1958 2605 2057 2660 hu-

465 2699 744 2762 manitate,
766 2698 917 2753 etde
941 2712 1104 2752 carne
1132 2695 1428 2752 doctrinam
1455 2695 1686 2766 aperire,
1713 2711 1742 2750 a
1769 2695 2054 2752 crassiori-

465 2789 568 2844 bus
605 2799 663 2845 et
704 2789 988 2844 sensilibus
1015 2789 1272 2844 ducentes
1300 2788 1608 2853 exordium;
1640 2787 1736 2844 sed
1776 2800 2054 2860 postquam

467 2881 766 2937 introducta
794 2882 964 2936 fuerat
991 2882 1234 2946 scientia,
1257 2891 1316 2936 et
1337 2882 1774 2952 praedicationem
1800 2881 1907 2950 jam
1938 2899 2058 2938 sus-

465 2981 738 3042 ceperant,
771 2981 886 3028 erat
913 2972 1169 3044 deinceps
1208 2982 1417 3042 tempus
1442 2983 1799 3045 opportunum
1827 2989 1854 3027 a
1889 2975 2057 3030 subli-

466 3063 724 3120 mioribus
749 3063 1029 3120 inchoandi
1059 3066 1136 3136 (l.
1181 3063 1299 3121 Cor.
1342 3065 1397 3120 '5.
1427 3066 1504 3136 l).
1535 3064 1897 3132 Quamobrem
1928 3081 2056 3136 pro-

467 3154 642 3226 phetae
668 3171 880 3226 quoque
906 3156 950 3210 si
980 3156 1193 3228 quando
1218 3156 1286 3212 de
1307 3171 1375 3213 eo
1401 3156 1690 3224 disserunt,
1713 3157 1781 3212 ab
1811 3157 2056 3214 humana:

466 3255 672 3300 naturae
715 3247 1058 3316 susceptione
1087 3248 1365 3316 incipiunt,
1415 3257 1471 3302 et
1510 3247 1788 3302 exordium
1834 3247 2056 3308 ducunt.

466 3337 602 3392 Vide
628 3339 805 3406 itaque
830 3338 1098 3408 quomodo
1123 3339 1373 3394 Miclneas
1397 3340 1464 3395 ab
1495 3339 1678 3394 inﬁmo
1712 3340 1958 3396 orditur:
1988 3339 2056 3395 Et

467 3437 544 3494 tu,
575 3428 844 3493 Bethleem,
872 3440 1007 3483 terra
1022 3426 1056 3482 Ι
1060 3429 1183 3493 uda,
1207 3447 1522 3502 ncquaquam
1545 3446 1597 3485 es
1619 3431 1824 3483 minima
1843 3431 1894 3484 in
1917 3433 2060 3502 prin-

466 3522 662 3592 cipibus
689 3521 863 3574 Judce.
907 3521 994 3576 Ea:
1039 3531 1086 3576 te
1131 3523 1265 3575 enim
1307 3523 1432 3576 mihi
1473 3523 1756 3593 egredietur
1802 3523 1927 3589 dux,
1972 3523 2060 3594 qui

467 3621 638 3681 pascet
665 3611 911 3681 populant
933 3627 1101 3665 meum
1137 3611 1305 3666 Israel
1331 3611 1516 3681 (Mich.
1559 3613 1612 3667 5.
1655 3613 1732 3683 2).
1764 3614 1921 3684 Atqui
1952 3631 2057 3669 non

466 3714 584 3758 erat
611 3704 864 3759 divinitas
893 3720 957 3759 ex
1000 3704 1295 3771 Bethleem,
1337 3705 1430 3760 sed
1459 3721 1608 3760 caro.
1648 3706 1753 3760 Sed
1795 3722 1902 3761 non
1934 3723 2055 3777 per-

467 3799 659 3852 mansit
679 3797 731 3850 in
752 3796 851 3850 lmc
868 3796 1002 3863 solo,
1028 3797 1122 3852 sed
1148 3796 1215 3851 ad
1243 3797 1578 3852 divinitatem
1606 3799 1765 3854 etiam
1797 3799 2056 3865 ascendit,

467 3888 686 3944 dicens:
711 3887 776 3942 Et
793 3906 1021 3959 egressus
1044 3890 1154 3959 ejus
1178 3889 1241 3942 ab
1259 3889 1401 3942 initio
1427 3906 1490 3944 ea:
1510 3890 1684 3944 diebus
1707 3891 1882 3944 saeculi
1900 3889 2056 3964 (1b.).

467 3979 537 4034 Et
566 3995 750 4035 rursus
781 3979 975 4034 Isaias:
1007 3979 1136 4034 Ecce
1163 3981 1302 4052 virgo
1331 3981 1383 4034 in
1411 3991 1552 4034 utero
1580 3982 1846 4052 concipiet,
1877 3992 1922 4036 et
1965 4001 2059 4054 pa-

466 4072 562 4126 riet
589 4073 773 4140 ﬁlium,
803 4081 851 4125 et
881 4070 1127 4126 vocabunt
1145 4088 1327 4126 nomen
1354 4073 1464 4137 ejus
1494 4071 1814 4140 Emmanuel,
1837 4075 2060 4144 quodest

467 4166 871 4236 interpretatum,
924 4163 1206 4218 Nobiscum
1253 4163 1392 4218 Deus
1434 4162 1589 4234 (lsai.
1636 4165 1690 4219 7.
1738 4165 1852 4235 14).
1903 4165 2061 4221 Vides

468 4255 737 4328 quomodo
768 4256 812 4310 is
835 4270 1047 4326 quoque
1081 4271 1111 4310 a
1151 4270 1315 4311 carne
1354 4256 1592 4312 ascendit
1619 4255 1686 4312 ad
1726 4257 2059 4312 divinitatem

473 4349 686 4419 (Matth.
719 4353 768 4403 1.
809 4349 943 4420 2'5)?
983 4350 1046 4404 Et
1081 4364 1265 4403 rursus
1295 4349 1419 4403 alibi
1445 4350 1725 4404 considera
1755 4350 1860 4405 hoc
1886 4351 2059 4421 ipsum

469 4440 539 4494 ab
566 4457 632 4495 eo
656 4439 819 4494 fuisse
841 4439 1034 4495 factum
1055 4456 1069 4494 :
1093 4440 1220 4495 dicit
1247 4441 1390 4495 enim
1412 4456 1428 4495 :
1462 4439 1677 4496 Puellus
1700 4453 1848 4498 natus
1873 4453 1944 4497 cst
1971 4460 2065 4497 no-

471 4532 546 4585 bis
576 4532 738 4600 ﬁlius,
772 4541 819 4586 et
845 4530 996 4585 datus
1021 4541 1094 4586 est
1110 4532 1272 4596 nobis,
1296 4541 1340 4585 et
1360 4541 1570 4585 vocatur
1595 4549 1777 4586 nomen
1797 4535 1930 4604 ejus,
1961 4551 2063 4586 ma.

471 4625 558 4694 qni
574 4623 770 4678 consilii
785 4622 1017 4694 angelus,
1042 4621 1357 4678 admirabilis
1372 4623 1716 4690 consiliarius,
1739 4623 1874 4679 Deus
1891 4627 2057 4696 fortis,

474 4725 670 4786 potens,
703 4715 940 4785 princeps
968 4715 1128 4784 pacis,
1161 4724 1304 4786 pater
1326 4717 1486 4786 futuri
1514 4716 1686 4770 seaculi
1709 4714 1862 4785 (lsai.
1891 4717 1945 4772 9.
1977 4717 2058 4787 6).

473 4805 637 4862 Vides
659 4804 926 4876 quomodo
944 4821 1128 4860 rursus
1147 4821 1179 4861 a
1205 4821 1371 4876 puero
1392 4806 1677 4878 carnisque
1697 4809 2056 4879 susceptione,

473 4899 632 4954 veluti
655 4913 752 4968 per
773 4897 1033 4969 quosdam
1055 4897 1252 4969 gradus
1281 4899 1602 4966 ascendens,
1625 4899 1765 4954 sistit
1785 4901 1838 4956 in
1868 4900 2062 4957 divini-

473 4993 637 5049 tate‘.
672 4991 750 5048 Ita
791 4992 952 5048 etiam
993 4991 1153 5047 Pater
1189 4991 1305 5061 ejus
1343 4993 1587 5063 cognitus
1614 5001 1699 5049 est
1735 4995 1964 5064 primum
1993 5010 2058 5050 ex

471 5084 753 5141 creaturis.
787 5082 1071 5138 lnvisibilia
1097 5083 1239 5138 enim
1263 5085 1392 5153 ejus,
1419 5084 1594 5154 inquit
1618 5083 1834 5151 Paulus,
1857 5103 1889 5139 a
1917 5103 2060 5140 crea-

471 5178 608 5230 tione
638 5175 815 5229 mundi
841 5174 1076 5245 aperibus
1108 5172 1363 5229 intellecta
1388 5175 1768 5246 conspiciuntur
1797 5175 1970 5246 (liam.
2007 5178 2059 5231 1.

469 5267 590 5338 90).
641 5266 710 5322 Et
745 5268 866 5322 ideo
899 5267 1014 5336 ipse
1057 5280 1268 5337 quoque
1309 5266 1542 5336 seipsum
1573 5280 1718 5337 saepe
1761 5266 1968 5338 efﬁngit
2007 5269 2059 5324 in

471 5359 653 5429 Specie
671 5357 930 5424 sensibili,
951 5355 1204 5429 paulatim
1234 5357 1469 5414 evehens
1490 5357 1780 5414 humanum
1802 5375 1969 5431 genus
1989 5360 2056 5415 ad

473 5449 823 5520 cogitationes
853 5449 1214 5518 incorporeas.
1245 5446 1314 5502 Et
1336 5447 1463 5518 quid
1503 5447 1735 5516 miraris,
1777 5451 1821 5504 si
1867 5450 1919 5504 in
1962 5451 2060 5506 do-

472 5541 739 5614 gmatibus
767 5538 869 5596 hoc
894 5539 1118 5596 consilio
1139 5549 1196 5596 et
1220 5539 1321 5595 hac
1344 5541 1642 5596 meonomia
1670 5556 1797 5598 usus
1826 5542 1916 5612 sit,
1933 5556 2056 5597 cum

538 5697 556 5730 ι
591 5703 739 5756 om...
761 5693 1026 5758 ᾳωαιιεηι
1045 5705 1134 5758 per
1167 5691 1352 5758 gradus
1397 5691 1520 5743 colat
1558 5691 1693 5744 circa
1716 5695 2058 5758 divinitatem:

473 5771 584 5808 quae
606 5754 744 5825 certe
760 5755 916 5825 lectio
937 5754 1057 5806 non'
1075 5754 1368 5825 spernenda,
1392 5763 1444 5805 et
1467 5758 1682 5808 tortassis
1725 5754 1853 5809 illam
1870 5774 1963 5825 aut)
1982 5761 2054 5812 le-

474 5831 656 5883 ctetur,
683 5820 772 5870 nisi
795 5830 945 5869 unum
966 5818 1218 5883 exemplar
1241 5827 1374 5870 esset
1397 5828 1562 5869 contra
1585 5833 1762 5869 omnia.

1250 364 1308 422 S.
1346 360 1627 421 JUANNIS
1662 355 2138 417 CllllYSOSTOMl
2179 354 2496 412 ARCIHEP.
2539 355 3077 413 CONSTANTINOP.

2143 474 2219 529 .in
2248 475 2530 544 pra-ceptis
2553 484 2607 532 et
2638 475 2904 530 mandatis
2932 475 3033 531 hoc
3061 477 3231 545 ipsum
3261 476 3452 533 faciat?
3493 479 3752 548 Quocirca

3652 365 3750 420 196

2164 567 2424 638 propheta
2446 581 2656 637 quoque
2691 568 2768 622 sic
2796 569 2900 623 hoc
2929 569 2981 622 in
3010 569 3128 623 loco
3156 572 3399 626 oratione
3435 587 3562 627 usus
3587 583 3693 640 est,
3721 591 3750 628 a

2163 676 2325 715 carne
2348 662 2414 716 ad
2442 662 2774 717 divinitatem
2795 663 3090 719 ascendens
3113 662 3276 737 (labia
3310 666 3454 720 enim
3479 674 3608 721 sunt
3630 683 3754 724 car-

2164 754 2293 823 nis),
2324 763 2377 808 et
2413 770 2441 807 a
2468 754 2744 810 divinitate
2771 771 2960 810 rursus
2984 755 3049 810 ad
3073 773 3288 812 carnem
3317 757 3668 826 descendens,
3698 769 3754 816 ct

2163 846 2420 901 varietate
2442 847 2699 902 orationis
2715 856 2869 903 utens
2887 847 2952 902 ad
2971 849 3198 903 salutem
3221 851 3747 907 catechumenorum.

2167 935 2402 992 Thronus
2428 948 2563 1002 tuus,
2594 936 2758 1004 Deus,
2784 941 2836 993 in
2859 940 3100 994 saeculum
3129 939 3325 997 saeculi.
3361 941 3634 996 'l'bronum
3668 944 3754 999 hic

2165 1045 2269 1082 non
2303 1029 2462 1084 modo
2484 1031 2756 1096 thronum,
2787 1031 2879 1087 sed
2905 1047 3124 1102 regnum
3155 1032 3302 1087 dicit.
3336 1033 3432 1088 Hic
3453 1049 3580 1104 ergo
3604 1035 3751 1091 illum

2162 1120 2292 1174 dicit
2314 1128 2596 1188 aeternum,
2623 1120 2749 1176 alibi
2774 1132 2952 1178 autem
2993 1123 3150 1178 etiam
3182 1125 3383 1178 altum:
3427 1123 3544 1179 Vidi
3583 1125 3749 1191 enim,

2164 1213 2355 1283 inquit,
2401 1211 2673 1268 Dominum
2721 1215 2973 1269 sedentem
3019 1233 3171 1284 super
3219 1216 3457 1270 thronum
3499 1219 3753 1272 excelsum

2164 1303 2317 1375 (lsai.
2345 1303 2398 1359 6.
2429 1303 2504 1375 1).
2532 1305 2601 1359 Et
2644 1321 2847 1369 rursus,
2885 1306 3137 1371 Quoniam
3160 1308 3295 1362 altus
3325 1309 3536 1363 thronus
3577 1312 3749 1365 tuns’.

2163 1396 2314 1450 Alius
2357 1411 2570 1466 quoque
2624 1397 2881 1466 pmpheta
2932 1398 3064 1453 vidit
3104 1415 3226 1453 eum
3271 1399 3544 1456 sedentem
3591 1415 3744 1472 super

2163 1490 2414 1544 thronum
2467 1489 2650 1560 gloria:
2682 1489 2844 1560 (Dan.
2869 1491 2922 1545 7.
2951 1489 3022 1564 9)
3050 1510 3064 1544 :
3094 1491 3257 1546 David
3302 1501 3478 1547 autem
3517 1494 3754 1549 ostendit

2161 1582 2322 1636 etiam
2363 1581 2610 1635 thronum
2662 1582 3037 1638 humanitatis:
3066 1582 3419 1662 Misericordia
3466 1585 3631 1650 enim,
3665 1585 3752 1640 in-

2161 1677 2296 1748 quit,
2347 1685 2395 1732 et
2427 1677 2684 1750 judicium
2723 1677 2965 1732 correctio
3001 1679 3168 1732 throni
3191 1679 3302 1751 ejus
3338 1677 3508 1751 (Psal.
3544 1679 3634 1736 96.
3665 1679 3748 1750 2).

2233 1767 2288 1823 9.
2322 1767 2449 1823 Haec
2473 1769 2650 1824 omnia
2687 1769 2752 1824 de
2781 1769 2897 1840 ejus
2924 1786 3088 1841 regno
3117 1771 3256 1827 dicta
3287 1782 3436 1837 sunt,
3469 1773 3610 1843 quod
3639 1770 3751 1828 sci-

2163 1861 2285 1916 licet
2317 1860 2422 1918 ﬁne
2451 1872 2634 1918 careat
2655 1863 2782 1933 (hoc
2806 1864 2947 1919 enim
2976 1873 3077 1928 est,
3107 1859 3176 1918 In
3218 1863 3462 1919 steculum
3486 1865 3701 1935 surculi)
3730 1907 3747 1933 ,

2161 1955 2304 2025 quod
2338 1955 2409 2010 sit
2433 1954 2720 2026 gloriosum
2744 1996 2759 2022 ,
2790 1955 2932 2026 quod
2961 1954 3255 2023 excelsum,
3296 1957 3437 2026 quod
3487 1968 3672 2028 potens
3697 1968 3752 2013 et

2163 2049 2416 2104 validum.
2452 2049 2658 2104 Rursus
2686 2049 2828 2120 quod
2871 2049 2942 2104 sit
2985 2065 3178 2118 espers
3213 2050 3493 2120 principii,
3539 2051 3752 2121 quando

2165 2139 2315 2208 dicit,
2332 2139 2562 2212 Regnum
2596 2151 2760 2209 tuum,
2780 2159 2991 2213 regnum
3014 2142 3241 2196 omnium
3264 2143 3749 2218 swculorum(Psal.

2166 2234 2290 2289 144.
2319 2235 2431 2305 15).
2480 2233 2940 2302 Quemadmodum
2985 2245 3163 2291 autem
3207 2235 3428 2290 thronus
3475 2245 3556 2292 est
3603 2239 3750 2308 regni

2163 2327 2396 2396 signum,
2431 2327 2500 2381 ita
2527 2328 2688 2381 etiam
2719 2327 2887 2398 virga,
2917 2337 2972 2382 et
3024 2327 3192 2397 regni,
3241 2336 3296 2382 et
3342 2328 3748 2398 jurisdictionis.

2159 2418 2230 2476 Ει
2256 2417 2379 2475 ideo
2402 2417 2570 2473 dicit:
2610 2417 2771 2489 Virga
2811 2419 3123 2487 directionis,
3155 2419 3297 2491 virga
3326 2421 3466 2487 regni
3491 2420 3586 2474 tui.
3625 2420 3750 2475 Cla-

2160 2528 2278 2568 rum
2333 2509 2478 2569 enim
2530 2509 2636 2566 illic
2683 2517 2767 2565 est
2808 2510 2948 2580 quod
2994 2510 3195 2580 justum
3243 2521 3358 2578 est,
3415 2511 3617 2566 clarum
3669 2522 3753 2567 est

2161 2607 2303 2678 quod
2328 2617 2412 2663 est
2454 2615 2682 2672 rectum,
2733 2605 2868 2660 nihil
2925 2606 3033 2661 illic
3080 2606 3468 2662 adumbratam.
3516 2609 3752 2664 Audiant

2161 2703 2250 2774 qui
2289 2702 2580 2768 insaniunt,
2608 2713 2662 2758 et
2697 2711 2874 2758 mcnte
2902 2699 3077 2774 capti;
3113 2701 3218 2755 imo
3258 2716 3388 2757 vero
3414 2703 3500 2774 qui
3527 2711 3649 2757 sunt
3672 2706 3753 2758 eis

2161 2795 2479 2850 deteriores.
2515 2795 2742 2864 Quinam
2761 2806 2937 2854 autem
2959 2805 3084 2853 sunt
3112 2795 3166 2850 hi
3187 2795 3208 2848 ?
3229 2796 3330 2864 Qui
3355 2795 3587 2851 divinam
3623 2813 3750 2866 pro-

2161 2886 2452 2942 videntiam
2497 2886 2916 2957 reprehendunt,
2945 2896 3000 2944 et
3024 2888 3211 2944 dicunt
3244 2907 3258 2945 :
3285 2890 3392 2944 Cttr
3416 2889 3516 2945 hec
3542 2902 3593 2946 et
3623 2889 3748 2947 illud

2160 2979 2240 3034 sic
2261 2979 2456 3035 factum
2487 2981 2612 3036 est?
2631 2980 2914 3048 Quomodo
2933 2981 3074 3037 enim
3099 2997 3205 3036 non
3235 2981 3546 3046 absurdum,
3577 2991 3633 3038 ut
3657 2986 3748 3054 qui

2163 3070 2315 3126 fabro
2337 3072 2553 3143 quidem
2579 3073 2801 3140 assidet,
2841 3081 2896 3128 et
2931 3073 3071 3143 ligna
3104 3075 3436 3146 frangentem
3480 3086 3534 3132 et
3559 3091 3749 3134 secan-

2163 3173 2272 3220 tem
2312 3166 2727 3236 contemplatur,
2762 3165 2832 3221 ab
2869 3181 2937 3222 eo
2981 3167 3243 3222 rationem
3300 3184 3410 3225 non
3463 3167 3745 3238 cxigat;et

2162 3258 2289 3314 dum
2320 3257 2562 3314 medicus
2589 3258 2785 3316 scindit
2808 3267 2862 3316 et
2884 3259 2990 3315 urit
3027 3274 3245 3315 carnem
3274 3302 3292 3328 ,
3332 3269 3388 3316 et
3427 3262 3479 3316 in
3516 3261 3744 3319 donum-

2164 3350 2286 3405 cula
2308 3357 2566 3421 :egrotnm
2609 3349 2852 3418 includit,
2895 3360 2951 3406 et
2991 3351 3130 3408 fame
3151 3351 3439 3417 excruciat,
3474 3369 3573 3410 nec
3613 3355 3752 3411 ullus

2163 3442 2510 3508 adstantium,
2552 3457 2650 3498 nec
2695 3444 2815 3514 ipse
2853 3445 2943 3514 qui
2990 3442 3218 3512 laborat,
3264 3446 3332 3502 de
3383 3447 3448 3502 iis
3471 3463 3591 3518 qua:
3619 3449 3754 3506 ﬁunt

2163 3535 2374 3591 curiose
2412 3535 2726 3607 investigat;
2769 3544 2825 3591 et
2851 3537 2978 3592 dum
3003 3538 3329 3609 gubernator
3351 3541 3522 3596 tendit
3547 3541 3750 3609 follem,

2167 3626 2450 3696 velumque
2476 3636 2532 3682 et
2571 3627 2803 3683 intendit
2843 3637 2899 3684 et
2928 3643 3115 3685 rursus
3141 3630 3396 3696 remittit,
3422 3641 3478 3687 et
3501 3633 3650 3687 navis
3678 3633 3755 3688 la-

2167 3725 2278 3773 tera
2311 3718 2551 3785 inundat,
2592 3735 2751 3774 nemo
2798 3720 2866 3775 sit
2893 3721 3158 3785 curiosus.
3215 3738 3316 3778 nec
3344 3723 3395 3777 in
3425 3739 3746 3796 unoquoque

2167 3810 2358 3867 borum
2391 3808 2642 3881 opiﬁcum
2672 3811 2906 3882 inquirat
2931 3822 2988 3867 et
3013 3813 3338 3880 sciscitatur,
3369 3813 3464 3874 sed
3505 3823 3678 3870 taceat
3700 3825 3756 3871 et

2166 3904 2422 3973 quiescat,
2452 3905 2697 3974 quamvis
2727 3904 2760 3959 ii
2787 3905 2843 3959 in
2871 3913 2986 3961 arte
3014 3919 3158 3975 stupe
3179 3917 3401 3976 peccent
3427 3922 3443 3960 :
3474 3907 3542 3964 de
3565 3907 3753 3964 inell’a-

2167 3993 2259 4049 bili
2303 4003 2481 4050 autem
2531 3993 2815 4065 sapientia,
2844 3994 2914 4050 de
2961 3994 3304 4051 inenarrabili
3338 3997 3641 4065 clementia,
3685 3997 3755 4054 de

2167 4086 2374 4142 inﬁnita
2392 4087 2719 4157 providentia
2732 4088 2946 4144 curiose
2965 4087 3232 4158 quispiam
3250 4088 3467 4159 indaget
3488 4090 3513 4143 ‘t
3531 4089 3756 4158 Quantae

2169 4182 2285 4236 lucc
2336 4196 2442 4236 non
2473 4189 2598 4236 sunt
2640 4181 2900 4236 insanius?
2943 4180 3012 4237 Et
3031 4195 3185 4250 opem
3224 4180 3439 4252 quidem
3479 4180 3641 4248 fet-re,
3672 4182 3755 4237 vel

2169 4273 2424 4344 pecunias
2449 4287 2678 4345 erogare
2707 4287 2803 4344 pro
2842 4271 2927 4338 iis,
2950 4273 3145 4342 quibus
3167 4271 3226 4328 ﬁt
3265 4273 3480 4344 injuria,
3525 4275 3609 4330 vel
3657 4290 3756 4344 pro

2168 4365 2510 4435 pauperibus,
2561 4380 2667 4419 non
2695 4364 2852 4420 facile
2877 4365 3224 4420 inveniuntur
3278 4367 3369 4436 qui
3407 4366 3756 4438 velint;per-

2167 4468 2329 4528 petua
2354 4467 2529 4512 autem
2553 4456 2854 4528 inquirunt,
2879 4473 2976 4513 cur
2997 4456 3085 4514 hic
3107 4473 3307 4528 panper
3330 4500 3346 4526 ,
3372 4474 3468 4515 cur
3488 4460 3578 4516 ille
3604 4476 3756 4515 men-

2166 4550 2340 4615 dicus,
2371 4557 2425 4604 et
2443 4564 2539 4604 cur
2561 4549 2698 4604 alter
2723 4549 2794 4604 sit
2811 4549 2986 4606 dives.
3018 4548 3184 4606 Serve
3211 4566 3440 4619 nequam
3463 4561 3516 4606 et
3535 4553 3753 4614 stolide,

2167 4656 2264 4696 cur
2311 4657 2418 4695 non
2467 4640 2653 4695 oculos
2701 4641 2978 4706 demittis,
3011 4656 3112 4696 nec
3143 4641 3368 4710 teipsutn
3407 4642 3753 4708 condemnas,

2168 4747 2268 4787 nec
2296 4730 2448 4786 freno
2476 4731 2667 4801 linguae
2707 4732 2900 4801 injecto
2928 4741 3160 4786 mentem
3190 4741 3332 4788 tuam
3361 4734 3626 4802 reprimis,
3661 4750 3758 4789 nec

2168 4830 2390 4883 mittens
2438 4825 2507 4880 de
2572 4827 2731 4880 tantis
2779 4825 2939 4882 rebus
2986 4823 3196 4881 curiose
3258 4825 3569 4895 inquirere.
3621 4825 3758 4880 hanc

2167 4924 2380 4980 anxiam
2412 4922 2808 4994 indagationem
2851 4923 2905 4977 in
2952 4929 3097 4978 tuam
3122 4922 3282 4977 vitam
3309 4922 3620 4977 convertis?
3650 4922 3756 4975 Re-

2167 5017 2314 5087 spice
2339 5032 2400 5073 ea
2425 5032 2545 5088 qua:
2568 5015 2764 5084 fecisti,
2809 5016 3016 5087 respice
3035 5030 3183 5070 mare
3209 5022 3550 5085 peccatorum
3583 5033 3598 5069 :
3629 5023 3682 5068 et
3710 5014 3756 5069 si

2167 5124 2228 5165 es
2252 5110 2498 5166 curiosus
2522 5118 2577 5166 et
2602 5110 2794 5165 anxius
2845 5108 3148 5180 inquisitor,
3179 5109 3334 5176 exige
3372 5123 3404 5163 a
3438 5109 3608 5178 teipse
3634 5124 3754 5163 ver-

2167 5202 2360 5256 borum
2387 5215 2507 5272 qua:
2534 5201 2675 5256 male
2715 5200 2918 5267 dixisti,
2945 5210 2998 5256 et
3021 5216 3201 5255 rerum
3225 5215 3360 5269 quas
3392 5201 3531 5256 male
3558 5199 3750 5266 iecisti,

2168 5293 2465 5349 rationem:
2489 5279 2832 5348 nunc'autem
2851 5293 2926 5348 toi
2953 5292 3169 5362 quidem
3197 5293 3362 5362 ipsius
3394 5293 3754 5362 prmtermisso

2167 5385 2414 5442 examine
2436 5427 2450 5450 ,
2487 5385 2614 5441 licet
2654 5386 2769 5440 hate
2796 5384 3011 5455 quidem
3053 5383 3296 5440 socordia
3332 5383 3648 5454 supplicium
3677 5383 3754 5438 al-

2176 5479 2345 5543 lerat,
2379 5476 2591 5538 curiosa
2617 5486 2798 5532 autem
2825 5475 3094 5546 indagatio
3117 5475 3368 5542 salutem,
3394 5474 3552 5530 sedes
3583 5474 3752 5532 Deum

2233 5637 2248 5666 ¹
2286 5637 2370 5706 "is
2411 5636 2600 5706 εθιῑίεωι
2632 5641 2755 5706 κει-ί
2789 5641 2916 5706 unus
2956 5641 3072 5700 nos
3120 5635 3205 5706 vis
3235 5635 3414 5694 habet.
3441 5633 3574 5706 4!!!"
3617 5633 3753 5706 “se:

2165 5709 2286 5757 nus;
2311 5701 2364 5746 et
2385 5696 2501 5766 alibi
2523 5709 2708 5767 rursus,
2730 5698 2980 5767 Sedentem
3000 5695 3144 5767 super
3167 5695 3391 5767 thronum
3409 5696 3610 5767 gloria;
3634 5695 3750 5767 alibi

2167 5767 2359 5816 autem,
2397 5759 2742 5821 Misericordia
2774 5759 3000 5821 pleuwn;
3031 5777 3055 5807 ι
3074 5759 3428 5821 Ηὶκήεονάίί
3443 5759 3598 5821 enim,
3621 5776 3644 5806 ι
3673 5762 3750 5810 in-

2169 5824 2292 5888 quit.
2313 5839 2334 5868 α
2354 5827 2402 5872 et
2420 5819 2668 5882 judicium
2689 5819 2922 5874 correctio
2942 5822 3099 5874 throni
3121 5819 3244 5884 ejus.
3271 5837 3294 5868 ι
