4080 6340
422 264 532 320 487

424 396 632 451 γοντος,
676 376 922 444 Ῥάϐδος
962 378 1307 446 εὐθύτητος,
1346 379 1386 447 η
1415 378 1633 444 ὐάϐδος
1673 376 1997 442 βασιλείας

422 490 571 538 σου;
632 474 742 528 Καὶ
765 473 951 544 ἐτέρου
1009 473 1192 527 πάλιν·
1232 473 1305 527 Τὸ
1334 473 1516 542 κρίμα
1550 471 1736 525 αὑτοῦ
1765 471 1845 535 ὠς
1874 468 2000 539 φῶς

421 568 825 633 ἐξελεύσεται.
859 566 925 621 Εἰ
959 566 1015 619 δὲ
1041 566 1140 619 οὑκ
1157 561 1313 619 οἶσθα
1351 564 1593 635 ἀκριϐῶς
1622 565 1798 618 πάντα
1816 564 1883 616 τά
1904 559 1999 616 τοῦ

422 660 693 715 Δεσπότου
715 677 832 721 σου,
853 661 949 714 καὶ
971 659 1058 712 διὰ
1089 657 1248 712 τοῦτο
1270 659 1433 713 αὑτὸν
1459 657 1703 723 δόξασόν,
1728 655 1815 708 διά
1846 655 2004 709 τοῦτο

427 751 662 823 μάλιστα
691 752 857 806 αὑτὸν
876 751 1278 822 προσκύνησον,
1295 751 1383 805 διὰ
1401 750 1462 804 τὸ
1488 749 1694 818 ἀφατον
1712 747 1876 801 αὑτοῦ
1903 749 2001 818 τῆς

424 842 838 914 μεγαλωσύνης,
849 842 938 897 διά
956 843 1015 897 τὸ
1034 843 1414 909 ἀκατάληπτον
1430 840 1595 896 αὑτοῦ
1611 841 1710 911 τῆς
1726 840 2002 912 προνοίας,

421 935 508 988 διὰ
557 934 619 987 τὸ
648 936 889 990 ποικίλον
935 932 1102 988 αὑτοῦ
1148 935 1247 989 καὶ
1306 933 1468 1003 σοφὸν
1496 933 1600 1004 τῆς
1654 931 2002 1002 κηδεμονίας.

434 1026 785 1096 Ἠγάπησας
810 1027 1208 1094 δικαιοσύνην
1256 1026 1354 1081 καὶ
1387 1025 1687 1095 ἐμίσησας
1726 1024 2002 1095 ἀνομίαν.

435 1119 651 1191 Ἐπειδὴ
676 1119 785 1191 γὰρ
805 1115 958 1173 εἶπεν
990 1118 1104 1173 ἀνω
1134 1118 1205 1173 τά
1245 1116 1667 1189 κατορθώματα,
1702 1117 1802 1180 τὰς
1828 1116 2003 1180 νίκας,

426 1211 493 1264 τὰ
526 1212 787 1283 τρόπαια,
816 1211 919 1283 τῆς
938 1212 1267 1284 οἰκουμένης
1295 1211 1394 1283 τὴν
1430 1210 1724 1283 σωτηρίαν,
1753 1210 1835 1262 ὅτι
1876 1208 2008 1280 άληο

426 1300 576 1366 θείας
598 1301 769 1373 αὐτὴν
792 1302 1112 1372 ἐνέπλησεν,
1148 1303 1233 1357 δτι
1261 1302 1588 1373 πραότητος,
1627 1302 1710 1354 ὅτι
1733 1299 2007 1354 δικαιοσύ-

424 1411 541 1466 νης,
572 1395 794 1457 δεικνὺς
822 1396 907 1448 ὅτι
941 1395 1095 1450 οὐδὲν
1128 1395 1356 1458 ἀπεικὸς
1382 1394 1557 1448 ταῦτα
1588 1392 1860 1462 γενέσθαι,
1887 1392 2006 1446 δια-

422 1486 637 1555 λέγεται
676 1486 862 1540 λοιπὺν
909 1486 1041 1558 περὶ
1075 1486 1167 1540 τοῦ
1223 1485 1532 1556 ἀξιώματος
1570 1486 1666 1539 τοῦ
1710 1484 2008 1556 κατωρθω-

420 1576 597 1641 κότος,
638 1578 718 1631 δτι
763 1577 914 1643 Θεὸς,
944 1580 1028 1633 δτι
1070 1577 1343 1648 βασιλεὺς,
1376 1579 1456 1631 ὅτι
1507 1576 1882 1648 ἀτελεύτητος,
1927 1576 2008 1630 ὅτι

420 1666 679 1737 δικαστής
728 1667 1045 1730 ἀδέκαστος,
1085 1667 1168 1721 ὅτι
1197 1667 1305 1721 τῶν
1346 1668 1574 1721 δικαίων
1620 1667 1877 1738 ἐραστὴς,
1926 1665 2008 1717 ὅτι

424 1759 809 1832 μισοπόνηρος.
843 1760 1064 1834 Ἐπειδὴ
1087 1760 1330 1825 τοιοῦτός
1358 1762 1527 1824 ἐστιν,
1552 1760 1706 1831 φησί,
1736 1758 1824 1813 διὰ
1851 1758 2009 1811 τοῦτο

419 1850 644 1905 τοιαῦτα
674 1851 824 1924 αὑτῷ
843 1851 1224 1923 κατώρθωται.
1244 1853 1451 1925 Μηδεὶς
1480 1852 1659 1907 τοίνυν
1685 1851 2006 1914 ἀπιστείτω,

421 1944 607 2010 φησίν.
641 1944 701 1997 'U
734 1945 844 2016 γάρ
891 1944 1245 2017 κατορθώσας
1289 1946 1547 2009 τοσαῦτα,
1589 1946 1683 2000 καὶ
1719 1944 2011 2013 δυνάμενος

422 2033 517 2085 καὶ
554 2032 879 2104 βουλόμενος
903 2031 1078 2087 ταῦτα
1108 2032 1458 2105 κατώρθωσε.
1496 2032 1576 2086 Τά
1630 2032 1725 2101 τῆς
1760 2030 2010 2101 θεότητος

424 2125 603 2197 ὑψηλά
628 2124 761 2190 γοῦν
797 2125 962 2179 αὑτοῦ
998 2123 1191 2191 εἰπὼν,
1222 2124 1385 2179 πάλιν
1413 2126 1506 2178 ἐπὶ
1535 2125 1639 2195 τὴν
1672 2124 1850 2194 σάρκα
1883 2139 2012 2175 κατ-

425 2215 658 2285 άγειτδν
685 2217 867 2285 λόγον,
921 2216 1015 2271 καί
1057 2231 1211 2287 φησι·
1267 2215 1369 2269 Διὰ
1412 2214 1587 2270 τοῦτο
1624 2213 1834 2283 ἐχρισέ
1866 2228 1941 2265 σε
1979 2216 2011 2266 ό

426 2308 591 2374 Θεὸς,
622 2311 656 2361 ὁ
690 2309 834 2373 Θεός
866 2321 1005 2364 σου.
1044 2307 1239 2370 Ἄλλος
1270 2307 1457 2378 φησὶν,
1481 2305 1613 2360 Ἐπί
1644 2305 1832 2367 τούτῳ
1851 2302 2013 2371 ἤλει-

423 2398 506 2467 ψέ
539 2413 634 2452 σε.
699 2396 826 2451 Ἐπὶ
873 2395 953 2467 τῷ
996 2396 1341 2467 κατορθῶσαι
1380 2395 1449 2448 τὰ
1493 2392 1780 2464 εἰρημένα,
1824 2391 2010 2460 φησὶν,

426 2489 657 2561 ἀνομίαν
705 2487 975 2549 ἐκϐαλεῖν,
1028 2487 1375 2558 δικαιοσύνην
1436 2485 1724 2555 φυτεῦσαι,
1792 2486 2013 2553 ποιῆσαι

426 2583 572 2654 άπερ
597 2582 879 2653 ἐποίησας.
898 2583 970 2636 Σὺ
988 2582 1046 2636 δὲ
1070 2582 1146 2654 μὴ
1162 2580 1466 2653 θορυϐηθῇς
1489 2578 1722 2645 ἀκούων,
1741 2579 1823 2632 δτι
1840 2578 2012 2632 ταῦτα

424 2672 507 2745 τῷ
536 2674 713 2744 Πατρὶ
765 2672 1062 2742 λογίζεται.
1111 2672 1188 2726 Οὐ
1216 2672 1323 2745 γὰρ
1357 2671 1519 2726 αὐτὸν
1546 2669 1865 2741 ἀποστερῶν
1903 2668 2012 2722 τῶν

427 2762 867 2834 κατορθωμάτων
887 2762 1059 2816 ταῦτά
1091 2778 1277 2831 φησιν,
1322 2759 1458 2814 ἀλλά
1487 2760 1555 2813 τά
1584 2758 1678 2813 τοῦ
1711 2759 1907 2823 Παιδὸς
1933 2758 2011 2829 τῷ

426 2854 603 2926 Πατρὶ
656 2854 947 2917 ἀνατιθεὶς,
979 2854 1167 2924 ὥσπερ
1211 2853 1305 2906 καὶ
1358 2853 1431 2905 τά
1474 2853 1566 2906 τοῦ
1602 2854 1816 2926 Ila-:90;
1845 2852 2009 2907 αὑτοῦ

428 2963 592 3017 φησιν
619 2941 778 3000 εἶναι·
824 2945 1030 3000 Πάντα
1055 2946 1162 3016 γὰρ
1209 2947 1281 3000 τὰ
1336 2945 1447 3015 ἐμὰ
1479 2945 1562 3000 σά
1589 2946 1780 3007 ἐστιν,
1814 2946 1911 2999 καὶ
1942 2946 2013 3001 τὰ

426 3036 509 3090 σὰ
537 3035 669 3105 ἐμά.
710 3036 862 3089 Ἐπεὶ
901 3036 997 3089 καὶ
1032 3038 1161 3108 περί
1186 3036 1285 3107 τῆς
1314 3036 1661 3100 ἀναστάσεως
1683 3036 1711 3088 ό
1740 3036 1839 3105 μὲν
1862 3034 2010 3088 Παῦ-

425 3125 515 3188 λος
541 3125 917 3197 διαλεγόμενος
935 3126 1105 3196 λέγει,
1134 3128 1217 3181 ὅτι
1270 3126 1333 3180 '0
1366 3126 1511 3194 Θεὸς
1543 3126 1731 3182 αὐτὸν
1772 3126 2011 3197 ἤγειρεν

425 3216 495 3270 ἐκ
526 3216 775 3285 νεκρῶν·
807 3219 836 3271 ό
861 3217 917 3272 δέ
948 3218 1201 3288 Ἰωάννης
1250 3218 1404 3289 φησί·
1452 3219 1692 3273 Λύσατε
1732 3218 1841 3272 τὸν
1861 3217 2015 3273 ναὸν

424 3307 643 3363 τοῦτον
680 3307 779 3361 καὶ
806 3309 875 3361 ἐν
903 3308 1104 3377 τρισὶν
1135 3308 1381 3378 ἡμέραις
1409 3309 1589 3380 ἐγερῶ
1617 3311 1824 3367 αὐτόν.
1858 3312 1923 3364 Τί
1955 3311 2012 3364 δέ

426 3401 597 3463 ἐστιν,
652 3401 901 3454 Ἕλαιον
949 3399 1403 3470 ἀγαλλιάσεως;
1459 3402 1569 3456 Καὶ
1619 3404 1729 3474 μὴν
1775 3403 1940 3474 ἐλαίῳ
1983 3405 2013 3457 ὁ

426 3490 660 3562 Χριστὸς
697 3490 932 3562 οὐδαμοῦ
977 3491 1221 3561 ἐχρίσθη,
1246 3491 1384 3546 ἀλλά
1415 3493 1693 3565 Πνεύματι
1716 3495 1875 3566 ἁγίῳ.
1912 3495 2013 3548 Διά

425 3579 585 3633 τοῦτο
609 3580 944 3652 προσέθηκε,
979 3583 1143 3652 Παρὰ
1162 3584 1306 3651 τοὺς
1318 3586 1617 3655 μετόχους
1645 3601 1782 3640 σου·
1809 3586 1966 3639 τοῦτο
1982 3598 2007 3626 τι

427 3671 560 3725 αὐτὸ
583 3671 781 3744 δηλῶν,
808 3673 889 3727 ὅτι
919 3674 1095 3739 οὐδεὶς
1128 3674 1302 3741 οὕτως
1349 3678 1424 3742 ῶς
1452 3677 1634 3742 αὑτός.
1666 3677 1859 3731 Πολλοὶ
1911 3678 2009 3747 μὲν

424 3764 536 3835 γὰρ
564 3763 671 3835 πρὸ
715 3765 879 3819 αὑτοῦ
932 3767 1163 3838 χριστοὶ,
1199 3767 1373 3834 οὑτως
1424 3769 1480 3822 δὲ
1529 3770 1653 3825 οὑδὲ
1683 3766 1782 3834 εἷς·
1816 3770 2006 3843 ῶσπερ

425 3855 615 3908 πολλοὶ
637 3854 822 3926 ἀμνοὶ,
842 3857 1003 3920 αὑτὸς
1029 3857 1087 3911 δέ
1118 3858 1393 3931 ἐξαίρετος
1423 3860 1472 3900 b'
1509 3860 1651 3914 οὕτω
1676 3862 1860 3915 πολλοὶ
1879 3864 2006 3927 υἱοὶ,

425 3946 589 4010 αὐτὸς
612 3946 668 4000 δὲ
698 3947 727 3999 ό
760 3949 1094 4021 Μονογενής.
1115 3950 1301 4005 Πάντα
1327 3950 1435 4023 γάρ
1453 3951 1524 4005 τὰ
1542 3951 1709 4007 αὑτοῦ
1735 3950 2007 4025 ἐξαίρετα,

424 4037 487 4090 ού
531 4037 600 4092 τὰ
633 4039 732 4109 τῆς
762 4038 1014 4111 θεότητος
1055 4040 1237 4112 μόνον,
1270 4041 1406 4096 ἀλλά
1439 4043 1627 4097 καὶτὰ
1670 4042 1773 4114 τῆς
1802 4046 2010 4100 οἰκονο-

430 4126 581 4198 μίας·
625 4129 899 4201 πνεύματι
948 4133 1059 4203 γάρ
1091 4133 1267 4198 οὐδεὶς
1299 4135 1524 4207 ἐχρίσθη
1572 4136 1818 4207 τοιούτῳ.
1847 4137 1911 4191 Εἰ
1952 4138 2010 4192 δὲ

426 4220 606 4273 ἔλαιον
633 4221 766 4275 αὐτὸ
796 4222 972 4289 καλεῖ,
1023 4224 1098 4296 μὴ
1125 4224 1427 4298 θαυμάσῃς·
1461 4230 1746 4299 προφήτης
1782 4228 1891 4300 γὰρ
1910 4228 2007 4295 ὢν,

437 4312 999 4387 αἱνιγματωδέστερον
1044 4315 1194 4388 [176]
1230 4317 1553 4387 διαλέγεται.
1589 4319 1699 4372 Καὶ
1726 4319 1905 4384 καλῶς
1933 4316 2011 4373 εἰ-

427 4420 549 4470 πεν,
588 4405 1048 4475 Ἀγαλλιάσεως,
1084 4409 1170 4463 ἵνα
1197 4408 1367 4482 δείξῃ,
1415 4412 1495 4465 δτι
1541 4411 1900 4483 εὐφροσύνης.
1946 4412 2010 4466 '0

428 4497 539 4567 γάρ
562 4499 790 4567 καρπὸς
816 4500 923 4555 τοῦ
949 4504 1294 4573 Πνεύματος
1327 4504 1548 4573 ἀγάπη,
1573 4506 1748 4574 χαρὰ,
1774 4507 2005 4575 εἰρήνη.

430 4590 624 4653 Ἄλλος
636 4591 714 4656 δέ,
747 4592 961 4660 Ἐλαιῳ
991 4594 1350 4666 ἀγλαϊσμοῦ,
1377 4594 1550 4651 εἷπεν.
1569 4597 1626 4652 ’0
1655 4598 1999 4667 δὲἘϐραῖος,

430 4680 665 4747 Σασὼν,
695 4685 962 4752 τουτέστι,
1000 4686 1414 4758 καλλωπισμοῦ,
1447 4688 1625 4759 δόξης,
1672 4689 1900 4757 κόσμου.
1944 4690 2009 4745 Εἰ

429 4775 487 4829 δέ
512 4777 608 4831 καὶ
654 4778 1021 4851 εὐφροσύνης,
1054 4781 1149 4834 καὶ
1194 4781 1351 4834 τοῦτο
1406 4781 1624 4853 ἀληθές.
1663 4783 1876 4854 Ὥσπερ
1916 4779 2008 4837 οὖν

430 4868 702 4940 ῥομφαίαν
732 4870 990 4935 ἀκούσας,
1030 4871 1091 4924 οὑ
1127 4873 1402 4944 ῥομφαίαν
1442 4875 1602 4936 νοεῖς,
1630 4875 1725 4927 καὶ
1759 4873 1892 4944 βέλη
1915 4875 2010 4928 καὶ

430 4960 579 5026 τόξα,
612 4962 673 5013 οὐ
699 4961 827 5028 τόξα
852 4963 945 5016 καὶ
963 4963 1114 5036 βέλη,
1143 4964 1281 5018 ἀλλά
1296 4965 1395 5037 τὴν
1416 4966 1697 5037 ἐνέργειαν
1718 4965 1881 5020 αὑτοῦ
1913 4966 2009 5038 τὴν

430 5052 498 5105 τὰ
524 5052 749 5107 τοιαῦτα
771 5054 1217 5127 κατορθώσασαν,
1248 5057 1392 5128 ἆπερ
1432 5060 1710 5127 προεῖπον·
1741 5057 1883 5112 οὕτω
1917 5060 2011 5112 καὶ

431 5142 606 5198 ἔλαιον
630 5145 892 5211 ἀκούσας,
955 5148 1028 5219 μὴ
1070 5149 1257 5212 ἁπλῶς
1294 5148 1473 5203 ἔλαιον
1503 5148 1710 5218 νόμιζε,
1741 5148 1876 5203 ἀλλά
1910 5149 2010 5220 τὴν

432 5239 608 5307 χρῖσιν
633 5238 761 5293 νόει.
812 5240 922 5292 Καὶ
950 5242 1056 5312 γάρ
1106 5241 1166 5294 τὸ
1197 5241 1375 5294 ἔλαιον
1408 5241 1676 5312 σύμϐολον
1708 5241 1802 5295 τοῦ
1835 5241 2009 5295 Πνεύ-

432 5338 599 5395 ματος
646 5319 737 5396 ἦν,
776 5328 870 5383 καὶ
913 5328 973 5383 τὸ
1016 5328 1425 5401 προηγούμενον
1466 5329 1561 5383 καὶ
1606 5330 1905 5396 ἀναγκαῖον
1949 5328 2010 5383 τὺ

433 5414 657 5487 Πνεῦμα
694 5412 785 5489 ἦν.

488 5567 668 5635 fﬁpc,
689 5570 833 5635 τοῦτο
855 5586 1009 5635 usque
1030 5574 1090 5621 ad
1112 5578 1176 5631 ὡς
1196 5574 1353 5633 αὑτός,
1389 5575 1598 5624 deerant
1622 5574 1671 5622 in
1706 5572 1881 5623 Morel.

491 5626 530 5703 ιι,
558 5626 696 5703 gnos
739 5626 1001 5703 ἐξαιρέτως,
1051 5626 1351 5688 ιιοιίιηειεῖ
1386 5636 1513 5687 Infra
1566 5637 1665 5686 duo
1696 5649 1812 5686 mss.
1857 5636 2009 5692 οὐδεὶς

438 5689 619 5753 Ξχρίσθη
641 5689 873 5756 τοσούτῴ.

1195 260 1255 318 S.
1296 256 1582 319 JOANNIS
1619 254 2107 315 CIIRYSOSTOMI
2144 254 2461 315 ARCHIEP.
2497 259 3049 325 'CONSTANTINOP.

3575 272 3678 329 {98

2192 374 2396 429 Τούτου
2467 379 2651 433 τοίνυν
2722 377 2965 436 τοιούτου
3033 380 3183 447 ὄντος
3257 384 3422 453 μηδὲν
3490 386 3676 458 ἀμφί-

2103 464 2264 519 ϐαλλε
2317 468 2551 539 Χριστὸν
2596 470 2758 524 αὑτὸν
2800 472 3005 535 καλεῖν,
3038 473 3159 525 ἐπεὶ
3192 474 3287 527 καὶ
3336 468 3367 521 ὁ
3432 474 3679 548 Ἀϐραάμ

2102 555 2324 625 χριστὸς
2361 557 2628 618 ἐκαλεῖτο,
2670 560 2765 614 καί
2795 563 2844 613 οἱ
2886 565 3181 635 προφῆται,
3218 561 3334 616 ἀλλ’
3377 563 3438 617 οὑ
3477 565 3680 630 πάντες

2105 646 2272 717 ἐλαίῳ
2294 647 2645 720 ἐχρίσθησαν·
2702 652 2893 722 ὥσπερ
2924 653 3050 705 ὅταν
3104 652 3257 725 λέγῃ·
3290 654 3385 720 Μὴ
3417 654 3680 710 ἅπτεσθε

2108 733 2231 788 τῶν
2262 736 2527 805 χριστῶν
2558 756 2698 806 μου,
2732 741 2826 793 καὶ
2861 739 3071 804 ἐντοῖς
3098 741 3427 809 προφήταις
3441 758 3559 810 μου
3591 743 3678 813 μὴ

2107 827 2529 894 πονηρεύεσθε.
2559 829 2696 882 Πότε
2732 828 2789 881 δέ
2821 829 3043 902 ἐχρίσθη
3088 832 3116 883 ό
3139 830 3401 903 Χριστόςς
3425 832 3555 885 Ὅτε
3592 831 3668 895 ώς

2107 914 2165 965 ἐν
2216 915 2345 968 εῖδει
2392 918 2723 987 περιστερᾶς
2773 918 2833 971 τὸ
2882 917 3111 987 Πνεῦμα
3158 913 3321 990 ἦλθεν
3372 916 3461 971 ἐπ’
3488 914 3676 972 αὑτόν.

2107 1003 2385 1072 Μετόχους
2416 1003 2472 1057 δέ
2502 1002 2734 1057 ἐνταῦθα
2777 1004 2985 1067 πάντας
3028 1005 3183 1058 καλεῖ
3212 1006 3339 1069 τοὺς
3386 1020 3684 1076 πνευματι-

2109 1094 2258 1155 κοὺς,
2287 1092 2537 1164 καθάπερ
2573 1094 2822 1162 Ἰωάννης
2851 1092 3034 1163 φησίν·
3050 1092 3239 1162 Ἡμεῖς
3254 1091 3475 1158 πάντες
3492 1093 3559 1146 ἐκ
3573 1090 3682 1146 τοῦ

2109 1181 2503 1250 πληρώματος
2539 1181 2725 1235 αὐτοῦ
2756 1181 3067 1249 ἐλάϐομεν·
3099 1180 3226 1250 περὶ
3252 1180 3309 1233 δὲ
3348 1180 3537 1242 αὑτοῦ,
3558 1184 3683 1234 Οὐκ

2108 1268 2177 1321 ἐκ
2196 1269 2418 1336 μέτρου
2452 1265 2663 1322 δίδωσι
2720 1268 2788 1322 τὸ
2814 1267 3055 1338 Πνεῦμα
3080 1271 3113 1323 ό
3142 1270 3304 1334 Θεός.
3354 1269 3464 1323 Καὶ
3499 1268 3679 1333 πάλιν,

2122 1355 2343 1425 Ἔκχεῶ
2367 1356 2485 1410 ἀπὸ
2502 1355 2610 1411 τοῦ
2627 1357 2972 1426 Πνεύματός
2987 1374 3106 1425 μου
3125 1356 3224 1410 ἐπὶ
3244 1355 3449 1411 πᾶσαν
3462 1356 3679 1422 σάρκα.

2122 1444 2269 1496 Ἐκεῖ
2313 1444 2369 1496 δέ
2414 1443 2513 1496 οὑκ
2568 1442 2677 1496 ἀπὸ
2717 1442 2810 1497 τοῦ
2869 1442 3205 1513 Πνεύματος,
3250 1443 3367 1497 ἀλλ’
3392 1442 3684 1515 ὁλόκληρον

2110 1530 2170 1584 τὸ
2190 1530 2411 1601 Πνεῦμα
2436 1526 2589 1602 ἦλθε·
2616 1530 2696 1583 διὸ
2740 1531 2836 1585 καὶ
2861 1531 3084 1602 ἔφησεν·
3118 1532 3239 1584 Οὐκ
3259 1530 3329 1584 ἐκ
3346 1528 3568 1600 μέτρου
3596 1531 3685 1586 δί-

2109 1618 2296 1672 δωσιν
2315 1621 2348 1672 ό
2371 1619 2514 1685 Θεὸς
2551 1618 2617 1671 τὸ
2644 1619 2908 1687 Πνεῦμα.
2937 1619 3175 1688 Σμύρνα
3199 1618 3297 1672 καὶ
3329 1619 3561 1687 στακτὴ
3582 1621 3682 1675 καὶ

2112 1706 2341 1760 κασσία
2395 1705 2514 1760 ἀπὸ
2557 1704 2675 1759 τῶν
2727 1708 2970 1777 ἱματίων
3014 1724 3150 1762 σου.
3188 1707 3398 1771 Ἀλλος.
3441 1711 3543 1774 Εἰς
3578 1710 3686 1762 τόν

2112 1794 2429 1862 ἱματισμόν
2443 1807 2582 1848 σου.
2615 1793 2826 1859 Ἄλλος,
2852 1793 3053 1848 Πάντα
3082 1795 3154 1848 τὰ
3184 1794 3383 1865 ἱμάτιά
3402 1811 3538 1851 σου.

2185 1922 2237 1978 ι’.
2278 1922 2434 1987 Τινὲς
2460 1923 2557 1994 μὲν
2585 1918 2678 1977 οὖν
2708 1941 2859 1993 φασι,
2887 1925 2979 1979 τὸν
3022 1924 3191 1995 τάφον
3219 1926 3550 1981 αἰνίττεσθαι
3596 1927 3686 1982 διὰ

2112 2008 2315 2062 τούτων
2356 2009 2447 2063 τὸν
2488 2013 2792 2082 προφήτην,
2839 2010 2987 2065 ἄλλοι
3018 2012 3097 2075 δέ,
3145 2013 3207 2066 τὸ
3244 2012 3680 2084 ἐνηλλαγμένονα

2112 2097 2209 2167 τῆς
2248 2098 2481 2168 κρίσεως
2519 2098 2731 2170 δηλοῦν.
2768 2097 2845 2154 Ού
2888 2099 2996 2171 γὰρ
3019 2102 3085 2155 ἐκ
3109 2102 3314 2156 τούτων
3351 2104 3461 2156 τῶν
3497 2104 3685 2175 μύρων

2110 2184 2172 2237 τὸ
2205 2188 2414 2255 χρῖσμα
2463 2186 2736 2240 συνέκειτο
2786 2187 2847 2240 τὸ
2894 2186 3145 2255 παλαιὸν,
3193 2188 3307 2242 ἀλλ’
3347 2188 3407 2256 ἐξ
3454 2191 3680 2263 ἐτέρων.

2113 2274 2222 2325 Καὶ.
2242 2274 2329 2327 ῖνα
2355 2273 2550 2345 μάθῃς,
2578 2275 2659 2328 ὅτι
2679 2274 2864 2347 ἕτερος
2888 2277 3119 2347 κρίσεως
3141 2277 3341 2349 τρόπος
3363 2270 3517 2342 οὗτός
3541 2281 3684 2338 ἐστι,

2112 2362 2178 2431 τῇ
2204 2360 2434 2432 διαφορᾷ
2478 2361 2586 2415 τῶν
2628 2362 2769 2414 ὑλῶν
2815 2363 2915 2434 τὴν
2947 2363 3209 2436 διαφορὰν
3261 2365 3359 2436 τῆς
3407 2367 3686 2437 ἐνεργείας

2112 2448 2365 2520 ἐδήλωσε.
2396 2448 2468 2503 Τὸ
2503 2450 2582 2514 δέ,
2629 2451 2770 2506 Ἀπὸ
2796 2450 2915 2504 τῶν
2954 2454 3198 2521 ἱματίων
3224 2470 3361 2520 σου,
3392 2454 3684 2518 δείκνυσιν,

2111 2535 2193 2588 ὅτι
2230 2537 2323 2589 καὶ
2352 2535 2420 2589 τά
2464 2536 2653 2607 ἱμάτια
2682 2538 2845 2591 αὑτοῦ
2883 2539 2980 2609 τῆς
3030 2541 3249 2611 χάριτος
3282 2541 3498 2611 ἔγεμεν.
3528 2541 3687 2596 Οὕτω

2112 2624 2242 2691 γοῦν
2277 2625 2309 2694 ἡ
2345 2624 2645 2696 αἰμόρρους
2678 2626 2804 2690 τοὺς
2844 2626 2953 2680 τῶν
2993 2628 3239 2697 αἱμάτων
3269 2629 3469 2701 ἔπτησε
3521 2648 3686 2701 κρουο-

2112 2711 2294 2777 νοὺςά,
2327 2711 2421 2765 τοῦ
2445 2712 2752 2783 κρασπέδου
2791 2714 3067 2785 ἁψαμένη.
3104 2716 3226 2768 Εἴτε
3262 2716 3319 2769 δὲ
3350 2716 3527 2779 τοῦτο,
3571 2717 3686 2770 εἴτε

2111 2802 2290 2854 ἐκεῖνο
2333 2801 2666 2871 ἐκληπτέον,
2707 2802 2880 2867 οὐδεὶς
2917 2801 3114 2856 κωλύει
3159 2802 3348 2871 λόγος·
3401 2805 3689 2876 ἀμφότερα

2112 2887 2220 2959 γάρ
2263 2888 2387 2959 ἐμοὶ
2432 2888 2727 2943 άποδεκτά.
2777 2889 2986 2963 Ὥσπερ
3014 2885 3107 2943 οὖν
3142 2890 3317 2959 (οὐδὲν
3344 2890 3454 2962 γὰρ
3487 2891 3686 2949 κωλύει

2114 2974 2276 3029 πάλιν
2308 2975 2376 3028 τὰ
2413 2975 2555 3028 αὑτά
2591 2974 2790 3045 λέγειν)
2826 2975 2980 3039 τόξον
3013 2978 3107 3030 καὶ
3140 2978 3415 3047 ῥομφαίαν
3445 2978 3684 3038 ἀκούων,

2114 3062 2211 3118 καὶ
2244 3062 2345 3116 ὅσα
2374 3060 2595 3115 τοιαῦτα
2617 3103 2631 3125 ,
2664 3063 2764 3115 οὐκ
2789 3062 3058 3133 αἰσθητῶς
3084 3064 3303 3127 ἀκούεις
3324 3082 3340 3097 ν
3373 3064 3515 3118 οὕτω
3552 3068 3689 3137 μηδὲ

2116 3148 2379 3221 σμύρναν,
2419 3148 2554 3220 μηδέ
2598 3150 2829 3203 κασσίαν
2871 3150 3129 3216 ἀκούσας,
3158 3151 3431 3223 αἰσθητῶς
3465 3155 3686 3224 νοήσῃς,

2113 3236 2248 3290 ἀλλά
2291 3235 2512 3307 νοερῶς.
2555 3236 2699 3290 Ἀπὸ
2731 3235 2970 3305 ,ϐάρεων
3017 3237 3439 3306 ἐλεφαντίνων,
3491 3240 3561 3305 ἐξ
3599 3234 3691 3294 ὧν

2111 3325 2422 3396 εὔφρανάν
2460 3340 2537 3379 σε
2584 3325 2901 3395 θυγατέρες
2942 3326 3254 3390 ,ϐασιλέων
3306 3327 3378 3381 ἐν
3422 3329 3497 3398 τῇ
3543 3330 3688 3400 τιμῇ

2112 3430 2247 3468 σου.
2289 3413 2480 3477 ’Ἄλλος
2502 3412 2689 3483 φησὶν,
2732 3412 2871 3465 Ἀπὸ
2899 3411 3061 3466 ναῶν
3082 3413 3508 3483 ἐλεφαντίνων,
3548 3416 3691 3471 ὅθεν

2111 3500 2421 3571 εὐφρανῶ·
2455 3516 2548 3563 σε,
2576 3499 2646 3553 ἐν
2678 3496 2769 3565 τῷ,
2791 3499 2967 3569 τιμᾷν
2993 3515 3067 3554 σε
3094 3511 3141 3556 ο.
3173 3502 3388 3569 Ἄλλος,
3420 3504 3524 3558 Ἐν
3560 3505 3689 3571 τοῖς

2111 3588 2381 3654 ἐνδόξοις
2409 3602 2546 3641 σου.

2180 3673 2363 3729 Εἰπὼν
2384 3675 2420 3729 ἀ
2436 3673 2785 3748 κατώρθωσε,
2815 3674 3076 3744 λέγεικαὶ
3098 3675 3197 3747 τὴν
3219 3676 3329 3729 ἀπὸ
3353 3677 3461 3730 τῶν
3491 3696 3689 3750 κατορ-

2112 3763 2379 3834 θωμάτων
2416 3762 2581 3818 αὑτοῦ
2614 3761 3061 3833 ἀκολουθήσασαν
3087 3764 3287 3833 τιμήν·
3320 3765 3404 3818 δτι
3439 3766 3498 3818 ἐν
3540 3769 3691 3829 ναοῖς

2095 3899 2101 3905 .
2115 3851 2299 3922 μέλλει
2346 3849 2766 3922 προσκυνεῖσθαι
2798 3850 3136 3921 πολυτίμοις.
3180 3851 3253 3905 Τὸ
3298 3852 3408 3924 γάρ
3454 3853 3685 3907 παλαιὸν

2111 3937 2251 4009 αὕτη
2288 3937 2522 4009 μάλιστα
2560 3938 2595 4011 ή
2629 3936 2727 4007 ῦλη
2770 3937 2947 4009 τιμία,
2992 3943 3086 3992 καὶ
3118 3939 3584 4010 περισπούδαστος
3615 3937 3687 4012 ἦν

2110 4030 2143 4099 ή
2194 4028 2301 4082 ἀπὸ
2342 4028 2451 4081 τῶν
2490 4026 2871 4095 ἐλεφαντίνων.
2927 4025 3018 4080 Διὸ
3065 4026 3161 4081 καὶ
3204 4026 3361 4091 ἄλλος
3400 4030 3688 4099 προφήτης

2112 4116 2316 4185 ἔλεγεν·
2347 4115 2492 4170 Οὐαὶ
2526 4117 2581 4168 οἰ
2609 4113 3004 4180 καθεύδοντες
3043 4113 3143 4167 ἐπὶ
3178 4112 3405 4168 κλινῶν
3430 4116 3687 4185 ἐλεφαν-

2110 4205 2310 4260 τίνων.
2336 4203 2446 4256 Καὶ
2476 4202 2714 4256 δείκνυσι
2749 4200 2911 4255 πάλιν
2934 4200 3097 4254 ὅτιτὸ
3125 4199 3276 4272 [177]
3302 4202 3559 4273 κήρυγμα
3586 4203 3689 4256 οὑκ

2115 4288 2339 4344 ἰδιωτῶν
2372 4288 2567 4358 ἅψεται
2597 4288 2775 4359 μόνον,
2808 4286 2943 4341 ἀλλά
2968 4289 3063 4340 καὶ
3095 4286 3370 4357 βασιλείας
3409 4288 3684 4354 ὑποτάξει,

2111 4379 2206 4432 καὶ
2255 4378 2650 4447 ἀναστήσουσιν
2692 4375 2844 4446 αὑτῷ
2882 4376 3062 4439 οἴκους
3102 4373 3454 4445 πολυτίμους.
3499 4376 3688 4432 Ταῦτα

2110 4465 2213 4536 ἥδη
2236 4465 2430 4537 ὁρᾶται
2477 4463 2571 4517 ἐπὶ
2600 4463 2708 4518 τῶν
2741 4463 3086 4533 πραγμάτων
3112 4462 3392 4532 γινόμενα.
3420 4463 3689 4535 Βουλόμε-

2112 4569 2199 4616 νος
2247 4550 2356 4622 γὰρ
2393 4551 2424 4603 ὁ
2469 4550 2755 4621 προφήτης
2802 4549 2973 4614 δεῖξαι
3016 4548 3109 4602 τοῦ
3167 4548 3525 4622 κηρύγματος
3589 4553 3690 4622 τὴν

2116 4640 2289 4710 ἰσχὺν,
2314 4638 2461 4708 λέγει
2481 4637 2601 4702 πῶς
2631 4632 2765 4703 εἷλε,
2792 4638 2909 4703 πῶς
2932 4637 3267 4709 ἐχειρώσατο
3290 4642 3573 4707 γυναῖκας,
3605 4640 3693 4694 ἆν-

2112 4728 2263 4801 δρας.
2290 4727 2527 4795 ἰδιώτας,
2555 4726 2860 4791 πλουσίους,
2901 4727 3100 4789 αὐτοὺς
3127 4727 3252 4789 τοὺς
3281 4728 3352 4779 τά
3385 4725 3691 4797 διαδήματα

2104 4818 2548 4890 ¹περικειμένους,
2582 4818 2677 4871 καὶ
2701 4816 2802 4878 τάς
2838 4815 3188 4878 συνοικούσας
3216 4816 3417 4879 αὐτοῖς,
3452 4815 3528 4878 ώς
3553 4831 3688 4868 παν-

2109 4905 2276 4977 ταχοῦ
2309 4906 2471 4968 ναοὺς
2496 4904 2730 4975 ἐγείρειν
2747 4901 2824 4973 τῷ
2843 4900 2982 4972 Θεῷ.
3011 4901 3143 4956 Εἶτα
3172 4902 3359 4973 ἐπειδὴ
3388 4901 3574 4955 λοιπὸν
3610 4903 3691 4965 εἰς

2109 4994 2297 5047 τοῦτον
2336 4993 2496 5065 ἐξέϐη
2533 4992 2626 5046 τὸν
2662 4992 2839 5061 λόγον,
2881 4990 3215 5063 πλατύτερον
3257 4991 3418 5045 αὑτὸν
3448 4991 3687 5061 ὑφαίνει,

2109 5082 2236 5145 τοὺς
2272 5079 2616 5152 θεραπευτὰς
2650 5078 2815 5133 αὑτοῦ
2848 5080 2942 5133 καὶ
2972 5079 3157 5141 ἱκέτας
3183 5077 3537 5149 ὑπογράφων.
3576 5078 3690 5131 Kal

2112 5169 2228 5234 πῶς
2257 5169 2376 5223 λαοὶ
2407 5168 2679 5223 ὑπέπεσον
2707 5168 2943 5233 δεικνὺς,
2985 5167 3104 5230 πῶς
3123 5166 3225 5238 τῆς
3251 5165 3477 5238 καρδίας
3511 5165 3690 5219 αὑτῶν

2176 5332 2202 5360 ε
2241 5327 2349 5377 Duo
2397 5341 2514 5376 mss.
2564 5329 2648 5390 μέν

2111 5392 2277 5453 φήτ-ην·
2312 5389 2436 5457 τινὲς
2472 5390 2539 5457 δέ,
2562 5389 2647 5457 τῄν
2698 5389 3090 5457 ἐναλλαγὴν-τῶν
3138 5389 3275 5457 εἰδῶν

2109 5448 2207 5507 νον,
2228 5456 2283 5500 et
2315 5453 2387 5500 sic
2423 5452 2550 5510 legit
2583 5451 2836 5518 imefpres
2860 5448 3111 5518 fgddeps;
3149 5450 3196 5498 Ν
3201 5448 3544 5518 οηιῃιιιῖσοετο,
3576 5460 3666 5508 spe

2108 5525 2292 5563 aerum
2310 5509 2587 5562 varwuitem
2609 5509 2827 5561 indicare
2847 5509 3172 5561 diversitatem
3190 5509 3440 5559 unctionis.

2172 5573 2199 5612 ἆ
2229 5573 2366 5636 Unus
2394 5576 2426 5632 ἡ
2469 5571 2795 5636 αἱμορροοῦσα
2814 5573 2897 5636 τὰς
2917 5574 3013 5621 τῶν
3042 5572 3256 5636 αἱμάτων
3293 5572 3470 5636 ἔστησε
3510 5568 3687 5630 πηγάς.

2175 5650 2199 5675 ε
2236 5635 2371 5695 Hac,
2408 5636 2458 5698 ᾖν
2495 5632 2567 5696 τῷ
2586 5632 2728 5698 τὶ-μᾷν
2765 5650 2839 5691 σε,
2864 5632 3144 5698 deeranliu
3171 5632 3344 5698 Mqrel.
3382 5633 3497 5682 Haec
3520 5637 3691 5679 autem

2111 5700 2263 5749 lectio
2299 5706 2375 5747 est
2400 5695 2710 5757 Symmachi}
2738 5707 2955 5757 sequens
2975 5696 3141 5745 nescio
3168 5695 3323 5756 cujus.

2761 5345 2825 5401 ει.
2855 5328 2936 5401 τὸν
2959 5327 3107 5401 τάξον
3143 5327 3427 5401 εὶνὲπεσραε
3459 5325 3541 5401 τεν
3571 5341 3690 5399 πρε-

2721 5390 2974 5450 ναλλαγήνγ
2993 5387 3090 5436 τῶν
3138 5389 3275 5436 εἰδῶν
3314 5389 3389 5450 τὸ,
3402 5387 3692 5447 ἐνηλλαγμέ-
