4140 6356
460 322 549 387 tri?
1257 387 1268 393 ,Δ
1531 315 1897 377 EXPOSITIO
1925 313 1991 370 1N
2028 311 2348 368 PSALMUM
2388 307 2566 366 XLIV.

459 449 512 501 in
534 445 622 515 jus
650 458 864 506 vocans,
902 441 1006 496 tuis
1034 439 1262 510 peccatis
1291 437 1391 492 alia
1422 434 1695 503 adjicicns.
1724 431 1840 486 Non
1870 428 2021 484 audis

451 539 764 610 prophetam
799 537 850 591 ei
875 536 1172 589 dicentem:
1208 531 1363 602 Virga
1388 528 1692 589 directionis,
1721 527 1859 592 virga
1887 523 2027 591 regni

453 635 524 685 tui
543 633 566 684 ?
587 631 655 685 Et
683 644 866 683 rursus
895 627 1028 680 alius
1054 644 1066 677 :
1097 624 1354 677 Iudicium
1378 623 1506 691 ejus,
1539 618 1726 688 inquit,
1763 629 2020 684 tamquam

451 725 540 778 tua:
568 723 718 777 exibit
754 720 904 790 (Osee
954 719 1006 772 6.
1035 719 1068 773 5
1091 716 1130 781 ).
1155 715 1303 784 Quod
1336 715 1376 767 si
1409 728 1515 766 non
1548 711 1682 764 nosti
1711 709 1886 762 omnia
1910 723 2026 775 qua:

453 824 574 868 sunt
601 814 673 866 tui
700 810 932 873 Domini,
963 819 1249 878 propterea
1266 821 1389 861 eum
1407 803 1577 876 gloria
1594 798 1765 868 ofﬁce,
1779 807 2029 870 pr0pter-

455 919 517 958 ea
543 920 668 960 eum
714 901 944 954 maxime
972 899 1157 959 adora,
1189 902 1404 963 propter
1431 889 1752 944 ineﬂ'abi‘lem
1776 887 1891 955 ejus
1919 901 2033 938 ma-

454 997 723 1062 jestatcm,
759 997 973 1058 propter
997 980 1586 1052 incomprehensibilem
1609 978 1725 1047 ejus
1751 975 2032 1046 providen-

458 1090 602 1149 tiam,
635 1094 851 1154 propter
875 1079 1078 1135 variam
1107 1094 1170 1132 ac
1194 1076 1489 1146 sapientem
1535 1073 1651 1143 ejus
1679 1072 2028 1126 curationem.

459 1175 692 1230 Dilexisti
699 1174 968 1245 justitiam,
993 1181 1040 1224 et
1063 1169 1212 1223 odisti
1234 1166 1565 1236 iniquitatem.
1593 1163 1875 1232 Postquam
1894 1161 2036 1213 enim

459 1266 704 1334 superius
731 1264 863 1318 dixit
885 1261 1136 1330 praaclara
1177 1257 1292 1328 ejus
1324 1256 1481 1321 facta,
1509 1253 1777 1314 victorias,
1809 1261 2028 1319 tropaea,

459 1358 681 1412 salutem
708 1355 854 1409 orbis
877 1362 1164 1415 terrarum,
1211 1347 1352 1420 quod
1379 1362 1500 1402 eam
1543 1347 1763 1400 veritate
1792 1343 2034 1413 replevit,

461 1447 598 1518 quod
631 1443 1057 1508 mansuetudine,
1089 1439 1230 1511 quod
1271 1438 1496 1509 justitia,
1546 1435 1834 1490 ostendens
1880 1434 2040 1488 luisse

463 1538 653 1592 rati0ui
695 1544 1110 1590 consentaneum
1142 1541 1198 1585 ut
1225 1531 1339 1584 lucc
1371 1528 1579 1594 ﬁerent,
1609 1527 1848 1595 loquitur
1884 1524 2039 1578 dein-

463 1643 587 1696 ceps
608 1626 674 1680 de
699 1626 954 1696 dignitate
982 1624 1098 1692 ejus
1141 1623 1230 1691 qui
1258 1621 1344 1674 illa
1395 1619 1540 1684 fecit,
1582 1625 1883 1671 monstrans
1919 1630 2042 1670 eum

466 1719 626 1773 fuisse
660 1720 845 1782 Detnn,
874 1731 1076 1786 regem,
1109 1714 1214 1768 ﬁne
1241 1722 1538 1778 carentem,
1565 1711 1930 1779 incorruptum
1951 1708 2038 1778 ju-

467 1813 662 1876 dicem,
711 1811 978 1878 justorum
1023 1815 1353 1870 amatorem,
1383 1803 1536 1858 tnalis
1563 1803 1848 1856 infensum.
1894 1801 2042 1867 Quo-

468 1905 631 1968 niam,
665 1903 850 1972 inquit,
880 1906 961 1955 est
981 1898 1266 1968 ejusmodi,
1293 1907 1570 1966 propterea
1593 1896 1713 1948 talia
1737 1895 1805 1947 ab
1820 1908 1885 1948 eo
1905 1893 2046 1946 facta

468 2004 614 2050 sunt.
658 1994 822 2048 Nemo
864 2007 993 2062 ergo
1019 1992 1083 2045 de
1116 1991 1196 2044 his
1221 1989 1442 2043 dubitet.
1475 1987 1575 2054 Qui
1623 1987 1763 2040 enim
1792 2001 1856 2039 ea
1900 1985 2043 2050 fecit,

471 2103 532 2142 ca
565 2087 688 2143 fecit
711 2103 830 2142 cum
869 2094 923 2139 et
946 2092 1135 2154 posset
1172 2090 1229 2138 et
1266 2081 1443 2136 vellet.
1493 2081 1774 2147 Postquam
1823 2077 1891 2131 de
1917 2076 2050 2130 divi-

473 2181 638 2233 nitate
673 2178 975 2232 sublimiora
1022 2174 1175 2239 dixit,
1217 2173 1502 2228 revertitur
1533 2170 1599 2223 ad
1638 2168 1958 2238 loquendum
1983 2166 2052 2221 de

473 2287 651 2334 carne,
681 2280 739 2324 et
785 2269 857 2322 ait
903 2265 1224 2336 :Propterea
1275 2265 1424 2318 unxit
1452 2272 1498 2317 te
1528 2261 1682 2324 Deus,
1737 2259 1872 2314 Deus
1915 2268 2047 2312 tuus.

476 2364 624 2416 Alius
650 2361 778 2417 dicit
808 2379 822 2414 :
861 2359 1075 2429 Propter
1099 2358 1193 2410 hoc
1234 2357 1381 2410 unxit
1407 2364 1473 2408 te.
1504 2355 1579 2408 Eo
1607 2352 1744 2421 quod
1769 2353 1817 2404 in
1841 2351 1905 2404 iis
1932 2365 2052 2421 quin

476 2453 616 2507 dicta
643 2460 784 2515 sunt,
812 2461 864 2505 te
888 2459 1029 2505 recte
1059 2448 1308 2518 gesseris,
1337 2445 1663 2514 iniquitatem
1693 2443 1936 2512 ejeceris,
1967 2443 2056 2510 ju-

480 2543 675 2596 stitiam
714 2541 1028 2611 plantavrris
1054 2582 1068 2604 ,
1097 2548 1150 2593 et
1177 2555 1293 2607 qua:
1338 2536 1504 2591 fecisti
1530 2535 1740 2590 feceris.
1768 2533 1848 2588 Tu
1878 2544 2052 2588 autem

481 2649 550 2689 ne
591 2634 924 2689 conturberis
964 2632 1089 2686 dum
1125 2630 1276 2685 audis
1329 2629 1442 2683 lucc
1490 2628 1630 2682 Patri
1673 2625 1909 2680 attribui.
1939 2625 2053 2679 Non

484 2725 626 2780 enim
667 2724 719 2779 id
757 2724 881 2778 facit
911 2734 968 2776 ut
997 2737 1120 2777 eum
1165 2723 1336 2788 privet
1374 2727 1518 2773 recte
1545 2717 1696 2772 tactis
1723 2759 1736 2781 ,
1765 2716 1859 2772 sed
1889 2726 1946 2771 ut
1971 2731 2054 2777 ea.

483 2831 601 2885 quas
625 2823 749 2869 sunt
795 2813 938 2878 Filii,
968 2811 1107 2866 Patri
1155 2810 1442 2871 adscribet,
1487 2809 1573 2878 qui
1616 2824 1677 2863 ea
1707 2807 1890 2872 etiam,
1937 2822 2056 2875 qua!

483 2915 606 2962 sunt
624 2906 814 2970 Patris,
847 2921 938 2959 sua
967 2920 1086 2960 esse
1111 2903 1240 2957 dicit
1268 2921 1280 2953 :
1313 2901 1498 2954 Omnia
1526 2901 1688 2965 enim,
1723 2900 1913 2970 inquit,
1947 2915 2055 2951 mea

486 3009 571 3052 tua
597 3005 728 3061 sunt,
757 3008 806 3049 et
830 3007 914 3049 tua
941 3012 1051 3048 mea
1077 2993 1254 3063 (Joan.
1285 2995 1368 3047 17.
1402 2992 1526 3060 10).
1558 2992 1687 3045 Nam
1719 2992 1786 3045 dc
1815 3005 2056 3045 resurre-

486 3090 664 3142 ctione
715 3087 909 3142 Paulus
949 3085 1161 3156 quidem
1205 3084 1476 3139 disserens
1509 3083 1679 3138 dicit:
1714 3082 1850 3135 Deus
1892 3086 2059 3150 ipsum

485 3180 740 3234 suscitavit
779 3196 812 3232 a
835 3178 1044 3232 mortuis
1084 3177 1158 3245 (1.
1197 3175 1316 3231 Cor.
1347 3175 1400 3230 6.
1433 3173 1552 3241 N);
1581 3173 1814 3228 Joannes
1838 3182 2013 3227 autem
2041 3193 2052 3226 :

489 3271 684 3326 Solvite
703 3271 944 3339 templum
973 3269 1088 3334 hoc,
1115 3275 1160 3321 et
1186 3268 1240 3320 in
1266 3266 1423 3320 tribus
1444 3265 1616 3319 diebus
1646 3263 1871 3318 excitabo
1892 3264 2060 3333 ipsum

489 3360 668 3431 (Joan.
692 3361 749 3414 2.
782 3362 908 3430 19).
941 3359 1076 3424 Quid
1113 3367 1198 3412 est
1223 3367 1397 3411 autem
1426 3356 1602 3410 oleum
1642 3355 1879 3409 lmtitite?
1903 3355 2058 3423 Atqui

489 3455 732 3510 Christus
760 3469 1018 3521 nusquam
1037 3461 1226 3505 unctus
1248 3459 1329 3505 est
1353 3451 1493 3515 oleo,
1518 3448 1610 3502 sed
1633 3448 1831 3518 Spiritu
1852 3457 2057 3502 sancto.

490 3546 561 3602 Et
584 3547 706 3601 ideo
727 3546 944 3615 adjecit,
998 3544 1115 3598 i’rte
1143 3543 1454 3596 consortibus
1483 3543 1580 3594 tuis
1613 3557 1631 3594 :
1662 3539 1762 3593 hoc
1785 3540 1955 3608 ipsum
1985 3540 2060 3591 si-

489 3637 764 3708 gniﬁcans,
800 3636 1064 3690 neminem
1087 3635 1158 3688 ita
1189 3643 1404 3688 unctum
1431 3632 1590 3686 fuisse
1609 3639 1667 3684 ut
1695 3631 1808 3700 ipse
1841 3630 1880 3682 ¹.
1907 3630 2050 3683 lllulti

490 3730 632 3785 enim
679 3727 894 3782 fuerunt
935 3737 1056 3780 ante
1107 3726 1278 3794 ipsum
1321 3724 1524 3788 christi,
1559 3721 1608 3776 id
1641 3730 1745 3787 est,
1769 3721 1931 3784 uncti,
1970 3720 2061 3773 sed

490 3839 648 3880 nemo
673 3824 751 3878 sic
776 3840 788 3876 :
813 3823 951 3875 sicut.
980 3820 1137 3875 etiam
1168 3822 1285 3888 agni
1321 3817 1492 3882 multi,
1515 3815 1608 3870 sed
1647 3814 1761 3884 ipse
1785 3814 2009 3868 eximius
2043 3830 2056 3864 :

491 3915 569 3969 sic
589 3923 643 3969 et
671 3913 819 3968 multi
849 3911 964 3976 ﬁlii,
990 3909 1084 3966 sed
1113 3910 1228 3978 ipse
1255 3907 1589 3977 Unigenitus.
1614 3905 1750 3960 Sunt
1779 3905 1918 3958 enim
1943 3918 2061 3956 om-

492 4007 578 4060 nia
608 4006 725 4074 ejus
753 4005 966 4069 eximia,
1000 4017 1102 4056 non
1121 4016 1181 4056 ea
1208 4001 1379 4054 solum
1405 4014 1522 4068 qua:
1548 3997 1812 4066 pertinent
1835 3994 1901 4048 ad
1929 3993 2063 4047 divi-

493 4099 734 4162 nitatem,
762 4096 854 4151 sed
884 4110 945 4150 ea
983 4095 1142 4148 etiam
1196 4108 1313 4162 qua:
1350 4090 1416 4144 ad
1444 4087 1824 4142 humanitatem
1861 4103 1873 4136 :
1907 4098 2064 4137 nemo

493 4191 634 4243 enim
682 4199 868 4242 unctus
917 4193 1001 4240 est
1043 4183 1133 4238 tali
1179 4182 1389 4252 spiritu.
1421 4179 1477 4234 Si
1523 4179 1572 4231 id
1620 4190 1796 4231 autem
1832 4173 2062 4244 appellat

494 4280 688 4342 oleum,
719 4293 784 4332 ne
812 4275 1022 4332 mireris
1057 4294 1071 4328 :
1103 4289 1225 4327 nam
1251 4288 1370 4327 cum
1400 4269 1655 4340 propheta
1700 4266 1788 4331 sit,
1832 4265 2064 4332 loquitur

496 4371 651 4439 paulo
674 4367 951 4422 obscurius
993 4375 1048 4420 et
1077 4364 1241 4432 magis
1281 4360 1629 4430 tenigmatice.
1667 4357 1831 4412 Recte
1877 4366 2060 4409 autem

495 4462 646 4523 dixit,
697 4458 1082 4521 Exsultationis,
1125 4463 1183 4510 ut
1223 4453 1526 4508 ostenderet
1576 4450 1626 4503 id
1675 4464 1796 4504 esse
1843 4448 2061 4502 laatitite.

497 4551 716 4606 Fructus
741 4552 882 4604 enim
913 4548 1136 4619 Spiritus
1157 4556 1226 4600 est
1249 4544 1478 4609 dilectio,
1504 4543 1765 4614 gaudium,
1799 4557 1900 4610 pax
1920 4538 2060 4612 (Gal.

570 4639 682 4713 22).
713 4641 861 4694 Alius
884 4649 1059 4692 autem
1093 4635 1221 4690 dicit
1245 4653 1257 4687 :
1285 4634 1407 4687 ()leo
1450 4631 1718 4686 venustatis
1736 4632 1780 4682 ³.
1812 4629 2064 4683 Hebraeus

497 4747 643 4796 vero,
672 4731 862 4794 Sason,
909 4729 1008 4782 hoc
1051 4736 1133 4781 cst
1168 4724 1463 4794 elegantia},
1495 4721 1698 4791 gloriae,
1741 4719 2060 4774 ornamenti.

497 4822 587 4876 Sin
611 4832 788 4876 autem
814 4821 884 4873 sit
927 4818 1142 4880 lrctitim,
1167 4815 1218 4869 id
1240 4829 1450 4884 quoque
1478 4827 1659 4866 verum
1702 4819 1807 4866 est.
1841 4809 1910 4865 Ut
1935 4823 2065 4877 ergo

496 4930 614 4969 cum
659 4910 904 4967 audivisti
951 4907 1206 4978 gladium,
1244 4904 1476 4975 gladium
1522 4918 1626 4958 non
1671 4900 1959 4970 intelligis:
2013 4908 2069 4952 et

497 5020 614 5059 cum
648 5018 828 5058 arcum
879 5010 932 5054 et
963 5000 1198 5070 sagittas,
1246 5013 1352 5068 non
1399 5009 1555 5050 arcus
1604 5003 1660 5048 et
1696 4994 1930 5063 sagittas,
1973 4991 2067 5046 sed

496 5098 611 5166 ejus
631 5096 992 5164 operationem
1021 5093 1108 5161 qui
1136 5093 1248 5145 haec
1277 5090 1420 5154 fecit,
1457 5099 1514 5142 ut
1531 5088 1640 5157 jam
1664 5096 1786 5141 ante
1812 5086 1920 5141 dixi
1949 5103 1962 5138 :
1995 5087 2066 5139 ita

499 5204 620 5244 cum
648 5189 822 5242 oleum
849 5185 1100 5245 audieris,
1130 5197 1198 5236 ne
1238 5181 1411 5235 oleum
1442 5179 1614 5234 solum
1655 5179 1935 5239 arbitrare,
1973 5175 2066 5230 sed

500 5279 800 5332 unctionem
822 5275 1073 5344 intelligo.
1089 5273 1275 5328 Oleum
1295 5272 1434 5325 enim
1457 5281 1571 5324 erat
1593 5271 1800 5339 signum
1816 5267 2064 5337 Spiritus,

497 5385 583 5423 res
603 5379 778 5422 autem
809 5365 1112 5434 principalis
1131 5371 1188 5417 et
1214 5362 1509 5416 necessaria
1536 5369 1649 5415 erat
1676 5361 1920 5428 Spiritus.

558 5487 574 5518 ι
597 5493 701 5541 Ista,
719 5491 815 5532 Hoc
834 5480 992 5543 ipsum
1009 5477 1298 5543 signiﬁcans,
1312 5476 1556 5543 neminem
1576 5475 1645 5543 ita
1663 5478 1881 5543 (unctum
1898 5473 2068 5536 fuisse)

494 5554 544 5596 ut
566 5537 979 5608 ipse,'deera'ntin
995 5537 1177 5608 Μόνεῐ.2
1197 5539 1285 5588 scd
1309 5539 1356 5586 iu
1371 5545 1476 5608 atss.
1503 5547 1554 5587 et
1645 5537 1782 5586 Savil.
1809 5537 2064 5608 habentur.

556 5597 596 5640 ι’
610 5597 720 5656 (xeo
743 5601 1012 5654 venustatis.
1029 5609 1138 5651 Haec
1161 5603 1495 5662 interpretatio
1517 5605 1593 5648 est
1609 5597 1883 5662 Symmachi.
1904 5605 2064 5662 Sason,

493 5670 888 5746 “emicem
919 5683 932 5718 :
961 5676 1072 5726 quae
1094 5676 1206 5720 vox,
1244 5657 1401 5723 in'quit
1435 5657 1806 5744 Chrysosiomus,
1833 5657 2068 5720 signiﬁcat

495 5757 797 5824 degentium,
817 5753 1037 5820 gtoﬁam,
1061 5759 1405 5804 ornamentum.

3609 301 3628 352 1
3641 298 3708 352 93

2211 424 2400 477 Christi
2422 429 2579 476 vocati
2603 431 2717 474 sunt
2741 420 2884 472 multi
2905 416 3139 488 ;quondo
3168 425 3346 468 unctus
3368 413 3615 469 Christus.
3643 440 3715 452 —-

2137 514 2270 568 Cum
2300 514 2400 567 hoc
2430 528 2558 582 ergo
2583 512 2650 566 ita
2702 527 2760 565 se
2791 511 3001 574 habeat,
3036 523 3104 562 ne
3131 506 3310 560 dubita
3357 520 3476 560 eum
3520 517 3717 557 vocare

2137 605 2405 657 (Ihristum
2440 621 2452 656 :
2479 617 2598 655 nam
2636 600 2902 654 Abraham
2931 613 3140 669 quoque
3176 595 3540 666 appellabatur
3571 593 3716 647 chri-

2141 703 2276 760 stus,
2308 704 2365 748 et
2401 692 2695 762 propheta),
2724 691 2818 744 sed
2845 705 2950 744 non
2995 704 3183 742 omnes
3221 688 3343 740 oleo
3371 684 3518 740 uncti
3546 693 3670 739 sunt
3701 701 3716 737 :

2141 785 2586 854 quemadmodum
2603 798 2721 836 cum
2740 782 2868 835 dicit
2892 799 2905 834 :
2937 779 3106 832 Nolite
3120 789 3321 849 tangere
3335 778 3544 831 christos
3563 792 3717 836 meos,

2144 885 2189 928 et
2226 876 2279 929 in
2302 874 2555 946 prophetis
2589 873 2712 925 meis
2739 871 2893 925 nolite
2914 868 3180 940 malignari
3219 867 3386 936 (Psal.
3430 866 3550 920 101.
3587 867 3714 933 15).

2143 966 2364 1033 Quando
2393 973 2565 1018 autem
2594 973 2784 1016 unctus
2809 960 3144 1015 estClu‘istus
3161 959 3186 1009 't
3209 957 3428 1024 Quando
3445 968 3712 1026 tamquam

2145 1061 2198 1112 in
2225 1057 2484 1112 columba:
2509 1056 2686 1125 specie
2711 1053 2942 1123 Spiritus
2984 1067 3142 1120 super
3179 1066 3298 1105 eum
3329 1051 3473 1103 venit
3494 1056 3510 1119 (
3533 1048 3721 1102 Matth.

2145 1151 2198 1203 5.
2233 1149 2353 1219 16).
2385 1147 2671 1201 Consm'tcs
2699 1154 2874 1198 autem
2919 1142 3006 1196 hic
3054 1152 3207 1194 vocat
3247 1155 3434 1193 omnes
3477 1140 3726 1210 Spit‘illta—

2147 1242 2245 1304 les,
2274 1237 2719 1309 quemadmodum
2749 1234 2982 1289 Joannes
3008 1232 3136 1286 dicit
3165 1249 3178 1282 :
3212 1229 3322 1284 Nos
3347 1247 3516 1284 omnes
3539 1246 3599 1283 ea:
3621 1229 3727 1299 plr-

2147 1330 2376 1383 nitudine
2402 1330 2513 1398 ejus
2532 1327 2813 1396 accepimus
2836 1324 3012 1396 (Joan.
3040 1325 3088 1376 1.
3111 1322 3198 1393 16)
3234 1340 3246 1373 :
3280 1323 3346 1376 de
3369 1322 3482 1390 ipso
3510 1331 3684 1374 autem
3711 1338 3722 1371 :

2153 1421 2272 1476 Non
2303 1423 2370 1475 ad
2409 1435 2694 1473 mensuram
2721 1417 2807 1470 dat
2851 1416 3104 1486 Spiritum
3131 1413 3270 1466 Deus
3302 1412 3475 1486 (Joan.
3506 1413 3558 1466 5.
3588 1411 3725 1481 54);

2151 1525 2204 1568 et
2262 1526 2442 1565 rursus
2475 1527 2488 1563 :
2527 1508 2807 1575 E/fundam
2845 1507 2906 1559 de
2949 1504 3148 1576 Spiritu
3198 1519 3308 1556 meo
3349 1519 3499 1570 super
3537 1517 3732 1556 omnem

2152 1619 2352 1656 carnem
2386 1601 2544 1674 (Joel.
2573 1601 2625 1653 2.
2657 1598 2784 1667 28).
2815 1596 2924 1650 Illic
2949 1607 3123 1649 autem
3167 1610 3272 1647 non
3303 1609 3364 1647 ex
3395 1593 3612 1661 Spiritu,
3637 1592 3731 1646 sed

2154 1703 2294 1749 totus
2323 1693 2470 1747 venit
2504 1691 2767 1760 Spiritus;
2795 1699 2848 1742 et
2875 1687 2994 1741 ideo
3016 1686 3170 1751 dixit,
3205 1683 3327 1738 Non
3356 1684 3423 1737 ad
3448 1700 3732 1736 mensuram

2155 1787 2241 1838 ttat
2271 1784 2404 1838 Deus
2431 1783 2699 1852 Spiritum.
2727 1780 2781 1834 9.
2815 1777 3030 1849 Myrrha
3055 1817 3070 1842 ,
3101 1786 3146 1829 et
3175 1786 3337 1846 gutta,
3361 1784 3408 1828 et
3426 1775 3563 1828 casia
3585 1792 3616 1826 a
3655 1792 3735 1827 νε.

2155 1878 2398 1933 stimentis
2442 1878 2559 1929 tuis.
2605 1873 2774 1939 Alius,
2806 1871 2870 1926 In
2891 1873 3232 1925 vestimentum
3264 1879 3421 1921 tuum.
3460 1867 3630 1934 Alius,
3665 1868 3732 1920 in

2157 1988 2327 2024 οηιηίιδ
2351 1979 2504 2024 υειςιεε
2527 1979 2658 2021 tuas.

2232 2061 2316 2115 10.
2348 2058 2596 2114 Nonnulli
2628 2056 2842 2128 quidem
2865 2056 3041 2111 dicunt
3069 2055 3380 2126 prephelam
3409 2071 3504 2126 per
3531 2056 3643 2110 haec
3663 2055 3737 2107 si-

2158 2153 2410 2224 gniﬁcare
2440 2151 2797 2222 sepulturam;
2831 2148 3072 2202 nonnulli
3100 2163 3259 2214 vero,
3291 2148 3521 2200 indicare
3559 2147 3738 2199 diver-

2159 2249 2368 2301 sitatem
2401 2245 2682 2299 unctionis.
2722 2243 2904 2313 Neque
2942 2243 3082 2295 enim
3120 2241 3278 2294 ﬁebat
3304 2241 3430 2295 olim
3470 2239 3645 2294 unctio
3673 2255 3738 2293 ex

2163 2338 2244 2392 his
2278 2336 2578 2407 unguentis,
2611 2334 2704 2389 sed
2748 2349 2820 2388 ex
2849 2332 2986 2386 aliis.
3034 2331 3104 2384 Et
3132 2338 3188 2384 ut
3231 2331 3401 2384 discas
3443 2329 3584 2383 hunc
3621 2344 3740 2383 esse

2163 2431 2320 2484 alium
2351 2427 2562 2481 modum
2589 2425 2871 2490 unctionis,
2904 2438 2997 2493 per
3023 2422 3371 2476 diﬁ'crentiam
3404 2421 3741 2473 materiarum

2163 2519 2470 2589 signiﬁcavit
2493 2516 2843 2571 diﬁ'erentiam
2870 2511 3213 2582 operationis.
3235 2510 3365 2564 Illud
3382 2520 3579 2572 autem,
3599 2509 3643 2562 Α
3664 2527 3743 2562 ve-

2164 2616 2408 2667 stimentis
2436 2613 2560 2675 mis,
2591 2609 2824 2664 ostendit
2856 2608 2970 2677 ejus
2997 2620 3209 2675 quoque
3233 2615 3409 2658 vestes
3438 2603 3598 2656 fuisse
3626 2603 3743 2671 plc-

2168 2723 2262 2763 nas
2289 2707 2476 2777 gratia.
2503 2705 2630 2770 Quze
2658 2703 2834 2772 itaque
2857 2699 3128 2769 sanguinis
3161 2697 3418 2766 proﬂuvio
3445 2695 3741 2756 laborabat,

2167 2801 2438 2872 sanguinis
2470 2799 2614 2852 rivos
2649 2796 2928 2865 repressit,
2959 2808 3079 2848 cum
3115 2792 3276 2846 vestis
3318 2789 3579 2844 ﬁmbriam
3620 2792 3744 2842 atti-

2165 2895 2328 2964 gisset
2377 2890 2588 2960 (Matth.
2635 2891 2687 2943 9.
2716 2888 2833 2958 20).
2871 2886 2994 2941 Sive
3035 2885 3135 2940 hoc
3165 2897 3318 2952 ergo,
3351 2882 3463 2936 sive
3507 2880 3634 2934 illud
3675 2882 3745 2935 sit

2169 2983 2558 3054 accipiendum,
2586 2981 2730 3036 nulla
2771 2979 3016 3050 prohibet
3051 2977 3223 3031 ratio:
3256 2983 3382 3029 sunt.
3419 2973 3560 3028 enim
3602 2989 3629 3025 a
3658 2989 3746 3027 tne

2169 3088 2391 3150 utraque
2418 3075 2760 3133 admittenda.
2801 3074 2952 3130 Sicut
2979 3086 3106 3141 ergo
3137 3070 3289 3143 (nihil
3325 3070 3466 3124 enim
3497 3066 3746 3137 prohibet

2168 3172 2353 3228 eadem
2383 3185 2567 3224 rursus
2597 3167 2820 3237 dicere),
2852 3181 2973 3219 cum
3002 3179 3182 3217 arcum
3212 3171 3265 3218 et
3293 3161 3527 3232 gladium
3559 3159 3742 3221 audis,

2170 3274 2222 3318 et
2251 3278 2368 3332 quae
2398 3270 2522 3315 sunt
2551 3257 2808 3328 ejusmodi
2833 3297 2847 3321 ,
2877 3271 2980 3309 non
3007 3269 3070 3308 ea
3095 3253 3248 3306 audis
3281 3250 3519 3306 sensibili
3548 3265 3697 3304 more
3729 3265 3742 3300 :

2169 3356 2240 3408 ita
2270 3368 2370 3408 nec
2407 3367 2528 3407 cum
2565 3350 2834 3422 myrrham
2865 3356 2954 3401 aut
2980 3345 3176 3399 casiam
3203 3343 3501 3404 audiveris,
3528 3358 3588 3395 ea
3619 3357 3746 3398 sen-

2170 3447 2395 3503 sibiliter
2434 3445 2717 3514 intelligas,
2763 3441 2856 3496 sed
2893 3439 3257 3510 spiritualiter.
3299 3436 3386 3492 10.
3429 3437 3474 3490 Α
3517 3435 3746 3490 domibus

2171 3541 2400 3595 eburneis
2419 3581 2435 3606 ,
2462 3555 2524 3592 ea:
2550 3538 2726 3608 quibus
2763 3536 3129 3590 delectaverunt
3158 3540 3204 3587 te
3229 3532 3350 3601 ﬁlim
3382 3547 3555 3601 regum
3583 3531 3636 3583 in
3657 3531 3750 3582 ho-

2172 3649 2293 3686 nore
2318 3641 2425 3684 tuo.
2458 3630 2606 3683 Alius
2637 3629 2783 3692 dicit,
2816 3627 2857 3680 Α
2884 3625 3082 3693 templis
3112 3625 3341 3677 eburneis
3369 3623 3502 3676 unde
3523 3622 3751 3676 delecta-

2171 3731 2343 3776 verunt
2367 3731 2431 3783 te,
2463 3722 2584 3774 dum
2610 3729 2657 3772 te
2685 3717 2952 3771 honorant.
2984 3716 3154 3781 Alius,
3183 3714 3251 3768 In
3277 3714 3510 3785 gloriosis
3536 3715 3656 3768 tuis.

2245 3811 2423 3865 Eboris
2471 3810 2686 3878 pretium
2722 3806 2862 3875 apud
2901 3806 3152 3876 antiquos.
3191 3835 3262 3844 —
3289 3805 3575 3874 Postquam
3615 3804 3751 3860 dixit

2171 3919 2288 3973 qua:
2317 3910 2460 3955 recte
2486 3901 2680 3970 gessit,
2708 3898 2836 3952 dicit
2865 3897 3024 3952 etiam
3074 3898 3329 3950 honorem
3377 3895 3465 3964 qui
3494 3895 3748 3966 prteclara

2171 3996 2286 4064 ejus
2316 3993 2453 4046 facta
2479 3998 2836 4059 consequutus
2861 3999 2963 4053 εει,
2994 4001 3185 4055 nempe
3209 4001 3330 4040 cum
3375 3987 3429 4039 in
3477 3986 3749 4054 pretiosis-

2172 4088 2321 4142 simis
2361 4085 2571 4154 templis
2595 4098 2712 4138 esse
2741 4079 3088 4136 adorandum.
3131 4078 3436 4148 Antiquitus
3463 4077 3605 4132 enim
3633 4077 3749 4131 [MDC

2172 4179 2394 4233 materia
2427 4185 2542 4231 erat
2580 4173 2984 4245 pretiosissima,
3015 4180 3068 4225 et
3092 4186 3282 4240 magno
3323 4170 3496 4224 studio
3522 4170 3749 4239 conqui-

2174 4269 2407 4326 rebatur.
2441 4281 2629 4334 nempe
2673 4265 2925 4319 eburnea.
2965 4262 3116 4317 Unde
3154 4262 3310 4316 etiam
3359 4259 3571 4316 dicebat
3613 4261 3750 4314 alius

2174 4360 2465 4430 propheta:
2509 4359 2595 4412 Va:
2629 4359 2714 4427 qui
2751 4354 2977 4409 dormitis
3016 4354 3069 4406 in
3113 4353 3248 4406 lectis
3278 4351 3502 4405 eburneis
3538 4351 3556 4417 (
3575 4353 3744 4404 Amos.

2173 4454 2227 4509 6.
2256 4455 2331 4523 4).
2364 4454 2428 4507 Et
2453 4464 2635 4505 rursus
2661 4447 2893 4503 ostendit
2925 4446 3357 4516 pricdicationem
3387 4460 3492 4499 non
3519 4460 3745 4514 perven-

2175 4557 2344 4602 turam
2373 4544 2539 4599 solum
2568 4541 2632 4594 ad
2673 4540 2907 4609 privatos
2927 4580 2943 4604 ,
2974 4537 3067 4593 sed
3105 4552 3268 4606 regna
3294 4537 3452 4592 etiam
3481 4535 3752 4605 subjectu-

2174 4653 2308 4700 ram,
2337 4634 2583 4703 mdcsque
2611 4632 2684 4684 illi
2712 4628 3016 4699 magniﬁcas
3038 4639 3361 4683 exstructum
3387 4627 3470 4682 iri.
3495 4627 3747 4695 Hzecjam

2174 4730 2417 4782 videntur
2438 4743 2496 4781 re
2523 4727 2633 4794 ipsa
2654 4723 2786 4778 ﬁeri.
2805 4722 3001 4777 Valens
3030 4723 3171 4776 enim
3195 4722 3448 4790 propheta
3470 4722 3753 4776 ostendere

2175 4824 2280 4876 vim
2311 4819 2703 4890 praedicationis
2723 4859 2736 4880 ,
2769 4816 2895 4870 dicit
2920 4814 3182 4884 quomodo
3219 4813 3438 4883 ceperit,
3481 4815 3751 4884 quomodo

2177 4912 2466 4982 suhjccerit
2492 4911 2763 4974 mulieres,
2787 4909 2952 4972 viros,
2977 4906 3230 4974 privatos,
3259 4905 3468 4970 divites,
3491 4919 3586 4959 eos
3608 4906 3752 4974 ipsos

2176 5006 2365 5075 quibus
2392 5011 2544 5057 erant
2573 5000 2815 5055 redimita
2842 4999 3013 5067 capita
3044 4996 3458 5059 diadematibus,
3486 5005 3541 5050 et
3565 5011 3753 5050 eorum

2176 5109 2401 5158 uxores,
2450 5102 2506 5146 ut
2554 5091 2749 5160 templa
2797 5091 2907 5145 Deo
2954 5089 3147 5158 ubique
3193 5088 3508 5142 excitarent.
3550 5088 3781 5163 Deinde_

2177 5191 2424 5260 quoniam
2453 5188 2704 5255 deinceps
2731 5185 2794 5239 ad
2834 5185 2950 5238 haec
2987 5183 3208 5238 dicenda
3249 5183 3515 5251 digressus
3541 5193 3623 5236 est
3643 5222 3658 5245 ,
3683 5182 3752 5234 de

2179 5283 2260 5336 his
2288 5280 2455 5334 fusius
2487 5279 2666 5333 dicere
2706 5275 3010 5336 exorditur,
3035 5289 3129 5328 eos
3153 5273 3239 5342 qui
3282 5272 3427 5326 illum
3453 5271 3670 5333 colunt,
3699 5283 3753 5325 et

2177 5375 2264 5443 qui
2292 5373 2338 5426 ci
2370 5371 2664 5439 supplicant
2692 5366 3020 5421 describens.
3050 5364 3250 5417 Etcum
3274 5361 3594 5416 ostendisset
3617 5377 3750 5432 quo-
3813 5393 3827 5406 ε

2177 5463 2334 5518 modo
2377 5461 2553 5531 populi
2596 5459 2786 5514 subeo
2830 5457 3052 5522 cadunt,
3085 5454 3348 5524 quomodo
3380 5467 3474 5507 cor
3515 5452 3751 5523 ipsomtn

2177 5557 2367 5624 tetigit,
2417 5551 2682 5622 quomodo
2713 5551 2954 5605 inimicos
2995 5549 3279 5617 superavit,
3325 5547 3593 5616 quomodo
3621 5561 3747 5600 eum

2173 5645 2390 5699 deduxit
2416 5642 2654 5706 dextera,
2677 5640 2941 5710 quomodo
2961 5640 3256 5702 veritatem,
3289 5637 3747 5691 mansuetudinem

2175 5744 2228 5790 et
2267 5733 2524 5804 justitiam
2572 5733 2861 5802 plantavit:
2913 5745 3095 5784 rursus
3136 5745 3343 5799 quoque
3389 5729 3744 5800 metapliorica
