4140 6356
400 236 506 292 199

399 353 640 408 oratione
666 367 793 408 usus
840 360 944 420 est,
976 353 1136 409 veluti
1179 354 1230 408 in
1279 355 1506 426 imagine
1548 356 1844 412 Ecclesium
1886 360 1980 414 de-

396 443 637 497 scribens
668 460 679 496 :
712 453 765 496 et
791 459 910 512 qua:
948 453 1131 512 pestea
1172 443 1422 498 dixerunt
1452 447 1716 514 apostoli,
1753 449 1838 502 hic
1866 452 1983 517 qui-

399 530 541 594 dem,
571 531 830 602 Despondi
866 549 951 586 vos
979 533 1066 585 uni
1109 534 1215 585 viro
1245 535 1486 604 virginem
1523 545 1713 589 castam
1753 538 1983 593 exhibere

388 621 596 677 Christo
625 626 698 694 (1.
725 622 842 680 Cor.
868 626 954 679 Η.
981 625 1066 696 2);
1101 625 1190 679 illi:
1215 638 1414 687 autem,
1448 626 1547 691 Qui
1576 627 1720 682 habet
1743 646 1977 698 sponsam

401 732 613 786 sponsus
637 733 709 770 est
731 717 910 789 (Joan.
961 720 1012 773 5.
1042 717 1169 790 29);
1197 718 1332 772 alius
1373 734 1530 784 vero,
1569 719 1751 774 Simile
1792 731 1865 774 est
1893 739 1976 774 re-

391 823 549 876 gnum
573 809 814 862 cazlorum
855 810 1046 862 homini
1074 809 1181 878 regi
1218 809 1303 878 qui
1345 810 1462 879 fecit
1505 813 1707 880 nuptias
1736 811 1842 878 [ilio
1884 829 1976 865 suo

394 901 606 970 (Matth.
638 901 728 956 22.
756 901 811 973 2)
851 921 863 956 :
893 918 957 957 ea
989 901 1076 956 bie
1103 917 1313 972 quicque
1342 902 1600 970 praedicit,
1637 904 1976 959 introdurens

389 994 550 1046 simul
580 1007 829 1061 sponsam
859 1003 913 1046 et
933 993 1168 1060 reginam
1201 1008 1215 1044 :
1246 1003 1300 1044 et
1327 993 1444 1046 ideo
1473 992 1621 1056 dicit,
1651 993 1857 1046 Adstitit
1895 1011 1975 1048 re-

387 1084 506 1153 gina
529 1100 561 1136 α
586 1083 776 1138 dextris
803 1083 918 1136 tuis.
973 1084 1140 1146 Alius,
1177 1082 1419 1136 Stabilita
1463 1093 1567 1149 est,
1613 1085 1714 1138 hoc
1763 1097 1842 1139 est
1879 1087 1972 1140 lir-

389 1174 548 1230 miter
574 1174 740 1237 stetit,
768 1175 917 1228 stetit
939 1173 1300 1228 immobiliter.
1330 1174 1480 1239 Quod
1509 1174 1630 1228 alibi
1662 1175 1791 1229 dicit
1820 1177 1977 1230 Chri-

389 1276 504 1322 stus
547 1286 560 1321 :
613 1267 786 1321 Porta!
830 1267 980 1335 inferi
1026 1283 1126 1320 non
1173 1267 1511 1336 pravalcbunt
1552 1268 1816 1321 adversum
1863 1285 1975 1322 eaut

390 1357 604 1429 (Matth.
639 1359 725 1413 16.
774 1358 887 1429 l8).
924 1357 1113 1412 Vidisti
1160 1358 1419 1429 insignem
1465 1358 1761 1413 honorem?
1797 1359 1972 1414 vidisti

389 1465 649 1502 summam
677 1449 1025 1519 dignitatem?
1048 1463 1165 1503 eam
1191 1464 1310 1519 qua:
1334 1449 1663 1516 conculcata,
1692 1457 1745 1503 ct
1772 1465 1889 1518 qua:
1917 1449 1971 1504 in

387 1540 625 1593 infimum
651 1540 824 1594 locum
853 1539 1129 1594 deturbata
1155 1539 1348 1604 fuerat,
1374 1540 1425 1593 in
1449 1549 1698 1609 quantam
1721 1539 1974 1593 extulerit

382 1631 738 1696 altitudinem,
774 1640 830 1684 ut
859 1632 905 1685 ei
934 1630 1251 1686 assisteret?
1279 1631 1596 1699 cognovisti,
1626 1630 1689 1684 ad
1719 1639 1967 1698 quantam

385 1738 446 1776 ca
475 1739 594 1793 quze
631 1733 747 1778 erat
773 1725 1013 1792 captiva,
1043 1724 1268 1778 alienata
1296 1721 1568 1787 meretrix,
1611 1722 1875 1776 scelerata
1914 1733 1968 1776 et

379 1814 740 1881 exsecranda,
770 1815 1078 1885 dignitatem
1106 1812 1441 1868 ascenderit?
1469 1814 1598 1868 Cum
1631 1814 1968 1867 ministrato-

383 1907 478 1961 riis
506 1906 855 1976 potestatibus
885 1906 1106 1959 adstitit.
1136 1905 1302 1960 Filius
1326 1906 1540 1974 quippe,
1571 1914 1627 1958 ut
1654 1906 1741 1973 qui
1775 1906 1842 1958 sit
1875 1904 1970 1960 lio—

382 2011 517 2052 nore
545 1998 783 2068 aqualis,
811 1997 959 2050 sedet
979 2013 1008 2049 a
1034 1997 1235 2050 dextris
1258 2013 1273 2050 :
1302 1996 1413 2065 ipsa
1439 2011 1565 2049 vero
1585 1996 1748 2050 stetit.
1773 1997 1970 2060 Quam-

376 2088 455 2142 vis
479 2089 620 2144 enim
645 2090 927 2158 sitrcgina,
947 2099 1028 2141 est
1055 2097 1226 2141 tamen
1255 2097 1450 2141 creata:
1472 2087 1799 2142 substantiae.
1825 2087 1969 2156 Quo-

377 2177 538 2232 modo
559 2193 688 2248 ergo
709 2178 837 2231 dicit
859 2177 1052 2231 Paulus
1072 2194 1085 2230 :
1106 2177 1518 2230 Conrcsuscitavit
1535 2186 1578 2228 et
1597 2177 1863 2230 consedere
1878 2192 1969 2230 nos

376 2271 495 2340 fecit
517 2269 569 2322 in
604 2267 878 2322 cwlestibus
899 2270 950 2320 in
966 2267 1166 2322 Christo
1185 2265 1308 2320 Jesu
1341 2265 1552 2337 (Ep/tes.
1583 2267 1640 2325 2.
1659 2267 1712 2336 6)
1733 2265 1871 2322 ?Sed
1889 2275 1969 2320 at-

374 2359 697 2428 tendequam
717 2369 898 2413 exacte
913 2356 1294 2428 loquatur.Non
1313 2357 1443 2409 dixit
1456 2357 1787 2411 solummodo
1804 2375 1816 2409 :
1833 2355 1968 2412 Con-

373 2450 683 2504 resuscitavit
705 2459 750 2503 et
771 2449 1037 2503 consedere
1057 2448 1208 2519 fecit,
1233 2447 1324 2501 scd
1346 2489 1360 2514 ,
1390 2445 1458 2500 In
1479 2446 1676 2500 Christo
1698 2488 1712 2512 ,
1738 2447 1839 2502 hoc
1860 2457 1962 2513 est,

372 2555 465 2609 per
476 2537 762 2594 Christum.
778 2539 1036 2607 Quoniam
1057 2538 1220 2605 enim,
1248 2537 1433 2606 inquit,
1455 2546 1611 2607 caput
1628 2548 1864 2592 nostrum
1882 2549 1966 2594 est

369 2644 528 2700 supra
550 2647 565 2685 :
592 2645 686 2684 nos
707 2640 884 2684 autem
901 2644 1115 2699 corpus,
1131 2644 1250 2682 cum
1268 2629 1510 2697 superius
1527 2628 1709 2683 sedeat
1723 2640 1961 2685 nostrum

368 2729 548 2790 caput,
569 2721 787 2776 honoris
806 2723 1090 2790 participes
1108 2721 1299 2774 fuimus
1321 2710 1536 2791 (Ep'hes.
1555 2721 1577 2773 l
1593 2760 1606 2773 .
1621 2719 1737 2791 22),
1753 2723 1962 2776 etiamsi

372 2811 458 2865 hic
494 2823 726 2877 stemus,
758 2811 827 2864 In
851 2813 1026 2866 vestitu
1054 2810 1294 2864 deaurato
1320 2851 1334 2876 ,
1361 2810 1671 2863 circumdata
1699 2813 1958 2867 varietate.

372 2901 548 2970 Alius,
569 2903 623 2956 in
650 2903 937 2956 diademate
949 2903 1064 2955 auri
1089 2900 1151 2954 de
1173 2901 1368 2972 Suphir
1393 2901 1494 2973 (a).

456 2992 625 3048 Vestes
649 2993 956 3060 spirituales.
985 3022 1054 3035 ——
1074 2991 1492 3056 Quemamodum
1515 2991 1567 3046 in
1589 3008 1714 3064 rege
1737 3009 1842 3048 non
1867 3009 1959 3049 ar-

365 3101 461 3141 cus
489 3097 546 3141 et
573 3087 792 3155 sagittas
833 3085 1211 3154 intelligimus,
1246 3083 1316 3138 ita
1344 3099 1444 3138 nec
1472 3085 1524 3138 in
1555 3100 1749 3154 sponsa
1780 3099 1958 3142 veSIes

366 3179 628 3248 intellige;
657 3177 752 3232 sed
775 3193 870 3248 per
889 3193 952 3232 ea
975 3193 1094 3247 qua:
1119 3185 1242 3231 sunt
1265 3177 1556 3243 sensibilia,
1587 3179 1774 3247 accipe
1800 3195 1955 3234 sensa

363 3287 483 3339 qua:
514 3271 623 3324 Deo
667 3269 1008 3324 conveniant.
1050 3268 1126 3322 Ne
1171 3269 1291 3338 quis
1335 3270 1476 3322 enim
1509 3269 1615 3323 tale
1657 3270 1783 3340 quid
1833 3287 1952 3326 sus-

363 3363 599 3431 picetur,
629 3361 902 3429 subjunxit
930 3378 942 3412 :
979 3359 1156 3412 Omnis
1199 3358 1364 3428 gloria
1392 3359 1514 3427 ﬁlice
1546 3361 1678 3431 regis
1723 3361 1784 3413 ab
1815 3363 1952 3417 intus

365 3458 434 3521 (υ.
477 3454 588 3521 14).
621 3451 780 3522 Atqui
819 3461 994 3507 vestes
1032 3460 1156 3505 sunt
1194 3451 1432 3504 omnium
1477 3454 1708 3507 maxime
1745 3454 1950 3508 extrin-

363 3559 540 3610 secus,
563 3552 618 3597 et
645 3551 860 3612 propter
880 3558 973 3597 eos
993 3542 1083 3611 qui
1115 3541 1311 3596 vident.
1335 3541 1440 3596 Sed
1473 3544 1575 3596 hoc
1597 3543 1667 3596 ita
1693 3559 1752 3598 se
1775 3545 1950 3611 habet,

362 3635 578 3705 quando
607 3644 732 3688 sunt
777 3649 864 3687 res
906 3647 1180 3702 corporea}
1211 3649 1224 3685 :
1257 3632 1469 3700 quando
1514 3648 1642 3686 vero
1688 3636 1860 3703 agitur
1886 3635 1953 3690 de

364 3727 528 3781 rebus
571 3725 970 3794 Spiritualibus,
1017 3732 1272 3778 converte
1319 3724 1462 3776 intro
1509 3725 1701 3779 mentis
1745 3725 1948 3780 oculos.

369 3820 518 3872 llanc
543 3827 746 3872 vestem
789 3832 880 3870 rex
913 3814 1117 3880 texuit,
1146 3825 1306 3883 atque
1337 3813 1479 3867 illam
1512 3830 1606 3884 per
1629 3815 1948 3885 baptismum

367 3911 558 3964 induit.
609 3909 865 3977 Quotquot
890 3907 1055 3972 enim,
1097 3905 1298 3975 inquit,
1331 3906 1383 3958 in
1423 3903 1675 3960 Christum
1709 3905 1952 3975 baptizati

362 4005 500 4067 estis,
528 4002 781 4057 Christum
806 3997 1040 4053 induistis
1069 3996 1214 4067 (Gal.
1245 3997 1300 4052 3.
1325 3994 1440 4068 27).
1471 3997 1636 4050 Antea
1663 3999 1805 4051 enim
1835 4007 1951 4052 erat

361 4095 522 4160 nuda,
545 4094 713 4162 turpis
731 4101 784 4146 et
806 4090 1106 4152 inhonesta,
1127 4090 1368 4156 exposita
1393 4087 1640 4142 omnibus
1661 4089 1748 4156 qui
1773 4098 1947 4143 trans-

361 4189 508 4240 ibant
535 4200 629 4254 per
673 4185 810 4236 viam
844 4201 857 4237 :
889 4196 955 4236 ex
1003 4196 1108 4250 quo
1134 4191 1310 4234 autem
1349 4180 1492 4233 illam
1522 4187 1722 4233 vestem
1756 4182 1944 4247 induit,

361 4286 545 4331 evecta
576 4283 658 4329 est
677 4274 744 4328 ad
776 4274 920 4327 illam
951 4272 1304 4335 altitudinem,
1332 4279 1386 4325 et
1412 4279 1468 4323 ut
1497 4287 1525 4324 a
1553 4270 1756 4327 dextris
1783 4283 1949 4329 staret

362 4370 518 4440 digna
552 4367 650 4422 fuit
675 4367 872 4421 habita.
899 4365 1127 4420 Pulchre
1152 4372 1329 4419 autem
1357 4365 1523 4434 ipsam
1552 4381 1764 4435 quoque
1795 4378 1946 4421 vocat

363 4461 698 4514 varietatem.
727 4458 840 4512 Non
889 4466 1100 4512 constat
1125 4457 1268 4511 enim
1306 4457 1470 4511 vestis
1511 4471 1578 4512 ex
1605 4472 1712 4512 uno
1740 4465 1942 4513 tantum

364 4567 579 4624 genere.
608 4550 724 4606 Non
763 4558 936 4619 potest
963 4550 1158 4620 quippe
1187 4549 1388 4604 servari
1417 4564 1481 4603 ex
1509 4550 1675 4618 gratia
1717 4558 1940 4617 tantum,

362 4643 458 4700 sed
491 4643 593 4698 ﬁde
622 4657 833 4713 quoque
860 4655 994 4710 opus
1017 4650 1116 4703 est,
1148 4649 1202 4694 ct
1227 4649 1348 4709 post
1377 4640 1532 4694 ﬁdem
1557 4641 1771 4695 virtute.
1796 4641 1945 4696 Nunc

367 4745 546 4790 autem
575 4749 682 4788 non
729 4733 902 4802 agitur
927 4731 996 4786 de
1039 4730 1294 4784 vestibus.
1327 4729 1510 4798 Neque
1535 4731 1677 4784 enim
1716 4729 1945 4800 Spiritus

366 4834 570 4880 tantum
605 4824 658 4877 in
685 4838 746 4878 ea
775 4822 1005 4876 studium
1039 4823 1301 4890 ponebat,
1334 4832 1391 4874 ut
1414 4835 1604 4876 aureas
1626 4831 1803 4877 vestes
1830 4838 1943 4876 mu-

367 4917 516 4972 .ieris
544 4914 894 4970 describeret.
925 4913 979 4969 Si
1009 4913 1151 4968 enim
1181 4914 1431 4968 mulieres
1459 4927 1578 4983 qum
1602 4927 1662 4967 se
1683 4925 1943 4969 exornant

363 5005 711 5078 reprehendit
753 5005 912 5058 Isaias
933 5045 948 5069 ,
974 5015 1028 5058 et
1054 5005 1248 5072 ubique
1278 5003 1512 5072 expulsae
1540 5013 1665 5057 sunt
1693 5002 1899 5058 deliciae
1926 5024 1940 5060 :

365 5097 636 5168 quomodo
683 5096 769 5150 hic
819 5106 1059 5148 ornatam
1119 5094 1395 5148 mulierem
1447 5093 1741 5148 laudaverit
1788 5094 1936 5166 (lsai.

355 5197 409 5250 3.
435 5194 555 5265 16)?
579 5192 837 5258 ll.Audi,
855 5191 981 5259 ﬁlia,
1001 5201 1045 5244 et
1078 5191 1216 5254 vide,
1245 5200 1291 5244 et
1315 5189 1502 5243 inclina
1517 5204 1687 5242 aurem
1708 5198 1867 5254 tuam,
1898 5199 1943 5243 et

363 5290 654 5344 obliviscere
683 5287 923 5356 papulum
955 5299 1126 5346 :uum,
1154 5295 1200 5337 et
1227 5285 1432 5336 domum
1457 5283 1614 5351 patris
1638 5282 1730 5334 tui.
1759 5280 1845 5334 12.
1875 5281 1942 5334 Et

363 5382 677 5453 concupiscet
691 5396 782 5436 rea:
801 5379 1030 5435 decorem
1054 5387 1214 5430 tuum.
1236 5377 1384 5431 Alius
1396 5376 1490 5441 ait,
1513 5373 1581 5430 Ut
1599 5375 1938 5444 concupiscat.

367 5475 618 5535 Quoniam
652 5474 761 5541 ipse
783 5479 854 5525 est
896 5469 1130 5522 dominus
1153 5478 1289 5520 tuus.
1322 5466 1491 5531 Alius,
1536 5463 1658 5535 Ipse
1699 5466 1829 5518 enim
1869 5475 1940 5518 est

363 5566 594 5621 austrinus
639 5577 774 5617 tuus.
809 5561 878 5615 Et
915 5559 1199 5614 adorabunt
1237 5559 1423 5626 ipsum.
1468 5557 1648 5625 Alius,
1683 5556 1744 5612 Et
1783 5558 1940 5612 adora

421 5659 495 5720 tu)
526 5663 595 5706 tie
615 5653 779 5718 Ophir,
805 5650 1013 5703 aurifera
1033 5659 1186 5710 terra,
1208 5649 1441 5711 Josepbus
1459 5648 1506 5698 8.

1140 236 1195 292 S.
1229 235 1507 294 JOANNIS
1543 235 2015 300 CHRYSOSTOMI
2053 245 2369 307 AllClllEP.
2408 253 2936 320 CONSTANTINOP.

3563 285 3668 342 200

2090 365 2256 435 ipsum
2279 369 2317 420 ¹.
2352 371 2437 426 15.
2471 372 2540 426 Et
2563 377 2671 444 ﬁlia
2714 378 2839 450 Tyri
2875 383 2925 436 in
2966 388 3267 445 muneribus.
3315 393 3482 459 Alius.
3534 399 3669 457 Filia

2085 466 2250 512 autem
2295 463 2443 555 fortis
2470 468 2603 520 dona
2645 470 2786 536 feret.
2857 473 3057 530 Vultum
3084 490 3225 534 tuum
3271 484 3669 555 deprecabuntur

2085 563 2255 604 omnes
2283 553 2460 610 divites
2485 558 2662 627 plebis.
3015 581 3019 584 ’

2157 642 2242 696 Η.
2280 641 2509 699 Ecclesia
2539 660 2582 702 et
2608 652 2718 719 [ilia
2747 664 2793 707 et
2814 661 3256 724 sponsa—Vides
3281 671 3551 736 quomodo
3579 675 3662 727 ni-

2082 730 2154 784 hil
2173 742 2254 787 cst
2269 737 2518 792 sensibile
2539 741 2843 810 t’quomodo
2863 749 2993 803 nihil
3011 730 3348 824 corporeum,
3369 761 3461 814 sed
3487 768 3664 818 omnia
3714 784 3717 786 ·

2080 824 2410 892 spiritualia?
2445 829 2723 897 Quomodo
2755 838 2894 891 enim
2922 855 3114 908 sponsa
3139 855 3220 900 est
3246 849 3483 917 ejusdem
3517 855 3617 908 lilia
3641 857 3664 908 ’ἒ

2079 918 2347 1015 quomodo
2363 929 2538 974 autem
2568 923 2670 978 lilia
2699 931 2934 996 sponsa?
2960 933 3014 986 ln
3043 937 3201 991 rebus
3226 942 3438 1008 quidem
3469 960 3662 1015 corpo-

2078 1011 2186 1063 reis
2217 1010 2330 1066 hmc
2359 1028 2463 1068 non
2494 1015 2673 1072 insunt
2703 1059 2719 1085 ,
2747 1022 2839 1075 sed
2872 1023 2974 1080 hoc
2999 1029 3211 1096 quidem
3233 1031 3371 1087 aliud
3404 1076 3418 1100 ,
3449 1046 3502 1090 et
3531 1010 3658 1092 illud

2079 1103 2218 1160 aliud
2244 1123 2257 1158 :
2291 1106 2345 1160 in
2376 1108 2484 1162 Deo
2509 1122 2686 1165 autem
2716 1113 2898 1169 insunt
2937 1129 3174 1190 utraque.
3220 1123 3338 1194 Ipse
3365 1128 3504 1182 enim
3538 1147 3654 1186 eam

2079 1198 2413 1261 regeneravit
2439 1214 2536 1269 per
2567 1201 2889 1271 baptismum
2915 1247 2928 1272 ,
2959 1218 3012 1262 et
3043 1211 3154 1278 ipse
3181 1229 3392 1285 quoque
3418 1233 3534 1273 eam
3556 1221 3655 1276 de-

2076 1288 2309 1356 Spondit.
2335 1289 2472 1344 Audi
2502 1333 2517 1354 ,
2549 1294 2679 1360 ﬁlia,
2709 1306 2756 1350 et
2781 1297 2910 1352 vide.
2937 1300 3048 1356 Duo
3072 1302 3123 1358 ei
3151 1307 3419 1373 praebuit:
3448 1319 3502 1364 et
3531 1311 3655 1366 doc-

2076 1379 2290 1446 trinam,
2317 1395 2436 1448 quze
2463 1397 2556 1450 per
2580 1385 2738 1439 verba
2771 1387 3024 1456 traditur,
3051 1402 3104 1446 et
3129 1395 3299 1450 visum
3323 1439 3334 1458 .
3366 1401 3457 1468 qui
3484 1410 3537 1456 et
3561 1417 3653 1470 per

2076 1470 2326 1561 miracula
2357 1511 2372 1536 ,
2421 1481 2476 1528 et
2515 1490 2610 1543 per
2655 1476 2810 1531 fidem
2858 1481 3182 1552 suscipitur:
3215 1496 3269 1541 et
3298 1488 3410 1544 haec
3439 1492 3652 1561 quidem

2073 1559 2240 1626 dedit,
2271 1561 2361 1617 illa
2391 1579 2518 1618 vero
2547 1567 2814 1634 pollicitus
2841 1580 2940 1625 est.
2973 1575 3108 1629 Audi
3147 1591 3274 1647 ergo
3304 1559 3467 1635 verba
3491 1598 3606 1636 mea
3637 1625 3651 1650 ,

2074 1653 2194 1708 vide
2217 1670 2331 1708 mea
2356 1657 2628 1723 miracula,
2661 1669 2714 1714 et
2737 1678 2851 1717 mea
2881 1679 3042 1734 opera
3061 1709 3076 1733 ,
3109 1678 3163 1723 et
3189 1686 3335 1726 meas
3359 1673 3439 1727 fer
3464 1674 3651 1729 admo-

2075 1746 2323 1802 nitiooes.
2373 1747 2508 1804 Vide
2555 1761 2732 1808 autem
2762 1755 2930 1823 quale
2971 1757 3062 1813 det
3112 1761 3261 1829 prius
3305 1775 3651 1835 praeceptum.

2079 1837 2380 1896 ()bliviscere
2409 1845 2654 1914 populum
2679 1855 2822 1901 tuum
2849 1888 2863 1912 ,
2907 1859 2955 1902 et
2981 1851 3186 1905 domum
3211 1856 3371 1924 patris
3398 1857 3489 1910 lui.
3522 1858 3650 1925 Quia

2072 1932 2214 1984 enim
2237 1946 2353 1986 eam
2375 1933 2658 2004 despondit
2681 1952 2743 1992 ex
2772 1940 3018 2009 gentibus
3046 1983 3060 2006 ,
3095 1941 3196 1998 hoc
3220 1945 3266 1998 ei
3297 1947 3442 2014 prius
3470 1951 3653 2017 pracci-

2073 2025 2172 2094 pit,
2200 2033 2258 2079 ut
2304 2025 2447 2080 illam
2477 2030 2920 2086 consuetudinem
2951 2047 3016 2086 ex
3041 2035 3222 2090 animo
3252 2035 3447 2104 deleat,
3479 2056 3509 2094 e
3536 2056 3652 2094 me-

2070 2116 2238 2170 moria
2259 2119 2478 2186 eximat,
2506 2133 2536 2172 a
2562 2128 2744 2177 mente
2767 2123 2960 2191 ejieiat,
2987 2140 3092 2179 non
3110 2127 3279 2180 solum
3298 2144 3356 2182 ea
3379 2127 3650 2200 fugiendo,

2069 2206 2165 2261 sed
2190 2223 2257 2262 ne
2285 2223 2471 2264 eorum
2511 2212 2726 2281 quidem
2756 2215 3110 2271 recordando.
3146 2218 3214 2272 Et
3239 2221 3528 2277 obliviscere
3556 2240 3651 2293 po-

2070 2298 2249 2368 pulum
2267 2309 2425 2365 tuum,
2453 2311 2502 2357 et
2527 2303 2733 2359 domum
2752 2307 2910 2376 patris
2931 2308 3024 2361 tui.
3057 2310 3277 2374 Quando
3303 2322 3480 2368 autem
3516 2315 3648 2371 dicit

2067 2399 2123 2444 et
2157 2391 2410 2461 populum
2441 2403 2496 2447 et
2522 2392 2739 2449 domum
2767 2438 2782 2462 ,
2827 2397 3073 2468 intelligit
3101 2403 3277 2456 omnia
3301 2420 3418 2473 qua:
3453 2406 3558 2462 illic
3582 2408 3647 2462 ab

2067 2481 2146 2534 eis
2175 2480 2323 2548 fiunt,
2350 2492 2406 2537 et
2426 2484 2566 2552 quod
2593 2486 2658 2539 ad
2689 2489 2850 2542 vitam
2875 2528 2890 2553 ,
2919 2499 2972 2543 et
2992 2491 3132 2560 quod
3160 2493 3224 2546 ad
3253 2493 3499 2564 dogmata
3530 2513 3648 2567 per-

2069 2569 2224 2624 tinet.
2275 2571 2339 2625 Et
2381 2575 2700 2642 concupiscet
2749 2592 2841 2630 rea:
2888 2579 3116 2633 decorem
3146 2589 3308 2636 tuum.
3341 2583 3501 2640 Vides
3526 2602 3647 2643 eum

2067 2676 2175 2716 non
2206 2662 2348 2732 loqui
2373 2663 2442 2718 de
2464 2665 2859 2734 pulchritudine
2884 2672 3158 2742 corporis:
3190 2675 3234 2728 si
3261 2677 3400 2731 enim
3429 2678 3544 2734 haec
3571 2680 3646 2736 fe-

2063 2756 2224 2821 ceris,
2259 2764 2405 2824 tunc,
2441 2758 2626 2828 inquit,
2651 2761 2756 2816 eris
2779 2763 3016 2832 pulchra,
3041 2775 3166 2820 tunc
3186 2783 3278 2821 rex
3308 2774 3644 2842 concupiscet

2062 2849 2312 2905 decorem
2385 2861 2552 2906 tuum.
2608 2853 2734 2908 Haec
2793 2857 2934 2910 enim
2989 2872 3094 2912 non
3138 2859 3262 2915 facit
3309 2863 3645 2932 pulchritudo

2063 2957 2343 3010 corporea.
2392 2945 2550 3015 Atqui
2602 2947 2740 3002 inter
2774 2947 3013 3004 infideles
3058 2952 3297 3007 videmus
3331 2969 3642 3025 corpoream

2063 3035 2506 3104 pulchritudinem
2545 3077 2561 3101 ,
2607 3045 2664 3092 et
2721 3053 2788 3093 ex
2849 3041 3135 3109 gentilibus
3195 3044 3455 3102 formosas
3524 3065 3642 3103 mu-

2062 3129 2241 3184 lieres.
2269 3128 2374 3184 Sed
2417 3136 2477 3184 ut
2515 3132 2655 3186 scias
2682 3147 2802 3186 eum
2832 3149 2936 3188 non
2980 3135 3120 3204 loqui
3149 3135 3217 3190 de
3246 3138 3641 3206 pulchritudine

2059 3221 2320 3290 corporis.
2349 3235 2466 3275 eam
2497 3220 2629 3277 dicit
2655 3224 2902 3278 constitui
2928 3240 2992 3279 ex
3018 3225 3132 3295 ejus
3159 3227 3460 3284 obedientia
3480 3247 3494 3296 ;
3515 3233 3640 3287 obe-

2057 3311 2253 3365 dientia
2282 3319 2458 3368 autem
2481 3327 2586 3366 non
2613 3315 2882 3369 c0nstituit
2907 3317 3352 3386 pulchritudinem
3375 3324 3637 3391 corporis,

2058 3403 2151 3458 sed
2177 3403 2387 3456 animm.
2421 3402 2475 3458 Si
2505 3405 2648 3458 enim
2679 3404 2790 3459 Inee
2810 3447 2824 3470 ,
2859 3407 3028 3477 inquit
3059 3451 3075 3476 ,
3108 3409 3296 3463 feceris
3331 3452 3346 3475 ,
3380 3422 3504 3467 tunc
3533 3417 3639 3468 eris

2059 3495 2280 3564 pulchra
2308 3538 2324 3562 ,
2351 3506 2478 3551 tunc
2503 3497 2611 3550 eris
2635 3511 2832 3566 sponso
2857 3499 3123 3555 amabilis.
3158 3502 3411 3570 Quoniam
3440 3507 3547 3575 ipse
3569 3515 3639 3557 cst

2055 3585 2306 3642 Dominus
2326 3600 2456 3642 tuus.
2480 3588 2617 3643 Ecce
2645 3598 2814 3658 pater,
2847 3600 2903 3645 et
2921 3606 3169 3660 sponsus,
3200 3603 3252 3650 et
3275 3596 3522 3652 dominus
3545 3614 3639 3664 ap.

2056 3681 2252 3748 paruit.
2276 3679 2536 3745 Quoniam
2563 3681 2706 3735 enim
2727 3681 2888 3750 jussit
2923 3697 2952 3735 a
3002 3687 3310 3752 parentibus
3337 3689 3587 3743 recedere
3617 3729 3636 3752 ς

2055 3770 2234 3839 populi
2278 3770 2552 3837 oblivisci,
2580 3773 3018 3828 consuetudinem
3050 3777 3323 3845 expellere
3347 3821 3361 3844 ,
3402 3781 3637 3834 ostendit

2056 3864 2338 3917 maximam
2369 3871 2423 3918 et
2445 3863 2794 3933 justissimam
2822 3881 2940 3920 esse
2965 3882 3202 3937 causam,
3234 3887 3331 3924 cur
3357 3887 3417 3926 ea
3447 3876 3636 3942 pr:eci—

2053 3964 2222 4024 peret,
2251 3969 2601 4026 magnamque
2621 3971 2739 4010 esse
2759 3959 2978 4011 rationis
2995 3964 3450 4030 consequentiam,
3476 3964 3635 4035 idque

2052 4046 2248 4102 debere
2281 4045 2419 4102 ﬁeri.
2447 4045 2504 4102 Si
2533 4047 2674 4101 enim
2703 4049 2840 4102 idem
2872 4061 3022 4118 pater
3053 4060 3188 4116 tuus,
3231 4053 3368 4109 idem
3385 4069 3630 4126 sponsus,

2051 4150 2105 4195 et
2132 4140 2270 4194 idem
2299 4137 2580 4194 dominus:
2613 4155 2821 4209 aequum
2845 4150 2927 4195 est
2952 4151 3008 4196 nt
3044 4143 3110 4198 ab
3147 4145 3251 4201 illis
3293 4149 3541 4203 omnibus
3579 4159 3633 4204 te

2051 4241 2321 4312 sejungas,
2371 4253 2423 4298 et
2450 4244 2672 4314 teipsam
2720 4243 2793 4297 illi
2837 4243 3070 4298 addicas.
3110 4244 3226 4299 Non
3255 4245 3386 4301 dixit
3410 4258 3588 4303 autem
3616 4291 3629 4312 ,

2051 4332 2309 4397 Quoniam
2340 4334 2451 4402 ipse
2477 4342 2558 4388 est
2587 4344 2735 4403 pater
2763 4343 2883 4389 tuus
2917 4377 2931 4400 ,
2964 4333 3060 4389 sed
3091 4378 3106 4403 ,
3146 4335 3401 4403 Quoniam
3425 4338 3535 4408 ipse
3556 4350 3630 4393 est

2050 4424 2324 4477 dominus'
2353 4433 2469 4478 tuus
2497 4464 2513 4490 ,
2541 4438 2598 4478 ut
2621 4439 2683 4478 ea
2715 4425 3046 4493 potissimum
3088 4427 3296 4482 ratione
3326 4428 3472 4482 illam
3505 4437 3594 4482 tan
3615 4459 3629 4470 -

2048 4516 2443 4585 gatzquoniam
2469 4516 2557 4586 qui
2601 4525 2687 4571 est
2725 4516 2972 4570 dominus
3026 4527 3080 4572 et
3117 4521 3368 4589 magister
3387 4529 3442 4574 et
3481 4530 3632 4590 pater

2051 4616 2190 4672 tuus,
2213 4607 2381 4661 voluit
2396 4622 2605 4676 quoque
2620 4621 2850 4676 sponsus
2863 4607 2975 4662 ﬁeri
2996 4624 3011 4662 :
3032 4609 3139 4662 imo
3161 4624 3285 4664 vero
3301 4609 3430 4666 illud
3459 4612 3628 4682 ipsum

2047 4714 2256 4769 quoque
2284 4698 2481 4755 factum
2509 4715 2631 4754 esse
2667 4699 2964 4768 dominum,
2990 4715 3212 4755 summa:
3237 4711 3292 4757 et
3311 4703 3628 4758 sollicitudi-

2047 4790 2132 4843 nis
2165 4797 2220 4843 et
2259 4789 2558 4844 clementiae
2582 4809 2594 4844 :
2623 4799 2682 4844 ut
2709 4805 2828 4858 quae
2857 4799 2975 4845 erat
3018 4806 3173 4847 serva
3203 4791 3508 4848 daamonum
3534 4835 3549 4859 ,
3577 4805 3630 4849 et

2049 4881 2464 4936 conculcabatur
2489 4881 2555 4935 ab
2581 4896 2767 4936 errore
2786 4923 2802 4946 ,
2831 4896 2950 4936 eam
2979 4896 3131 4937 suam
3159 4897 3280 4940 esse
3299 4885 3482 4940 vellet.
3512 4885 3626 4940 Non

2047 4973 2217 5026 solum
2241 4980 2420 5026 autem
2443 4971 2688 5026 ancillam
2717 5014 2733 5039 ,
2783 4972 2877 5028 sed
2904 4973 3064 5028 tiliam
3109 4973 3234 5029 fecit
3257 4983 3314 5030 et
3350 4989 3625 5046 Sponsam.

2050 5064 2355 5118 ()blim'scere
2389 5064 2631 5134 populum
2663 5073 2804 5116 tuum
2836 5106 2851 5130 ,
2892 5075 2938 5119 et
2965 5065 3167 5119 domum
3204 5067 3364 5137 patris
3389 5067 3478 5120 tui.
3509 5066 3626 5122 Non

2046 5156 2189 5210 enim
2219 5156 2368 5210 venis
2389 5157 2454 5210 ad
2477 5156 2706 5210 alienum
2732 5157 3034 5227 quempiam
3060 5199 3075 5224 ,
3103 5158 3197 5213 sed
3222 5159 3288 5213 ad
3313 5175 3433 5214 eum
3455 5161 3543 5229 qui
3578 5170 3630 5214 te

2046 5245 2171 5300 fecit
2195 5288 2211 5311 ,
2241 5255 2294 5299 et
2319 5255 2402 5300 est
2429 5246 2676 5302 omnibus
2702 5247 2809 5301 illis
2837 5248 2931 5302 tibi
2961 5249 3311 5319 prepinquior
3341 5290 3356 5313 ,
3387 5265 3451 5304 ac
3477 5251 3546 5305 de
3576 5261 3627 5305 te

2047 5348 2130 5394 est
2153 5338 2411 5394 sollicitus
2433 5379 2450 5405 ,
2481 5338 2663 5409 tuique
2689 5353 2871 5393 curam
2916 5341 3073 5410 gerit.
3106 5339 3224 5411 lpse
3253 5341 3499 5406 enimest
3530 5341 3627 5396 do—

2049 5431 2224 5485 minus
2247 5439 2369 5484 tuus
2391 5440 2446 5485 et
2471 5441 2643 5502 pater.
2665 5439 2720 5484 et
2749 5431 2861 5500 ipse
2886 5432 3064 5486 omnia
3095 5433 3188 5487 tibi
3215 5432 3378 5487 dedit.
3409 5430 3476 5485 Et
3501 5433 3625 5485 ado-

2111 5523 2127 5554 ί
2161 5529 2307 5579 Unus,
2333 5527 2386 5584 Et
2408 5521 2634 5584 adorabis
2655 5521 2832 5584 ipsum.

2111 5587 2131 5615 ²
2165 5592 2290 5651 rost,
2316 5583 2553 5651 dominus,
2580 5582 2742 5634 Morel.
2767 5584 2914 5646 addit,
2937 5590 2982 5636 et
3012 5585 3238 5650 magister
3260 5591 3306 5637 et
3335 5592 3492 5651 pater,
3513 5597 3625 5650 quas

2049 5645 2225 5696 desunt
2248 5646 2296 5693 in
2316 5644 2454 5706 savii.
2480 5652 2532 5695 et
2553 5652 2658 5696 Mss.
