4140 6356
413 426 520 483 199

411 535 610 607 ἥψατο,
644 533 762 598 πῶς
795 532 905 587 τῶν
949 534 1160 607 ἐχθρῶν
1208 537 1578 605 περιεγένετο,
1625 537 1741 599 πῶς
1778 539 1812 608 ἡ
1841 537 1992 600 δεξιᾶ

411 618 576 674 06106
623 617 1006 672 κατευῶδωσεν
1045 617 1213 689 αὐτῷ,
1257 619 1371 682 πῶς
1405 619 1665 690 ἀλήθειαν
1696 623 1791 674 καὶ
1825 622 1992 693 πραό-

409 719 549 774 τητα
581 703 674 755 καὶ
702 702 1048 773 δικαιοσύνην
1078 704 1466 771 κατεφύτευσε·
1506 705 1602 758 καὶ
1632 705 1792 758 πάλιν
1823 723 1990 776 μετα·

411 786 653 856 φορικῶς
715 785 978 855 κέχρηται
1029 783 1106 855 τῷ
1152 785 1316 854 λόγῳ,
1369 785 1558 858 ῶσπερ
1591 790 1648 840 6v
1699 788 1864 841 εἰκόνι
1893 789 1991 858 τὴν

423 867 749 938 Ἐκκλησίαν
803 867 1157 939 ὑπογράφων,
1202 868 1296 920 καὶ
1351 867 1493 940 άπερ
1547 868 1685 940 μετά
1727 870 1899 923 ταῦτα
1941 871 1990 922 οἱ

413 953 701 1005 ἀπόστολοι
750 953 1056 1024 εἰρήκασιν,
1117 955 1146 1005 6
1204 953 1302 1022 μὲν
1353 953 1544 1022 λέγων·
1608 953 1993 1024 Ἢρμοσάμην

411 1034 569 1105 ὑμᾶς
600 1035 692 1088 ἐνὶ
727 1035 899 1103 ἀνδρὶ
929 1037 1229 1104 παρθένον·
1253 1037 1449 1106 ἁγνὴν
1490 1039 1875 1108 παραστῆσαι
1912 1037 1992 1104 τῷ

411 1117 644 1188 Χριστῷ
658 1134 672 1149 ο
690 1121 718 1172 6
731 1119 808 1179 66.
839 1120 902 1172 '0
915 1120 1074 1186 ἔχων
1093 1118 1210 1185 τὴν
1227 1121 1490 1188 νύμφην,
1513 1120 1772 1191 νυμφίος
1795 1121 1989 1176 ἐστίν’

411 1204 442 1256 6
471 1202 546 1265 66,
587 1200 868 1271 Ὡμοιώθη
908 1203 947 1268 ἠ
973 1202 1263 1266 ,ϐασιλεία
1281 1201 1398 1256 τῶν
1415 1203 1686 1270 οὐρανῶν
1704 1203 1990 1272 ἀνθρώπῳ

405 1286 677 1351 βασιλεῖ,
718 1285 887 1351 ὅστις
931 1287 1192 1353 ,ἐποίησε
1244 1286 1436 1356 γάμον
1485 1285 1564 1352 τῷ
1618 1285 1726 1352 υἱῷ
1778 1289 1988 1342 αὐτοῦ·

412 1370 582 1424 ταῦτα
617 1371 709 1424 καὶ
751 1363 904 1433 οὗτος
935 1373 1337 1440 προαναφωνεῐ,
1369 1370 1466 1442 τὴν
1507 1371 1724 1440 νύμφην
1756 1372 1990 1438 εἰσάγων

411 1453 546 1524 ὁμοῦ
571 1453 664 1506 καὶ
696 1452 958 1523 βασιλίδα’
988 1453 1068 1506 διό
1097 1471 1253 1524 φησι,
1277 1455 1550 1522 Παρέστη
1582 1454 1619 1522 ἡ
1644 1456 1992 1519 βασίλισσα

412 1547 480 1598 ἐκ
509 1542 724 1606 δεξιῶν
752 1557 889 1596 σου.
932 1542 1143 1607 Ἀλλος,
1184 1543 1554 1611 Ἐστηλώθη,
1590 1545 1858 1610 τουτέστι,
1899 1546 1990 1616 βε-

413 1627 580 1689 εαίως
611 1626 762 1696 ἔστη.
797 1626 1074 1696 ἀκινήτως
1094 1626 1247 1698 ἔστη,
1281 1627 1416 1698 ὅπερ
1445 1630 1472 1680 6
1497 1627 1729 1698 Χριστὸς
1756 1628 1988 1698 ἀλλαχοῦ

413 1727 600 1779 φησιν,
638 1711 720 1763 ὅτι
741 1710 935 1762 Πύλαι
963 1709 1110 1776 ᾅδου
1144 1713 1216 1763 οὺ
1260 1712 1740 1780 κατισχύσουσιν
1779 1710 1985 1779 αὐτῆς.

413 1789 564 1856 Εἶδες
585 1793 752 1863 τιμῆς
784 1791 1121 1863 ὑπερϐολήν;
1159 1787 1298 1856 εἶδες
1323 1792 1486 1860 ὄγκον
1507 1793 1850 1864 ἀξιώματος;
1891 1796 1989 1866 τὴν

417 1877 832 1948 πεπατημένην,
863 1875 964 1947 τὴν
1007 1878 1158 1929 κάτω
1206 1879 1511 1948 συρομένην
1556 1879 1635 1941 είς
1681 1879 1804 1932 ὅσον
1857 1879 1990 1949 ὕψος

416 1961 710 2029 ἀνήγαγεν,
739 1959 878 2012 ὥστε
922 1959 1073 2029 αὐτῷ
1102 1964 1474 2030 παρεστάναι;
1501 1962 1692 2030 ἔγνως,
1731 1964 1764 2031 ή
1788 1966 1989 2035 αἰχμά-

414 2043 620 2107 λωτος,
665 2046 698 2113 ή
763 2042 1288 2114 ἀπηλλοτριωμένη,
1438 2045 1642 2114 πόρνη,
1769 2047 1986 2117 ἐναγὴς,

411 2128 494 2188 είς
551 2128 675 2179 ὅσον
729 2125 899 2196 ἀνέϐη
940 2126 1192 2196 ἀξίωμα;
1240 2126 1387 2178 Μετὰ
1438 2127 1547 2179 τῶν
1603 2128 1989 2199 λειτουργικῶν

413 2211 723 2280 παρέστηκε
769 2209 1069 2280 δυνάμεων.
1122 2209 1179 2262 Ὀ
1219 2208 1316 2278 μὲν
1346 2209 1454 2280 γάρ
1490 2209 1636 2274 Υἱὸς,
1675 2210 1769 2263 ἅτε
1806 2213 1991 2280 όμότι·

420 2312 518 2364 μος
539 2292 636 2358 ὢν,
669 2297 733 2347 ὲκ
760 2293 948 2359 δεξιῶν
972 2293 1228 2364 κάθηται,
1265 2292 1404 2362 αὕτη
1432 2293 1488 2346 66
1511 2293 1759 2365 ἔστηκεν.
1792 2297 1854 2348 Εἰ
1882 2295 1991 2368 γάρ

417 2380 512 2432 καὶ
536 2377 824 2448 βασίλισσά
857 2378 1022 2440 ἐστιν,
1060 2375 1195 2430 ἁλλά
1228 2378 1451 2446 κτιστῆς
1485 2377 1674 2440 οὐσίας
1695 2378 1828 2431 ἑστί-
1864 2378 1991 2443 Ηῶς

412 2457 504 2515 οὖν
554 2463 582 2513 6
632 2459 842 2524 H0616;
873 2475 1036 2530 φησι’
1069 2458 1393 2528 Συνήγειρε
1446 2462 1544 2514 καὶ
1589 2461 1992 2516 συνεκάθισεν

410 2543 568 2614 ἡμᾶς
585 2545 654 2596 ἐν
674 2542 796 2609 τοῖς
815 2544 1189 2610 ἐπουρανίοις
1210 2543 1279 2596 ἐν
1297 2542 1528 2610 Χριστῷ
1555 2544 1756 2612 Ἰησοῦ
1778 2561 1796 2609 ;
1829 2544 1992 2598 Ἀλλὰ

414 2629 644 2700 πρόσεχε
677 2629 742 2698 τῇ
791 2626 1063 2698 ἀκριϐείᾳ.
1104 2624 1218 2697 Οὐχ
1260 2626 1442 2690 ἁπλῶς
1478 2623 1618 2690 εἷπε,
1669 2627 1991 2697 Συνήγειρε

411 2712 509 2766 καὶ
549 2709 972 2764 σ·υνεκάθισεν’
1003 2708 1138 2775 ἀλλ’,
1189 2711 1290 2762 Ἐν
1329 2709 1581 2778 Χριστῴο
1608 2709 1874 2778 τουτέστι,
1903 2711 1990 2766 διὰ

413 2796 674 2869 Χριστοῦ.
715 2794 937 2863 Ἐπειδὴ
977 2792 1087 2864 γὰρ
1134 2795 1167 2864 ή
1211 2791 1420 2864 κεφαλὴ
1447 2793 1605 2864 ήμῶν
1640 2793 1771 2858 ἄνω,
1802 2796 1986 2867 φησὶν,

411 2881 579 2944 ἐστὶν,
608 2881 768 2950 ἡμεῖς
803 2879 860 2932 δὲ
890 2878 1072 2947 σῶμα,
1103 2878 1214 2948 τῆς
1234 2877 1474 2948 κεφαλῆς
1509 2877 1621 2931 άνω
1649 2879 1985 2950 καθημένης,

412 2966 507 3016 καὶ
543 2965 704 3034 ήμεῖς
733 2963 832 3032 τῆς
873 2962 1038 3033 τιμῆς
1072 2961 1391 3031 μετέχομεν,
1424 2962 1472 3013 εί
1517 2962 1611 3014 καὶ
1653 2964 1984 3034 ἑστήκαμεν.

425 3048 525 3099 Ἐν
562 3044 854 3116 ἱματισμῷ
891 3044 1200 3113 διαχρύσῳ
1247 3046 1739 3114 περιϐεϐλημένη,
1783 3061 1988 3102 πεποι-

412 3131 688 3200 κιλμένη.
729 3128 942 3192 Ἀλλος,
986 3128 1082 3181 Ἐν
1103 3125 1419 3196 διαδήματι
1457 3128 1692 3196 χρυσοῦ
1735 3129 1804 3183 ἐκ
1840 3133 1989 3185 Σουο

411 3213 546 3283 φείρ
563 3224 612 3266 ει.

488 3368 700 3437 Ὠσπερ
728 3367 820 3418 ἐπὶ
849 3363 943 3418 τοῦ
982 3364 1244 3436 βασιλέως
1283 3364 1344 3417 ού
1380 3364 1510 3430 τόξα
1548 3367 1642 3418 καὶ
1679 3365 1806 3437 βέλη
1840 3369 1990 3421 νοοῦ-

418 3465 536 3520 μεν,
561 3448 702 3501 οὕτω
748 3447 884 3518 μηδὲ
919 3447 1016 3501 ἐπὶ
1051 3449 1146 3518 τῆς
1185 3448 1402 3519 νύμφης
1443 3448 1633 3517 ἱμάτια
1671 3450 1778 3502 νόει
1806 3466 1820 3480 °
1853 3451 1989 3506 ἀλλὰ

413 3533 505 3586 διὰ
546 3533 653 3584 τῶν
710 3529 983 3602 αἰσθητῶν
1029 3530 1305 3602 θεοπρεπῆ
1360 3533 1606 3602 νοήματα
1654 3531 1989 3603 ὲκλάμῦανε.

418 3616 534 3668 Ἵνα
561 3615 668 3685 γὰρ
705 3613 875 3684 μηδὲν
901 3630 955 3666 τι
979 3614 1220 3668 τοιοῦτόν
1250 3631 1334 3675 τις
1365 3613 1709 3685 ὑποπτεύσῃ,
1741 3617 1988 3687 ἐπήγαγε

414 3699 607 3768 λέγων’
641 3698 818 3754 Πᾶσα
841 3700 880 3767 ή
902 3698 1053 3763 δόξα
1083 3698 1187 3768 τῆς
1221 3698 1510 3768 θυγατρὸς
1543 3699 1649 3752 τοῦ
1683 3700 1989 3768 βασιλέως

416 3785 662 3838 ἔσωθεν.
710 3782 864 3854 [178]
894 3784 1004 3837 Καὶ
1035 3784 1139 3854 μὴν
1178 3783 1245 3836 τὰ
1274 3783 1466 3853 ἱμάτια
1497 3782 1730 3852 μάλιστα
1771 3783 1990 3838 πάντων

416 3867 636 3934 ἔξωθεν,
654 3870 748 3920 καὶ
763 3866 923 3938 χάριν
943 3865 1050 3919 τῶν
1067 3867 1357 3937 ὁρωμένων
1373 3867 1542 3930 ἐστὶν,
1555 3865 1670 3919 ἀλλ’
1693 3864 1866 3939 ὅτανῇ
1887 3884 1990 3919 σω-

420 3951 626 4020 ματικά
644 3967 657 3980 ·
682 3951 808 4003 ὅταν
840 3949 895 4003 δὲ
924 3951 1054 4020 περὶ
1090 3949 1474 4019 πνευματικῶν
1505 3951 1534 4002 6
1561 3948 1718 4018 λόγος
1744 3945 1802 4023 ᾗ,
1843 3950 1990 4003 ἔνδον

419 4035 616 4105 στρέφε
656 4033 716 4085 τὺ
763 4032 913 4103 ὄμμα
945 4034 1044 4102 τῆς
1086 4031 1343 4094 διανοίας.
1389 4032 1559 4086 T0610
1606 4031 1669 4085 16
1719 4032 1930 4102 ἱμάτιον
1962 4035 1992 4086 6

419 4117 671 4186 βασιλεὺς
701 4114 896 4186 ὒφηνε,
927 4115 1021 4168 x01
1062 4114 1306 4166 ἐνέδυσεν
1337 4113 1503 4185 αὐτὴν
1537 4113 1626 4166 διὰ
1661 4111 1756 4168 τοῦ
1799 4114 1993 4185 βαπτί-

419 4216 641 4270 σματος.
677 4200 840 4251 Ὅσοι
897 4197 1025 4270 γὰρ,
1082 4198 1266 4266 φησὶν,
1323 4200 1410 4264 εἰς
1467 4200 1722 4266 Χριστὸν
1755 4199 1992 4254 ἐϐαπτί-

417 4290 624 4352 σθητε,
684 4283 945 4351 Χριστὸν
996 4281 1389 4336 ἐνεδύσασθε.
1450 4282 1565 4353 Πρὸ
1621 4283 1729 4355 γὰρ
1799 4283 1988 4337 τούτου

418 4368 600 4438 γυμνὴ
629 4362 697 4438 ἦν
744 4367 838 4418 καὶ
878 4365 1284 4437 ἀσχημονοῦσα,
1324 4364 1662 4436 προκειμένη
1703 4367 1836 4418 πᾶσι
1879 4370 1991 4430 τοῖς

419 4449 958 4521 παραπορευομένοις
987 4449 1102 4500 όδόν
1128 4467 1140 4478 ·
1171 4449 1262 4518 ἀφ’
1283 4439 1344 4500 06
1379 4448 1434 4502 δὲ
1467 4448 1526 4502 τὸ
1559 4448 1769 4519 ἱμάτιον
1808 4449 1988 4501 ἐνεδύ-

421 4551 552 4588 σατο
577 4533 755 4596 τοῦτο,
786 4534 922 4605 πρὸς
959 4534 1020 4585 16
1056 4533 1187 4602 ὕψος
1229 4533 1499 4604 ἀνηνέχθη
1535 4534 1730 4600 ἐκεῖνο,
1768 4533 1861 4586 καὶ
1893 4534 1990 4603 τῆς

421 4622 487 4671 ἐκ
514 4617 700 4680 δεξιῶν
723 4617 964 4680 στάσεως
985 4617 1213 4687 ἠξιώθη.
1248 4617 1442 4680 Καλῶς
1463 4617 1517 4668 δὲ
1540 4616 1671 4668 αὐτὸ
1694 4615 1788 4668 καὶ
1816 4616 1993 4670 ποικί-

421 4702 512 4754 λον
550 4701 734 4771 φησίν.
764 4701 838 4756 Οὐ
871 4701 980 4772 γὰρ
1013 4700 1280 4772 μονοειδὲς
1320 4701 1378 4753 16
1408 4699 1639 4770 ἱμάτιον.
1672 4698 1748 4753 Οὐ
1788 4699 1895 4770 γὰρ
1927 4701 1991 4752 ἐκ

420 4784 642 4854 χάριτός
661 4785 776 4836 ἐστι
802 4783 1038 4854 σωθῆναι
1063 4784 1246 4854 μόνον,
1267 4783 1402 4836 ἀλλὰ
1432 4783 1588 4855 χρεία
1609 4783 1703 4836 καὶ
1731 4783 1988 4845 πίστεως,

419 4869 514 4922 καὶ
541 4867 680 4936 μετά
704 4867 804 4937 τὴν
834 4867 1014 4920 πίστιν
1055 4867 1148 4920 καὶ
1193 4867 1412 4937 ἀρετῆς.
1460 4865 1620 4918 Ἀλλὰ
1648 4865 1742 4918 νῦν
1770 4866 1831 4918 οὐ
1863 4867 1991 4935 περὶ

424 4949 653 5020 ἱματίων
699 4952 728 5003 6
761 4950 936 5018 λόγος.
980 4947 1117 5003 0666
1166 4950 1273 5020 γὰρ
1313 4949 1391 5018 τῷ
1437 4949 1713 5018 Πνεύματι
1755 4949 1989 5020 τοσαύτη

423 5033 625 5104 σπουδή
645 5028 733 5104 ἦν,
767 5031 908 5085 ὥστε
942 5033 1132 5103 ἱμάτια
1165 5033 1420 5102 γυναικὸς
1443 5033 1763 5104 διαγράφειν
1792 5035 1990 5104 χρυσᾶ.

421 5117 484 5168 Εἰ
517 5117 626 5187 γὰρ
647 5107 764 5178 ταῖς
789 5115 1292 5186 καλλωπιζομέναις
1315 5116 1557 5184 γυναιξὶν
1582 5118 1610 5168 6
1647 5116 1873 5180 Ἡσαΐας
1901 5118 1992 5183 ὲγ-

421 5198 598 5260 καλεῖ,
627 5199 716 5252 καὶ
743 5199 1018 5269 πανταχοῦ
1047 5200 1114 5251 τὰ
1138 5198 1238 5269 τῆς
1265 5199 1478 5270 τρυφῆς
1508 5198 1848 5268 ὲκὸέὸληται’
1874 5200 1992 5264 πῶς

421 5281 488 5336 ἂν
503 5281 737 5335 ἐνταῦθα
758 5283 986 5354 ἐπῄνεσε
1008 5284 1238 5350 γυναῖκα
1254 5280 1760 5353 καλλωπιζομένηνς
1784 5283 1992 5337 Ἄκου-

425 5379 564 5428 σον,
597 5365 873 5433 θύγατερ;
908 5365 1008 5418 καὶ
1057 5364 1168 5427 ἴδε,
1209 5363 1307 5418 καὶ
1351 5363 1563 5418 κλῖνον
1600 5363 1662 5416 τὸ
1693 5359 1802 5429 οὖς
1852 5382 1990 5427 σου,

422 5449 520 5501 καὶ
554 5447 844 5502 ἐπιλάθου
876 5448 986 5502 τοῦ
1025 5447 1177 5502 λαοῦ
1220 5465 1356 5512 σου,
1409 5446 1507 5500 καὶ
1547 5447 1652 5500 τοῦ
1689 5449 1857 5502 οἴκου
1885 5449 1991 5503 τοῦ

421 5532 646 5600 πατρός
666 5545 805 5586 σου.
826 5532 938 5586 Καὶ
961 5531 1316 5601 ἐπιθυμήσει
1345 5533 1377 5584 ό
1399 5530 1698 5596 βασιλεὺς
1715 5530 1820 5585 τοῦ
1847 5531 1993 5585 κάλ-

487 5649 514 5678 α
535 5641 646 5706 Ι)ρο
667 5653 785 5706 ωδε.
816 5641 957 5696 ἄλλος
977 5640 1033 5706 ἐν.
1066 5641 1319 5706 διαϐήματι
1340 5641 1456 5706 _(»si_c)
1575 5639 1757 5706 χρυσίῳ
1777 5641 1987 5706 Σουιςιιείρ⁸

426 5718 554 5758 unus
575 5704 624 5774 ἐν
645 5703 837 5774 χρυσίῳ.
859 5703 1080 5774 πρωτείῳ
1096 5701 1719 5774 610612669..Prior‘lgcsi'oﬁy
1734 5701 1993 5774 διαδήματι

423 5763 606 5832 χρυσοῦ
629 5762 748 5832 σιξ..
769 5762 847 5814 σοι
865 5762 1672 5832 Τὴιξοάοιίοιιίε,(ιυὶχρυσῷγιιοῂςι
1695 5764 1742 5810 in
1758 5762 1996 5832 μθχαριίε

427 5823 609 5897 ἰῖοσιτὶε
632 5842 644 5875 :
665 5827 819 5877 altera
843 5833 921 5879 est
942 5825 1234 5887 Symmachi,
1256 5823 1722 5897 ﬁgihabélibidem
1751 5825 1797 5875 ἐν
1829 5823 1991 5892 χρυσῷ

425 5891 662 5967 πρωτείῳ.

1507 426 1874 484 EXPOSITIO
1930 428 1992 482 IN
2032 428 2361 486 PSALMUM
2406 429 2584 484 XLIV.

3559 429 3676 486 200.

2097 542 2246 605 λους
2275 555 2413 594 σου.
2437 540 2628 603 ’Λλλος
2654 542 2839 611 φησὶν,
2866 541 2988 594 Ἵνα
3019 540 3380 609 ἐπιθυμήσῃ.
3414 541 3539 595 Ὀτι
3565 546 3671 598 at).

2095 625 2198 689 τός
2227 625 2359 678 ἐστι
2403 624 2619 692 Κύριός
2647 639 2783 679 σου.
2813 624 3024 689 Ἄλλος,
3061 625 3252 692 Αὐτὸς
3301 625 3408 695 γὰρ
3453 628 3670 694 Κύριός

2095 725 2230 762 σου.
2284 709 2394 762 Καὶ
2447 709 2991 775 προσκυνήσουσιν
3027 709 3204 774 αὐτῷ.
3252 708 3465 774 Ἀλλος,
3489 710 3519 750 δ
3558 711 3671 765 Kal

2093 793 2422 858 προσκύνει
2455 790 2632 856 αὐτῷ.
2664 793 2772 846 Καὶ
2809 790 3069 861 θυγάτηρ
3107 793 3296 860 Τύρου
3333 794 3403 846 ἐν
3435 792 3668 862 δώροις.

2099 875 2308 939 Ἄλλος,
2354 878 2413 930 Ἠ
2463 874 2531 928 δὲ
2582 873 2846 944 θυγάτηρ
2897 877 3144 942 κραταιὰ
3190 877 3347 944 δῶρα
3375 877 3552 932 οίσει.
3597 878 3667 931 Τὸ

2093 960 2420 1026 πρόσωπόν
2467 976 2582 1012 σου
2631 960 3100 1014 λιτανεύσουσιν
3149 962 3203 1012 οἱ
3253 961 3536 1014 πλούσιοι
3558 961 3676 1015 τοῦ

2093 1043 2267 1096 λαοῦ.
2855 1081 2858 1084 -

2148 1121 2235 1178 ια’.
2252 1125 2415 1196 Ὁρᾷς
2431 1123 2547 1189 πῶς
2563 1125 2714 1179 οὐδὲν
2737 1125 3012 1196 αίσθητόν;
3030 1125 3146 1188 πῶς
3164 1124 3318 1178 οὐδὲν
3337 1127 3666 1194 σωματικὸν,

2094 1206 2228 1261 ἀλλά
2265 1209 2441 1262 πάντα
2484 1209 2683 1279 νοερά;
2731 1209 2853 1270 Πῶς
2880 1210 2988 1280 γὰρ
3016 1211 3049 1279 ή
3073 1208 3256 1279 νύμφη
3294 1208 3539 1277 θυγάτηρ
3575 1211 3669 1263 τοῦ

2092 1290 2258 1345 06106
2291 1293 2444 1356 ἐστι;
2477 1291 2593 1354 πῶς
2615 1291 2669 1344 δὲ
2700 1295 2732 1362 ἡ
2765 1290 3011 1364 θυγάτηρ
3030 1293 3253 1362 νύμφη;
3291 1293 3413 1344 Ἐπὶ
3444 1294 3541 1360 μὲν
3560 1294 3669 1345 τῶν

2095 1374 2424 1445 σωματικῶν
2461 1375 2560 1427 οὐκ
2604 1375 2684 1427 ἔνι
2739 1373 2915 1436 τοῦτο,
2969 1375 3084 1428 ἀλλ’
3125 1374 3313 1445 ’έτερον
3363 1374 3544 1435 τοῦτο.
3577 1377 3671 1428 καὶ

2092 1457 2178 1510 ἓτε
2187 1476 2280 1528 ρον
2301 1460 2478 1510 ἐκεῖνο
2500 1475 2513 1488 ⁶
2555 1460 2648 1510 ἐπὶ
2675 1459 2732 1511 66
2757 1458 2852 1511 106
2890 1457 3025 1511 Θεοῦ
3056 1459 3340 1530 ἀμφότερα
3366 1459 3463 1512 ένι.
3499 1459 3672 1525 Αὐτὸς

2092 1540 2200 1611 γὰρ
2248 1541 2410 1611 αὐτὴν
2464 1542 2786 1611 ἀνεγέννησε
2815 1541 2900 1594 διὰ
2947 1541 3038 1594 106
3075 1541 3465 1612 βαπτίσματος,
3510 1543 3670 1609 0616;

2092 1624 2262 1694 αὐτὴν
2297 1624 2390 1677 καὶ
2420 1624 2721 1694 ἡρμόσατο.
2763 1626 3078 1686 Ἄκουσον,
3114 1628 3385 1694 θύγατερ,
3425 1627 3524 1678 καὶ
3557 1626 3664 1679 ἴδε-

2094 1707 2199 1760 Δύο
2227 1709 2363 1778 αὐτῇ
2396 1708 2660 1778 παρέσχε,
2691 1708 2785 1761 καὶ
2823 1707 3172 1762 διδασκαλίαν
3205 1709 3302 1778 τὴν
3326 1705 3413 1760 διὰ
3437 1709 3543 1761 τῶν
3576 1711 3672 1779 ῥη-

2095 1792 2302 1862 μάτων,
2327 1792 2419 1843 καὶ
2447 1790 2570 1859 ὄψιν
2596 1791 2693 1861 τὴν
2731 1791 2818 1843 διὰ
2861 1791 2970 1842 τῶν
3001 1791 3314 1860 θαυμάτων,
3338 1792 3434 1844 καὶ
3461 1791 3558 1860 τὴν
3583 1791 3671 1845 διὰ

2090 1874 2193 1944 τῆς
2223 1875 2459 1937 πίστεως
2479 1891 2494 1904 ο
2526 1875 2617 1927 καὶ
2644 1874 2712 1926 τὰ
2743 1873 2841 1944 μὲν
2861 1873 3082 1935 ἔδωκεν,
3103 1875 3171 1926 τὰ
3195 1875 3252 1926 δὲ
3281 1876 3668 1944 ἐπηγγείλατο.

2097 1957 2360 2011 ’Ἄκουσον
2397 1958 2576 2010 τοίνυν
2600 1957 2708 2009 τῶν
2749 1957 3007 2028 ῥημάτων
3036 1957 3144 2010 τῶν
3169 1957 3338 2027 ὲμῶν,
3365 1959 3438 2011 ίδε
3471 1977 3572 2030 μου
3601 1959 3672 2013 τά

2093 2039 2352 2110 θαύματα
2383 2041 2476 2093 καὶ
2500 2040 2568 2093 τά
2593 2038 2750 2110 ἔργα,
2780 2042 2872 2092 καὶ
2911 2041 3104 2111 ἀνέχου
3128 2042 3235 2093 τῶν
3270 2043 3666 2112 παραινέσεων.

2091 2123 2200 2177 Καὶ
2234 2124 2334 2194 ὅρα
2357 2126 2506 2175 ποῖον
2539 2122 2907 2193 παράγγελμα
2943 2125 3173 2176 ποιεῖται
3200 2124 3484 2195 πρότερον.
3522 2127 3673 2179 Ἐπι-

2091 2206 2281 2261 λάθου
2303 2206 2407 2260 τοῦ
2421 2206 2575 2260 λαοῦ
2595 2222 2711 2260 σου
2735 2207 2834 2260 καὶ
2853 2207 2958 2260 τοῦ
2982 2207 3154 2260 οἴκου
3167 2208 3272 2260 τοῦ
3294 2211 3516 2277 πατρός
3533 2227 3669 2264 σου.

2105 2289 2321 2359 Ἐπειδὴ
2352 2289 2459 2360 γὰρ
2486 2288 2544 2353 ἐξ
2570 2290 2738 2342 ἐθνῶν
2761 2291 2930 2358 αὐτὴν
2968 2289 3267 2360 ήρμότατο,
3303 2290 3461 2344 τοῦτο
3486 2306 3507 2331 ε
3532 2295 3669 2362 αὐτῇ

2093 2372 2355 2442 πρότερον
2377 2371 2764 2442 παραγγέλλει,
2791 2372 3061 2436 ἀποξῦσαι
3090 2371 3186 2442 τὴν
3215 2374 3501 2444 συνήθειαν
3529 2377 3674 2428 ἐκεί-

2091 2471 2210 2524 νην,
2246 2456 2554 2524 ἀποστῆσαι
2578 2455 2678 2525 τῆς
2710 2457 2949 2526 μνήμης.
2980 2453 3228 2507 ὲκεαλεῖν
3267 2457 3405 2510 αὺτά
3437 2458 3534 2526 τῆς
3557 2458 3674 2511 δια-

2091 2536 2259 2599 νοίας,
2296 2535 2371 2608 μὴ
2401 2536 2561 2607 μόνον
2594 2538 2734 2591 αὐτὰ
2772 2540 2984 2607 φυγεῖν,
3021 2537 3158 2591 ἀλλὰ
3187 2537 3319 2608 μηδὲ
3361 2540 3673 2609 μεμνῆσθαι

2091 2619 2270 2672 αὐτῶν
2304 2620 2603 2690 παραινῶν.
2637 2619 2746 2674 Καὶ
2769 2619 3060 2675 ἐπιλάθου
3090 2620 3197 2674 τοῦ
3222 2622 3376 2675 λαοῦ
3411 2638 3547 2685 σου,
3574 2625 3674 2677 καὶ

2090 2702 2202 2755 τοῦ
2223 2703 2391 2756 οἴκου
2418 2702 2523 2757 τοῦ
2561 2705 2784 2769 πατρός
2815 2720 2950 2757 σου.
2989 2703 3157 2756 Ὅταν
3179 2703 3237 2756 66
3265 2703 3392 2775 εἴπῃ
3421 2706 3514 2758 καὶ
3546 2705 3673 2759 λαὸν

2091 2786 2186 2838 καὶ
2210 2781 2377 2848 οἷκον,
2409 2786 2586 2839 πάντα
2622 2786 2692 2839 τὰ
2718 2788 2833 2840 ἐκεῖ
2862 2785 3211 2857 πραττόμενα
3236 2785 3382 2854 λέγει
3407 2790 3534 2858 παρ’
3573 2791 3675 2841 αύ-

2090 2868 2218 2933 τῶν,
2247 2870 2340 2922 καὶ
2367 2869 2480 2940 βίον
2502 2871 2596 2922 καὶ
2630 2870 2896 2940 δόγματα.
2924 2869 3035 2922 Καὶ
3055 2869 3412 2937 ἐπιθυμήσει
3437 2872 3670 2935 0,8001-

2089 2952 2236 3017 λεὺς
2258 2953 2363 3007 τοῦ
2387 2951 2656 3019 κάλλους
2675 2970 2814 3007 σου.
2833 2955 2994 3024 Ὁρᾷς
3017 2953 3098 3006 ὃτι
3119 2953 3179 3005 οὐ
3203 2970 3270 3004 πε
3281 2953 3332 3023 ρὶ
3359 2955 3670 3024 σωματικοῦ

2091 3035 2320 3098 κάλλους
2351 3037 2379 3087 6
2414 3035 2570 3104 λόγος
2595 3052 2608 3065 ·
2656 3035 2722 3089 ἂν
2766 3037 2874 3106 γὰρ
2919 3035 3091 3088 ταῦτα
3135 3037 3387 3106 ποιήσῃς,
3421 3036 3541 3090 τότε
3574 3039 3673 3112 ἔσῃ

2091 3119 2251 3188 καλὴ,
2280 3118 2401 3170 τότε
2433 3119 2461 3170 ό
2492 3117 2745 3188 βασιλεὺς
2775 3118 3105 3189 ἐπιθυμήσει
3143 3118 3236 3171 τοῦ
3274 3117 3524 3182 κάλλους.
3564 3122 3673 3174 Καὶ

2093 3201 2200 3272 μὴν
2226 3199 2534 3270 σωματικὸν
2554 3200 2748 3264 κάλλος
2767 3201 2940 3255 ταῦτα
2968 3202 3066 3254 οὐκ
3088 3201 3396 3270 ἐργάζεται.
3427 3203 3546 3255 Καὶ
3564 3204 3673 3274 γὰρ

2091 3285 2149 3338 ὲν
2176 3283 2426 3346 ἀπίστοις
2454 3283 2670 3354 ὁρῶμεν
2693 3284 2887 3347 κάλλος
2913 3283 3246 3354 σωματικὸν,
3281 3286 3372 3336 καὶ
3406 3287 3671 3353 γυναῖκας

2090 3367 2400 3438 εὐμόρφους
2439 3365 2748 3437 Ἑλληνίδας
2770 3366 2952 3430 οὔσας.
2988 3364 3139 3438 [179]
3177 3365 3314 3419 Ἀλλ’
3343 3367 3430 3421 ἵνα
3465 3370 3665 3440 μάθῃς,

2088 3451 2171 3504 ὃτι
2188 3451 2249 3502 οὐ
2269 3467 2336 3502 πε
2343 3451 2398 3520 ρὶ
2417 3450 2729 3520 σωματικοῦ
2746 3450 2975 3514 κάλλους
2990 3451 3018 3502 6
3035 3450 3210 3518 λόγος,
3231 3453 3294 3504 ἐκ
3310 3452 3410 3522 τῆς
3426 3453 3673 3525 ὑπακοῆς

2089 3532 2254 3587 06106
2306 3533 2651 3587 συνίστασθαι
2684 3533 2842 3587 τοῦτό
2878 3535 3130 3604 φησιν·ή
3163 3535 3376 3605 ὑπακοὴ
3423 3536 3477 3589 66
3520 3538 3581 3590 ού
3614 3540 3670 3591 τὸ

2092 3616 2402 3686 σωματικὸν
2435 3616 2629 3679 κάλλος
2654 3617 2984 3687 συνίστησιν,
3009 3616 3143 3669 ἀλλὰ
3165 3617 3226 3669 16
3249 3618 3499 3688 ψυχικόν.
3547 3623 3671 3674 Ἐὰν

2089 3699 2197 3772 γὰρ
2230 3699 2400 3753 ταῦτα
2430 3701 2682 3772 ποιήσῃς,
2723 3701 2876 3770 φησὶ,
2907 3701 3030 3753 τότε
3069 3701 3166 3776 ἔσῃ
3211 3703 3373 3772 καλὴ,
3398 3705 3519 3756 τότε
3546 3707 3672 3759 ἑπέ-

2093 3800 2289 3854 ραστος
2303 3781 2379 3852 τῷ
2391 3783 2625 3852 νυμφίῳ,
2646 3784 2775 3836 Ὅτι
2794 3785 2976 3850 αὐτός
2996 3800 3113 3838 σου
3123 3785 3256 3838 ἐστὶ
3276 3785 3510 3855 Κύριος.
3539 3789 3668 3842 Ἰδοὺ

2090 3868 2118 3920 ό
2151 3867 2332 3938 πατὴρ
2361 3866 2454 3919 καὶ
2485 3865 2717 3936 νυμφίος
2762 3866 2856 3920 καὶ
2890 3866 3156 3937 δεσπότης
3177 3869 3442 3938 ἀνεφάνη.
3487 3872 3669 3925 Ἐπει-

2090 3949 2155 4020 δὴ
2173 3948 2281 4019 γὰρ
2296 3948 2554 4014 ἐπέταξεν
2569 3948 2869 4019 ἀποστῆναι
2886 3949 3130 4021 πατρῶν,
3142 3951 3666 4019 ὲπιλαθέσθαιλαῶν,

2091 4032 2341 4087 ὲκδαλείν
2379 4033 2474 4102 τὴν
2510 4030 2816 4102 συνήθειαν,
2859 4031 3098 4084 δείκνυσι
3139 4033 3248 4086 τῶν
3280 4036 3669 4105 ἐπιταγμάτων

2090 4117 2152 4168 16
2178 4115 2450 4185 δικαίωμα
2475 4115 2736 4184 μέγιστον
2759 4113 2838 4178 ὃν,
2872 4115 2966 4169 καὶ
2995 4114 3195 4186 πολλὴν
3222 4112 3391 4172 οὖσαν
3413 4119 3514 4189 τὴν
3539 4122 3670 4179 ἁκο-

2091 4195 2306 4251 λουθίαν
2327 4197 2420 4251 106
2452 4195 2632 4265 λόγου,
2660 4197 2751 4250 καὶ
2772 4197 2980 4266 ὀφεῖλον
3001 4196 3159 4250 τοῦτο
3178 4200 3452 4266 γενέσθαι.
3476 4201 3539 4255 El
3561 4204 3672 4276 γὰρ

2093 4281 2186 4334 καὶ
2218 4281 2400 4352 πατήρ
2431 4296 2524 4332 σου
2547 4279 2729 4344 αὐτὸς,
2756 4280 2851 4333 καὶ
2875 4280 3106 4350 νυμφίος
3129 4282 3312 4348 αὐτὸς,
3349 4284 3444 4336 καὶ
3480 4284 3668 4356 κύριος

2092 4365 2274 4431 αὐτὸς,
2326 4363 2532 4416 δίκαιον
2582 4362 2649 4416 ἂν
2694 4362 2778 4434 εἴη
2823 4364 3037 4418 πάντων
3069 4365 3291 4419 ἐκείνων
3330 4370 3666 4435 ἀποστᾶσαν,

2091 4447 2265 4517 τούτῳ
2295 4447 2493 4517 ἑαυτὴν
2529 4444 2827 4499 ἀναθεῖναι.
2874 4447 2986 4498 Καὶ
3031 4448 3130 4500 οὐκ
3174 4444 3670 4517 εἷπεν,’οτιαὺτός

2095 4530 2187 4583 σού
2209 4532 2325 4582 ἐστι
2351 4530 2533 4600 πατήρ
2553 4547 2565 4560 ·
2589 4528 2724 4594 ἀλλ’,
2747 4530 2877 4583 ’Ὅτι
2897 4531 3079 4595 αὐτός
3099 4533 3215 4585 σού
3235 4531 3366 4586 ἐστι
3390 4536 3666 4602 Κύριοςά,

2094 4614 2180 4665 ἵνα
2211 4612 2387 4682 τούτῳ
2418 4613 2649 4682 μάλιστα
2670 4613 2838 4682 αὐτῆς
2859 4612 3150 4683 καθίκηται
3170 4631 3182 4644 ’
3210 4616 3292 4668 ὅτι
3317 4616 3412 4668 καὶ
3432 4618 3461 4669 6
3483 4615 3670 4688 κύριος

2093 4697 2184 4749 καὶ
2214 4695 2482 4766 δεσπότης
2499 4696 2594 4748 καὶ
2616 4697 2802 4765 πατήρ
2830 4712 2924 4752 σου
2944 4696 3117 4750 εἵλετο
3137 4697 3389 4766 γενέσθαι
3416 4700 3511 4754 καὶ
3539 4718 3672 4772 νυμ-

2093 4781 2214 4848 cpio;
2233 4792 2248 4807 °
2277 4778 2478 4848 μᾶλλον
2501 4778 2559 4832 δὲ
2581 4779 2674 4832 καὶ
2703 4779 2834 4832 0616
2861 4778 2922 4832 16
2955 4781 3215 4853 γενέσθαι,
3241 4781 3432 4854 κύριον
3463 4784 3668 4858 πολλῆς

2093 4863 2418 4934 κηδεμονίας
2454 4863 2570 4916 ἐστὶ
2598 4865 2691 4917 καὶ
2733 4862 3163 4934 φιλανθρωπίας,
3196 4864 3257 4918 16
3280 4865 3379 4938 τὴν
3399 4867 3668 4939 δαιμόνων

2091 4947 2303 5017 δούλην,
2337 4946 2431 4999 καῖ⁹
2475 4946 2580 4999 ὑπὸ
2627 4946 2725 5016 τῆς
2783 4946 2989 5018 πλάνης
3045 4948 3410 5020 πατουμένην,
3463 4951 3683 5024 ταύτην.

2092 5031 2306 5086 ἑλέσθαι
2334 5029 2531 5100 ἑαυτῷ.
2564 5031 2638 5082 06
2672 5029 2829 5099 μόνον
2861 5030 2917 5082 δὲ
2945 5030 3156 5100 δούλην,
3193 5031 3328 5086 ἀλλὰ
3366 5035 3462 5088 καὶ
3502 5036 3671 5105 θυγα-

2092 5115 2224 5186 τέρα
2244 5115 2337 5167 καὶ
2358 5112 2574 5184 νύμφην
2601 5112 2874 5184 ἐποίησεν.
2895 5113 3215 5167 Ἐπιλάθου
3232 5116 3337 5170 τοῦ
3357 5117 3511 5170 λαοῦ
3527 5133 3665 5182 σου,

2093 5196 2312 5252 καὶτοῦ
2331 5196 2500 5250 οἴκου
2515 5195 2621 5249 τοῦ
2635 5196 2857 5262 πατρός
2878 5211 3012 5249 σου.
3035 5197 3108 5249 Οὐ
3121 5196 3229 5269 γάρ
3243 5199 3375 5270 πρὸς
3392 5201 3668 5271 ἀλλότριόν

2090 5297 2212 5334 τινα
2238 5279 2394 5351 ἔρχῃ,
2426 5278 2561 5332 ἀλλά
2593 5279 2728 5350 πρὸς
2756 5278 2846 5332 τὸν
2871 5281 3174 5349 ποιήσαντά
3215 5297 3295 5345 σε,
3327 5284 3418 5336 καὶ
3449 5285 3666 5339 πάντων

2093 5362 2316 5414 ἐκείνων
2345 5361 2695 5431 οἰκειότερον.
2733 5362 2827 5417 καὶ
2859 5363 3154 5433 κηδόμενόν
3195 5381 3288 5416 σου
3318 5370 3411 5418 καὶ
3451 5369 3667 5438 φροντίς

2093 5445 2274 5510 ζοντα.
2309 5444 2480 5507 Αὐτὸς
2515 5445 2622 5515 γάρ
2651 5461 2742 5497 σου
2769 5444 2957 5516 κύριος
3001 5447 3093 5498 καὶ
3139 5447 3336 5519 πατὴρ,
3366 5449 3460 5502 καὶ
3491 5453 3666 5505 πάντα

2092 5528 2252 5591 αὐτός
2275 5543 2358 5579 σοι
2379 5526 2599 5580 δέδωκε.
2631 5528 2740 5581 Καὶ
2775 5528 3318 5596 προσκυνήσουσιν
3351 5533 3532 5599 αὐτῷ·
3564 5536 3664 5590 και

2155 5639 2183 5710 ι]
2213 5639 2348 5710 linus
2366 5640 2447 5687 καὶ
2464 5641 2808 5710 προσκυνήσεις

2157 5703 2198 5771 °_
2215 5699 2446 5771 Sic_unu_s
2466 5699 2520 5771 ej.
2542 5701 2693 5751 Savil.
2724 5704 2906 5771 gicqug
2917 5699 3328 5771 I_6gig_lier_vetps.
3351 5706 3492 5771 Alius
3508 5709 3596 5771 γὰρ
3616 5710 3666 5768 ἐξ

2252 5762 2374 5834 αὕτη
2412 5764 2634 5836 ίιῃιῆιρχεγ⁸
2676 5762 2840 5812 10616.
2867 5762 2998 5815 Edif.
3025 5765 3198 5814 Morel.
3245 5767 3405 5826 ἐπειδή
3435 5762 3528 5833 γάρῖ

2094 5827 2141 5880 ἐξ
2167 5825 2308 5871 ἐθνῶν
2329 5825 2569 5880 συνηθείας
2591 5825 2663 5882 ἢν.

2161 5884 2188 5926 d
2208 5886 2328 5937 l’osl
2350 5885 2520 5948 Κύριος
2546 5885 2716 5937 Morel.
2745 5885 2880 5939 addit
2899 5889 2980 5938 καὶ
3003 5890 3234 5949 δεσπότης
3260 5892 3339 5940 καὶ
3368 5895 3542 5956 πατήρ.
