4108 6344
369 418 465 474 ἳθι

372 530 550 584 rabunt
577 545 690 583 eum
719 545 739 583 :
767 539 813 583 et
838 529 950 598 [ilia
988 529 1118 602 Tyri
1163 532 1214 585 in
1255 532 1564 589 muneribus.
1586 533 1837 600 Quaenam
1865 537 1947 584 est

372 622 486 676 haec
514 621 936 691 consequentia?
965 620 1120 677 Certe
1155 623 1352 690 optima
1375 639 1387 674 :
1412 631 1494 677 est
1521 624 1661 678 enim
1692 623 1949 691 optimum

369 728 538 781 genus
565 711 969 766 adhortationis.
994 713 1222 778 Accede,
1253 713 1423 781 inquit
1453 731 1467 766 :
1513 721 1634 766 sunt
1661 714 1802 768 enim
1831 728 1949 768 ma-

371 803 524 855 xima:
551 803 667 871 ejus
692 805 833 857 vires
865 820 880 868 ;
907 810 961 857 et
984 819 1170 858 omnes
1184 805 1231 856 ei
1249 803 1518 857 obedient.
1540 803 1749 857 Mittens
1773 813 1948 857 autem

373 895 628 963 propheta
675 893 854 948 dicere
892 895 1076 948 orbem
1119 904 1381 948 terrarum
1405 936 1420 960 ,
1448 894 1579 948 dicit
1601 897 1948 965 propinquam

368 985 637 1038 civitatem
668 1023 685 1049 ,
727 1000 844 1055 qua:
871 985 1060 1039 morbo
1087 986 1371 1054 impietatis
1403 996 1526 1039 tunc
1549 986 1779 1040 maxime
1804 986 1952 1039 labo-

369 1075 540 1142 rabat,
563 1083 622 1130 et
646 1083 762 1130 erat
785 1091 879 1130 arx
905 1076 1099 1131 diaboli
1131 1117 1146 1142 ,
1176 1077 1242 1132 de
1257 1077 1408 1147 cujus
1429 1077 1617 1147 opibus
1636 1087 1689 1133 et
1705 1077 1949 1148 magniﬁ-

371 1165 542 1220 centia
573 1165 712 1220 fama
738 1176 853 1220 erat
880 1166 1130 1230 maxima,
1162 1183 1225 1222 ex
1257 1177 1407 1238 parte
1433 1177 1600 1222 totum
1622 1169 1946 1238 signiﬁcans.

444 1262 613 1317 Mores
641 1280 704 1317 ea:
729 1263 929 1318 urbibus
967 1265 1315 1334 exprimuntur
1346 1280 1364 1328 ;
1395 1262 1588 1316 virtutis
1608 1262 1720 1314 laus
1744 1262 1947 1315 eximia.

368 1353 577 1407 --Mibi
603 1365 776 1409 autem
802 1356 1009 1409 videtur
1028 1370 1239 1408 omnem
1266 1355 1594 1424 impietatem
1615 1363 1668 1406 et
1690 1353 1950 1406 luxuriam

370 1451 449 1502 sic
476 1462 666 1502 vocare
691 1464 705 1494 τ
733 1448 870 1502 solet
899 1447 1040 1502 enim
1066 1461 1243 1501 mores
1265 1462 1327 1500 ex
1354 1446 1574 1500 urbibus
1599 1445 1897 1514 exprimere
1930 1485 1945 1509 ,

370 1551 429 1592 nt
452 1539 662 1610 quando
682 1539 810 1593 dicit
838 1557 852 1592 :
883 1538 1065 1592 Audite
1088 1539 1288 1592 verbum
1316 1535 1540 1601 Domini,
1575 1536 1823 1606 principes
1848 1535 1951 1589 So-

375 1631 675 1684 domorum:
701 1631 870 1683 audite
891 1631 1046 1700 legem
1073 1629 1168 1682 Dei
1194 1628 1340 1682 vestri
1367 1669 1382 1693 ,
1416 1627 1632 1696 populus
1655 1625 1950 1681 Gomorrlue

371 1724 522 1790 (Isai.
551 1723 599 1776 l.
645 1722 756 1790 10).
804 1723 961 1791 Atqui
989 1720 1358 1790 alloquebatur
1396 1719 1608 1774 Judaros
1638 1736 1651 1772 :
1681 1718 1777 1773 sed
1815 1733 1947 1787 quo-

370 1817 511 1868 niam
539 1830 601 1868 ea
629 1812 895 1867 faciebant
924 1828 1042 1882 qua:
1079 1812 1274 1866 ﬁebant
1311 1827 1340 1863 a
1370 1809 1658 1865 Sodomitis
1682 1850 1696 1874 ,
1726 1824 1820 1863 eos
1844 1823 1945 1877 ap-

370 1906 532 1975 pellat
560 1921 591 1960 a
621 1903 838 1958 nomine
882 1901 1256 1958 Sodomorum.
1288 1901 1354 1955 Et
1393 1901 1518 1970 quid
1544 1899 1755 1954 miraris
1784 1899 1830 1952 si
1851 1913 1948 1953 eos

368 1998 445 2050 sic
469 1995 698 2066 appellat
721 2010 788 2050 ex
814 1996 1002 2066 patria,
1027 2010 1146 2049 cum
1169 1995 1246 2048 eis
1269 2008 1480 2064 quoque
1502 1991 1590 2046 det
1618 2000 1794 2060 patres
1816 1990 1950 2059 ejus-

367 2087 534 2153 modi,
560 2088 744 2142 dicens
767 2105 780 2140 :
817 2086 968 2140 Pater
995 2099 1108 2140 tuus
1135 2095 1206 2139 est
1227 2085 1575 2150 Amorrhaeus,
1603 2092 1652 2137 et
1676 2092 1834 2136 mater
1858 2092 1947 2135 tua

371 2178 589 2232 Clictttea
615 2177 826 2248 (Ezech.
865 2177 950 2231 16.
973 2177 1048 2244 5).
1073 2177 1139 2231 Et
1165 2191 1233 2231 ne
1255 2175 1340 2230 hic
1357 2176 1568 2245 quidem
1593 2175 1733 2229 sistit
1759 2189 1944 2228 eorum

367 2270 778 2335 accusationem,
810 2270 904 2325 sed
934 2271 1092 2323 etiam
1123 2268 1188 2323 ad
1221 2269 1360 2322 feras
1389 2282 1555 2337 usque
1583 2266 1800 2322 deducit
1821 2280 1944 2319 ora-

370 2366 566 2419 tionem
599 2405 617 2431 ,
658 2364 710 2417 in
758 2362 906 2418 Novo
954 2363 1168 2433 quidem
1220 2362 1561 2416 Testamento
1612 2363 1690 2416 sic
1735 2360 1948 2415 dicente

369 2459 674 2528 Scriptura:
708 2457 977 2528 Serpentes
1001 2458 1254 2527 geuintina
1281 2456 1566 2524 viperarum
1593 2454 1742 2522 (Luc.
1766 2454 1818 2508 5.
1844 2453 1897 2523 7)
1924 2469 1938 2518 ;

370 2561 424 2605 et
445 2567 630 2606 rursus
656 2551 707 2604 in
739 2549 950 2605 Veteri:
984 2547 1091 2602 Ova
1118 2547 1350 2616 aspidum
1377 2555 1620 2616 ruperunt
1651 2585 1666 2610 ,
1707 2554 1752 2599 et
1793 2546 1942 2598 telam

374 2658 579 2697 aranete
603 2653 776 2696 texunt
805 2643 822 2712 (
849 2640 981 2695 Isai.
1006 2641 1093 2696 59.
1122 2643 1155 2697 5
1189 2646 1228 2711 j.
1262 2641 1327 2694 Et
1355 2640 1512 2695 alibi:
1555 2637 1818 2708 Numquid
1846 2655 1946 2691 non

370 2737 500 2789 sicut
525 2736 621 2802 ﬁlii
652 2734 725 2788 1E
733 2736 961 2804 thiapum
996 2751 1080 2788 vos
1115 2735 1229 2788 estis
1281 2733 1404 2786 milii
1437 2733 1631 2804 (Amos.
1663 2732 1716 2787 9.
1746 2731 1844 2802 7)?
1873 2730 1945 2786 lla

373 2827 460 2882 hic
489 2828 650 2882 etiam
689 2841 782 2882 eos
807 2827 896 2896 qui
924 2826 1085 2894 impie
1113 2825 1464 2879 etlibidinose
1480 2823 1947 2893 vixerunt,Tyrios

371 2920 673 2989 appellavit.
696 2919 802 2974 Sed
826 2919 993 2974 etiam
1022 2933 1136 2982 eos,
1164 2919 1350 2987 inquiit,
1381 2915 1661 2986 superabo,
1695 2923 1747 2970 et
1775 2915 1826 2967 in
1856 2929 1948 2968 eos

381 3013 712 3067 dominatum
742 3011 1015 3077 obtinebo,
1041 3019 1094 3064 et
1123 3012 1192 3064 ita
1219 3010 1489 3075 obtinebo,
1513 3018 1571 3063 ut
1597 3008 1695 3078 ipsi
1717 3023 1802 3061 me
1830 3007 1964 3059 ado—

372 3114 530 3160 rent:
562 3115 617 3160 et
643 3121 749 3159 non
779 3104 1114 3159 solummodo
1143 3103 1384 3167 adorent,
1419 3102 1514 3157 sed
1541 3115 1762 3154 munera
1785 3100 1942 3154 etiam

372 3207 428 3252 et
449 3197 710 3266 primitias
737 3195 966 3251 oﬂ'crant
993 3237 1006 3262 ,
1032 3194 1172 3266 quod
1203 3203 1282 3249 est
1314 3194 1600 3247 maximum
1626 3207 1794 3260 genus
1820 3190 1948 3243 ado-

372 3289 613 3352 rationis,
637 3296 692 3342 et
716 3289 922 3358 signum
949 3302 1172 3341 summae
1199 3284 1534 3339 obedientiae.
1574 3281 1777 3337 Vultum
1804 3293 1946 3335 tuum

372 3377 771 3448 deprecabuntur
799 3380 972 3432 divites
1000 3378 1172 3446 plebis.
1196 3377 1330 3445 Quid
1361 3383 1462 3440 est,
1491 3373 1950 3444 Deprecabuntur?

376 3470 590 3526 Honore
633 3481 688 3524 et
714 3471 880 3540 gloria
917 3469 1152 3524 aflicient
1182 3510 1197 3533 ,
1239 3469 1324 3538 qui
1358 3484 1498 3522 nunc
1529 3469 1702 3538 magni
1748 3476 1870 3522 sunt
1897 3475 1950 3520 et

378 3563 594 3619 excelsi.
622 3562 735 3618 Hoc
761 3563 903 3617 enim
937 3563 995 3617 ﬁt
1022 3562 1336 3616 iii-Ecclesia
1367 3603 1380 3626 ,
1413 3576 1507 3616 eos
1538 3562 1625 3632 qui
1660 3577 1725 3615 ex
1751 3561 1948 3615 virtute

374 3656 536 3711 vitam
561 3668 722 3727 agunt
747 3671 936 3710 omnes
966 3657 1246 3718 honorant.
1265 3655 1465 3718 colunt,
1497 3654 1618 3710 licet
1637 3655 1743 3709 sint
1763 3663 1818 3709 et
1837 3654 1954 3722 opi-

375 3747 475 3800 bus
521 3759 576 3802 et
617 3748 932 3802 auctoritate
959 3748 1210 3816 insignes.
1241 3746 1498 3801 Omnibus
1534 3745 1675 3800 enim
1701 3746 1869 3816 copiis
1897 3755 1953 3800 et

375 3838 714 3891 facultatibus
739 3848 822 3892 est
850 3839 1020 3905 major
1045 3839 1232 3892 virtus.

449 3930 533 3983 12.
561 3929 745 3983 Videte
771 3940 944 3982 autem
979 3929 1263 3983 Ecclesiam
1286 3945 1403 4000 qua:
1425 3931 1715 3985 honoratur
1739 3931 1806 3984 ab
1833 3945 1951 3983 om-

378 4020 551 4074 nibus.
582 4019 750 4076 Recte
777 4035 903 4075 vero
931 4021 1082 4083 dixit,
1125 4020 1332 4076 Vultum
1357 4032 1496 4076 tuum
1516 4065 1532 4088 ,
1565 4025 1664 4078 hoc
1688 4034 1803 4087 est,
1836 4025 1950 4095 glo—

378 4113 511 4167 riam
541 4121 716 4176 tuam,
743 4111 968 4166 formam
1002 4122 1057 4167 et
1083 4113 1525 4182 pulchritudinem
1563 4125 1724 4170 tuam.
1758 4116 1954 4170 Deinde

376 4203 626 4271 quoniam
671 4203 849 4259 vultus
891 4205 1163 4268 meminit,
1198 4215 1253 4260 et
1294 4206 1539 4271 vestium,
1570 4217 1626 4262 et
1668 4207 1956 4274 pulchritu-

377 4296 536 4360 dinis,
571 4312 639 4350 ne
659 4297 778 4366 quis
794 4297 1026 4352 crassior
1053 4299 1275 4351 sentiret
1299 4298 1495 4368 aliquid
1519 4298 1792 4364 sensibile,
1825 4298 1953 4352 sub-

376 4387 579 4455 junxit,
606 4387 831 4444 dicens:
856 4389 944 4443 14.
977 4388 1152 4442 Omnis
1185 4389 1348 4458 gloria
1387 4391 1507 4458 ﬁlice
1531 4390 1663 4460 regis
1702 4390 1764 4443 ab
1799 4392 1954 4445 intus.

381 4479 437 4534 ln
461 4491 713 4548 mentem,
743 4483 931 4551 inquit,
961 4483 1256 4551 ingredere,
1287 4483 1464 4538 edisce
1511 4483 1954 4552 pulchritudinem

380 4570 604 4637 animae;
633 4572 701 4626 de
719 4573 824 4626 illis
843 4583 1016 4628 tecum
1045 4574 1250 4642 loquor,
1280 4582 1334 4628 et
1358 4575 1401 4628 si
1428 4583 1629 4629 vestem
1657 4575 1777 4630 dico
1796 4617 1809 4639 ,
1833 4584 1886 4630 ct
1914 4576 1958 4630 si

382 4661 830 4730 pulchritudinem
853 4663 990 4727 dico,
1024 4666 1068 4718 si
1098 4665 1331 4719 ﬁmbrias
1353 4665 1474 4720 dico
1493 4709 1507 4733 ,
1531 4667 1574 4720 si
1603 4677 1786 4722 aurata
1815 4667 1954 4733 dico,

382 4753 428 4805 si
449 4753 568 4807 dico
596 4754 964 4826 quodcumque
988 4757 1056 4810 sit
1089 4756 1379 4826 ejusmodi,
1415 4759 1481 4812 de
1524 4767 1701 4814 mente
1735 4760 1957 4828 loquor,

384 4844 623 4899 doctrina
645 4855 727 4900 est
745 4844 814 4902 de
840 4848 1038 4914 animo,
1062 4857 1144 4903 est
1171 4848 1238 4902 de
1261 4848 1459 4904 virtute
1483 4850 1626 4918 quod
1652 4851 1863 4916 dicitur,
1894 4852 1962 4906 de

385 4937 593 4992 interna
642 4937 834 5008 gloria.
883 4938 1008 4994 Ideo
1058 4939 1283 4994 ﬁdenter
1319 4941 1612 4994 orationem
1651 4942 1856 4997 reducit
1897 4942 1962 4997 ad

385 5043 670 5096 corporcas
697 5027 1093 5096 similitudines,
1117 5040 1390 5099 postquam
1410 5047 1647 5086 crassum
1666 5033 1961 5088 auditorem

386 5134 450 5172 ex
486 5117 642 5172 dictis
669 5129 994 5173 correxerat.
1028 5117 1092 5172 In
1133 5119 1340 5187 ﬁmbriis
1370 5123 1538 5176 aureis
1568 5124 1962 5186 circumamicta,

386 5211 622 5264 varietate
641 5222 840 5264 ornata.
865 5211 1034 5278 Alius,
1065 5210 1168 5265 Per
1187 5213 1370 5280 ﬁbulas
1389 5229 1569 5269 aureas
1593 5218 1728 5269 uarie
1750 5218 1926 5270 induta
1949 5232 1967 5271 :

389 5305 604 5356 nomine
629 5304 744 5357 auri
775 5304 1026 5359 virtutem
1068 5322 1252 5360 rursus
1284 5323 1496 5362 vocans.
1522 5307 1598 5363 Ita
1636 5309 1794 5364 etiam
1839 5310 1968 5365 dicit

390 5396 618 5450 Paulus:
651 5395 714 5450 Si
742 5398 854 5466 quis
881 5399 1249 5467 supertedi/icat
1273 5417 1424 5468 super
1447 5403 1541 5454 hoc
1565 5403 1966 5472 fundamentum,

389 5503 602 5552 aurum,
649 5497 944 5557 argentum,
986 5488 1180 5553 lapides
1223 5493 1498 5560 pretiosos,
1533 5494 1669 5564 ligna
1692 5535 1707 5560 ,
1738 5494 1924 5563 [mnum
1948 5536 1962 5560 ,

391 5579 631 5644 stipulam
661 5577 736 5650 (l.
766 5579 882 5633 Cor.
909 5581 960 5634 ’5.
996 5580 1084 5651 12)
1125 5599 1140 5634 :
1181 5583 1430 5637 virtutem
1476 5593 1532 5637 et
1569 5583 1748 5638 vitium
1781 5586 1967 5640 barum

393 5670 743 5723 materiarum
774 5673 1126 5738 appellatione
1156 5673 1462 5727 ostendens.
1502 5673 1579 5728 Ne
1604 5677 1746 5731 enim
1789 5678 1972 5732 existi-

395 5772 572 5812 mares
599 5759 714 5814 haec
741 5774 861 5816 esse
885 5762 958 5830 id,
991 5763 1132 5833 quod
1153 5765 1310 5819 situm
1334 5775 1416 5820 est
1443 5768 1664 5824 interius
1683 5811 1697 5836 ,
1721 5787 1824 5826 non
1843 5787 1968 5842 per-

396 5851 560 5906 niittit
589 5860 645 5907 ut
666 5867 786 5924 quae
817 5865 940 5913 sunt
966 5865 1182 5914 externa
1208 5859 1542 5933 imagincris,
1573 5863 1666 5920 sed
1693 5865 1828 5922 intra
1860 5877 1968 5924 tra-

1503 416 1858 476 EXI‘OSITIO
1899 416 1960 470 IN
2000 416 2318 475 PSALMUM
2361 421 2536 479 XLI‘V.

3522 436 3640 492 2m?

2058 531 2136 584 hit
2176 535 2568 604 cogitationem.
2614 540 3068 608 Quemadmodum
3115 549 3254 604 enim
3307 564 3502 623 corpus
3549 557 3634 611 bis

2052 623 2293 680 indutum
2316 670 2329 691 ,
2361 631 2638 700 pulchrum
2665 649 2883 706 apparet
2912 658 2923 693 :
2949 641 3018 694 ita
3048 654 3269 698 ornatur
3297 647 3471 701 anima
3495 650 3541 704 si
3562 651 3634 704 sit

2053 716 2245 808 virtute
2273 721 2472 776 induta.
2505 725 2936 784 15.Adducentur
2971 735 3076 805 regi
3107 737 3318 806 virgines
3359 749 3470 808 post
3498 758 3627 802 eam.

2051 807 2220 873 Alius,
2247 812 2548 883 Sequemur.
2578 820 2748 886 Alius,
2783 823 3088 890 Olfereutur.
3115 807 3372 887 Proximus
3406 836 3515 903 ejus
3542 841 3628 908 af-

2052 904 2276 970 ferentur
2301 905 2406 962 tibi.
2434 908 2518 963 16.
2547 909 2837 978 A/fereutur
2877 919 2928 972 in
2953 917 3125 975 lwtitia
3165 932 3212 976 et
3255 904 3587 987 exsultatione
3618 951 3636 987 :

2051 992 2363 1049 adducentur
2388 999 2440 1052 in
2468 1001 2708 1073 templum
2741 1007 2892 1077 regis.

2133 1085 2444 1159 Virginitatis
2458 1095 2555 1163 ﬂos
2580 1097 2725 1152 vestis
2750 1098 3019 1168 Ecclesiae;
3050 1103 3277 1161 Ecclesia
3299 1112 3420 1165 aliut
3446 1118 3630 1172 sterilis

2052 1193 2184 1230 nunc
2233 1191 2306 1234 est
2361 1193 2517 1238 mater
2567 1187 2789 1254 ﬁliorum
2837 1193 3296 1255 innumerabilium.
3321 1231 3391 1244 —-
3439 1204 3628 1262 Vidisti

2053 1279 2232 1324 vestes
2275 1272 2805 1336 ﬁmbriatas?vidisti
2851 1286 3102 1340 amictum
3139 1305 3392 1360 aureum,
3440 1296 3624 1351 liorem

2053 1360 2415 1430 virginitatis?
2446 1365 2570 1423 Habe
2609 1378 2694 1425 est
2719 1375 2880 1427 vestis
2909 1375 3180 1432 Ecclesiae.
3209 1380 3503 1438 Considera
3534 1403 3620 1441 au»

2052 1457 2159 1544 tem
2207 1454 2336 1509 mibi
2388 1472 2545 1526 quam
2601 1473 2844 1519 accurate
2898 1465 3144 1537 loquatur
3186 1473 3462 1542 propheta.
3495 1478 3628 1544 Quia

2050 1540 2192 1594 enim
2219 1557 2324 1597 non
2356 1547 2535 1602 statim
2555 1590 2569 1615 ,
2601 1567 2720 1606 cum
2763 1554 2991 1623 primum
3022 1540 3306 1617 constituta
3337 1574 3418 1620 est
3447 1540 3630 1623 Eccle-

2050 1630 2162 1696 sia,
2198 1631 2377 1689 ﬂoruit
2421 1638 2620 1693 bonum
2661 1643 3007 1713 virginitatis,
3057 1652 3149 1704 sed
3196 1654 3468 1722 aliquanto
3509 1671 3628 1728 post

2053 1731 2328 1792 tempore:
2363 1740 2642 1800 propterea
2693 1735 2805 1803 ipse
2855 1754 3067 1809 quoque
3112 1755 3296 1811 postea
3339 1747 3388 1802 id
3437 1752 3626 1818 ponit,

2051 1830 2243 1910 nempe
2272 1829 2546 1890 postquam
2567 1838 2629 1878 ea
2657 1823 2821 1880 oblita
2849 1826 3003 1884 fuerit
3026 1835 3202 1902 populi
3240 1846 3292 1891 et
3321 1838 3508 1895 domus
3536 1857 3630 1910 pa-

2052 1907 2167 1971 tris,
2189 1918 2244 1964 ct
2268 1910 2448 1966 induta
2468 1912 2626 1969 fuerit
2654 1916 2743 1971 illo
2771 1929 2958 1974 ornatu
2981 1963 2994 1986 ,
3017 1933 3070 1976 et
3097 1927 3274 1994 specie
3304 1943 3367 1983 ac
3394 1907 3626 1999 pulcliri—

2052 2001 2234 2056 tudine
2259 2005 2542 2061 refulserit.
2564 2008 2629 2063 Et
2655 2011 2773 2066 ideo
2798 2013 2955 2068 dicit:
2983 2014 3109 2070 Post
3127 2035 3238 2072 eam
3256 2022 3499 2088 proxima:
3518 2027 3626 2095 ejus

2049 2090 2340 2157 a/fereutur.
2373 2096 2649 2165 Prom-ioue,
2674 2116 2776 2156 non
2803 2104 2921 2157 loco
2943 2116 3166 2174 tantum,
3192 2110 3286 2163 sed
3313 2120 3366 2166 et
3388 2090 3624 2169 moribus

2047 2192 2102 2237 et
2145 2184 2477 2254 dogmatibus
2527 2204 2646 2244 eum
2695 2207 2755 2245 ea
2805 2205 3197 2264 congruentes;
3253 2201 3622 2259 hmreticorum

2048 2273 2187 2327 enim
2218 2277 2446 2346 virgines
2473 2295 2576 2334 non
2598 2291 2741 2338 recte
2770 2285 2964 2341 dixeris
2991 2290 3252 2359 virgines;
3287 2309 3459 2364 neque
3483 2298 3630 2352 enim-

2048 2376 2171 2419 sunt
2195 2369 2449 2435 proximae
2493 2373 2709 2442 reginm.
2742 2375 3032 2443 A/Terentur
3057 2381 3111 2435 in
3140 2383 3314 2436 lwtitia
3333 2396 3378 2438 et
3399 2391 3622 2442 exsulta-

2049 2455 2200 2509 tione.
2230 2457 2358 2514 Vide
2395 2459 2482 2515 hic
2530 2463 2728 2518 dictum
2778 2470 3125 2536 apostolicum
3166 2475 3538 2545 reSplendere,
3572 2491 3626 2536 et

2048 2547 2192 2602 illam
2231 2553 2646 2608 enuntiationem
2677 2560 2882 2613 ostendi
2909 2563 3068 2616 etiam
3100 2565 3150 2616 in
3178 2567 3621 2637 propheta.Quze-

2049 2655 2169 2693 nam
2199 2650 2373 2696 autem
2399 2660 2458 2696 ea
2491 2646 2612 2698 est?
2643 2646 3030 2706 Tribulatiouem
3053 2655 3219 2710 carnis
3249 2657 3624 2730 habebantque:

2049 2733 2240 2786 nubunt
2289 2735 2361 2804 (1.
2393 2737 2509 2790 Cor.
2543 2739 2593 2790 7.
2633 2739 2755 2809 28).
2797 2743 3251 2809 Quemadmodum
3299 2759 3473 2805 autem
3521 2751 3624 2806 illa:

2049 2824 2409 2890 al'flictionem,
2437 2828 2508 2883 ita
2552 2827 2634 2884 lue
2678 2832 2909 2888 laetitiam
2953 2846 3005 2890 et
3046 2839 3477 2896 exsultationem.
3515 2843 3623 2898 lll:e

2047 2917 2192 2970 enim
2231 2916 2369 2973 ﬁlios
2410 2928 2465 2974 et
2508 2925 2776 2991 maritum,
2809 2926 3042 2994 domum,
3077 2928 3320 2996 famulos,
3348 2945 3622 3004 cognatos.

2049 3023 2298 3076 soveros,
2329 3025 2578 3081 generos,
2623 3025 2864 3084 nepotes,
2897 3017 3179 3074 liberorum
3231 3023 3622 3080 multitudinem

2049 3101 2468 3173 eorumdemque
2494 3104 2577 3159 vel
2603 3105 2867 3162 defectum
2895 3109 2978 3164 vel
3005 3112 3284 3168 orbitatem
3311 3130 3501 3171 curare
3529 3132 3623 3171 co-

2049 3200 2255 3260 guntur
2287 3192 2485 3264 (neque
2531 3198 2671 3251 enim
2719 3214 2859 3254 nunc
2908 3212 3116 3267 tempus
3161 3217 3244 3260 est
3294 3207 3624 3263 describcinli

2051 3282 2368 3352 multiplices
2395 3299 2552 3341 curas
2579 3291 2923 3363 matrimonii)
2946 3311 2958 3346 :
2979 3291 3124 3364 virgo
3150 3306 3326 3350 autem
3353 3299 3622 3365 cruciﬁxa,

2051 3380 2106 3428 et
2132 3388 2162 3426 a
2191 3377 2540 3444 przescntibus
2566 3379 2808 3448 liberata,
2828 3391 2882 3437 et
2906 3398 3049 3440 curis
3072 3392 3138 3440 ad
3164 3385 3301 3442 hanc
3321 3391 3480 3444 vitain
3507 3408 3628 3460 per-

2052 3465 2340 3520 tinentibus
2364 3467 2552 3524 elfecta
2577 3475 2819 3540 superior
2845 3483 2899 3529 et
2923 3477 3110 3545 euripo
3139 3478 3360 3548 trajecta
3380 3523 3395 3546 ,
3439 3482 3491 3536 in
3525 3499 3628 3538 ca:-

2015 3569 2029 3577 ’
2051 3555 2160 3612 lum
2183 3559 2421 3628 quotidie
2450 3563 2767 3632 suspiciens,
2791 3566 2983 3621 fruitur
3004 3569 3197 3637 gaudio
3227 3570 3476 3640 Spiritus,
3509 3592 3627 3645 per-

2053 3651 2288 3707 funditur
2329 3657 2698 3713 exsultatione.
2742 3660 2856 3714 Non
2905 3662 3075 3716 solum
3121 3675 3295 3720 autem
3348 3673 3628 3738 prmscntia

2053 3745 2312 3814 propheta
2333 3788 2346 3808 ,
2378 3749 2469 3802 sed
2499 3751 2655 3804 etiam
2701 3751 2872 3806 futura
2903 3755 3222 3820 subindicat,
3255 3760 3467 3828 quando
3509 3763 3629 3831 pul-

2053 3836 2212 3891 chras
2240 3848 2294 3891 et
2323 3839 2630 3906 splendidas
2658 3842 2929 3911 lampades
2956 3845 3214 3902 habentes
3237 3850 3368 3904 ﬁunt
3393 3851 3625 3920 obviam,

2053 3941 2304 3996 sponsum
2331 3931 2655 3999 excipientes
2684 3933 2894 4002 (Matth.
2924 3934 3017 3993 25.
3041 3938 3116 4008 7).
3150 3939 3425 4010 Templum
3453 3954 3628 3998 autem

2054 4021 2194 4090 regis
2223 4022 2309 4076 hic
2340 4033 2491 4078 vocat
2516 4028 2712 4095 regiam
2739 4068 2753 4092 ,
2783 4037 2837 4080 et
2872 4030 3051 4096 sponsi
3085 4029 3374 4084 thalamum
3401 4035 3632 4102 appellat
3659 4048 3662 4051 '

2055 4113 2268 4168 cubilia.
2301 4115 2388 4168 17.
2422 4114 2528 4169 Pro
2557 4117 2779 4186 patribus
2801 4119 2898 4172 tuis
2932 4122 3040 4172 nati
3064 4131 3178 4175 sunt
3207 4123 3304 4191 ﬁlii
3335 4126 3427 4178 tui.
3461 4126 3629 4189 Alius,

2057 4205 2223 4260 Erunt
2242 4207 2330 4261 tibi
2351 4208 2446 4276 ﬁlii
2471 4209 2826 4276 tui.Quoniam
2848 4213 3092 4281 superius
3115 4216 3357 4270 meminit
3384 4219 3562 4288 populi
3580 4228 3634 4275 et

2058 4307 2357 4366 parentum,
2375 4299 2558 4355 dicens
2586 4319 2598 4354 :
2621 4300 2920 4357 Obliviscere
2944 4305 3122 4374 populi
3147 4307 3248 4370 tui,
3269 4317 3315 4360 et
3337 4310 3516 4364 domus
3537 4327 3634 4380 pa-

2059 4391 2148 4444 tris
2175 4391 2290 4444 tui:
2313 4392 2599 4447 ostendens
2638 4395 2690 4448 in
2723 4396 2822 4450 hoc
2864 4413 3073 4468 quoque
3102 4401 3276 4453 omnia
3308 4401 3356 4454 ci
3385 4403 3554 4458 fausta
3583 4415 3636 4458 ct

2063 4496 2311 4552 prospera
2337 4483 2525 4548 futura,
2557 4485 2658 4539 hoc
2693 4485 2980 4555 subjunxit.
3010 4489 3138 4556 Qua:
3167 4493 3306 4544 enim
3330 4503 3446 4549 erat
3483 4498 3638 4549 steri-

2060 4573 2146 4640 lis,
2179 4585 2259 4630 est
2289 4585 2456 4630 mater
2491 4578 2718 4633 ﬁliorum
2756 4579 3244 4638 innumerabilium.
3279 4587 3634 4652 Quamobrem

2061 4665 2270 4720 etiamsi
2298 4667 2478 4721 avulsa
2507 4683 2566 4723 es
2594 4685 2624 4723 a
2655 4673 2960 4740 parentibus
2981 4715 2998 4739 ,
3042 4683 3098 4729 at
3145 4685 3355 4732 tuorum
3405 4679 3633 4735 ﬁliorum

2062 4755 2212 4811 chori
2237 4766 2392 4812 erunt
2413 4759 2546 4816 adeo
2575 4761 2702 4816 clari
2727 4805 2741 4828 ,
2770 4764 3003 4834 insignes
3029 4773 3086 4822 et
3109 4767 3360 4837 illustres,
3392 4777 3450 4825 ut
3470 4779 3638 4827 totum

2063 4849 2248 4904 orbem
2278 4861 2537 4906 terrarum
2567 4854 2841 4924 impleant.

2139 4942 2224 4995 15.
2266 4941 2390 4996 Mihi
2432 4951 2608 4998 autem
2636 4944 2841 5001 videtur
2860 4947 3038 5005 dicere
3063 4953 3332 5020 apostolos
3355 4995 3368 5019 ,
3393 4957 3482 5024 qui
3521 4955 3642 5012 fue-

2067 5043 2192 5090 runt
2218 5037 2266 5090 in
2294 5051 2355 5090 ea
2398 5035 2663 5093 doctores.
2698 5040 2897 5097 Deinde
2922 5042 3228 5099 describens
3249 5063 3432 5101 eorum
3465 5050 3602 5105 vires
3624 5094 3638 5115 ,

2071 5130 2357 5196 potentiam
2403 5140 2458 5184 et
2485 5131 2727 5201 gloriam,
2759 5133 2885 5187 dicit
2913 5151 2928 5188 :
2960 5134 3237 5192 Constitues
3270 5155 3352 5194 eos
3389 5142 3641 5212 principes

2067 5238 2217 5292 super
2257 5238 2453 5276 omnem
2494 5233 2696 5278 terram.
2727 5223 2968 5294 Egentne
3012 5227 3126 5282 lucc
3161 5231 3647 5300 interpretatione?

2071 5315 2184 5386 Ego
2211 5317 2424 5383 quidem
2454 5331 2559 5370 non
2601 5318 2869 5384 existimo,
2897 5321 3343 5388 quemadmodum
3388 5340 3488 5380 nec
3528 5325 3609 5381 sol
3630 5366 3646 5390 ,

2070 5408 2283 5478 quando
2311 5417 2394 5462 est
2421 5407 2734 5480 splendidus
2760 5427 2773 5462 :
2805 5427 2924 5480 quae
2955 5421 3132 5466 autem
3173 5413 3312 5467 dicta
3354 5423 3507 5482 sunt,
3535 5416 3650 5472 sole

2070 5509 2196 5553 sunt
2219 5500 2465 5554 clariora.
2493 5500 2808 5557 Universum
2837 5504 2978 5558 enim
3009 5506 3194 5561 orbem
3234 5515 3496 5562 terrarum
3526 5523 3664 5577 per--

2070 5606 2324 5650 vaserunt
2346 5595 2596 5663 apostoli,
2623 5610 2687 5650 ac
2708 5597 2889 5652 verius
2919 5597 3195 5668 principes.
3213 5597 3428 5654 fuerunt
3448 5639 3464 5666 ,
3487 5615 3670 5670 quam.

2072 5685 2172 5754 ipsi
2219 5686 2506 5756 principes,
2537 5689 2854 5759 regibusque
2888 5691 3237 5758 potentiores.
3281 5693 3454 5762 Reges
3507 5695 3660 5748 enim

2069 5777 2194 5831 dum
2221 5779 2406 5834 vivunt
2427 5780 2751 5836 dominatum
2777 5783 3060 5839 obtinent:
3087 5783 3152 5838 iis
3179 5793 3355 5839 autem
3386 5787 3611 5842 mortuis
3634 5829 3662 5852 μ

2047 5871 2341 5953 intercidit
2367 5871 2708 5941 dominatus;
2740 5873 2793 5929 hi
2840 5883 2956 5944 post
2994 5886 3220 5932 mortem
3264 5877 3447 5933 verius
3485 5878 3656 5947 impc-
