4108 6344
429 391 538 447 205

430 516 570 562 rant.
593 503 659 558 Et
679 514 863 570 regum
887 496 1102 568 quidem
1138 494 1285 564 leges
1311 500 1441 547 ratae
1481 497 1605 544 sunt
1631 497 1686 544 et
1711 485 1900 541 valida:
1928 486 2010 539 in-

432 610 512 652 tra
540 609 726 650 eorum
757 592 910 653 ﬁnes,
927 588 1073 658 jussa
1101 595 1278 640 autem
1323 583 1644 652 piscatorum
1673 594 1768 648 per
1792 577 2012 631 univer-

433 702 550 742 sum
573 685 758 740 orbem
803 691 958 735 terra:
983 687 1202 734 extensa
1246 682 1391 728 sunt.
1421 673 1715 740 Imperator
1745 669 2015 722 [tornano-

429 794 548 834 rum
570 775 749 831 Persis
770 788 874 828 non
906 778 1086 842 posset
1117 767 1255 822 ferre
1276 765 1422 835 leges
1447 804 1461 828 ,
1493 778 1592 816 nec
1615 762 1897 815 Persarum
1923 774 2016 812 rex

429 875 613 940 posset
651 865 791 920 ferre
833 864 981 932 leges
1032 858 1324 914 Romanis:
1354 856 1407 909 hi
1452 864 1630 908 autem
1656 851 1923 907 Palaestini
1963 860 2018 906 et

432 961 634 1028 Persis,
659 968 714 1013 et
744 956 1019 1020 Romanis,
1051 963 1106 1009 et
1133 950 1428 1006 Thracibus
1457 957 1512 1002 ct
1548 945 1763 1016 Scythis
1788 987 1802 1012 ,
1833 954 1883 999 et
1930 944 2016 997 ln-

433 1055 546 1120 dis,
574 1061 629 1106 et
673 1049 891 1115 Mauris,
919 1055 976 1102 et
1025 1045 1276 1098 universo
1319 1040 1550 1108 denique
1588 1037 1705 1092 orbi
1757 1046 2018 1091 terrarum

431 1145 577 1217 leges
601 1143 862 1200 dederunt
891 1159 903 1191 :
932 1155 1031 1195 nec
1068 1137 1241 1194 solum
1265 1135 1388 1190 dum
1420 1134 1454 1188 ii
1484 1134 1744 1197 viverent,
1775 1131 1939 1185 firma:
1966 1140 2022 1184 et

432 1249 564 1294 rata:
611 1237 865 1300 fuerunt,
919 1233 1013 1288 sed
1072 1232 1154 1286 his
1197 1230 1358 1284 etiam
1421 1227 1643 1282 mortuis
1691 1226 2021 1279 conﬁrmatae

435 1339 601 1385 sunt:
633 1337 688 1384 et
713 1328 800 1398 qui
831 1341 924 1381 cas
969 1325 1114 1396 leges
1156 1329 1499 1390 acceperunt,
1532 1319 1754 1372 mallent
1789 1317 2019 1372 animam

442 1421 637 1477 millies
664 1417 1007 1491 profundere,
1041 1429 1198 1486 quam
1222 1415 1288 1468 ab
1310 1412 1411 1466 illis
1437 1409 1758 1465 desciscere.
1791 1409 1878 1462 l8.
1907 1405 2019 1460 Me-

434 1531 548 1568 mor
575 1529 658 1566 ero
681 1509 896 1565 nominis
925 1507 998 1560 tui
1025 1509 1079 1560 in
1106 1505 1244 1559 onmi
1268 1504 1586 1575 generatione
1613 1509 1656 1553 et
1683 1499 2018 1571 generatione.

435 1606 718 1676 Propterea
755 1601 932 1674 populi
957 1597 1331 1669 conﬁtebuntur
1370 1596 1458 1650 tibi
1496 1596 1551 1649 in
1585 1604 1856 1656 teternt'tm,
1885 1600 1928 1644 et
1969 1591 2022 1643 in

436 1700 680 1755 saculum
701 1696 895 1754 swculi.
926 1694 1100 1757 Alius,
1130 1689 1394 1746 Revocabo
1424 1689 1478 1743 in
1508 1687 1803 1741 memoriam
1841 1699 2022 1736 nomen

439 1804 580 1847 tuum
610 1791 663 1844 in
701 1801 997 1858 unaquaque
1023 1781 1358 1854 generatione.
1381 1778 1661 1848 Propterea
1699 1775 1875 1846 papuli
1907 1772 2022 1825 lau-

437 1887 626 1940 dabunt
655 1892 700 1936 te
727 1887 968 1952 perpetuo
991 1875 1089 1949 (α).
1118 1875 1289 1938 Alius,
1316 1872 1533 1940 Propter
1559 1870 1652 1924 hoc
1689 1867 1865 1938 populi
1898 1881 2022 1919 con-

437 1977 708 2046 fitebuntur
732 1971 838 2025 tibi.
867 1969 1005 2023 Dixit
1034 1963 1450 2034 magnitudinem
1483 1959 1829 2030 principatus,
1849 1972 1879 2009 a
1909 1955 2026 2009 long

439 2070 678 2142 gitudine
713 2077 890 2129 terra),
920 2079 949 2117 a
979 2060 1260 2115 latitudine
1289 2057 1434 2112 orbis
1462 2064 1757 2114 terrarum,
1789 2067 1818 2104 a
1844 2049 2024 2104 multi-

438 2141 622 2220 tudine
668 2160 906 2230 gentium
986 2170 1104 2225 quas
1158 2150 1415 2220 subjectae
1474 2155 1617 2202 sunt.
1669 2143 1806 2199 Dicit
1863 2141 2024 2197 etiam

435 2253 651 2310 aliunde
680 2252 795 2321 ejus
825 2247 1219 2311 auctoritatem,
1247 2241 1390 2314 quod
1420 2255 1524 2295 non
1555 2238 1729 2293 solum
1771 2234 2026 2291 extende-

439 2357 526 2401 tur
553 2360 650 2414 per
684 2343 992 2398 universum
1023 2337 1208 2392 orbem
1250 2344 1514 2389 terrarum
1536 2371 1552 2397 ,
1581 2330 1676 2384 sed
1719 2327 1883 2383 etiam
1927 2341 2024 2395 per

437 2436 747 2491 universum
795 2446 987 2486 arvum.
1035 2424 1356 2482 Immortalis
1399 2423 1562 2487 enim,
1593 2419 1780 2488 inquit,
1808 2418 1908 2472 erit
1954 2417 2027 2470 tui

439 2526 722 2592 memoria,
752 2522 1020 2591 descripta
1045 2518 1099 2574 in
1129 2517 1279 2573 libris
1310 2516 1526 2576 nostris,
1549 2512 1816 2580 descripta
1847 2510 1898 2563 in
1937 2523 2030 2562 re-

437 2621 537 2674 bus
581 2617 828 2688 publicis,
861 2613 1126 2684 descripta
1179 2610 1231 2663 in
1268 2605 1570 2677 praeceptis.
1598 2601 1730 2656 Vide
1757 2599 2027 2671 quomodo

436 2727 549 2765 suae
573 2722 783 2780 quoque
814 2703 1107 2776 prophetiae
1142 2698 1381 2770 prmdicit
1427 2694 1852 2766 perpetuitatem.
1894 2690 2027 2744 Cum

438 2803 580 2858 enim
607 2800 759 2861 dixit,
791 2796 988 2850 Memor
1015 2810 1099 2848 ero
1119 2790 1334 2846 nominis
1374 2789 1446 2841 tui
1471 2788 1524 2840 in
1565 2784 1699 2839 omni
1715 2782 2030 2854 generatione

438 2905 484 2950 et
513 2890 850 2965 generatione,
882 2886 984 2941 hoc
1006 2882 1341 2954 signiﬁcavit.
1372 2879 1484 2934 Etsi
1508 2892 1656 2948 ergo,
1675 2875 1864 2945 inquit,
1887 2888 2031 2927 mor-

442 3001 562 3045 tuus
605 2983 790 3047 fuero,
820 2991 871 3035 te
917 2986 1095 3034 tamen
1139 2972 1364 3030 cantabo
1393 2971 1476 3025 vel
1531 2968 1787 3022 moriens.
1820 2965 2031 3035 Corpus

439 3081 581 3135 enim
606 3074 928 3132 dissolvetur
956 3090 970 3125 :
999 3071 1168 3125 literae
1205 3076 1384 3122 autem
1421 3069 1672 3126 manent,
1703 3069 1759 3116 et
1797 3060 1880 3115 lex
1912 3073 2032 3129 per-

446 3182 624 3243 petua.
656 3168 935 3238 Propterea
961 3163 1137 3233 pepuli
1158 3158 1530 3228 confitebuntur
1551 3153 1818 3211 tibi.Unde
1845 3168 2028 3222 cmpe-

445 3275 558 3330 rat,
584 3263 712 3317 illuc
736 3259 954 3322 desinit,
970 3269 1160 3323 nempe
1181 3254 1234 3308 in
1256 3252 1548 3306 Christum.
1569 3247 1870 3318 Propterea.
1897 3245 2030 3299 Pro-

446 3366 566 3431 pter
593 3368 836 3424 qurcnam
859 3351 881 3403 ?
906 3347 1058 3416 Quod
1086 3355 1164 3400 tot
1190 3353 1244 3400 et
1268 3353 1411 3399 tanta
1439 3350 1586 3397 recte
1611 3339 1865 3410 gesseris,
1889 3335 2031 3407 quod

445 3429 576 3506 tales
619 3444 889 3516 principes
916 3438 1263 3495 constitueris
1285 3477 1299 3501 ,
1328 3433 1472 3506 quod
1515 3433 1704 3488 vitium
1745 3429 2025 3501 exegeris,

444 3537 588 3610 quod
637 3538 888 3590 virtutem
937 3529 1290 3601 plantaveris,
1322 3525 1465 3597 quod
1520 3533 1756 3580 nostram
1782 3533 2027 3576 naturam

444 3627 814 3699 despondet-is,
847 3622 987 3694 quod
1011 3621 1126 3676 haec
1153 3619 1294 3674 bona
1320 3616 1606 3672 ineﬁ‘abilia
1638 3614 1831 3669 feceris
1860 3629 1874 3666 :
1908 3612 2030 3667 uni-

450 3737 645 3778 versus
687 3718 833 3774 orbis
863 3727 1019 3771 terra:
1049 3713 1142 3767 tibi
1171 3710 1384 3768 laudem
1411 3707 1621 3770 offeret,
1654 3721 1760 3760 non
1806 3704 1858 3758 in
1887 3702 2035 3759 brevi

447 3824 692 3883 tempore
712 3850 728 3876 ,
761 3824 860 3863 nec
883 3808 938 3860 in
967 3805 1172 3866 decem,
1207 3812 1261 3857 et
1290 3798 1509 3870 viginti,
1540 3807 1596 3853 et
1619 3805 1831 3853 centum
1857 3795 2032 3861 annis,

446 3921 548 3962 nec
569 3905 624 3960 in
651 3909 801 3972 parte
825 3899 968 3953 orbis
999 3905 1263 3950 terrarum
1283 3933 1298 3960 ,
1327 3891 1422 3947 sed
1447 3901 1588 3946 terra
1611 3899 1666 3945 et
1695 3903 1841 3943 mare
1859 3930 1875 3953 ,
1904 3902 2024 3958 quae

448 4005 532 4056 est
577 3990 878 4048 habitabilis
931 3987 1108 4058 regio,
1163 3993 1217 4040 et
1268 3999 1387 4054 qua:
1440 3997 1546 4036 non
1570 3980 1903 4044 habitabilis,
1937 3994 2035 4048 per

454 4101 614 4149 omne
639 4099 810 4138 arvum
835 4087 1060 4145 canent,
1089 4076 1288 4148 gratias
1313 4083 1531 4147 agentes
1559 4088 1654 4141 pro
1675 4073 1828 4128 bonis
1857 4087 1976 4142 qua:
2004 4087 2036 4125 a

463 4191 516 4235 te
543 4184 882 4247 acceperunt.
909 4173 1011 4228 Pro
1043 4171 1127 4225 his
1171 4178 1348 4224 autem
1395 4166 1642 4222 omnibus
1687 4179 1786 4219 nos
1826 4179 2038 4235 quoque

459 4271 658 4340 gratias
705 4279 926 4336 agamus
970 4262 1199 4332 benigno
1253 4269 1309 4314 et
1355 4257 1608 4314 clementi
1650 4255 1908 4312 Christo:
1943 4270 2039 4324 per

454 4379 643 4435 quem,
664 4369 720 4415 et
743 4374 863 4414 cum
886 4371 992 4428 quo
1015 4354 1153 4409 Patri
1180 4353 1346 4423 gforia
1373 4351 1530 4406 simul
1553 4365 1675 4404 cum
1706 4360 1891 4404 saneto
1918 4349 2039 4416 Spi-

455 4457 735 4520 ritu,ntun_c
760 4460 814 4514 et
841 4453 1142 4517 semper,et
1172 4445 1226 4498 in
1252 4443 1446 4498 saecula
1473 4442 1818 4502 saeculorum.
1845 4442 2034 4494 Amen.

913 4559 975 4614 IN
1014 4555 1333 4613 PSALMUM
1373 4553 1531 4617 XLIV.

457 4680 511 4746 1.
553 4675 619 4730 In
644 4675 797 4745 finem
826 4689 916 4743 pro
935 4671 1054 4740 ﬁliis
1077 4668 1202 4724 Core
1220 4710 1235 4728 ,
1263 4683 1356 4735 pro
1403 4666 1623 4720 arcanis.
1647 4665 1795 4720 Alius
1815 4706 1831 4733 ,
1873 4663 2041 4718 Virto-

532 4771 674 4824 toriaz
699 4767 892 4821 auctori
922 4763 1145 4835 ﬁliorum
1173 4760 1318 4816 Core.
1343 4760 1492 4814 Alius
1513 4801 1527 4825 ,
1556 4758 1662 4824 Pro
1692 4758 2040 4820 adolescentiis

531 4861 782 4916 canticum
813 4855 907 4929 (b).

461 4978 515 5045 2.
559 4974 698 5029 Deus
740 4981 906 5026 noster
947 4967 1198 5038 refugium
1227 4975 1272 5019 et
1316 4963 1724 5034 virtus,adjutor
1756 4964 1806 5016 in
1835 4962 2044 5021 tribula-

531 5067 893 5133 tionibus,qute
916 5063 1206 5114 invenerunt
1227 5073 1317 5110 nos
1342 5057 1508 5116 nimis.
1537 5055 1706 5117 Alius,
1726 5054 1791 5106 In
1807 5056 2046 5124 afflictio-

533 5158 681 5213 nibus
725 5155 972 5208 inventus.
1015 5151 1069 5205 5.
1108 5149 1382 5217 Propterea
1433 5163 1534 5199 non
1581 5145 1860 5199 timebimus
1925 5147 2045 5200 dum

535 5250 816 5316 turbabitur
837 5257 988 5310 terra,
1011 5254 1055 5299 et
1076 5246 1440 5312 transferentur
1461 5249 1651 5294 montes
1681 5241 1734 5292 in
1760 5255 1846 5293 cor
1868 5240 2046 5297 maris.

538 5369 594 5423 l.
631 5364 798 5423 Solita
822 5362 988 5423 utitur
1018 5352 1354 5428 philosophia
1384 5351 1645 5422 propheta
1675 5366 1704 5405 a
1731 5351 1893 5406 rebus
1925 5351 2045 5421 qui-

531 5466 602 5529 (a)
639 5465 756 5529 Haec
777 5461 939 5529 lectio
960 5466 1060 5529 _est
1080 5457 1273 5522 Aquilae
1301 5466 1355 5508 et
1381 5457 1678 5529 Symmachi,
1716 5465 1773 5529 ut
1797 5457 1977 5529 videas
1995 5455 2046 5508 in

469 5520 727 5590 Hexaplis.
776 5526 1029 5590 Posterior
1053 5520 1234 5590 .auiem
1266 5534 1391 5590 pars
1433 5520 1666 5590 versiculi
1721 5520 1794 5590 sic
1838 5520 2050 5590 effertur

469 5581 672 5647 ibidem,
697 5586 960 5638 laudabunt
979 5593 1024 5636 te
1047 5583 1098 5634 in
1127 5581 1310 5635 saecula
1341 5585 1574 5647 perpetuo
1599 5581 1886 5644 (ὑμνήσουσί
1906 5598 1963 5630 σε
1984 5581 2049 5637 εἰς

470 5654 622 5704 αἰῶνα
644 5650 914 5710 διηνεκῶς).

537 5689 927 5792 (aiataiat
960 5722 1039 5768 εει
1087 5689 1853 5792 ηπΐεδνῖθῖιραξςῖέιαηιυυι
1877 5715 2048 5792 Lquod

475 5777 827 5832 Hebraizantes
865 5794 978 5830 esse
1018 5786 1192 5842 putant
1231 5777 1313 5828 vel
1361 5777 1746 5828 instrumentum
1789 5777 2046 5838 musicum,

473 5845 554 5897 vol
581 5857 742 5910 genus
769 5843 1052 5896 cantilenas.

1173 379 1230 434 S.
1270 373 1550 434 JOANNIS
1584 371 2061 429 CIIRYSOSTOMI
2099 369 2420 425 ARCHIEP.
2459 365 2995 424 CONSTANTINOP.

3604 366 3708 427 9.0!

2123 485 2246 540 dem
2285 485 2350 541 ad
2385 483 2523 538 hanc
2564 484 2724 537 vitam
2761 481 3149 552 pertinentibus
3187 495 3288 539 nos
3330 480 3630 545 abducens,
3659 484 3709 537 in

2123 592 2271 646 spem
2319 584 2497 631 autem
2535 591 2819 644 supernam
2851 573 3146 629 auditorem
3174 573 3406 643 erigens.
3425 571 3503 626 Ne
3538 571 3667 626 mihi
3691 615 3708 640 ,

2123 667 2315 736 inquit,
2343 667 2541 721 dixeris
2595 681 2764 732 arma,
2793 679 2974 719 muros
2993 705 3006 728 ,
3039 673 3094 718 et
3120 662 3312 730 fossas,
3339 677 3441 718 nec
3463 665 3706 734 pecunia:

2123 759 2351 826 Copiam,
2379 772 2478 811 nec
2523 758 2598 812 rei
2647 757 2894 810 militaris
2951 756 3258 821 scientiam,
3315 771 3413 810 nec
3451 771 3710 826 equorum

2125 850 2541 914 multitudinem,
2572 864 2672 903 nec
2699 863 2876 913 arcus,
2907 850 3126 918 sagittas
3153 858 3208 902 et
3237 849 3452 914 loricas,
3481 865 3586 902 non
3619 863 3712 901 so-

2124 941 2330 994 ciorum
2379 940 2554 1005 vires,
2602 953 2707 992 non
2761 938 2986 993 militum
3037 939 3358 1008 phalanges,
3389 953 3494 992 non
3546 939 3714 992 robur

2123 1031 2384 1100 corporis,
2427 1039 2482 1084 et
2528 1030 2758 1084 hostium
2803 1028 3207 1098 experientiam.
3242 1028 3377 1083 Sunt
3413 1028 3554 1083 enim
3599 1028 3715 1085 hac

2125 1124 2304 1177 omnia
2329 1137 2538 1176 aranea:
2561 1122 2662 1175 tela
2690 1131 2743 1176 et
2771 1123 2956 1175 umbra
2989 1122 3350 1176 imbecilliora.
3373 1120 3476 1176 Sed
3511 1123 3552 1176 si
3574 1115 3715 1177 velis

2127 1212 2306 1267 videre
2335 1211 2515 1280 copias
2540 1211 2972 1281 inexpugnabiles
2994 1253 3008 1274 ,
3041 1211 3299 1281 refugium
3334 1213 3710 1279 insuperabile,

2128 1303 2433 1372 prmsidinm
2466 1302 2607 1372 quod
2657 1317 2764 1356 non
2803 1301 2981 1371 diripi,
3014 1311 3216 1355 turrem
3264 1318 3381 1371 qum
3411 1301 3713 1358 labefaCIari

2128 1410 2234 1448 non
2285 1403 2480 1462 potest,
2522 1393 2589 1447 ad
2643 1393 2806 1447 Deum
2850 1392 3112 1462 confuge,
3147 1393 3288 1447 vires
3327 1391 3444 1447 illas
3485 1397 3711 1447 attrahe.

2126 1485 2294 1542 Recte
2323 1494 2501 1541 autem
2529 1485 2663 1538 dixit
2688 1527 2704 1550 ,
2733 1484 2870 1537 Deus
2898 1484 3150 1554 refugium
3184 1495 3407 1538 nostrum
3433 1495 3478 1538 et
3509 1486 3664 1538 virtus
3695 1503 3714 1540 :

2127 1580 2415 1633 ostendens
2443 1592 2538 1632 nos
2562 1577 2846 1647 aliquando
2875 1575 3140 1646 fugientes
3165 1577 3397 1641 vincere,
3430 1577 3715 1646 aliquando

2128 1681 2331 1725 stantes
2358 1679 2411 1724 et
2437 1681 2750 1739 pugnantes.
2777 1668 3072 1738 Utrumque
3102 1673 3245 1723 enim
3276 1677 3488 1737 oportet
3513 1668 3711 1734 facere,

2128 1771 2183 1814 et
2221 1771 2406 1817 contra
2438 1761 2677 1826 tendere,
2703 1769 2758 1814 et
2801 1761 3093 1816 declinare.
3139 1759 3250 1814 Hoc
3290 1760 3450 1813 etiam
3492 1759 3717 1819 faciebat

2129 1854 2326 1908 Paulus
2350 1894 2365 1918 ,
2399 1853 2689 1923 aliquando.
2713 1851 2927 1922 quidem
2954 1851 3152 1910 cedens
3172 1893 3186 1917 ,
3216 1851 3503 1920 aliquando
3533 1863 3710 1906 autent

2131 1948 2394 2003 insultans
2442 1946 2506 2001 iis
2532 1946 2622 2016 qui
2667 1945 3084 2000 adversabantur
3110 1945 3274 1999 verbo
3309 1945 3570 2002 veritatis.
3599 1945 3712 1999 Hoc

2129 2053 2340 2109 quoque
2362 2037 2608 2093 Christus
2637 2037 2866 2100 faciebat
2895 2046 2952 2090 ut
2972 2052 3070 2091 nos
3096 2037 3350 2091 doceret:
3377 2038 3478 2091 hoc
3506 2052 3718 2106 quoque

2130 2146 2229 2184 nos
2256 2137 2469 2199 oportet
2498 2129 2674 2184 facere
2693 2169 2707 2191 ,
2735 2136 2792 2182 et
2819 2138 2967 2184 recte
2995 2142 3321 2198 cognoscere
3348 2127 3717 2197 opportunita-

2134 2233 2239 2276 tem
2293 2221 2586 2292 temporis,
2620 2232 2674 2275 et
2720 2236 2876 2276 orare
2906 2220 3119 2291 quidem
3164 2235 3232 2276 ne
3274 2219 3636 2290 ingrediamur
3665 2221 3716 2274 in

2135 2317 2502 2382 lentationem,
2531 2314 2819 2369 secundum
2873 2313 3002 2368 illud
3043 2313 3244 2368 dictum
3298 2312 3667 2382 evangelicum
3702 2332 3715 2366 :

2131 2408 2222 2462 ubi
2253 2418 2428 2460 autem
2457 2407 2756 2471 advenerit,
2775 2423 2879 2460 non
2905 2421 3026 2461 esse
3049 2405 3196 2459 molli
3225 2415 3280 2460 et
3297 2407 3486 2474 ignavo
3512 2407 3716 2470 animo,

2133 2499 2229 2554 sed
2271 2497 2480 2553 fortiter
2509 2501 2779 2553 resistere.
2807 2497 3025 2568 Adjutor
3051 2497 3106 2552 in
3136 2496 3541 2554 tribulationibus
3563 2539 3580 2563 ,
3607 2511 3721 2566 qua:

2131 2595 2421 2648 invenerunt
2470 2609 2560 2648 nos
2598 2594 2765 2648 nimis.
2789 2593 2941 2660 Qund
2988 2609 3132 2663 Str-pe
3173 2593 3302 2659 dixi,
3329 2607 3472 2647 nunc
3511 2605 3730 2662 quoque

2132 2688 2294 2742 dico:
2329 2703 2435 2740 non
2482 2685 2732 2756 prohibet
2777 2685 3063 2756 quominus
3109 2685 3326 2740 veniant
3370 2681 3714 2747 afﬂictiones,

2132 2779 2229 2834 sed
2251 2779 2338 2834 ubi
2368 2778 2700 2844 advenerim,
2724 2779 2946 2844 assistit,
2976 2791 3073 2832 nos
3102 2776 3240 2847 frugi
3279 2787 3335 2831 et
3363 2777 3561 2844 probos
3600 2774 3719 2828 efﬁ-

2131 2870 2301 2924 ciens.
2329 2867 2462 2924 lllud
2505 2877 2681 2926 autem
2727 2867 2918 2934 Nimis,
2968 2877 3058 2922 aut
3117 2866 3293 2934 Valde,
3326 2865 3720 2938 adjungendum

2134 2971 2218 3017 est
2242 2962 2318 3016 illi
2346 2962 2484 3029 voci,
2511 2961 2747 3033 Adjutor.
2777 2961 2960 3031 Neque
3003 2961 3143 3016 enim
3184 2960 3337 3027 leve,
3372 2961 3468 3015 sed
3516 2960 3722 3029 insigne

2134 3050 2242 3106 fert
2271 3052 2550 3119 auxilium,
2578 3053 2696 3122 plus
2723 3053 2968 3122 praebens
2993 3051 3170 3105 solatii
3203 3066 3269 3105 ex
3298 3066 3401 3120 ope
3428 3050 3532 3104 lata
3563 3065 3722 3119 quam

2133 3143 2204 3198 sit
2257 3152 2508 3213 suscepta
2559 3143 2802 3199 molestia
2859 3157 2926 3198 ex
2974 3141 3372 3198 afﬂictionibus.
3415 3140 3528 3196 Non
3577 3140 3728 3198 enim

2134 3244 2394 3305 quantum
2443 3235 2704 3291 malorum
2732 3234 2968 3290 conditio
3011 3234 3282 3304 postulat,
3316 3241 3520 3287 tantum
3569 3232 3723 3286 nobis

2137 3327 2338 3396 praebet
2365 3327 2617 3382 auxilium
2640 3368 2656 3394 ,
2686 3326 2782 3381 sed
2810 3327 2967 3396 longe
2997 3327 3188 3395 majus.
3226 3323 3504 3395 PrOpterea
3533 3340 3634 3378 non
3661 3325 3724 3376 ti-

2135 3417 2375 3472 mebimus
2392 3461 2408 3485 ,
2435 3419 2643 3489 inquit,
2663 3417 2786 3471 dum
2814 3417 3096 3471 turbabitur
3118 3415 3437 3472 terra.\'idcs
3457 3413 3724 3485 quomodo

2136 3509 2307 3578 majus
2336 3520 2391 3566 et
2431 3511 2588 3580 longe
2624 3509 2891 3579 c0piosius
2920 3507 3023 3562 fert
3052 3507 3344 3562 auxilium?
3375 3507 3490 3561 Non
3537 3508 3720 3574 solum,

2137 3607 2278 3661 enim
2310 3603 2478 3669 dixit,
2509 3601 2624 3657 Non
2655 3602 2947 3672 capientur,
2979 3614 3078 3654 nec
3110 3600 3378 3661 eademus,
3411 3597 3528 3664 sed,
3561 3597 3639 3653 Ne
3668 3599 3720 3652 id

2137 3700 2351 3770 quidem
2400 3698 2704 3768 patiemur,
2747 3695 2886 3766 quod
2937 3703 3019 3750 est
3070 3705 3276 3748 natura:
3325 3693 3636 3763 proprium,
3669 3701 3727 3748 ut

2139 3800 2436 3846 terreamur
2457 3797 2512 3843 et
2537 3788 2842 3842 timeamus.
2861 3783 3142 3842 Undenam
3174 3793 3351 3840 autem
3378 3784 3479 3839 hoc
3505 3785 3724 3838 evenit?

2139 3881 2222 3936 Ex
2251 3896 2316 3935 eo
2364 3878 2504 3950 quod
2551 3879 2622 3933 sit
2656 3877 2933 3947 copiosum
2975 3876 3248 3930 auxilium.
3281 3875 3500 3930 Terram
3547 3885 3724 3929 autem

2140 3975 2249 4039 hic,
2282 3981 2337 4029 et
2362 3981 2596 4038 montes,
2627 3981 2680 4026 et
2704 3985 2798 4026 cor
2825 3971 3008 4035 maris,
3037 3984 3143 4025 non
3167 3969 3290 4024 dicit
3314 3970 3602 4036 elementa,
3633 3969 3726 4023 sed

2139 4081 2326 4121 eorum
2353 4067 2570 4120 nomine
2600 4063 2958 4121 intolerabilia
3013 4063 3241 4132 pericula
3297 4062 3580 4132 signiﬁcat.
3617 4062 3729 4116 Etsi

2140 4157 2340 4222 omnia,
2372 4156 2577 4226 inquit,
2609 4155 2882 4210 videamus
2924 4155 3164 4219 confusa,
3195 4154 3407 4208 etiamsi
3454 4153 3732 4222 perturba-

2143 4249 2342 4304 tionem
2392 4247 2549 4317 plane
2599 4244 3024 4309 intolerabilem,
3055 4246 3154 4299 etsi
3202 4261 3265 4298 ea
3307 4245 3486 4298 omnia
3515 4244 3730 4304 evenire

2141 4355 2260 4413 quae
2305 4353 2593 4408 numquam
2638 4336 2776 4392 facta
2827 4335 3060 4402 fuerunt,
3089 4335 3302 4390 etiamsi
3331 4336 3498 4404 ipsam
3521 4377 3537 4402 ,
3565 4343 3625 4390 ut
3661 4337 3734 4398 ita

2143 4433 2348 4496 dicam,
2378 4439 2672 4485 creaturam
2717 4444 2835 4484 cum
2880 4432 3056 4498 seipsa
3097 4427 3294 4484 collidi.
3325 4427 3490 4494 ipsius
3531 4437 3733 4480 natura:

2138 4523 2401 4598 terminos
2429 4523 2630 4576 moveri
2657 4562 2671 4586 ,
2698 4520 2879 4574 omnia
2907 4535 2975 4574 ex
3001 4519 3129 4588 ipsis
3150 4518 3378 4573 convelli
3407 4517 3730 4572 fundantem.

2148 4616 2248 4680 tis,
2283 4615 2452 4684 prima
2493 4613 2763 4668 elementa
2817 4610 3104 4672 confundi,
3135 4617 3190 4666 et
3217 4610 3454 4669 omnium
3503 4609 3734 4678 denique

2146 4725 2325 4764 rerum
2376 4708 2660 4766 maximam
2717 4705 2830 4760 ﬁeri
2886 4703 3378 4774 perturbationem,
3422 4717 3530 4755 non
3577 4701 3736 4754 modo

2146 4816 2253 4862 non
2287 4799 2585 4862 vincemur,
2609 4795 2705 4851 sed
2751 4811 2820 4850 ne
2871 4795 3176 4850 timebimus
3215 4792 3452 4862 quidem.
3487 4792 3543 4845 ln
3574 4807 3736 4846 causa

2147 4899 2324 4946 autem
2353 4897 2472 4955 est,
2504 4888 2645 4956 quod
2681 4886 2920 4942 omnium
2951 4885 3142 4940 horum
3174 4884 3429 4938 Dominus
3456 4899 3611 4952 opem
3657 4883 3736 4934 fe-

2147 4992 2249 5045 rat,
2282 4997 2496 5037 manum
2523 4981 2756 5050 porrigat
2779 4988 2834 5034 el
2858 4981 3094 5034 assistat.
3116 4977 3171 5033 Si
3200 4987 3380 5032 autem
3401 4977 3489 5031 vel
3520 4979 3599 5028 his
3624 4990 3739 5028 eve-

2152 5076 2423 5132 nientibus
2454 5075 2673 5129 minime
2699 5073 3034 5138 cederemus,
3062 5086 3162 5126 nec
3190 5071 3382 5124 molles
3420 5079 3515 5124 aut
3557 5068 3736 5139 ignavi,

2151 5171 2499 5232 redderemur
2523 5187 2537 5224 :
2577 5169 2745 5227 multo
2763 5167 2931 5236 magis
2959 5165 3007 5222 si
3032 5179 3130 5219 nos
3157 5163 3355 5219 inimici
3390 5163 3660 5227 invadant,
3686 5169 3742 5224 et

2150 5265 2203 5319 in
2253 5279 2353 5318 nos
2390 5261 2560 5316 aciem
2610 5259 2858 5329 dirigant.
2887 5258 2941 5312 4.
2973 5257 3269 5312 Sanuerunt
3311 5265 3360 5308 et
3388 5254 3602 5308 turbata:
3626 5259 3741 5305 sunt

2151 5371 2296 5426 aqua:
2322 5369 2516 5409 eorum.
2541 5350 2832 5406 Conturbati
2856 5357 2972 5403 sunt
3001 5357 3192 5402 montes
3226 5348 3279 5400 in
3306 5345 3738 5415 fortitudineejus.

2155 5447 2328 5514 Alius,
2359 5445 2673 5501 Sonantibus
2697 5452 2745 5497 et
2767 5441 2980 5495 turbatis
3006 5440 3149 5508 aquis
3167 5479 3182 5506 ,
3207 5447 3253 5492 et
3281 5436 3536 5491 concussis
3559 5433 3744 5488 monti-

2153 5541 2242 5595 bus
2267 5540 2319 5594 in
2349 5537 2719 5610 glorificatione
2751 5535 2880 5605 ejus.
2911 5532 3198 5600 Postquam
3230 5529 3397 5593 dixit,
3427 5525 3542 5581 Non
3573 5526 3732 5579 time-

2154 5632 2350 5694 bimus,
2379 5645 2445 5686 ne
2474 5629 2519 5683 si
2555 5627 2732 5682 omnia
2761 5624 2974 5694 quidem
3018 5621 3421 5690 confringantur
3470 5631 3535 5671 ac
3585 5615 3742 5670 ennio.

2155 5722 2378 5786 dantur,
2423 5719 2678 5788 deinceps
2734 5716 2948 5772 disserit
2998 5714 3066 5770 de
3118 5713 3237 5782 ejus
3287 5709 3518 5781 potentia
3548 5751 3563 5770 ,
3595 5705 3741 5776 quod

2158 5815 2362 5872 scilicet
2391 5813 2500 5869 sint
2525 5812 2668 5868 vires
2707 5811 2822 5881 ejus
2853 5805 3311 5882 inexpugnabiles.
3333 5803 3400 5860 Et
3446 5800 3638 5858 merito
3666 5797 3746 5852 in-
