4080 6340
452 514 553 586 μὲν
582 513 689 568 ἀπὸ
711 512 810 582 τῆς
836 513 1089 581 κτίσεως,
1115 501 1209 569 νῦν
1236 515 1293 569 δὲ
1314 514 1422 569 ἀπὸ
1445 514 1555 568 τῶν
1577 517 1691 578 τοῖς
1711 512 2020 586 ἀνθρώποις

449 595 870 666 συμϐαινόντων
892 598 1264 668 ἀνακηρύττειη
1303 597 1475 653 αὐτοῦ
1506 598 1609 669 τὴν
1652 597 1829 667 ἰσχὺν,
1864 595 2021 650 τοῦτο

448 678 601 752 [ιει]
631 683 725 735 καὶ
761 681 995 735 ἐνταῦθα
1016 685 1176 735 ποιεῖ.

527 763 595 817 ’0
629 764 685 818 δὲ
724 764 871 833 λέγει
899 764 1141 818 τοιοῦτόν
1182 765 1335 817 ἐστι·
1359 764 1502 818 Σείει
1535 764 1733 827 πάντα,
1777 762 2014 821 σαλεύει,

451 847 821 919 μετατίθησιν,
852 851 980 903 ὅταν
1013 849 1266 920 βούληται
1289 864 1303 879 °
1346 846 1519 911 οὕτως
1546 847 1694 919 αὐτῷ
1739 848 1895 920 ῥᾴδια
1926 849 2019 899 καὶ

449 930 647 986 εθκολα
672 933 869 988 πάντα,
916 933 1070 1003 Ἐμοὶ
1101 932 1158 985 δὲ
1186 932 1331 984 δοκεῖ
1361 930 1431 983 τὰ
1459 930 1635 1001 πλήθη
1666 930 1900 985 ἐνταῦθα
1931 933 2018 983 αί-

445 1014 721 1069 νίττεσθαι
746 1016 853 1068 τῶν
888 1016 1169 1087 ἀνδρείων,
1191 1015 1284 1067 καὶ
1315 1015 1441 1076 τοῦς
1465 1013 1701 1084 ὑψηλοὺς
1726 1013 1834 1066 τῶν
1861 1013 2019 1065 πολε-

450 1097 609 1166 μίων.
642 1099 737 1151 καὶ
775 1099 865 1151 τὸν
890 1100 1115 1168 ἄπειρον
1159 1097 1285 1151 λαὸν
1308 1097 1416 1150 τῶν
1445 1099 1723 1150 ἐναντίων.
1766 1096 2016 1166 Τοσαύτη

444 1179 554 1250 γὰρ
579 1181 743 1234 αὑτοῦ
782 1183 815 1253 ή
844 1181 1090 1253 δύναμις,
1132 1182 1315 1250 φησὶν,
1344 1180 1419 1244 ὡς
1456 1180 1641 1244 ἀπλῶς
1684 1179 1891 1242 νεῦσαι,
1924 1181 2019 1233 καὶ

442 1262 616 1317 ταῦτα
641 1265 818 1319 πάντα
845 1264 1110 1333 γίνεσθαι.
1142 1264 1266 1327 Πῶς
1299 1259 1392 1316 οὖν
1421 1263 1698 1334 δυνάμεθα
1730 1262 2017 1332 φοϐεῖσθαι

442 1346 683 1400 τοιοῦτον
705 1347 920 1418 ἔχοντες
937 1347 1212 1415 Δεσπότην
1232 1362 1246 1411 ;
1270 1345 1607 1415 Διάψαιίμα.
1632 1344 1848 1409 Ἄλλος,
1882 1346 2013 1400 Ἀεί.

450 1428 559 1482 Τοῦ
603 1430 875 1501 ποταμοῦ
921 1431 994 1484 τὰ
1035 1429 1362 1499 ὀρμήματα.
1402 1429 1616 1493 Ἄλλος,
1663 1427 2011 1497 Διαιρέσεις.

455 1509 513 1563 Ὀ
548 1510 606 1565 δέ
638 1512 904 1584 Ἐϐραῖος,
928 1512 1229 1581 Φαλαγιαῦ.
1262 1511 1807 1580 Εὐφραίνουσιτὴν
1835 1512 2016 1565 πόλιν

439 1593 546 1648 τοῦ
579 1595 728 1650 Θεοῦ
745 1613 757 1625 ·
776 1597 993 1667 ήγίασε
1021 1595 1088 1649 τὸ
1105 1594 1397 1664 σκήνωμα
1422 1595 1608 1650 αὐτοῦ
1632 1599 1665 1650 ὁ
1688 1596 1710 1614 ”
1726 1597 2006 1663 Υψιστος.

446 1677 640 1742 ’Λλλος
678 1680 831 1750 φησὶ,
886 1682 954 1735 T6
985 1680 1157 1749 ἅγιον
1207 1678 1319 1746 τῆς
1351 1678 1867 1747 κατασκηνώσεως
1902 1680 2010 1734 τοῦ

451 1759 768 1828 Ὑψίστου.
817 1762 869 1815 Ὀ
907 1762 1051 1827 Θεὸς
1081 1763 1151 1815 ἐν
1184 1761 1354 1832 μέσῳ
1401 1759 1613 1829 αὐτῆς,
1650 1761 1748 1814 καὶ
1779 1764 1850 1815 οὺ
1903 1777 2011 1815 σα-

435 1844 819 1910 λευθήσεται.
852 1846 1149 1915 Βοηθήσει
1195 1844 1350 1914 αὐτῇ
1388 1848 1420 1899 ὁ
1465 1844 1609 1910 Θεὸς
1656 1840 1736 1911 τῷ
1776 1845 1925 1911 πρὸς
1981 1857 2008 1885 α

437 1926 589 1994 πρωῒ
618 1929 785 1995 πρωΐ.
818 1929 1011 1992 Ἀλλος
1049 1930 1201 1998 φησί,
1234 1928 1373 1994 Περί
1399 1927 1505 1981 τόν
1525 1928 1757 1996 ὄρθρον.
1793 1927 2005 1991 Ἄλλος.

442 2009 513 2062 Τὸ
545 2009 759 2063 νεῦσαι
793 2012 1020 2080 πρωΐαν
1068 2011 1251 2064 Εἰπὼν
1274 2012 1400 2083 περὶ
1429 2010 1529 2081 τῆς
1549 2011 1827 2081 δυνάμεως
1844 2011 2007 2064 αὐτοῦ

434 2092 531 2145 καὶ
566 2094 668 2164 τῆς
716 2096 918 2165 ἰσχύος,
956 2095 1049 2148 καὶ
1076 2096 1156 2148 ὅτι
1187 2094 1346 2167 ῥᾴδια
1390 2094 1541 2164 αὐτῷ
1570 2096 1768 2161 πάντα,
1804 2097 1883 2159 είς
1910 2096 2008 2165 τὴν

431 2179 534 2247 τῆς
575 2177 872 2251 Ἰουδαϊκῆς
898 2180 1154 2251 προνοίας
1186 2178 1443 2231 ὑπόθεσιν
1467 2177 1786 2250 μετατίθησι
1818 2179 1908 2231 τὸν
1929 2178 2009 2231 λό-

431 2275 550 2326 γον.
582 2259 652 2314 τά
685 2261 943 2333 δεδομένα
983 2264 1169 2326 αὐτοῖς
1194 2261 1375 2330 ἀγαθὰ
1402 2260 1491 2314 διὰ
1531 2261 1778 2332 βραχέων
1806 2261 2006 2327 λέξεων

430 2345 723 2415 παριστὰς.
757 2342 926 2411 Οὗτος
954 2347 1083 2417 γὰρ,
1108 2347 1138 2399 6
1165 2343 1308 2399 οὕτω
1331 2344 1576 2410 δυνατὸς,
1598 2346 1626 2398 6
1649 2343 1823 2407 οὕτως
1858 2346 2007 2415 ἰσχυ-

432 2425 525 2496 ρὸς
549 2427 642 2480 καὶ
664 2429 913 2499 φοϐερὸς,
933 2429 1028 2482 καὶ
1053 2430 1234 2483 πάντα
1258 2429 1407 2497 ἄγων
1436 2428 1531 2481 καὶ
1546 2428 1751 2499 φέρων,
1778 2429 1810 2480 6
1829 2429 2006 2482 πάντα

431 2511 592 2565 σείων
620 2514 710 2567 καὶ
750 2514 935 2579 κινῶν,
979 2515 1074 2568 καὶ
1116 2513 1425 2584 μετατιθεὶς
1455 2513 1547 2565 καὶ
1590 2512 1869 2583 μεθιστὰς,
1902 2530 2005 2584 μυ-

431 2599 562 2670 ρίων
598 2601 695 2673 τὴν
724 2602 877 2654 πόλιν
924 2602 1090 2672 ήμῶν
1116 2600 1415 2671 ἐνέπλησεν
1463 2601 1705 2668 ἀγαθῶν.
1751 2602 2004 2672 Ποταμὸς

426 2682 536 2753 γὰρ
578 2684 813 2739 ἐνταῦθα
853 2685 914 2738 τὸ
947 2684 1163 2754 δαψιλὲς
1191 2685 1292 2755 τῆς
1338 2684 1603 2756 χορηγίας
1641 2685 1750 2738 τῶν
1795 2685 2003 2740 ἀνωθεν

425 2768 664 2841 δωρεῶν,
696 2770 791 2823 καί
829 2770 891 2824 τὸ
917 2769 1192 2823 ἀκώλυτον
1229 2769 1325 2824 καὶ
1353 2768 1414 2822 τὸ
1458 2769 1820 2840 ἐκκεχυμένον
1863 2788 2007 2842 παρ-

428 2852 662 2922 ίστησιν,
678 2853 880 2907 ὡσανεὶ
900 2853 1052 2923 ἔλεγε
1061 2870 1073 2883 ·
1091 2852 1354 2923 Καθάπερ
1364 2853 1428 2906 ἐκ
1440 2853 1632 2924 πηγῶν
1644 2856 1774 2926 ἡμῖν
1787 2855 2002 2909 ἅπαντα

426 2937 645 3008 ἐπιρρεῖ
674 2937 740 2989 τὰ
792 2936 993 3005 ἀγαθά.
1027 2937 1239 3007 Ὥσπερ
1277 2937 1387 3008 γὰρ
1437 2936 1683 3007 ποταμὸς
1720 2939 1801 3000 εἰς
1832 2939 2004 3008 μυρία

427 3023 746 3093 σχιζόμενος
772 3025 936 3095 μέρη,
963 3025 1063 3095 τὴν
1094 3025 1464 3094 ὑποκειμένην
1487 3023 1638 3094 ἄρδει
1668 3023 1850 3095 χώραν
1872 3043 1884 3059 ι
1909 3025 2003 3079 οὓ-

422 3109 579 3177 τωςή
604 3106 696 3161 τοῦ
727 3106 862 3160 Θεοῦ
890 3109 1116 3177 πρόνοια
1142 3106 1479 3178 πανταχόθεν
1501 3108 1742 3179 ἐπιρρεῖ,
1760 3107 2004 3177 δαψιλῶς

425 3189 719 3260 φερομένη,
738 3192 834 3245 καὶ
854 3192 1098 3263 ῥοιζηδὸν
1111 3192 1360 3256 ἐπιοῦσα,
1386 3192 1482 3244 καὶ
1497 3192 1675 3247 πάντα
1692 3192 1997 3265 πληροῦσα.

423 3272 538 3326 Οὐκ
564 3273 866 3342 ἀσφάλειαν
887 3275 944 3328 δὲ
976 3276 1205 3346 παρέχει
1232 3276 1390 3345 μόνον
1419 3277 1572 3346 ἡμῖν.
1605 3275 1725 3328 οὐδὲ
1749 3275 2000 3347 βοήθειαν

423 3356 664 3426 άρῥαγῆ,
703 3355 842 3409 ἀλλά
891 3358 985 3410 καὶ
1027 3357 1403 3429 πνευματικὴν
1431 3358 1640 3429 χαράν·
1677 3359 1755 3413 διό
1800 3378 1996 3432 φησιν·

433 3438 681 3507 Ἣγίασε
701 3439 767 3492 τὸ
789 3439 1077 3509 σκήνωμα
1103 3442 1289 3496 αὐτοῦ
1314 3445 1347 3495 ό
1373 3443 1690 3511 ’Υψιστοᾳ
1710 3445 1819 3497 Καὶ
1842 3444 2000 3499 τοῦτο

421 3519 480 3575 δὲ
515 3521 838 3593 εὐεργεσίας
869 3524 1002 3576 αὐτὸ
1054 3523 1219 3594 μέρος
1252 3524 1313 3576 ού
1360 3525 1576 3597 μικρὸν,
1620 3526 1682 3580 τὸ
1733 3528 1998 3600 σκήνωμα

419 3604 585 3658 αὐτοῦ
611 3604 837 3659 καλέσαι
878 3605 970 3659 τὸν
992 3607 1175 3661 τόπον.

495 3688 559 3757 β’.
581 3687 691 3741 Καὶ
711 3688 807 3758 οὐχ
832 3688 1018 3753 ἁπλῶς
1033 3690 1242 3743 τέθεικε
1269 3690 1350 3752 τὸ,
1368 3691 1431 3743 ’0
1449 3692 1755 3760 ’Ύψιστοᾳ
1775 3691 1831 3748 Ὀ
1848 3690 1941 3747 οὖν
1964 3695 1992 3734 b

416 3769 592 3834 ώτως
627 3771 830 3842 ὑψηλὸς
848 3812 862 3837 ,
884 3772 913 3823 6
938 3771 1126 3843 μηδενὶ
1151 3772 1301 3844 τόπῳ
1324 3775 1708 3844 περιεχόμενος
1724 3816 1738 3839 ,
1763 3778 1796 3848 ἡ
1827 3778 1996 3847 ἄφρα-

422 3871 544 3918 στος
578 3855 757 3922 οὐσία,
784 3856 1088 3925 κατηξίωσε
1136 3860 1401 3928 σκήνωμα
1433 3858 1596 3912 αὑτοῦ
1635 3859 1865 3914 καλέσαι
1897 3862 1993 3933 τὴν

417 3937 572 3991 πόλιν
614 3937 711 4009 τὴν
765 3939 1075 4011 ἡμετέραν,
1117 3939 1210 3993 καὶ
1259 3939 1522 3994 πάντοθεν
1554 3942 1723 4013 αὐτὴν
1756 3944 1988 4014 συνέχει.

416 4021 587 4075 Τοῦτο
614 4019 724 4095 γὰρ
761 4023 924 4085 ἔστιν,
976 4024 1077 4078 Ἐν
1099 4024 1268 4093 μέσῳ
1289 4024 1479 4092 αὐτῆς
1501 4065 1517 4090 ,
1544 4024 1620 4090 ὡς
1641 4027 1734 4080 καὶ
1758 4027 1990 4100 ἀλλαχοῦ

414 4104 597 4174 λέγει’
631 4106 779 4162 Ἰδοὺ
829 4106 944 4176 ἐγὼ
983 4107 1110 4176 μεθ’
1140 4106 1308 4177 ὑμῶν
1352 4109 1486 4178 εἰμι.
1518 4110 1786 4164 Πάντοθεν
1822 4113 1990 4185 αὐτὴν

418 4193 734 4261 συγκροτεῖ·
757 4190 845 4243 διὰ
875 4191 1033 4243 τοῦτο
1056 4190 1116 4242 οὐ
1152 4191 1313 4261 μόνον
1340 4191 1491 4245 οὐδὲν
1520 4193 1766 4247 πείσεται
1796 4194 1987 4262 δεινὸν,

414 4272 531 4324 ἀλλ’
565 4273 686 4327 οὐδὲ
713 4273 1122 4346 σαλευθήσεται.
1152 4275 1261 4328 Καὶ
1287 4275 1348 4327 τὸ
1377 4274 1549 4329 αἴτιον
1573 4315 1587 4338 ,
1615 4277 1696 4330 ὃτι
1730 4278 1990 4350 ταχίστης

415 4354 678 4409 ἀπολαύει
724 4356 826 4427 τῆς
860 4357 1209 4427 συμμαχίας,
1246 4358 1464 4428 ἑτοίμου
1503 4360 1599 4413 καὶ
1650 4377 1993 4431 παρεσκευα-

419 4440 622 4511 σμένης
644 4439 810 4511 οὔσης
830 4457 844 4471 ο
883 4441 1042 4494 τοῦτο
1069 4442 1177 4512 γάρ
1206 4444 1322 4496 ἐστι
1356 4443 1419 4496 τὸ
1454 4445 1636 4511 Πρωΐ·
1666 4445 1727 4498 οὐ
1767 4444 1993 4513 μελλού-

418 4540 552 4593 σης,
577 4523 698 4577 οὐδέ
728 4524 1123 4596 βραδυνούσης,
1152 4525 1290 4579 ἀλλά
1333 4531 1532 4599 νεαρᾶς
1560 4528 1646 4581 ἀεὶ
1674 4530 1769 4582 καὶ
1804 4529 1989 4600 ἀκμα-

415 4604 644 4676 ζούσης,
672 4609 766 4660 καὶ
812 4609 869 4661 ἐν
903 4608 1078 4679 καιρῷ
1123 4609 1199 4678 τῷ
1235 4612 1584 4681 προσήκοντι.
1642 4612 1991 4681 Ἐταράχθη-

413 4707 537 4744 σαν
587 4689 752 4759 ἔθνη.
798 4690 1019 4753 Ἄλλος,
1052 4692 1458 4761 Συνήχθησαν
1499 4694 1662 4762 ἔθνη.
1697 4698 1992 4750 ’Έκλιναν

408 4773 741 4836 βασιλεῖαι.
792 4775 1016 4828 Ἔδωκε
1067 4776 1278 4844 φωνὴν
1327 4777 1514 4831 αὑτοῦ
1565 4781 1598 4831 ό
1665 4779 1986 4846 Ὕψιστος,

413 4856 716 4923 ἐσαλεύθη
749 4857 787 4924 ἡ
836 4856 933 4926 γῆ.
975 4859 1257 4912 Δείκνυσιν
1288 4859 1452 4912 αὑτοῦ
1486 4863 1583 4930 τῆς
1618 4860 1867 4931 βοηθείας
1900 4864 1989 4916 ἐν-

412 4940 588 4995 ταῦθα
612 4940 712 5012 τὴν
738 4940 983 5011 δύναμιν.
1016 4943 1091 4995 Οὐ
1126 4942 1232 5015 γὰρ
1274 4941 1337 5013 δὴ
1375 4942 1481 4995 τῶν
1510 4945 1777 5015 τυχόντων
1816 4947 1988 5001 ἐπιόν-

412 5043 522 5078 των
551 5066 565 5090 ,
618 5024 754 5079 ἀλλά
787 5023 1049 5095 βασιλέων
1075 5067 1089 5090 ,
1146 5026 1315 5080 ἐθνῶν
1363 5027 1626 5081 πάντοθεν
1680 5031 1985 5094 συνιόντων,

417 5106 566 5179 [185]
598 5108 959 5169 κυκλούντων,
993 5109 1419 5181 πολιορκούντων
1453 5111 1607 5165 πόλιν
1634 5113 1781 5183 μίαν,
1811 5114 1872 5166 ού
1902 5114 1991 5184 μό-

414 5208 503 5246 νον
541 5192 691 5246 ούδὲν
718 5193 917 5247 ἔπαθεν
940 5194 1030 5246 ὑπ’
1063 5195 1241 5249 αὐτῶν
1269 5195 1436 5250 δεινὸν
1462 5239 1474 5253 .
1508 5196 1644 5250 ἀλλά
1679 5197 1772 5251 καὶ
1801 5216 1986 5270 περιε-

413 5275 621 5344 γένετο,
643 5278 736 5330 καὶ
761 5278 1057 5349 ἐκράτησε,
1083 5279 1175 5331 καὶ
1205 5279 1528 5352 περιέτρεψε
1563 5283 1690 5344 τοὺς
1715 5283 1985 5347 ἐπιόντας.

414 5361 458 5413 Τ
462 5359 584 5413 οῦτο
613 5362 720 5432 γάρ
751 5362 868 5414 ἐστι
891 5362 973 5426 τὸ,
996 5365 1289 5417 ’Ἑκλιναν
1302 5364 1631 5430 βασιλεῖαι,
1662 5366 1846 5419 ἔδωκε
1871 5386 1989 5435 φω-

412 5441 533 5510 νὴν
560 5444 746 5499 αὐτοῦ
780 5447 813 5499 ὁ
842 5445 1161 5515 Ὕψιστος·
1198 5446 1273 5511 ὡς
1315 5449 1380 5503 ἂν
1413 5449 1555 5502 είποι
1588 5466 1671 5513 τις
1692 5488 1707 5512 ,
1735 5449 1989 5504 Αὐτοϐοεί

412 5694 881 5864 ίηξεὲξξὲξξδοπρὸς.
911 5702 1037 5755 Infra
1065 5720 1190 5759 unus
1206 5708 1275 5773 τῷ
1292 5706 1476 5773 νεῦσαι,
1498 5716 1549 5763 cl
1575 5709 1681 5761 haec
1700 5717 1776 5763 est
1795 5710 1987 5775 Aquilae

474 5812 506 5854 δ
571 5820 692 5864 orel.
720 5821 747 5864 ὁ
765 5821 869 5864 γάο.

474 5812 506 5854 1³
524 5812 692 5868 Morel.
720 5821 747 5868 6
765 5821 869 5886 γάρ.

1088 387 1147 442 S.
1191 385 1474 443 JOANNIS
1510 381 1998 442 CHRYSOSTOMI

2104 381 2360 440 RCHIEP.
2400 382 2945 440 CONSTANTINOP.

3585 386 3714 447 205‘

2123 515 2436 580 τάςπόλεις
2460 509 2591 569 εἷλε.
2625 515 2776 586 Παχὺ
2812 517 2911 587 μέν
2936 515 2997 570 τὸ
3027 517 3319 589 ῥῆμα,.κα¹ι
3342 513 3692 590 ἀνθρωπινώ-

2122 616 2278 668 τερον
2303 601 2365 654 τὸ
2391 598 2696 670 εἰρημένον.
2729 600 2865 654 υὺδὲ
2900 601 3009 674 γὰρ
3037 605 3187 674 φωνῇ
3231 603 3327 658 καῖ
3372 601 3467 673 βοῇ
3499 602 3528 654 6
3558 599 3691 664 Θεὸς

2120 683 2268 753 νικᾷ,
2298 681 2433 735 ἀλλά
2455 681 2682 752 νεύματι
2714 683 2858 754 μόνῳ
2886 684 2981 737 καὶ
3020 684 3340 756 βουλήματι.
3380 684 3517 738 Ἀλλ’
3540 684 3691 755 ὅμως

2122 765 2229 818 ἀπὸ
2268 765 2376 818 τῶν
2404 764 2722 835 παχυτέρων
2750 766 2910 820 αὐτὸν
2938 767 3153 834 ἀνάγων
3178 808 3193 833 ,
3220 769 3326 821 τῶν
3354 767 3525 823 ἄλλων
3553 765 3691 837 ὑψη-

2121 848 2347 919 λοτέραν
2376 850 2639 918 ἐπενόησε
2665 848 2829 914 λέξιν.
2863 850 3081 921 Ἐπειδὴ
3102 850 3209 922 γὰρ
3230 852 3318 905 ἀεὶ
3339 850 3690 920 όπλιζόμενον

2121 932 2282 984 αὑτὸν
2316 932 2521 1000 εἰσάγει
2548 971 2562 995 ,
2597 932 2809 995 δεικνὺς
2837 933 2919 986 ὅτι
2951 933 3131 987 πάντα
3180 935 3361 988 ἐκεῖνα
3397 951 3687 1005 μεταφορι-

2121 1015 2231 1077 κῶς
2260 1014 2492 1085 είρηται,
2521 1015 2615 1068 καί¹
2638 1014 3056 1087 τροπικώτερον,
3084 1017 3178 1069 καὶ
3209 1015 3689 1085 συγκαταὸατικώρ

2117 1115 2275 1169 τερον
2305 1100 2352 1169 (ὁ
2374 1098 2482 1169 γὰρ
2507 1099 2636 1163 Θεὸς
2658 1099 2866 1162 οὐδενὸς
2897 1099 3098 1152 τούτων
3128 1099 3319 1169 δεῖται)
3342 1101 3684 1172 ,.ἐπήγαγεν,

2123 1180 2346 1235 Ἔδωκε
2387 1180 2597 1250 φωνὴν
2636 1181 2822 1235 αὑτοῦ
2846 1221 2862 1246 ,
2903 1183 3000 1237 καί
3028 1184 3324 1252 ἐσαλεύθη
3353 1183 3392 1251 ἡ
3430 1183 3507 1253 γῆ
3531 1197 3546 1213 ·
3577 1183 3686 1236 δει-

2119 1265 2251 1328 κνὺς
2272 1304 2287 1327 ,
2319 1265 2401 1318 ὅτι
2434 1265 2495 1318 οὐ
2552 1265 2710 1336 μόνον
2743 1265 2958 1331 πόλεις,
2998 1267 3093 1319 καὶ
3125 1265 3289 1336 ἔθνη,
3340 1267 3435 1320 καὶ
3483 1266 3686 1337 χώρας.

2117 1346 2252 1400 ἀλλὰ
2276 1348 2371 1401 καὶ
2403 1347 2535 1401 αὐτὸ
2557 1348 2618 1401 τὸ
2650 1350 2910 1417 στοιχεῖον
2942 1347 3186 1403 διασείει.
3217 1344 3339 1402 Οίδε
3366 1348 3423 1402 δέ
3456 1351 3550 1402 καὶ
3584 1352 3688 1419 γῆν

2116 1429 2184 1482 τὰ
2210 1431 2387 1502 πλήθη
2416 1431 2623 1495 καλεῖν,
2654 1430 2729 1494 ὡς
2746 1432 2873 1485 ὅταν
2898 1431 3060 1502 λέγῃ·
3090 1432 3196 1485 Καὶ
3230 1428 3310 1499 ἦν
3339 1429 3506 1485 πᾶσα
3535 1431 3575 1498 ή
3606 1431 3686 1501 τῆ

2114 1512 2316 1582 χεῖλος
2337 1514 2427 1569 ἓν.
2458 1516 2669 1583 Κύριος
2694 1513 2813 1568 τῶν
2838 1515 3149 1584 δυνάμεων
3178 1516 3305 1583 μεθ’
3334 1513 3517 1584 ἡμῶν.
3564 1516 3686 1567 ’Λν-

2112 1598 2412 1665 τιλήπτωρ
2441 1597 2610 1666 ήμῶν
2637 1601 2668 1651 ό
2698 1598 2840 1664 Θεθνς
2880 1597 3092 1652 Ἰακώϐ.
3127 1595 3185 1651 Ὀ
3205 1597 3260 1650 δε
3291 1599 3538 1668 Ἐϐραῖος
3564 1595 3686 1649 ἀντὶ

2112 1677 2227 1744 τοῦ,
2258 1679 2381 1734 Τῶν
2408 1679 2737 1749 δυνάμεων,
2765 1681 3007 1734 Σαϐαὼθ
3052 1672 3226 1733 εἶπεν.
3257 1680 3399 1750 Ὅρα
3432 1680 3544 1742 πῶς
3579 1679 3685 1733 ἀπὸ

2110 1762 2212 1831 τῆς
2237 1763 2340 1833 γῆς
2378 1764 2569 1831 ἀνάγει
2606 1764 2697 1815 τὸν
2726 1762 2880 1829 λόγον
2910 1763 3003 1816 ἐπὶ
3032 1763 3123 1817 τὸν
3158 1763 3384 1834 οὐρανὸν
3407 1805 3421 1827 ,
3451 1766 3529 1826 εἰς
3559 1764 3684 1827 τοὺς

2111 1845 2373 1916 ἀπείρους
2395 1845 2503 1899 τῶν
2527 1846 2774 1915 ἀγγέλων
2813 1846 3017 1917 δήμους
3043 1886 3058 1911 ,
3087 1848 3166 1910 εἰς
3191 1845 3260 1898 τά
3289 1845 3414 1916 ἔθνη
3443 1845 3549 1898 τῶν
3580 1846 3683 1917 ἀρ-

2110 1929 2413 1999 χαγγέλων,
2442 1931 2522 1992 εἰς
2544 1929 2642 1992 τὰς
2664 1929 2918 2000 δυνάμεις
2950 1929 3049 1994 τὰς
3079 1930 3211 1984 ἀνω.
3243 1929 3308 1982 Τί
3345 1929 3453 2000 γάρ
3487 1946 3574 2000 μοι
3603 1928 3683 1982 λέ-

2109 2029 2229 2080 γεις
2281 2012 2615 2084 στρατόπεδα
2643 2054 2656 2077 ,
2693 2014 2788 2067 καὶ
2838 2013 3181 2085 βαρϐάρους,
3229 2013 3322 2067 καὶ
3364 2013 3682 2082 ἀνθρώπους

2110 2093 2541 2165 ἀπολλυμένουςς
2568 2096 2750 2167 φησίν.
2770 2096 3050 2167 Ἐννόησον
3074 2096 3235 2150 αὐτοῦ
3255 2097 3355 2167 τὴν
3384 2097 3557 2166 ἰσχὺν,
3572 2097 3681 2150 ἀπὸ

2108 2178 2209 2248 τῆς
2236 2179 2293 2230 ἐν
2316 2181 2428 2242 τοῖς
2451 2181 2698 2250 οὐρανοῖς
2728 2179 3002 2250 βασιλείας
3020 2218 3034 2244 ,
3073 2182 3174 2234 ὅσα
3207 2180 3541 2250 στρατόπεδα
3571 2179 3679 2232 τῶν

2108 2260 2354 2329 ἀοράτων
2382 2260 2662 2332 δυνάμεων
2700 2264 2789 2333 ὑφ’
2828 2263 3008 2335 ἐαυτῷ
3046 2264 3353 2333 τεταγμένα
3397 2263 3532 2332 ἔχει.
3568 2263 3680 2317 Καὶ

2109 2342 2290 2408 καλῶς
2318 2344 2574 2415 δυνάμεις
2606 2346 2851 2410 ἐκάλεσε,
2878 2348 2978 2417 τὴν
3008 2348 3159 2418 ἰσχὺν
3196 2347 3375 2400 αὐτῶν
3407 2346 3681 2400 ἐνδεικνύ-

2109 2442 2306 2496 μενος’
2332 2428 2469 2499 ὅπερ
2499 2439 2522 2467 ο
2576 2430 2672 2483 καὶ
2722 2430 2954 2501 ἀλλαχοῦ
2978 2444 3147 2499 ’φησν
3195 2429 3444 2483 Δυνατοί
3488 2430 3689 2497 ἰσχύι..

2105 2510 2419 2577 ποιοῦντες
2456 2510 2562 2566 τὸν
2594 2514 2780 2582 λόγον
2812 2513 3017 2568 αὐτοῦ.
3052 2513 3155 2567 Καὶ
3194 2512 3303 2583 γάρ
3348 2507 3427 2574 εἷς
3453 2511 3680 2579 ἄγγελός

2104 2612 2234 2648 ποτε
2286 2594 2548 2662 ἐξελθὼν,
2603 2596 2796 2650 ἑκατὸν
2843 2598 3172 2668 ὀγδοήκοντα
3222 2597 3382 2650 πέντε
3432 2596 3685 2666 χιλιάδας

2103 2678 2301 2733 ἀνεῖλε.
2330 2678 2395 2731 Τί
2439 2674 2532 2732 οὖν
2553 2681 2603 2732 εἰ
2631 2680 2854 2743 δυνατὸς
2894 2681 2991 2752 μέν
3029 2682 3176 2734 ἐστιν
3202 2721 3216 2747 ,
3241 2680 3302 2733 οὐ
3346 2679 3591 2750 βούλεται
3621 2679 3679 2733 δὲ

2104 2762 2235 2831 ἡμῖν
2268 2764 2425 2833 χεῖρα
2454 2761 2674 2834 ὀρέξαι;
2715 2761 2874 2816 Ἀλλά
2910 2763 3046 2834 μηδέ
3073 2761 3230 2816 τοῦτο
3255 2762 3470 2834 δείσῃς,
3504 2761 3673 2833 φησί·

2102 2843 2190 2897 διά
2233 2844 2393 2898 τοῦτο
2427 2845 2710 2917 ἐπήγαγεν
2734 2886 2750 2911 ,
2798 2846 3199 2915 Ἀντιλήπτωρ
3234 2843 3423 2914 ήμῶν.
3469 2845 3678 2897 Οὐκοῦν

2103 2927 2198 2979 καί
2232 2925 2476 2997 βούλεται
2511 2929 2605 2982 καὶ
2629 2927 2883 2983 δύναταν
2933 2929 3008 2999 μὴ
3048 2928 3225 2981 τοίνυν
3271 2926 3457 2998 φοϐοῦ.
3488 2928 3554 2980 Τί
3582 2922 3676 2980 οὗν

2102 3011 2151 3062 εί
2175 3010 2337 3081 ἡμεῖς
2365 3010 2605 3078 ἀνάξιοι;
2651 3011 2809 3064 Ἀλλά
2842 3010 3097 3083 πατρῴαν
3137 3011 3273 3083 πρὸς
3298 3010 3459 3065 αὐτὸν
3481 3011 3676 3081 ἔχομεν

2103 3093 2530 3165 φιλανθρωπίαν.
2554 3095 2644 3150 Διὸ
2668 3097 2760 3150 καὶ
2788 3097 2945 3149 τοῦτο
2975 3096 3284 3166 προστιθεὶς
3314 3094 3496 3164 ἔλεγεν
3514 3094 3564 3158 ά,
3611 3094 3673 3148 '0

2103 3177 2247 3245 Θεὸς
2296 3178 2495 3233 Ἰακὼϐ
2513 3222 2528 3243 ,
2593 3178 2792 3234 ὡσανεὶ
2840 3179 3023 3247 ἔλεγεν
3042 3195 3056 3209 ο
3103 3176 3201 3233 Ae!
3248 3178 3404 3233 τοῦτο
3439 3179 3499 3233 τὸ
3552 3177 3685 3244 ἔθος

2100 3262 2250 3333 αὐτῷ
2267 3304 2281 3328 ,
2304 3265 2490 3335 φησὶν,
2512 3263 2737 3326 ἄνωθεν,
2768 3263 2862 3317 καὶ
2894 3262 2953 3328 ἐξ
2978 3262 3173 3333 ἀρχῆς.
3191 3262 3522 3331 Διάψαλμα.
3548 3261 3676 3314 Ἀλ-

2098 3344 2189 3410 λος
2212 3387 2228 3413 ,
2267 3347 2392 3403 Ἀει.
2439 3346 2617 3401 Δεῦτε
2655 3346 2754 3400 καὶ
2792 3345 2947 3399 ἴδετε
2972 3346 3044 3400 τὰ
3084 3346 3229 3415 ἔργα
3264 3345 3368 3399 τοῦ
3411 3346 3558 3400 Θεοῦ
3585 3383 3599 3407 ,
3630 3344 3675 3399 ἂ

2096 3429 2264 3486 ἔθετο
2290 3431 2503 3497 τέρατα
2528 3429 2628 3484 ἐπὶ
2652 3429 2764 3499 τῆς
2794 3429 2908 3499 γῆς
2924 3469 2939 3494 ,
2968 3428 3337 3495 ἀνταναιρῶν
3372 3427 3674 3497 πολέμους

2091 3512 2268 3583 μέχρι
2299 3513 2419 3567 τῶν
2463 3511 2733 3582 περάτων
2778 3512 2888 3581 τῆς
2922 3512 3053 3583 γῆς.
3104 3511 3145 3565 Τ
3147 3513 3292 3577 όξον
3328 3512 3667 3580 συντρίψει,

2095 3597 2192 3650 καὶ
2239 3597 2574 3652 συνθλάσει
2600 3596 2795 3651 ὅπλον
2842 3596 3019 3668 (ἄλλος
3056 3595 3235 3665 λέγει,
3268 3595 3676 3664 Συνέκλασε),

2095 3687 2193 3741 καὶ
2240 3688 2489 3756 θυρεοὺς
2541 3689 2906 3742 κατακαύσει
2955 3689 3026 3742 ἐν
3073 3688 3237 3756 πυρί.
3286 3685 3476 3750 Ἀλλος
3503 3729 3520 3754 ,
3558 3687 3677 3741 Καδ

2094 3769 2330 3840 ἀμάξας
2370 3769 2664 3841 ἐμπρήσει
2711 3771 2781 3825 ἐν
2825 3771 2988 3841 πυρί.
3023 3771 3205 3824 Εἰπὼν
3242 3769 3497 3841 περὶτῆς
3527 3770 3677 3840 γῆς,

2095 3853 2226 3924 περὶ
2255 3854 2353 3924 τῆς
2389 3854 2664 3924 θαλάσσης
2683 3894 2698 3917 ,
2726 3855 2854 3926 περὶ
2885 3854 2993 3907 τῶν
3032 3853 3196 3926 ὀρῶν,
3226 3854 3353 3925 περί
3380 3853 3479 3924 τῆς
3507 3869 3668 3905 πνευ-

2097 3937 2332 4007 ματικῆς
2365 3938 2627 4009 χορηγίας
2649 3937 2750 4006 τῆς
2777 3939 2856 4001 εἰς
2882 3938 3078 4000 αὐτοὺς
3108 3936 3478 4008 γεγενημένης
3500 3976 3515 4001 ,
3540 3935 3665 4005 περὶ

2093 4021 2192 4090 τῆς
2240 4021 2589 4092 συμμαχίας,
2629 4020 2792 4074 πάλιν
2843 4020 3072 4073 ἐκτείνει
3113 4019 3210 4091 τὴν
3242 4019 3494 4071 ὑπόθεσιν
3529 4018 3666 4089 πρὸς

2093 4104 2219 4166 τοὺς
2251 4101 2447 4167 θεατάς
2466 4143 2480 4168 ,
2511 4105 2604 4157 ἐπὶ
2629 4103 2699 4156 τά
2740 4104 2979 4176 τρόπαια
3022 4103 3218 4166 αὐτοὺς
3246 4102 3425 4156 καλῶν
3458 4102 3517 4169 ἐξ
3545 4102 3667 4172 ἡδο-

2093 4185 2190 4255 νῆς
2232 4184 2460 4256 πολλῆς,
2493 4188 2589 4239 καὶ
2625 4186 2725 4256 τῆς
2753 4186 2891 4258 πρὸς
2918 4186 3009 4240 τὸν
3031 4186 3307 4255 Δεσπότην
3338 4184 3626 4247 διαθέσεως
3645 4226 3663 4249 ,

2092 4269 2188 4321 καὶ
2209 4267 2308 4331 τάς
2331 4269 2487 4332 νίκας
2509 4268 2876 4341 ἀναγορεύων,
2894 4268 2960 4334 ἀς
2987 4269 3127 4339 ὑπὲρ
3150 4267 3327 4321 αὐτῶν
3349 4268 3661 4338 εἰργάσατο.

2092 4351 2205 4404 Καὶ
2233 4350 2415 4415 καλῶς
2439 4348 2558 4405 εἷπε
2580 4391 2594 4415 ,
2632 4352 2847 4420 Τέρατα
2868 4390 2885 4414 ,
2923 4352 3023 4404 οὐκ
3049 4346 3170 4404 εἷπε
3194 4389 3208 4412 ,
3234 4350 3391 4414 νίκας
3419 4351 3511 4403 καὶ
3535 4349 3660 4421 τρό-

2093 4451 2251 4490 παια.
2277 4435 2351 4488 06
2385 4434 2492 4506 γὰρ
2524 4435 2667 4488 κατά
2697 4434 3014 4488 ἀκολουθίαν
3046 4434 3253 4502 ἐγίνετο
3278 4432 3346 4486 τά
3382 4433 3660 4504 γινόμενα,

2092 4518 2214 4571 οὐδέ
2239 4518 2425 4583 ὅπλοις
2446 4519 2541 4572 καὶ
2562 4519 2788 4589 δυνάμει
2820 4518 3084 4589 σωμάτων
3104 4516 3174 4571 τά
3192 4518 3291 4589 τῆς
3317 4518 3495 4588 μάχης
3519 4516 3664 4591 ἐκρί-

2092 4618 2244 4666 νετο,
2288 4601 2425 4655 ἀλλά
2456 4601 2590 4655 Θεοῦ
2638 4602 2865 4673 νεύματι
2884 4640 2899 4663 ,
2933 4600 3041 4654 τῶν
3074 4601 3413 4671 πραγμάτων
3443 4600 3660 4671 δηλούν-

2091 4712 2231 4760 των,
2263 4695 2345 4747 ὃτι
2383 4694 2542 4758 αὐτὸς
2581 4693 2733 4766 [186]
2761 4688 2830 4765 ἦν
2861 4695 2889 4746 6
2924 4693 3261 4764 στρατηγῶν.
3304 4693 3522 4763 Ἐπειδὴ
3551 4692 3659 4763 γὰρ

2090 4790 2140 4841 οἱ
2176 4785 2422 4851 ἀσθενεῖς
2448 4789 2574 4851 τοὺς
2604 4786 2862 4850 δυνατοὺς
2893 4784 3109 4850 ἐνίκων,
3129 4788 3177 4839 οἱ
3199 4786 3368 4855 ὀλίγοι
3390 4787 3513 4849 τοὺς
3541 4784 3663 4837 πολ-

2089 4883 2216 4945 λοὺς
2237 4923 2252 4947 ,
2284 4882 2332 4935 οἰ
2388 4881 2788 4952 κεκρατημένοι
2833 4883 2958 4945 τοὺς
2995 4881 3330 4954 κρατοῦντας
3347 4926 3371 4949 ,,
3403 4880 3499 4935 καὶ
3529 4880 3661 4950 παρ’

2091 4975 2281 5028 ἐλπίδα
2316 4975 2385 5029 τά
2418 4975 2718 5047 πράγματα
2745 4974 2954 5045 ἐγίνετο
2976 5016 2992 5042 ,
3028 4976 3252 5039 εἰκότως
3284 4974 3426 5029 αὐτὰ
3456 4974 3660 5045 τέρατα

2092 5067 2288 5131 καλεῖ,
2331 5064 2427 5120 ἅτε
2469 5065 2788 5138 παραδόξως
2823 5066 3186 5138 συμϐαίνοντα
3206 5106 3222 5129 ,
3262 5067 3357 5121 καὶ
3384 5063 3659 5136 πανταχοῦ

2091 5159 2191 5228 τῆς
2220 5158 2325 5229 γῆς
2346 5158 2702 5229 ἐκτεταμένα.

2161 5258 2231 5319 γ’.
2259 5251 2429 5305 Τοῦτο
2455 5250 2511 5304 δὲ
2555 5250 2655 5303 οὐκ
2676 5250 2739 5304 ἄν
2754 5268 2836 5314 τις
2853 5250 3086 5323 ἁμάρτοι
3106 5248 3203 5303 καὶ
3216 5247 3358 5302 κατά
3373 5245 3658 5317 ἀναγωγὴν

2091 5344 2358 5409 ἐκλαϐὼν,
2385 5346 2479 5399 καὶ
2509 5346 2589 5406 εἰς
2610 5344 2701 5395 τὸν
2724 5344 2965 5413 παρόντα
2988 5344 3199 5415 καιρόν.
3224 5345 3333 5397 Καὶ
3360 5340 3469 5414 γὰρ
3500 5341 3652 5395 πόλε-

2093 5457 2191 5509 μον
2221 5437 2453 5510 χαλεπὸν
2478 5436 2744 5490 κατέλυσε
2773 5435 2864 5488 τόν
2892 5434 3001 5488 τῶν
3022 5435 3310 5507 δαιμόνων,
3339 5440 3431 5491 καὶ
3458 5451 3651 5491 παντα-

2154 5717 2175 5776 (ξ
2202 5713 2376 5762 Morel.
2400 5714 2579 5776 ὥσπερ.

2149 5773 2175 5812 ἀ
2202 5775 2298 5824 Alii
2320 5778 2374 5823 cl.
2407 5769 2556 5824 Savil'.
2588 5772 2660 5821 διὸ
2680 5770 2925 5820 καὶτοῦτο
2954 5770 3110 5827 δηλῶν
3143 5771 3283 5819 εἶπεν.
3314 5769 3417 5820 Sub
3439 5772 3545 5822 hac
3560 5783 3666 5820 non-

2092 5850 2243 5900 pauca
2263 5838 2466 5886 deerant
2488 5834 2537 5885 in
2563 5834 2732 5885 Morel.
2752 5846 2863 5895 quae
2885 5845 2949 5884 ex
2969 5834 3085 5884 aliis
3099 5832 3397 5897 suppleam:
