4108 6344
401 413 504 470 205

401 531 531 600 quit,
555 525 668 582 Non
695 525 1022 590 timebimus,
1041 530 1096 577 et
1123 521 1270 591 quod
1287 534 1501 588 semper
1523 518 1669 583 facit,
1694 531 1833 570 nunc
1862 515 1980 584 qui-

399 624 518 677 dem
548 635 614 674 ex
642 617 923 680 creaturis,
955 629 1096 670 nunc
1135 629 1264 667 vero
1305 627 1369 666 ex
1401 611 1464 664 iis
1509 624 1626 678 quae
1671 605 1976 661 hominibus

401 710 646 766 accidunt
670 707 809 762 vires
829 705 944 775 ejus
971 704 1267 775 praedicans
1287 745 1300 766 ,
1325 701 1425 756 hoc
1452 701 1625 769 ipsum
1655 698 1743 752 hic
1766 709 1974 767 quoque

400 802 539 855 facit.

474 891 656 946 Omnia
679 890 784 944 Deo
804 889 1042 960 proclivia
1064 905 1082 952 ;
1110 886 1201 940 Dei
1221 883 1532 956 providentia
1552 898 1663 936 cum
1679 880 1832 951 ﬂuvio
1858 896 1977 932 con-

401 989 576 1055 fertur.
598 1012 672 1023 —
687 979 837 1048 Quod
857 989 1032 1034 autem
1055 978 1203 1041 dicit,
1226 985 1304 1032 est
1326 973 1584 1044 ejusmodi
1611 991 1624 1027 :
1650 971 1836 1027 Omnia
1857 986 1978 1024 con-

397 1075 547 1139 cutit,
578 1072 851 1136 labelacit,
885 1071 1135 1124 transfert
1163 1067 1374 1139 quando
1401 1065 1659 1130 voluerit;
1691 1063 1824 1118 adeo
1854 1072 1977 1117 sunt

398 1165 474 1220 illi
519 1164 696 1219 omnia
727 1170 967 1233 prompta
999 1171 1052 1215 et
1088 1160 1360 1230 proclivia.
1401 1155 1526 1211 Mihi
1561 1164 1739 1210 autem
1771 1153 1977 1208 videtur

398 1257 484 1312 hic
507 1256 805 1326 signiﬁcare
826 1253 1216 1308 multitudinem
1247 1252 1478 1306 virorum
1502 1248 1736 1312 fortium,
1766 1255 1820 1300 et
1840 1262 1977 1317 prae-

398 1347 756 1403 stantissimos
784 1345 1034 1409 hostium,
1062 1353 1116 1399 et
1140 1343 1399 1397 inﬁnitum
1441 1341 1690 1410 pupulum
1721 1339 1975 1393 adversa-

399 1441 616 1495 riorum.
647 1439 814 1493 Tanta
844 1447 930 1494 est-
950 1439 1111 1501 enim,
1145 1436 1331 1505 inquit.
1359 1435 1475 1504 ejus
1497 1440 1736 1502 potestas
1757 1439 1827 1495 ιιι,
1861 1445 1976 1483 mo-

398 1534 469 1588 do
486 1543 703 1599 annuat,
731 1533 848 1586 hare
865 1531 1040 1585 omnia
1066 1530 1212 1582 ﬁant.
1237 1527 1514 1594 Quomodo
1533 1540 1671 1595 ergo
1686 1523 1975 1591 poterimus

398 1626 586 1678 timere
639 1623 728 1693 qui
775 1623 932 1675 talem
981 1619 1238 1673 habemus
1285 1615 1600 1672 Dominmn?
1653 1613 1970 1682 Diapsalma.

402 1717 566 1781 Alius,
598 1715 826 1781 Semper.
855 1714 909 1768 5.
940 1711 1190 1766 Fluminis
1228 1711 1460 1776 impetus.
1491 1707 1657 1767 Alius,
1687 1706 1970 1758 divisiones.

401 1806 651 1861 Hebrams
680 1815 887 1868 autem,
925 1801 1209 1869 Pltalugau.
1253 1799 1533 1867 Lwti/icant
1573 1797 1819 1850 civitatem
1842 1794 1974 1849 Dei:

400 1895 726 1962 sancti/ienuit
752 1892 1124 1946 tabernaculum
1151 1907 1297 1943 suum
1325 1889 1624 1941 Altissimus.
1656 1888 1802 1940 Alius
1853 1887 1924 1939 ait
1958 1904 1970 1939 :

401 1988 649 2042 Sanctum
675 1984 996 2038 habitationis
1022 1983 1283 2035 Altissimi.
1314 1982 1364 2034 6.
1401 1979 1539 2034 Deus
1564 1981 1614 2032 in
1652 1978 1814 2031 medio
1844 1982 1971 2048 ejus,

398 2087 445 2131 et
468 2094 566 2132 non
595 2076 994 2129 commovebitur.
1019 2073 1283 2145 Adjuvabit
1313 2089 1419 2124 eum
1446 2071 1579 2124 Deus
1608 2087 1752 2123 mune
1777 2071 1974 2122 dilucu~

399 2170 468 2222 lo.
501 2169 648 2224 Alius
668 2167 795 2222 dicit
817 2185 831 2221 :
857 2165 1002 2222 Circa
1031 2165 1348 2218 matutinum.
1375 2163 1542 2229 Alitis,
1567 2162 1690 2216 Cum
1714 2161 1839 2214 Itora
1859 2177 1969 2212 ma—

398 2263 557 2314 tutina
581 2261 754 2314 instat.
783 2260 1065 2328 Postquam
1094 2256 1227 2311 dixit
1251 2255 1317 2309 de
1346 2255 1460 2325 ejus
1490 2263 1751 2324 potestate
1780 2263 1834 2306 et
1862 2253 1970 2304 vir-

401 2363 540 2414 tute,
567 2363 623 2406 et
661 2351 710 2406 ei
738 2352 914 2405 omnia
946 2364 1064 2403 esse
1109 2348 1280 2402 facilia
1305 2389 1319 2412 ,
1369 2345 1436 2400 ad
1465 2347 1580 2416 ejus
1607 2360 1731 2414 erga
1760 2343 1972 2399 Judteos

399 2443 740 2514 providentia:
772 2450 1138 2512 argumentum
1163 2439 1423 2494 convertit
1446 2433 1760 2502 orationem,
1791 2436 1972 2504 paucis

396 2535 678 2589 ostendens
718 2550 835 2604 quae
865 2535 1000 2586 bona
1029 2533 1108 2586 eis
1146 2532 1266 2585 data
1309 2530 1526 2584 fuerint.
1557 2530 1650 2584 llic
1676 2530 1839 2593 enim,
1881 2529 1969 2598 qui

397 2636 477 2679 est
504 2625 635 2693 adeo
664 2624 814 2680 fortis
834 2666 849 2690 ,
880 2624 1013 2678 adeo
1041 2633 1227 2692 potens
1259 2621 1608 2690 terribilisque
1628 2661 1643 2686 ,
1673 2619 1759 2689 qui
1792 2619 1970 2673 omnia

396 2718 497 2774 fert
515 2729 568 2774 et
593 2719 695 2788 agit
720 2760 735 2784 ,
765 2721 850 2788 qui
896 2717 1072 2770 omnia
1098 2724 1293 2782 movet,
1325 2715 1590 2780 concutit,
1633 2723 1686 2768 et
1720 2712 1972 2767 transfert

394 2826 455 2864 ac
485 2809 730 2874 traducit,
778 2809 1015 2878 implevit
1043 2808 1305 2862 civitatem
1345 2817 1579 2860 nostram
1611 2804 1764 2860 bonis
1809 2805 1968 2858 innu-

395 2901 576 2954 meris.
609 2900 825 2954 Fluvius
851 2898 992 2953 enim
1023 2898 1107 2952 hic
1131 2896 1422 2966 profusam,
1450 2894 1741 2964 copiosam,
1773 2905 1826 2948 et
1850 2909 1968 2963 qua:

392 2992 559 3045 arceri
588 2992 769 3060 nequit
806 3004 1153 3058 supernorum
1187 2987 1451 3042 donorum
1483 2986 1696 3054 copiam-
1715 2985 1965 3048 ostendit,

392 3084 614 3152 perinde
648 3097 711 3137 ac
736 3083 778 3138 si
812 3083 1014 3136 diceret
1044 3097 1056 3131 :
1101 3079 1390 3149 Tamquam
1432 3094 1496 3132 ex
1528 3077 1758 3131 fontibus
1788 3075 1967 3130 omnia

394 3175 547 3230 nobis
567 3177 702 3230 bona
733 3174 1015 3246 profluunt.
1041 3173 1187 3229 Sicut
1223 3174 1362 3228 enim
1390 3171 1582 3226 ﬂuvius
1602 3171 1687 3241 qui
1711 3169 1967 3225 scinditur

393 3271 445 3322 in
474 3270 665 3323 multas
689 3282 887 3337 partes,
915 3267 1205 3336 subjectam
1233 3265 1504 3335 regionem
1532 3264 1712 3333 irrigat
1735 3279 1747 3314 :
1779 3263 1848 3315 ita
1875 3261 1966 3315 Dei

394 3360 719 3433 providentia
745 3360 888 3414 omni
914 3375 979 3414 ex
1002 3367 1149 3429 parte
1176 3357 1366 3423 inﬂuit,
1395 3355 1605 3410 abunde
1626 3369 1964 3425 promanans,

393 3469 510 3506 cum
539 3467 756 3505 susurro
781 3451 1064 3521 perﬁuens,
1097 3459 1151 3506 et
1175 3450 1352 3505 omnia
1377 3449 1621 3516 implens.
1656 3447 1768 3502 Non
1792 3448 1964 3501 solum

391 3551 564 3597 autem
595 3543 792 3612 praebet
819 3543 970 3596 nobis
996 3542 1362 3604 securitatem,
1402 3538 1788 3606 infractumque
1814 3537 1966 3590 auxi-

395 3636 519 3688 lium
541 3677 557 3701 ,
597 3636 689 3689 sed
731 3635 887 3689 etiam
927 3632 1198 3703 Spirituale
1225 3630 1472 3701 gaudium
1503 3647 1516 3682 :
1549 3639 1601 3683 et
1644 3628 1762 3682 ideo
1791 3627 1916 3682 dicit
1948 3642 1962 3679 :

393 3725 734 3796 Sanctiﬁcavit
768 3724 1139 3778 tabernaculum
1159 3739 1306 3776 suum
1336 3721 1634 3775 Altissimus.
1665 3719 1964 3786 Quinetiam

394 3818 493 3872 hoc
518 3819 688 3886 ipsum
713 3824 795 3871 est
823 3831 929 3869 non
955 3829 1112 3884 parva
1135 3826 1256 3882 pars
1287 3809 1546 3876 beneﬁcii,
1572 3807 1967 3864 tabernacultun

392 3926 544 3964 suum
569 3911 741 3963 locum
765 3916 1000 3962 nostrum
1030 3920 1242 3960 vocare.

461 4002 515 4056 2.
555 4001 736 4070 Neque
762 4001 902 4054 enirn
935 4008 1130 4054 temere
1152 3997 1329 4068 posuit
1356 3995 1508 4061 illud,
1540 3995 1845 4048 Altissimus.
1869 3993 1965 4059 Qui

393 4106 471 4150 est
498 4111 624 4165 ergo
653 4095 787 4148 adeo
821 4094 993 4160 altus,
1025 4093 1114 4162 qui
1159 4093 1302 4146 nullo
1333 4092 1448 4146 loco
1477 4090 1964 4158 comprehenditur,

392 4191 482 4260 qui
507 4198 592 4245 est
625 4189 918 4244 substantia
945 4187 1245 4251 ineffabilis,
1275 4186 1520 4255 dignatus
1546 4194 1627 4238 est
1656 4199 1847 4237 vocare
1876 4198 1970 4235 no-

393 4291 553 4335 stram
581 4281 847 4334 civitatem
893 4293 1044 4332 suum
1091 4278 1520 4340 tabernaculum,
1565 4290 1788 4344 eamque
1824 4275 1968 4328 oumi

392 4390 456 4426 ex
485 4383 630 4442 parte
658 4373 914 4426 continet.
948 4369 1060 4424 Hoc
1099 4370 1239 4422 enim
1266 4368 1364 4423 sibi
1392 4369 1504 4420 vult
1535 4367 1684 4432 illud,
1714 4366 1778 4419 In
1805 4365 1968 4420 medio

396 4465 504 4533 ejus
531 4479 547 4515 :
574 4461 1018 4530 quemadmodum
1049 4459 1207 4513 etiam
1241 4459 1368 4513 dicit
1397 4475 1412 4513 :
1444 4458 1574 4511 Ecce
1602 4474 1692 4529 ego
1720 4457 1970 4511 vobiscum

392 4571 501 4606 sum
533 4551 754 4625 (Matth.
781 4554 870 4608 28.
903 4551 973 4606 20
990 4549 1032 4622 ).
1067 4550 1309 4619 Undique
1337 4565 1453 4604 eam
1482 4549 1884 4618 complectitur;
1917 4558 1971 4602 et

393 4646 512 4699 ideo
558 4662 661 4698 non
691 4644 847 4698 modo
877 4643 1006 4698 nihil
1035 4658 1197 4714 grave
1234 4641 1479 4711 patietur,
1509 4641 1605 4695 sed
1636 4657 1702 4695 ne
1737 4655 1972 4695 commo-

395 4738 600 4792 vehitur
628 4737 863 4807 quidem.
908 4735 1077 4789 Causa
1107 4743 1283 4788 autem
1314 4741 1428 4797 est,
1455 4732 1595 4802 quod
1635 4733 1969 4787 celerrimum

397 4829 694 4898 assequitur
714 4825 990 4888 auxilium,
1020 4832 1199 4892 utpote
1219 4823 1360 4894 quod
1381 4823 1450 4877 sit
1477 4831 1776 4893 promptum
1798 4830 1851 4877 et
1878 4839 1970 4892 pa-

403 4928 566 4971 ratum
591 4934 604 4969 :
632 4918 730 4971 hoc
755 4917 895 4970 enim
925 4915 1022 4968 sibi
1045 4915 1156 4967 vult
1185 4913 1334 4979 illud,
1364 4912 1520 4966 Mane
1543 4913 1766 4966 diluculo
1790 4928 1808 4966 :
1831 4912 1971 4982 quod

397 5025 502 5063 non
533 5008 793 5074 diﬁ‘ertur,
826 5023 924 5062 nec
950 5006 1297 5075 protrahitur,
1326 5004 1419 5059 sed
1446 5013 1528 5058 est
1553 5019 1762 5072 semper
1788 5018 1972 5057 recens

395 5110 451 5154 et
479 5105 744 5170 vegetum,
777 5107 829 5152 et
867 5098 919 5151 in
950 5108 1186 5166 tempore
1215 5107 1531 5165 opportuno.
1571 5095 1624 5148 7.
1656 5094 1975 5148 Conturbata:

399 5202 516 5246 sunt
552 5200 738 5262 gentes.
782 5190 948 5252 Alius,
981 5189 1308 5259 Congregata:
1333 5196 1447 5241 sunt
1489 5197 1676 5257 gentes.
1721 5184 1974 5239 Inclinata

395 5293 511 5336 sunt
534 5298 706 5351 regna.
728 5279 874 5332 Dedit
897 5296 1062 5332 uocem
1083 5296 1226 5332 suam
1250 5278 1551 5342 Altissimus,
1575 5283 1709 5329 mota
1728 5287 1798 5329 est
1819 5286 1973 5330 terra.

402 5373 646 5430 Ostendit
671 5371 756 5425 hic
799 5371 903 5424 vim
931 5371 1047 5440 ejus
1091 5369 1290 5423 auxilii.
1329 5369 1443 5423 Non
1487 5370 1627 5424 enim
1657 5369 1977 5436 quibuslibet

399 5461 789 5528 invadentibus,
819 5461 909 5515 sed
950 5461 1183 5531 regibus,
1211 5460 1456 5528 gentibus
1486 5459 1713 5527 undique
1739 5459 1976 5512 coeunti-

400 5555 520 5621 bus,
552 5570 711 5609 unam
737 5554 1006 5608 civitatem
1036 5552 1484 5606 circumdantibus
1510 5559 1564 5605 et
1589 5550 1973 5616 obsidentibus,

401 5662 504 5698 non
534 5645 693 5700 modo
723 5646 852 5700 nihil
879 5660 1038 5715 grave
1071 5643 1138 5697 ab
1165 5643 1242 5696 eis
1274 5657 1424 5711 passa
1452 5650 1553 5704 est,
1585 5640 1676 5693 sed
1708 5641 1862 5692 etiam
1895 5641 1975 5693 vi-

400 5739 493 5800 cit,
539 5738 827 5806 superavit,
859 5747 914 5792 et
956 5737 1146 5791 evertit
1193 5750 1287 5790 eos
1337 5733 1427 5804 qui
1479 5732 1814 5787 invadebant.
1866 5732 1976 5786 Hoc

409 5831 545 5888 enim
576 5829 674 5886 sibi
707 5830 816 5885 vult
843 5829 992 5898 illud,
1025 5827 1279 5884 Inclinato
1303 5835 1419 5882 sunt
1450 5841 1623 5897 regna,
1650 5824 1785 5879 dedit
1811 5841 1976 5879 vocem

1501 397 1860 456 EXPOSITIO
1901 399 1965 454 IN
2003 398 2321 455 PSALMUM
2362 398 2517 454 XLV.

3554 407 3673 462 306

2083 530 2226 566 suam
2253 515 2541 570 Altissimus
2566 531 2584 568 :
2613 516 2832 586 perinde
2859 528 2922 572 ac
2950 519 3240 587 sidixeris,
3277 519 3382 576 γει·
3411 521 3526 576 Solo
3551 522 3662 576 cla-

2083 621 2234 660 more
2273 608 2412 675 cepit
2439 609 2618 663 urbes.
2652 609 2882 664 Verbum
2911 612 3124 681 quidem
3151 628 3410 677 crassum,
3441 623 3495 669 et
3518 616 3659 684 quod

2085 695 2317 750 humano
2355 714 2504 753 more
2547 699 2744 753 dictum
2795 712 2917 755 est:
2947 717 3119 772 neque
3148 703 3291 759 enim
3335 703 3499 758 vincit
3526 705 3665 760 Deus

2083 802 2214 842 voce
2243 797 2303 842 et.
2333 790 2596 854 clamore,
2624 791 2716 846 sed
2747 794 2860 846 solo
2890 803 3017 848 nutu
3047 803 3099 848 et
3124 800 3413 851 voluntate.
3443 796 3549 852 Sed
3581 807 3662 850 ta-

2083 896 2204 935 men
2236 897 2299 934 ex
2332 882 2411 935 bis
2432 899 2640 952 quoque
2669 884 3016 940 crassioribus
3045 902 3167 940 eum
3196 889 3503 953 sustollens,
3540 889 3656 942 aliis

2083 973 2324 1027 altiorem
2349 975 2636 1030 dictionem
2666 978 3000 1045 exciigitavit.
3031 979 3164 1044 Quia
3199 980 3339 1034 enim
3368 998 3486 1035 eum
3514 997 3655 1037 sem-

2085 1080 2179 1134 per
2205 1066 2492 1120 introducit
2539 1077 2799 1122 armatum
2819 1109 2836 1135 ,
2866 1069 3156 1124 ostendens
3199 1071 3285 1124 illa
3315 1073 3491 1126 omnia
3521 1073 3660 1127 dicta

2083 1172 2202 1211 esse
2228 1158 2605 1227 metaphorice,
2633 1170 2687 1214 et
2718 1160 2936 1227 tropice,
2961 1171 3014 1214 et
3042 1169 3098 1214 ut
3121 1177 3179 1216 se
3221 1162 3285 1216 ad
3315 1172 3553 1218 nostrum
3575 1180 3663 1219 ca-

2085 1259 2230 1318 ptum
2256 1249 2685 1304 aceommodaret
2706 1250 2870 1321 (Deus
2891 1253 3030 1306 enim
3051 1255 3196 1309 nullo
3214 1270 3397 1308 eorum
3417 1256 3658 1326 indiget),

2082 1339 2360 1407 subjunxit
2393 1359 2406 1394 :
2437 1339 2586 1393 Dedit
2627 1356 2794 1394 vocem
2830 1359 2973 1395 suam
2992 1387 3005 1406 ,
3036 1354 3079 1397 et
3109 1356 3357 1399 commota
3387 1357 3459 1400 est
3493 1357 3662 1407 terra;

2082 1429 2371 1484 ostendens
2387 1433 2558 1499 ipsmn
2580 1447 2682 1485 non
2705 1432 2874 1486 solum
2901 1435 3078 1504 urbes,
3097 1444 3298 1502 gentes,
3322 1445 3374 1490 et
3397 1438 3658 1507 regiones,

2081 1522 2172 1574 sed
2211 1521 2379 1590 ipsum
2417 1523 2574 1575 etiam
2605 1523 2922 1578 elementum
2953 1535 3256 1580 concutere.
3291 1526 3438 1581 Solet
3480 1538 3656 1582 autem

2085 1621 2277 1665 terram
2303 1628 2512 1682 quoque
2535 1628 2728 1668 vocare
2756 1615 3164 1682 multitudinem,
3190 1626 3245 1669 ut
3265 1616 3475 1686 quando
3496 1618 3657 1672 dicit:

2082 1701 2148 1755 Et
2177 1712 2284 1755 erat
2309 1705 2470 1758 omm's
2491 1715 2624 1758 terra
2657 1705 2844 1759 labium
2880 1723 3034 1760 unum
3064 1706 3218 1777 (Gen.
3246 1710 3331 1761 il.
3365 1709 3437 1779 1).
3473 1710 3524 1764 8.
3553 1708 3663 1764 Do-

2082 1797 2244 1848 minus
2268 1798 2508 1849 virtutum
2533 1798 2803 1852 nobiscum.
2832 1799 3106 1868 Susceptor
3125 1811 3292 1854 noster
3319 1799 3456 1854 Dens
3477 1801 3657 1856 Iacob.

2083 1888 2334 1942 Hebraeus
2359 1899 2535 1942 autem
2564 1904 2659 1958 pro
2687 1905 2752 1943 eo
2780 1890 2919 1960 quod
2950 1901 3050 1955 est,
3087 1889 3374 1960 Virtutum,
3401 1893 3533 1947 dixit
3556 1893 3657 1948 Sa-

2079 1980 2248 2032 bttotlt.
2282 1979 2412 2033 Vide
2461 1981 2730 2049 quomodo
2757 1997 2788 2035 a
2815 1991 2952 2036 terra
2981 1983 3114 2036 tollit
3140 1985 3435 2040 orationem
3463 1987 3528 2040 ad
3557 2003 3661 2042 (τωρ

2079 2070 2210 2137 lum,
2237 2072 2303 2125 ad
2327 2071 2560 2126 inﬁnitos
2589 2074 2895 2143 angelorum
2923 2085 3113 2140 etetus,
3142 2076 3206 2128 ad
3225 2085 3410 2146 gentes
3430 2079 3660 2132 archan-

2079 2164 2341 2232 gelorum.
2367 2163 2433 2217 ad
2465 2180 2721 2232 supernas
2754 2173 3060 2233 potesrates.
3091 2167 3226 2233 Quid
3255 2172 3396 2222 enim
3420 2170 3546 2223 mihi
3575 2171 3656 2225 di-

2077 2255 2155 2307 cis
2182 2264 2382 2319 castra,
2406 2255 2682 2319 barbaros,
2711 2265 2763 2309 et
2793 2257 3036 2310 homines
3063 2258 3152 2327 qui
3181 2261 3447 2328 pereunt?
3471 2261 3659 2316 Consi-

2077 2347 2203 2400 dera
2232 2347 2350 2416 ejus
2377 2349 2516 2402 vires
2537 2363 2604 2402 ex
2632 2364 2797 2419 regno
2825 2349 2964 2418 quod
2998 2350 3048 2402 in
3079 2351 3224 2404 cwlis
3257 2352 3458 2408 obtinet
3486 2373 3498 2408 :
3531 2363 3658 2424 quot

2079 2440 2420 2494 iuvisibilium
2469 2449 2782 2509 potestatum
2811 2440 3074 2494 exercitus
3119 2442 3218 2496 sub
3255 2457 3314 2496 se
3355 2443 3546 2499 haheat
3572 2445 3655 2498 in-

2077 2541 2330 2588 Struclos.
2375 2533 2540 2587 Recte
2567 2544 2742 2586 autem
2779 2548 2872 2588 eos
2898 2534 3184 2602 appellavit
3223 2535 3442 2590 virtutes
3464 2579 3478 2602 ,
3514 2538 3656 2592 vires

2077 2639 2262 2679 eorum
2293 2624 2582 2677 ostendens
2608 2640 2620 2675 :
2651 2623 2744 2677 sed
2771 2623 2929 2677 etiam
2956 2624 3084 2678 dicit
3103 2625 3226 2678 alibi
3256 2642 3270 2679 :
3301 2624 3532 2680 Potentes
3558 2629 3651 2681 vir.

2075 2726 2195 2780 tute,
2238 2716 2474 2786 facientes
2503 2713 2704 2766 verbum
2745 2715 2852 2783 ejus
2889 2713 3062 2784 (Psal.
3098 2716 3219 2771 102.
3266 2715 3396 2784 20).
3449 2717 3654 2772 Etenim

2077 2824 2212 2862 unus
2239 2807 2456 2877 angelus
2483 2821 2604 2860 cum
2646 2807 2931 2876 aliquando
2959 2816 3103 2862 esset
3131 2825 3375 2878 egressus
3396 2852 3409 2874 ,
3443 2821 3654 2865 centum

2075 2900 2337 2970 octoginta
2358 2900 2590 2970 quinque
2613 2900 2771 2952 millia
2795 2901 3006 2955 sustulit
3031 2900 3104 2971 (4.
3126 2902 3251 2972 Reg.
3278 2903 3362 2956 l9.
3385 2903 3498 2970 55).
3521 2904 3654 2969 Quid

2077 2994 2262 3062 igitur,
2297 2992 2339 3047 si
2382 2991 2701 3060 estquidem
2733 3000 2947 3060 potens,
2992 3009 3102 3046 non
3127 2995 3242 3047 vult
3282 3003 3456 3048 autem
3505 2996 3656 3050 nobis

2076 3103 2286 3142 manum
2328 3088 2599 3159 praebere?
2623 3089 2784 3158 Atqui
2813 3104 2880 3143 ne
2919 3090 3019 3145 hoc
3053 3090 3288 3144 timueris
3316 3105 3329 3142 :
3365 3090 3484 3144 ideo
3511 3091 3652 3146 enim

2075 3181 2346 3250 subjunxit
2367 3221 2384 3248 ,
2414 3181 2690 3253 Susceptor
2713 3193 2898 3236 noster.
2926 3182 2994 3236 Et
3022 3183 3132 3236 vult
3158 3185 3316 3251 igitur
3339 3192 3393 3237 et
3434 3193 3608 3252 potest
3637 3203 3650 3240 :

2073 3290 2141 3328 ne
2179 3289 2308 3344 ergo
2337 3275 2541 3328 timeas.
2570 3274 2706 3342 Quid
2745 3275 2789 3327 si
2821 3288 2917 3328 nos
2943 3291 3127 3328 sumus
3159 3275 3399 3345 indigni?
3424 3275 3529 3330 Sed
3560 3275 3654 3330 ha-

2072 3364 2262 3420 bemus
2288 3380 2318 3418 a
2347 3366 2580 3434 patrihus
2607 3365 2852 3419 traditam
2883 3365 2997 3434 ejus
3034 3367 3086 3418 in
3115 3381 3210 3418 nos
3251 3365 3651 3434 benignitatem.

2074 3457 2185 3511 Hoc
2213 3459 2388 3527 itaque
2416 3456 2720 3523 subjiciens,
2749 3456 2903 3519 dixit,
2935 3455 3072 3510 Deus
3097 3456 3257 3510 Jacob
3278 3472 3297 3510 :
3329 3457 3477 3526 quasi
3505 3455 3653 3512 dice-

2072 3559 2173 3615 ret,
2202 3551 2316 3603 .lam
2345 3550 2470 3602 olim
2494 3589 2509 3612 ,
2539 3558 2593 3603 et
2617 3549 2684 3603 ab
2715 3548 2861 3602 iuitio
2889 3549 3001 3602 Irrue
3031 3548 3126 3602 fuit
3147 3565 3360 3619 semper
3384 3549 3499 3618 ejus
3525 3565 3654 3604 con-

2072 3639 2315 3694 suetudo.
2359 3639 2652 3704 Diapsalma
2697 3637 2797 3708 (a).
2850 3639 3019 3704 Alius,
3051 3637 3284 3707 Semper.
3313 3638 3365 3693 9.
3409 3638 3580 3693 Venite
3607 3648 3654 3693 et

2071 3733 2230 3784 uidete
2252 3747 2404 3796 opera
2431 3729 2656 3794 Domini,
2692 3745 2804 3798 quin
2824 3730 2988 3796 posuit
3016 3715 3246 3798 prodigia
3271 3745 3421 3797 super
3445 3739 3650 3795 terram,

2073 3821 2160 3875 10..
2190 3824 2421 3890 auferens
2443 3819 2572 3873 bella
2593 3835 2749 3890 usque
2775 3819 2842 3870 ad
2863 3819 2987 3886 ﬁnes
3008 3827 3170 3872 terrm.
3199 3819 3385 3871 Arcum
3414 3827 3650 3883 conteret,

2072 3925 2122 3968 et
2149 3913 2427 3982 confringet
2454 3928 2596 3964 arma
2623 3912 2793 3981 (alius,
2826 3909 3126 3979 Confregit),
3155 3917 3201 3962 et
3225 3909 3424 3978 clypeos
3449 3907 3653 3960 combu-

2073 4016 2144 4059 ret
2173 4006 2296 4073 igni.
2331 4004 2498 4068 Alius,
2524 4011 2571 4056 et
2599 4019 2773 4054 currus
2816 4001 3069 4054 comburat
3108 4002 3160 4051 in
3197 3999 3323 4068 igni.
3368 3997 3649 4064 Postquam

2073 4095 2207 4150 dixit
2235 4095 2301 4149 de
2332 4102 2471 4147 terra
2497 4135 2512 4159 ,
2541 4093 2608 4146 de
2641 4092 2806 4157 mari,
2847 4090 2914 4145 de
2957 4090 3253 4154 montibus,
3281 4088 3347 4142 de
3389 4088 3651 4158 spirituali

2073 4203 2191 4256 qua:
2221 4186 2347 4253 ipsis
2376 4183 2512 4238 facta
2537 4189 2620 4236 est
2643 4182 2794 4251 copia
2814 4223 2828 4245 ,
2875 4181 2941 4234 de
2970 4180 3165 4234 auxilio
3185 4221 3200 4242 ,
3229 4179 3295 4233 ad
3323 4187 3650 4248 Spectatores

2073 4292 2260 4332 rursus
2303 4281 2666 4344 argumentum
2697 4271 2967 4333 extendit,
3000 4285 3095 4324 eos
3120 4284 3315 4323 vocans
3356 4268 3422 4322 ad
3453 4279 3650 4336 tropaea

2075 4385 2139 4424 ex
2173 4384 2356 4438 magna
2387 4367 2676 4436 voluptate,
2702 4375 2755 4418 et
2783 4378 2988 4417 summa
3023 4363 3074 4415 in
3107 4361 3383 4414 Dominum
3410 4359 3648 4414 affectio-

2076 4476 2176 4523 ne,
2207 4471 2260 4514 et
2287 4473 2510 4512 narrans
2543 4454 2786 4509 victorias
2813 4469 2944 4522 quas
2975 4467 3073 4522 pro
3101 4451 3180 4506 eis
3209 4452 3456 4504 obtinuit.
3491 4451 3651 4504 ltecte

2075 4559 2250 4604 autem
2281 4549 2432 4610 dixit,
2464 4545 2730 4615 Prodigia,
2756 4559 2859 4598 non
2883 4552 3058 4596 autem
3080 4541 3329 4595 victorias
3353 4550 3406 4593 et
3429 4549 3649 4608 tropica.

2075 4642 2188 4696 Non
2211 4642 2349 4695 enim
2377 4654 2494 4709 qua:
2520 4635 2748 4701 ﬁebant,
2779 4643 2927 4688 certo
2953 4633 3139 4687 ordine
3165 4639 3220 4686 et
3245 4632 3381 4686 serie
3423 4631 3654 4700 ageban-

2078 4746 2207 4788 tur:
2255 4747 2356 4786 nec
2404 4729 2568 4783 armis
2615 4737 2669 4781 et
2718 4727 2908 4778 virtute
2957 4739 3240 4793 corporum
3270 4722 3652 4776 decernebatur

2079 4823 2339 4895 praelium,
2371 4819 2464 4874 sed
2515 4817 2610 4872 Dei
2655 4825 2806 4882 nutu,
2859 4815 3019 4869 rebus
3067 4813 3484 4882 signiﬁcantibus
3530 4827 3650 4866 eum

2077 4932 2196 4971 esse
2219 4915 2615 4983 bnpcratorem.
2637 4909 2892 4976 Quoniam
2916 4907 3055 4960 enim
3082 4912 3325 4972 potentes
3357 4902 3654 4957 vinceban-

2081 5015 2164 5060 tur
2185 5005 2250 5058 ab
2276 5001 2574 5064 imbecillis,
2603 4998 2752 5052 multi
2787 5013 2815 5049 a
2848 4996 3048 5066 paucis,
3074 4997 3160 5064 qui
3191 4993 3518 5048 dominatum
3543 4991 3654 5047 ob—

2082 5099 2346 5162 tinebant,
2375 5094 2443 5147 ab
2469 5094 2530 5148 iis
2551 5093 2638 5162 qui
2665 5091 2742 5145 eis
2779 5091 3066 5160 parebant,
3093 5096 3147 5142 et
3171 5101 3256 5140 res
3284 5095 3474 5155 praeter
3502 5101 3652 5155 spem

2080 5190 2456 5251 succedetrant,
2484 5201 2547 5241 ea
2568 5185 2687 5253 jure
2712 5192 2864 5236 vocat
2894 5179 3152 5249 prodigia,
3185 5187 3240 5232 ut
3260 5193 3377 5248 quas
3411 5176 3655 5230 admira—

2082 5283 2256 5338 biliter
2277 5290 2330 5334 et
2353 5287 2545 5348 praeter
2565 5290 2714 5345 spem
2739 5271 3074 5338 eveniebant,
3103 5278 3156 5324 et
3178 5269 3370 5338 ubique
3397 5255 3652 5322 terrarum

2082 5390 2264 5445 sparsa
2287 5373 2526 5443 liberant.

2152 5469 2204 5521 '5.
2252 5466 2363 5517 l’ua:
2390 5464 2442 5516 in
2470 5471 2651 5514 terram
2672 5473 2759 5526 per
2781 5454 3030 5509 Christum
3049 5453 3238 5516 allata;
3266 5451 3414 5520 ignis,
3441 5451 3518 5504 ira
3539 5449 3654 5503 Dei.

2081 5559 2266 5611 —Non
2286 5552 2606 5609 aberraverit
2620 5559 2792 5602 autem
2811 5546 3090 5616 quispiam,
3103 5545 3144 5598 si
3165 5542 3263 5597 hoc
3281 5557 3372 5610 per
3386 5553 3656 5610 anagOgen

2084 5649 2148 5705 ad
2179 5661 2412 5718 praesens
2437 5643 2595 5698 etiam
2619 5649 2826 5708 tempus
2853 5635 3223 5705 desumpserit.
3261 5632 3488 5688 Difﬁcile
3509 5632 3663 5686 enim

2156 5828 2227 5892 (a)
2271 5821 2560 5889 Diapsalma,
2587 5831 2674 5883 pro
2698 5830 2793 5882 quo
2821 5814 3013 5864 Hebraei
3037 5812 3236 5874 habent,
3259 5808 3383 5862 Scia.
