4108 6344
428 378 530 435 907

427 493 730 548 daemonum
757 489 958 545 bellum
987 487 1215 541 confecit
1235 528 1250 552 ,
1290 496 1344 540 et
1368 499 1462 555 per
1502 482 1807 536 universum
1835 479 2018 533 orbem

431 595 588 642 terrm
617 597 801 654 pacem
828 579 1067 636 extendit
1096 597 1108 632 :
1142 579 1268 648 quin
1296 578 1455 632 etiam
1505 573 1645 644 quod
1676 572 1775 628 sub
1801 585 2020 626 sensum

427 677 608 744 cadit,
656 691 840 730 eorum
885 673 1080 728 bellum
1110 671 1332 740 depulit.
1379 667 1530 737 Quod
1577 666 1759 721 Esaias
1809 677 2020 734 quoque

430 769 736 841 signiﬁcans
763 768 974 823 dicebat
1000 783 1013 819 :
1043 764 1358 821 Contundent
1379 762 1577 834 gladios
1602 775 1719 815 suos
1743 759 1798 812 in
1826 768 2018 819 aratra,

430 873 476 918 et
501 869 700 918 lanceas
743 877 860 914 suas
909 860 962 913 in
1006 857 1194 930 falces,
1225 865 1270 910 et
1296 871 1396 908 non
1423 861 1582 908 sumet
1624 868 1743 922 gens
1783 849 2020 902 adversus

432 963 623 1026 gentem
644 952 890 1025 gladium,
920 965 1007 1005 nec
1029 949 1218 1004 discent
1238 946 1456 1016 amplius
1481 944 1665 998 bellare
1690 942 1710 1014 (
1719 941 1740 994 1
1747 942 1840 995 sai.
1863 941 1918 995 2.
1939 939 2014 1006 4).

435 1048 572 1101 Ante
598 1046 793 1100 Christi
823 1044 962 1099 enim
1008 1043 1318 1105 adventum,
1347 1052 1535 1093 omnes
1565 1037 1808 1090 homines
1853 1034 2021 1088 armis

434 1138 849 1200 instruebantur,
875 1144 929 1188 et
955 1135 1130 1188 nullus
1152 1142 1267 1188 erat
1288 1131 1354 1184 ab
1376 1131 1478 1185 hoc
1501 1143 1720 1183 munere
1750 1127 2017 1190 immunis,

435 1240 490 1286 ct
509 1229 751 1284 civitates
780 1226 1084 1297 pugnabant
1102 1224 1358 1279 adversus
1379 1223 1640 1284 civitates,
1674 1232 1726 1276 et
1749 1220 1889 1274 bello
1917 1220 2022 1272 uhi-

432 1335 538 1390 que
565 1319 972 1389 eonﬁigebatur;
1005 1331 1146 1370 nunc
1171 1325 1346 1370 autem
1391 1317 1561 1381 major
1591 1328 1711 1381 pars
1743 1324 1898 1365 terra:
1927 1311 2021 1366 de-

434 1414 509 1483 git
539 1413 590 1466 in
637 1427 784 1480 pace,
817 1410 1064 1465 omnibus
1088 1424 1276 1464 secure
1306 1416 1447 1461 artes
1473 1405 1866 1465 exercentibus,
1900 1413 2023 1458 ter—

435 1519 549 1558 ram
592 1503 920 1568 colentibus,
952 1511 1006 1556 et
1035 1515 1181 1555 mare
1229 1499 1597 1570 navigantibus
1630 1515 1643 1550 :
1676 1506 1799 1551 sunt
1843 1505 2019 1550 autem

441 1597 590 1666 pauci
623 1596 846 1662 milites,
879 1596 966 1664 qui
994 1609 1091 1664 pro
1126 1594 1241 1648 aliis
1275 1595 1522 1648 omnibus
1560 1593 1805 1646 militant.
1840 1591 2023 1658 Quin—

441 1691 601 1742 etiam
661 1702 843 1742 eorum
889 1702 1099 1756 quoque
1141 1687 1317 1740 nullus
1387 1693 1529 1739 esset
1567 1701 1692 1739 usus
1737 1684 2018 1754 reliquus,

440 1779 483 1832 si
534 1794 650 1848 qme
681 1778 836 1832 decet
863 1777 1187 1841 faceremus,
1235 1786 1290 1830 et
1330 1792 1434 1830 non
1479 1791 1614 1845 opus
1664 1775 2020 1839 haberemus,

443 1877 500 1923 ut
531 1869 1095 1932 connnoneiieremus,
1145 1869 1213 1922 ab
1269 1866 1664 1922 afﬂictionibus.
1711 1867 1888 1936 Ignem
1929 1883 2025 1921 au-

443 1972 546 2017 tem
596 1962 680 2016 hic
735 1970 888 2015 vocat
939 1962 1054 2031 ejus
1107 1962 1278 2026 iram,
1322 1969 1376 2016 et
1425 1959 1552 2014 dicit
1597 1976 1709 2014 rem
1762 1974 1880 2028 qua:
1937 1973 2024 2012 ac-

441 2053 606 2117 cidit,
667 2053 809 2124 quod
854 2053 1058 2108 scilicet
1108 2068 1254 2106 arma
1309 2068 1493 2107 eorum
1542 2061 1594 2106 et
1637 2068 1824 2105 currus
1880 2067 2026 2105 eom-

440 2145 728 2211 busserint,
779 2161 900 2200 cum
951 2161 1045 2199 eos
1084 2161 1178 2214 per
1227 2145 1328 2197 vim
1373 2144 1644 2209 vicissent,
1679 2143 1820 2213 quod
1864 2145 2023 2198 etiam

441 2239 570 2292 dicit
611 2239 857 2294 Ezechiel
894 2238 1126 2310 (Ezeclt.
1159 2239 1244 2294 59.
1282 2238 1345 2292 10
1373 2239 1421 2306 );
1466 2249 1521 2292 ct
1542 2238 1861 2307 quicumque
1903 2244 2028 2290 sunt

447 2330 667 2385 studiosi
715 2341 909 2384 norunt
956 2331 1253 2384 historiam.
1290 2331 1370 2385 il.
1405 2328 1592 2383 Vacate
1620 2341 1662 2384 et
1694 2329 1878 2394 ridete,
1901 2345 2027 2399 quo-

445 2426 580 2477 niam
601 2442 690 2496 ego
715 2443 825 2478 sum
851 2426 1002 2478 Deus.
1039 2425 1325 2481 Exultobor
1353 2426 1402 2478 in
1423 2425 1670 2495 gentibus,
1701 2436 1747 2477 et
1769 2425 2028 2477 exaltubor

441 2518 496 2571 in
521 2529 672 2572 terra.
703 2519 872 2584 Alius,
905 2518 1187 2580 Curamini,
1221 2527 1266 2570 et
1295 2518 1602 2586 cognoscite.
1639 2516 1788 2568 Alius
1811 2557 1823 2577 ,
1860 2516 2026 2568 Sinite

444 2621 498 2663 ut
530 2612 842 2682 cognoscatis
870 2627 886 2665 :
911 2611 1360 2664 lleln'musautcnt
1399 2609 1548 2672 dicit,
1585 2608 1864 2677 (harp/ton
1903 2625 2022 2660 oua-

445 2702 566 2755 dou.
583 2702 680 2757 llic
698 2701 826 2756 mihi
846 2703 1055 2758 videtur
1074 2703 1266 2772 alloqui
1286 2710 1492 2771 gentes,
1519 2701 1900 2770 propemodum
1929 2700 2030 2755 hoc

449 2794 635 2849 dicens
661 2811 680 2849 :
719 2794 952 2850 Novistis
979 2794 1191 2865 quidem
1220 2795 1334 2864 ejus
1363 2794 1508 2849 vires
1533 2833 1546 2857 ,
1593 2805 1647 2848 et
1694 2794 1982 2862 potentiam
2009 2834 2024 2859 ,

444 2902 563 2955 qum
590 2887 782 2957 ubique
821 2895 1080 2941 terrarum
1123 2901 1182 2941 se
1225 2883 1498 2940 extendit:
1552 2899 1685 2954 opus
1733 2892 1816 2938 est
1853 2892 2029 2938 autem

445 2977 600 3032 vobis
626 2978 758 3044 otio,
788 2984 923 3046 opus
952 2989 1032 3032 est
1055 2993 1186 3030 sano
1222 2978 1422 3032 animo.
1447 2975 1559 3031 lloc
1579 2991 1739 3045 porro
1769 2975 2033 3044 signiﬁcat

445 3071 606 3125 etiam
638 3071 787 3138 illud,
831 3070 996 3126 Sinite
1027 3086 1045 3124 :
1074 3071 1322 3124 Errorcm
1363 3067 1633 3131 dimittite,
1662 3083 1691 3120 a
1722 3067 1884 3136 priori
1910 3066 2031 3121 vita:

447 3163 690 3217 instituto
737 3163 972 3218 recedite
997 3203 1012 3228 ,
1064 3178 1093 3216 a
1144 3177 1322 3216 rerum
1366 3160 1727 3229 improborum
1750 3198 1765 3224 ,
1789 3173 1908 3228 qua:
1936 3173 2032 3213 vos

446 3257 726 3321 detinent,
758 3257 986 3326 caligine
1019 3256 1277 3323 respirate
1304 3294 1320 3321 ,
1355 3263 1412 3308 ut
1448 3252 1664 3308 deducti
1711 3269 1742 3306 a
1790 3250 2032 3305 doctrina

449 3348 842 3411 miraculorum,
861 3348 1145 3417 quietoque
1172 3347 1350 3400 animo
1378 3344 1606 3415 praediti,
1635 3345 1799 3399 Deum
1822 3344 2036 3397 univer-

449 3457 630 3496 sorum
659 3440 977 3509 agnoscatis.
1009 3440 1190 3508 Neque
1221 3441 1361 3493 enim
1407 3437 1661 3492 miracula
1706 3437 1878 3489 solum
1926 3435 2035 3488 suf-

453 3534 662 3598 ﬁciunt,
695 3532 794 3585 nisi
843 3531 982 3585 adsit
1027 3531 1143 3600 pius
1170 3540 1223 3585 et
1248 3540 1429 3600 gratus
1471 3529 1701 3582 animus.
1732 3527 1863 3581 Nam
1894 3524 2032 3594 apud

449 3623 663 3678 Iudaeos
694 3637 904 3691 quoque
934 3619 1072 3674 facta
1099 3629 1220 3674 sunt
1249 3619 1520 3682 miracula,
1555 3632 1651 3672 nec
1677 3632 1742 3672 ett
1768 3617 1847 3670 eis
1875 3615 2034 3686 quid-

453 3729 615 3785 quam
647 3712 991 3768 emolumenti
1031 3712 1094 3766 ad
1140 3712 1349 3764 illnrmn
1405 3710 1627 3764 salutem
1674 3709 1887 3762 allatum
1931 3718 2031 3764 cst.

451 3803 912 3872 Quemadmodum
944 3804 1086 3859 enim
1131 3818 1234 3857 non
1277 3801 1548 3856 sufﬁciunt
1580 3801 1708 3856 solis
1731 3800 1900 3865 radii,
1933 3799 2036 3853 nisi

457 3898 646 3953 oculus
675 3912 888 3968 quoque
935 3897 1004 3951 sit
1032 3910 1195 3964 purus
1220 3903 1274 3948 et
1316 3909 1516 3948 sanus:
1559 3893 1628 3946 ita
1657 3907 1758 3946 nec
1795 3891 1884 3946 hic
1920 3891 2038 3960 qui-

463 3989 584 4044 dem
615 3989 726 4044 sola
759 3987 1015 4042 miracula
1052 3985 1345 4039 sufﬁciunt.
1379 3983 1640 4050 Quocirca
1670 3998 1792 4038 cum
1833 3982 1899 4036 de
1931 3983 2036 4036 illis

457 4081 822 4144 disseruisset,
852 4080 1098 4132 hortatur
1126 4094 1220 4132 eos
1246 4077 1338 4146 qui
1368 4087 1493 4130 sunt
1529 4093 1596 4131 ex
1625 4075 1730 4129 illis
1755 4074 2035 4129 utilitatem

461 4174 671 4244 capturi
696 4215 711 4239 ,
755 4183 813 4227 ut
843 4173 1157 4242 resipiscaut
1183 4191 1210 4224 δ
1236 4172 1388 4225 inalis
1415 4187 1534 4242 qua:
1554 4185 1649 4225 eos
1675 4177 1866 4239 captos
1896 4167 2036 4222 deti—

457 4275 603 4331 nent,
635 4275 694 4320 ut
723 4265 930 4333 possint
949 4279 1274 4334 cognoscere
1305 4265 1466 4319 Deum
1497 4263 1886 4318 universorum.
1928 4259 2035 4314 Va-

457 4368 587 4424 cate,
619 4368 666 4412 et
697 4359 873 4420 videte,
897 4358 1136 4427 quoniam
1161 4373 1253 4426 ego
1280 4373 1390 4409 sunt
1414 4356 1571 4421 Deus,
1605 4371 1709 4410 non
1733 4355 2035 4418 simulacra,

463 4467 564 4505 nec
585 4459 796 4505 statuae.
845 4451 1045 4505 Vacate
1090 4451 1288 4520 igitur,
1338 4458 1392 4503 et
1439 4450 1603 4504 multa
1642 4447 2038 4504 evidentissima

455 4541 610 4596 vobis
640 4551 951 4610 argumenta
979 4541 1279 4595 ostendam.
1311 4540 1418 4594 iloc
1449 4540 1590 4595 enim
1618 4539 1719 4595 sibi
1744 4539 1860 4594 vult
1883 4538 2036 4603 illud,

470 4631 752 4687 Etraltabor
772 4634 825 4686 in
855 4634 1078 4704 gentibus
1099 4674 1114 4697 ,
1142 4643 1187 4686 et
1223 4632 1486 4686 exaltabor
1511 4631 1564 4684 in
1595 4641 1727 4684 terra
1750 4672 1765 4699 ,
1804 4631 1906 4685 hoc
1930 4641 2035 4696 est,

462 4725 566 4781 Per
587 4740 750 4794 opera
774 4725 923 4779 vobis
955 4739 1178 4794 magnus
1212 4733 1266 4778 et
1300 4723 1542 4778 excelsus
1567 4722 1838 4778 ostendar.
1872 4722 2040 4776 liabet

461 4819 603 4875 enim
654 4819 920 4890 propriam
977 4818 1309 4874 altitudinem
1353 4833 1479 4887 pura
1527 4816 1653 4882 illa,
1713 4816 1780 4871 ab
1825 4816 2038 4870 interitu

465 4911 642 4966 aliena
693 4920 745 4964 et
793 4910 1076 4966 inetiabilis
1123 4919 1332 4965 natura.
1383 4909 1486 4964 Sed
1519 4909 1770 4979 quoniam
1798 4924 1893 4963 vos
1921 4923 2039 4963 eam

467 5019 575 5059 non
597 5004 918 5074 perspicitis.
946 5019 1062 5059 eam
1093 5003 1242 5056 vobis
1276 5018 1370 5072 per
1395 5016 1557 5071 opera
1588 5001 1892 5054 ostendam.
1922 4999 2039 5055 Non

462 5095 636 5150 solun:
666 5106 847 5151 autem
880 5095 930 5149 in
964 5095 1268 5161 Palmstina,
1300 5108 1400 5148 nec
1456 5092 1626 5146 solum
1657 5091 2002 5161 Jerosolymis
2022 5134 2038 5159 ,

465 5186 561 5245 sed
586 5189 744 5242 etiam
773 5187 910 5258 apud
958 5201 1056 5242 vos
1107 5194 1312 5255 gentes.
1347 5185 1422 5239 Ita
1458 5199 1587 5255 ergo
1616 5184 1915 5246 exaltatur,
1947 5197 2042 5236 eos

462 5280 684 5335 vincens
727 5294 790 5334 ac
826 5293 1126 5347 superans,
1174 5277 1430 5331 miracula
1485 5276 1683 5330 faciens
1730 5275 2039 5344 Babylone,

473 5371 731 5426 miracula
758 5373 810 5425 in
853 5370 1105 5441 Egypto,
1140 5369 1392 5423 miracula
1424 5367 1476 5422 in
1505 5368 1714 5421 deserto
1739 5409 1752 5432 ,
1786 5367 2041 5422 miracula

462 5476 564 5531 per
591 5462 896 5517 universum
939 5461 1124 5515 orbem
1148 5468 1414 5515 terrarum
1441 5498 1455 5522 ,
1496 5467 1556 5512 ut
1581 5459 1654 5512 illi
1687 5458 1919 5528 undique
1945 5458 2042 5511 ha-

463 5553 630 5608 beant
657 5553 952 5608 doctrinam
999 5553 1113 5623 ejus
1153 5552 1494 5623 cognitionis.
1545 5552 1634 5607 12.
1678 5551 1925 5607 Dominus
1951 5569 2044 5606 tur-

464 5655 628 5700 tutum
651 5645 908 5701 nobiscum
925 5686 940 5709 ,
968 5654 1227 5715 susceptor
1250 5652 1418 5698 noster
1446 5642 1584 5697 Deus
1624 5642 1806 5697 Iacob.
1837 5644 1932 5698 llic
1958 5653 2042 5699 est

469 5753 599 5810 ergo
623 5739 790 5805 Deus,
813 5738 906 5809 qui
953 5748 1036 5794 est
1074 5739 1268 5806 ubique
1307 5751 1531 5807 magnus
1554 5777 1570 5804 ,
1597 5738 1688 5806 qui
1729 5747 1812 5791 est
1847 5736 2042 5807 ubique

469 5830 730 5902 excelsus,
761 5831 804 5888 is
833 5845 1045 5901 semper
1071 5829 1217 5889 stetit
1251 5827 1548 5886 nobiscum.
1590 5826 1668 5885 Ne
1696 5843 1823 5901 ergo
1852 5827 2041 5888 timea-

1104 371 1142 428 S
1199 367 1477 425 JOANNIS
1537 361 2008 422 CllRYSOSTOMI
2051 359 2365 417 ARClilEP.
2406 358 2940 415 CONSTANTINOP.

3605 363 3709 418 208

2127 474 2216 539 tis,
2265 488 2440 542 neque
2489 472 2882 528 conturbemini
2915 515 2931 540 ,
2985 487 3106 528 cum
3158 472 3398 528 habeatis
3433 473 3711 529 Dominum

2131 564 2268 619 adeo
2292 565 2758 634 inexpugnabilem
2798 583 2811 619 :
2843 579 3000 633 quem
3040 565 3194 620 decet
3221 565 3414 635 gloria,
3449 565 3640 632 honor,
3658 579 3714 621 et

2129 653 2522 725 magniﬁcentia
2550 697 2564 718 ,
2594 671 2714 710 cum
2764 655 2921 710 Patre
2954 656 3198 724 principii
3224 665 3466 726 experte,
3500 665 3553 710 et
3577 657 3712 710 vivi-

2127 746 2229 800 ﬁco
2263 764 2360 800 suo
2385 746 2602 816 Spiritu,
2636 762 2779 801 nunc
2806 756 2860 802 et
2888 762 3124 817 semper,
3145 758 3198 802 et
3233 749 3284 801 in
3315 749 3509 802 sa-cula
3547 763 3714 803 secu-

2127 841 2323 895 lorum.
2347 841 2540 894 Amen.

2573 994 2640 1050 1N
2669 994 2990 1050 PSALMUM
3032 994 3219 1049 XLVI.

2133 1131 2182 1184 Ι.
2237 1129 2303 1182 In
2346 1130 2536 1198 ﬁnem,
2581 1146 2674 1200 pro
2709 1129 2829 1198 ﬁliis
2857 1128 3004 1183 Cors.
3037 1127 3206 1195 Atius,
3243 1127 3479 1184 Victoria
3523 1129 3714 1183 auctori

2722 1221 2946 1289 ﬁliorum
2971 1221 3035 1280 Cc
3049 1237 3117 1274 re.

2126 1378 2182 1434 ‘2.
2230 1378 2416 1433 Omnes
2445 1389 2636 1450 gentes,
2665 1378 2890 1449 plaudite
2917 1377 3167 1432 manibus.
3202 1377 3370 1440 Alius,
3397 1376 3574 1431 Manu.
3610 1375 3714 1431 Ju-

2199 1471 2352 1524 bilate
2380 1470 2490 1524 Deo
2505 1473 2556 1524 in
2586 1487 2702 1525 voce
2730 1471 3096 1524 exsultationis.
3128 1471 3298 1533 Alius,
3333 1469 3632 1540 Signi/"scale
3657 1471 3711 1522 in

2202 1580 2321 1616 voce
2357 1564 2691 1617 laudationis.
2711 1564 2762 1617 5.
2797 1563 3049 1629 Quoniam
3066 1562 3314 1617 Dominus
3341 1564 3590 1626 excelsus,
3622 1576 3722 1614 ter-

2199 1656 2381 1721 ribilis,
2411 1672 2501 1710 rea:
2530 1673 2742 1726 magnus
2769 1672 2922 1726 super
2950 1671 3145 1709 omnem
3172 1665 3376 1708 terram.

2203 1815 2256 1866 1.
2315 1812 2415 1866 Hic
2449 1812 2610 1866 etiam
2659 1811 2900 1865 Psalmus
2929 1811 3067 1865 idem
3094 1812 3259 1880 tangit
3298 1819 3668 1879 argumentqu
3692 1853 3708 1875 ,

2130 1903 2316 1958 dicens
2345 1903 2596 1957 victorias
2645 1912 2698 1956 et
2752 1910 2950 1971 tropaea
2983 1916 3102 1970 qua:
3149 1910 3334 1955 contra
3378 1901 3559 1954 hostes
3611 1901 3710 1953 sibi

2135 2005 2386 2065 pararunt
2414 2037 2429 2060 ,
2459 2002 2514 2049 et
2540 1995 2844 2048 universum
2899 1993 3083 2048 orbem
3117 2003 3378 2048 terrarum
3420 2009 3615 2047 vocans
3645 1993 3710 2046 ad

2130 2101 2192 2138 ea
2222 2084 2504 2149 laudanda,
2537 2101 2655 2154 qua:
2683 2095 2829 2154 gesta
2877 2093 3016 2139 sunt.
3048 2084 3151 2141 Sed
3185 2085 3454 2139 nonnullis
3486 2084 3714 2140 fortasse

2132 2179 2341 2233 videtur
2363 2178 2526 2233 divini
2552 2177 2780 2247 Spiritus
2811 2177 3112 2232 hortatione
3143 2177 3411 2246 indignum
3443 2192 3560 2232 esse
3590 2192 3712 2246 pro-

2131 2270 2352 2324 (Blllillm
2384 2310 2401 2334 ,
2431 2284 2638 2323 necnon
2690 2268 2954 2337 ejusmodi
2991 2267 3164 2337 jussio
3188 2309 3203 2333 ,
3237 2267 3454 2336 plausus
3478 2309 3495 2335 ,
3525 2267 3716 2336 strepi-

2133 2371 2236 2419 tus,
2266 2370 2320 2414 et
2343 2360 2767 2414 vociferationes.
2796 2358 2978 2428 Neque
3027 2361 3169 2413 enim
3203 2358 3266 2411 iis
3294 2399 3309 2424 ,
3329 2358 3419 2428 qui
3463 2359 3514 2412 in
3565 2357 3707 2412 hunc

2135 2451 2492 2506 venerandum
2518 2451 2691 2504 locum
2710 2450 2774 2502 ad
2796 2448 3093 2504 docendum
3118 2449 3711 2514 constitutum,coeunt,

2135 2535 2264 2599 hmc
2285 2541 2514 2598 fortasse
2554 2543 2877 2597 conveniunt
2900 2585 2914 2607 ,
2941 2543 3135 2596 dixerit
3163 2543 3427 2612 quispiam
3454 2559 3468 2609 ;
3498 2543 3594 2596 sed
3649 2545 3713 2597 iis

2132 2638 2219 2704 qui
2249 2636 2299 2688 in
2329 2650 2486 2689 scena
2533 2643 2586 2689 et
2641 2634 2897 2688 conviviis
2927 2643 3229 2697 versantur,
3268 2633 3467 2688 crotala
3502 2633 3714 2701 pulsare

2135 2738 2189 2781 et
2245 2727 2497 2797 plaudere
2547 2727 2828 2780 manibus:
2875 2726 3002 2780 viris
3050 2735 3226 2780 autem
3258 2726 3346 2796 qui
3383 2725 3642 2779 docentur
3684 2740 3715 2779 a

2133 2820 2300 2887 gratia
2325 2817 2561 2886 Spiritus
2581 2858 2596 2882 ,
2629 2816 2880 2870 convenit
2908 2815 3062 2886 quies
3083 2857 3097 2880 ,
3124 2814 3280 2882 ordo,
3312 2824 3368 2870 et
3394 2814 3710 2870 moderatio.

2140 2909 2278 2977 Quid
2322 2923 2451 2978 ergo
2479 2908 2564 2963 his
2615 2906 2976 2977 signiﬁcatur,
3017 2916 3071 2962 et
3097 2921 3260 2976 quam
3303 2905 3671 2975 jubilationem
3698 2948 3713 2972 ,

2136 3015 2293 3070 quem
2321 3001 2561 3070 plausum
2603 2998 2677 3052 ait
2703 2998 2726 3051 ‘t
2752 2999 3164 3053 Consueverunt
3205 2998 3347 3052 enim
3377 2996 3481 3051 hoc
3506 2996 3714 3064 facere,

2135 3093 2222 3161 qui
2252 3092 2506 3146 instructa
2537 3089 2652 3144 acie
2684 3090 2868 3158 prtelio
2909 3099 3036 3143 sunt
3060 3088 3412 3152 decertaturi,
3440 3087 3672 3159 jubilare
3695 3128 3712 3153 ,
3742 3140 3750 3146 .

2139 3185 2355 3253 inquam
2382 3225 2398 3248 ,
2451 3192 2506 3237 et
2548 3181 2794 3236 manibus
2845 3183 3108 3237 maximos
3145 3182 3363 3253 plausus
3411 3181 3609 3244 edere,
3649 3179 3716 3235 ad

2138 3274 2322 3328 hostes
2354 3273 2730 3342 perlerrendos
2772 3290 2786 3324 τ
2819 3287 2847 3326 a
2877 3273 3161 3342 tranquillo
3209 3282 3387 3327 autem
3438 3273 3616 3326 animo
3637 3281 3721 3327 est

2141 3367 2242 3422 hoc
2271 3367 2524 3420 alienum.
2559 3365 2799 3421 Psalmus
2823 3381 2950 3420 vero
2971 3365 3122 3437 jubet
3146 3375 3433 3436 utrumque
3457 3408 3470 3429 .
3491 3376 3546 3422 et
3565 3366 3716 3436 plau-

2142 3459 2270 3514 dere
2335 3460 2582 3514 manibus
2602 3501 2616 3522 ,
2645 3470 2700 3514 et
2729 3460 2979 3530 jubilare.
3023 3459 3161 3526 Quid
3205 3469 3287 3514 est
3318 3474 3449 3530 ergo
3473 3459 3613 3530 quod
3639 3458 3723 3513 die

2140 3566 2286 3607 Clum
2309 3561 2391 3607 est
2421 3553 2443 3606 ?
2469 3552 2610 3606 Nihil
2645 3552 2787 3606 aliud
2817 3595 2832 3617 ,
2868 3554 2966 3606 nisi
3014 3553 3340 3622 voluptatem
3369 3592 3384 3617 ,
3413 3559 3470 3608 et.
3509 3551 3718 3619 signum

2139 3648 2375 3701 victoria:
2437 3647 2720 3716 signiﬁcat.
2784 3646 2914 3700 Nam
2979 3647 3102 3700 alibi
3179 3661 3390 3715 quoque
3465 3643 3720 3714 propheta

2141 3731 2342 3784 inducit
2388 3729 2580 3784 ﬂuvios
2607 3729 2918 3798 plaudentes
2957 3729 3200 3784 manibus
3224 3769 3238 3793 ,
3269 3727 3471 3795 Fluvii,
3503 3727 3718 3791 dicens,

2142 3822 2382 3891 plaudent
2433 3823 2663 3876 manibus
2703 3823 2755 3875 in
2801 3822 3021 3891 idipsum
3049 3821 3069 3891 (
3101 3821 3242 3876 Psal.
3285 3821 3373 3878 97.
3405 3821 3500 3887 9).
3540 3819 3724 3876 Esaias

2141 3927 2320 3969 autem
2352 3916 2572 3970 arbores
2610 3931 2823 3984 quoque
2849 3916 3066 3970 adducit
3115 3915 3217 3970 hoc
3242 3915 3499 3970 facientes
3542 3916 3560 3985 (
3592 3913 3718 3969 Isai.

2259 4005 2364 4074 i9.)
2395 4021 2409 4070 ;
2437 4005 2526 4060 hic
2550 4006 2661 4074 ipse
2683 4014 2862 4060 autem
2893 4021 3076 4059 rursns
3101 4013 3155 4059 et
3199 4015 3408 4059 montes
3429 4047 3443 4070 ,
3477 4014 3530 4059 et
3557 4005 3725 4059 colles

2142 4099 2447 4154 t'xsilientes
2476 4101 2494 4169 (
2518 4097 2664 4154 Psal.
2697 4099 2820 4153 115.
2858 4099 2955 4168 4);
2989 4113 3095 4152 non
3123 4107 3180 4151 ut
3209 4098 3310 4152 hoc
3338 4098 3722 4166 intelligamus,

2144 4207 2333 4260 nempe
2365 4200 2576 4244 mentes
2605 4198 2657 4244 et
2685 4189 2849 4244 colles
2873 4189 3108 4254 exsilire,
3152 4203 3248 4243 nec
3265 4188 3513 4257 plaudere
3539 4187 3725 4242 ﬂuvios

2145 4285 2224 4337 vel
2277 4298 2465 4337 manus
2517 4278 2882 4355 habere(hoc
2924 4291 3066 4336 esset
3093 4282 3232 4336 enim
3263 4290 3516 4336 extremm
3546 4297 3728 4335 amen-

2145 4377 2230 4429 tiae
2261 4376 2298 4444 ),
2329 4374 2420 4429 sed
2452 4384 2502 4427 ut
2532 4373 3076 4428 smnmamdiscamus
3104 4373 3443 4443 voluptatem.
3474 4373 3546 4426 Ita
3566 4373 3725 4425 etiam

2145 4481 2424 4534 possumus
2461 4464 2642 4519 videre
2693 4465 2746 4517 in
2799 4463 3140 4518 hominibus.-
3187 4464 3253 4518 Et
3282 4478 3376 4517 cur
3415 4479 3517 4515 nou
3550 4462 3724 4526 dixit,

2144 4554 2384 4612 Gaudete
2414 4567 2468 4610 et
2493 4555 2700 4610 exsilite
2723 4597 2738 4619 ,
2769 4555 2861 4608 sed
2883 4597 2899 4621 ,
2934 4553 3190 4619 Plaudite,
3238 4564 3311 4618 et,
3358 4551 3583 4607 Jubilate
3608 4553 3633 4606 ?
3661 4551 3728 4608 Ut

2147 4648 2298 4701 nobis
2326 4647 2585 4716 insignem
2621 4645 2867 4701 ostendat
2903 4645 3246 4714 voluptatem.
3269 4643 3727 4712 Quemadmodum

2145 4738 2287 4794 enim
2325 4737 2584 4802 Christus,
2630 4736 2845 4806 quando
2888 4735 3055 4801 dicit,
3087 4733 3168 4790 Tu
3197 4747 3363 4789 autem
3403 4735 3604 4806 quando
3641 4737 3726 4806 je-

2135 4829 2316 4898 junas,
2349 4842 2480 4896 unge
2503 4837 2653 4895 caput
2681 4835 2844 4892 tuum,
2882 4835 2930 4880 et
2956 4826 3138 4894 faciem
3167 4835 3305 4878 tuam
3345 4825 3459 4878 lava
3485 4823 3504 4896 (
3529 4824 3721 4879 Matth.

2146 4916 2198 4971 6.
2227 4919 2290 4972 i7
2319 4917 2358 4987 ),
2382 4931 2484 4970 non
2515 4917 2614 4970 hoc
2639 4916 2788 4979 dicit,
2821 4916 3139 4985 praecipiens
3161 4925 3217 4970 ut
3247 4931 3510 4985 ungamur
3531 4914 3549 4987 (
3573 4931 3730 4969 nemo

2145 5009 2285 5064 enim
2329 5017 2568 5062 nostrum
2605 5007 2708 5062 hoc
2751 5006 2872 5062 facit
2901 5006 2940 5078 ).
2971 5007 3064 5062 sed
3109 5015 3170 5061 ut
3217 5005 3566 5061 ostendamus
3597 5021 3730 5075 gutt-

2146 5101 2320 5164 dium,
2365 5101 2649 5168 ketumque
2687 5099 2922 5152 animum
2968 5099 2990 5168 (
3031 5097 3268 5168 praecipit
3310 5097 3451 5154 enim
3481 5107 3538 5152 ut
3581 5097 3730 5151 lzetus

2141 5192 2380 5262 jejunet,
2408 5190 2674 5244 tristitiam
2703 5203 2808 5244 non
2835 5204 2947 5260 prae
2986 5205 3045 5245 se
3089 5188 3264 5245 ferens
3292 5191 3344 5260 )-.
3367 5191 3437 5245 ita
3461 5191 3620 5245 etiam
3647 5188 3733 5243 hic

2147 5297 2357 5350 quoque
2388 5295 2492 5335 non
2521 5279 2626 5334 hoc
2650 5279 2784 5350 jussi
2808 5296 3012 5346 sumus,
3047 5296 3237 5349 nempe
3267 5281 3520 5352 plaudere
3557 5281 3730 5335 mani-

2150 5372 2247 5427 bus
2271 5414 2288 5440 ,
2314 5382 2368 5428 et
2389 5372 2614 5440 jubilare
2635 5412 2650 5436 ,
2679 5371 2775 5426 sed
2805 5373 2929 5426 dum
2961 5373 3237 5442 psallimus
3267 5413 3282 5439 ,
3313 5372 3478 5427 laetari
3498 5413 3516 5438 ,
3543 5381 3600 5427 et
3639 5386 3733 5426 voc

2149 5464 2348 5533 luptate
2384 5463 2540 5517 afﬁci.
2584 5463 2711 5519 Jure
2746 5475 2922 5519 autem
2966 5466 3251 5534 sumpserit
3277 5465 3535 5535 quispiam
3581 5463 3731 5518 Psar

2150 5571 2296 5609 mum
2329 5570 2422 5624 per
2442 5569 2737 5626 anagogen,
2765 5554 2986 5610 historia
3016 5556 3294 5612 sublimior
3317 5554 3556 5610 eﬂ'ectus.
3596 5554 3734 5610 Nam

2147 5648 2244 5700 etsi
2276 5646 2478 5700 initium
2506 5662 2567 5702 ac
2596 5647 2913 5715 prooemium
2939 5647 3085 5702 ducit
3118 5664 3147 5703 a
3175 5648 3534 5712 sensibilibus,
3558 5647 3626 5702 ad
3649 5656 3731 5701 tn-

2149 5736 2438 5807 telligibilia
2473 5746 2648 5792 tamen
2676 5736 2892 5794 deducit
2923 5738 3239 5794 auditorem.

2225 5827 2492 5900 Scriptura
2525 5845 2670 5885 sacra
2710 5838 2764 5886 ut
2802 5830 3114 5902 accipienda.
3136 5861 3207 5875 -—
3225 5829 3380 5904 Quod
3408 5829 3548 5888 enim
3576 5837 3747 5895 autem
