  <div class='ocr_page' id='page_1' title='image "/cluster/home/n/w/nwhite01/storage/ocr_20150623/55/nnc1.0046980016/199.png"; bbox 0 0 4080 6340; ppageno 0'>
   <div class='ocr_carea' id='block_1_1' title="bbox 522 350 632 407">
    <p class='ocr_par' dir='ltr' id='par_1_1' title="bbox 522 350 632 407">
     <span class='ocr_line' id='line_1_1' title="bbox 522 350 632 407; baseline 0 0"><span class='ocrx_word' id='word_1_1' title='bbox 522 350 632 407; x_wconf 63' lang='grc' dir='ltr'>Ωὓθ</span> 
     </span>
    </p>
   </div>
   <div class='ocr_carea' id='block_1_2' title="bbox 519 466 2090 543">
    <p class='ocr_par' dir='ltr' id='par_1_2' title="bbox 519 466 2090 543">
     <span class='ocr_line' id='line_1_2' title="bbox 519 466 2090 543; baseline -0.003 -20"><span class='ocrx_word' id='word_1_2' title='bbox 519 468 632 543; x_wconf 75' lang='grc' dir='ltr'>ἐρῶ</span> <span class='ocrx_word' id='word_1_3' title='bbox 649 486 663 499; x_wconf 91' lang='grc'><strong>·</strong></span> <span class='ocrx_word' id='word_1_4' title='bbox 690 468 763 524; x_wconf 77' lang='grc' dir='ltr'>τὰ</span> <span class='ocrx_word' id='word_1_5' title='bbox 785 468 882 540; x_wconf 74' lang='grc' dir='ltr'>μὲν</span> <span class='ocrx_word' id='word_1_6' title='bbox 903 466 978 533; x_wconf 83' lang='grc' dir='ltr'>ὡς</span> <span class='ocrx_word' id='word_1_7' title='bbox 1004 468 1217 540; x_wconf 71' lang='grc' dir='ltr'>εἴρηται</span> <span class='ocrx_word' id='word_1_8' title='bbox 1237 469 1553 540; x_wconf 85' lang='grc' dir='ltr'>ἐκληπτέον,</span> <span class='ocrx_word' id='word_1_9' title='bbox 1583 469 1652 522; x_wconf 72' lang='lat'><strong>131</strong></span> <span class='ocrx_word' id='word_1_10' title='bbox 1681 468 1736 522; x_wconf 82' lang='grc' dir='ltr'>δὲ</span> <span class='ocrx_word' id='word_1_11' title='bbox 1761 468 2090 530; x_wconf 83' lang='grc' dir='ltr'>ἀπεναντίας</span> 
     </span>
    </p>
   </div>
   <div class='ocr_carea' id='block_1_3' title="bbox 519 553 2092 626">
    <p class='ocr_par' dir='ltr' id='par_1_3' title="bbox 519 553 2092 626">
     <span class='ocr_line' id='line_1_3' title="bbox 519 553 2092 626; baseline -0.002 -17"><span class='ocrx_word' id='word_1_12' title='bbox 519 560 629 619; x_wconf 79' lang='grc' dir='ltr'>τοῖς</span> <span class='ocrx_word' id='word_1_13' title='bbox 644 556 936 626; x_wconf 82' lang='grc' dir='ltr'>κειμένοις,</span> <span class='ocrx_word' id='word_1_14' title='bbox 966 553 1075 610; x_wconf 81' lang='grc' dir='ltr'>οἷον</span> <span class='ocrx_word' id='word_1_15' title='bbox 1099 556 1175 619; x_wconf 83' lang='grc' dir='ltr'>ὡς</span> <span class='ocrx_word' id='word_1_16' title='bbox 1201 556 1315 626; x_wconf 74' lang='grc' dir='ltr'>ἔχει</span> <span class='ocrx_word' id='word_1_17' title='bbox 1345 557 1429 610; x_wconf 80' lang='grc' dir='ltr'>ἐπ’</span> <span class='ocrx_word' id='word_1_18' title='bbox 1463 557 1696 610; x_wconf 84' lang='grc' dir='ltr'>ἐκείνου’</span> <span class='ocrx_word' id='word_1_19' title='bbox 1732 560 1913 610; x_wconf 74' lang='grc' dir='ltr'>Λύκοι</span> <span class='ocrx_word' id='word_1_20' title='bbox 1932 567 1957 596; x_wconf 72' lang='grc' dir='ltr'>α</span> <span class='ocrx_word' id='word_1_21' title='bbox 1993 554 2092 607; x_wconf 78' lang='grc' dir='ltr'>καὶ</span> 
     </span>
    </p>
   </div>
   <div class='ocr_carea' id='block_1_4' title="bbox 520 641 2087 715">
    <p class='ocr_par' dir='ltr' id='par_1_4' title="bbox 520 641 2087 715">
     <span class='ocr_line' id='line_1_4' title="bbox 520 641 2087 715; baseline -0.002 -19"><span class='ocrx_word' id='word_1_22' title='bbox 520 643 699 712; x_wconf 78' lang='grc' dir='ltr'>ἄρνες</span> <span class='ocrx_word' id='word_1_23' title='bbox 724 644 841 714; x_wconf 79' lang='grc' dir='ltr'>ἅμα</span> <span class='ocrx_word' id='word_1_24' title='bbox 871 645 1388 713; x_wconf 75' lang='grc' dir='ltr'>βοσκηθήσονται.</span> <span class='ocrx_word' id='word_1_25' title='bbox 1421 646 1495 698; x_wconf 89' lang='grc' dir='ltr'>Οὐ</span> <span class='ocrx_word' id='word_1_26' title='bbox 1527 646 1635 715; x_wconf 81' lang='grc' dir='ltr'>γάρ</span> <span class='ocrx_word' id='word_1_27' title='bbox 1663 644 1725 715; x_wconf 83' lang='grc' dir='ltr'>δὴ</span> <span class='ocrx_word' id='word_1_28' title='bbox 1768 642 1961 706; x_wconf 85' lang='grc' dir='ltr'>λύκους</span> <span class='ocrx_word' id='word_1_29' title='bbox 1992 641 2087 694; x_wconf 69' lang='grc' dir='ltr'>καὶ</span> 
     </span>
    </p>
   </div>
   <div class='ocr_carea' id='block_1_5' title="bbox 522 728 2093 804">
    <p class='ocr_par' dir='ltr' id='par_1_5' title="bbox 522 728 2093 804">
     <span class='ocr_line' id='line_1_5' title="bbox 522 728 2093 804; baseline -0.003 -19"><span class='ocrx_word' id='word_1_30' title='bbox 522 731 692 804; x_wconf 82' lang='grc' dir='ltr'>ἄρνας</span> <span class='ocrx_word' id='word_1_31' title='bbox 724 732 1090 803; x_wconf 77' lang='grc' dir='ltr'>έκληψόμεθα,</span> <span class='ocrx_word' id='word_1_32' title='bbox 1119 734 1239 785; x_wconf 76' lang='grc' dir='ltr'>οὐῧέ</span> <span class='ocrx_word' id='word_1_33' title='bbox 1270 734 1444 803; x_wconf 73' lang='grc' dir='ltr'>ἄχυρα</span> <span class='ocrx_word' id='word_1_34' title='bbox 1467 774 1481 798; x_wconf 92' lang='grc'>,</span> <span class='ocrx_word' id='word_1_35' title='bbox 1517 734 1610 785; x_wconf 72' lang='grc' dir='ltr'>καὶ</span> <span class='ocrx_word' id='word_1_36' title='bbox 1640 732 1764 801; x_wconf 84' lang='grc' dir='ltr'>βοῦν</span> <span class='ocrx_word' id='word_1_37' title='bbox 1792 770 1807 794; x_wconf 91' lang='grc'>,</span> <span class='ocrx_word' id='word_1_38' title='bbox 1836 731 1931 784; x_wconf 81' lang='grc' dir='ltr'>καὶ</span> <span class='ocrx_word' id='word_1_39' title='bbox 1957 728 2093 783; x_wconf 79' lang='grc' dir='ltr'>ταῦ-</span> 
     </span>
    </p>
   </div>
   <div class='ocr_carea' id='block_1_6' title="bbox 526 817 2094 892">
    <p class='ocr_par' dir='ltr' id='par_1_6' title="bbox 526 817 2094 892">
     <span class='ocr_line' id='line_1_6' title="bbox 526 817 2094 892; baseline -0.001 -20"><span class='ocrx_word' id='word_1_40' title='bbox 526 837 639 892; x_wconf 89' lang='grc' dir='ltr'>ρον,</span> <span class='ocrx_word' id='word_1_41' title='bbox 672 818 807 873; x_wconf 78' lang='grc' dir='ltr'>ἀλλὰ</span> <span class='ocrx_word' id='word_1_42' title='bbox 830 819 896 872; x_wconf 86' lang='grc' dir='ltr'>τά</span> <span class='ocrx_word' id='word_1_43' title='bbox 916 821 1028 872; x_wconf 83' lang='grc' dir='ltr'>τῶν</span> <span class='ocrx_word' id='word_1_44' title='bbox 1053 819 1350 890; x_wconf 71' lang='grc' dir='ltr'>ἀνθρώπων</span> <span class='ocrx_word' id='word_1_45' title='bbox 1367 821 1473 891; x_wconf 71' lang='grc' dir='ltr'>ἤθη</span> <span class='ocrx_word' id='word_1_46' title='bbox 1501 820 1589 873; x_wconf 77' lang='grc' dir='ltr'>διὰ</span> <span class='ocrx_word' id='word_1_47' title='bbox 1606 820 1709 888; x_wconf 78' lang='grc' dir='ltr'>τῆς</span> <span class='ocrx_word' id='word_1_48' title='bbox 1752 817 1860 870; x_wconf 88' lang='grc' dir='ltr'>τῶν</span> <span class='ocrx_word' id='word_1_49' title='bbox 1885 817 2094 885; x_wconf 84' lang='grc' dir='ltr'>ἀλόγων</span> 
     </span>
    </p>
   </div>
   <div class='ocr_carea' id='block_1_7' title="bbox 526 904 2092 979">
    <p class='ocr_par' dir='ltr' id='par_1_7' title="bbox 526 904 2092 979">
     <span class='ocr_line' id='line_1_7' title="bbox 526 904 2092 979; baseline -0.001 -21"><span class='ocrx_word' id='word_1_50' title='bbox 526 908 733 969; x_wconf 78' lang='grc' dir='ltr'>εἰκόνος</span> <span class='ocrx_word' id='word_1_51' title='bbox 756 907 1248 979; x_wconf 77' lang='grc' dir='ltr'>χαρακτηρίζομεν·</span> <span class='ocrx_word' id='word_1_52' title='bbox 1276 906 1344 960; x_wconf 73' lang='grc' dir='ltr'>τά</span> <span class='ocrx_word' id='word_1_53' title='bbox 1358 907 1413 961; x_wconf 85' lang='grc' dir='ltr'>δὲ</span> <span class='ocrx_word' id='word_1_54' title='bbox 1432 907 1572 959; x_wconf 65' lang='grc' dir='ltr'>κατὰ</span> <span class='ocrx_word' id='word_1_55' title='bbox 1588 905 1779 976; x_wconf 84' lang='grc' dir='ltr'>διπλῆν</span> <span class='ocrx_word' id='word_1_56' title='bbox 1804 904 2092 974; x_wconf 68' lang='grc' dir='ltr'>ἐκδοχὴνΊ),</span> 
     </span>
    </p>
   </div>
   <div class='ocr_carea' id='block_1_8' title="bbox 526 991 2092 1065">
    <p class='ocr_par' dir='ltr' id='par_1_8' title="bbox 526 991 2092 1065">
     <span class='ocr_line' id='line_1_8' title="bbox 526 991 2092 1065; baseline -0.004 -17"><span class='ocrx_word' id='word_1_57' title='bbox 526 997 595 1048; x_wconf 86' lang='grc' dir='ltr'>τά</span> <span class='ocrx_word' id='word_1_58' title='bbox 620 1010 679 1047; x_wconf 86' lang='grc' dir='ltr'>τε</span> <span class='ocrx_word' id='word_1_59' title='bbox 714 995 945 1065; x_wconf 80' lang='grc' dir='ltr'>αἰσθητά</span> <span class='ocrx_word' id='word_1_60' title='bbox 978 996 1251 1057; x_wconf 87' lang='grc' dir='ltr'>νοοῦντες,</span> <span class='ocrx_word' id='word_1_61' title='bbox 1284 995 1377 1048; x_wconf 70' lang='grc' dir='ltr'>καὶ</span> <span class='ocrx_word' id='word_1_62' title='bbox 1414 996 1480 1047; x_wconf 74' lang='grc' dir='ltr'>τὲι</span> <span class='ocrx_word' id='word_1_63' title='bbox 1519 995 1682 1064; x_wconf 72' lang='grc' dir='ltr'>νοητὰ</span> <span class='ocrx_word' id='word_1_64' title='bbox 1721 991 2092 1061; x_wconf 83' lang='grc' dir='ltr'>ἐκδεχόμενοι·</span> 
     </span>
    </p>
   </div>
   <div class='ocr_carea' id='block_1_9' title="bbox 528 1077 2093 1153">
    <p class='ocr_par' dir='ltr' id='par_1_9' title="bbox 528 1077 2093 1153">
     <span class='ocr_line' id='line_1_9' title="bbox 528 1077 2093 1153; baseline -0.003 -20"><span class='ocrx_word' id='word_1_65' title='bbox 528 1080 716 1153; x_wconf 81' lang='grc' dir='ltr'>ὥσπερ</span> <span class='ocrx_word' id='word_1_66' title='bbox 757 1083 849 1135; x_wconf 76' lang='grc' dir='ltr'>ἐπὶ</span> <span class='ocrx_word' id='word_1_67' title='bbox 896 1083 998 1151; x_wconf 77' lang='grc' dir='ltr'>τῆς</span> <span class='ocrx_word' id='word_1_68' title='bbox 1045 1082 1336 1151; x_wconf 77' lang='grc' dir='ltr'>ἀναγωγῆς</span> <span class='ocrx_word' id='word_1_69' title='bbox 1386 1081 1479 1134; x_wconf 87' lang='grc' dir='ltr'>τοῦ</span> <span class='ocrx_word' id='word_1_70' title='bbox 1535 1080 1651 1133; x_wconf 83' lang='grc' dir='ltr'>υἱοῦ</span> <span class='ocrx_word' id='word_1_71' title='bbox 1686 1079 1779 1132; x_wconf 87' lang='grc' dir='ltr'>τοῦ</span> <span class='ocrx_word' id='word_1_72' title='bbox 1825 1077 2093 1149; x_wconf 77' lang='grc' dir='ltr'>Ἀϐραάμ.</span> 
     </span>
    </p>
   </div>
   <div class='ocr_carea' id='block_1_10' title="bbox 530 1167 2098 1240">
    <p class='ocr_par' dir='ltr' id='par_1_10' title="bbox 530 1167 2098 1240">
     <span class='ocr_line' id='line_1_10' title="bbox 530 1167 2098 1240; baseline -0.003 -18"><span class='ocrx_word' id='word_1_73' title='bbox 530 1169 653 1222; x_wconf 86' lang='grc' dir='ltr'>Ὅτι</span> <span class='ocrx_word' id='word_1_74' title='bbox 684 1169 791 1239; x_wconf 77' lang='grc' dir='ltr'>γὰρ</span> <span class='ocrx_word' id='word_1_75' title='bbox 821 1171 847 1221; x_wconf 88' lang='grc' dir='ltr'>ό</span> <span class='ocrx_word' id='word_1_76' title='bbox 875 1170 988 1233; x_wconf 75' lang='grc' dir='ltr'>υίὸς</span> <span class='ocrx_word' id='word_1_77' title='bbox 1021 1170 1288 1240; x_wconf 75' lang='grc' dir='ltr'>ἀνηνέχθη</span> <span class='ocrx_word' id='word_1_78' title='bbox 1319 1171 1492 1239; x_wconf 70' lang='grc' dir='ltr'>ἴσμεν,</span> <span class='ocrx_word' id='word_1_79' title='bbox 1531 1168 1626 1221; x_wconf 73' lang='grc' dir='ltr'>καὶ</span> <span class='ocrx_word' id='word_1_80' title='bbox 1653 1167 1839 1238; x_wconf 83' lang='grc' dir='ltr'>’έτερόν</span> <span class='ocrx_word' id='word_1_81' title='bbox 1866 1184 1918 1218; x_wconf 90' lang='grc' dir='ltr'>τι</span> <span class='ocrx_word' id='word_1_82' title='bbox 1942 1167 2098 1232; x_wconf 77' lang='grc' dir='ltr'>ἐγκε-</span> 
     </span>
    </p>
   </div>
   <div class='ocr_carea' id='block_1_11' title="bbox 530 1252 2097 1327">
    <p class='ocr_par' dir='ltr' id='par_1_11' title="bbox 530 1252 2097 1327">
     <span class='ocr_line' id='line_1_11' title="bbox 530 1252 2097 1327; baseline -0.002 -19"><span class='ocrx_word' id='word_1_83' title='bbox 530 1258 843 1327; x_wconf 88' lang='grc' dir='ltr'>κρυμμένον</span> <span class='ocrx_word' id='word_1_84' title='bbox 874 1256 950 1327; x_wconf 80' lang='grc' dir='ltr'>τῷ</span> <span class='ocrx_word' id='word_1_85' title='bbox 982 1258 1209 1327; x_wconf 74' lang='grc' dir='ltr'>νοήματι</span> <span class='ocrx_word' id='word_1_86' title='bbox 1244 1257 1538 1325; x_wconf 70' lang='grc' dir='ltr'>ἐκλέγομεν</span> <span class='ocrx_word' id='word_1_87' title='bbox 1571 1255 1658 1308; x_wconf 77' lang='grc' dir='ltr'>διὰ</span> <span class='ocrx_word' id='word_1_88' title='bbox 1695 1254 1788 1308; x_wconf 84' lang='grc' dir='ltr'>τοῦ</span> <span class='ocrx_word' id='word_1_89' title='bbox 1818 1254 1935 1307; x_wconf 87' lang='grc' dir='ltr'>υἱοῦ</span> <span class='ocrx_word' id='word_1_90' title='bbox 1960 1294 1973 1313; x_wconf 94' lang='grc'>,</span> <span class='ocrx_word' id='word_1_91' title='bbox 2006 1252 2097 1306; x_wconf 83' lang='grc' dir='ltr'>τὸν</span> 
     </span>
    </p>
   </div>
   <div class='ocr_carea' id='block_1_12' title="bbox 535 1340 2098 1415">
    <p class='ocr_par' dir='ltr' id='par_1_12' title="bbox 535 1340 2098 1415">
     <span class='ocr_line' id='line_1_12' title="bbox 535 1340 2098 1415; baseline -0.003 -20"><span class='ocrx_word' id='word_1_92' title='bbox 535 1343 781 1415; x_wconf 89' lang='grc' dir='ltr'>σταυρόν.</span> <span class='ocrx_word' id='word_1_93' title='bbox 810 1345 916 1396; x_wconf 74' lang='grc' dir='ltr'>Καὶ</span> <span class='ocrx_word' id='word_1_94' title='bbox 959 1344 1055 1396; x_wconf 75' lang='grc' dir='ltr'>ἐπὶ</span> <span class='ocrx_word' id='word_1_95' title='bbox 1084 1343 1176 1397; x_wconf 86' lang='grc' dir='ltr'>τοῦ</span> <span class='ocrx_word' id='word_1_96' title='bbox 1209 1343 1480 1414; x_wconf 80' lang='grc' dir='ltr'>προϐάτου</span> <span class='ocrx_word' id='word_1_97' title='bbox 1508 1343 1565 1395; x_wconf 79' lang='grc' dir='ltr'>δὲ</span> <span class='ocrx_word' id='word_1_98' title='bbox 1602 1341 1695 1395; x_wconf 82' lang='grc' dir='ltr'>τοῦ</span> <span class='ocrx_word' id='word_1_99' title='bbox 1726 1344 1784 1394; x_wconf 85' lang='grc' dir='ltr'>ἐν</span> <span class='ocrx_word' id='word_1_100' title='bbox 1819 1340 2098 1410; x_wconf 82' lang='grc' dir='ltr'>Αἰγύπτῳ,</span> 
     </span>
    </p>
   </div>
   <div class='ocr_carea' id='block_1_13' title="bbox 532 1428 2097 1502">
    <p class='ocr_par' dir='ltr' id='par_1_13' title="bbox 532 1428 2097 1502">
     <span class='ocr_line' id='line_1_13' title="bbox 532 1428 2097 1502; baseline -0.001 -21"><span class='ocrx_word' id='word_1_101' title='bbox 532 1429 694 1483; x_wconf 82' lang='grc' dir='ltr'>πάλιν</span> <span class='ocrx_word' id='word_1_102' title='bbox 712 1431 910 1499; x_wconf 87' lang='grc' dir='ltr'>ὁμοίως</span> <span class='ocrx_word' id='word_1_103' title='bbox 938 1431 1032 1484; x_wconf 87' lang='grc' dir='ltr'>τοῦ</span> <span class='ocrx_word' id='word_1_104' title='bbox 1055 1430 1256 1493; x_wconf 87' lang='grc' dir='ltr'>πάθους</span> <span class='ocrx_word' id='word_1_105' title='bbox 1279 1432 1378 1502; x_wconf 79' lang='grc' dir='ltr'>τὴν</span> <span class='ocrx_word' id='word_1_106' title='bbox 1399 1430 1583 1483; x_wconf 80' lang='grc' dir='ltr'>εἰκόνα</span> <span class='ocrx_word' id='word_1_107' title='bbox 1605 1428 2097 1500; x_wconf 77' lang='grc' dir='ltr'>χαρακτηρίζομεν.</span> 
     </span>
    </p>
   </div>
   <div class='ocr_carea' id='block_1_14' title="bbox 534 1517 2103 1590">
    <p class='ocr_par' dir='ltr' id='par_1_14' title="bbox 534 1517 2103 1590">
     <span class='ocr_line' id='line_1_14' title="bbox 534 1517 2103 1590; baseline -0.001 -19"><span class='ocrx_word' id='word_1_108' title='bbox 534 1517 703 1571; x_wconf 89' lang='grc' dir='ltr'>Τοῦτο</span> <span class='ocrx_word' id='word_1_109' title='bbox 739 1518 801 1589; x_wconf 85' lang='grc' dir='ltr'>δὴ</span> <span class='ocrx_word' id='word_1_110' title='bbox 836 1520 926 1571; x_wconf 77' lang='grc' dir='ltr'>καὶ</span> <span class='ocrx_word' id='word_1_111' title='bbox 960 1519 1191 1573; x_wconf 81' lang='grc' dir='ltr'>ἐνταῦθα</span> <span class='ocrx_word' id='word_1_112' title='bbox 1240 1522 1411 1573; x_wconf 81' lang='grc' dir='ltr'>ποιεῖν</span> <span class='ocrx_word' id='word_1_113' title='bbox 1459 1519 1586 1590; x_wconf 81' lang='grc' dir='ltr'>χρή.</span> <span class='ocrx_word' id='word_1_114' title='bbox 1628 1518 1762 1571; x_wconf 83' lang='grc' dir='ltr'>Οὐδὲ</span> <span class='ocrx_word' id='word_1_115' title='bbox 1806 1518 1914 1590; x_wconf 73' lang='grc' dir='ltr'>γάρ</span> <span class='ocrx_word' id='word_1_116' title='bbox 1972 1517 2103 1587; x_wconf 84' lang='grc' dir='ltr'>περί</span> 
     </span>
    </p>
   </div>
   <div class='ocr_carea' id='block_1_15' title="bbox 544 1604 2104 1675">
    <p class='ocr_par' dir='ltr' id='par_1_15' title="bbox 544 1604 2104 1675">
     <span class='ocr_line' id='line_1_15' title="bbox 544 1604 2104 1675; baseline 0 -18"><span class='ocrx_word' id='word_1_117' title='bbox 544 1604 789 1675; x_wconf 77' lang='grc' dir='ltr'>Ἀράϐων</span> <span class='ocrx_word' id='word_1_118' title='bbox 836 1607 1022 1669; x_wconf 86' lang='grc' dir='ltr'>ἁπλῶς</span> <span class='ocrx_word' id='word_1_119' title='bbox 1053 1609 1082 1660; x_wconf 91' lang='lat'>6</span> <span class='ocrx_word' id='word_1_120' title='bbox 1132 1607 1318 1675; x_wconf 87' lang='grc' dir='ltr'>λόγος,</span> <span class='ocrx_word' id='word_1_121' title='bbox 1349 1610 1443 1661; x_wconf 74' lang='grc' dir='ltr'>καὶ</span> <span class='ocrx_word' id='word_1_122' title='bbox 1481 1607 1590 1660; x_wconf 90' lang='grc' dir='ltr'>τῶν</span> <span class='ocrx_word' id='word_1_123' title='bbox 1636 1607 1930 1673; x_wconf 83' lang='grc' dir='ltr'>γειτόνων,</span> <span class='ocrx_word' id='word_1_124' title='bbox 1968 1605 2104 1659; x_wconf 89' lang='grc' dir='ltr'>ἀλλά</span> 
     </span>
    </p>
   </div>
   <div class='ocr_carea' id='block_1_16' title="bbox 535 1694 2107 1766">
    <p class='ocr_par' dir='ltr' id='par_1_16' title="bbox 535 1694 2107 1766">
     <span class='ocr_line' id='line_1_16' title="bbox 535 1694 2107 1766; baseline 0 -20"><span class='ocrx_word' id='word_1_125' title='bbox 535 1694 714 1747; x_wconf 90' lang='grc' dir='ltr'>πάντα</span> <span class='ocrx_word' id='word_1_126' title='bbox 739 1694 805 1746; x_wconf 72' lang='grc' dir='ltr'>τὰ</span> <span class='ocrx_word' id='word_1_127' title='bbox 838 1695 964 1766; x_wconf 83' lang='grc' dir='ltr'>ἔθνη</span> <span class='ocrx_word' id='word_1_128' title='bbox 992 1695 1164 1749; x_wconf 86' lang='grc' dir='ltr'>καλεῖ.</span> <span class='ocrx_word' id='word_1_129' title='bbox 1203 1697 1331 1749; x_wconf 81' lang='grc' dir='ltr'>Ὀτι</span> <span class='ocrx_word' id='word_1_130' title='bbox 1356 1696 1573 1762; x_wconf 79' lang='grc' dir='ltr'>Κύριος</span> <span class='ocrx_word' id='word_1_131' title='bbox 1608 1695 1894 1762; x_wconf 64' lang='grc' dir='ltr'>ὕψιστος,</span> <span class='ocrx_word' id='word_1_132' title='bbox 1934 1694 2107 1763; x_wconf 72' lang='grc' dir='ltr'>φοϐε-</span> 
     </span>
    </p>
   </div>
   <div class='ocr_carea' id='block_1_17' title="bbox 530 1780 2106 1853">
    <p class='ocr_par' dir='ltr' id='par_1_17' title="bbox 530 1780 2106 1853">
     <span class='ocr_line' id='line_1_17' title="bbox 530 1780 2106 1853; baseline 0 -19"><span class='ocrx_word' id='word_1_133' title='bbox 530 1782 672 1850; x_wconf 82' lang='grc' dir='ltr'>ρὸς,</span> <span class='ocrx_word' id='word_1_134' title='bbox 708 1783 1008 1849; x_wconf 69' lang='grc' dir='ltr'>βασιλεὺς</span> <span class='ocrx_word' id='word_1_135' title='bbox 1041 1782 1230 1853; x_wconf 80' lang='grc' dir='ltr'>μέγας</span> <span class='ocrx_word' id='word_1_136' title='bbox 1270 1783 1369 1836; x_wconf 76' lang='grc' dir='ltr'>ἐπὶ</span> <span class='ocrx_word' id='word_1_137' title='bbox 1408 1783 1614 1837; x_wconf 82' lang='grc' dir='ltr'>πᾶσαν</span> <span class='ocrx_word' id='word_1_138' title='bbox 1652 1781 1767 1849; x_wconf 78' lang='grc' dir='ltr'>τὴν</span> <span class='ocrx_word' id='word_1_139' title='bbox 1799 1780 1937 1851; x_wconf 75' lang='grc' dir='ltr'>γῆν.</span> <span class='ocrx_word' id='word_1_140' title='bbox 1985 1782 2106 1834; x_wconf 77' lang='grc' dir='ltr'>’Λν-</span> 
     </span>
    </p>
   </div>
   <div class='ocr_carea' id='block_1_18' title="bbox 540 1869 2106 1943">
    <p class='ocr_par' dir='ltr' id='par_1_18' title="bbox 540 1869 2106 1943">
     <span class='ocr_line' id='line_1_18' title="bbox 540 1869 2106 1943; baseline 0 -22"><span class='ocrx_word' id='word_1_141' title='bbox 540 1869 717 1939; x_wconf 89' lang='grc' dir='ltr'>ίστησι</span> <span class='ocrx_word' id='word_1_142' title='bbox 742 1870 921 1925; x_wconf 85' lang='grc' dir='ltr'>τοίνυν</span> <span class='ocrx_word' id='word_1_143' title='bbox 953 1874 1018 1925; x_wconf 88' lang='grc' dir='ltr'>ἐκ</span> <span class='ocrx_word' id='word_1_144' title='bbox 1047 1872 1347 1943; x_wconf 76' lang='grc' dir='ltr'>προοιμίων</span> <span class='ocrx_word' id='word_1_145' title='bbox 1388 1872 1480 1923; x_wconf 82' lang='grc' dir='ltr'>τὸν</span> <span class='ocrx_word' id='word_1_146' title='bbox 1520 1871 1818 1941; x_wconf 74' lang='grc' dir='ltr'>ἀκροατὴν,</span> <span class='ocrx_word' id='word_1_147' title='bbox 1850 1869 1985 1940; x_wconf 83' lang='grc' dir='ltr'>πρὸς</span> <span class='ocrx_word' id='word_1_148' title='bbox 2016 1886 2106 1921; x_wconf 88' lang='grc' dir='ltr'>το-</span> 
     </span>
    </p>
   </div>
   <div class='ocr_carea' id='block_1_19' title="bbox 538 1957 2109 2028">
    <p class='ocr_par' dir='ltr' id='par_1_19' title="bbox 538 1957 2109 2028">
     <span class='ocr_line' id='line_1_19' title="bbox 538 1957 2109 2028; baseline -0.001 -15"><span class='ocrx_word' id='word_1_149' title='bbox 538 1959 726 2013; x_wconf 81' lang='grc' dir='ltr'>σοῦτον</span> <span class='ocrx_word' id='word_1_150' title='bbox 750 1959 911 2027; x_wconf 78' lang='grc' dir='ltr'>ὖγκον</span> <span class='ocrx_word' id='word_1_151' title='bbox 940 1959 1283 2027; x_wconf 82' lang='grc' dir='ltr'>Εὐαγγελίων</span> <span class='ocrx_word' id='word_1_152' title='bbox 1316 1958 1499 2012; x_wconf 81' lang='grc' dir='ltr'>καλῶν</span> <span class='ocrx_word' id='word_1_153' title='bbox 1523 1997 1539 2022; x_wconf 96' lang='grc'>,</span> <span class='ocrx_word' id='word_1_154' title='bbox 1565 1958 1661 2011; x_wconf 75' lang='grc' dir='ltr'>καὶ</span> <span class='ocrx_word' id='word_1_155' title='bbox 1695 1957 1831 2028; x_wconf 79' lang='grc' dir='ltr'>πρὸς</span> <span class='ocrx_word' id='word_1_156' title='bbox 1866 1957 1963 2028; x_wconf 81' lang='grc' dir='ltr'>τὴν</span> <span class='ocrx_word' id='word_1_157' title='bbox 2008 1958 2109 2027; x_wconf 85' lang='grc' dir='ltr'>τῆς</span> 
     </span>
    </p>
   </div>
   <div class='ocr_carea' id='block_1_20' title="bbox 535 2045 2108 2119">
    <p class='ocr_par' dir='ltr' id='par_1_20' title="bbox 535 2045 2108 2119">
     <span class='ocr_line' id='line_1_20' title="bbox 535 2045 2108 2119; baseline -0.001 -20"><span class='ocrx_word' id='word_1_158' title='bbox 535 2047 861 2118; x_wconf 75' lang='grc' dir='ltr'>οἰκουμένης</span> <span class='ocrx_word' id='word_1_159' title='bbox 894 2049 1218 2119; x_wconf 85' lang='grc' dir='ltr'>πανήγυριν,</span> <span class='ocrx_word' id='word_1_160' title='bbox 1246 2048 1339 2101; x_wconf 80' lang='grc' dir='ltr'>καὶ</span> <span class='ocrx_word' id='word_1_161' title='bbox 1373 2046 1522 2100; x_wconf 81' lang='grc' dir='ltr'>θείαν</span> <span class='ocrx_word' id='word_1_162' title='bbox 1545 2045 1669 2100; x_wconf 79' lang='grc' dir='ltr'>τινὰ</span> <span class='ocrx_word' id='word_1_163' title='bbox 1690 2048 2108 2117; x_wconf 65' lang='grc' dir='ltr'>καὶιπνευματι-</span> 
     </span>
    </p>
   </div>
   <div class='ocr_carea' id='block_1_21' title="bbox 537 2134 2108 2206">
    <p class='ocr_par' dir='ltr' id='par_1_21' title="bbox 537 2134 2108 2206">
     <span class='ocr_line' id='line_1_21' title="bbox 537 2134 2108 2206; baseline 0 -19"><span class='ocrx_word' id='word_1_164' title='bbox 537 2135 639 2202; x_wconf 80' lang='grc' dir='ltr'>κὴν</span> <span class='ocrx_word' id='word_1_165' title='bbox 662 2134 851 2205; x_wconf 78' lang='grc' dir='ltr'>ἑορτὴν</span> <span class='ocrx_word' id='word_1_166' title='bbox 870 2177 885 2201; x_wconf 93' lang='grc'>,</span> <span class='ocrx_word' id='word_1_167' title='bbox 914 2136 1007 2187; x_wconf 76' lang='grc' dir='ltr'>καὶ</span> <span class='ocrx_word' id='word_1_168' title='bbox 1039 2135 1138 2206; x_wconf 82' lang='grc' dir='ltr'>τὴν</span> <span class='ocrx_word' id='word_1_169' title='bbox 1172 2139 1236 2189; x_wconf 80' lang='grc' dir='ltr'>ἐκ</span> <span class='ocrx_word' id='word_1_170' title='bbox 1264 2134 1375 2188; x_wconf 89' lang='grc' dir='ltr'>τῶν</span> <span class='ocrx_word' id='word_1_171' title='bbox 1405 2134 1649 2206; x_wconf 78' lang='grc' dir='ltr'>οὐρανῶν</span> <span class='ocrx_word' id='word_1_172' title='bbox 1693 2135 2108 2204; x_wconf 80' lang='grc' dir='ltr'>κατενεχθεῖσαν</span> 
     </span>
    </p>
   </div>
   <div class='ocr_carea' id='block_1_22' title="bbox 541 2222 2109 2293">
    <p class='ocr_par' dir='ltr' id='par_1_22' title="bbox 541 2222 2109 2293">
     <span class='ocr_line' id='line_1_22' title="bbox 541 2222 2109 2293; baseline 0.003 -20"><span class='ocrx_word' id='word_1_173' title='bbox 541 2223 947 2292; x_wconf 82' lang='grc' dir='ltr'>μυσταγωγίαν.</span> <span class='ocrx_word' id='word_1_174' title='bbox 980 2225 1079 2277; x_wconf 78' lang='grc' dir='ltr'>Διά</span> <span class='ocrx_word' id='word_1_175' title='bbox 1110 2223 1173 2293; x_wconf 84' lang='grc' dir='ltr'>δὴ</span> <span class='ocrx_word' id='word_1_176' title='bbox 1196 2222 1371 2288; x_wconf 84' lang='grc' dir='ltr'>τοῦτο,</span> <span class='ocrx_word' id='word_1_177' title='bbox 1398 2223 1764 2289; x_wconf 80' lang='grc' dir='ltr'>Κροτήσατε,</span> <span class='ocrx_word' id='word_1_178' title='bbox 1794 2222 1926 2293; x_wconf 84' lang='grc' dir='ltr'>φησί</span> <span class='ocrx_word' id='word_1_179' title='bbox 1947 2240 1960 2253; x_wconf 71' lang='grc' dir='ltr'>ο</span> <span class='ocrx_word' id='word_1_180' title='bbox 1988 2240 2109 2277; x_wconf 88' lang='grc' dir='ltr'>του-</span> 
     </span>
    </p>
   </div>
   <div class='ocr_carea' id='block_1_23' title="bbox 538 2306 2111 2378">
    <p class='ocr_par' dir='ltr' id='par_1_23' title="bbox 538 2306 2111 2378">
     <span class='ocr_line' id='line_1_23' title="bbox 538 2306 2111 2378; baseline 0.001 -21"><span class='ocrx_word' id='word_1_181' title='bbox 538 2307 689 2359; x_wconf 80' lang='grc' dir='ltr'>τέστι</span> <span class='ocrx_word' id='word_1_182' title='bbox 718 2344 733 2369; x_wconf 92' lang='grc'>,</span> <span class='ocrx_word' id='word_1_183' title='bbox 762 2307 966 2377; x_wconf 89' lang='grc' dir='ltr'>χάρητε</span> <span class='ocrx_word' id='word_1_184' title='bbox 991 2347 1005 2370; x_wconf 91' lang='grc'>,</span> <span class='ocrx_word' id='word_1_185' title='bbox 1038 2307 1384 2377; x_wconf 85' lang='grc' dir='ltr'>σκιρτήσατε.</span> <span class='ocrx_word' id='word_1_186' title='bbox 1417 2306 1525 2359; x_wconf 75' lang='grc' dir='ltr'>Καὶ</span> <span class='ocrx_word' id='word_1_187' title='bbox 1557 2306 1665 2378; x_wconf 83' lang='grc' dir='ltr'>γὰρ</span> <span class='ocrx_word' id='word_1_188' title='bbox 1694 2306 1788 2359; x_wconf 80' lang='grc' dir='ltr'>καὶ</span> <span class='ocrx_word' id='word_1_189' title='bbox 1823 2309 1850 2359; x_wconf 90' lang='grc' dir='ltr'>ὀ</span> <span class='ocrx_word' id='word_1_190' title='bbox 1880 2307 2111 2374; x_wconf 82' lang='grc' dir='ltr'>εὐαγγε-</span> 
     </span>
    </p>
   </div>
   <div class='ocr_carea' id='block_1_24' title="bbox 537 2386 2113 2459">
    <p class='ocr_par' dir='ltr' id='par_1_24' title="bbox 537 2386 2113 2459">
     <span class='ocr_line' id='line_1_24' title="bbox 537 2386 2113 2459; baseline 0 -19"><span class='ocrx_word' id='word_1_191' title='bbox 537 2387 689 2452; x_wconf 82' lang='grc' dir='ltr'>λικὺς</span> <span class='ocrx_word' id='word_1_192' title='bbox 732 2388 889 2457; x_wconf 82' lang='grc' dir='ltr'>λόγος</span> <span class='ocrx_word' id='word_1_193' title='bbox 927 2389 1083 2442; x_wconf 88' lang='grc' dir='ltr'>τοῦτο</span> <span class='ocrx_word' id='word_1_194' title='bbox 1130 2387 1561 2459; x_wconf 69' lang='grc' dir='ltr'>παρακελεύεται</span> <span class='ocrx_word' id='word_1_195' title='bbox 1614 2387 1787 2456; x_wconf 85' lang='grc' dir='ltr'>λέγων</span> <span class='ocrx_word' id='word_1_196' title='bbox 1814 2430 1829 2454; x_wconf 93' lang='grc'>,</span> <span class='ocrx_word' id='word_1_197' title='bbox 1873 2386 2113 2455; x_wconf 76' lang='grc' dir='ltr'>Σκιρτή-</span> 
     </span>
    </p>
   </div>
   <div class='ocr_carea' id='block_1_25' title="bbox 538 2469 2112 2542">
    <p class='ocr_par' dir='ltr' id='par_1_25' title="bbox 538 2469 2112 2542">
     <span class='ocr_line' id='line_1_25' title="bbox 538 2469 2112 2542; baseline 0.001 -19"><span class='ocrx_word' id='word_1_198' title='bbox 538 2485 716 2524; x_wconf 80' lang='grc' dir='ltr'>σατε·</span> <span class='ocrx_word' id='word_1_199' title='bbox 748 2472 810 2524; x_wconf 90' lang='grc' dir='ltr'>οὐ</span> <span class='ocrx_word' id='word_1_200' title='bbox 848 2471 1062 2534; x_wconf 85' lang='grc' dir='ltr'>πάντως</span> <span class='ocrx_word' id='word_1_201' title='bbox 1101 2471 1605 2542; x_wconf 80' lang='grc' dir='ltr'>παρακελευόμενος</span> <span class='ocrx_word' id='word_1_202' title='bbox 1633 2469 1983 2537; x_wconf 85' lang='grc' dir='ltr'>ἐξάλλεσθαι,</span> <span class='ocrx_word' id='word_1_203' title='bbox 2016 2470 2112 2524; x_wconf 77' lang='grc' dir='ltr'>καὶ</span> 
     </span>
    </p>
   </div>
   <div class='ocr_carea' id='block_1_26' title="bbox 541 2552 2111 2625">
    <p class='ocr_par' dir='ltr' id='par_1_26' title="bbox 541 2552 2111 2625">
     <span class='ocr_line' id='line_1_26' title="bbox 541 2552 2111 2625; baseline -0.001 -19"><span class='ocrx_word' id='word_1_204' title='bbox 541 2553 717 2624; x_wconf 76' lang='grc' dir='ltr'>πηδᾷν</span> <span class='ocrx_word' id='word_1_205' title='bbox 738 2552 931 2624; x_wconf 88' lang='grc' dir='ltr'>(τοῦτο</span> <span class='ocrx_word' id='word_1_206' title='bbox 966 2553 1075 2625; x_wconf 85' lang='grc' dir='ltr'>γάρ</span> <span class='ocrx_word' id='word_1_207' title='bbox 1112 2553 1533 2625; x_wconf 81' lang='grc' dir='ltr'>ἀνελεύθερον),</span> <span class='ocrx_word' id='word_1_208' title='bbox 1560 2553 1695 2607; x_wconf 84' lang='grc' dir='ltr'>ἀλλά</span> <span class='ocrx_word' id='word_1_209' title='bbox 1722 2554 1823 2617; x_wconf 84' lang='grc' dir='ltr'>τῆς</span> <span class='ocrx_word' id='word_1_210' title='bbox 1848 2555 2025 2624; x_wconf 80' lang='grc' dir='ltr'>χαρᾶς</span> <span class='ocrx_word' id='word_1_211' title='bbox 2051 2552 2111 2605; x_wconf 77' lang='grc' dir='ltr'>τὸ</span> 
     </span>
    </p>
   </div>
   <div class='ocr_carea' id='block_1_27' title="bbox 540 2635 2111 2707">
    <p class='ocr_par' dir='ltr' id='par_1_27' title="bbox 540 2635 2111 2707">
     <span class='ocr_line' id='line_1_27' title="bbox 540 2635 2111 2707; baseline -0.001 -19"><span class='ocrx_word' id='word_1_212' title='bbox 540 2636 926 2707; x_wconf 78' lang='grc' dir='ltr'>ἐπιτεταμένον</span> <span class='ocrx_word' id='word_1_213' title='bbox 955 2635 1151 2707; x_wconf 88' lang='grc' dir='ltr'>δηλῶν.</span> <span class='ocrx_word' id='word_1_214' title='bbox 1195 2638 1305 2690; x_wconf 75' lang='grc' dir='ltr'>Καὶ</span> <span class='ocrx_word' id='word_1_215' title='bbox 1342 2636 1452 2707; x_wconf 83' lang='grc' dir='ltr'>γάρ</span> <span class='ocrx_word' id='word_1_216' title='bbox 1499 2636 1699 2706; x_wconf 86' lang='grc' dir='ltr'>πολλῆς</span> <span class='ocrx_word' id='word_1_217' title='bbox 1743 2637 1937 2706; x_wconf 76' lang='grc' dir='ltr'>ἡδονῆς</span> <span class='ocrx_word' id='word_1_218' title='bbox 1964 2635 2111 2698; x_wconf 79' lang='grc' dir='ltr'>ἀξιον</span> 
     </span>
    </p>
   </div>
   <div class='ocr_carea' id='block_1_28' title="bbox 538 2719 2114 2790">
    <p class='ocr_par' dir='ltr' id='par_1_28' title="bbox 538 2719 2114 2790">
     <span class='ocr_line' id='line_1_28' title="bbox 538 2719 2114 2790; baseline 0 -20"><span class='ocrx_word' id='word_1_219' title='bbox 538 2719 603 2771; x_wconf 80' lang='grc' dir='ltr'>τὸ</span> <span class='ocrx_word' id='word_1_220' title='bbox 630 2719 930 2790; x_wconf 78' lang='grc' dir='ltr'>γινόμενον.</span> <span class='ocrx_word' id='word_1_221' title='bbox 956 2719 1128 2790; x_wconf 82' lang='grc' dir='ltr'>ὐσην</span> <span class='ocrx_word' id='word_1_222' title='bbox 1150 2720 1259 2789; x_wconf 75' lang='grc' dir='ltr'>γὰρ</span> <span class='ocrx_word' id='word_1_223' title='bbox 1291 2722 1320 2773; x_wconf 87' lang='grc' dir='ltr'>ὁ</span> <span class='ocrx_word' id='word_1_224' title='bbox 1345 2719 1494 2790; x_wconf 64' lang='grc' dir='ltr'>¹ἥλιος</span> <span class='ocrx_word' id='word_1_225' title='bbox 1522 2722 1695 2790; x_wconf 78' lang='grc' dir='ltr'>ἐφορᾷ</span> <span class='ocrx_word' id='word_1_226' title='bbox 1720 2719 1822 2789; x_wconf 90' lang='grc' dir='ltr'>γῆν</span> <span class='ocrx_word' id='word_1_227' title='bbox 1846 2758 1861 2783; x_wconf 94' lang='grc'>,</span> <span class='ocrx_word' id='word_1_228' title='bbox 1890 2720 1919 2771; x_wconf 88' lang='lat'>6</span> <span class='ocrx_word' id='word_1_229' title='bbox 1952 2719 2114 2786; x_wconf 84' lang='grc' dir='ltr'>εὐαγ-</span> 
     </span>
    </p>
   </div>
   <div class='ocr_carea' id='block_1_29' title="bbox 539 2802 2114 2875">
    <p class='ocr_par' dir='ltr' id='par_1_29' title="bbox 539 2802 2114 2875">
     <span class='ocr_line' id='line_1_29' title="bbox 539 2802 2114 2875; baseline -0.001 -20"><span class='ocrx_word' id='word_1_230' title='bbox 539 2802 752 2870; x_wconf 75' lang='grc' dir='ltr'>γελικὺς</span> <span class='ocrx_word' id='word_1_231' title='bbox 780 2802 936 2872; x_wconf 85' lang='grc' dir='ltr'>λόγος</span> <span class='ocrx_word' id='word_1_232' title='bbox 981 2804 1291 2875; x_wconf 83' lang='grc' dir='ltr'>ἐπέδραμε,</span> <span class='ocrx_word' id='word_1_233' title='bbox 1319 2804 1414 2856; x_wconf 76' lang='grc' dir='ltr'>καὶ</span> <span class='ocrx_word' id='word_1_234' title='bbox 1457 2804 1606 2857; x_wconf 78' lang='grc' dir='ltr'>πᾶσα</span> <span class='ocrx_word' id='word_1_235' title='bbox 1654 2802 1832 2872; x_wconf 86' lang='grc' dir='ltr'>ἐσώθη</span> <span class='ocrx_word' id='word_1_236' title='bbox 1869 2803 1902 2873; x_wconf 78' lang='grc' dir='ltr'>ἡ</span> <span class='ocrx_word' id='word_1_237' title='bbox 1935 2804 2114 2855; x_wconf 82' lang='grc' dir='ltr'>οἰκου-</span> 
     </span>
    </p>
   </div>
   <div class='ocr_carea' id='block_1_30' title="bbox 545 2884 2116 2957">
    <p class='ocr_par' dir='ltr' id='par_1_30' title="bbox 545 2884 2116 2957">
     <span class='ocr_line' id='line_1_30' title="bbox 545 2884 2116 2957; baseline 0.001 -20"><span class='ocrx_word' id='word_1_238' title='bbox 545 2885 679 2957; x_wconf 89' lang='grc' dir='ltr'>μένη</span> <span class='ocrx_word' id='word_1_239' title='bbox 706 2925 721 2949; x_wconf 92' lang='grc'>,</span> <span class='ocrx_word' id='word_1_240' title='bbox 755 2887 848 2938; x_wconf 76' lang='grc' dir='ltr'>καὶ</span> <span class='ocrx_word' id='word_1_241' title='bbox 877 2886 977 2955; x_wconf 85' lang='grc' dir='ltr'>τῆς</span> <span class='ocrx_word' id='word_1_242' title='bbox 1006 2885 1258 2957; x_wconf 84' lang='grc' dir='ltr'>λατρείας</span> <span class='ocrx_word' id='word_1_243' title='bbox 1293 2885 1394 2956; x_wconf 82' lang='grc' dir='ltr'>τῆς</span> <span class='ocrx_word' id='word_1_244' title='bbox 1436 2885 1731 2954; x_wconf 80' lang='grc' dir='ltr'>Ἰουδαϊκῆς</span> <span class='ocrx_word' id='word_1_245' title='bbox 1773 2886 1822 2937; x_wconf 80' lang='grc' dir='ltr'>οἱ</span> <span class='ocrx_word' id='word_1_246' title='bbox 1862 2885 1968 2956; x_wconf 81' lang='grc' dir='ltr'>πρὸ</span> <span class='ocrx_word' id='word_1_247' title='bbox 1994 2884 2116 2938; x_wconf 85' lang='lat'><strong>106-</strong></span> 
     </span>
    </p>
   </div>
   <div class='ocr_carea' id='block_1_31' title="bbox 542 2967 2115 3039">
    <p class='ocr_par' dir='ltr' id='par_1_31' title="bbox 542 2967 2115 3039">
     <span class='ocr_line' id='line_1_31' title="bbox 542 2967 2115 3039; baseline -0.002 -17"><span class='ocrx_word' id='word_1_248' title='bbox 542 2985 634 3022; x_wconf 86' lang='grc' dir='ltr'>του</span> <span class='ocrx_word' id='word_1_249' title='bbox 660 2970 724 3039; x_wconf 80' lang='grc' dir='ltr'>τῇ</span> <span class='ocrx_word' id='word_1_250' title='bbox 755 2969 926 3039; x_wconf 83' lang='grc' dir='ltr'>πλάνῃ</span> <span class='ocrx_word' id='word_1_251' title='bbox 958 2971 1309 3038; x_wconf 82' lang='grc' dir='ltr'>κατεχόμενοι</span> <span class='ocrx_word' id='word_1_252' title='bbox 1342 2967 1562 3039; x_wconf 75' lang='grc' dir='ltr'>μείζονα</span> <span class='ocrx_word' id='word_1_253' title='bbox 1592 2967 1935 3033; x_wconf 73' lang='grc' dir='ltr'>ἐπεδείξαντο</span> <span class='ocrx_word' id='word_1_254' title='bbox 1964 2967 2115 3035; x_wconf 85' lang='grc' dir='ltr'>φιλο-</span> 
     </span>
    </p>
   </div>
   <div class='ocr_carea' id='block_1_32' title="bbox 545 3049 2115 3120">
    <p class='ocr_par' dir='ltr' id='par_1_32' title="bbox 545 3049 2115 3120">
     <span class='ocr_line' id='line_1_32' title="bbox 545 3049 2115 3120; baseline -0.003 -14"><span class='ocrx_word' id='word_1_255' title='bbox 545 3051 756 3120; x_wconf 82' lang='grc' dir='ltr'>σοφίαν.</span> <span class='ocrx_word' id='word_1_256' title='bbox 798 3052 999 3104; x_wconf 80' lang='grc' dir='ltr'>Πὰντα</span> <span class='ocrx_word' id='word_1_257' title='bbox 1059 3050 1133 3105; x_wconf 83' lang='grc' dir='ltr'>τὰ</span> <span class='ocrx_word' id='word_1_258' title='bbox 1173 3051 1318 3119; x_wconf 76' lang='grc' dir='ltr'>ἔθνη</span> <span class='ocrx_word' id='word_1_259' title='bbox 1359 3051 1693 3119; x_wconf 79' lang='grc' dir='ltr'>κροτήσατε</span> <span class='ocrx_word' id='word_1_260' title='bbox 1743 3050 1962 3117; x_wconf 83' lang='grc' dir='ltr'>χεῖρας.</span> <span class='ocrx_word' id='word_1_261' title='bbox 2005 3049 2115 3113; x_wconf 81' lang='grc' dir='ltr'>Τὰς</span> 
     </span>
    </p>
   </div>
   <div class='ocr_carea' id='block_1_33' title="bbox 547 3132 2115 3206">
    <p class='ocr_par' dir='ltr' id='par_1_33' title="bbox 547 3132 2115 3206">
     <span class='ocr_line' id='line_1_33' title="bbox 547 3132 2115 3206; baseline -0.002 -19"><span class='ocrx_word' id='word_1_262' title='bbox 547 3135 744 3206; x_wconf 83' lang='grc' dir='ltr'>μιαράς</span> <span class='ocrx_word' id='word_1_263' title='bbox 784 3135 997 3198; x_wconf 87' lang='grc' dir='ltr'>ἐκείνας</span> <span class='ocrx_word' id='word_1_264' title='bbox 1034 3133 1138 3204; x_wconf 86' lang='grc' dir='ltr'>πρὸ</span> <span class='ocrx_word' id='word_1_265' title='bbox 1169 3136 1358 3187; x_wconf 89' lang='grc' dir='ltr'>τούτου</span> <span class='ocrx_word' id='word_1_266' title='bbox 1383 3175 1398 3199; x_wconf 92' lang='grc'>,</span> <span class='ocrx_word' id='word_1_267' title='bbox 1432 3134 1597 3204; x_wconf 76' lang='grc' dir='ltr'>φησὶν</span> <span class='ocrx_word' id='word_1_268' title='bbox 1625 3173 1639 3195; x_wconf 90' lang='grc'>,</span> <span class='ocrx_word' id='word_1_269' title='bbox 1676 3132 1828 3204; x_wconf 81' lang='grc'>[189]</span> <span class='ocrx_word' id='word_1_270' title='bbox 1862 3133 1960 3195; x_wconf 78' lang='grc' dir='ltr'>τὰς</span> <span class='ocrx_word' id='word_1_271' title='bbox 1988 3135 2115 3186; x_wconf 87' lang='grc' dir='ltr'>ἐνα-</span> 
     </span>
    </p>
   </div>
   <div class='ocr_carea' id='block_1_34' title="bbox 543 3216 2118 3289">
    <p class='ocr_par' dir='ltr' id='par_1_34' title="bbox 543 3216 2118 3289">
     <span class='ocr_line' id='line_1_34' title="bbox 543 3216 2118 3289; baseline -0.001 -18"><span class='ocrx_word' id='word_1_272' title='bbox 543 3222 687 3287; x_wconf 80' lang='grc' dir='ltr'>γεῖς,</span> <span class='ocrx_word' id='word_1_273' title='bbox 724 3217 822 3281; x_wconf 86' lang='grc' dir='ltr'>τὰς</span> <span class='ocrx_word' id='word_1_274' title='bbox 850 3219 1042 3289; x_wconf 78' lang='grc' dir='ltr'>αἵματι</span> <span class='ocrx_word' id='word_1_275' title='bbox 1081 3218 1446 3288; x_wconf 88' lang='grc' dir='ltr'>μολυνομένας</span> <span class='ocrx_word' id='word_1_276' title='bbox 1483 3216 1605 3270; x_wconf 89' lang='grc' dir='ltr'>καθ’</span> <span class='ocrx_word' id='word_1_277' title='bbox 1638 3217 1874 3286; x_wconf 78' lang='grc' dir='ltr'>ἑκάστην</span> <span class='ocrx_word' id='word_1_278' title='bbox 1905 3217 2118 3288; x_wconf 79' lang='grc' dir='ltr'>ἡμέραν</span> 
     </span>
    </p>
   </div>
   <div class='ocr_carea' id='block_1_35' title="bbox 543 3292 2116 3371">
    <p class='ocr_par' dir='ltr' id='par_1_35' title="bbox 543 3292 2116 3371">
     <span class='ocr_line' id='line_1_35' title="bbox 543 3292 2116 3371; baseline -0.003 -17"><span class='ocrx_word' id='word_1_279' title='bbox 543 3301 633 3355; x_wconf 73' lang='grc' dir='ltr'>διὰ</span> <span class='ocrx_word' id='word_1_280' title='bbox 655 3299 766 3352; x_wconf 89' lang='grc' dir='ltr'>τῶν</span> <span class='ocrx_word' id='word_1_281' title='bbox 793 3300 1115 3371; x_wconf 80' lang='grc' dir='ltr'>ἀκαθάρτων</span> <span class='ocrx_word' id='word_1_282' title='bbox 1142 3300 1342 3353; x_wconf 80' lang='grc' dir='ltr'>θυσιῶν</span> <span class='ocrx_word' id='word_1_283' title='bbox 1363 3338 1377 3363; x_wconf 96' lang='grc'>,</span> <span class='ocrx_word' id='word_1_284' title='bbox 1405 3299 1474 3351; x_wconf 88' lang='grc' dir='ltr'>δι’</span> <span class='ocrx_word' id='word_1_285' title='bbox 1499 3292 1574 3352; x_wconf 86' lang='grc' dir='ltr'>ὧν</span> <span class='ocrx_word' id='word_1_286' title='bbox 1603 3298 1796 3362; x_wconf 86' lang='grc' dir='ltr'>παῖδας</span> <span class='ocrx_word' id='word_1_287' title='bbox 1824 3298 2116 3368; x_wconf 83' lang='grc' dir='ltr'>ἐσφάξατε,</span> 
     </span>
    </p>
   </div>
   <div class='ocr_carea' id='block_1_36' title="bbox 545 3382 2121 3457">
    <p class='ocr_par' dir='ltr' id='par_1_36' title="bbox 545 3382 2121 3457">
     <span class='ocr_line' id='line_1_36' title="bbox 545 3382 2121 3457; baseline -0.001 -19"><span class='ocrx_word' id='word_1_288' title='bbox 545 3384 643 3438; x_wconf 74' lang='grc' dir='ltr'>καὶ</span> <span class='ocrx_word' id='word_1_289' title='bbox 665 3384 733 3437; x_wconf 86' lang='grc' dir='ltr'>τά</span> <span class='ocrx_word' id='word_1_290' title='bbox 755 3386 958 3457; x_wconf 85' lang='grc' dir='ltr'>αἰσχρά</span> <span class='ocrx_word' id='word_1_291' title='bbox 974 3385 1336 3456; x_wconf 84' lang='grc' dir='ltr'>ἐτολμήσατε,</span> <span class='ocrx_word' id='word_1_292' title='bbox 1362 3385 1458 3437; x_wconf 79' lang='grc' dir='ltr'>καὶ</span> <span class='ocrx_word' id='word_1_293' title='bbox 1486 3384 1626 3437; x_wconf 85' lang='grc' dir='ltr'>κατά</span> <span class='ocrx_word' id='word_1_294' title='bbox 1659 3384 1759 3452; x_wconf 83' lang='grc' dir='ltr'>τῆς</span> <span class='ocrx_word' id='word_1_295' title='bbox 1786 3382 2000 3452; x_wconf 87' lang='grc' dir='ltr'>φύσεως</span> <span class='ocrx_word' id='word_1_296' title='bbox 2024 3385 2121 3437; x_wconf 81' lang='grc' dir='ltr'>αὐ·-</span> 
     </span>
    </p>
   </div>
   <div class='ocr_carea' id='block_1_37' title="bbox 545 3465 2122 3539">
    <p class='ocr_par' dir='ltr' id='par_1_37' title="bbox 545 3465 2122 3539">
     <span class='ocr_line' id='line_1_37' title="bbox 545 3465 2122 3539; baseline -0.001 -18"><span class='ocrx_word' id='word_1_297' title='bbox 545 3468 1005 3539; x_wconf 61' lang='grc' dir='ltr'>τῆςιὲχωρήσατε,</span> <span class='ocrx_word' id='word_1_298' title='bbox 1043 3468 1130 3521; x_wconf 77' lang='grc' dir='ltr'>διὰ</span> <span class='ocrx_word' id='word_1_299' title='bbox 1155 3467 1359 3521; x_wconf 83' lang='grc' dir='ltr'>τούτων</span> <span class='ocrx_word' id='word_1_300' title='bbox 1392 3469 1693 3537; x_wconf 86' lang='grc' dir='ltr'>κροτήσατε</span> <span class='ocrx_word' id='word_1_301' title='bbox 1719 3465 1835 3519; x_wconf 87' lang='grc' dir='ltr'>νῦν.</span> <span class='ocrx_word' id='word_1_302' title='bbox 1877 3465 2122 3520; x_wconf 73' lang='grc' dir='ltr'>Ἀλαλά-</span> 
     </span>
    </p>
   </div>
   <div class='ocr_carea' id='block_1_38' title="bbox 547 3547 2119 3621">
    <p class='ocr_par' dir='ltr' id='par_1_38' title="bbox 547 3547 2119 3621">
     <span class='ocr_line' id='line_1_38' title="bbox 547 3547 2119 3621; baseline -0.003 -17"><span class='ocrx_word' id='word_1_303' title='bbox 547 3550 691 3615; x_wconf 76' lang='grc' dir='ltr'>ξατε</span> <span class='ocrx_word' id='word_1_304' title='bbox 719 3551 799 3616; x_wconf 85' lang='grc' dir='ltr'>τῷ</span> <span class='ocrx_word' id='word_1_305' title='bbox 828 3551 950 3616; x_wconf 84' lang='grc' dir='ltr'>Θεῷ</span> <span class='ocrx_word' id='word_1_306' title='bbox 972 3552 1044 3604; x_wconf 83' lang='grc' dir='ltr'>ἐν</span> <span class='ocrx_word' id='word_1_307' title='bbox 1066 3550 1234 3619; x_wconf 74' lang='grc' dir='ltr'>φωνῇ</span> <span class='ocrx_word' id='word_1_308' title='bbox 1256 3550 1690 3621; x_wconf 57' lang='grc' dir='ltr'>ἀγαλλιάσεως.</span> <span class='ocrx_word' id='word_1_309' title='bbox 1709 3548 1807 3602; x_wconf 78' lang='grc' dir='ltr'>Διὰ</span> <span class='ocrx_word' id='word_1_310' title='bbox 1830 3550 1925 3618; x_wconf 88' lang='grc' dir='ltr'>τῆς</span> <span class='ocrx_word' id='word_1_311' title='bbox 1947 3547 2119 3617; x_wconf 87' lang='grc' dir='ltr'>γλώτ-</span> 
     </span>
    </p>
   </div>
   <div class='ocr_carea' id='block_1_39' title="bbox 546 3626 2119 3705">
    <p class='ocr_par' dir='ltr' id='par_1_39' title="bbox 546 3626 2119 3705">
     <span class='ocr_line' id='line_1_39' title="bbox 546 3626 2119 3705; baseline -0.003 -17"><span class='ocrx_word' id='word_1_312' title='bbox 546 3649 647 3703; x_wconf 82' lang='grc' dir='ltr'>της</span> <span class='ocrx_word' id='word_1_313' title='bbox 680 3633 923 3705; x_wconf 78' lang='grc' dir='ltr'>ἐκείνης,</span> <span class='ocrx_word' id='word_1_314' title='bbox 957 3632 1024 3688; x_wconf 84' lang='grc' dir='ltr'>δι’</span> <span class='ocrx_word' id='word_1_315' title='bbox 1050 3629 1119 3704; x_wconf 78' lang='grc' dir='ltr'>ἧς</span> <span class='ocrx_word' id='word_1_316' title='bbox 1143 3634 1439 3702; x_wconf 78' lang='grc' dir='ltr'>ἐγεύσασθε</span> <span class='ocrx_word' id='word_1_317' title='bbox 1465 3634 1572 3685; x_wconf 89' lang='grc' dir='ltr'>τῶν</span> <span class='ocrx_word' id='word_1_318' title='bbox 1597 3631 1828 3700; x_wconf 89' lang='grc' dir='ltr'>ἐναγῶν,</span> <span class='ocrx_word' id='word_1_319' title='bbox 1858 3631 1923 3684; x_wconf 84' lang='grc' dir='ltr'>δι’</span> <span class='ocrx_word' id='word_1_320' title='bbox 1952 3626 2021 3703; x_wconf 81' lang='grc' dir='ltr'>ἦς</span> <span class='ocrx_word' id='word_1_321' title='bbox 2052 3630 2119 3683; x_wconf 76' lang='grc' dir='ltr'>τά</span> 
     </span>
    </p>
   </div>
   <div class='ocr_carea' id='block_1_40' title="bbox 550 3715 2121 3790">
    <p class='ocr_par' dir='ltr' id='par_1_40' title="bbox 550 3715 2121 3790">
     <span class='ocr_line' id='line_1_40' title="bbox 550 3715 2121 3790; baseline -0.003 -19"><span class='ocrx_word' id='word_1_322' title='bbox 550 3718 847 3790; x_wconf 79' lang='grc' dir='ltr'>βλάσφημα</span> <span class='ocrx_word' id='word_1_323' title='bbox 871 3718 1199 3789; x_wconf 77' lang='grc' dir='ltr'>ἐξηνέγκατε</span> <span class='ocrx_word' id='word_1_324' title='bbox 1228 3719 1469 3789; x_wconf 75' lang='grc' dir='ltr'>ῥήματα,</span> <span class='ocrx_word' id='word_1_325' title='bbox 1491 3715 1578 3769; x_wconf 81' lang='grc' dir='ltr'>διὰ</span> <span class='ocrx_word' id='word_1_326' title='bbox 1599 3715 1800 3787; x_wconf 82' lang='grc' dir='ltr'>ταύτης</span> <span class='ocrx_word' id='word_1_327' title='bbox 1822 3715 2121 3780; x_wconf 82' lang='grc' dir='ltr'>ἀλαλάξατε</span> 
     </span>
    </p>
   </div>
   <div class='ocr_carea' id='block_1_41' title="bbox 550 3798 2116 3873">
    <p class='ocr_par' dir='ltr' id='par_1_41' title="bbox 550 3798 2116 3873">
     <span class='ocr_line' id='line_1_41' title="bbox 550 3798 2116 3873; baseline -0.004 -17"><span class='ocrx_word' id='word_1_328' title='bbox 550 3802 648 3872; x_wconf 83' lang='grc' dir='ltr'>τὴν</span> <span class='ocrx_word' id='word_1_329' title='bbox 676 3800 936 3855; x_wconf 89' lang='grc' dir='ltr'>ἐπινίκιον</span> <span class='ocrx_word' id='word_1_330' title='bbox 957 3801 1122 3872; x_wconf 82' lang='grc' dir='ltr'>ᾠδήν.</span> <span class='ocrx_word' id='word_1_331' title='bbox 1151 3802 1260 3853; x_wconf 79' lang='grc' dir='ltr'>Καὶ</span> <span class='ocrx_word' id='word_1_332' title='bbox 1286 3801 1393 3873; x_wconf 86' lang='grc' dir='ltr'>γὰρ</span> <span class='ocrx_word' id='word_1_333' title='bbox 1420 3798 1541 3863; x_wconf 77' lang='grc' dir='ltr'>ἔθος</span> <span class='ocrx_word' id='word_1_334' title='bbox 1568 3800 1681 3861; x_wconf 87' lang='grc' dir='ltr'>τοῖς</span> <span class='ocrx_word' id='word_1_335' title='bbox 1714 3798 2116 3869; x_wconf 81' lang='grc' dir='ltr'>στρατοπέδοις,</span> 
     </span>
    </p>
   </div>
   <div class='ocr_carea' id='block_1_42' title="bbox 550 3879 2118 3956">
    <p class='ocr_par' dir='ltr' id='par_1_42' title="bbox 550 3879 2118 3956">
     <span class='ocr_line' id='line_1_42' title="bbox 550 3879 2118 3956; baseline -0.003 -20"><span class='ocrx_word' id='word_1_336' title='bbox 550 3884 678 3938; x_wconf 81' lang='grc' dir='ltr'>ὅταν</span> <span class='ocrx_word' id='word_1_337' title='bbox 707 3884 862 3956; x_wconf 79' lang='grc' dir='ltr'>κλίνῃ</span> <span class='ocrx_word' id='word_1_338' title='bbox 892 3884 998 3937; x_wconf 84' lang='grc' dir='ltr'>τῶν</span> <span class='ocrx_word' id='word_1_339' title='bbox 1036 3883 1292 3937; x_wconf 79' lang='grc' dir='ltr'>ἐναντίων</span> <span class='ocrx_word' id='word_1_340' title='bbox 1320 3884 1381 3936; x_wconf 87' lang='grc' dir='ltr'>τὸ</span> <span class='ocrx_word' id='word_1_341' title='bbox 1411 3880 1767 3952; x_wconf 87' lang='grc' dir='ltr'>στρατόπεδον</span> <span class='ocrx_word' id='word_1_342' title='bbox 1789 3924 1802 3946; x_wconf 92' lang='grc'>,</span> <span class='ocrx_word' id='word_1_343' title='bbox 1835 3879 2028 3951; x_wconf 83' lang='grc' dir='ltr'>μηκέτι</span> <span class='ocrx_word' id='word_1_344' title='bbox 2054 3882 2118 3951; x_wconf 83' lang='grc' dir='ltr'>τῇ</span> 
     </span>
    </p>
   </div>
   <div class='ocr_carea' id='block_1_43' title="bbox 554 3961 2124 4039">
    <p class='ocr_par' dir='ltr' id='par_1_43' title="bbox 554 3961 2124 4039">
     <span class='ocr_line' id='line_1_43' title="bbox 554 3961 2124 4039; baseline -0.004 -18"><span class='ocrx_word' id='word_1_345' title='bbox 554 3967 819 4031; x_wconf 78' lang='grc' dir='ltr'>συστάδην</span> <span class='ocrx_word' id='word_1_346' title='bbox 854 3977 877 4006; x_wconf 78' lang='grc' dir='ltr'><strong>ο</strong></span> <span class='ocrx_word' id='word_1_347' title='bbox 910 3966 1209 4038; x_wconf 88' lang='grc' dir='ltr'>κεχρῆσθαι</span> <span class='ocrx_word' id='word_1_348' title='bbox 1253 3965 1401 4039; x_wconf 78' lang='grc' dir='ltr'>μάχῃ</span> <span class='ocrx_word' id='word_1_349' title='bbox 1421 4005 1436 4026; x_wconf 93' lang='grc'>,</span> <span class='ocrx_word' id='word_1_350' title='bbox 1466 3964 1580 4017; x_wconf 79' lang='grc' dir='ltr'>ἀλλ’</span> <span class='ocrx_word' id='word_1_351' title='bbox 1610 3961 1875 4033; x_wconf 78' lang='grc' dir='ltr'>όμοφώνῳ</span> <span class='ocrx_word' id='word_1_352' title='bbox 1909 3963 2004 4033; x_wconf 77' lang='grc' dir='ltr'>βοῇ</span> <span class='ocrx_word' id='word_1_353' title='bbox 2031 3966 2124 4015; x_wconf 76' lang='grc' dir='ltr'>καὶ</span> 
     </span>
    </p>
   </div>
   <div class='ocr_carea' id='block_1_44' title="bbox 551 4047 2124 4125">
    <p class='ocr_par' dir='ltr' id='par_1_44' title="bbox 551 4047 2124 4125">
     <span class='ocr_line' id='line_1_44' title="bbox 551 4047 2124 4125; baseline -0.006 -18"><span class='ocrx_word' id='word_1_354' title='bbox 551 4053 849 4125; x_wconf 86' lang='grc' dir='ltr'>ἀλαλαγμῷ</span> <span class='ocrx_word' id='word_1_355' title='bbox 878 4052 976 4114; x_wconf 80' lang='grc' dir='ltr'>τὰς</span> <span class='ocrx_word' id='word_1_356' title='bbox 1003 4053 1102 4123; x_wconf 84' lang='grc' dir='ltr'>ήδη</span> <span class='ocrx_word' id='word_1_357' title='bbox 1152 4049 1586 4121; x_wconf 78' lang='grc' dir='ltr'>καταϐληθείσας</span> <span class='ocrx_word' id='word_1_358' title='bbox 1614 4047 1793 4101; x_wconf 87' lang='grc' dir='ltr'>αὐτῶν</span> <span class='ocrx_word' id='word_1_359' title='bbox 1820 4047 2124 4100; x_wconf 88' lang='grc' dir='ltr'>κατασείειν</span> 
     </span>
    </p>
   </div>
   <div class='ocr_carea' id='block_1_45' title="bbox 551 4131 2125 4210">
    <p class='ocr_par' dir='ltr' id='par_1_45' title="bbox 551 4131 2125 4210">
     <span class='ocr_line' id='line_1_45' title="bbox 551 4131 2125 4210; baseline -0.006 -18"><span class='ocrx_word' id='word_1_360' title='bbox 551 4137 758 4210; x_wconf 50' lang='grc' dir='ltr'>ψυχάς</span> <span class='ocrx_word' id='word_1_361' title='bbox 793 4138 928 4208; x_wconf 84' lang='grc' dir='ltr'>ὅπερ</span> <span class='ocrx_word' id='word_1_362' title='bbox 950 4136 1065 4188; x_wconf 81' lang='grc' dir='ltr'>ἐστί</span> <span class='ocrx_word' id='word_1_363' title='bbox 1091 4133 1246 4205; x_wconf 84' lang='grc' dir='ltr'>νίκης</span> <span class='ocrx_word' id='word_1_364' title='bbox 1274 4134 1534 4204; x_wconf 82' lang='grc' dir='ltr'>λαμπρᾶς</span> <span class='ocrx_word' id='word_1_365' title='bbox 1559 4133 1653 4185; x_wconf 82' lang='grc' dir='ltr'>καί</span> <span class='ocrx_word' id='word_1_366' title='bbox 1676 4131 1937 4203; x_wconf 84' lang='grc' dir='ltr'>τροπαίου</span> <span class='ocrx_word' id='word_1_367' title='bbox 1969 4131 2125 4201; x_wconf 86' lang='grc' dir='ltr'>μέγι-</span> 
     </span>
    </p>
   </div>
   <div class='ocr_carea' id='block_1_46' title="bbox 555 4215 2122 4291">
    <p class='ocr_par' dir='ltr' id='par_1_46' title="bbox 555 4215 2122 4291">
     <span class='ocr_line' id='line_1_46' title="bbox 555 4215 2122 4291; baseline -0.004 -18"><span class='ocrx_word' id='word_1_368' title='bbox 555 4237 677 4274; x_wconf 88' lang='grc' dir='ltr'>στον</span> <span class='ocrx_word' id='word_1_369' title='bbox 711 4222 1030 4291; x_wconf 86' lang='grc' dir='ltr'>τεκμήριον,</span> <span class='ocrx_word' id='word_1_370' title='bbox 1056 4220 1184 4272; x_wconf 87' lang='grc' dir='ltr'>ὅταν</span> <span class='ocrx_word' id='word_1_371' title='bbox 1217 4219 1291 4288; x_wconf 80' lang='grc' dir='ltr'>μὴ</span> <span class='ocrx_word' id='word_1_372' title='bbox 1320 4217 1505 4287; x_wconf 80' lang='grc' dir='ltr'>χερσὶν</span> <span class='ocrx_word' id='word_1_373' title='bbox 1528 4217 1557 4269; x_wconf 89' lang='grc' dir='ltr'>ό</span> <span class='ocrx_word' id='word_1_374' title='bbox 1591 4215 1823 4286; x_wconf 83' lang='grc' dir='ltr'>πόλεμος</span> <span class='ocrx_word' id='word_1_375' title='bbox 1851 4215 2122 4286; x_wconf 89' lang='grc' dir='ltr'>κρίνηται,</span> 
     </span>
    </p>
   </div>
   <div class='ocr_carea' id='block_1_47' title="bbox 553 4299 2127 4375">
    <p class='ocr_par' dir='ltr' id='par_1_47' title="bbox 553 4299 2127 4375">
     <span class='ocr_line' id='line_1_47' title="bbox 553 4299 2127 4375; baseline -0.003 -18"><span class='ocrx_word' id='word_1_376' title='bbox 553 4303 668 4357; x_wconf 73' lang='grc' dir='ltr'>ἀλλ’</span> <span class='ocrx_word' id='word_1_377' title='bbox 721 4306 755 4374; x_wconf 83' lang='grc' dir='ltr'>ή</span> <span class='ocrx_word' id='word_1_378' title='bbox 817 4304 913 4375; x_wconf 80' lang='grc' dir='ltr'>βοὴ</span> <span class='ocrx_word' id='word_1_379' title='bbox 988 4303 1082 4357; x_wconf 76' lang='grc' dir='ltr'>καὶ</span> <span class='ocrx_word' id='word_1_380' title='bbox 1142 4302 1263 4355; x_wconf 78' lang='grc' dir='ltr'>ἀντὶ</span> <span class='ocrx_word' id='word_1_381' title='bbox 1315 4300 1515 4372; x_wconf 89' lang='grc' dir='ltr'>χειρῶν</span> <span class='ocrx_word' id='word_1_382' title='bbox 1535 4338 1551 4364; x_wconf 91' lang='grc'>,</span> <span class='ocrx_word' id='word_1_383' title='bbox 1609 4299 1704 4353; x_wconf 78' lang='grc' dir='ltr'>καὶ</span> <span class='ocrx_word' id='word_1_384' title='bbox 1760 4301 1880 4354; x_wconf 84' lang='grc' dir='ltr'>ἀντί</span> <span class='ocrx_word' id='word_1_385' title='bbox 1948 4299 2127 4353; x_wconf 87' lang='grc' dir='ltr'>ὃπλων</span> 
     </span>
    </p>
   </div>
   <div class='ocr_carea' id='block_1_48' title="bbox 550 4388 718 4441">
    <p class='ocr_par' dir='ltr' id='par_1_48' title="bbox 550 4388 718 4441">
     <span class='ocr_line' id='line_1_48' title="bbox 550 4388 718 4441; baseline 0 0"><span class='ocrx_word' id='word_1_386' title='bbox 550 4388 718 4441; x_wconf 85' lang='grc' dir='ltr'>ἀοκῆ.</span> 
     </span>
    </p>
   </div>
   <div class='ocr_carea' id='block_1_49' title="bbox 594 4389 2128 4537">
    <p class='ocr_par' dir='ltr' id='par_1_49' title="bbox 594 4389 2128 4537">
     <span class='ocr_line' id='line_1_49' title="bbox 594 4389 2128 4537; baseline -0.001 -18"><span class='ocrx_word' id='word_1_387' title='bbox 594 4389 791 4536; x_wconf 45' lang='grc' dir='ltr'>’Τὸ</span> <span class='ocrx_word' id='word_1_388' title='bbox 823 4465 921 4536; x_wconf 75' lang='grc' dir='ltr'>μὲν</span> <span class='ocrx_word' id='word_1_389' title='bbox 952 4461 1046 4520; x_wconf 82' lang='grc' dir='ltr'>οὖν</span> <span class='ocrx_word' id='word_1_390' title='bbox 1075 4464 1231 4537; x_wconf 85' lang='grc' dir='ltr'>ἔργον</span> <span class='ocrx_word' id='word_1_391' title='bbox 1254 4465 1399 4520; x_wconf 81' lang='grc' dir='ltr'>ἆπαν</span> <span class='ocrx_word' id='word_1_392' title='bbox 1416 4463 1510 4518; x_wconf 87' lang='grc' dir='ltr'>τοῦ</span> <span class='ocrx_word' id='word_1_393' title='bbox 1535 4462 1772 4535; x_wconf 81' lang='grc' dir='ltr'>Χριστοῦ</span> <span class='ocrx_word' id='word_1_394' title='bbox 1793 4464 2012 4532; x_wconf 77' lang='grc' dir='ltr'>γέγονεο</span> <span class='ocrx_word' id='word_1_395' title='bbox 2038 4464 2128 4518; x_wconf 79' lang='grc' dir='ltr'>τὸν</span> 
     </span>
    </p>
   </div>
   <div class='ocr_carea' id='block_1_50' title="bbox 555 4547 2129 4619">
    <p class='ocr_par' dir='ltr' id='par_1_50' title="bbox 555 4547 2129 4619">
     <span class='ocr_line' id='line_1_50' title="bbox 555 4547 2129 4619; baseline -0.001 -18"><span class='ocrx_word' id='word_1_396' title='bbox 555 4548 664 4619; x_wconf 78' lang='grc' dir='ltr'>γὰρ</span> <span class='ocrx_word' id='word_1_397' title='bbox 692 4547 924 4619; x_wconf 81' lang='grc' dir='ltr'>χαλεπὸν</span> <span class='ocrx_word' id='word_1_398' title='bbox 947 4547 1136 4601; x_wconf 82' lang='grc' dir='ltr'>τοῦτον</span> <span class='ocrx_word' id='word_1_399' title='bbox 1168 4549 1329 4612; x_wconf 75' lang='grc' dir='ltr'>αὐτὸς</span> <span class='ocrx_word' id='word_1_400' title='bbox 1365 4547 1629 4602; x_wconf 82' lang='grc' dir='ltr'>κατέλυσε</span> <span class='ocrx_word' id='word_1_401' title='bbox 1657 4547 1923 4616; x_wconf 85' lang='grc' dir='ltr'>πόλεμον,</span> <span class='ocrx_word' id='word_1_402' title='bbox 1959 4548 2129 4616; x_wconf 86' lang='grc' dir='ltr'>δήσας</span> 
     </span>
    </p>
   </div>
   <div class='ocr_carea' id='block_1_51' title="bbox 556 4629 2131 4702">
    <p class='ocr_par' dir='ltr' id='par_1_51' title="bbox 556 4629 2131 4702">
     <span class='ocr_line' id='line_1_51' title="bbox 556 4629 2131 4702; baseline -0.001 -19"><span class='ocrx_word' id='word_1_403' title='bbox 556 4634 646 4685; x_wconf 80' lang='grc' dir='ltr'>τὸν</span> <span class='ocrx_word' id='word_1_404' title='bbox 695 4630 911 4702; x_wconf 73' lang='grc' dir='ltr'>ἰσχυρὸν</span> <span class='ocrx_word' id='word_1_405' title='bbox 942 4631 1037 4683; x_wconf 81' lang='grc' dir='ltr'>καὶ</span> <span class='ocrx_word' id='word_1_406' title='bbox 1079 4631 1146 4684; x_wconf 80' lang='grc' dir='ltr'>τά</span> <span class='ocrx_word' id='word_1_407' title='bbox 1191 4631 1360 4702; x_wconf 86' lang='grc' dir='ltr'>σκεύη</span> <span class='ocrx_word' id='word_1_408' title='bbox 1396 4631 1558 4687; x_wconf 82' lang='grc' dir='ltr'>αὐτοῦ</span> <span class='ocrx_word' id='word_1_409' title='bbox 1593 4631 1919 4701; x_wconf 80' lang='grc' dir='ltr'>διαρπάσας.</span> <span class='ocrx_word' id='word_1_410' title='bbox 1945 4629 2131 4683; x_wconf 81' lang='grc' dir='ltr'>Φιλάν-</span> 
     </span>
    </p>
   </div>
   <div class='ocr_carea' id='block_1_52' title="bbox 557 4713 2132 4786">
    <p class='ocr_par' dir='ltr' id='par_1_52' title="bbox 557 4713 2132 4786">
     <span class='ocr_line' id='line_1_52' title="bbox 557 4713 2132 4786; baseline -0.002 -17"><span class='ocrx_word' id='word_1_411' title='bbox 557 4716 771 4785; x_wconf 86' lang='grc' dir='ltr'>θρωπος</span> <span class='ocrx_word' id='word_1_412' title='bbox 796 4715 852 4767; x_wconf 87' lang='grc' dir='ltr'>δὲ</span> <span class='ocrx_word' id='word_1_413' title='bbox 879 4713 974 4780; x_wconf 86' lang='grc' dir='ltr'>ῶν,</span> <span class='ocrx_word' id='word_1_414' title='bbox 1003 4715 1129 4777; x_wconf 78' lang='grc' dir='ltr'>τοὺς</span> <span class='ocrx_word' id='word_1_415' title='bbox 1150 4715 1301 4768; x_wconf 85' lang='grc' dir='ltr'>οὐδὲν</span> <span class='ocrx_word' id='word_1_416' title='bbox 1328 4717 1670 4786; x_wconf 84' lang='grc' dir='ltr'>πονήσαντας</span> <span class='ocrx_word' id='word_1_417' title='bbox 1690 4756 1705 4782; x_wconf 95' lang='grc'>,</span> <span class='ocrx_word' id='word_1_418' title='bbox 1738 4714 1962 4776; x_wconf 79' lang='grc' dir='ltr'>τούτους</span> <span class='ocrx_word' id='word_1_419' title='bbox 1987 4717 2132 4767; x_wconf 80' lang='grc' dir='ltr'>ποιεῖ</span> 
     </span>
    </p>
   </div>
   <div class='ocr_carea' id='block_1_53' title="bbox 557 4797 2130 4869">
    <p class='ocr_par' dir='ltr' id='par_1_53' title="bbox 557 4797 2130 4869">
     <span class='ocr_line' id='line_1_53' title="bbox 557 4797 2130 4869; baseline 0 -19"><span class='ocrx_word' id='word_1_420' title='bbox 557 4799 655 4868; x_wconf 88' lang='grc' dir='ltr'>τῆς</span> <span class='ocrx_word' id='word_1_421' title='bbox 685 4799 836 4869; x_wconf 89' lang='grc' dir='ltr'>νίκης</span> <span class='ocrx_word' id='word_1_422' title='bbox 869 4798 1085 4851; x_wconf 73' lang='grc' dir='ltr'>καὶτῶν</span> <span class='ocrx_word' id='word_1_423' title='bbox 1104 4799 1378 4869; x_wconf 82' lang='grc' dir='ltr'>τροπαίων</span> <span class='ocrx_word' id='word_1_424' title='bbox 1404 4797 1719 4864; x_wconf 85' lang='grc' dir='ltr'>ἀπολαύειν,</span> <span class='ocrx_word' id='word_1_425' title='bbox 1759 4800 1851 4851; x_wconf 78' lang='grc' dir='ltr'>καὶ</span> <span class='ocrx_word' id='word_1_426' title='bbox 1884 4797 1981 4868; x_wconf 83' lang='grc' dir='ltr'>τὴν</span> <span class='ocrx_word' id='word_1_427' title='bbox 2008 4800 2130 4850; x_wconf 84' lang='grc' dir='ltr'>ἐπι-</span> 
     </span>
    </p>
   </div>
   <div class='ocr_carea' id='block_1_54' title="bbox 558 4880 2132 4952">
    <p class='ocr_par' dir='ltr' id='par_1_54' title="bbox 558 4880 2132 4952">
     <span class='ocr_line' id='line_1_54' title="bbox 558 4880 2132 4952; baseline -0.001 -19"><span class='ocrx_word' id='word_1_428' title='bbox 558 4882 724 4934; x_wconf 88' lang='grc' dir='ltr'>νίκιον</span> <span class='ocrx_word' id='word_1_429' title='bbox 748 4880 1154 4950; x_wconf 77' lang='grc' dir='ltr'>παρασκευάζει</span> <span class='ocrx_word' id='word_1_430' title='bbox 1181 4881 1472 4951; x_wconf 82' lang='grc' dir='ltr'>ἀναφέρειν</span> <span class='ocrx_word' id='word_1_431' title='bbox 1500 4882 1704 4952; x_wconf 82' lang='grc' dir='ltr'>φωνὴν,</span> <span class='ocrx_word' id='word_1_432' title='bbox 1727 4880 1979 4951; x_wconf 85' lang='grc' dir='ltr'>καθάπερ</span> <span class='ocrx_word' id='word_1_433' title='bbox 2006 4880 2132 4944; x_wconf 78' lang='grc' dir='ltr'>τοὺς</span> 
     </span>
    </p>
   </div>
   <div class='ocr_carea' id='block_1_55' title="bbox 560 4962 2134 5036">
    <p class='ocr_par' dir='ltr' id='par_1_55' title="bbox 560 4962 2134 5036">
     <span class='ocr_line' id='line_1_55' title="bbox 560 4962 2134 5036; baseline 0 -20"><span class='ocrx_word' id='word_1_434' title='bbox 560 4963 985 5034; x_wconf 81' lang='grc' dir='ltr'>κατωρθωκότας</span> <span class='ocrx_word' id='word_1_435' title='bbox 1008 4964 1204 5027; x_wconf 74' lang='grc' dir='ltr'>αὐτοὺς</span> <span class='ocrx_word' id='word_1_436' title='bbox 1228 4966 1324 5018; x_wconf 80' lang='grc' dir='ltr'>καὶ</span> <span class='ocrx_word' id='word_1_437' title='bbox 1353 4967 1750 5036; x_wconf 86' lang='grc' dir='ltr'>κρατήσαντας.</span> <span class='ocrx_word' id='word_1_438' title='bbox 1768 4965 1859 5017; x_wconf 78' lang='grc' dir='ltr'>Διὸ</span> <span class='ocrx_word' id='word_1_439' title='bbox 1884 4966 1976 5017; x_wconf 77' lang='grc' dir='ltr'>καὶ</span> <span class='ocrx_word' id='word_1_440' title='bbox 2006 4962 2134 5033; x_wconf 85' lang='grc' dir='ltr'>βοῶ-</span> 
     </span>
    </p>
   </div>
   <div class='ocr_carea' id='block_1_56' title="bbox 563 5045 2133 5118">
    <p class='ocr_par' dir='ltr' id='par_1_56' title="bbox 563 5045 2133 5118">
     <span class='ocr_line' id='line_1_56' title="bbox 563 5045 2133 5118; baseline 0.002 -21"><span class='ocrx_word' id='word_1_441' title='bbox 563 5062 665 5117; x_wconf 85' lang='grc' dir='ltr'>μεν</span> <span class='ocrx_word' id='word_1_442' title='bbox 714 5045 985 5109; x_wconf 72' lang='grc' dir='ltr'>ἅπαντες,</span> <span class='ocrx_word' id='word_1_443' title='bbox 1023 5047 1123 5099; x_wconf 90' lang='grc' dir='ltr'>οὐκ</span> <span class='ocrx_word' id='word_1_444' title='bbox 1174 5047 1385 5118; x_wconf 84' lang='grc' dir='ltr'>ἄσημόν</span> <span class='ocrx_word' id='word_1_445' title='bbox 1426 5066 1545 5101; x_wconf 85' lang='grc' dir='ltr'>τινα</span> <span class='ocrx_word' id='word_1_446' title='bbox 1597 5049 1783 5117; x_wconf 84' lang='grc' dir='ltr'>φωνὴν</span> <span class='ocrx_word' id='word_1_447' title='bbox 1811 5087 1826 5107; x_wconf 90' lang='grc'>,</span> <span class='ocrx_word' id='word_1_448' title='bbox 1861 5046 1998 5100; x_wconf 80' lang='grc' dir='ltr'>ἀλλὰ</span> <span class='ocrx_word' id='word_1_449' title='bbox 2037 5048 2133 5100; x_wconf 75' lang='grc' dir='ltr'>καὶ</span> 
     </span>
    </p>
   </div>
   <div class='ocr_carea' id='block_1_57' title="bbox 562 5127 2134 5203">
    <p class='ocr_par' dir='ltr' id='par_1_57' title="bbox 562 5127 2134 5203">
     <span class='ocr_line' id='line_1_57' title="bbox 562 5127 2134 5203; baseline -0.018 4"><span class='ocrx_word' id='word_1_450' title='bbox 562 5130 766 5203; x_wconf 52' lang='grc' dir='ltr'>σξόδρα</span> <span class='ocrx_word' id='word_1_451' title='bbox 796 5127 1064 5199; x_wconf 73' lang='grc' dir='ltr'>εὔσημον·</span> <span class='ocrx_word' id='word_1_452' title='bbox 1114 5130 1237 5184; x_wconf 86' lang='grc' dir='ltr'>Ποῦ</span> <span class='ocrx_word' id='word_1_453' title='bbox 1269 5145 1417 5195; x_wconf 87' lang='grc' dir='ltr'>σου,</span> <span class='ocrx_word' id='word_1_454' title='bbox 1458 5131 1706 5193; x_wconf 79' lang='grc' dir='ltr'>θάνατε,</span> <span class='ocrx_word' id='word_1_455' title='bbox 1740 5131 1808 5184; x_wconf 85' lang='grc' dir='ltr'>τὸ</span> <span class='ocrx_word' id='word_1_456' title='bbox 1836 5130 2087 5197; x_wconf 82' lang='grc' dir='ltr'>κέντρον</span> <span class='ocrx_word' id='word_1_457' title='bbox 2115 5147 2134 5194; x_wconf 90' lang='grc'><strong><em>;</em></strong></span> 
     </span>
    </p>
   </div>
   <div class='ocr_carea' id='block_1_58' title="bbox 561 5210 2134 5280">
    <p class='ocr_par' dir='ltr' id='par_1_58' title="bbox 561 5210 2134 5280">
     <span class='ocr_line' id='line_1_58' title="bbox 561 5210 2134 5280; baseline -0.002 -13"><span class='ocrx_word' id='word_1_458' title='bbox 561 5213 680 5267; x_wconf 76' lang='grc' dir='ltr'>ποῦ</span> <span class='ocrx_word' id='word_1_459' title='bbox 702 5230 841 5277; x_wconf 91' lang='grc' dir='ltr'>σου,</span> <span class='ocrx_word' id='word_1_460' title='bbox 867 5210 1003 5280; x_wconf 83' lang='grc' dir='ltr'>ᾄδη,</span> <span class='ocrx_word' id='word_1_461' title='bbox 1029 5211 1098 5265; x_wconf 85' lang='grc' dir='ltr'>τὸ</span> <span class='ocrx_word' id='word_1_462' title='bbox 1116 5212 1319 5278; x_wconf 73' lang='grc' dir='ltr'>νῖκοςς</span> <span class='ocrx_word' id='word_1_463' title='bbox 1341 5213 1449 5266; x_wconf 81' lang='grc' dir='ltr'>Καὶ</span> <span class='ocrx_word' id='word_1_464' title='bbox 1482 5213 1663 5277; x_wconf 85' lang='grc' dir='ltr'>πάλιν,</span> <span class='ocrx_word' id='word_1_465' title='bbox 1695 5212 1903 5280; x_wconf 79' lang='grc' dir='ltr'>Ἀνέϐη</span> <span class='ocrx_word' id='word_1_466' title='bbox 1936 5215 1968 5265; x_wconf 88' lang='grc' dir='ltr'><em>ὀ</em></span> <span class='ocrx_word' id='word_1_467' title='bbox 1989 5211 2134 5278; x_wconf 82' lang='grc' dir='ltr'>Θεὸς</span> 
     </span>
    </p>
   </div>
   <div class='ocr_carea' id='block_1_59' title="bbox 561 5294 2132 5368">
    <p class='ocr_par' dir='ltr' id='par_1_59' title="bbox 561 5294 2132 5368">
     <span class='ocr_line' id='line_1_59' title="bbox 561 5294 2132 5368; baseline -0.003 -17"><span class='ocrx_word' id='word_1_468' title='bbox 561 5298 632 5351; x_wconf 73' lang='grc' dir='ltr'>ἐν</span> <span class='ocrx_word' id='word_1_469' title='bbox 658 5294 1000 5365; x_wconf 71' lang='grc' dir='ltr'>ἀλαλαγμῷ.</span> <span class='ocrx_word' id='word_1_470' title='bbox 1025 5295 1194 5350; x_wconf 89' lang='grc' dir='ltr'>Τοῦτο</span> <span class='ocrx_word' id='word_1_471' title='bbox 1225 5297 1335 5367; x_wconf 82' lang='grc' dir='ltr'>γὰρ</span> <span class='ocrx_word' id='word_1_472' title='bbox 1364 5297 1422 5350; x_wconf 79' lang='grc' dir='ltr'>ἐν</span> <span class='ocrx_word' id='word_1_473' title='bbox 1448 5297 1526 5368; x_wconf 79' lang='grc' dir='ltr'>τῷ</span> <span class='ocrx_word' id='word_1_474' title='bbox 1551 5296 1752 5367; x_wconf 77' lang='grc' dir='ltr'>ψαλμῷ</span> <span class='ocrx_word' id='word_1_475' title='bbox 1777 5296 1953 5366; x_wconf 84' lang='grc' dir='ltr'>τούτῳ</span> <span class='ocrx_word' id='word_1_476' title='bbox 1979 5296 2132 5367; x_wconf 79' lang='grc' dir='ltr'>εἰρη-</span> 
     </span>
    </p>
   </div>
   <div class='ocr_carea' id='block_1_60' title="bbox 563 5380 2138 5450">
    <p class='ocr_par' dir='ltr' id='par_1_60' title="bbox 563 5380 2138 5450">
     <span class='ocr_line' id='line_1_60' title="bbox 563 5380 2138 5450; baseline -0.002 -17"><span class='ocrx_word' id='word_1_477' title='bbox 563 5398 673 5436; x_wconf 86' lang='grc' dir='ltr'>ται.</span> <span class='ocrx_word' id='word_1_478' title='bbox 706 5380 815 5434; x_wconf 81' lang='grc' dir='ltr'>Καὶ</span> <span class='ocrx_word' id='word_1_479' title='bbox 855 5380 1016 5435; x_wconf 89' lang='grc' dir='ltr'>πάλιν</span> <span class='ocrx_word' id='word_1_480' title='bbox 1044 5380 1272 5449; x_wconf 80' lang='grc' dir='ltr'>ἀλλαχοῦ</span> <span class='ocrx_word' id='word_1_481' title='bbox 1298 5398 1312 5411; x_wconf 64' lang='grc' dir='ltr'><strong>θ</strong></span> <span class='ocrx_word' id='word_1_482' title='bbox 1348 5380 1581 5447; x_wconf 79' lang='grc' dir='ltr'>Ἁνέϐης</span> <span class='ocrx_word' id='word_1_483' title='bbox 1606 5383 1695 5447; x_wconf 82' lang='grc' dir='ltr'>εἰς</span> <span class='ocrx_word' id='word_1_484' title='bbox 1722 5381 1881 5449; x_wconf 72' lang='grc' dir='ltr'>ὕψος</span> <span class='ocrx_word' id='word_1_485' title='bbox 1900 5420 1914 5444; x_wconf 94' lang='grc'>,</span> <span class='ocrx_word' id='word_1_486' title='bbox 1946 5380 2138 5450; x_wconf 78' lang='grc' dir='ltr'>ᾐχμα-</span> 
     </span>
    </p>
   </div>
   <div class='ocr_carea' id='block_1_61' title="bbox 562 5462 2139 5535">
    <p class='ocr_par' dir='ltr' id='par_1_61' title="bbox 562 5462 2139 5535">
     <span class='ocr_line' id='line_1_61' title="bbox 562 5462 2139 5535; baseline 0 -16"><span class='ocrx_word' id='word_1_487' title='bbox 562 5462 872 5530; x_wconf 70' lang='grc' dir='ltr'>λώτευσας</span> <span class='ocrx_word' id='word_1_488' title='bbox 898 5465 1334 5535; x_wconf 75' lang='grc' dir='ltr'>αἰχμαλωσίαν,</span> <span class='ocrx_word' id='word_1_489' title='bbox 1358 5463 1571 5531; x_wconf 77' lang='grc' dir='ltr'>ἔλαϐες</span> <span class='ocrx_word' id='word_1_490' title='bbox 1590 5465 1818 5534; x_wconf 85' lang='grc' dir='ltr'>δόματα</span> <span class='ocrx_word' id='word_1_491' title='bbox 1837 5466 1906 5520; x_wconf 86' lang='grc' dir='ltr'>ἑν</span> <span class='ocrx_word' id='word_1_492' title='bbox 1926 5464 2139 5531; x_wconf 78' lang='grc' dir='ltr'>ἀνθρώ-</span> 
     </span>
    </p>
   </div>
   <div class='ocr_carea' id='block_1_62' title="bbox 626 5651 1586 5717">
    <p class='ocr_par' dir='ltr' id='par_1_62' title="bbox 626 5651 1586 5717">
     <span class='ocr_line' id='line_1_62' title="bbox 626 5651 1586 5717; baseline -0.001 -16"><span class='ocrx_word' id='word_1_493' title='bbox 626 5651 655 5717; x_wconf 56' lang='lat' dir='ltr'><strong>f</strong></span> <span class='ocrx_word' id='word_1_494' title='bbox 681 5652 785 5717; x_wconf 52' lang='grc' dir='ltr'>ρᾌΙὶἰΔ</span> <span class='ocrx_word' id='word_1_495' title='bbox 794 5656 854 5717; x_wconf 69' lang='lat'>01</span> <span class='ocrx_word' id='word_1_496' title='bbox 879 5652 1030 5717; x_wconf 54' lang='grc' dir='ltr'>σπῆι.</span> <span class='ocrx_word' id='word_1_497' title='bbox 1053 5656 1118 5717; x_wconf 72' lang='grc' dir='ltr'>ὡς</span> <span class='ocrx_word' id='word_1_498' title='bbox 1133 5655 1246 5717; x_wconf 80' lang='grc' dir='ltr'>ὅταν</span> <span class='ocrx_word' id='word_1_499' title='bbox 1264 5655 1397 5717; x_wconf 84' lang='grc' dir='ltr'>λέγῃ,</span> <span class='ocrx_word' id='word_1_500' title='bbox 1416 5654 1586 5703; x_wconf 84' lang='grc' dir='ltr'>Λύκοι.</span> 
     </span>
    </p>
   </div>
   <div class='ocr_carea' id='block_1_63' title="bbox 627 5712 1452 5779">
    <p class='ocr_par' dir='ltr' id='par_1_63' title="bbox 627 5712 1452 5779">
     <span class='ocr_line' id='line_1_63' title="bbox 627 5712 1452 5779; baseline 0.022 -21"><span class='ocrx_word' id='word_1_501' title='bbox 627 5712 657 5779; x_wconf 58' lang='lat'>1</span> <span class='ocrx_word' id='word_1_502' title='bbox 677 5714 826 5779; x_wconf 65' lang='grc' dir='ltr'>ξενίί.</span> <span class='ocrx_word' id='word_1_503' title='bbox 849 5714 982 5779; x_wconf 75' lang='lat' dir='ltr'><strong>addjl</strong></span> <span class='ocrx_word' id='word_1_504' title='bbox 1000 5712 1338 5779; x_wconf 53' lang='lat' dir='ltr'><strong>61111141611er</strong></span> <span class='ocrx_word' id='word_1_505' title='bbox 1356 5712 1365 5716; x_wconf 80' lang='grc'><em>’</em></span> <span class='ocrx_word' id='word_1_506' title='bbox 1384 5712 1391 5715; x_wconf 67' lang='grc'><strong><em>⁷</em></strong></span> <span class='ocrx_word' id='word_1_507' title='bbox 1414 5778 1419 5779; x_wconf 26' lang='grc' dir='ltr'><em>ν</em></span> <span class='ocrx_word' id='word_1_508' title='bbox 1438 5737 1452 5752; x_wconf 89' lang='grc'><strong>·</strong></span> 
     </span>
    </p>
   </div>
   <div class='ocr_carea' id='block_1_64' title="bbox 628 5775 2044 5840">
    <p class='ocr_par' dir='ltr' id='par_1_64' title="bbox 628 5775 2044 5840">
     <span class='ocr_line' id='line_1_64' title="bbox 628 5775 2044 5840; baseline 0.003 -20"><span class='ocrx_word' id='word_1_509' title='bbox 628 5777 650 5805; x_wconf 70' lang='grc' dir='ltr'><strong><em>ο</em></strong></span> <span class='ocrx_word' id='word_1_510' title='bbox 676 5776 825 5824; x_wconf 69' lang='lat' dir='ltr'>Sam.</span> <span class='ocrx_word' id='word_1_511' title='bbox 849 5782 902 5825; x_wconf 77' lang='lat' dir='ltr'><strong>et</strong></span> <span class='ocrx_word' id='word_1_512' title='bbox 922 5775 1020 5826; x_wconf 87' lang='lat' dir='ltr'>duo</span> <span class='ocrx_word' id='word_1_513' title='bbox 1040 5775 1154 5826; x_wconf 62' lang='lat' dir='ltr'>mss}.</span> <span class='ocrx_word' id='word_1_514' title='bbox 1186 5775 1248 5839; x_wconf 75' lang='grc' dir='ltr'>’τῇ</span> <span class='ocrx_word' id='word_1_515' title='bbox 1274 5778 1529 5837; x_wconf 80' lang='grc' dir='ltr'>συστάδην.</span> <span class='ocrx_word' id='word_1_516' title='bbox 1573 5777 1745 5828; x_wconf 82' lang='lat' dir='ltr'>Morel.</span> <span class='ocrx_word' id='word_1_517' title='bbox 1770 5782 1827 5840; x_wconf 81' lang='grc' dir='ltr'>τῇ</span> <span class='ocrx_word' id='word_1_518' title='bbox 1845 5775 2044 5839; x_wconf 69' lang='grc' dir='ltr'>ὑστάτῃ.</span> 
     </span>
    </p>
   </div>
   <div class='ocr_carea' id='block_1_65' title="bbox 1278 345 3153 429">
    <p class='ocr_par' dir='ltr' id='par_1_65' title="bbox 1278 345 3153 429">
     <span class='ocr_line' id='line_1_65' title="bbox 1278 345 3153 429; baseline -0.001 -24"><span class='ocrx_word' id='word_1_519' title='bbox 1278 348 1342 405; x_wconf 83' lang='lat' dir='ltr'>S.</span> <span class='ocrx_word' id='word_1_520' title='bbox 1384 348 1666 405; x_wconf 62' lang='lat' dir='ltr'>JOANNXS</span> <span class='ocrx_word' id='word_1_521' title='bbox 1702 345 2196 403; x_wconf 71' lang='lat' dir='ltr'>CHRYSOSTOMI</span> <span class='ocrx_word' id='word_1_522' title='bbox 2237 345 2562 403; x_wconf 72' lang='lat' dir='ltr'>AIKCHIEP.</span> <span class='ocrx_word' id='word_1_523' title='bbox 2602 346 3153 429; x_wconf 58' lang='lat' dir='ltr'>CONSTANTINOP.</span> 
     </span>
    </p>
   </div>
   <div class='ocr_carea' id='block_1_66' title="bbox 3667 350 3773 406">
    <p class='ocr_par' dir='ltr' id='par_1_66' title="bbox 3667 350 3773 406">
     <span class='ocr_line' id='line_1_66' title="bbox 3667 350 3773 406; baseline 0.019 -2"><span class='ocrx_word' id='word_1_524' title='bbox 3667 350 3773 406; x_wconf 70' lang='lat'>9.1&quot;)</span> 
     </span>
    </p>
   </div>
   <div class='ocr_carea' id='block_1_67' title="bbox 2200 465 3777 539">
    <p class='ocr_par' dir='ltr' id='par_1_67' title="bbox 2200 465 3777 539">
     <span class='ocr_line' id='line_1_67' title="bbox 2200 465 3777 539; baseline 0.003 -20"><span class='ocrx_word' id='word_1_525' title='bbox 2200 480 2356 533; x_wconf 79' lang='grc' dir='ltr'>ποις.</span> <span class='ocrx_word' id='word_1_526' title='bbox 2396 468 2728 539; x_wconf 75' lang='grc' dir='ltr'>Ἀνήνεγκάν</span> <span class='ocrx_word' id='word_1_527' title='bbox 2772 485 2902 521; x_wconf 87' lang='grc' dir='ltr'>ποτε</span> <span class='ocrx_word' id='word_1_528' title='bbox 2935 470 3031 521; x_wconf 74' lang='grc' dir='ltr'>καὶ</span> <span class='ocrx_word' id='word_1_529' title='bbox 3083 467 3322 523; x_wconf 84' lang='grc' dir='ltr'>Ἰουδαῖοι</span> <span class='ocrx_word' id='word_1_530' title='bbox 3361 465 3626 522; x_wconf 76' lang='grc' dir='ltr'>ἐπινίκιον</span> <span class='ocrx_word' id='word_1_531' title='bbox 3663 488 3777 539; x_wconf 82' lang='grc' dir='ltr'>φω-</span> 
     </span>
    </p>
   </div>
   <div class='ocr_carea' id='block_1_68' title="bbox 2200 558 3777 629">
    <p class='ocr_par' dir='ltr' id='par_1_68' title="bbox 2200 558 3777 629">
     <span class='ocr_line' id='line_1_68' title="bbox 2200 558 3777 629; baseline 0.003 -18"><span class='ocrx_word' id='word_1_532' title='bbox 2200 558 2318 629; x_wconf 80' lang='grc' dir='ltr'>νὴν,</span> <span class='ocrx_word' id='word_1_533' title='bbox 2354 559 2441 611; x_wconf 85' lang='grc' dir='ltr'>ὅτε</span> <span class='ocrx_word' id='word_1_534' title='bbox 2470 559 2580 612; x_wconf 90' lang='grc' dir='ltr'>τῶν</span> <span class='ocrx_word' id='word_1_535' title='bbox 2616 559 2927 628; x_wconf 81' lang='grc' dir='ltr'>Αἰγυπτίων</span> <span class='ocrx_word' id='word_1_536' title='bbox 2960 560 3022 613; x_wconf 80' lang='grc' dir='ltr'>τὸ</span> <span class='ocrx_word' id='word_1_537' title='bbox 3063 560 3427 629; x_wconf 85' lang='grc' dir='ltr'>στρατόπεδον</span> <span class='ocrx_word' id='word_1_538' title='bbox 3461 564 3777 615; x_wconf 80' lang='grc' dir='ltr'>κατεποντί-</span> 
     </span>
    </p>
   </div>
   <div class='ocr_carea' id='block_1_69' title="bbox 2202 648 3775 722">
    <p class='ocr_par' dir='ltr' id='par_1_69' title="bbox 2202 648 3775 722">
     <span class='ocr_line' id='line_1_69' title="bbox 2202 648 3775 722; baseline 0.002 -19"><span class='ocrx_word' id='word_1_539' title='bbox 2202 650 2344 715; x_wconf 84' lang='grc' dir='ltr'>ζετο,</span> <span class='ocrx_word' id='word_1_540' title='bbox 2374 651 2623 721; x_wconf 89' lang='grc' dir='ltr'>λέγοντες</span> <span class='ocrx_word' id='word_1_541' title='bbox 2647 668 2661 682; x_wconf 72' lang='grc'><strong><em>⁸</em></strong></span> <span class='ocrx_word' id='word_1_542' title='bbox 2692 653 2968 722; x_wconf 77' lang='grc' dir='ltr'>’ᾼσωμεν</span> <span class='ocrx_word' id='word_1_543' title='bbox 2996 648 3077 715; x_wconf 82' lang='grc' dir='ltr'>τῷ</span> <span class='ocrx_word' id='word_1_544' title='bbox 3113 651 3339 718; x_wconf 83' lang='grc' dir='ltr'>Κυρίῳ·</span> <span class='ocrx_word' id='word_1_545' title='bbox 3373 651 3633 719; x_wconf 79' lang='grc' dir='ltr'>ἐνδόξως</span> <span class='ocrx_word' id='word_1_546' title='bbox 3663 656 3775 722; x_wconf 74' lang='grc' dir='ltr'>γὰρ</span> 
     </span>
    </p>
   </div>
   <div class='ocr_carea' id='block_1_70' title="bbox 2202 740 3779 813">
    <p class='ocr_par' dir='ltr' id='par_1_70' title="bbox 2202 740 3779 813">
     <span class='ocr_line' id='line_1_70' title="bbox 2202 740 3779 813; baseline 0.002 -19"><span class='ocrx_word' id='word_1_547' title='bbox 2202 742 2578 806; x_wconf 74' lang='grc' dir='ltr'>δεδόξασται.</span> <span class='ocrx_word' id='word_1_548' title='bbox 2612 743 2748 795; x_wconf 82' lang='grc' dir='ltr'>Ἀλλ’</span> <span class='ocrx_word' id='word_1_549' title='bbox 2771 746 2804 812; x_wconf 79' lang='grc' dir='ltr'>ἡ</span> <span class='ocrx_word' id='word_1_550' title='bbox 2832 741 3079 813; x_wconf 85' lang='grc' dir='ltr'>ἡμετέρα</span> <span class='ocrx_word' id='word_1_551' title='bbox 3113 740 3288 813; x_wconf 81' lang='grc' dir='ltr'>πολλῷ</span> <span class='ocrx_word' id='word_1_552' title='bbox 3323 740 3542 813; x_wconf 79' lang='grc' dir='ltr'>μείζων,</span> <span class='ocrx_word' id='word_1_553' title='bbox 3566 741 3663 797; x_wconf 83' lang='grc' dir='ltr'>οὐκ</span> <span class='ocrx_word' id='word_1_554' title='bbox 3680 744 3779 797; x_wconf 73' lang='grc' dir='ltr'>Λί-</span> 
     </span>
    </p>
   </div>
   <div class='ocr_carea' id='block_1_71' title="bbox 2203 820 3775 903">
    <p class='ocr_par' dir='ltr' id='par_1_71' title="bbox 2203 820 3775 903">
     <span class='ocr_line' id='line_1_71' title="bbox 2203 820 3775 903; baseline 0.003 -17"><span class='ocrx_word' id='word_1_555' title='bbox 2203 835 2467 903; x_wconf 82' lang='grc' dir='ltr'>γυπτίων,</span> <span class='ocrx_word' id='word_1_556' title='bbox 2484 832 2619 887; x_wconf 82' lang='grc' dir='ltr'>ἀλλὰ</span> <span class='ocrx_word' id='word_1_557' title='bbox 2635 834 2743 886; x_wconf 88' lang='grc' dir='ltr'>τῶν</span> <span class='ocrx_word' id='word_1_558' title='bbox 2758 820 3027 903; x_wconf 76' lang='grc' dir='ltr'>δαιμόνων</span> <span class='ocrx_word' id='word_1_559' title='bbox 3045 833 3594 889; x_wconf 62' lang='grc' dir='ltr'>καταποντισθέντωφ</span> <span class='ocrx_word' id='word_1_560' title='bbox 3612 838 3669 890; x_wconf 85' lang='grc' dir='ltr'>οὐ</span> <span class='ocrx_word' id='word_1_561' title='bbox 3684 836 3775 890; x_wconf 89' lang='grc' dir='ltr'>τοῦ</span> 
     </span>
    </p>
   </div>
   <div class='ocr_carea' id='block_1_72' title="bbox 2202 917 3778 990">
    <p class='ocr_par' dir='ltr' id='par_1_72' title="bbox 2202 917 3778 990">
     <span class='ocr_line' id='line_1_72' title="bbox 2202 917 3778 990; baseline 0.003 -20"><span class='ocrx_word' id='word_1_562' title='bbox 2202 918 2404 990; x_wconf 80' lang='grc' dir='ltr'>Φαραὼ</span> <span class='ocrx_word' id='word_1_563' title='bbox 2437 918 2571 972; x_wconf 78' lang='grc' dir='ltr'>ἀλλὰ</span> <span class='ocrx_word' id='word_1_564' title='bbox 2602 917 2696 971; x_wconf 86' lang='grc' dir='ltr'>τοῦ</span> <span class='ocrx_word' id='word_1_565' title='bbox 2722 917 2970 971; x_wconf 78' lang='grc' dir='ltr'>διαϐόλου</span> <span class='ocrx_word' id='word_1_566' title='bbox 2995 917 3308 986; x_wconf 86' lang='grc' dir='ltr'>νικηθέντος</span> <span class='ocrx_word' id='word_1_567' title='bbox 3328 935 3341 949; x_wconf 71' lang='grc' dir='ltr'><strong>ο</strong></span> <span class='ocrx_word' id='word_1_568' title='bbox 3370 920 3429 971; x_wconf 83' lang='grc' dir='ltr'>οὐ</span> <span class='ocrx_word' id='word_1_569' title='bbox 3466 920 3574 972; x_wconf 82' lang='grc' dir='ltr'>τῶν</span> <span class='ocrx_word' id='word_1_570' title='bbox 3601 919 3778 974; x_wconf 84' lang='grc' dir='ltr'>ὃπλων</span> 
     </span>
    </p>
   </div>
   <div class='ocr_carea' id='block_1_73' title="bbox 2203 1008 3783 1082">
    <p class='ocr_par' dir='ltr' id='par_1_73' title="bbox 2203 1008 3783 1082">
     <span class='ocr_line' id='line_1_73' title="bbox 2203 1008 3783 1082; baseline 0.001 -21"><span class='ocrx_word' id='word_1_571' title='bbox 2203 1008 2517 1079; x_wconf 80' lang='grc' dir='ltr'>ληφθέντων</span> <span class='ocrx_word' id='word_1_572' title='bbox 2536 1010 2643 1062; x_wconf 89' lang='grc' dir='ltr'>τῶν</span> <span class='ocrx_word' id='word_1_573' title='bbox 2664 1010 2959 1080; x_wconf 85' lang='grc' dir='ltr'>αἰσθητῶν,</span> <span class='ocrx_word' id='word_1_574' title='bbox 2993 1010 3129 1064; x_wconf 87' lang='grc' dir='ltr'>ἀλλά</span> <span class='ocrx_word' id='word_1_575' title='bbox 3144 1011 3243 1082; x_wconf 89' lang='grc' dir='ltr'>τῆς</span> <span class='ocrx_word' id='word_1_576' title='bbox 3263 1011 3460 1074; x_wconf 87' lang='grc' dir='ltr'>κακίας</span> <span class='ocrx_word' id='word_1_577' title='bbox 3481 1011 3783 1080; x_wconf 82' lang='grc' dir='ltr'>ἀναιρεθεί-</span> 
     </span>
    </p>
   </div>
   <div class='ocr_carea' id='block_1_74' title="bbox 2208 1102 3781 1179">
    <p class='ocr_par' dir='ltr' id='par_1_74' title="bbox 2208 1102 3781 1179">
     <span class='ocr_line' id='line_1_74' title="bbox 2208 1102 3781 1179; baseline -0.001 -24"><span class='ocrx_word' id='word_1_578' title='bbox 2208 1119 2326 1171; x_wconf 82' lang='grc' dir='ltr'>σης·</span> <span class='ocrx_word' id='word_1_579' title='bbox 2348 1102 2449 1156; x_wconf 80' lang='grc' dir='ltr'>οὐκ</span> <span class='ocrx_word' id='word_1_580' title='bbox 2474 1103 2533 1155; x_wconf 85' lang='grc' dir='ltr'>ἐν</span> <span class='ocrx_word' id='word_1_581' title='bbox 2570 1102 2807 1174; x_wconf 84' lang='grc' dir='ltr'>Ἐρυθρᾷ</span> <span class='ocrx_word' id='word_1_582' title='bbox 2826 1103 3089 1179; x_wconf 83' lang='grc' dir='ltr'>θαλάσσῃ,</span> <span class='ocrx_word' id='word_1_583' title='bbox 3123 1104 3236 1158; x_wconf 86' lang='grc' dir='ltr'>ἀλλ’</span> <span class='ocrx_word' id='word_1_584' title='bbox 3261 1107 3318 1159; x_wconf 88' lang='grc' dir='ltr'>ἐν</span> <span class='ocrx_word' id='word_1_585' title='bbox 3347 1103 3426 1174; x_wconf 83' lang='grc' dir='ltr'>τῷ</span> <span class='ocrx_word' id='word_1_586' title='bbox 3450 1102 3657 1174; x_wconf 89' lang='grc' dir='ltr'>λουτρῷ</span> <span class='ocrx_word' id='word_1_587' title='bbox 3682 1104 3781 1172; x_wconf 83' lang='grc' dir='ltr'>τῆς</span> 
     </span>
    </p>
   </div>
   <div class='ocr_carea' id='block_1_75' title="bbox 2208 1195 3783 1268">
    <p class='ocr_par' dir='ltr' id='par_1_75' title="bbox 2208 1195 3783 1268">
     <span class='ocr_line' id='line_1_75' title="bbox 2208 1195 3783 1268; baseline -0.001 -19"><span class='ocrx_word' id='word_1_588' title='bbox 2208 1196 2624 1265; x_wconf 72' lang='grc' dir='ltr'>παλιγγενεσίας</span> <span class='ocrx_word' id='word_1_589' title='bbox 2642 1212 2655 1227; x_wconf 72' lang='grc' dir='ltr'><strong>ο</strong></span> <span class='ocrx_word' id='word_1_590' title='bbox 2682 1198 2783 1251; x_wconf 87' lang='grc' dir='ltr'>οὐκ</span> <span class='ocrx_word' id='word_1_591' title='bbox 2803 1199 2881 1260; x_wconf 87' lang='grc' dir='ltr'>εἰς</span> <span class='ocrx_word' id='word_1_592' title='bbox 2900 1197 2997 1268; x_wconf 84' lang='grc' dir='ltr'>τὴν</span> <span class='ocrx_word' id='word_1_593' title='bbox 3023 1198 3129 1266; x_wconf 85' lang='grc' dir='ltr'>γῆν</span> <span class='ocrx_word' id='word_1_594' title='bbox 3146 1199 3244 1267; x_wconf 89' lang='grc' dir='ltr'>τῆς</span> <span class='ocrx_word' id='word_1_595' title='bbox 3264 1196 3598 1267; x_wconf 76' lang='grc' dir='ltr'>ἐπαγγελίας</span> <span class='ocrx_word' id='word_1_596' title='bbox 3617 1195 3783 1260; x_wconf 78' lang='grc' dir='ltr'>ἐξιόν-</span> 
     </span>
    </p>
   </div>
   <div class='ocr_carea' id='block_1_76' title="bbox 2206 1288 3783 1362">
    <p class='ocr_par' dir='ltr' id='par_1_76' title="bbox 2206 1288 3783 1362">
     <span class='ocr_line' id='line_1_76' title="bbox 2206 1288 3783 1362; baseline 0 -21"><span class='ocrx_word' id='word_1_597' title='bbox 2206 1307 2336 1351; x_wconf 58' lang='grc' dir='ltr'>των,</span> <span class='ocrx_word' id='word_1_598' title='bbox 2360 1288 2474 1342; x_wconf 86' lang='grc' dir='ltr'>ἀλλ’</span> <span class='ocrx_word' id='word_1_599' title='bbox 2503 1292 2581 1353; x_wconf 88' lang='grc' dir='ltr'>εἰς</span> <span class='ocrx_word' id='word_1_600' title='bbox 2600 1289 2693 1343; x_wconf 83' lang='grc' dir='ltr'>τὸν</span> <span class='ocrx_word' id='word_1_601' title='bbox 2728 1290 2952 1362; x_wconf 84' lang='grc' dir='ltr'>οὐρανὸν</span> <span class='ocrx_word' id='word_1_602' title='bbox 2982 1289 3488 1362; x_wconf 77' lang='grc' dir='ltr'>μεθορμιζομένων’</span> <span class='ocrx_word' id='word_1_603' title='bbox 3519 1289 3581 1342; x_wconf 87' lang='grc' dir='ltr'>οὐ</span> <span class='ocrx_word' id='word_1_604' title='bbox 3609 1289 3783 1358; x_wconf 84' lang='grc' dir='ltr'>μάννα</span> 
     </span>
    </p>
   </div>
   <div class='ocr_carea' id='block_1_77' title="bbox 2208 1381 3783 1453">
    <p class='ocr_par' dir='ltr' id='par_1_77' title="bbox 2208 1381 3783 1453">
     <span class='ocr_line' id='line_1_77' title="bbox 2208 1381 3783 1453; baseline -0.001 -19"><span class='ocrx_word' id='word_1_605' title='bbox 2208 1382 2499 1435; x_wconf 78' lang='grc' dir='ltr'>ἐσθιόντων</span> <span class='ocrx_word' id='word_1_606' title='bbox 2521 1424 2537 1447; x_wconf 94' lang='grc'>,</span> <span class='ocrx_word' id='word_1_607' title='bbox 2566 1382 2700 1436; x_wconf 86' lang='grc' dir='ltr'>ἀλλά</span> <span class='ocrx_word' id='word_1_608' title='bbox 2742 1382 2901 1453; x_wconf 87' lang='grc' dir='ltr'>σῶμα</span> <span class='ocrx_word' id='word_1_609' title='bbox 2940 1383 3274 1452; x_wconf 83' lang='grc' dir='ltr'>σιτουμένων</span> <span class='ocrx_word' id='word_1_610' title='bbox 3306 1382 3649 1435; x_wconf 87' lang='grc' dir='ltr'>δεσποτικόν·</span> <span class='ocrx_word' id='word_1_611' title='bbox 3683 1381 3783 1450; x_wconf 78' lang='grc' dir='ltr'>οὐχ</span> 
     </span>
    </p>
   </div>
   <div class='ocr_carea' id='block_1_78' title="bbox 2212 1470 3782 1546">
    <p class='ocr_par' dir='ltr' id='par_1_78' title="bbox 2212 1470 3782 1546">
     <span class='ocr_line' id='line_1_78' title="bbox 2212 1470 3782 1546; baseline -0.001 -20"><span class='ocrx_word' id='word_1_612' title='bbox 2212 1473 2356 1545; x_wconf 79' lang='grc' dir='ltr'>ὕδωρ</span> <span class='ocrx_word' id='word_1_613' title='bbox 2373 1474 2633 1528; x_wconf 89' lang='grc' dir='ltr'>πινόντων</span> <span class='ocrx_word' id='word_1_614' title='bbox 2651 1473 2758 1528; x_wconf 78' lang='grc' dir='ltr'>ἀπὸ</span> <span class='ocrx_word' id='word_1_615' title='bbox 2778 1475 3003 1545; x_wconf 85' lang='grc' dir='ltr'>πέτρας,</span> <span class='ocrx_word' id='word_1_616' title='bbox 3018 1475 3131 1528; x_wconf 82' lang='grc' dir='ltr'>ἀλλ’</span> <span class='ocrx_word' id='word_1_617' title='bbox 3144 1470 3280 1545; x_wconf 73' lang='grc' dir='ltr'>αἷμα</span> <span class='ocrx_word' id='word_1_618' title='bbox 3297 1475 3402 1528; x_wconf 74' lang='grc' dir='ltr'>ἀπὸ</span> <span class='ocrx_word' id='word_1_619' title='bbox 3417 1474 3668 1546; x_wconf 80' lang='grc' dir='ltr'>πλευρᾶς.</span> <span class='ocrx_word' id='word_1_620' title='bbox 3684 1473 3782 1525; x_wconf 79' lang='grc' dir='ltr'>Διά</span> 
     </span>
    </p>
   </div>
   <div class='ocr_carea' id='block_1_79' title="bbox 2210 1556 3785 1627">
    <p class='ocr_par' dir='ltr' id='par_1_79' title="bbox 2210 1556 3785 1627">
     <span class='ocr_line' id='line_1_79' title="bbox 2210 1556 3785 1627; baseline 0.001 -19"><span class='ocrx_word' id='word_1_621' title='bbox 2210 1556 2367 1609; x_wconf 84' lang='grc' dir='ltr'>τοῦτό</span> <span class='ocrx_word' id='word_1_622' title='bbox 2399 1570 2567 1626; x_wconf 85' lang='grc' dir='ltr'>φησι·</span> <span class='ocrx_word' id='word_1_623' title='bbox 2597 1556 2938 1624; x_wconf 79' lang='grc' dir='ltr'>Κροτήσατε</span> <span class='ocrx_word' id='word_1_624' title='bbox 2976 1557 3197 1627; x_wconf 73' lang='grc' dir='ltr'>χεῖρας,</span> <span class='ocrx_word' id='word_1_625' title='bbox 3226 1560 3307 1611; x_wconf 80' lang='grc' dir='ltr'>ὅτι</span> <span class='ocrx_word' id='word_1_626' title='bbox 3350 1556 3512 1611; x_wconf 77' lang='grc' dir='ltr'>λίθων</span> <span class='ocrx_word' id='word_1_627' title='bbox 3539 1556 3785 1611; x_wconf 85' lang='grc' dir='ltr'>ἀπαλλα-</span> 
     </span>
    </p>
   </div>
   <div class='ocr_carea' id='block_1_80' title="bbox 2212 1648 3783 1722">
    <p class='ocr_par' dir='ltr' id='par_1_80' title="bbox 2212 1648 3783 1722">
     <span class='ocr_line' id='line_1_80' title="bbox 2212 1648 3783 1722; baseline -0.002 -19"><span class='ocrx_word' id='word_1_628' title='bbox 2212 1650 2400 1718; x_wconf 86' lang='grc' dir='ltr'>γέντες</span> <span class='ocrx_word' id='word_1_629' title='bbox 2442 1649 2536 1703; x_wconf 79' lang='grc' dir='ltr'>καὶ</span> <span class='ocrx_word' id='word_1_630' title='bbox 2587 1648 2779 1715; x_wconf 82' lang='grc' dir='ltr'>ξύλων,</span> <span class='ocrx_word' id='word_1_631' title='bbox 2825 1649 3131 1722; x_wconf 79' lang='grc' dir='ltr'>ὑπερέϐητε</span> <span class='ocrx_word' id='word_1_632' title='bbox 3179 1651 3308 1714; x_wconf 78' lang='grc' dir='ltr'>τοὺς</span> <span class='ocrx_word' id='word_1_633' title='bbox 3356 1650 3638 1719; x_wconf 75' lang='grc' dir='ltr'>οὐρανοὺς,</span> <span class='ocrx_word' id='word_1_634' title='bbox 3688 1648 3783 1702; x_wconf 76' lang='grc' dir='ltr'>καὶ</span> 
     </span>
    </p>
   </div>
   <div class='ocr_carea' id='block_1_81' title="bbox 2213 1732 3783 1806">
    <p class='ocr_par' dir='ltr' id='par_1_81' title="bbox 2213 1732 3783 1806">
     <span class='ocr_line' id='line_1_81' title="bbox 2213 1732 3783 1806; baseline -0.002 -18"><span class='ocrx_word' id='word_1_635' title='bbox 2213 1735 2341 1799; x_wconf 78' lang='grc' dir='ltr'>τοὺς</span> <span class='ocrx_word' id='word_1_636' title='bbox 2372 1735 2634 1804; x_wconf 81' lang='grc' dir='ltr'>οὐρανοὺς</span> <span class='ocrx_word' id='word_1_637' title='bbox 2661 1734 2769 1787; x_wconf 88' lang='grc' dir='ltr'>τῶν</span> <span class='ocrx_word' id='word_1_638' title='bbox 2796 1735 3065 1806; x_wconf 81' lang='grc' dir='ltr'>οὐρανῶν,</span> <span class='ocrx_word' id='word_1_639' title='bbox 3103 1736 3195 1789; x_wconf 77' lang='grc' dir='ltr'>καὶ</span> <span class='ocrx_word' id='word_1_640' title='bbox 3226 1734 3365 1804; x_wconf 84' lang='grc' dir='ltr'>πρὸς</span> <span class='ocrx_word' id='word_1_641' title='bbox 3395 1733 3557 1787; x_wconf 73' lang='grc' dir='ltr'>αὐτὸν</span> <span class='ocrx_word' id='word_1_642' title='bbox 3592 1732 3783 1802; x_wconf 75' lang='grc' dir='ltr'>ἔστητε</span> 
     </span>
    </p>
   </div>
   <div class='ocr_carea' id='block_1_82' title="bbox 2212 1814 3785 1890">
    <p class='ocr_par' dir='ltr' id='par_1_82' title="bbox 2212 1814 3785 1890">
     <span class='ocr_line' id='line_1_82' title="bbox 2212 1814 3785 1890; baseline -0.003 -19"><span class='ocrx_word' id='word_1_643' title='bbox 2212 1819 2305 1871; x_wconf 77' lang='grc' dir='ltr'>τὸν</span> <span class='ocrx_word' id='word_1_644' title='bbox 2352 1817 2539 1890; x_wconf 92' lang='grc' dir='ltr'>θρόνον</span> <span class='ocrx_word' id='word_1_645' title='bbox 2587 1818 2681 1870; x_wconf 82' lang='grc' dir='ltr'>τὸν</span> <span class='ocrx_word' id='word_1_646' title='bbox 2725 1816 3022 1888; x_wconf 84' lang='grc' dir='ltr'>βασιλικόν.</span> <span class='ocrx_word' id='word_1_647' title='bbox 3086 1817 3445 1882; x_wconf 62' lang='grc' dir='ltr'>Ἀλαλάξατε</span> <span class='ocrx_word' id='word_1_648' title='bbox 3489 1816 3667 1870; x_wconf 88' lang='grc' dir='ltr'>τοίνυν</span> <span class='ocrx_word' id='word_1_649' title='bbox 3705 1814 3785 1880; x_wconf 80' lang='grc' dir='ltr'>τῷ</span> 
     </span>
    </p>
   </div>
   <div class='ocr_carea' id='block_1_83' title="bbox 2216 1895 3787 1972">
    <p class='ocr_par' dir='ltr' id='par_1_83' title="bbox 2216 1895 3787 1972">
     <span class='ocr_line' id='line_1_83' title="bbox 2216 1895 3787 1972; baseline -0.002 -18"><span class='ocrx_word' id='word_1_650' title='bbox 2216 1900 2341 1966; x_wconf 85' lang='grc' dir='ltr'>Θεῷ</span> <span class='ocrx_word' id='word_1_651' title='bbox 2369 1940 2382 1958; x_wconf 90' lang='grc'>.</span> <span class='ocrx_word' id='word_1_652' title='bbox 2441 1895 2988 1971; x_wconf 85' lang='grc' dir='ltr'>τουτέστιν,¹Εκείνῳ</span> <span class='ocrx_word' id='word_1_653' title='bbox 3032 1901 3131 1970; x_wconf 81' lang='grc' dir='ltr'>τὴν</span> <span class='ocrx_word' id='word_1_654' title='bbox 3182 1901 3531 1972; x_wconf 88' lang='grc' dir='ltr'>εὐχαριστίαν</span> <span class='ocrx_word' id='word_1_655' title='bbox 3569 1899 3787 1967; x_wconf 88' lang='grc' dir='ltr'>ἀνενέγ-</span> 
     </span>
    </p>
   </div>
   <div class='ocr_carea' id='block_1_84' title="bbox 2218 1982 3786 2055">
    <p class='ocr_par' dir='ltr' id='par_1_84' title="bbox 2218 1982 3786 2055">
     <span class='ocr_line' id='line_1_84' title="bbox 2218 1982 3786 2055; baseline -0.001 -18"><span class='ocrx_word' id='word_1_656' title='bbox 2218 1982 2407 2048; x_wconf 76' lang='grc' dir='ltr'>κατειι,</span> <span class='ocrx_word' id='word_1_657' title='bbox 2433 1983 2627 2053; x_wconf 85' lang='grc' dir='ltr'>ἐκείνῳ</span> <span class='ocrx_word' id='word_1_658' title='bbox 2650 1984 2748 2054; x_wconf 83' lang='grc' dir='ltr'>τὴν</span> <span class='ocrx_word' id='word_1_659' title='bbox 2765 1983 2942 2055; x_wconf 88' lang='grc' dir='ltr'>νίκην,</span> <span class='ocrx_word' id='word_1_660' title='bbox 2962 1984 3153 2054; x_wconf 83' lang='grc' dir='ltr'>ἐκείνῳ</span> <span class='ocrx_word' id='word_1_661' title='bbox 3177 1983 3237 2036; x_wconf 84' lang='grc' dir='ltr'>τὸ</span> <span class='ocrx_word' id='word_1_662' title='bbox 3251 1984 3524 2055; x_wconf 80' lang='grc' dir='ltr'>τρόπαιον.</span> <span class='ocrx_word' id='word_1_663' title='bbox 3553 1983 3665 2037; x_wconf 85' lang='grc' dir='ltr'>Οὐκ</span> <span class='ocrx_word' id='word_1_664' title='bbox 3690 1984 3786 2036; x_wconf 88' lang='grc' dir='ltr'>ἀν-</span> 
     </span>
    </p>
   </div>
   <div class='ocr_carea' id='block_1_85' title="bbox 2218 2064 3787 2137">
    <p class='ocr_par' dir='ltr' id='par_1_85' title="bbox 2218 2064 3787 2137">
     <span class='ocr_line' id='line_1_85' title="bbox 2218 2064 3787 2137; baseline 0 -19"><span class='ocrx_word' id='word_1_665' title='bbox 2218 2065 2487 2137; x_wconf 84' lang='grc' dir='ltr'>θρώπινος</span> <span class='ocrx_word' id='word_1_666' title='bbox 2517 2067 2545 2117; x_wconf 98' lang='lat'>6</span> <span class='ocrx_word' id='word_1_667' title='bbox 2570 2065 2805 2136; x_wconf 86' lang='grc' dir='ltr'>πόλεμος</span> <span class='ocrx_word' id='word_1_668' title='bbox 2832 2067 2953 2121; x_wconf 79' lang='grc' dir='ltr'>οὐδὲ</span> <span class='ocrx_word' id='word_1_669' title='bbox 2974 2065 3204 2137; x_wconf 81' lang='grc' dir='ltr'>αἰσθητὴ</span> <span class='ocrx_word' id='word_1_670' title='bbox 3233 2068 3266 2137; x_wconf 83' lang='grc' dir='ltr'><strong>ἡ</strong></span> <span class='ocrx_word' id='word_1_671' title='bbox 3305 2066 3474 2137; x_wconf 87' lang='grc' dir='ltr'>μάχη,</span> <span class='ocrx_word' id='word_1_672' title='bbox 3499 2065 3616 2119; x_wconf 74' lang='grc' dir='ltr'>οὐδὲ</span> <span class='ocrx_word' id='word_1_673' title='bbox 3649 2064 3787 2135; x_wconf 83' lang='grc' dir='ltr'>ὑπέρ</span> 
     </span>
    </p>
   </div>
   <div class='ocr_carea' id='block_1_86' title="bbox 2216 2147 3789 2220">
    <p class='ocr_par' dir='ltr' id='par_1_86' title="bbox 2216 2147 3789 2220">
     <span class='ocr_line' id='line_1_86' title="bbox 2216 2147 3789 2220; baseline -0.001 -19"><span class='ocrx_word' id='word_1_674' title='bbox 2216 2166 2361 2212; x_wconf 89' lang='grc' dir='ltr'>τινος</span> <span class='ocrx_word' id='word_1_675' title='bbox 2393 2150 2502 2202; x_wconf 89' lang='grc' dir='ltr'>τῶν</span> <span class='ocrx_word' id='word_1_676' title='bbox 2538 2150 2806 2220; x_wconf 84' lang='grc' dir='ltr'>βιωτικῶν</span> <span class='ocrx_word' id='word_1_677' title='bbox 2831 2152 2860 2203; x_wconf 92' lang='lat'>6</span> <span class='ocrx_word' id='word_1_678' title='bbox 2896 2150 3066 2219; x_wconf 86' lang='grc' dir='ltr'>ἀγὼν,</span> <span class='ocrx_word' id='word_1_679' title='bbox 3102 2148 3217 2203; x_wconf 85' lang='grc' dir='ltr'>ἀλλ’</span> <span class='ocrx_word' id='word_1_680' title='bbox 3247 2149 3387 2220; x_wconf 73' lang='grc' dir='ltr'>ὑπὲρ</span> <span class='ocrx_word' id='word_1_681' title='bbox 3414 2149 3521 2202; x_wconf 88' lang='grc' dir='ltr'>τῶν</span> <span class='ocrx_word' id='word_1_682' title='bbox 3538 2147 3789 2219; x_wconf 87' lang='grc' dir='ltr'>οὐρανῶν</span> 
     </span>
    </p>
   </div>
   <div class='ocr_carea' id='block_1_87' title="bbox 2218 2229 3787 2304">
    <p class='ocr_par' dir='ltr' id='par_1_87' title="bbox 2218 2229 3787 2304">
     <span class='ocr_line' id='line_1_87' title="bbox 2218 2229 3787 2304; baseline -0.002 -20"><span class='ocrx_word' id='word_1_683' title='bbox 2218 2231 2417 2295; x_wconf 88' lang='grc' dir='ltr'>αὐτῶν,</span> <span class='ocrx_word' id='word_1_684' title='bbox 2469 2234 2563 2285; x_wconf 82' lang='grc' dir='ltr'>καί,</span> <span class='ocrx_word' id='word_1_685' title='bbox 2614 2232 2724 2285; x_wconf 89' lang='grc' dir='ltr'>τῶν</span> <span class='ocrx_word' id='word_1_686' title='bbox 2764 2235 2822 2285; x_wconf 79' lang='grc' dir='ltr'>ἐν</span> <span class='ocrx_word' id='word_1_687' title='bbox 2862 2232 3131 2304; x_wconf 83' lang='grc' dir='ltr'>οὐρανοῖς.</span> <span class='ocrx_word' id='word_1_688' title='bbox 3178 2232 3349 2294; x_wconf 80' lang='grc' dir='ltr'>Αὐτὸς</span> <span class='ocrx_word' id='word_1_689' title='bbox 3396 2229 3491 2284; x_wconf 83' lang='grc' dir='ltr'>τὸν</span> <span class='ocrx_word' id='word_1_690' title='bbox 3555 2230 3787 2300; x_wconf 87' lang='grc' dir='ltr'>πόλεμον</span> 
     </span>
    </p>
   </div>
   <div class='ocr_carea' id='block_1_88' title="bbox 2218 2313 3785 2388">
    <p class='ocr_par' dir='ltr' id='par_1_88' title="bbox 2218 2313 3785 2388">
     <span class='ocr_line' id='line_1_88' title="bbox 2218 2313 3785 2388; baseline -0.001 -21"><span class='ocrx_word' id='word_1_691' title='bbox 2218 2315 2597 2388; x_wconf 70' lang='grc' dir='ltr'>ἐστρατήγησε</span> <span class='ocrx_word' id='word_1_692' title='bbox 2630 2316 2840 2374; x_wconf 84' lang='grc' dir='ltr'>τοῦτον.</span> <span class='ocrx_word' id='word_1_693' title='bbox 2869 2318 2961 2370; x_wconf 76' lang='grc' dir='ltr'>καὶ</span> <span class='ocrx_word' id='word_1_694' title='bbox 3001 2319 3133 2387; x_wconf 78' lang='grc' dir='ltr'>ἡμῖν</span> <span class='ocrx_word' id='word_1_695' title='bbox 3162 2317 3257 2387; x_wconf 88' lang='grc' dir='ltr'>τῆς</span> <span class='ocrx_word' id='word_1_696' title='bbox 3281 2316 3437 2386; x_wconf 87' lang='grc' dir='ltr'>νίκης</span> <span class='ocrx_word' id='word_1_697' title='bbox 3462 2313 3785 2386; x_wconf 83' lang='grc' dir='ltr'>μετέδωκεν.</span> 
     </span>
    </p>
   </div>
   <div class='ocr_carea' id='block_1_89' title="bbox 2220 2397 3790 2470">
    <p class='ocr_par' dir='ltr' id='par_1_89' title="bbox 2220 2397 3790 2470">
     <span class='ocr_line' id='line_1_89' title="bbox 2220 2397 3790 2470; baseline 0.001 -18"><span class='ocrx_word' id='word_1_698' title='bbox 2220 2400 2339 2452; x_wconf 86' lang='grc' dir='ltr'>Ὅτι</span> <span class='ocrx_word' id='word_1_699' title='bbox 2393 2402 2609 2470; x_wconf 80' lang='grc' dir='ltr'>Κύριος</span> <span class='ocrx_word' id='word_1_700' title='bbox 2647 2400 2928 2468; x_wconf 68' lang='grc' dir='ltr'>ὕψιστος,</span> <span class='ocrx_word' id='word_1_701' title='bbox 2977 2400 3247 2468; x_wconf 67' lang='grc' dir='ltr'>φοϐερὸς,</span> <span class='ocrx_word' id='word_1_702' title='bbox 3278 2398 3579 2464; x_wconf 73' lang='grc' dir='ltr'>,βασιλεὺς</span> <span class='ocrx_word' id='word_1_703' title='bbox 3604 2397 3790 2468; x_wconf 77' lang='grc' dir='ltr'>μέγας</span> 
     </span>
    </p>
   </div>
   <div class='ocr_carea' id='block_1_90' title="bbox 2218 2481 3791 2553">
    <p class='ocr_par' dir='ltr' id='par_1_90' title="bbox 2218 2481 3791 2553">
     <span class='ocr_line' id='line_1_90' title="bbox 2218 2481 3791 2553; baseline -0.002 -17"><span class='ocrx_word' id='word_1_704' title='bbox 2218 2483 2316 2536; x_wconf 79' lang='grc' dir='ltr'>ἐπὶ</span> <span class='ocrx_word' id='word_1_705' title='bbox 2351 2482 2559 2537; x_wconf 85' lang='grc' dir='ltr'>πᾶσαν</span> <span class='ocrx_word' id='word_1_706' title='bbox 2586 2482 2701 2552; x_wconf 79' lang='grc' dir='ltr'>τὴν</span> <span class='ocrx_word' id='word_1_707' title='bbox 2726 2482 2861 2553; x_wconf 74' lang='grc' dir='ltr'>γῆν.</span> <span class='ocrx_word' id='word_1_708' title='bbox 2892 2483 3002 2536; x_wconf 88' lang='grc' dir='ltr'>Ποῦ</span> <span class='ocrx_word' id='word_1_709' title='bbox 3042 2482 3136 2536; x_wconf 85' lang='grc' dir='ltr'>νῦν</span> <span class='ocrx_word' id='word_1_710' title='bbox 3176 2484 3312 2535; x_wconf 87' lang='grc' dir='ltr'>εἰσιν</span> <span class='ocrx_word' id='word_1_711' title='bbox 3337 2483 3388 2534; x_wconf 90' lang='grc' dir='ltr'>οἰ</span> <span class='ocrx_word' id='word_1_712' title='bbox 3424 2481 3519 2535; x_wconf 84' lang='grc' dir='ltr'>τοῦ</span> <span class='ocrx_word' id='word_1_713' title='bbox 3550 2481 3791 2547; x_wconf 87' lang='grc' dir='ltr'>Μονογε-</span> 
     </span>
    </p>
   </div>
   <div class='ocr_carea' id='block_1_91' title="bbox 2219 2562 3794 2638">
    <p class='ocr_par' dir='ltr' id='par_1_91' title="bbox 2219 2562 3794 2638">
     <span class='ocr_line' id='line_1_91' title="bbox 2219 2562 3794 2638; baseline -0.005 -17"><span class='ocrx_word' id='word_1_714' title='bbox 2219 2566 2344 2630; x_wconf 88' lang='grc' dir='ltr'>νοῦς</span> <span class='ocrx_word' id='word_1_715' title='bbox 2369 2567 2468 2637; x_wconf 76' lang='grc' dir='ltr'>τὴν</span> <span class='ocrx_word' id='word_1_716' title='bbox 2498 2567 2652 2632; x_wconf 80' lang='grc' dir='ltr'>δόξαν</span> <span class='ocrx_word' id='word_1_717' title='bbox 2677 2567 3101 2638; x_wconf 79' lang='grc' dir='ltr'>καθαιροῦντεςς</span> <span class='ocrx_word' id='word_1_718' title='bbox 3143 2567 3277 2619; x_wconf 89' lang='grc' dir='ltr'>Ἰδού</span> <span class='ocrx_word' id='word_1_719' title='bbox 3321 2563 3573 2636; x_wconf 83' lang='grc' dir='ltr'>βασιλεὺς</span> <span class='ocrx_word' id='word_1_720' title='bbox 3617 2562 3794 2633; x_wconf 86' lang='grc' dir='ltr'>μέγας</span> 
     </span>
    </p>
   </div>
   <div class='ocr_carea' id='block_1_92' title="bbox 2219 2646 3790 2721">
    <p class='ocr_par' dir='ltr' id='par_1_92' title="bbox 2219 2646 3790 2721">
     <span class='ocr_line' id='line_1_92' title="bbox 2219 2646 3790 2721; baseline -0.003 -19"><span class='ocrx_word' id='word_1_721' title='bbox 2219 2650 2249 2701; x_wconf 89' lang='lat'>6</span> <span class='ocrx_word' id='word_1_722' title='bbox 2278 2649 2405 2713; x_wconf 81' lang='grc' dir='ltr'>Υἰὸς</span> <span class='ocrx_word' id='word_1_723' title='bbox 2453 2650 2688 2718; x_wconf 85' lang='grc' dir='ltr'>λέγεται,</span> <span class='ocrx_word' id='word_1_724' title='bbox 2737 2650 2766 2702; x_wconf 86' lang='lat'>6</span> <span class='ocrx_word' id='word_1_725' title='bbox 2812 2650 2939 2721; x_wconf 71' lang='grc' dir='ltr'>περὶ</span> <span class='ocrx_word' id='word_1_726' title='bbox 2995 2648 3089 2701; x_wconf 86' lang='grc' dir='ltr'>τοῦ</span> <span class='ocrx_word' id='word_1_727' title='bbox 3146 2649 3360 2719; x_wconf 81' lang='grc' dir='ltr'>Πατρὸς</span> <span class='ocrx_word' id='word_1_728' title='bbox 3400 2646 3645 2717; x_wconf 82' lang='grc' dir='ltr'>εἴρηται·</span> <span class='ocrx_word' id='word_1_729' title='bbox 3695 2646 3790 2713; x_wconf 79' lang='grc' dir='ltr'>Μὴ</span> 
     </span>
    </p>
   </div>
   <div class='ocr_carea' id='block_1_93' title="bbox 2222 2729 3797 2804">
    <p class='ocr_par' dir='ltr' id='par_1_93' title="bbox 2222 2729 3797 2804">
     <span class='ocr_line' id='line_1_93' title="bbox 2222 2729 3797 2804; baseline -0.015 0"><span class='ocrx_word' id='word_1_730' title='bbox 2222 2732 2452 2802; x_wconf 64' lang='grc' dir='ltr'>ὀμόσῃς</span> <span class='ocrx_word' id='word_1_731' title='bbox 2476 2734 2606 2804; x_wconf 80' lang='grc' dir='ltr'>γὰρ,</span> <span class='ocrx_word' id='word_1_732' title='bbox 2658 2733 2812 2804; x_wconf 81' lang='grc' dir='ltr'>φησί,</span> <span class='ocrx_word' id='word_1_733' title='bbox 2841 2734 2994 2803; x_wconf 78' lang='grc' dir='ltr'>μήτε</span> <span class='ocrx_word' id='word_1_734' title='bbox 3025 2733 3095 2786; x_wconf 82' lang='grc' dir='ltr'>ἐν</span> <span class='ocrx_word' id='word_1_735' title='bbox 3127 2732 3207 2797; x_wconf 86' lang='grc' dir='ltr'>τῷ</span> <span class='ocrx_word' id='word_1_736' title='bbox 3247 2730 3500 2799; x_wconf 77' lang='grc' dir='ltr'>οὐρανῷ,</span> <span class='ocrx_word' id='word_1_737' title='bbox 3550 2729 3637 2783; x_wconf 84' lang='grc' dir='ltr'>ὅτι</span> <span class='ocrx_word' id='word_1_738' title='bbox 3665 2729 3797 2796; x_wconf 61' lang='lat'><strong>0,06-</strong></span> 
     </span>
    </p>
   </div>
   <div class='ocr_carea' id='block_1_94' title="bbox 2220 2811 3798 2886">
    <p class='ocr_par' dir='ltr' id='par_1_94' title="bbox 2220 2811 3798 2886">
     <span class='ocr_line' id='line_1_94' title="bbox 2220 2811 3798 2886; baseline -0.004 -17"><span class='ocrx_word' id='word_1_739' title='bbox 2220 2833 2328 2882; x_wconf 85' lang='grc' dir='ltr'>νος</span> <span class='ocrx_word' id='word_1_740' title='bbox 2365 2816 2549 2869; x_wconf 83' lang='grc' dir='ltr'>αὐτοῦ</span> <span class='ocrx_word' id='word_1_741' title='bbox 2597 2816 2756 2869; x_wconf 84' lang='grc' dir='ltr'>ἐστι·</span> <span class='ocrx_word' id='word_1_742' title='bbox 2800 2816 2953 2886; x_wconf 82' lang='grc' dir='ltr'>μήτε</span> <span class='ocrx_word' id='word_1_743' title='bbox 3003 2818 3089 2880; x_wconf 85' lang='grc' dir='ltr'>εἰς</span> <span class='ocrx_word' id='word_1_744' title='bbox 3136 2814 3209 2868; x_wconf 82' lang='grc' dir='ltr'>τὰ</span> <span class='ocrx_word' id='word_1_745' title='bbox 3259 2815 3656 2882; x_wconf 73' lang='grc' dir='ltr'>Ἰεροσόλυμα,</span> <span class='ocrx_word' id='word_1_746' title='bbox 3706 2811 3798 2864; x_wconf 82' lang='grc' dir='ltr'>ὅτι</span> 
     </span>
    </p>
   </div>
   <div class='ocr_carea' id='block_1_95' title="bbox 2222 2896 3795 2970">
    <p class='ocr_par' dir='ltr' id='par_1_95' title="bbox 2222 2896 3795 2970">
     <span class='ocr_line' id='line_1_95' title="bbox 2222 2896 3795 2970; baseline -0.002 -18"><span class='ocrx_word' id='word_1_747' title='bbox 2222 2900 2398 2965; x_wconf 78' lang='grc' dir='ltr'>πόλις</span> <span class='ocrx_word' id='word_1_748' title='bbox 2419 2900 2551 2954; x_wconf 83' lang='grc' dir='ltr'>ἐστὶ</span> <span class='ocrx_word' id='word_1_749' title='bbox 2582 2899 2692 2953; x_wconf 85' lang='grc' dir='ltr'>τοῦ</span> <span class='ocrx_word' id='word_1_750' title='bbox 2717 2898 3042 2965; x_wconf 77' lang='grc' dir='ltr'>βασιλέως.</span> <span class='ocrx_word' id='word_1_751' title='bbox 3065 2897 3332 2970; x_wconf 67' lang='grc' dir='ltr'>[1901Καὶ</span> <span class='ocrx_word' id='word_1_752' title='bbox 3360 2897 3592 2968; x_wconf 84' lang='grc' dir='ltr'>ἀλλαχοῦ</span> <span class='ocrx_word' id='word_1_753' title='bbox 3614 2896 3795 2952; x_wconf 88' lang='grc' dir='ltr'>πάλιν·</span> 
     </span>
    </p>
   </div>
   <div class='ocr_carea' id='block_1_96' title="bbox 2226 2980 3800 3053">
    <p class='ocr_par' dir='ltr' id='par_1_96' title="bbox 2226 2980 3800 3053">
     <span class='ocr_line' id='line_1_96' title="bbox 2226 2980 3800 3053; baseline -0.001 -16"><span class='ocrx_word' id='word_1_754' title='bbox 2226 2983 2370 3049; x_wconf 83' lang='grc' dir='ltr'>Θεὸς</span> <span class='ocrx_word' id='word_1_755' title='bbox 2404 2984 2676 3052; x_wconf 80' lang='grc' dir='ltr'>ἰσχυρὸς,</span> <span class='ocrx_word' id='word_1_756' title='bbox 2708 2984 3150 3049; x_wconf 78' lang='grc' dir='ltr'>ἐξουσιαστής’</span> <span class='ocrx_word' id='word_1_757' title='bbox 3187 2984 3325 3053; x_wconf 82' lang='grc' dir='ltr'>ὅπερ</span> <span class='ocrx_word' id='word_1_758' title='bbox 3365 2984 3480 3035; x_wconf 81' lang='grc' dir='ltr'>ἐστὶ</span> <span class='ocrx_word' id='word_1_759' title='bbox 3521 2980 3800 3051; x_wconf 79' lang='grc' dir='ltr'>βασιλεὺς.</span> 
     </span>
    </p>
   </div>
   <div class='ocr_carea' id='block_1_97' title="bbox 2226 3065 3806 3140">
    <p class='ocr_par' dir='ltr' id='par_1_97' title="bbox 2226 3065 3806 3140">
     <span class='ocr_line' id='line_1_97' title="bbox 2226 3065 3806 3140; baseline -0.004 -18"><span class='ocrx_word' id='word_1_760' title='bbox 2226 3070 2395 3122; x_wconf 81' lang='grc' dir='ltr'>Ὅταν</span> <span class='ocrx_word' id='word_1_761' title='bbox 2423 3069 2601 3122; x_wconf 75' lang='grc' dir='ltr'>τοίνυν</span> <span class='ocrx_word' id='word_1_762' title='bbox 2647 3068 2884 3140; x_wconf 78' lang='grc' dir='ltr'>ἀκούσης</span> <span class='ocrx_word' id='word_1_763' title='bbox 2922 3069 3005 3121; x_wconf 85' lang='grc' dir='ltr'>ὅτι</span> <span class='ocrx_word' id='word_1_764' title='bbox 3041 3065 3468 3136; x_wconf 85' lang='grc' dir='ltr'>ἀνεσκολοπίσθη</span> <span class='ocrx_word' id='word_1_765' title='bbox 3499 3082 3592 3118; x_wconf 90' lang='grc' dir='ltr'>σου</span> <span class='ocrx_word' id='word_1_766' title='bbox 3632 3066 3662 3117; x_wconf 89' lang='grc' dir='ltr'>ὁ</span> <span class='ocrx_word' id='word_1_767' title='bbox 3703 3066 3806 3116; x_wconf 80' lang='grc' dir='ltr'>Δε-</span> 
     </span>
    </p>
   </div>
   <div class='ocr_carea' id='block_1_98' title="bbox 2227 3148 3802 3225">
    <p class='ocr_par' dir='ltr' id='par_1_98' title="bbox 2227 3148 3802 3225">
     <span class='ocr_line' id='line_1_98' title="bbox 2227 3148 3802 3225; baseline -0.003 -19"><span class='ocrx_word' id='word_1_768' title='bbox 2227 3154 2449 3224; x_wconf 90' lang='grc' dir='ltr'>σπότης,</span> <span class='ocrx_word' id='word_1_769' title='bbox 2490 3154 2573 3206; x_wconf 84' lang='grc' dir='ltr'>ὅτι</span> <span class='ocrx_word' id='word_1_770' title='bbox 2620 3152 2936 3225; x_wconf 81' lang='grc' dir='ltr'>ἐκρεμάσθη</span> <span class='ocrx_word' id='word_1_771' title='bbox 2973 3154 3032 3205; x_wconf 84' lang='grc' dir='ltr'>ἐν</span> <span class='ocrx_word' id='word_1_772' title='bbox 3069 3151 3147 3222; x_wconf 82' lang='grc' dir='ltr'>τῷ</span> <span class='ocrx_word' id='word_1_773' title='bbox 3199 3150 3437 3222; x_wconf 79' lang='grc' dir='ltr'>σταυρῷ,</span> <span class='ocrx_word' id='word_1_774' title='bbox 3473 3152 3555 3203; x_wconf 83' lang='lat'>611</span> <span class='ocrx_word' id='word_1_775' title='bbox 3600 3148 3802 3217; x_wconf 78' lang='grc' dir='ltr'>ἐτάφη,</span> 
     </span>
    </p>
   </div>
   <div class='ocr_carea' id='block_1_99' title="bbox 2224 3231 3806 3308">
    <p class='ocr_par' dir='ltr' id='par_1_99' title="bbox 2224 3231 3806 3308">
     <span class='ocr_line' id='line_1_99' title="bbox 2224 3231 3806 3308; baseline -0.003 -19"><span class='ocrx_word' id='word_1_776' title='bbox 2224 3236 2306 3289; x_wconf 86' lang='lat'>611</span> <span class='ocrx_word' id='word_1_777' title='bbox 2341 3236 2608 3308; x_wconf 73' lang='grc' dir='ltr'>κατῆλθεν</span> <span class='ocrx_word' id='word_1_778' title='bbox 2655 3238 2735 3300; x_wconf 91' lang='grc' dir='ltr'>εἰς</span> <span class='ocrx_word' id='word_1_779' title='bbox 2782 3236 2849 3289; x_wconf 89' lang='grc' dir='ltr'>τά</span> <span class='ocrx_word' id='word_1_780' title='bbox 2894 3235 3179 3305; x_wconf 78' lang='grc' dir='ltr'>κατώτερα</span> <span class='ocrx_word' id='word_1_781' title='bbox 3220 3235 3360 3306; x_wconf 90' lang='grc' dir='ltr'>μέρη</span> <span class='ocrx_word' id='word_1_782' title='bbox 3403 3234 3502 3303; x_wconf 82' lang='grc' dir='ltr'>τῆς</span> <span class='ocrx_word' id='word_1_783' title='bbox 3548 3232 3674 3303; x_wconf 79' lang='grc' dir='ltr'>γῆς,</span> <span class='ocrx_word' id='word_1_784' title='bbox 3727 3231 3806 3303; x_wconf 80' lang='grc' dir='ltr'>μὴ</span> 
     </span>
    </p>
   </div>
   <div class='ocr_carea' id='block_1_100' title="bbox 2227 3314 3806 3392">
    <p class='ocr_par' dir='ltr' id='par_1_100' title="bbox 2227 3314 3806 3392">
     <span class='ocr_line' id='line_1_100' title="bbox 2227 3314 3806 3392; baseline -0.004 -20"><span class='ocrx_word' id='word_1_785' title='bbox 2227 3319 2566 3392; x_wconf 84' lang='grc' dir='ltr'>καταπέσῃς,</span> <span class='ocrx_word' id='word_1_786' title='bbox 2587 3319 2723 3391; x_wconf 84' lang='grc' dir='ltr'>μηδὲ</span> <span class='ocrx_word' id='word_1_787' title='bbox 2745 3318 3094 3390; x_wconf 78' lang='grc' dir='ltr'>ἀδημονήσῃς</span> <span class='ocrx_word' id='word_1_788' title='bbox 3114 3334 3126 3347; x_wconf 92' lang='grc'><strong>·</strong></span> <span class='ocrx_word' id='word_1_789' title='bbox 3165 3317 3386 3387; x_wconf 68' lang='grc' dir='ltr'>’ὕψιστος</span> <span class='ocrx_word' id='word_1_790' title='bbox 3420 3317 3526 3388; x_wconf 90' lang='grc' dir='ltr'>γάρ</span> <span class='ocrx_word' id='word_1_791' title='bbox 3552 3317 3688 3377; x_wconf 80' lang='grc' dir='ltr'>ἐστι,</span> <span class='ocrx_word' id='word_1_792' title='bbox 3706 3314 3806 3368; x_wconf 77' lang='grc' dir='ltr'>καὶ</span> 
     </span>
    </p>
   </div>
   <div class='ocr_carea' id='block_1_101' title="bbox 2229 3400 3810 3473">
    <p class='ocr_par' dir='ltr' id='par_1_101' title="bbox 2229 3400 3810 3473">
     <span class='ocr_line' id='line_1_101' title="bbox 2229 3400 3810 3473; baseline -0.004 -17"><span class='ocrx_word' id='word_1_793' title='bbox 2229 3403 2450 3473; x_wconf 72' lang='grc' dir='ltr'>ΰψιστος</span> <span class='ocrx_word' id='word_1_794' title='bbox 2481 3402 2663 3472; x_wconf 86' lang='grc' dir='ltr'>φύσει.</span> <span class='ocrx_word' id='word_1_795' title='bbox 2693 3402 2770 3455; x_wconf 84' lang='grc' dir='ltr'>Τὸ</span> <span class='ocrx_word' id='word_1_796' title='bbox 2814 3402 2870 3455; x_wconf 84' lang='grc' dir='ltr'>δὲ</span> <span class='ocrx_word' id='word_1_797' title='bbox 2892 3402 3097 3473; x_wconf 74' lang='grc' dir='ltr'>ὑψηλὸν</span> <span class='ocrx_word' id='word_1_798' title='bbox 3130 3400 3288 3472; x_wconf 89' lang='grc' dir='ltr'>φύσει</span> <span class='ocrx_word' id='word_1_799' title='bbox 3313 3402 3412 3455; x_wconf 83' lang='grc' dir='ltr'>οὐκ</span> <span class='ocrx_word' id='word_1_800' title='bbox 3446 3402 3510 3454; x_wconf 77' lang='grc' dir='ltr'>ἄν</span> <span class='ocrx_word' id='word_1_801' title='bbox 3541 3416 3670 3452; x_wconf 89' lang='grc' dir='ltr'>ποτε</span> <span class='ocrx_word' id='word_1_802' title='bbox 3707 3416 3810 3469; x_wconf 58' lang='grc' dir='ltr'>με-</span> 
     </span>
    </p>
   </div>
   <div class='ocr_carea' id='block_1_102' title="bbox 2230 3480 3810 3555">
    <p class='ocr_par' dir='ltr' id='par_1_102' title="bbox 2230 3480 3810 3555">
     <span class='ocr_line' id='line_1_102' title="bbox 2230 3480 3810 3555; baseline -0.004 -16"><span class='ocrx_word' id='word_1_803' title='bbox 2230 3486 2460 3555; x_wconf 88' lang='grc' dir='ltr'>τασταίη</span> <span class='ocrx_word' id='word_1_804' title='bbox 2485 3485 2578 3539; x_wconf 90' lang='grc' dir='ltr'>τοῦ</span> <span class='ocrx_word' id='word_1_805' title='bbox 2624 3485 2811 3555; x_wconf 76' lang='grc' dir='ltr'>ὕψους,</span> <span class='ocrx_word' id='word_1_806' title='bbox 2846 3484 2954 3538; x_wconf 80' lang='grc' dir='ltr'>οὐδ’</span> <span class='ocrx_word' id='word_1_807' title='bbox 2992 3484 3056 3538; x_wconf 89' lang='grc' dir='ltr'>ἂν</span> <span class='ocrx_word' id='word_1_808' title='bbox 3086 3485 3295 3554; x_wconf 87' lang='grc' dir='ltr'>γένοιτο</span> <span class='ocrx_word' id='word_1_809' title='bbox 3329 3482 3616 3537; x_wconf 55' lang='grc' dir='ltr'>ταπεινόν</span> <span class='ocrx_word' id='word_1_810' title='bbox 3667 3480 3810 3534; x_wconf 79' lang='grc' dir='ltr'>ἀλλὰ</span> 
     </span>
    </p>
   </div>
   <div class='ocr_carea' id='block_1_103' title="bbox 2228 3563 3809 3640">
    <p class='ocr_par' dir='ltr' id='par_1_103' title="bbox 2228 3563 3809 3640">
     <span class='ocr_line' id='line_1_103' title="bbox 2228 3563 3809 3640; baseline -0.003 -19"><span class='ocrx_word' id='word_1_811' title='bbox 2228 3568 2323 3621; x_wconf 82' lang='grc' dir='ltr'>καί</span> <span class='ocrx_word' id='word_1_812' title='bbox 2353 3570 2410 3620; x_wconf 92' lang='grc' dir='ltr'>ἐν</span> <span class='ocrx_word' id='word_1_813' title='bbox 2449 3571 2515 3640; x_wconf 79' lang='grc' dir='ltr'>τῇ</span> <span class='ocrx_word' id='word_1_814' title='bbox 2549 3567 2874 3621; x_wconf 83' lang='grc' dir='ltr'>ταπεινώσει</span> <span class='ocrx_word' id='word_1_815' title='bbox 2904 3566 3067 3621; x_wconf 85' lang='grc' dir='ltr'>αὐτοῦ</span> <span class='ocrx_word' id='word_1_816' title='bbox 3111 3568 3263 3638; x_wconf 84' lang='grc' dir='ltr'>μένει</span> <span class='ocrx_word' id='word_1_817' title='bbox 3293 3568 3354 3620; x_wconf 86' lang='grc' dir='ltr'>τὸ</span> <span class='ocrx_word' id='word_1_818' title='bbox 3392 3565 3525 3635; x_wconf 79' lang='grc' dir='ltr'>ὕψος</span> <span class='ocrx_word' id='word_1_819' title='bbox 3547 3564 3644 3619; x_wconf 68' lang='grc' dir='ltr'>καὶ</span> <span class='ocrx_word' id='word_1_820' title='bbox 3683 3563 3809 3617; x_wconf 91' lang='grc' dir='ltr'>δια-</span> 
     </span>
    </p>
   </div>
   <div class='ocr_carea' id='block_1_104' title="bbox 2228 3647 3811 3720">
    <p class='ocr_par' dir='ltr' id='par_1_104' title="bbox 2228 3647 3811 3720">
     <span class='ocr_line' id='line_1_104' title="bbox 2228 3647 3811 3720; baseline -0.003 -16"><span class='ocrx_word' id='word_1_821' title='bbox 2228 3651 2523 3705; x_wconf 85' lang='grc' dir='ltr'>δείκνυται.</span> <span class='ocrx_word' id='word_1_822' title='bbox 2564 3651 2718 3705; x_wconf 85' lang='grc' dir='ltr'>Ἐπεί</span> <span class='ocrx_word' id='word_1_823' title='bbox 2762 3652 2855 3705; x_wconf 70' lang='grc' dir='ltr'>καί⁵</span> <span class='ocrx_word' id='word_1_824' title='bbox 2906 3649 3216 3714; x_wconf 86' lang='grc' dir='ltr'>ἀποθανὼν,</span> <span class='ocrx_word' id='word_1_825' title='bbox 3268 3651 3388 3704; x_wconf 88' lang='grc' dir='ltr'>τότε</span> <span class='ocrx_word' id='word_1_826' title='bbox 3434 3649 3671 3720; x_wconf 88' lang='grc' dir='ltr'>μάλιστα</span> <span class='ocrx_word' id='word_1_827' title='bbox 3704 3647 3811 3718; x_wconf 76' lang='grc' dir='ltr'>τὴν</span> 
     </span>
    </p>
   </div>
   <div class='ocr_carea' id='block_1_105' title="bbox 2231 3727 3813 3803">
    <p class='ocr_par' dir='ltr' id='par_1_105' title="bbox 2231 3727 3813 3803">
     <span class='ocr_line' id='line_1_105' title="bbox 2231 3727 3813 3803; baseline -0.003 -16"><span class='ocrx_word' id='word_1_828' title='bbox 2231 3734 2373 3787; x_wconf 85' lang='grc' dir='ltr'>κατὰ</span> <span class='ocrx_word' id='word_1_829' title='bbox 2392 3733 2486 3786; x_wconf 89' lang='grc' dir='ltr'>τοῦ</span> <span class='ocrx_word' id='word_1_830' title='bbox 2526 3733 2756 3787; x_wconf 90' lang='grc' dir='ltr'>θανάτου</span> <span class='ocrx_word' id='word_1_831' title='bbox 2786 3732 2939 3803; x_wconf 85' lang='grc' dir='ltr'>ἰσχὺν</span> <span class='ocrx_word' id='word_1_832' title='bbox 2964 3732 3151 3797; x_wconf 77' lang='grc' dir='ltr'>ἔδειξε.</span> <span class='ocrx_word' id='word_1_833' title='bbox 3186 3732 3255 3786; x_wconf 81' lang='grc' dir='ltr'><em>Τὸ</em></span> <span class='ocrx_word' id='word_1_834' title='bbox 3307 3730 3430 3800; x_wconf 71' lang='grc' dir='ltr'>φῶς</span> <span class='ocrx_word' id='word_1_835' title='bbox 3458 3731 3527 3783; x_wconf 82' lang='grc' dir='ltr'>ἐν</span> <span class='ocrx_word' id='word_1_836' title='bbox 3553 3727 3629 3797; x_wconf 80' lang='grc' dir='ltr'>τῇ</span> <span class='ocrx_word' id='word_1_837' title='bbox 3662 3743 3813 3783; x_wconf 84' lang='grc' dir='ltr'>σκο-</span> 
     </span>
    </p>
   </div>
   <div class='ocr_carea' id='block_1_106' title="bbox 2234 3813 3816 3887">
    <p class='ocr_par' dir='ltr' id='par_1_106' title="bbox 2234 3813 3816 3887">
     <span class='ocr_line' id='line_1_106' title="bbox 2234 3813 3816 3887; baseline -0.003 -16"><span class='ocrx_word' id='word_1_838' title='bbox 2234 3817 2332 3886; x_wconf 75' lang='grc' dir='ltr'>τίᾳ</span> <span class='ocrx_word' id='word_1_839' title='bbox 2362 3818 2582 3886; x_wconf 72' lang='grc' dir='ltr'>φαίνει,</span> <span class='ocrx_word' id='word_1_840' title='bbox 2613 3816 2765 3887; x_wconf 74' lang='grc' dir='ltr'>φησί,</span> <span class='ocrx_word' id='word_1_841' title='bbox 2807 3814 2907 3869; x_wconf 80' lang='grc' dir='ltr'>καί</span> <span class='ocrx_word' id='word_1_842' title='bbox 2943 3817 2982 3884; x_wconf 74' lang='grc' dir='ltr'><em>ἠ</em></span> <span class='ocrx_word' id='word_1_843' title='bbox 3015 3816 3230 3868; x_wconf 81' lang='grc' dir='ltr'>σκοτία</span> <span class='ocrx_word' id='word_1_844' title='bbox 3261 3815 3409 3868; x_wconf 80' lang='grc' dir='ltr'>αὐτὸ</span> <span class='ocrx_word' id='word_1_845' title='bbox 3446 3814 3519 3868; x_wconf 88' lang='grc' dir='ltr'>οὺ</span> <span class='ocrx_word' id='word_1_846' title='bbox 3553 3813 3816 3866; x_wconf 67' lang='grc' dir='ltr'>κατέλα-</span> 
     </span>
    </p>
   </div>
   <div class='ocr_carea' id='block_1_107' title="bbox 2234 3896 3814 3970">
    <p class='ocr_par' dir='ltr' id='par_1_107' title="bbox 2234 3896 3814 3970">
     <span class='ocr_line' id='line_1_107' title="bbox 2234 3896 3814 3970; baseline -0.003 -16"><span class='ocrx_word' id='word_1_847' title='bbox 2234 3903 2371 3954; x_wconf 80' lang='grc' dir='ltr'>ϐεν·</span> <span class='ocrx_word' id='word_1_848' title='bbox 2408 3899 2552 3953; x_wconf 74' lang='grc' dir='ltr'>οὕτω</span> <span class='ocrx_word' id='word_1_849' title='bbox 2591 3899 2655 3970; x_wconf 80' lang='grc' dir='ltr'>δὴ</span> <span class='ocrx_word' id='word_1_850' title='bbox 2688 3900 2782 3952; x_wconf 78' lang='grc' dir='ltr'>καὶ</span> <span class='ocrx_word' id='word_1_851' title='bbox 2809 3899 2872 3952; x_wconf 87' lang='lat'>16</span> <span class='ocrx_word' id='word_1_852' title='bbox 2916 3897 3047 3968; x_wconf 80' lang='grc' dir='ltr'>ὕψος</span> <span class='ocrx_word' id='word_1_853' title='bbox 3077 3897 3242 3951; x_wconf 87' lang='grc' dir='ltr'>αὐτοῦ</span> <span class='ocrx_word' id='word_1_854' title='bbox 3274 3900 3333 3951; x_wconf 89' lang='grc' dir='ltr'>ἐν</span> <span class='ocrx_word' id='word_1_855' title='bbox 3360 3900 3427 3968; x_wconf 79' lang='grc' dir='ltr'>τῇ</span> <span class='ocrx_word' id='word_1_856' title='bbox 3461 3896 3814 3966; x_wconf 84' lang='grc' dir='ltr'>ταπεινότητι</span> 
     </span>
    </p>
   </div>
   <div class='ocr_carea' id='block_1_108' title="bbox 2234 3980 3816 4056">
    <p class='ocr_par' dir='ltr' id='par_1_108' title="bbox 2234 3980 3816 4056">
     <span class='ocr_line' id='line_1_108' title="bbox 2234 3980 3816 4056; baseline -0.003 -18"><span class='ocrx_word' id='word_1_857' title='bbox 2234 3985 2579 4056; x_wconf 83' lang='grc' dir='ltr'>ἐφάνη.⁹’ορα</span> <span class='ocrx_word' id='word_1_858' title='bbox 2606 3981 2737 4051; x_wconf 89' lang='grc' dir='ltr'>γοῦν</span> <span class='ocrx_word' id='word_1_859' title='bbox 2764 3982 2926 4037; x_wconf 83' lang='grc' dir='ltr'>αὐτὸν</span> <span class='ocrx_word' id='word_1_860' title='bbox 2942 3985 3000 4035; x_wconf 87' lang='grc' dir='ltr'>ἐν</span> <span class='ocrx_word' id='word_1_861' title='bbox 3020 3981 3099 4053; x_wconf 82' lang='grc' dir='ltr'>τῷ</span> <span class='ocrx_word' id='word_1_862' title='bbox 3127 3982 3227 4054; x_wconf 80' lang='grc' dir='ltr'>ᾷδη</span> <span class='ocrx_word' id='word_1_863' title='bbox 3242 3982 3390 4045; x_wconf 72' lang='grc' dir='ltr'>ὄντα,</span> <span class='ocrx_word' id='word_1_864' title='bbox 3418 3982 3512 4035; x_wconf 78' lang='grc' dir='ltr'>καὶ</span> <span class='ocrx_word' id='word_1_865' title='bbox 3534 3980 3603 4034; x_wconf 67' lang='grc' dir='ltr'>τὰ</span> <span class='ocrx_word' id='word_1_866' title='bbox 3626 3980 3816 4051; x_wconf 65' lang='grc' dir='ltr'>ὑψηλὰ</span> 
     </span>
    </p>
   </div>
   <div class='ocr_carea' id='block_1_109' title="bbox 2234 4063 3813 4137">
    <p class='ocr_par' dir='ltr' id='par_1_109' title="bbox 2234 4063 3813 4137">
     <span class='ocr_line' id='line_1_109' title="bbox 2234 4063 3813 4137; baseline -0.003 -16"><span class='ocrx_word' id='word_1_867' title='bbox 2234 4067 2451 4121; x_wconf 74' lang='grc' dir='ltr'>ἅπαντα</span> <span class='ocrx_word' id='word_1_868' title='bbox 2483 4066 2714 4119; x_wconf 86' lang='grc' dir='ltr'>σείοντα.</span> <span class='ocrx_word' id='word_1_869' title='bbox 2757 4066 2823 4119; x_wconf 84' lang='lat'>&#39;0</span> <span class='ocrx_word' id='word_1_870' title='bbox 2852 4064 2961 4137; x_wconf 81' lang='grc' dir='ltr'>γὰρ</span> <span class='ocrx_word' id='word_1_871' title='bbox 2992 4065 3140 4136; x_wconf 84' lang='grc' dir='ltr'>ῆλιος</span> <span class='ocrx_word' id='word_1_872' title='bbox 3169 4065 3290 4118; x_wconf 89' lang='grc' dir='ltr'>τότε</span> <span class='ocrx_word' id='word_1_873' title='bbox 3320 4063 3418 4128; x_wconf 86' lang='grc' dir='ltr'>τὰς</span> <span class='ocrx_word' id='word_1_874' title='bbox 3447 4065 3669 4125; x_wconf 88' lang='grc' dir='ltr'>ἀκτῖνας</span> <span class='ocrx_word' id='word_1_875' title='bbox 3697 4063 3813 4116; x_wconf 86' lang='grc' dir='ltr'>ἀπ·</span> 
     </span>
    </p>
   </div>
   <div class='ocr_carea' id='block_1_110' title="bbox 2235 4145 3819 4221">
    <p class='ocr_par' dir='ltr' id='par_1_110' title="bbox 2235 4145 3819 4221">
     <span class='ocr_line' id='line_1_110' title="bbox 2235 4145 3819 4221; baseline -0.004 -18"><span class='ocrx_word' id='word_1_876' title='bbox 2235 4149 2486 4221; x_wconf 74' lang='grc' dir='ltr'>έστρεψε,</span> <span class='ocrx_word' id='word_1_877' title='bbox 2521 4149 2716 4221; x_wconf 83' lang='grc' dir='ltr'>πέτραι</span> <span class='ocrx_word' id='word_1_878' title='bbox 2761 4147 3054 4218; x_wconf 80' lang='grc' dir='ltr'>ἐσχίζοντο,</span> <span class='ocrx_word' id='word_1_879' title='bbox 3081 4147 3142 4200; x_wconf 88' lang='grc' dir='ltr'>τὸ</span> <span class='ocrx_word' id='word_1_880' title='bbox 3175 4146 3571 4216; x_wconf 88' lang='grc' dir='ltr'>καταπέτασμα</span> <span class='ocrx_word' id='word_1_881' title='bbox 3605 4145 3819 4216; x_wconf 75' lang='grc' dir='ltr'>ἐρρήγ-</span> 
     </span>
    </p>
   </div>
   <div class='ocr_carea' id='block_1_111' title="bbox 2237 4226 3819 4302">
    <p class='ocr_par' dir='ltr' id='par_1_111' title="bbox 2237 4226 3819 4302">
     <span class='ocr_line' id='line_1_111' title="bbox 2237 4226 3819 4302; baseline -0.004 -16"><span class='ocrx_word' id='word_1_882' title='bbox 2237 4250 2384 4295; x_wconf 89' lang='grc' dir='ltr'>νυτο,</span> <span class='ocrx_word' id='word_1_883' title='bbox 2408 4232 2675 4285; x_wconf 81' lang='grc' dir='ltr'>ὲκλονεῖτο</span> <span class='ocrx_word' id='word_1_884' title='bbox 2708 4233 2740 4301; x_wconf 84' lang='grc' dir='ltr'>ἡ</span> <span class='ocrx_word' id='word_1_885' title='bbox 2772 4232 2864 4302; x_wconf 88' lang='grc' dir='ltr'>γῆ,</span> <span class='ocrx_word' id='word_1_886' title='bbox 2895 4230 3094 4294; x_wconf 88' lang='grc' dir='ltr'>Ἰούδας</span> <span class='ocrx_word' id='word_1_887' title='bbox 3125 4231 3424 4301; x_wconf 85' lang='grc' dir='ltr'>ἀπήγχετο,</span> <span class='ocrx_word' id='word_1_888' title='bbox 3457 4226 3685 4290; x_wconf 85' lang='grc' dir='ltr'>Πιλάτος</span> <span class='ocrx_word' id='word_1_889' title='bbox 3715 4229 3819 4279; x_wconf 77' lang='grc' dir='ltr'>καὶ</span> 
     </span>
    </p>
   </div>
   <div class='ocr_carea' id='block_1_112' title="bbox 2237 4309 3819 4387">
    <p class='ocr_par' dir='ltr' id='par_1_112' title="bbox 2237 4309 3819 4387">
     <span class='ocr_line' id='line_1_112' title="bbox 2237 4309 3819 4387; baseline -0.005 -17"><span class='ocrx_word' id='word_1_890' title='bbox 2237 4317 2271 4387; x_wconf 79' lang='grc' dir='ltr'>ἡ</span> <span class='ocrx_word' id='word_1_891' title='bbox 2302 4315 2490 4370; x_wconf 89' lang='grc' dir='ltr'>τούτου</span> <span class='ocrx_word' id='word_1_892' title='bbox 2514 4315 2650 4385; x_wconf 80' lang='grc' dir='ltr'>γυνὴ</span> <span class='ocrx_word' id='word_1_893' title='bbox 2690 4313 3063 4385; x_wconf 82' lang='grc' dir='ltr'>έδειματοῦτο,</span> <span class='ocrx_word' id='word_1_894' title='bbox 3095 4312 3256 4376; x_wconf 80' lang='grc' dir='ltr'>αὐτὸς</span> <span class='ocrx_word' id='word_1_895' title='bbox 3290 4314 3318 4364; x_wconf 89' lang='lat'>6</span> <span class='ocrx_word' id='word_1_896' title='bbox 3345 4311 3579 4375; x_wconf 80' lang='grc' dir='ltr'>δικάζων</span> <span class='ocrx_word' id='word_1_897' title='bbox 3606 4309 3819 4365; x_wconf 83' lang='grc' dir='ltr'>ἀπελο-</span> 
     </span>
    </p>
   </div>
   <div class='ocr_carea' id='block_1_113' title="bbox 2236 4394 3823 4469">
    <p class='ocr_par' dir='ltr' id='par_1_113' title="bbox 2236 4394 3823 4469">
     <span class='ocr_line' id='line_1_113' title="bbox 2236 4394 3823 4469; baseline -0.004 -17"><span class='ocrx_word' id='word_1_898' title='bbox 2236 4400 2594 4468; x_wconf 81' lang='grc' dir='ltr'>γεῖτο.”¹οταν</span> <span class='ocrx_word' id='word_1_899' title='bbox 2636 4397 2814 4450; x_wconf 89' lang='grc' dir='ltr'>τοίνυν</span> <span class='ocrx_word' id='word_1_900' title='bbox 2857 4396 3115 4469; x_wconf 81' lang='grc' dir='ltr'>ἀκούσῃς,</span> <span class='ocrx_word' id='word_1_901' title='bbox 3146 4397 3227 4449; x_wconf 86' lang='grc' dir='ltr'>ὅτι</span> <span class='ocrx_word' id='word_1_902' title='bbox 3265 4394 3418 4466; x_wconf 88' lang='grc' dir='ltr'>ἐδέθη</span> <span class='ocrx_word' id='word_1_903' title='bbox 3454 4395 3548 4447; x_wconf 67' lang='grc' dir='ltr'>καὶ</span> <span class='ocrx_word' id='word_1_904' title='bbox 3585 4395 3823 4463; x_wconf 81' lang='grc' dir='ltr'>ἐμαστι-</span> 
     </span>
    </p>
   </div>
   <div class='ocr_carea' id='block_1_114' title="bbox 2236 4475 3822 4554">
    <p class='ocr_par' dir='ltr' id='par_1_114' title="bbox 2236 4475 3822 4554">
     <span class='ocr_line' id='line_1_114' title="bbox 2236 4475 3822 4554; baseline -0.004 -18"><span class='ocrx_word' id='word_1_905' title='bbox 2236 4483 2410 4554; x_wconf 82' lang='grc' dir='ltr'>γώθη,</span> <span class='ocrx_word' id='word_1_906' title='bbox 2439 4483 2513 4553; x_wconf 81' lang='grc' dir='ltr'>μὴ</span> <span class='ocrx_word' id='word_1_907' title='bbox 2549 4481 2819 4553; x_wconf 82' lang='grc' dir='ltr'>συγχυθῇς</span> <span class='ocrx_word' id='word_1_908' title='bbox 2836 4498 2850 4512; x_wconf 78' lang='grc' dir='ltr'><strong>ο</strong></span> <span class='ocrx_word' id='word_1_909' title='bbox 2877 4481 2992 4535; x_wconf 87' lang='grc' dir='ltr'>ἀλλ’</span> <span class='ocrx_word' id='word_1_910' title='bbox 3021 4482 3124 4552; x_wconf 84' lang='grc' dir='ltr'>ὅρα</span> <span class='ocrx_word' id='word_1_911' title='bbox 3148 4480 3307 4533; x_wconf 82' lang='grc' dir='ltr'>αὐτὸν</span> <span class='ocrx_word' id='word_1_912' title='bbox 3334 4480 3426 4533; x_wconf 70' lang='grc' dir='ltr'>καὶ</span> <span class='ocrx_word' id='word_1_913' title='bbox 3444 4480 3502 4532; x_wconf 88' lang='grc' dir='ltr'>ἐν</span> <span class='ocrx_word' id='word_1_914' title='bbox 3520 4477 3597 4547; x_wconf 83' lang='grc' dir='ltr'>τῷ</span> <span class='ocrx_word' id='word_1_915' title='bbox 3625 4475 3822 4547; x_wconf 84' lang='grc' dir='ltr'>δεσμῷ</span> 
     </span>
    </p>
   </div>
   <div class='ocr_carea' id='block_1_115' title="bbox 2235 4557 3824 4639">
    <p class='ocr_par' dir='ltr' id='par_1_115' title="bbox 2235 4557 3824 4639">
     <span class='ocr_line' id='line_1_115' title="bbox 2235 4557 3824 4639; baseline -0.006 -17"><span class='ocrx_word' id='word_1_916' title='bbox 2235 4569 2337 4639; x_wconf 83' lang='grc' dir='ltr'>τὴν</span> <span class='ocrx_word' id='word_1_917' title='bbox 2386 4568 2538 4636; x_wconf 85' lang='grc' dir='ltr'>ἰσχὺν</span> <span class='ocrx_word' id='word_1_918' title='bbox 2585 4564 3043 4633; x_wconf 86' lang='grc' dir='ltr'>ἐπιδεικνύμενον.</span> <span class='ocrx_word' id='word_1_919' title='bbox 3086 4559 3238 4626; x_wconf 81' lang='grc' dir='ltr'>Εἷπε,</span> <span class='ocrx_word' id='word_1_920' title='bbox 3272 4563 3414 4617; x_wconf 81' lang='grc' dir='ltr'>Τίνα</span> <span class='ocrx_word' id='word_1_921' title='bbox 3445 4557 3693 4628; x_wconf 61' lang='lat' dir='ltr'>(meite;</span> <span class='ocrx_word' id='word_1_922' title='bbox 3721 4562 3824 4613; x_wconf 70' lang='grc' dir='ltr'>καὶ</span> 
     </span>
    </p>
   </div>
   <div class='ocr_carea' id='block_1_116' title="bbox 2241 4644 3821 4722">
    <p class='ocr_par' dir='ltr' id='par_1_116' title="bbox 2241 4644 3821 4722">
     <span class='ocr_line' id='line_1_116' title="bbox 2241 4644 3821 4722; baseline 0.001 -17"><span class='ocrx_word' id='word_1_923' title='bbox 2241 4651 2451 4713; x_wconf 87' lang='grc' dir='ltr'>πάντας</span> <span class='ocrx_word' id='word_1_924' title='bbox 2482 4648 2704 4722; x_wconf 74' lang='grc' dir='ltr'>ἔρριψεν</span> <span class='ocrx_word' id='word_1_925' title='bbox 2736 4649 2979 4711; x_wconf 84' lang='grc' dir='ltr'>ὑπτίους.</span> <span class='ocrx_word' id='word_1_926' title='bbox 3032 4644 3182 4709; x_wconf 77' lang='grc' dir='ltr'>Εἶδες</span> <span class='ocrx_word' id='word_1_927' title='bbox 3212 4646 3331 4708; x_wconf 89' lang='grc' dir='ltr'>πῶς</span> <span class='ocrx_word' id='word_1_928' title='bbox 3375 4645 3627 4714; x_wconf 78' lang='grc' dir='ltr'>φοϐερὸς,</span> <span class='ocrx_word' id='word_1_929' title='bbox 3659 4646 3821 4713; x_wconf 63' lang='grc' dir='ltr'>φωνῇ</span> 
     </span>
    </p>
   </div>
   <div class='ocr_carea' id='block_1_117' title="bbox 2244 4723 3825 4806">
    <p class='ocr_par' dir='ltr' id='par_1_117' title="bbox 2244 4723 3825 4806">
     <span class='ocr_line' id='line_1_117' title="bbox 2244 4723 3825 4806; baseline -0.006 -18"><span class='ocrx_word' id='word_1_930' title='bbox 2244 4737 2377 4806; x_wconf 84' lang='grc' dir='ltr'>μόνῃ</span> <span class='ocrx_word' id='word_1_931' title='bbox 2410 4735 2502 4788; x_wconf 83' lang='grc' dir='ltr'>καὶ</span> <span class='ocrx_word' id='word_1_932' title='bbox 2535 4732 2765 4803; x_wconf 89' lang='grc' dir='ltr'>νεύματι</span> <span class='ocrx_word' id='word_1_933' title='bbox 2809 4730 3047 4785; x_wconf 90' lang='grc' dir='ltr'>τοσαῦτα</span> <span class='ocrx_word' id='word_1_934' title='bbox 3088 4729 3484 4800; x_wconf 82' lang='grc' dir='ltr'>ἐργαζόμενος;</span> <span class='ocrx_word' id='word_1_935' title='bbox 3516 4729 3686 4781; x_wconf 86' lang='grc' dir='ltr'>Ὅταν</span> <span class='ocrx_word' id='word_1_936' title='bbox 3719 4723 3825 4781; x_wconf 81' lang='grc' dir='ltr'>οὖν</span> 
     </span>
    </p>
   </div>
   <div class='ocr_carea' id='block_1_118' title="bbox 2241 4812 3825 4890">
    <p class='ocr_par' dir='ltr' id='par_1_118' title="bbox 2241 4812 3825 4890">
     <span class='ocr_line' id='line_1_118' title="bbox 2241 4812 3825 4890; baseline -0.007 -17"><span class='ocrx_word' id='word_1_937' title='bbox 2241 4819 2355 4890; x_wconf 75' lang='grc' dir='ltr'>ἴδῃς</span> <span class='ocrx_word' id='word_1_938' title='bbox 2386 4817 2545 4872; x_wconf 79' lang='grc' dir='ltr'>αὐτὸν</span> <span class='ocrx_word' id='word_1_939' title='bbox 2570 4816 2781 4887; x_wconf 76' lang='grc' dir='ltr'>νεκρὸν,</span> <span class='ocrx_word' id='word_1_940' title='bbox 2804 4815 3055 4885; x_wconf 86' lang='grc' dir='ltr'>ἐννόησον</span> <span class='ocrx_word' id='word_1_941' title='bbox 3073 4815 3163 4867; x_wconf 87' lang='grc' dir='ltr'>τὸν</span> <span class='ocrx_word' id='word_1_942' title='bbox 3184 4814 3331 4867; x_wconf 81' lang='grc' dir='ltr'>λίθον</span> <span class='ocrx_word' id='word_1_943' title='bbox 3358 4812 3666 4883; x_wconf 88' lang='grc' dir='ltr'>αἰρόμενον,</span> <span class='ocrx_word' id='word_1_944' title='bbox 3684 4812 3825 4875; x_wconf 72' lang='grc' dir='ltr'>τοὺς</span> 
     </span>
    </p>
   </div>
   <div class='ocr_carea' id='block_1_119' title="bbox 2240 4895 3823 4972">
    <p class='ocr_par' dir='ltr' id='par_1_119' title="bbox 2240 4895 3823 4972">
     <span class='ocr_line' id='line_1_119' title="bbox 2240 4895 3823 4972; baseline -0.006 -16"><span class='ocrx_word' id='word_1_945' title='bbox 2240 4903 2507 4972; x_wconf 82' lang='grc' dir='ltr'>ἀγγέλους</span> <span class='ocrx_word' id='word_1_946' title='bbox 2537 4902 2663 4963; x_wconf 88' lang='lat'><strong>106;</strong></span> <span class='ocrx_word' id='word_1_947' title='bbox 2695 4898 2830 4970; x_wconf 84' lang='grc' dir='ltr'>μετὰ</span> <span class='ocrx_word' id='word_1_948' title='bbox 2869 4898 3034 4967; x_wconf 80' lang='grc' dir='ltr'>φόϐου</span> <span class='ocrx_word' id='word_1_949' title='bbox 3074 4897 3487 4968; x_wconf 84' lang='grc' dir='ltr'>παραμένοντας</span> <span class='ocrx_word' id='word_1_950' title='bbox 3525 4895 3604 4966; x_wconf 86' lang='grc' dir='ltr'>τῷ</span> <span class='ocrx_word' id='word_1_951' title='bbox 3635 4896 3823 4966; x_wconf 70' lang='grc' dir='ltr'>τάφῳ,</span> 
     </span>
    </p>
   </div>
   <div class='ocr_carea' id='block_1_120' title="bbox 2240 4980 3823 5058">
    <p class='ocr_par' dir='ltr' id='par_1_120' title="bbox 2240 4980 3823 5058">
     <span class='ocr_line' id='line_1_120' title="bbox 2240 4980 3823 5058; baseline -0.006 -17"><span class='ocrx_word' id='word_1_952' title='bbox 2240 4988 2329 5041; x_wconf 80' lang='grc' dir='ltr'>τὸν</span> <span class='ocrx_word' id='word_1_953' title='bbox 2360 4987 2492 5058; x_wconf 83' lang='grc' dir='ltr'>ᾇδην</span> <span class='ocrx_word' id='word_1_954' title='bbox 2511 4985 2793 5056; x_wconf 86' lang='grc' dir='ltr'>λυόμενον,</span> <span class='ocrx_word' id='word_1_955' title='bbox 2828 4984 2919 5036; x_wconf 77' lang='grc' dir='ltr'>τὸν</span> <span class='ocrx_word' id='word_1_956' title='bbox 2944 4984 3173 5038; x_wconf 88' lang='grc' dir='ltr'>θάνατον</span> <span class='ocrx_word' id='word_1_957' title='bbox 3203 4983 3522 5053; x_wconf 86' lang='grc' dir='ltr'>τηκόμενον,</span> <span class='ocrx_word' id='word_1_958' title='bbox 3562 4980 3687 5042; x_wconf 83' lang='grc' dir='ltr'>τοὺς</span> <span class='ocrx_word' id='word_1_959' title='bbox 3723 4980 3823 5032; x_wconf 86' lang='grc' dir='ltr'>δε-</span> 
     </span>
    </p>
   </div>
   <div class='ocr_carea' id='block_1_121' title="bbox 2243 5062 3825 5140">
    <p class='ocr_par' dir='ltr' id='par_1_121' title="bbox 2243 5062 3825 5140">
     <span class='ocr_line' id='line_1_121' title="bbox 2243 5062 3825 5140; baseline -0.006 -16"><span class='ocrx_word' id='word_1_960' title='bbox 2243 5070 2463 5140; x_wconf 80' lang='grc' dir='ltr'>σμώτας</span> <span class='ocrx_word' id='word_1_961' title='bbox 2492 5067 2792 5121; x_wconf 84' lang='grc' dir='ltr'>ἀπολύοντα</span> <span class='ocrx_word' id='word_1_962' title='bbox 2810 5084 2826 5098; x_wconf 70' lang='grc' dir='ltr'><strong>ο</strong></span> <span class='ocrx_word' id='word_1_963' title='bbox 2862 5066 2956 5120; x_wconf 72' lang='grc' dir='ltr'>καὶ</span> <span class='ocrx_word' id='word_1_964' title='bbox 2987 5066 3108 5120; x_wconf 82' lang='grc' dir='ltr'>τότε</span> <span class='ocrx_word' id='word_1_965' title='bbox 3135 5065 3255 5135; x_wconf 68' lang='grc' dir='ltr'>δψει</span> <span class='ocrx_word' id='word_1_966' title='bbox 3282 5064 3445 5119; x_wconf 88' lang='grc' dir='ltr'>αὐτοῦ</span> <span class='ocrx_word' id='word_1_967' title='bbox 3467 5064 3528 5116; x_wconf 81' lang='grc' dir='ltr'>τὸ</span> <span class='ocrx_word' id='word_1_968' title='bbox 3560 5062 3825 5133; x_wconf 76' lang='grc' dir='ltr'>φοϐερόν.</span> 
     </span>
    </p>
   </div>
   <div class='ocr_carea' id='block_1_122' title="bbox 2242 5142 3830 5222">
    <p class='ocr_par' dir='ltr' id='par_1_122' title="bbox 2242 5142 3830 5222">
     <span class='ocr_line' id='line_1_122' title="bbox 2242 5142 3830 5222; baseline -0.006 -16"><span class='ocrx_word' id='word_1_969' title='bbox 2242 5153 2304 5206; x_wconf 87' lang='grc' dir='ltr'>Εἰ</span> <span class='ocrx_word' id='word_1_970' title='bbox 2337 5151 2393 5204; x_wconf 86' lang='grc' dir='ltr'>δὲ</span> <span class='ocrx_word' id='word_1_971' title='bbox 2427 5151 2484 5203; x_wconf 86' lang='grc' dir='ltr'>ὲν</span> <span class='ocrx_word' id='word_1_972' title='bbox 2518 5148 2593 5220; x_wconf 84' lang='grc' dir='ltr'>τῷ</span> <span class='ocrx_word' id='word_1_973' title='bbox 2618 5148 2793 5222; x_wconf 85' lang='grc' dir='ltr'>καιρῷ</span> <span class='ocrx_word' id='word_1_974' title='bbox 2819 5149 2918 5219; x_wconf 87' lang='grc' dir='ltr'>τῆς</span> <span class='ocrx_word' id='word_1_975' title='bbox 2956 5149 3176 5219; x_wconf 88' lang='grc' dir='ltr'>ἀτιμίας</span> <span class='ocrx_word' id='word_1_976' title='bbox 3210 5147 3446 5199; x_wconf 89' lang='grc' dir='ltr'>τοσαῦτα</span> <span class='ocrx_word' id='word_1_977' title='bbox 3480 5142 3830 5209; x_wconf 81' lang='grc' dir='ltr'>ἐπεδείξατο,</span> 
     </span>
    </p>
   </div>
   <div class='ocr_carea' id='block_1_123' title="bbox 2243 5227 3830 5305">
    <p class='ocr_par' dir='ltr' id='par_1_123' title="bbox 2243 5227 3830 5305">
     <span class='ocr_line' id='line_1_123' title="bbox 2243 5227 3830 5305; baseline -0.004 -18"><span class='ocrx_word' id='word_1_978' title='bbox 2243 5237 2300 5289; x_wconf 90' lang='grc' dir='ltr'>ἐν</span> <span class='ocrx_word' id='word_1_979' title='bbox 2326 5233 2561 5305; x_wconf 81' lang='grc' dir='ltr'>οὐρανῷ,</span> <span class='ocrx_word' id='word_1_980' title='bbox 2607 5235 2666 5286; x_wconf 85' lang='grc' dir='ltr'>ἐν</span> <span class='ocrx_word' id='word_1_981' title='bbox 2693 5237 2785 5303; x_wconf 83' lang='grc' dir='ltr'>γῇ,</span> <span class='ocrx_word' id='word_1_982' title='bbox 2818 5234 2876 5285; x_wconf 88' lang='grc' dir='ltr'>ἐν</span> <span class='ocrx_word' id='word_1_983' title='bbox 2910 5231 3029 5304; x_wconf 77' lang='grc' dir='ltr'>ᾄδῃ,</span> <span class='ocrx_word' id='word_1_984' title='bbox 3072 5231 3194 5283; x_wconf 88' lang='grc' dir='ltr'>τίνα</span> <span class='ocrx_word' id='word_1_985' title='bbox 3238 5229 3337 5283; x_wconf 87' lang='grc' dir='ltr'>οὐκ</span> <span class='ocrx_word' id='word_1_986' title='bbox 3373 5227 3707 5299; x_wconf 77' lang='grc' dir='ltr'>ἐπιδείξηται</span> <span class='ocrx_word' id='word_1_987' title='bbox 3760 5230 3830 5281; x_wconf 82' lang='grc' dir='ltr'>ἐν</span> 
     </span>
    </p>
   </div>
   <div class='ocr_carea' id='block_1_124' title="bbox 2243 5311 3833 5388">
    <p class='ocr_par' dir='ltr' id='par_1_124' title="bbox 2243 5311 3833 5388">
     <span class='ocr_line' id='line_1_124' title="bbox 2243 5311 3833 5388; baseline -0.004 -18"><span class='ocrx_word' id='word_1_988' title='bbox 2243 5316 2320 5388; x_wconf 82' lang='grc' dir='ltr'>τῷ</span> <span class='ocrx_word' id='word_1_989' title='bbox 2346 5316 2522 5388; x_wconf 84' lang='grc' dir='ltr'>καιρῷ</span> <span class='ocrx_word' id='word_1_990' title='bbox 2556 5315 2658 5386; x_wconf 88' lang='grc' dir='ltr'>τῆς</span> <span class='ocrx_word' id='word_1_991' title='bbox 2698 5314 2997 5385; x_wconf 84' lang='grc' dir='ltr'>μελλούσης</span> <span class='ocrx_word' id='word_1_992' title='bbox 3050 5313 3381 5384; x_wconf 83' lang='grc' dir='ltr'>παρουσίας;</span> <span class='ocrx_word' id='word_1_993' title='bbox 3410 5312 3674 5363; x_wconf 82' lang='grc' dir='ltr'>Ἀκουσον</span> <span class='ocrx_word' id='word_1_994' title='bbox 3704 5311 3833 5363; x_wconf 82' lang='grc' dir='ltr'>τῶν</span> 
     </span>
    </p>
   </div>
   <div class='ocr_carea' id='block_1_125' title="bbox 2243 5393 3829 5470">
    <p class='ocr_par' dir='ltr' id='par_1_125' title="bbox 2243 5393 3829 5470">
     <span class='ocr_line' id='line_1_125' title="bbox 2243 5393 3829 5470; baseline -0.004 -17"><span class='ocrx_word' id='word_1_995' title='bbox 2243 5400 2517 5470; x_wconf 86' lang='grc' dir='ltr'>δαιμόνων</span> <span class='ocrx_word' id='word_1_996' title='bbox 2545 5400 2603 5452; x_wconf 83' lang='grc' dir='ltr'>ἐν</span> <span class='ocrx_word' id='word_1_997' title='bbox 2637 5398 2716 5469; x_wconf 82' lang='grc' dir='ltr'>τῷ</span> <span class='ocrx_word' id='word_1_998' title='bbox 2746 5396 2922 5469; x_wconf 84' lang='grc' dir='ltr'>καιρῷ</span> <span class='ocrx_word' id='word_1_999' title='bbox 2954 5398 3051 5467; x_wconf 89' lang='grc' dir='ltr'>τῆς</span> <span class='ocrx_word' id='word_1_1000' title='bbox 3078 5394 3455 5458; x_wconf 79' lang='grc' dir='ltr'>ταπεινώσεως</span> <span class='ocrx_word' id='word_1_1001' title='bbox 3481 5393 3533 5446; x_wconf 89' lang='grc' dir='ltr'>τί</span> <span class='ocrx_word' id='word_1_1002' title='bbox 3562 5393 3788 5460; x_wconf 69' lang='grc' dir='ltr'>λέγουσι</span> <span class='ocrx_word' id='word_1_1003' title='bbox 3811 5434 3829 5456; x_wconf 93' lang='grc'>,</span> 
     </span>
    </p>
   </div>
   <div class='ocr_carea' id='block_1_126' title="bbox 2245 5475 3836 5552">
    <p class='ocr_par' dir='ltr' id='par_1_126' title="bbox 2245 5475 3836 5552">
     <span class='ocr_line' id='line_1_126' title="bbox 2245 5475 3836 5552; baseline -0.004 -16"><span class='ocrx_word' id='word_1_1004' title='bbox 2245 5484 2353 5535; x_wconf 88' lang='grc' dir='ltr'>τῶν</span> <span class='ocrx_word' id='word_1_1005' title='bbox 2378 5482 2733 5552; x_wconf 81' lang='grc' dir='ltr'>ἀφριζόντων,</span> <span class='ocrx_word' id='word_1_1006' title='bbox 2772 5481 2881 5534; x_wconf 90' lang='grc' dir='ltr'>τῶν</span> <span class='ocrx_word' id='word_1_1007' title='bbox 2912 5479 3088 5550; x_wconf 82' lang='grc' dir='ltr'>δεσμὰ</span> <span class='ocrx_word' id='word_1_1008' title='bbox 3117 5479 3459 5543; x_wconf 87' lang='grc' dir='ltr'>διαλυόντων,</span> <span class='ocrx_word' id='word_1_1009' title='bbox 3488 5475 3594 5530; x_wconf 85' lang='grc' dir='ltr'>τῶν</span> <span class='ocrx_word' id='word_1_1010' title='bbox 3615 5475 3836 5531; x_wconf 74' lang='grc' dir='ltr'>ἄϐατον</span> 
     </span>
    </p>
   </div>
   <div class='ocr_carea' id='block_1_127' title="bbox 2247 5560 3833 5636">
    <p class='ocr_par' dir='ltr' id='par_1_127' title="bbox 2247 5560 3833 5636">
     <span class='ocr_line' id='line_1_127' title="bbox 2247 5560 3833 5636; baseline -0.001 -18"><span class='ocrx_word' id='word_1_1011' title='bbox 2247 5566 2544 5619; x_wconf 88' lang='grc' dir='ltr'>ποιούντων</span> <span class='ocrx_word' id='word_1_1012' title='bbox 2562 5565 2660 5636; x_wconf 84' lang='grc' dir='ltr'>τὴν</span> <span class='ocrx_word' id='word_1_1013' title='bbox 2682 5565 2800 5618; x_wconf 84' lang='grc' dir='ltr'>ὀδόν</span> <span class='ocrx_word' id='word_1_1014' title='bbox 2818 5584 2832 5598; x_wconf 77' lang='grc' dir='ltr'><strong><em>ο</em></strong></span> <span class='ocrx_word' id='word_1_1015' title='bbox 2866 5565 2928 5619; x_wconf 86' lang='grc' dir='ltr'>Τί</span> <span class='ocrx_word' id='word_1_1016' title='bbox 2954 5564 3099 5634; x_wconf 72' lang='grc' dir='ltr'>ἡμῖν</span> <span class='ocrx_word' id='word_1_1017' title='bbox 3123 5563 3222 5619; x_wconf 79' lang='grc' dir='ltr'>καί</span> <span class='ocrx_word' id='word_1_1018' title='bbox 3241 5565 3362 5627; x_wconf 80' lang='grc' dir='ltr'>σοὶ,</span> <span class='ocrx_word' id='word_1_1019' title='bbox 3395 5563 3490 5617; x_wconf 76' lang='grc' dir='ltr'>Υἱὲ</span> <span class='ocrx_word' id='word_1_1020' title='bbox 3503 5560 3608 5615; x_wconf 87' lang='grc' dir='ltr'>τοῦ</span> <span class='ocrx_word' id='word_1_1021' title='bbox 3630 5561 3790 5617; x_wconf 84' lang='grc' dir='ltr'>Θεοῦ</span> <span class='ocrx_word' id='word_1_1022' title='bbox 3808 5578 3833 5628; x_wconf 83' lang='lat'>;</span> 
     </span>
    </p>
   </div>
   <div class='ocr_carea' id='block_1_128' title="bbox 2312 5775 3538 5834">
    <p class='ocr_par' dir='ltr' id='par_1_128' title="bbox 2312 5775 3538 5834">
     <span class='ocr_line' id='line_1_128' title="bbox 2312 5775 3538 5834; baseline -0.004 -6"><span class='ocrx_word' id='word_1_1023' title='bbox 2312 5775 2341 5821; x_wconf 66' lang='grc' dir='ltr'><strong><em>ὁ</em></strong></span> <span class='ocrx_word' id='word_1_1024' title='bbox 2359 5776 2441 5831; x_wconf 74' lang='lat' dir='ltr'>Sic</span> <span class='ocrx_word' id='word_1_1025' title='bbox 2462 5790 2577 5829; x_wconf 83' lang='lat' dir='ltr'>mss.</span> <span class='ocrx_word' id='word_1_1026' title='bbox 2602 5783 2655 5829; x_wconf 80' lang='lat' dir='ltr'>et</span> <span class='ocrx_word' id='word_1_1027' title='bbox 2687 5782 2740 5829; x_wconf 83' lang='lat' dir='ltr'><strong>et</strong></span> <span class='ocrx_word' id='word_1_1028' title='bbox 2770 5778 2942 5833; x_wconf 63' lang='grc' dir='ltr'>δεῆιά</span> <span class='ocrx_word' id='word_1_1029' title='bbox 2969 5777 3140 5829; x_wconf 81' lang='lat' dir='ltr'>Morel.</span> <span class='ocrx_word' id='word_1_1030' title='bbox 3166 5787 3283 5829; x_wconf 72' lang='lat' dir='ltr'>vero</span> <span class='ocrx_word' id='word_1_1031' title='bbox 3306 5776 3538 5834; x_wconf 76' lang='grc' dir='ltr'>ἐνέγκατε.</span> 
     </span>
    </p>
   </div>
  </div>
