4108 6344
349 333 453 390 209

348 449 457 504 dixi
481 490 497 511 ,
547 461 686 502 nunc
733 460 942 517 quoque
981 445 1100 501 dico
1131 464 1146 501 :
1173 446 1274 501 alia
1304 445 1514 515 quidem
1543 445 1612 499 ita
1639 452 1760 499 sunt
1780 459 1922 498 acet-

350 536 564 609 pienda,
603 547 662 593 ut
684 536 828 593 dicta
871 546 1025 604 sunt;
1055 537 1156 592 alia
1186 552 1313 592 vero
1341 537 1511 599 aliter,
1543 552 1698 606 quam
1729 551 1837 604 pra:
1864 549 1922 588 se

351 629 528 685 lerunt
555 648 568 683 :
602 630 1043 700 quemadmodum
1071 647 1127 684 se
1153 629 1312 684 habet
1337 630 1388 682 in
1413 630 1504 682 illo
1533 647 1545 684 :
1578 628 1713 698 Lupi
1741 637 1784 682 et
1807 644 1921 682 ores

347 721 502 776 simul
531 731 798 788 pascentur
821 720 972 791 (Isai.
1007 724 1090 776 11.
1123 722 1202 790 6).
1243 721 1359 775 Non
1403 720 1743 788 intelligimus
1779 719 1919 774 enim

351 812 498 880 lupos
525 821 579 866 et
602 826 748 876 oves,
784 827 879 865 nec
905 813 1104 880 paleas,
1136 812 1215 866 vel
1243 813 1431 866 bovem
1459 810 1543 866 vel
1570 820 1798 874 taurum,
1825 811 1919 862 sed

348 915 524 955 mores
564 902 836 956 hominum
879 919 972 970 per
1007 901 1405 957 similitudinem
1436 903 1709 957 brutorum
1737 902 1919 969 expri-

347 994 561 1046 mimus.
609 993 726 1047 Alia
751 1009 878 1047 vero
921 1003 1045 1048 sunt
1094 994 1396 1063 accipienda
1442 993 1739 1062 dupliciter,
1769 1001 1826 1046 ut
1868 1001 1922 1045 et

349 1083 615 1137 sensibilia
645 1084 1014 1153 intelligamus,
1036 1095 1087 1138 et
1112 1101 1230 1155 quae
1255 1086 1305 1139 in
1334 1083 1677 1153 intelligentia
1705 1098 1920 1137 versan-

347 1182 433 1228 tur
447 1175 796 1240 suscipiamus
815 1192 828 1226 :
849 1175 1292 1243 quemadmodum
1317 1176 1366 1228 in
1389 1189 1621 1245 anagoge
1634 1183 1686 1228 et
1705 1173 1918 1227 sublimi

347 1266 792 1334 contemplatione
837 1266 926 1319 ﬁlii
971 1267 1256 1320 Abraham.
1304 1266 1493 1320 Filium
1518 1266 1660 1318 enim
1686 1265 1916 1318 oblatum

337 1351 508 1408 luisse
534 1355 732 1409 scimus
754 1353 903 1424 (Gen.
932 1354 1044 1424 22),
1088 1370 1268 1409 verum
1311 1355 1506 1423 aliquid
1547 1356 1703 1409 etiam
1751 1354 1913 1420 aliud,

345 1445 488 1514 quod
537 1447 666 1502 latet
713 1447 762 1501 in
806 1448 1170 1517 intelligentia,
1217 1463 1312 1516 per
1359 1448 1520 1501 filium
1562 1449 1913 1516 excerpimus,

346 1551 537 1606 nempe
564 1553 796 1591 crucem.
833 1537 902 1591 Et
929 1554 1110 1593 rursus
1132 1538 1183 1591 in
1215 1537 1416 1608 pecude
1443 1539 1494 1592 in
1520 1537 1770 1607 Egypto,
1800 1554 1918 1607 pas-

345 1628 512 1681 sionis
539 1628 935 1683 similitudinem
957 1629 1198 1684 similiter
1220 1630 1564 1699 exprimimus
1591 1630 1780 1698 (Exod.
1802 1628 1911 1700 12).

347 1718 458 1773 Hoc
484 1719 666 1788 ipsum
693 1719 780 1775 hic
809 1735 1021 1790 quoque
1059 1720 1354 1775 faciendum
1401 1731 1502 1775 est.
1547 1720 1731 1789 Neque
1771 1722 1912 1774 enim

345 1811 577 1880 loquitur
625 1812 795 1866 solum
843 1811 909 1866 de
954 1813 1216 1866 Arabibus
1266 1823 1322 1867 et
1367 1814 1576 1878 vicinis,
1630 1814 1721 1868 sed
1763 1822 1916 1868 vocat

344 1915 532 1957 omnes
578 1914 782 1972 gentes.
826 1904 1075 1970 Quoniam
1113 1905 1358 1961 Dominus
1393 1906 1630 1967 excelsus.
1660 1907 1911 1973 terribilis,

343 2010 434 2046 rea:
461 2011 670 2062 magnus
702 2012 851 2062 super
886 2013 1078 2048 omnem
1110 2006 1315 2053 terram.
1351 1997 1538 2051 Statim
1565 2014 1690 2067 ergo
1713 2015 1743 2051 a
1767 2000 1912 2067 prin-

343 2082 482 2151 cipio
511 2084 801 2140 auditorem
829 2087 1041 2151 excitat,
1073 2087 1138 2140 ad
1178 2097 1256 2142 tot
1292 2089 1599 2142 annuntiata
1640 2089 1776 2144 bona
1816 2106 1911 2144 vo-

343 2188 487 2240 cans,
523 2187 576 2229 et
603 2177 669 2230 ad
695 2178 954 2247 publicam
994 2179 1154 2233 totius
1190 2181 1334 2236 orbis
1378 2191 1533 2235 teme
1571 2183 1908 2248 concionem,

343 2263 690 2336 divinumque
720 2284 781 2320 ac
808 2270 1078 2338 spirituale
1106 2271 1369 2340 quoddam
1401 2272 1590 2326 festum
1616 2314 1631 2339 ,
1661 2282 1818 2343 atque
1846 2275 1911 2328 ad

343 2358 611 2428 delapsam
650 2377 713 2415 ex
753 2363 896 2417 czelis
933 2366 1301 2436 mysteriorum
1333 2366 1649 2420 doctrinam.
1686 2367 1753 2421 Et
1792 2367 1912 2422 ideo

343 2449 472 2504 dicit
502 2469 516 2506 :
548 2450 1067 2519 Planditemanibus;
1098 2456 1198 2510 hoc
1241 2467 1319 2512 est
1343 2498 1358 2522 ,
1386 2457 1652 2519 Gaudete,
1681 2460 1908 2514 cxsilite.

342 2540 470 2594 Nam
510 2541 619 2596 hoc
658 2560 865 2612 quoque
901 2561 1077 2600 sermo
1109 2547 1257 2615 jubet
1287 2550 1657 2617 evangelicus,
1692 2550 1908 2620 dicens,

343 2628 606 2686 Exsultate
633 2632 785 2700 (Luc.
816 2635 868 2690 6.
907 2635 997 2705 25)
1033 2655 1045 2690 :
1076 2653 1181 2690 non
1214 2639 1392 2708 utique
1416 2640 1606 2708 juhens
1633 2641 1828 2696 saltare
1855 2651 1909 2696 et

342 2719 553 2775 exsilire
583 2723 719 2792 (hoc
745 2736 827 2778 est
863 2729 1003 2781 enim
1045 2729 1334 2799 illiberale)
1357 2773 1370 2794 ,
1399 2732 1491 2785 sed
1519 2733 1907 2789 vehementiam

341 2807 536 2864 lmtitize
573 2813 893 2881 signiﬁcans.
936 2819 1084 2882 Quod
1113 2820 1254 2874 enim
1284 2822 1454 2891 agitur
1477 2863 1491 2885 ,
1523 2839 1761 2892 magnam
1793 2841 1908 2880 me-

339 2908 487 2953 retur
535 2899 792 2956 laetitiam.
844 2907 1107 2972 Quantum
1152 2911 1292 2963 enim
1339 2920 1493 2966 terrae
1539 2913 1617 2966 sol
1662 2916 1904 2984 respicit,

339 3003 516 3043 sermo
539 2994 772 3061 pervasit
794 2999 1146 3066 evangelicus,
1177 3009 1232 3055 et
1259 3013 1498 3057 servatus
1524 3014 1604 3058 est
1630 3007 1908 3063 universus

340 3079 483 3134 orbis
511 3090 666 3136 terra:
719 3094 808 3138 :et
857 3089 942 3155 qui
988 3089 1055 3143 ab
1097 3105 1281 3145 errore
1323 3104 1475 3148 antea
1517 3095 1904 3165 detinebantur,

339 3169 559 3225 Judaico
613 3175 756 3228 cultu
803 3177 1056 3246 majorem
1098 3182 1447 3238 ostenderunt
1494 3185 1903 3256 philosophiam.

343 3260 526 3315 Omnes
544 3274 731 3333 gentes,
748 3266 984 3336 ,plaudite
1001 3271 1244 3325 manibus.
1273 3273 1396 3341 Illis,
1418 3276 1603 3346 inquit,
1621 3287 1772 3332 antea
1791 3294 1908 3334 sce-

342 3351 536 3418 leratis,
568 3357 672 3410 illis
698 3359 870 3427 impiis
900 3371 953 3415 et
979 3367 1342 3433 exsecrandis,
1371 3384 1487 3438 quae
1511 3386 1606 3439 per
1635 3372 1904 3430 immunda

339 3446 593 3500 sacriﬁcia
622 3452 856 3519 quotidie
887 3456 1272 3523 polluebantur,
1303 3460 1492 3529 quibus
1524 3464 1659 3518 ﬁlios
1687 3467 1900 3522 occide-

341 3537 494 3604 batis,
515 3549 568 3594 et
597 3544 763 3612 turpia
788 3548 1090 3614 patrabatis,
1121 3559 1175 3603 et
1192 3551 1447 3608 adversus
1473 3556 1640 3623 ipsam
1664 3568 1904 3614 naturam

339 3631 772 3700 contendebatis,
814 3637 890 3690 eis
935 3654 1074 3692 nunc
1117 3641 1347 3704 plaudite
1392 3647 1658 3701 manibus.
1685 3648 1908 3705 Jubilate

336 3716 445 3771 Deo
471 3720 522 3773 in
542 3738 659 3776 uoce
682 3727 1044 3782 exsultationis.
1075 3730 1273 3802 Lingua
1297 3734 1381 3787 illa
1407 3778 1420 3798 ,
1448 3752 1549 3805 qua
1581 3741 1904 3796 exsecranda

327 3814 604 3878 gnstastis,
632 3831 733 3886 qua
761 3820 917 3872 verba
949 3823 1107 3890 impia
1146 3833 1201 3878 et
1240 3826 1544 3896 bIaSphema
1581 3833 1901 3901 protulistis,

338 3917 399 3956 ea
427 3903 649 3971 jubilate
669 3911 929 3964 canticum
959 3915 1208 3969 victoriae.
1237 3917 1417 3973 Solent
1445 3921 1584 3974 enim
1613 3924 1897 3989 exercitus,

340 3996 550 4062 quando
580 3999 859 4056 inclinatur
880 4006 1022 4058 acies
1050 4006 1302 4072 hostium,
1332 4025 1436 4064 non
1465 4013 1537 4065 uti
1564 4016 1776 4068 stataria
1808 4032 1901 4084 pu-

335 4103 435 4156 gna
456 4130 471 4154 ,
501 4090 595 4144 scd
623 4094 869 4148 concordi
899 4112 1026 4152 voce
1052 4108 1104 4152 ct
1128 4100 1357 4156 clamore
1383 4103 1575 4158 fractos
1591 4105 1699 4174 jam
1730 4117 1780 4161 et
1810 4108 1904 4162 ab-

330 4177 500 4246 jectos
545 4197 728 4239 eorum
771 4187 974 4241 animos
1011 4205 1392 4259 conquassare;
1436 4197 1575 4264 quod
1624 4208 1703 4252 est
1745 4200 1902 4254 clara:

335 4272 566 4327 victoria:
608 4285 662 4330 et
704 4280 884 4347 tropazi
930 4284 1214 4338 maximum
1254 4299 1643 4355 argumentum,
1691 4293 1902 4361 quando

335 4360 528 4416 bellum
560 4381 664 4419 non
696 4370 971 4438 manibus,
1007 4372 1100 4428 sed
1125 4374 1358 4431 clamore
1385 4360 1722 4454 decernitur,
1749 4382 1899 4453 isque

334 4451 453 4507 loco
480 4471 724 4512 manuum
753 4468 806 4514 et
828 4476 1095 4526 armorum
1121 4468 1332 4523 sufﬁcit.

403 4543 456 4596 2.
497 4544 623 4600 Vicit
667 4549 933 4606 Diabolum
974 4553 1241 4624 Christus;
1274 4574 1629 4630 comparantur
1663 4569 1900 4636 beneﬁcia

331 4633 514 4687 collata
534 4637 585 4688 in
602 4636 811 4694 Juda'os
837 4643 956 4697 olim
975 4662 1088 4700 cum
1117 4648 1366 4718 beneﬁciis
1401 4652 1453 4706 in
1488 4633 1798 4712 Christianas
1818 4661 1897 4730 ef-

330 4726 492 4792 fusis;
521 4730 895 4800 redarguuntur
909 4733 1167 4791 Anomaei.
1187 4768 1258 4780 -—
1283 4742 1392 4797 Hoc
1415 4759 1541 4814 ergo
1566 4749 1661 4802 ftnt
1690 4726 1902 4805 univer-

329 4827 444 4867 sum
465 4815 655 4872 Christi
681 4837 813 4889 opus
843 4841 857 4877 :
885 4824 1097 4882 difﬁcile
1120 4831 1260 4885 enim
1285 4832 1386 4888 hoc
1409 4835 1605 4892 bellum
1630 4839 1743 4908 ipse
1761 4857 1894 4897 con-

329 4902 471 4968 fecit,
501 4906 620 4961 forti
653 4911 886 4980 alligato,
919 4918 1247 4984 supellectile
1267 4923 1380 4990 ejus
1410 4902 1889 4998 vasisque-ablatis.

329 4989 456 5049 Cum
497 4999 566 5051 sit
601 5012 776 5056 autem
819 5005 1071 5076 benignus
1109 5019 1163 5064 et
1202 5012 1469 5082 clemens,
1502 5034 1596 5074 eos
1635 5023 1723 5092 qui
1763 5024 1895 5079 nihil

328 5085 723 5156 laboraverant,
756 5096 971 5151 victoria
1015 5099 1115 5154 frui
1155 5102 1306 5170 jubet
1349 5114 1403 5160 et
1446 5085 1693 5178 tropteis',
1729 5121 1786 5168 et
1825 5115 1893 5169 ad

325 5178 604 5247 epinicium
658 5183 984 5242 offerendum
1030 5206 1121 5246 cos
1167 5207 1445 5264 przeparat,
1488 5203 1704 5268 perinde
1741 5219 1804 5258 ac
1846 5206 1891 5260 si

322 5270 420 5338 ipsi
447 5287 506 5328 se
530 5285 674 5331 recte
701 5280 1010 5348 gessissent,
1033 5294 1088 5337 et
1111 5287 1381 5343 vicissent.
1414 5292 1670 5358 Quocirca
1699 5312 1887 5354 omnes

319 5377 526 5432 quoque
553 5367 866 5436 clamamus,
897 5389 1001 5428 non
1033 5392 1160 5431 voce
1183 5379 1356 5449 aliqua
1379 5383 1630 5450 obscura,
1662 5388 1756 5442 sed
1780 5390 1888 5443 cla-

317 5451 522 5506 rissima
552 5473 566 5509 :
603 5455 698 5510 Ubi
716 5468 810 5524 est,
831 5478 985 5530 mors,
1006 5467 1237 5521 stimulus
1257 5473 1408 5525 tuus?
1440 5473 1524 5526 ubi
1551 5486 1640 5538 est,
1670 5480 1884 5548 inferne,

313 5551 399 5595 tua
420 5545 623 5600 victoria
652 5551 726 5620 (1.
757 5550 874 5608 Cor.
904 5555 988 5610 15.
1012 5557 1141 5627 55)?
1169 5558 1235 5614 Et
1257 5579 1441 5617 rursus
1459 5581 1474 5617 :
1492 5545 1733 5623 Ascendit
1749 5545 1886 5627 Deus

314 5637 362 5689 in
380 5639 546 5706 jubilo
576 5641 645 5713 (υ.
675 5643 754 5715 6).
805 5647 916 5702 lloe
943 5651 1084 5705 enim
1112 5654 1162 5706 in
1193 5655 1293 5710 hoc
1323 5658 1533 5714 Psalmo
1558 5663 1878 5738 dictumest.

317 5731 379 5787 fit
403 5749 586 5789 rursus
614 5736 738 5791 alibi
770 5756 782 5791 :
813 5739 1093 5797 Ascendisti
1123 5747 1173 5799 in
1208 5751 1401 5814 altum,
1434 5734 1881 5823 captivamcepisti

1440 296 1799 388 Exposmo
1838 326 1901 383 IN
1941 327 2257 388 essanun
2297 334 2474 394 xm.

3507 356 3608 414 '2l0

2028 443 2382 512 captivitatem,
2406 452 2639 514 accepisti
2659 454 2791 508 dona
2814 457 2865 509 in
2887 459 3168 515 hominibus
3197 460 3366 531 (Psal.
3392 464 3478 519 67.
3502 468 3564 522 19
3585 483 3600 532 ;

2026 533 2165 602 Eph.
2197 538 2249 590 4.
2281 538 2352 608 8).
2404 539 2722 598 Ohtulerunt
2767 548 2924 602 etiam
2972 550 3256 620 aliquando
3292 553 3460 610 Jndmi
3503 558 3600 628 hy-

2025 640 2206 679 mnum
2256 645 2348 696 pro
2385 633 2620 695 victoria,
2671 638 2878 703 quando
2929 641 2980 694 in
3022 644 3151 696 mari
3197 644 3295 699 fuit
3331 647 3605 706 demersus

2025 714 2394 787 [Egyptinrmn
2433 726 2725 788 exercitus,
2756 729 2993 784 dicentes
3023 749 3036 784 :
3061 733 3310 789 Canantus
3339 737 3554 794 Domino
3583 758 3604 795 :

2021 806 2237 875 gloriose
2254 812 2385 863 enim
2411 813 2719 881 gloriﬁcatus
2747 827 2818 871 est
2850 819 3036 886 (Exod.
3067 823 3150 878 15.
3177 826 3253 895 1).
3283 825 3386 881 Sed
3418 840 3594 884 nostra

2023 909 2104 953 est
2132 902 2295 955 multo
2321 905 2506 972 major,
2539 923 2645 961 non
2677 910 2939 981 ASgyptiis
2967 914 3243 982 demersis,
3272 919 3366 974 sed
3395 920 3598 976 daemo-

2027 991 2179 1044 nibus
2210 1011 2223 1045 :
2255 1009 2357 1046 non
2401 995 2676 1052 Pharaone
2714 1012 2995 1069 superato,
3044 1007 3137 1060 sed
3181 1008 3390 1063 diabolo
3435 1029 3448 1066 :
3492 1029 3596 1068 non

2021 1083 2186 1135 armis
2214 1086 2385 1152 captis
2407 1089 2775 1157 sensibilibus,
2807 1094 2899 1146 sed
2937 1096 3140 1150 sublata
3182 1101 3409 1168 nequit-ia
3441 1121 3456 1157 :
3491 1121 3594 1158 non

2021 1170 2072 1222 in
2114 1171 2294 1226 Rubro
2332 1177 2485 1240 mari,
2513 1179 2605 1231 sed
2655 1180 2704 1232 in
2750 1181 2959 1236 lavacro
3003 1190 3457 1254 regenerationis:
3491 1211 3595 1250 non

2020 1263 2410 1329 egredientibus
2448 1266 2500 1320 in
2540 1279 2732 1325 terram
2774 1276 3170 1344 promissionis,
3205 1281 3298 1334 sed
3329 1282 3380 1335 in
3407 1285 3591 1339 cadum

2022 1352 2352 1408 tendentibus
2385 1373 2398 1407 :
2430 1372 2533 1412 non
2579 1375 2770 1415 manna
2813 1365 3216 1423 comedentibus
3261 1371 3468 1440 (Exod.
3506 1374 3592 1428 16.

2025 1441 2136 1511 Μ),
2165 1445 2255 1497 sed
2281 1445 2546 1502 dominico
2575 1465 2798 1520 corpore
2825 1459 3160 1512 vescentibus
3184 1459 3357 1529 (Joan.
3381 1463 3435 1518 6.
3463 1463 3554 1535 5f)
3577 1481 3591 1520 :

2020 1548 2123 1588 non
2149 1552 2338 1604 aquam
2383 1555 2412 1594 e
2449 1550 2595 1609 petra
2640 1543 2970 1613 bibentibus,
3003 1550 3096 1604 sed
3124 1555 3429 1622 sanguinem
3461 1572 3491 1610 e
3522 1557 3589 1614 lae

2020 1634 2132 1681 tere
2177 1627 2383 1697 (Exod.
2430 1633 2514 1686 17.
2565 1631 2663 1703 6).
2705 1635 2826 1690 Ideo
2862 1638 2987 1692 dicit
3016 1659 3028 1694 :
3059 1639 3298 1696 Plaudite
3340 1648 3591 1714 manibus,

2017 1717 2157 1785 quod
2197 1719 2404 1774 liberati
2447 1738 2476 1776 a
2514 1725 2668 1793 lignis
2705 1735 2759 1780 et
2803 1727 3078 1797 lapidibus,
3110 1735 3288 1800 033105,
3335 1744 3389 1789 et
3433 1738 3592 1792 caelos

2017 1809 2265 1865 caelorum
2297 1816 2726 1872 transcenderitis
2749 1858 2764 1885 ,
2799 1829 2853 1874 et
2887 1821 2952 1876 ad
2981 1823 3149 1892 ipsum
3179 1827 3377 1896 regium
3400 1831 3590 1884 solium

2015 1905 2285 1958 steteritis.
2314 1905 2539 1961 Jubilate
2567 1925 2692 1980 ergo
2717 1911 2822 1966 Deo
2843 1955 2856 1979 ,
2888 1913 2989 1969 hoc
3017 1925 3132 1980 est,
3164 1917 3236 1972 illi
3261 1918 3446 1975 oll‘erte
3469 1937 3588 1990 gra-

2018 1996 2204 2048 tiarum
2246 1997 2508 2053 actionem
2534 2041 2549 2066 ,
2587 2003 2659 2055 illi
2705 2003 3000 2070 victoriam,
3034 2007 3108 2060 illi
3155 2017 3430 2077 tropaeum.
3472 2011 3588 2067 Non

2015 2097 2096 2141 est
2134 2089 2327 2142 bellum
2356 2091 2677 2160 humanum,
2707 2110 2805 2149 nec
2831 2113 2999 2165 pugna
3031 2101 3294 2155 sensibilis
3324 2121 3337 2156 :
3370 2119 3467 2158 nec
3493 2120 3589 2173 pro

2013 2179 2190 2249 aliquo
2210 2195 2393 2235 eorum
2421 2199 2539 2252 qua:
2576 2185 2640 2237 ad
2682 2185 2818 2240 hanc
2845 2188 3004 2240 vitam
3036 2192 3320 2258 pertinent,
3350 2192 3590 2248 decerta-

2017 2279 2118 2334 tur,
2147 2273 2239 2326 sed
2265 2288 2359 2341 pro
2387 2277 2529 2329 caelis
2553 2277 2708 2345 ipsis.
2737 2288 2789 2331 et
2817 2279 2878 2332 iis
2907 2295 3026 2348 qua:
3054 2291 3179 2334 sunt
3206 2283 3254 2336 in
3277 2285 3439 2338 cadis.
3474 2286 3587 2354 ipso

2011 2364 2122 2417 suis
2146 2367 2392 2434 auSpiciis
2411 2385 2611 2438 suoque
2631 2369 2786 2425 ductu
2810 2371 2909 2426 hoc
2933 2373 3129 2428 bellum
3149 2376 3407 2432 confecit:
3428 2381 3578 2434 nobis

2012 2463 2189 2509 autem
2219 2457 2488 2512 victoriam
2519 2459 2790 2528 impertiit.
2845 2462 3098 2527 Quoniam
3135 2465 3381 2522 Dominus
3424 2472 3585 2523 excel-

2011 2563 2116 2611 sus,
2156 2548 2413 2615 terribilis,
2441 2567 2532 2605 rea:
2561 2568 2773 2622 magum
2805 2570 2954 2620 super
2997 2574 3190 2612 onmem
3232 2570 3434 2614 terram.
3465 2562 3579 2619 .Uhi

2011 2655 2152 2694 nunc
2179 2652 2302 2694 sunt
2325 2643 2414 2710 qui
2440 2642 2724 2697 detrahunt
2747 2645 2930 2714 gloria:
2969 2647 3272 2717 Unigeniti?
3315 2652 3452 2707 Ecce
3490 2669 3584 2708 rex

2011 2746 2232 2801 magnus
2259 2733 2449 2788 dicitur
2470 2734 2655 2796 Filius,
2683 2737 2823 2807 quod
2850 2739 2916 2792 de
2946 2740 3100 2793 Patre
3123 2741 3318 2796 dictum
3349 2753 3432 2797 est
3463 2762 3476 2796 ε
3502 2744 3585 2797 Ne

1999 2827 2254 2897 juraveris
2300 2829 2464 2894 enim,
2499 2829 2682 2897 inquit,
2716 2846 2870 2898 neque
2889 2831 2938 2882 in
2972 2832 3112 2897 cazlo,
3135 2835 3376 2903 quoniam
3399 2845 3470 2888 est
3498 2852 3577 2888 se-

2009 2919 2096 2972 des
2144 2920 2296 2988 ejus:
2323 2936 2478 2989 neque
2519 2921 2571 2973 in
2614 2919 2917 2985 Jerusalem,
2959 2925 3078 2988 quia
3117 2935 3189 2977 est
3234 2927 3407 2979 civitas
3453 2929 3582 2998 regis

2014 3009 2222 3081 (Matth.
2244 3011 2297 3065 5.
2330 3013 2416 3066 5-1.
2446 3012 2514 3066 35
2537 3012 2576 3081 ).
2619 3011 2685 3066 Et
2716 3028 2897 3066 rursus
2924 3014 3048 3067 alibi
3078 3032 3090 3067 :
3125 3015 3262 3069 Deus
3285 3018 3461 3086 fortis,
3492 3036 3584 3086 po-

2009 3111 2116 3156 tens
2142 3101 2291 3174 (Isai.
2321 3104 2373 3159 9.
2402 3104 2486 3172 6);
2516 3105 2656 3174 quod
2683 3114 2765 3159 est
2795 3121 2907 3160 rex.
2949 3107 3167 3172 Quando
3198 3124 3324 3178 ergo
3351 3111 3581 3166 audieris

2007 3196 2314 3250 cruciﬁxum
2344 3212 2462 3252 esse
2494 3198 2802 3262 Dominum,
2837 3198 2996 3254 fuisse
3025 3203 3284 3270 sepuftum
3303 3245 3318 3266 ,
3351 3203 3415 3256 ad
3444 3203 3579 3258 infe-

2007 3287 2178 3340 riores
2223 3295 2376 3340 terrae
2417 3297 2592 3356 partes
2633 3288 2989 3356 descendisse,
3018 3306 3086 3346 ne
3114 3292 3326 3358 labaris,
3353 3309 3455 3349 nec
3481 3309 3578 3348 an-

2005 3378 2150 3448 garis
2177 3394 2192 3428 :
2215 3387 2297 3432 est
2315 3379 2458 3433 enim
2481 3379 2787 3446 altissimus,
2811 3392 2864 3435 et
2891 3393 3072 3436 natura
3099 3384 3404 3440 altissimus.
3427 3387 3576 3454 Quod

2007 3475 2090 3521 est
2122 3476 2299 3521 autem
2340 3468 2506 3522 altum
2550 3477 2759 3536 natura,
2787 3471 2855 3525 ab
2895 3472 3169 3527 altitudine
3203 3475 3418 3530 minime
3457 3493 3578 3532 um-

2006 3572 2163 3626 quam
2190 3560 2489 3623 recesserit,
2517 3575 2618 3614 nec
2647 3559 2843 3615 humile
2872 3562 3027 3616 fuerit
3054 3580 3066 3615 :
3090 3563 3182 3618 sed
3210 3566 3367 3620 etiam
3400 3567 3450 3620 in
3479 3568 3577 3622 hu-

2007 3653 2228 3705 militate
2260 3652 2376 3718 ejus
2416 3653 2635 3706 altitudo
2675 3663 2853 3708 manet
2888 3663 2942 3708 et
2978 3656 3292 3711 ostenditur.
3338 3659 3469 3712 Nam
3495 3661 3577 3715 vel

2007 3753 2248 3798 mortuus
2277 3747 2502 3798 maxime
2530 3747 2761 3799 ostendit
2781 3761 2926 3799 suam
2953 3747 3002 3800 in
3023 3758 3244 3802 mortem
3266 3753 3574 3819 potentiam.

2005 3838 2124 3892 Lua:
2146 3839 2196 3891 in
2223 3838 2430 3891 tenebris
2460 3843 2609 3902 lucet,
2644 3840 2810 3908 inquit
2832 3880 2846 3906 ,
2874 3850 2921 3892 et
2947 3843 3160 3894 tenebra:
3183 3859 3292 3896 eam
3323 3861 3420 3897 non
3444 3861 3580 3898 com-

2003 3931 2370 4000 prehenderunt
2396 3929 2639 3996 (Joan.1.
2675 3932 2732 3998 5)
2755 3946 2770 3982 :
2795 3931 2862 3984 ita
2889 3932 3046 3986 etiam
3076 3932 3126 3986 in
3150 3932 3440 3988 humilitate
3462 3935 3579 4003 ejus

2004 4022 2224 4076 altitudo
2263 4023 2523 4092 apparuit.
2566 4022 2698 4076 Vide
2721 4038 2848 4091 ergo
2874 4023 3044 4092 ipsum
3066 4065 3080 4089 ,
3107 4023 3232 4077 dum
3259 4034 3398 4079 esset
3439 4027 3576 4095 apud

2004 4111 2199 4166 inferos
2221 4153 2235 4177 ,
2266 4113 2349 4166 vel
2375 4114 2478 4166 alta
2508 4113 2706 4182 qumvis
2725 4115 3129 4168 concutientem.
3170 4115 3258 4168 Sol
3287 4117 3428 4170 etiim
3455 4126 3578 4170 tunc

2003 4205 2274 4257 avertebat
2304 4201 2498 4268 radios,
2529 4212 2688 4271 petrae
2717 4203 3082 4268 ﬁndebantur,
3113 4212 3167 4258 et
3190 4205 3364 4259 velum
3395 4209 3575 4276 templi

2003 4294 2446 4362 abrumpebatur,
2475 4304 2613 4348 terra
2642 4295 2986 4360 movebatur,
3018 4294 3180 4350 Judas
3208 4300 3578 4366 strangulaba-

2007 4395 2108 4448 tur,
2135 4386 2333 4440 Pilatus
2375 4395 2430 4439 et
2466 4386 2580 4454 ejus
2623 4401 2756 4441 uxor
2799 4388 3154 4453 terrebantur,
3194 4389 3306 4458 ipse
3327 4390 3491 4459 judex
3517 4407 3577 4446 se

2001 4478 2334 4533 defendebat.
2363 4477 2584 4544 Quando
2613 4493 2738 4546 ergo
2763 4477 3014 4544 audieris,
3047 4493 3165 4532 eum
3195 4481 3425 4534 vinctum
3456 4498 3576 4537 esse

2001 4579 2056 4624 et
2077 4569 2252 4639 ﬂagris
2271 4583 2489 4631 caesum,
2518 4584 2584 4623 ne
2607 4567 2941 4622 confundaris
2963 4585 2976 4620 :
2999 4567 3089 4622 sed
3114 4567 3233 4623 vide
3254 4584 3374 4623 eum
3393 4580 3574 4625 esten-

2001 4659 2213 4714 dentem
2245 4661 2529 4728 potentiam
2571 4660 2651 4713 vel
2697 4659 2751 4712 in
2785 4659 3029 4712 vinculis.
3062 4659 3200 4712 Dixit
3226 4661 3388 4728 enim,
3416 4661 3574 4726 Quem

1999 4753 2221 4820 quaeritis
2250 4749 2443 4818 (Joan.
2474 4751 2558 4805 18.
2588 4752 2621 4804 4
2644 4750 2700 4819 )?
2735 4759 2790 4804 et
2821 4764 3007 4804 omnes
3032 4749 3176 4802 humi
3205 4751 3421 4819 supinos
3453 4768 3577 4822 pro-

1999 4844 2207 4897 stravit.
2230 4843 2385 4896 Vides
2409 4858 2560 4910 quam
2589 4843 2655 4895 sit
2687 4841 2953 4906 terribilis,
2973 4840 3060 4909 qui
3087 4840 3198 4894 sola
3220 4856 3348 4898 voce
3369 4852 3422 4896 et
3443 4853 3572 4898 nutu

2001 4947 2143 4990 tanta
2175 4935 2366 4988 faciat?
2395 4934 2615 5000 Quando
2641 4949 2766 5003 ergo
2792 4933 2984 4986 videris
3010 4950 3130 4986 eum
3156 4944 3419 4988 mortuum
3442 4978 3456 5001 ,
3491 4936 3573 4992 fac

1997 5028 2174 5082 animo
2216 5027 2416 5098 cogites
2449 5026 2712 5080 sublatum
2761 5027 3016 5095 lapidem,
3057 5028 3273 5096 angelos
3319 5029 3408 5099 qui
3449 5045 3570 5086 cum

1999 5129 2141 5173 metu
2168 5118 2235 5172 ad
2260 5117 2560 5187 sepulcrum
2589 5125 2824 5182 manent,
2852 5116 3049 5170 inferos
3077 5119 3162 5187 qui
3191 5118 3568 5188 refringuntur,

1998 5220 2218 5264 mortem
2238 5225 2354 5280 qum
2371 5210 2719 5272 consumitur,
2742 5208 2976 5276 captivos
2998 5209 3308 5264 liherantem
3337 5232 3350 5265 :
3371 5221 3424 5264 et
3445 5220 3570 5267 tunc

1997 5316 2182 5357 cernes
2209 5317 2362 5368 quam
2393 5303 2459 5354 sit
2482 5301 2744 5354 terribilis.
2779 5299 2832 5354 Si
2855 5310 3030 5354 autem
3059 5301 3108 5353 in
3132 5302 3245 5369 ipso
3267 5301 3569 5371 ignominia:

1997 5405 2233 5458 tempore
2278 5403 2416 5446 tanta
2447 5392 2600 5456 fecit,
2640 5392 2692 5447 in
2723 5393 2888 5458 ca-lo,
2945 5393 2998 5445 in
3049 5401 3220 5452 terra.
3248 5394 3388 5462 apud
3429 5395 3567 5450 infe-

1996 5499 2126 5538 ros:
2157 5483 2281 5552 quid
2327 5497 2430 5536 non
2476 5483 2627 5536 faciet
2675 5492 2912 5551 tempore
2956 5484 3112 5536 futuri
3153 5484 3232 5538 sui
3276 5484 3569 5541 adventus?

1993 5575 2128 5630 Audi
2155 5575 2277 5644 quid
2305 5575 2480 5628 dicant
2505 5574 2773 5628 darmones
2805 5585 3042 5643 tempore
3069 5574 3408 5641 humilitatis,
3438 5593 3568 5648 spu-

1989 5674 2216 5726 mantes,
2244 5664 2450 5718 vincula
2487 5665 2753 5718 solventes
2771 5705 2786 5728 ,
2827 5663 3150 5717 inaccessam
3173 5665 3311 5719 viam
3334 5669 3572 5725 redden-

1990 5767 2072 5813 tcs
2104 5773 2118 5810 :
2154 5756 2287 5824 Quid
2331 5755 2471 5810 nobis
2509 5764 2553 5811 et
2597 5756 2702 5821 tibi,
2747 5753 2850 5808 Fili
2895 5753 3030 5808 Dei?
3076 5753 3266 5810 Venisti
3307 5757 3405 5811 Imc
3433 5770 3557 5814 ante
