4108 6344
495 371 591 430 211

497 501 692 556 tempus
713 493 938 551 torquere
965 494 1054 531 nos
1083 475 1291 548 (Matth.
1317 473 1368 526 8.
1400 470 1531 540 9.9)?
1559 469 1613 523 Si
1637 481 1762 536 ergo
1791 465 1903 518 lucc
1931 472 2076 525 tunc,

498 553 709 646 quando
739 569 1004 633 adveniet,
1024 575 1078 620 et
1104 571 1389 635 potestates
1411 561 1661 613 czelorum
1692 553 2082 615 cancutientur,

499 645 554 724 et
578 668 656 723 sol
689 677 978 720 conversus
1007 659 1163 714 fuerit
1189 658 1239 710 in
1270 654 1544 717 tenebras,
1577 662 1630 706 et
1661 650 1780 703 luna
1808 662 1912 700 non
1941 645 2087 699 dabit

505 763 676 816 lucem
699 773 847 813 suam
877 753 1086 823 (Matth.
1119 751 1208 805 24.
1249 749 1362 820 29),
1398 746 1523 816 quid
1552 742 1770 797 dicent?
1801 741 2086 808 Propterea

504 851 631 908 dicit
662 867 674 903 :
702 847 975 909 Excelsus,
1019 841 1271 897 terribilis.
1322 839 1412 892 V'el
1457 836 1628 906 potius
1651 875 1666 900 ,
1695 832 1820 902 quid
1846 831 1962 900 quis
1991 843 2088 898 pro

501 943 757 1013 dignitate
773 938 982 999 dixerit,
1001 936 1142 990 diem
1163 934 1305 986 illum
1325 944 1565 990 narrans,
1581 924 1790 996 quando
1809 923 1982 978 mittet
1995 937 2092 974 an-

505 1033 650 1104 gelos
679 1047 770 1101 per
784 1031 1084 1083 universum
1111 1024 1292 1079 orbem
1326 1032 1477 1076 terra:
1497 1017 1548 1088 (1
1557 1019 1662 1076 bid.
1684 1017 1853 1084 v.51),
1879 1013 2090 1084 quando

506 1124 683 1178 omnia
713 1123 1100 1178 concutientur,
1131 1115 1342 1186 quando
1371 1124 1507 1166 terra
1537 1110 1834 1162 movebitur
1863 1106 2090 1160 reddens

509 1227 838 1272 mortuorum
869 1211 1192 1282 depositum,
1212 1206 1422 1278 quando
1448 1201 1844 1257 innumerabilia
1867 1211 2090 1266 corpora

510 1309 916 1372 excitabuntur,
962 1303 1174 1373 quando
1221 1301 1407 1356 caelum
1450 1297 1611 1351 veluti
1657 1294 1830 1348 velum
1879 1289 2092 1360 aliquod

506 1398 888 1461 contrahetur;
951 1393 1164 1464 quando
1222 1399 1482 1445 statuetur
1538 1386 1774 1441 terribile
1825 1381 2090 1446 tribunal,

508 1491 720 1560 quando
742 1487 883 1543 lluvii
905 1487 1039 1556 ignis
1067 1483 1362 1547 trai.entur,
1388 1479 1598 1552 quando
1626 1478 1744 1532 libri
1766 1477 2094 1545 aperientur,

509 1581 722 1654 quando
751 1594 866 1651 qua!
893 1579 960 1632 ab
987 1591 1303 1646 unoquoque
1331 1576 1381 1628 iu
1415 1571 1648 1627 tenebris
1685 1569 1817 1623 facta
1862 1565 2091 1627 fuerint,

511 1675 563 1727 in
608 1672 842 1727 medium
890 1669 1279 1740 producentur;
1325 1665 1538 1737 quando
1584 1664 1688 1717 illm
1738 1658 2095 1715 intolerabiles

509 1778 683 1833 ptenae
727 1776 788 1815 ac
833 1759 1112 1830 supplicia,
1141 1757 1352 1829 quando
1389 1752 1723 1808 minabundte
1769 1756 2092 1818 potestates,

510 1855 723 1925 quando
749 1853 915 1908 stricti
947 1852 1106 1921 gladii
1131 1893 1145 1917 ,
1185 1848 1397 1920 quando
1426 1847 1527 1901 erit
1547 1843 1793 1898 abductio
1818 1843 1869 1896 in
1897 1839 2097 1910 gehen-

511 1961 666 2011 nam;
695 1943 907 2015 quando
929 1943 1105 1997 omnis
1132 1940 1324 2010 peribit
1348 1937 1657 2000 auctoritas,
1691 1935 2092 2003 imperatorum,

510 2035 728 2102 ducum,
774 2033 1090 2096 consulum,
1141 2041 1196 2085 et
1245 2028 1563 2099 praesidum;
1615 2024 1824 2095 quando
1868 2019 2098 2075 adfuerit

513 2136 692 2181 tantus
729 2126 1037 2195 angelorum
1081 2123 1305 2192 populus
1329 2163 1344 2188 ,
1375 2118 1587 2190 quando
1618 2125 1907 2186 martyrum
1927 2156 1942 2179 ,
1975 2126 2097 2182 pro-

512 2217 793 2288 phetarum
813 2257 828 2283 ,
867 2215 1226 2286 apostolorum
1253 2253 1268 2278 ,
1311 2211 1647 2265 sacerdotum
1669 2249 1684 2274 ,
1715 2204 2096 2262 monachorum

513 2307 779 2372 examina,
806 2306 1018 2375 quando
1046 2305 1131 2358 illa
1156 2301 1438 2357 ineli‘abilia
1468 2300 1703 2369 praemia,
1731 2295 1944 2366 quando
1969 2295 2095 2348 bra—

515 2400 620 2464 via,
646 2399 858 2469 quando
882 2411 1114 2464 coronae,
1140 2394 1352 2465 quando
1378 2394 1535 2458 bona,
1566 2406 1685 2461 quae
1711 2403 1920 2444 omnem
1949 2401 2098 2440 meu-

517 2503 621 2549 tem
652 2500 905 2562 superant
935 2489 1092 2562 (Dan.
1122 2491 1174 2544 7.
1205 2488 1308 2558 9)?’

588 2588 643 2641 5.
674 2586 803 2650 Qua:
823 2585 994 2639 oratio
1015 2583 1131 2637 haec
1155 2582 1422 2650 explicare
1448 2577 1680 2649 poterit?
1709 2576 1764 2632 Si
1789 2576 1930 2631 enim
1951 2589 2099 2630 crea-

518 2677 714 2731 tionem
747 2674 1001 2744 propheta
1034 2681 1380 2743 persequutus
1403 2712 1419 2737 ,
1443 2668 1756 2738 defatigatus
1781 2675 1864 2720 est
1889 2675 1941 2720 et
1967 2665 2100 2718 resi-

520 2767 616 2833 liit,
643 2766 826 2821 dicens
857 2783 870 2818 :
901 2765 1068 2832 Quam
1091 2762 1417 2833 magniﬁcam
1439 2771 1554 2815 sunt
1581 2775 1735 2828 opera
1760 2768 1866 2823 tua,
1888 2755 2101 2809 Domine

521 2857 688 2928 (Psal.
723 2858 809 2913 9i.
841 2858 915 2927 6)!
943 2865 996 2911 et
1016 2856 1208 2910 Paulus
1229 2869 1391 2909 unum
1417 2841 1585 2924 genus
1612 2862 1950 2921 perscrutans
1980 2865 2103 2919 pro-

520 2950 786 3013 videntiae,
817 2949 1164 3012 exclamavit,
1208 2947 1429 3002 dicens:
1465 2945 1509 2999 Ο
1555 2945 1771 3000 altitudo
1815 2944 2102 2998 divitiarum

521 3042 695 3111 (Rom.
731 3042 815 3096 11.
845 3039 969 3112 53)!
1010 3039 1136 3110 quid
1161 3038 1354 3096 dixerit
1379 3036 1638 3106 quispiam
1667 3035 1806 3090 diem
1835 3035 1978 3088 illum
2003 3033 2101 3088 de-

521 3130 796 3186 scribens?
849 3132 973 3183 Haec
1019 3127 1199 3182 omnia
1250 3143 1372 3182 cum
1421 3125 1752 3195 praevidisset
1803 3123 2100 3194 pr0pheta,

523 3221 656 3275 dixit
685 3237 702 3274 ;
729 3219 978 3273 Dominus
1011 3219 1234 3272 excelsus
1253 3259 1268 3284 ,
1299 3218 1553 3283 terribilis,
1581 3231 1671 3270 rea;
1702 3232 1914 3286 magnus
1955 3231 2105 3284 super

523 3328 719 3366 omnem
748 3321 952 3376 terram,
983 3310 1128 3364 orbis
1169 3309 1391 3362 salutem
1431 3306 1736 3362 ostendens.
1768 3307 1896 3361 Erat
1929 3306 2106 3375 itaque

524 3405 684 3460 etiam
731 3413 887 3457 antea
928 3418 1022 3457 rex
1059 3416 1315 3472 magnus,
1353 3401 1449 3455 sed
1487 3401 1849 3471 ignorabatur.
1883 3400 2107 3454 Mundus

525 3497 668 3552 enim
715 3513 802 3566 per
845 3497 1012 3566 ipsum
1051 3499 1216 3565 [actus
1251 3502 1345 3559 est,
1381 3502 1428 3546 et
1463 3495 1698 3558 mundus,
1727 3494 1916 3563 inquit,
1942 3493 2107 3562 ipsum

527 3604 628 3643 non
667 3589 897 3658 cognovit
937 3586 1132 3655 (Joan.
1163 3587 1217 3640 1.
1248 3585 1357 3653 10).
1397 3584 1546 3639 Nunc
1572 3594 1748 3638 autem
1777 3584 1879 3639 hoc
1901 3597 2110 3653 quoque

529 3679 783 3750 praeclare
821 3679 1020 3749 gessit,
1048 3677 1188 3746 quod
1213 3692 1310 3732 nos
1337 3677 1437 3732 sibi
1465 3677 1818 3731 familiaritate
1839 3677 2111 3746 jnngendo

530 3789 625 3828 rex
668 3787 890 3842 magnus
938 3770 1158 3826 ell‘ectus
1202 3779 1303 3824 est.
1348 3768 1541 3837 Quidni
1585 3769 1724 3824 enim
1755 3784 1997 3838 magnus,
2023 3769 2112 3836 qui

533 3879 794 3935 pauperes
821 3865 1130 3934 piscatores,
1157 3861 1452 3928 illiteratos,
1476 3860 1666 3915 idiotas
1691 3875 1913 3915 numero
1943 3859 2115 3913 unde-

533 3956 659 4019 cim,
691 3953 968 4016 obscuros,
999 3951 1331 4022 peregrinos,
1351 3951 1521 4020 magis
1541 3960 1715 4004 mutos
1734 3964 1890 4020 quam
1921 3951 2113 4019 pisces,

536 4046 747 4100 unicam
787 4043 1019 4098 tunicam
1068 4043 1343 4105 habentes,
1389 4041 1583 4095 calceis
1628 4050 1891 4102 carentes,
1922 4041 2114 4106 nudos,

538 4152 634 4207 per
662 4135 972 4190 universum
1003 4134 1186 4189 orbem
1214 4142 1473 4188 terrarum
1505 4132 1647 4186 misit
1675 4130 1696 4204 (
1721 4131 1905 4185 Matth.
1934 4131 2020 4186 10.
2051 4132 2115 4197 9;

540 4229 668 4283 Luc.
694 4230 782 4286 10.
809 4227 904 4301 4),
933 4236 988 4284 et
1013 4228 1177 4284 veluti
1205 4227 1454 4284 mandato
1485 4243 1670 4283 omnes
1695 4228 1873 4299 cepit?
1902 4227 2014 4282 Hoc
2039 4235 2123 4281 est

540 4339 667 4379 vere
695 4338 814 4378 esse
842 4337 1020 4393 regem
1046 4338 1295 4393 magnum
1323 4341 1335 4376 :
1359 4322 1446 4393 qui
1472 4322 1774 4377 universum
1802 4321 1983 4376 orbem
2013 4328 2122 4374 ter-

543 4432 616 4472 ra:
642 4432 822 4472 errore
849 4417 1107 4479 liberavit,
1142 4427 1193 4470 et
1229 4416 1374 4470 brevi
1413 4415 1666 4484 temporis
1691 4422 1960 4469 momento
1981 4412 2123 4468 veri-

547 4521 709 4567 tatem
750 4511 998 4575 reduxit,
1038 4521 1092 4565 et
1134 4509 1331 4564 diaboli
1377 4509 1704 4581 tyrannidem
1753 4507 2003 4562 sustulit:
2036 4507 2126 4575 qui

547 4605 708 4659 etiam
737 4611 1020 4673 antequam
1042 4612 1220 4656 essent
1245 4602 1331 4670 qni
1357 4605 1402 4656 ei
1426 4611 1708 4670 parerent,
1737 4609 1852 4655 erat
1889 4615 1980 4654 rex
2011 4613 2127 4652 ma-

549 4709 704 4764 gnus,
729 4709 834 4746 non
863 4693 1062 4746 habens
1090 4693 1140 4744 in
1173 4691 1340 4745 servis
1361 4691 1464 4744 vim
1488 4691 1714 4760 imperii,
1739 4705 1844 4744 non
1870 4690 1922 4744 in
1953 4687 2131 4757 specie

551 4800 615 4838 ac
644 4783 896 4849 vestibus,
930 4783 1023 4837 sed
1052 4783 1104 4836 in
1135 4783 1244 4850 ipsa
1271 4792 1476 4837 natura.
1505 4781 1616 4852 Ego
1641 4783 1803 4848 enim,
1833 4782 2034 4852 inquit,
2064 4781 2133 4834 ad

553 4879 647 4930 hoc
671 4887 819 4930 natus
839 4893 948 4929 sum
977 4873 1154 4946 (Ioan.
1179 4875 1265 4929 18.
1291 4875 1403 4947 57).
1437 4875 1548 4930 Hoc
1571 4883 1653 4929 est
1671 4890 1789 4930 esse
1812 4890 1991 4944 regem
2019 4889 2134 4928 ma-

555 4987 712 5042 gnum
752 4988 767 5024 :
796 4971 882 5039 qui
924 4986 1028 5023 non
1061 4969 1218 5023 habet
1245 4968 1501 5023 honorem
1522 4969 1850 5022 extrinsecus
1879 4967 2092 5021 allatum
2117 5007 2133 5033 ,

555 5065 644 5135 qui
674 5064 814 5118 nulla
844 5079 903 5118 re
930 5079 1065 5134 opus
1101 5063 1261 5117 habet
1297 5071 1355 5117 ut
1400 5062 1469 5116 sit
1506 5077 1621 5126 rex,
1667 5062 1754 5131 qui
1796 5060 1922 5116 facit
1958 5060 2134 5115 omnia

557 5173 906 5227 quacumque
932 5159 1062 5211 vult.
1105 5155 1298 5210 Euntes
1335 5157 1500 5220 enim,
1532 5157 1735 5225 inquit,
1775 5155 1945 5208 docete
1972 5169 2140 5208 omnes

560 5259 728 5320 gentes
754 5248 943 5316 (Marc.
968 5247 1054 5303 16.
1080 5247 1199 5317 15);
1231 5256 1285 5301 et
1308 5263 1486 5300 sermo
1513 5246 1562 5300 in
1589 5259 1723 5315 Opus
1746 5245 1924 5299 exibat
1947 5264 1960 5300 :
1991 5243 2138 5305 Volo,

565 5342 806 5395 mundare
831 5339 1043 5405 (Matth.
1077 5339 1126 5394 8.
1159 5337 1236 5411 5).
1266 5338 1376 5392 Tibi
1401 5338 1534 5402 dico,
1565 5337 1869 5391 daemonium
1893 5339 2140 5401 surdum,

569 5434 794 5501 egredere
817 5431 878 5483 ab
906 5432 1036 5500 ipso.
1061 5429 1212 5496 Tace,
1241 5432 1519 5482 obmutesce
1541 5428 1730 5499 (Marc.
1755 5428 1806 5484 9.
1829 5427 1919 5482 24.
1947 5438 1998 5483 et
2021 5445 2067 5480 c.
2091 5429 2142 5482 4.

563 5522 680 5592 59).
710 5520 788 5574 ltc
813 5522 864 5575 in
891 5522 1056 5592 ignem
1079 5530 1321 5575 teternum
1347 5521 1434 5590 qui
1453 5529 1658 5590 paratus
1686 5530 1757 5574 est
1786 5519 2007 5573 diabolo.
2049 5518 2142 5572 Ve-

569 5617 689 5678 nite,
711 5615 957 5683 possidete
979 5623 1210 5684 paratum
1229 5613 1366 5667 vobis
1385 5630 1593 5684 regnum
1613 5623 1727 5667 ante
1751 5613 2152 5666 constitutionem

573 5709 748 5761 mundi
784 5708 801 5776 (
827 5707 1007 5761 Matth.
1036 5707 1126 5764 25.
1159 5707 1248 5761 41.
1281 5714 1336 5760 et
1362 5704 1479 5775 54).
1510 5704 1670 5760 Vides
1699 5705 1894 5775 ubique
1919 5713 2154 5774 potesta-

579 5799 723 5854 tem?
750 5798 896 5854 vides
919 5799 1246 5869 potentiam?
1280 5797 1356 5854 Ita
1383 5798 1524 5855 enim
1555 5798 1692 5868 cepit
1721 5812 1814 5853 eos
1843 5798 1930 5867 qui
1959 5811 2151 5868 parue-

1300 355 1657 414 $.10.“le
1693 345 2166 409 CllRYSOSTOMl
2203 340 2518 400 ARCHIEP.
2557 339 3086 398 CONS'I'ANTINOP.

3671 341 3779 398 212

2197 467 2340 523 runt,
2371 467 2428 512 ut
2467 454 2792 526 persuaserit
2817 454 2901 510 vel
2941 455 3172 508 animam
3217 453 3394 522 potius
3432 453 3772 523 profundere,

2193 563 2351 619 quam
2375 547 2513 618 quod
2535 547 2740 618 jussum
2766 557 2849 601 est
2874 545 3157 600 transilire.
3189 544 3300 599 Rex
3334 545 3473 599 enim
3502 545 3661 601 babet
3682 546 3777 601 ho-

2195 657 2379 696 norem
2409 641 2475 693 ab
2508 641 2606 704 iis,
2649 640 2739 710 qui
2781 639 2899 708 ejus
2934 637 3285 706 subjiciuntur
3309 637 3494 691 ditioni
3527 654 3540 693 :
3568 636 3655 692 hic
3682 655 3778 692 au-

2195 744 2301 787 tem
2329 731 2529 801 pratbet
2551 731 2809 784 honorem
2837 729 2903 784 iis
2922 729 3009 798 qui
3037 728 3085 782 ei
3113 727 3366 782 obediunt
3391 745 3405 782 τ
3427 738 3481 782 et
3506 727 3624 782 idco
3650 729 3775 782 illud

2196 823 2409 893 quidem
2439 830 2521 875 est
2550 820 2719 874 solum
2751 835 2944 873 nomen
2968 861 2982 883 ,
3016 818 3118 872 hoc
3143 832 3273 871 vero
3299 832 3403 870 res.
3451 817 3666 886 Magnus
3696 828 3777 872 est

2195 931 2289 969 rex
2314 956 2329 980 ,
2356 914 2442 982 qui
2476 913 2776 966 universum
2821 912 3003 966 orbem
3042 921 3199 965 terra:
3237 911 3426 964 caalum
3469 909 3612 975 fecit,
3641 921 3695 964 et
3721 920 3778 964 ut

2197 1005 2404 1059 barbari
2428 1003 2728 1073 philosophi
2758 1011 2956 1067 essent,
2981 1012 3034 1056 et
3061 1001 3279 1071 angelos
3300 1001 3657 1063 imitarentur,
3684 1015 3778 1054 cu-

2197 1097 2350 1150 ravit.
2384 1096 2609 1164 Papulas
2633 1095 2777 1147 nobis
2799 1093 3030 1161 subjecit,
3060 1103 3106 1145 et
3130 1102 3299 1162 gentes
3327 1091 3417 1146 sub
3458 1091 3664 1158 pedibus
3685 1106 3778 1142 no-

2198 1189 2336 1242 stris.
2383 1187 2428 1242 0
2457 1186 2802 1240 miraculum!
2853 1185 2942 1240 Eis
2983 1185 3069 1253 qui
3108 1183 3502 1242 cruciﬁxerant.
3553 1182 3778 1236 adorare

2201 1279 2458 1349 persuasit
2484 1293 2608 1333 :eos
2627 1279 2716 1348 qui
2743 1277 3062 1332 contumelia
3089 1276 3408 1338 alliciebant,
3432 1276 3519 1345 qui
3552 1275 3779 1330 insecta-

2202 1372 2394 1426 bantur
2421 1369 2716 1424 maledictis
2737 1411 2752 1436 ,
2783 1369 2874 1438 qui
2909 1367 3170 1438 lapidibus
3197 1366 3343 1421 afﬁxi
3383 1375 3556 1432 erant,
3598 1365 3783 1420 docuit

2199 1463 2283 1517 vel
2313 1477 2435 1516 suas
2459 1460 2663 1515 animas
2689 1459 3006 1529 profundere
3027 1499 3040 1523 ,
3071 1459 3136 1511 ad
3169 1458 3334 1528 ipsius
3361 1457 3633 1526 placitum.
3660 1456 3776 1509 Non

2200 1555 2340 1609 enim
2367 1553 2470 1608 hoc
2496 1553 2562 1607 ab
2588 1551 2842 1622 apostolis
2867 1551 3167 1621 gerebatur,
3196 1549 3290 1604 sed
3327 1549 3394 1602 ab
3431 1563 3496 1602 eo
3533 1547 3622 1616 qui
3663 1547 3778 1601 illos

2201 1643 2553 1714 praecedebat,
2599 1652 2653 1696 et
2698 1641 2942 1697 movebat
2981 1655 3164 1694 eorum
3207 1639 3461 1693 animum.
3502 1638 3780 1704 Quomodo

2201 1737 2340 1790 enim
2370 1735 2600 1804 piscator
2620 1735 2701 1788 vel
2730 1732 3193 1788 tabernaculorum
3214 1743 3548 1786 consmtctor
3578 1739 3777 1784 tantum

2201 1835 2358 1883 terra:
2385 1827 2682 1882 habitabilis
2703 1825 2885 1880 orbem
2918 1826 2988 1880 ita
3018 1833 3309 1889 mutasset,
3333 1823 3434 1877 nisi
3455 1823 3594 1877 illius
3618 1822 3778 1877 verba

2201 1921 2576 1991 impedimenta
2605 1919 2782 1974 omnia
2812 1917 3183 1974 sustulissent?
3223 1917 3289 1970 Et
3325 1915 3736 1986 prmstigiatores
3759 1955 3776 1981 ,

2201 2025 2255 2069 et
2282 2024 2555 2084 tyrannos,
2593 2020 2647 2068 et
2691 2021 2961 2076 oratores,
2991 2019 3048 2064 et
3088 2007 3451 2079 philosophos,
3492 2016 3547 2061 et
3593 2019 3780 2060 omnes

2200 2107 2428 2175 denique
2475 2107 2562 2175 qui
2605 2105 2962 2169 resistebant,
2996 2111 3262 2170 tamquam
3289 2101 3558 2169 pulverem
3588 2098 3781 2152 discu-

2201 2197 2394 2251 tientes
2414 2237 2429 2262 ,
2465 2198 2633 2251 instar
2661 2195 2790 2250 fumi
2817 2194 3204 2257 dissolventes,
3236 2193 3306 2245 ita
3335 2191 3573 2245 veritatis
3610 2189 3780 2243 lucem

2202 2291 2615 2355 seminaverunt,
2644 2305 2748 2343 non
2779 2287 2959 2352 armis,
2983 2299 3084 2341 nec
3110 2285 3160 2338 vi
3183 2283 3440 2354 pecuniae,
3463 2281 3555 2336 sed
3582 2281 3695 2335 solo
3720 2293 3782 2334 ac

2201 2382 2428 2451 simplici
2450 2395 2695 2436 sermone
2721 2388 2962 2444 utentes;
2995 2379 3103 2432 imo
3130 2391 3261 2431 vero
3286 2389 3394 2428 non
3421 2381 3536 2429 erat
3555 2372 3778 2441 simplex

2201 2489 2379 2528 sermo
2399 2515 2412 2537 ,
2437 2473 2531 2528 sed
2557 2483 2672 2527 erat
2693 2473 2880 2542 quovis
2908 2486 3070 2541 opere
3099 2469 3382 2540 potentior.
3426 2467 3543 2533 Quo
3568 2465 3782 2519 tandem

2202 2565 2396 2635 pacto?
2425 2564 2741 2618 lnvocabant
2762 2577 2958 2618 nomen
2982 2561 3218 2617 crucifixi
3242 2601 3257 2628 ,
3289 2567 3344 2614 et
3365 2572 3512 2614 mors
3531 2555 3780 2626 fugiebat,

2206 2655 2520 2725 fugabantur
2538 2656 2829 2721 daemones,
2853 2653 3024 2709 morbi
3044 2653 3681 2717 curabantur,',corporum
3708 2646 3785 2699 vi-

2205 2748 2278 2802 tia
2306 2748 2729 2818 corrigebantur,
2759 2746 2990 2816 nequitia
3020 2743 3300 2814 fugabatur
3318 2784 3334 2810 ,
3363 2739 3593 2811 pericula
3618 2737 3784 2809 proti-

2205 2855 2306 2896 nus
2336 2840 2672 2905 recedebant,
2701 2849 2756 2896 et
2781 2837 3125 2894 mutabantur
3148 2835 3434 2890 elementa.

2285 2939 2512 2996 Christus
2538 2951 2628 2989 cur
2654 2934 2716 2987 de
2740 2947 2886 2986 cruce
2906 2947 3007 2983 non
3035 2922 3681 2991 descenderit.—-Quando
3701 2935 3786 2977 er-

2206 3050 2274 3107 go
2305 3034 2457 3089 nobis
2482 3032 2713 3086 dixerint
2745 3045 2759 3080 :
2789 3025 2898 3080 Cur
2918 3037 3024 3078 non
3054 3036 3211 3092 opem
3237 3019 3338 3073 sibi
3366 3017 3488 3072 tulit
3515 3016 3567 3070 in
3587 3013 3786 3069 cruce?

2207 3105 2311 3185 hoc
2325 3127 2564 3182 dicamus
2597 3140 2611 3176 :
2642 3119 2902 3189 Quoniam
2935 3117 3035 3170 hoc
3063 3122 3176 3168 erat
3200 3107 3579 3165 admirabilius.
3605 3105 3788 3174 Neque

2208 3231 2332 3278 sunt
2370 3218 2538 3290 paria,
2590 3231 2658 3270 ex
2685 3226 2842 3269 cruce
2871 3205 3250 3269 descendisse;
3290 3211 3345 3257 et
3374 3209 3652 3270 postquam
3693 3196 3789 3250 fuit

2209 3313 2514 3378 cruciﬁxus,
2547 3317 2626 3364 tot
2671 3319 2791 3361 esse
2819 3311 3055 3358 mortuos
3084 3297 3197 3369 ejus
3227 3296 3440 3352 nomine
3481 3291 3784 3348 suscitatos.

2210 3405 2363 3476 Quod
2388 3403 2529 3460 enim
2557 3411 2684 3455 tunc
2711 3412 2806 3454 sua
2827 3402 3018 3465 sponte
3045 3391 3120 3447 ibi
3161 3388 3439 3453 manserit,
3469 3383 3697 3442 ostendit
3722 3398 3788 3436 ex

2212 3498 2278 3553 iis
2303 3511 2419 3567 quae
2441 3502 2562 3549 sunt
2588 3498 2770 3562 postea
2811 3491 3162 3553 consequuta.
3201 3479 3300 3548 Qui
3337 3479 3476 3533 enim
3535 3485 3786 3538 mortem,

2213 3604 2334 3659 qua:
2361 3586 2495 3639 alios
2521 3585 2804 3644 invaserat,
2850 3576 3074 3646 expulit,
3123 3573 3286 3628 multo
3315 3569 3483 3638 magis
3522 3583 3553 3622 a
3591 3567 3788 3634 seipso,

2215 3655 2520 3751 priusquam
2552 3673 2843 3736 invaderet,
2874 3667 3182 3737 pr0pulsare
3207 3669 3453 3733 poterat;
3485 3667 3538 3712 et
3561 3656 3650 3727 qui
3677 3655 3793 3708 aliis

2218 3750 2378 3827 vitam
2411 3769 2630 3838 prmbet,
2659 3763 2826 3818 multo
2865 3759 3032 3828 magis
3093 3756 3194 3810 sibi
3223 3753 3321 3822 ipsi
3363 3750 3605 3820 prazbere
3645 3757 3795 3816 pote-

2217 3873 2300 3920 rat
2328 3883 2340 3919 :
2364 3859 2504 3932 quod
2532 3859 2689 3913 etiam
2731 3855 2905 3908 triduo
2930 3859 3050 3922 post
3076 3848 3231 3912 fecit,
3262 3860 3328 3898 ex
3354 3856 3541 3910 magna
3565 3838 3794 3910 potentia

2219 3960 2524 4012 suscitatus.
2552 3949 2611 4004 ιιι
2635 3957 2810 4002 autem
2832 3942 3064 3998 ostendit
3091 3955 3182 4010 per
3229 3952 3291 3992 ca
3335 3950 3452 4004 quae
3483 3941 3665 4003 postea
3708 3944 3796 3982 se-

2222 4057 2383 4118 quuta
2406 4055 2546 4100 sunt.
2576 4039 2799 4108 Quando
2811 4039 2950 4092 enim
2974 4035 3088 4104 ejus
3111 4046 3304 4085 nomen
3329 4030 3500 4082 visum
3531 4035 3613 4080 est
3639 4022 3800 4076 habe-

2223 4115 2285 4196 re
2309 4147 2510 4194 tantam
2555 4135 2802 4189 virtutem
2833 4129 2886 4184 in
2916 4125 3104 4181 alienis
3133 4121 3462 4190 corporibus,
3494 4123 3555 4170 ut
3581 4115 3800 4168 invoca-

2228 4242 2338 4288 tum
2382 4238 2611 4284 mortem
2641 4222 2922 4293 fugaverit,
2962 4232 3119 4273 nemo
3155 4214 3324 4286 possit
3359 4209 3623 4271 dubitare,
3671 4203 3800 4273 quin

2227 4324 2385 4379 etiam
2417 4322 2471 4375 in
2525 4317 2738 4387 proprio
2761 4326 2987 4383 corpore
3016 4322 3255 4378 magnam
3297 4300 3587 4374 potentiam
3627 4305 3806 4351 osten-

2229 4417 2412 4478 diSset,
2433 4423 2488 4466 et
2515 4417 2740 4464 mortem
2769 4405 2871 4460 sibi
2895 4401 3227 4470 subjecisset.
3258 4409 3310 4449 4.
3343 4391 3566 4460 Subjecit
3593 4387 3807 4459 populos

2231 4507 2393 4569 nobis,
2439 4513 2484 4556 et
2509 4510 2677 4572 gentes
2701 4497 2790 4551 sub
2821 4495 3027 4565 pedibus
3072 4489 3274 4544 nostris.
3313 4485 3449 4539 Vide
3491 4479 3806 4552 sapientiam

2231 4598 2525 4670 prophetat,
2555 4591 2646 4662 qui
2669 4588 2844 4643 omnia
2873 4590 3118 4640 accurate
3145 4581 3290 4634 dicit.
3315 4575 3466 4644 Quod
3497 4575 3638 4629 enim
3666 4581 3810 4640 post-

2234 4667 2293 4745 ea
2322 4689 2569 4743 dixerunt
2598 4680 2846 4754 apostoli,
2878 4677 3012 4745 Quia
3045 4691 3138 4728 nos
3159 4669 3438 4733 intuemini,
3474 4667 3618 4737 quasi
3641 4673 3812 4717 nostra

2221 4786 2414 4838 ‘virtute
2441 4790 2527 4834 aut
2558 4778 2736 4850 pietate
2785 4772 3047 4844 fecerimus
3073 4775 3129 4821 ut
3156 4766 3236 4819 hic
3268 4761 3544 4816 ambularet
3575 4758 3710 4830 (Act.
3756 4756 3811 4809 5.

2239 4874 2328 4943 12)
2351 4875 2374 4926 ?
2402 4871 2455 4926 id
2483 4846 2650 4924 multo
2679 4874 2801 4920 ante
2827 4863 2954 4916 dicit
2980 4857 3258 4930 propheta.
3306 4853 3436 4907 lllud
3461 4862 3638 4905 autem
3659 4889 3676 4915 ,
3707 4846 3815 4902 Sub

2241 4940 2470 5039 pedibus,
2499 4961 2548 5015 id
2580 4957 2721 5029 quod
2742 4956 3037 5024 subjectum
3081 4959 3196 5004 erat
3233 4945 3486 5008 ostendit,
3533 4940 3618 4997 vel
3646 4940 3820 5039 potius

2241 5028 2486 5127 magnam
2510 5051 2910 5120 subjectionem.
2940 5046 2995 5100 Si
3022 5043 3101 5098 vis
3125 5052 3298 5095 autem
3321 5042 3456 5092 scire
3477 5043 3670 5106 quanta
3696 5028 3820 5085 sub.

2239 5150 2402 5221 jectio
2422 5155 2582 5208 esset,
2623 5142 2766 5196 audi.
2793 5140 3074 5207 Quotquot,
3103 5133 3271 5202 inquit
3294 5172 3308 5194 ,
3341 5141 3647 5199 possessores
3671 5138 3825 5193 agro.-

2246 5260 2359 5298 rum
2387 5250 2473 5294 aut
2495 5241 2758 5292 domorum
2779 5243 2939 5292 erant,
2968 5230 3230 5284 uendentes
3253 5223 3529 5290 offerebant
3554 5219 3715 5290 pretia
3735 5231 3826 5268 eo-

2247 5351 2360 5388 rum
2379 5347 2489 5403 que:
2503 5329 2857 5391 vendebantur,
2875 5334 2922 5378 et
2937 5325 3182 5390 ponebant
3195 5327 3309 5372 ante
3322 5314 3470 5384 pedes
3485 5311 3832 5382 apostolorum

2253 5428 2387 5498 (Act.
2413 5426 2465 5479 4.
2491 5421 2605 5493 54).
2635 5421 2739 5476 Alii
2764 5428 2941 5471 autem
2999 5427 3120 5467 cum
3148 5408 3385 5479 pecuniis
3411 5405 3642 5458 animam
3693 5414 3831 5469 qun-

2252 5534 2357 5589 que
2415 5514 2795 5587 profuderunt.
2820 5509 2940 5576 Qui,
2971 5507 3161 5576 inquit,
3215 5517 3307 5572 pro
3353 5499 3526 5552 anima
3564 5510 3675 5547 mea
3710 5514 3838 5551 sua;

2255 5588 2466 5665 ceruices
2486 5610 2855 5676 supposuerunt
2887 5598 3060 5669 (Rom.
3094 5596 3180 5649 16.
3204 5594 3284 5662 4).
3335 5591 3412 5645 De
3458 5588 3579 5642 aliis
3625 5597 3840 5676 quoque

2257 5701 2498 5758 scribens
2526 5673 2771 5751 dicebat:
2799 5691 2861 5747 Si
2891 5687 3122 5760 possibile
3140 5699 3169 5750 ,‘
3203 5681 3402 5752 inquit,
3449 5680 3640 5744 fuisset,
3668 5673 3843 5727 oculos

2264 5801 2452 5848 vestros
2477 5783 2801 5855 eﬂ'odissetis,
2824 5792 2871 5838 et
2897 5777 3159 5835 dedissetis
3179 5774 3303 5830 mihi
3327 5771 3466 5843 (Gal.
3495 5772 3548 5824 4.
3578 5767 3687 5837 15).
3717 5765 3845 5819 Por-
