4108 6344
330 371 428 427 211

332 484 550 552 Ἦλθες
578 480 694 539 ὦδε
715 485 829 556 πρὸ
857 485 1084 554 καιροῦ,
1107 485 1443 549 βασανίσαι
1483 481 1633 552 ἡμᾶς
1657 497 1674 544 ;
1708 482 1769 533 Εί
1793 479 1901 532 τοί-

332 590 428 624 νυν
454 570 628 623 ταῦτα
652 569 796 633 τότε,
831 571 959 623 ὅταν
991 569 1388 640 παραγένηται.
1418 568 1512 620 καὶ¹
1549 568 1606 620 αἱ
1649 566 1906 634 δυνάμεις

331 654 441 710 τῶν
474 651 720 722 οὐρανῶν
749 652 1100 716 σαλεύωνται,
1155 653 1248 705 καὶ
1293 654 1321 704 6
1365 649 1516 721 ἥλιος
1553 648 1905 720 μεταστραφῇ

335 741 420 802 είς
445 737 655 802 σκότος,
686 737 777 791 καὶ
814 739 849 808 ἡ
880 737 1078 807 σελήνη
1114 736 1176 788 οὑ
1203 735 1364 788 δώσει
1397 735 1459 788 16
1497 734 1609 804 φῶς
1638 732 1826 802 αὑτῆς,
1853 730 1907 782 τί

337 822 522 892 ἐροῦσι
560 831 609 885 ·;
671 821 771 874 Διά
827 818 986 874 τοῦτό
1038 836 1226 892 φησιν·
1259 821 1580 887 ’Υψιστος,
1638 815 1906 885 φοϐερός.

335 905 552 961 Μᾶλλον
577 905 652 966 δὲ,
673 904 729 957 τί
771 904 836 958 ἀν
854 920 938 967 τις
961 902 1110 967 ἀξιον
1141 901 1306 967 εῖποι,
1331 903 1429 972 τὴν
1458 901 1671 972 ἡμέραν
1693 898 1908 966 ἐκείνην

339 987 716 1059 διηγούμενος,
748 987 876 1040 ὅταν
919 987 1111 1056 πέμπῃ
1150 987 1274 1048 τοὺς
1323 985 1588 1052 ἀγγέλους
1635 979 1908 1049 πανταχοῦ

339 1074 440 1143 τῆς
469 1071 819 1142 οἰκουμένης,
846 1071 972 1123 ὃταν
1000 1071 1176 1123 πάντα
1209 1069 1443 1138 σείηται,
1477 1068 1607 1120 ὅταν
1632 1066 1665 1134 ἡ
1697 1065 1766 1134 γῆ
1795 1063 1914 1116 κλο-

341 1159 497 1228 νῆται
535 1158 632 1226 τὴν
671 1154 1146 1226 παρακαταθήκην
1180 1153 1288 1206 τῶν
1323 1153 1531 1224 νεκρῶν
1566 1147 1909 1209 ἀποδιδοῦσα,

343 1243 470 1296 ὅταν
517 1245 587 1293 τά
628 1239 795 1310 μυρία
840 1237 1068 1307 σώματα
1121 1237 1423 1308 ἐγείρηται,
1460 1237 1587 1288 ὅταν
1625 1236 1653 1287 6
1681 1231 1910 1299 οὐρανὸς

349 1323 720 1394 συστέλληται,
751 1320 1000 1390 καθάπερ
1027 1337 1080 1373 τι
1110 1321 1517 1389 καταπέτασμα
1553 1315 1914 1383 συστελλόμε-

347 1425 468 1462 νον·
499 1409 625 1460 ὂταν
665 1406 726 1459 τὸ
773 1405 920 1476 βῆμα
953 1404 1170 1474 τιθῆται
1203 1405 1262 1457 τὸ
1295 1403 1545 1473 φοϐερὸν,
1579 1402 1705 1454 ὅταν
1730 1403 1777 1452 οἱ
1814 1416 1913 1452 πο-

346 1490 508 1560 ταμοὶ
537 1488 631 1542 τοῦ
666 1489 835 1559 πυρὸς
857 1488 1140 1548 ἓλκωνται,
1173 1487 1300 1540 ὅταν
1333 1487 1389 1538 αἱ
1434 1484 1606 1551 βίϐλοι
1652 1482 1916 1550 ἀνοίγων-

344 1591 456 1636 ται,
482 1575 609 1627 ὅταν
637 1572 852 1641 ἐκάστῳ
875 1571 942 1624 τά
968 1573 1025 1622 ἐν
1055 1570 1230 1639 σκότῳ
1258 1568 1621 1639 πεπραγμένα
1649 1567 1727 1628 είς
1754 1565 1915 1634 μέσον

347 1657 489 1729 ἄγῃ·
517 1657 646 1708 ὅταν
685 1657 742 1708 αί
792 1654 1056 1724 ἀφόρητοι
1093 1652 1344 1715 κολάσεις
1385 1653 1588 1704 ἐκεῖναι
1626 1649 1722 1702 καὶ
1746 1665 1918 1716 τιμω-

349 1741 484 1810 ρίαι,
505 1740 631 1792 ὅταν
658 1740 716 1792 αί
735 1737 1094 1807 ἀπειληφόροι
1119 1735 1396 1805 δυνάμεις,
1421 1735 1546 1786 ὅταν
1573 1734 1628 1784 αί
1651 1733 1915 1802 ρομφαῖαι

348 1823 709 1892 ἐσπασμέναι,
757 1822 886 1874 ὅταν
922 1821 980 1872 αἱ
1011 1819 1148 1888 πρὸς
1183 1817 1280 1888 τὴν
1329 1817 1552 1885 γέενναν
1597 1812 1913 1880 ἀπαγωγαί’

346 1906 478 1958 ὃταν
509 1907 688 1958 πάντα
725 1902 792 1956 τά
823 1901 1113 1972 ἀξιώματα
1145 1900 1358 1969 λύηται,
1394 1899 1488 1952 καὶ
1521 1896 1805 1966 βασιλέων,
1827 1894 1920 1948 καὶ

351 1987 694 2058 στρατηγῶν,
725 1987 821 2039 καὶ
848 1984 1094 2045 ὑπάτων,
1125 1983 1220 2036 καὶ
1253 1982 1514 2052 ὑπάρχων
1533 1996 1547 2009 ⁸
1587 1981 1716 2032 ὅταν
1741 1976 1923 2030 τοσοῦ-

349 2088 440 2134 τος
467 2071 639 2140 δῆμος
669 2068 916 2136 ἀγγέλων
953 2071 1124 2139 παρῇ,
1156 2068 1284 2120 ὅταν
1311 2067 1565 2134 τάγματα
1608 2061 1919 2132 μαρτύρων,

352 2154 666 2225 προφητῶν,
717 2153 1050 2213 ἀποστόλων,
1102 2150 1314 2223 ἱερέων,
1361 2147 1630 2219 μοναχῶν,
1682 2147 1810 2199 ὅταν
1853 2143 1926 2196 τά

351 2238 558 2293 ἔπαθλα
591 2240 774 2291 ἐκεῖνα
813 2236 882 2288 τά
925 2236 1233 2306 ἀπόρρητα,
1262 2235 1391 2286 ὅταν
1427 2231 1674 2302 βραϐεῖα,
1720 2230 1846 2282 ὅταν
1873 2229 1923 2282 οἱ

355 2324 608 2389 στέφανοι
638 2359 655 2386 ,
711 2321 839 2374 ὅταν
891 2317 959 2372 τά
1017 2317 1198 2387 ἀγαθά
1251 2317 1319 2369 τά
1389 2314 1783 2387 ὑπερϐαίνοντα
1835 2313 1925 2366 τὸν

352 2422 510 2468 νουνς

427 2485 760 2560 [1911γ’.Τίς
776 2484 1115 2555 παραστήσει
1130 2482 1287 2536 τοῦτο
1305 2482 1481 2551 λόγος;
1501 2483 1565 2534 Εἰ
1579 2481 1686 2551 γὰρ
1700 2479 1798 2550 τὴν
1813 2479 1928 2532 κτί-

356 2590 440 2626 σιν
473 2571 636 2624 ἐπιὼν
661 2575 692 2628 6
713 2570 1027 2640 Προφήτης,
1052 2567 1327 2638 ἀπέκαμε,
1351 2568 1446 2620 καὶ
1475 2565 1813 2636 ἀπεπήδησε,
1842 2565 1929 2617 λέ-

356 2671 489 2724 γων·
533 2654 630 2718 Ὠς
663 2653 1034 2722 ἑμεγαλύνθη
1067 2651 1139 2704 τὰ
1165 2655 1306 2720 ἔργα
1332 2667 1469 2713 σου,
1499 2652 1674 2718 Κύριε
1694 2666 1706 2680 ·
1753 2649 1846 2702 καὶ
1871 2647 1928 2699 ἓν

360 2736 501 2800 εἶδος
520 2735 823 2808 ἀνερευνῶν
847 2738 1103 2805 προνοίας
1125 2737 1152 2787 6
1173 2734 1384 2798 Παῦλος
1413 2733 1541 2804 ἐϐόη
1551 2731 1840 2785 σενείπών·
1864 2731 1927 2782 Ὢ

353 2825 543 2888 βάθος
584 2821 849 2874 πλούτου
872 2837 885 2850 ·
920 2819 973 2872 τί
1003 2819 1068 2873 ἄν
1103 2837 1186 2882 τις
1221 2819 1384 2881 εἴποι,
1416 2819 1513 2888 τὴν
1540 2817 1750 2888 ἡμέραν
1785 2814 1930 2868 ἐκεί-

358 2923 456 2974 νην
489 2904 851 2974 ὑπογράφων;
891 2901 1074 2955 Ταῦτα
1123 2902 1336 2955 ἅπαντα
1377 2900 1611 2970 προϊδὼν
1647 2902 1673 2952 6
1709 2899 1930 2970 Προφή-

359 3007 481 3059 της,
527 2988 712 3055 ἐλεγε·
754 2985 971 3053 Κύριος
1013 2986 1292 3053 ὕψιστος,
1332 2983 1601 3054 φοϐερὸς,
1633 2981 1932 3047 βασιλεὺς

358 3072 547 3142 μέγας
579 3071 678 3124 ἐπὶ
723 3069 930 3124 πᾶσαν
962 3069 1075 3136 τὴν
1107 3069 1244 3138 γῆν,
1287 3069 1382 3139 τὴν
1415 3067 1793 3139 οἱκουμενικὴν
1829 3083 1934 3117 σω-

362 3155 554 3226 τηρίαν
584 3152 886 3222 ἐμφαίνων.
908 3147 1015 3204 Ἦν
1050 3152 1148 3221 μὲν
1174 3148 1266 3204 οῦν
1295 3151 1390 3204 καὶ
1427 3151 1533 3223 πρὸ
1564 3151 1754 3203 τούτου
1787 3149 1935 3218 βασι-

363 3237 489 3300 λεὺς
527 3236 726 3307 μέγας,
765 3235 881 3288 ἀλλ’
922 3237 1188 3303 ἠγνοεῖτο.
1227 3235 1280 3286 '0
1309 3234 1415 3305 γὰρ
1474 3235 1700 3302 κόσμος
1725 3231 1801 3284 δι’
1828 3231 1934 3284 αὐ-

364 3319 470 3372 τοῦ
494 3319 747 3387 ἐγένετο,
788 3316 888 3372 καί
924 3319 956 3370 ὁ
992 3318 1218 3385 κόσμος
1244 3318 1428 3369 αὐτὸν
1455 3318 1563 3368 οὐκ
1589 3315 1760 3384 ἔγνω.
1801 3312 1936 3367 Νυνὶ

367 3403 425 3456 δέ
451 3404 544 3456 καὶ
577 3401 735 3455 τοῦτο
764 3401 1116 3472 κατώρθωσε,
1159 3401 1235 3462 ὡς
1263 3400 1356 3452 καὶ
1389 3399 1528 3452 κατὰ
1547 3399 1574 3438 1»
1607 3398 1704 3469 τὴν
1722 3398 1937 3451 οἰκείω-

373 3504 454 3539 σιν
484 3487 636 3556 ἡμῶν
662 3483 915 3554 γενέσθαι
947 3484 1198 3554 βασιλεὺς
1233 3484 1424 3551 μέγας.
1458 3484 1582 3546 Πῶς
1613 3483 1722 3552 γὰρ
1749 3484 1810 3535 οὑ
1839 3485 1939 3552 μέ-

369 3587 492 3638 γας,
523 3573 552 3624 6
579 3572 814 3638 πένητας
843 3569 1032 3633 ἁλιεῖς,
1054 3568 1474 3639 ἀγραμμάτους,
1508 3565 1718 3628 ἰδιώτας
1749 3566 1941 3620 ἕνδεκα

369 3656 460 3707 τὸν
490 3653 743 3725 ἀριθμὸν,
793 3654 1060 3721 ἀσήμους,
1097 3651 1377 3714 ἀπόλιδας,
1438 3649 1634 3719 ἰχθύων
1665 3649 1939 3717 ἀφωνοτέ-

375 3757 522 3811 ρους,
555 3737 941 3808 μονοχίτωνας,
972 3734 1350 3796 ἀνυποδέτους,
1379 3735 1638 3804 γυμνοὺς,
1665 3731 1940 3802 πανταχοῦ

371 3823 471 3892 τῆς
504 3821 823 3892 οἰκουμένης
847 3817 1194 3881 ἀποστείλας,
1216 3818 1308 3870 καὶ
1338 3816 1526 3888 ὥσπερ
1556 3817 1614 3882 ἐξ
1639 3817 1943 3887 ἐπιτάγμα-

371 3921 463 3966 τος
493 3905 696 3966 πάντας
729 3900 936 3966 λαϐών;
971 3900 1140 3954 Τοῦτο
1187 3899 1403 3970 ἀληθῶς
1442 3898 1693 3970 βασιλεὺς
1733 3901 1940 3968 μέγαςο

371 3993 400 4042 6
429 3989 524 4058 τὴν
557 3987 881 4057 οἰκουμένην
926 3985 1026 4054 τῆς
1089 3984 1294 4054 πλάνης
1343 3985 1674 4055 ἐκκαθάρας,
1715 3986 1810 4037 καὶ
1845 3984 1944 4053 τὴν

374 4073 628 4142 ἀλήθειαν
672 4067 1028 4137 ἐπαναγαγὼν
1052 4070 1112 4120 ἐν
1143 4069 1370 4138 βραχείᾳ
1404 4069 1595 4139 καιροῦ
1641 4071 1802 4138 ῥοπῇ,
1851 4071 1946 4121 καὶ

374 4155 469 4208 τοῦ
503 4155 746 4208 διαϐόλου
771 4154 866 4222 τὴν
896 4151 1184 4220 τυραννίδα
1216 4150 1488 4204 καθελών·
1520 4154 1549 4203 6
1586 4151 1680 4204 καὶ
1707 4150 1812 4221 πρὸ
1835 4151 1944 4204 τῶν

375 4237 630 4308 ὑπηκόων
672 4236 844 4308 μέγας
889 4234 1160 4305 βασιλεὺς,
1205 4233 1304 4286 οὑκ
1339 4235 1396 4285 ἐν
1421 4236 1533 4297 τοῖς
1569 4233 1774 4298 δούλοις
1806 4234 1944 4304 ἔχων

375 4323 475 4391 τῆς
506 4320 679 4390 ἀρχῆς
707 4319 804 4390 τὴν
833 4318 1005 4387 ίσχὺν,
1054 4317 1154 4369 οὑκ
1188 4317 1245 4369 ἐν
1277 4317 1515 4386 σχήματι
1557 4319 1651 4370 καὶ
1691 4318 1944 4388 ἱματίοις,

376 4404 490 4457 ἀλλ’
522 4407 577 4455 ἐν
606 4405 740 4473 αὑτῇ
777 4405 842 4472 τῇ
888 4401 1066 4470 φύσει.
1108 4397 1248 4468 Ἐγὼ
1277 4398 1406 4468 γὰρ,
1434 4401 1618 4470 φησὶν,
1649 4401 1735 4464 εἰς
1769 4399 1947 4453 τοῦτο

376 4486 714 4555 γεγένημαι.
738 4485 907 4537 Τοῦτο
939 4483 1192 4554 βασιλεὺς
1223 4483 1423 4552 μέγας⁹
1458 4485 1487 4534 6
1519 4483 1592 4552 μὴ
1627 4482 1947 4535 ἐπείσακτον

376 4572 517 4642 ἔχων
540 4571 640 4640 τὴν
659 4571 845 4640 τιμὴν,
883 4571 912 4622 6
943 4567 1168 4638 μηδενὸς
1197 4566 1446 4637 δεόμενος
1476 4567 1563 4618 ἵνα
1677 4567 1944 4635 βασιλεὺς,

378 4657 409 4708 6
439 4653 620 4706 πάντα
665 4651 835 4705 ποιῶν
877 4651 976 4704 ὅσα
1027 4650 1293 4720 βούλεται.
1347 4647 1744 4715 Πορευθέντες
1817 4648 1945 4719 γὰρ,

381 4737 534 4805 φησὶ,
559 4735 974 4804 μαθητεύσατε
1023 4732 1220 4786 πάντα
1265 4731 1337 4784 τὰ
1375 4732 1518 4798 ἔθνη
1539 4748 1550 4759 ·
1588 4731 1680 4784 καὶ
1727 4733 1754 4784 6
1795 4731 1949 4798 λόγος

381 4820 542 4889 ἔργον
575 4820 812 4887 ἐγένετο.
860 4817 1040 4882 Θέλω,
1077 4817 1483 4884 καθαρίσθητι.
1523 4815 1623 4869 Σοὶ
1656 4815 1832 4883 λέγω,
1882 4814 1949 4867 τὸ

380 4901 688 4970 δαιμόνιον
737 4902 804 4954 τὸ
857 4900 1078 4968 κωφὸν,
1119 4899 1328 4962 ἔξελθε
1365 4899 1466 4952 ἀπ’
1491 4899 1697 4952 αὐτοῦ.
1732 4899 1947 4961 Σιώπα,

377 4984 712 5053 πεφίμωσο.
747 4984 1082 5052 Πορεύεσθε
1123 4985 1209 5046 εὶς
1248 4981 1312 5034 τὸ
1341 4981 1460 5050 πῦρ
1489 4981 1556 5033 τὸ
1605 4979 1953 5049 ἡτοιμασμέ-

383 5083 496 5118 νον
532 5066 611 5131 τῷ
637 5066 909 5130 διαϐόλῳ.
928 5065 1124 5128 Δεῦτε,
1151 5063 1641 5132 κληρονομήσατε
1659 5065 1774 5130 τὴν
1793 5064 1952 5130 ’ἡτοι-

378 5148 697 5218 μασμένην
737 5149 878 5217 ὑμῖν
921 5148 1247 5212 βασιλείαν
1302 5147 1412 5215 πρὸ
1444 5145 1780 5213 καταϐολῆς
1811 5148 1951 5200 κόσα

381 5249 521 5300 μου.
567 5233 727 5304 Ὁρᾷς
773 5230 1046 5308 πανταχοῦ
1092 5230 1188 5300 τὴν
1227 5229 1508 5295 ἐξουσίαν;
1548 5231 1680 5300 ὁρᾷς
1723 5230 1820 5298 τὴν
1860 5227 1950 5280 δύ-

387 5331 570 5385 ναμιν;
595 5315 749 5369 Οὕτω
771 5316 876 5386 γάρ
907 5311 1019 5367 εἷλε
1052 5315 1177 5377 τοὺς
1208 5315 1640 5376 ὑπακούσαντας,
1671 5314 1745 5377 ὡς
1773 5317 1956 5366 πεῖσαι

386 5398 485 5468 τὴν
511 5399 688 5468 ψυχὴν
726 5399 986 5468 προέσθαι
1028 5399 1249 5466 μᾶλλον,
1288 5397 1320 5467 ἢ
1349 5399 1407 5449 16
1435 5397 1722 5467 ἐπιταχθὲν
1755 5397 1957 5468 παρελο

392 5477 524 5534 θεῖν.
560 5479 618 5531 Ὀ
651 5480 748 5550 μέν
772 5482 880 5552 γάρ
913 5480 1165 5550 βασιλεὺς
1206 5482 1335 5552 παρ’
1364 5480 1540 5534 αὑτῶν
1565 5482 1672 5533 τῶν
1703 5481 1960 5550 ὑπηκόων

453 5657 478 5718 f
510 5657 590 5718 Sic
611 5670 722 5705 mss.
753 5663 800 5704 el
824 5657 972 5704 Savil.
997 5657 1056 5705 Al
1080 5656 1254 5704 Morel.
1279 5663 1335 5718 τῇ
1362 5655 1814 5718 ἐροῦσι,π;ρη(1088.

461 5715 488 5754 δ
519 5717 688 5766 Morel.
712 5717 896 5766 omittit
933 5721 1014 5774 ὡς,
1036 5719 1163 5778 quod
1208 5719 1285 5766 hic
1310 5715 1698 5778 desulerabalur,
1721 5725 1772 5767 et
1795 5725 1872 5767 est
1914 5716 1963 5766 in

389 5786 505 5828 mss.
532 5787 583 5828 el
604 5785 651 5828 in
674 5781 818 5828 Savil.

705 5855 978 5916 PATROL.
1027 5855 1144 5916 Gn.
1195 5857 1318 5919 LV.

1425 366 1794 426 Exposmo
1833 365 1896 420 IN
1937 362 2267 426 PSALMUM
2307 373 2493 432 xm.

3471 383 3578 438 SH

2007 480 2116 551 ἔχει
2156 483 2254 548 τὰς
2282 489 2480 558 τιμάς·
2515 484 2668 556 οὗτος
2697 493 2752 545 δέ
2787 495 2896 556 τοῖς
2929 492 3190 564 ὑπηκόοις
3217 493 3442 566 παρέχει
3479 501 3581 567 τὴν

2004 568 2189 636 τιμήν.
2234 570 2332 622 Διά
2377 571 2442 642 δὴ
2487 573 2665 638 τοῦτο,
2688 575 2849 628 τοῦτο
2882 575 2981 646 μὲν
3011 576 3183 647 ὄνομα
3220 577 3379 647 μόνον
3406 580 3578 643 ἐστὶν,

2006 648 2181 702 ἐκεῖνο
2209 651 2266 704 δέ
2301 655 2551 725 πρᾶγμα.
2571 656 2831 719 Βασιλεὺς
2863 659 3033 726 μέγας
3062 669 3108 722 ο,
3127 658 3186 722 ὃς
3206 659 3304 728 τὴν
3333 663 3584 732 οἰκουμέ-

2006 749 2104 802 νην
2134 733 2351 789 ἆπασαν
2373 739 2596 807 οὑρανὸν
2635 741 2878 810 ἐποίησε,
2907 742 3002 794 καὶ
3027 741 3335 814 βαρϐάρους
3369 744 3584 812 φιλοσο-

2009 817 2130 882 φεῖν
2161 819 2560 887 παρεσκεύασε,
2592 823 2686 874 καὶ
2709 823 2974 890 ἀγγέλους
3006 825 3292 895 μιμεῖσθαι
3313 825 3588 897 προῦτρε-

2007 897 2127 967 ψεν.
2159 900 2433 966 Ὑπέταξε
2488 905 2677 972 λαοὺς
2723 906 2884 975 ἡμῖν,
2944 909 3040 960 καὶ
3084 908 3230 974 ἔθνη
3281 908 3400 962 ὑπὸ
3445 909 3587 976 τοὺς

2009 982 2201 1049 πόδας
2223 984 2410 1052 ἡμῶν.
2441 989 2502 1040 Ὢ
2516 989 2610 1041 τοῦ
2644 988 2920 1059 θαύματος
2945 991 2959 1043 l
2985 991 3122 1050 Τοὺς
3149 992 3584 1061 σταυρώσαντας,

2009 1065 2231 1130 τούτους
2277 1068 2461 1122 ἔπεισε
2504 1075 2852 1142 προσκυνεῖν,
2899 1075 3024 1136 τοὺς
3074 1073 3412 1144 ὑϐρίζοντας,
3461 1079 3588 1141 τοὺς

2013 1149 2486 1222 βλασφημοῦντας,
2511 1157 2637 1219 τοὺς
2665 1156 2833 1218 λίθοις
2863 1156 3346 1227 προσηλωμένους.
3369 1159 3589 1223 τούτους

2012 1233 2219 1298 ἐδίδαξε
2257 1237 2351 1290 καὶ
2387 1237 2566 1308 ψυχὰς
2616 1239 2876 1310 προέσθαι
2907 1240 3048 1293 κατὰ
3098 1240 3155 1292 16
3192 1241 3340 1310 αὑτῴ
3379 1242 3588 1296 δοκοῦν.

2014 1317 2091 1370 Οὑ
2121 1317 2226 1387 γὰρ
2247 1321 2355 1372 τῶν
2387 1321 2698 1375 ἀποστόλων
2733 1318 2802 1393 ἦν
2829 1322 2889 1375 16
2931 1323 3284 1393 κατόρθωμα,
3320 1325 3456 1378 ἀλλά
3495 1326 3591 1378 τοῦ

2016 1401 2492 1468 προοδοποιοῦντος
2547 1405 2752 1470 αὑτοῖς,
2807 1406 2902 1458 καὶ
2945 1405 3045 1476 τὴν
3101 1405 3279 1459 αὑτῶν
3321 1407 3595 1470 κινοῦντος

2013 1482 2215 1554 ψυχήν.
2248 1486 2374 1547 Πῶς
2394 1487 2502 1558 γὰρ
2529 1490 2557 1541 6
2588 1488 2770 1552 ἁλιεὺς
2799 1489 2832 1559 ἢ
2855 1491 2882 1540 6
2909 1489 3230 1559 σκηνοποιὺς
3245 1490 3512 1558 τοσαύτην
3531 1493 3596 1544 ἀν

2021 1567 2325 1639 μετέθηκαν
2345 1571 2686 1643 οἰκουμένην,
2711 1571 2826 1624 ἀλλ’
2845 1572 2877 1642 ἢ
2895 1571 2962 1626 τά
2984 1573 3192 1626 ἐκείνου
3221 1575 3440 1643 ῥήματα
3463 1574 3597 1626 πάν-

2015 1668 2085 1704 τα
2104 1652 2277 1704 ταῦτα
2294 1653 2600 1724 καθῄρειτά
2615 1655 2909 1726 κωλύματα
2930 1674 2944 1720 ;
2971 1657 3080 1708 Καὶ
3097 1656 3319 1726 γόητας,
3336 1656 3430 1710 καὶ
3446 1655 3595 1727 [19⁸2]

2017 1735 2334 1803 τυράννους,
2360 1737 2453 1788 καλ¹
2484 1738 2741 1809 ῥήτορας,
2763 1740 2858 1790 καὶ
2887 1738 3231 1807 φιλοσόφους,
3259 1739 3354 1790 καὶ
3383 1741 3592 1801 πάντας

2018 1819 2142 1880 τοὺς
2191 1818 2618 1890 ἀνθισταμένους
2669 1821 2921 1890 καθάπερ
2985 1821 3133 1873 κόνιν
3173 1819 3598 1882 ἀποσοϐοῦντες,

2021 1902 2115 1954 καὶ
2148 1903 2355 1956 καπνὸν
2375 1903 2703 1967 διαλύοντες,
2732 1904 2904 1967 οὑτως
2931 1904 3186 1974 ἐσπειραν
3211 1903 3309 1973 τῆς
3342 1902 3602 1972 ἀληθείας

2020 1982 2083 2036 16
2114 1985 2248 2054 φῶς,
2289 1987 2386 2057 οὑχ
2421 1987 2630 2050 ὅπλοις,
2653 1987 2773 2040 οὑδέ
2796 1988 3098 2057 χρημάτων
3129 1987 3436 2058 περιουσία,
3466 1987 3603 2040 ἀλλά

2021 2066 2166 2140 λόγῳ
2201 2071 2530 2140 κεχρημένοι
2579 2071 2748 2141 ψιλῷ·
2795 2071 2998 2140 μᾶλλον
3041 2070 3096 2122 δέ
3135 2071 3234 2122 οὑκ
3274 2066 3342 2140 ἦν
3374 2069 3529 2139 ψιλὸς
3573 2072 3604 2121 ὁ

2022 2149 2201 2219 λόγος,
2249 2152 2364 2205 ἀλλ’
2404 2153 2564 2224 ἔργου
2613 2152 2814 2216 παντὸς
2861 2152 3253 2222 δυνατώτερος.
3308 2152 3432 2214 Πῶς
3475 2147 3600 2215 οῦνς

2037 2234 2294 2288 Ἐκάλουν
2319 2236 2381 2289 τὸ
2411 2235 2582 2307 ὄνομα
2607 2236 2700 2290 τοῦ
2726 2236 3146 2306 σταυρωθέντος,
3185 2236 3277 2288 καὶ
3317 2237 3345 2288 6
3375 2236 3602 2298 θάνατος

2025 2317 2373 2388 ἐδραπέτευε,
2424 2323 2519 2372 καὶ
2559 2319 2812 2390 δαίμονες
2856 2318 3272 2388 ἐφυγαδεύοντο.
3325 2318 3604 2387 νοσήματα

2026 2402 2234 2466 ἐλύετο,
2267 2402 2440 2455 λῶϐαι
2485 2402 2755 2472 σωμάτων
2778 2401 3120 2472 διωρθοῦντο,
3153 2401 3319 2454 κακία
3355 2399 3603 2470 ἀπηλαύ-

2025 2502 2176 2546 νετο,
2227 2486 2460 2538 κίνδυνοι
2509 2484 2862 2556 ἠφανίζοντο,
2908 2486 3002 2538 καὶ
3053 2487 3284 2555 στοιχεῖα
3341 2484 3604 2556 μετεϐάλ-

2025 2572 2198 2626 λοντο.

2099 2657 2266 2709 Ὅταν
2293 2652 2386 2711 οῦν
2417 2657 2646 2725 λέγωσιν
2669 2655 2994 2728 ήμῖν,Διάτί
3013 2655 3088 2726 μὴ
3108 2655 3400 2725 ἐϐοήθησεν
3427 2653 3605 2724 ἐαυτῷ

2030 2741 2122 2794 ἐπὶ
2150 2741 2244 2793 τοῦ
2279 2741 2544 2811 σταυροῦς
2587 2741 2747 2794 τοῦτο
2776 2740 3044 2808 λέγωμεν,
3091 2739 3174 2791 ὃτι
3213 2737 3366 2790 τοῦτο
3393 2737 3607 2808 θαυμα-

2031 2826 2281 2894 στότερον
2310 2818 2398 2894 ἦν.
2435 2824 2508 2876 Οὑ
2547 2824 2656 2894 γάρ
2683 2819 2751 2893 ἦν
2779 2822 2890 2874 ἴσον
2923 2825 2988 2875 ἐκ
3020 2819 3112 2872 τοῦ
3145 2820 3378 2890 σταυροῦ
3410 2820 3610 2874 κατελ-

2032 2909 2166 2972 θεῖν,
2196 2909 2287 2961 καὶ
2328 2908 2468 2978 μετά
2487 2912 2549 2960 τὸ
2575 2906 2952 2977 σταυρωθῆναι
2977 2905 3070 2956 ἐπὶ
3097 2902 3171 2972 τῷ
3193 2903 3415 2972 ὀνόματι
3439 2901 3606 2956 αὑτοῦ

2030 2991 2318 3054 τοσούτους
2345 2990 2649 3059 ἀναστῆσαι
2672 2987 2918 3058 νεκρούς.
2940 2988 3062 3041 Ὅτι
3087 2989 3156 3057 γά
3165 3007 3196 3060 ρ
3217 2992 3310 3042 καὶ
3325 2989 3444 3041 τότε
3465 2987 3606 3040 ἑκὼν

2033 3076 2223 3147 ἔμενεν
2248 3073 2297 3139 δ,
2323 3076 2388 3129 ἐκ
2414 3073 2521 3127 τῶν
2549 3075 2685 3143 μετά
2722 3072 2893 3125 ταῦτα
2922 3071 3143 3138 ἔδειξεν.
3183 3075 3238 3124 '0
3271 3073 3377 3142 γὰρ
3400 3071 3609 3139 ἑτέροις

2034 3157 2330 3211 ἐπελθόντα
2373 3157 2465 3210 τὸν
2508 3157 2737 3209 θάνατον
2783 3153 3050 3219 ἐκϐαλὼν,
3094 3155 3272 3224 πολλῷ
3317 3153 3515 3226 μᾶλλον
3551 3151 3612 3217 ἐξ

2036 3239 2251 3305 ἐαυτοῦ,
2279 3239 2460 3310 πρὶνῆ
2487 3239 2754 3302 ἐπελθεῖν,
2779 3236 3203 3307 διακρούσασθαι
3228 3237 3476 3307 ἠδύνατο·
3515 3237 3613 3288 καὶ

2035 3328 2064 3379 6
2089 3325 2174 3378 ἐτέ
2185 3341 2296 3395 ροις
2337 3322 2592 3393 παρέχων
2621 3321 2785 3392 ζωὴν,
2810 3320 2988 3390 πολλῷ
3019 3321 3216 3392 μᾶλλον
3239 3319 3416 3390 ἐαυτῷ
3441 3337 3615 3388 παρα-

2039 3410 2186 3478 σχεῖν
2215 3405 2444 3475 ὴδύνατο
2462 3422 2477 3436 ⁶
2512 3407 2647 3474 ὅπερ
2673 3406 2766 3456 καὶ
2801 3404 3023 3474 ἐποίησε
3057 3404 3194 3474 μετὰ
3220 3405 3369 3473 τρεῖς
3396 3401 3615 3472 ἡμέρας

2038 3490 2282 3560 ἐγερθεὶς
2315 3492 2380 3542 ἐκ
2413 3489 2608 3557 πολλῆς
2638 3488 2738 3557 τῆς
2771 3488 3107 3558 περιουσίας.
3166 3489 3274 3542 Καὶ
3331 3487 3488 3540 τοῦτο
3527 3485 3619 3539 διὰ

2037 3574 2146 3626 τῶν
2175 3573 2315 3644 μετά
2348 3572 2523 3625 ταῦτα
2567 3569 2784 3635 ἔδειξεν.
2814 3570 2980 3623 Ὅταν
3024 3571 3132 3640 γάρ
3166 3571 3225 3623 16
3251 3570 3418 3640 ὄνομα
3452 3567 3646 3622 αὑτοῦο

2040 3658 2133 3710 ἐπὶ
2193 3657 2460 3726 σωμάτων
2503 3653 2799 3724 ἀλλοτρίων
2850 3652 3112 3721 φαίνηται
3165 3653 3435 3723 τοσαύτην
3498 3652 3619 3721 ἔχον

2045 3740 2216 3809 ἰσχὺν,
2253 3739 2327 3800 ὼς
2371 3737 2701 3807 καλούμενον
2749 3735 3082 3804 φυγαδεῦσαι
3125 3736 3216 3787 τὸν
3256 3735 3506 3797 θάνατον,
3535 3734 3621 3786 οὐ·

2041 3823 2152 3886 6:1;
2193 3821 2553 3892 ἀμφιϐάλλειν
2601 3819 2802 3872 δύναιτ’
2838 3821 2924 3884 ἂν,
2967 3820 3048 3870 ὄτι
3095 3819 3188 3871 καὶ
3219 3819 3275 3870 ἐν
3321 3817 3398 3886 τῷ
3436 3816 3622 3886 οἰκείῳ

2043 3905 2243 3974 πολλὴν
2274 3905 2337 3956 ἀν
2364 3904 2462 3974 τὴν
2487 3905 2640 3974 ἰσχὺν
2661 3901 2993 3966 ἐπεδείξατο,
3040 3901 3134 3953 καὶ
3163 3899 3252 3951 τὸν
3270 3899 3499 3952 θάνατον
3523 3898 3622 3950 ὑπο

2043 3987 2556 4054 έταξεν.”Υπέταξε
2593 3985 2782 4049 λαοὺς
2805 3984 2968 4053 ἡμῖν,
3001 3983 3098 4036 καὶ
3139 3984 3281 4048 ἓθγη
3316 3981 3434 4035 ὑπὸ
3478 3981 3620 4045 τοὺς

2045 4072 2234 4138 πόδας
2269 4070 2604 4140 ήμᾶηκὌρα
2636 4069 2730 4122 τοῦ
2756 4069 3042 4136 Προφήτου
3070 4067 3167 4136 τὴν
3203 4065 3416 4134 σοφίαν,
3442 4064 3622 4116 πάντα

2049 4155 2186 4228 μετά
2217 4155 2498 4225 ἀκριϐείας
2530 4155 2800 4222 λέγοντος.
2835 4154 2898 4203 "0
2929 4151 3038 4220 γάρ
3071 4149 3206 4218 μετά
3239 4147 3409 4200 ταῦτα
3437 4147 3622 4213 ἔλεγον

2045 4242 2094 4294 οἱ
2126 4239 2412 4292 ἀπόστολοι
2475 4237 2534 4290 Τί
2562 4235 2704 4304 ἡμῖν
2745 4232 3073 4301 προσέχετε
3109 4241 3154 4292 ο,
3178 4231 3258 4295 ὡς
3295 4230 3415 4297 ἰδίᾳ
3447 4229 3625 4281 δυνά-

2040 4340 2139 4392 μει
2166 4322 2204 4389 ἣ
2231 4321 2506 4386 εὐσεϐείᾳ
2531 4319 2889 4384 πεποιηκόσι
2919 4317 3025 4369 τοῦ
3047 4312 3392 4381 περιπατεῖν
3415 4314 3624 4374 αὑτόν;

2045 4407 2205 4458 τοῦτο
2239 4404 2443 4457 ἀνωθεν
2470 4404 2496 4454 ό
2534 4403 2822 4472 Προφήτης
2855 4398 3024 4464 λέγει.
3063 4398 3138 4449 Τὸ
3171 4397 3248 4457 δὲ,
3287 4396 3433 4447 ’Υπὺ
3483 4393 3626 4458 τοὺς

2047 4489 2260 4553 πόδας,
2291 4488 2352 4539 16
2377 4485 2817 4553 ὑποτεταγμένον
2853 4482 3022 4552 δηλοῖ,
3050 4480 3247 4550 μᾶλλον
3275 4479 3329 4531 δέ
3359 4479 3456 4546 τὴν
3495 4477 3626 4528 πολ-

2047 4572 2147 4642 λὴν
2179 4571 2477 4638 ὑποταγὴν.
2512 4567 2620 4619 Καὶ
2668 4569 2716 4619 εί
2759 4565 2936 4634 βούλει
2985 4565 3174 4635 μαθεῖν
3199 4564 3298 4633 τῆς
3344 4561 3626 4628 ὑποταγῆς

2046 4657 2149 4724 τὴν
2184 4653 2449 4712 ἐπίτασιν,
2498 4651 2726 4703 ἄκουσον
2747 4666 2760 4679 ·
2781 4650 2946 4702 Ὅσοι
2975 4648 3278 4716 κτήτορες,
3325 4646 3480 4716 φησὶ,
3513 4661 3628 4712 χω-

2041 4739 2194 4805 ρ.’ων
2225 4735 2264 4802 ἢ
2292 4733 2491 4789 οἰκιῶν
2523 4735 2542 4771 ῖ
2575 4732 2873 4801 ὑπῆρχον,
2905 4731 3247 4796 πωλοῦντες
3279 4731 3497 4798 ἔφερον
3523 4728 3630 4792 τὰς

2051 4821 2222 4889 τιμὰς
2251 4817 2368 4872 τῶν
2384 4817 2903 4886 πιπρασκομένων,
2937 4815 3034 4868 καὶ
3056 4815 3294 4868 ἐτίθουν
3311 4811 3469 4881 παρὰ
3487 4815 3630 4875 τοὺς

2053 4902 2246 4968 πόδας
2274 4901 2391 4955 τῶν
2419 4901 2797 4954 ἀποστόλων.
2826 4899 3040 4968 Ἕτεροι
3079 4898 3135 4950 δὲ
3182 4898 3319 4968 μετὰ
3349 4896 3455 4950 τῶν
3494 4910 3630 4965 χρη-

2056 4987 2260 5056 μάτων,
2293 4985 2385 5037 καὶ
2406 4985 2505 5052 τὴν
2532 4982 2704 5052 ψυχὴν
2725 4983 2995 5053 προΐεντο.
3031 4982 3260 5046 Οἵτινες
3289 4980 3418 5051 γὰρ,
3446 4980 3630 5047 φησὶν,

2051 5069 2206 5136 ὑπὲρ
2249 5067 2358 5135 τῆς
2393 5065 2603 5136 ψυχῆς
2639 5083 2757 5134 μου
2806 5065 2913 5117 τὸν
2943 5062 3172 5117 ἑαυτῶν
3200 5064 3503 5132 τράχηλον
3527 5063 3635 5115 ὐπ-

2053 5152 2296 5218 ἐθηκαν.
2331 5152 2439 5203 Καὶ
2467 5149 2595 5219 περὶ
2628 5149 2826 5219 ἐτέρων
2851 5147 2907 5200 δέ
2931 5147 3158 5217 γράφων
3188 5146 3391 5214 ἔλεγεν,
3419 5147 3560 5205 Ὅτι,
3580 5147 3633 5197 εί

2055 5234 2335 5296 δυνατὸν,
2370 5233 2512 5297 τοὺς
2539 5231 2883 5300 ὀφθαλμοὺς
2941 5229 3108 5299 ὑμῶν
3135 5229 3530 5297 ἐξορύξαντες
3556 5227 3634 5280 ἂν

2057 5316 2313 5371 ἐδώκατέ
2361 5333 2484 5386 μοι.
2517 5316 2628 5368 Καὶ
2672 5313 2976 5384 Κορινθίοις
3008 5314 3063 5366 δὲ
3096 5313 3422 5366 ἐπιστέλλων
3452 5312 3632 5378 ἔλεγεν

2121 5475 2144 5503 ε
2172 5471 2341 5520 Morel.
2391 5477 2446 5520 et
2490 5471 2641 5520 Savil.
2687 5471 2829 5532 μέγας
2869 5471 3020 5525 οὗτος,
3056 5469 3145 5518 sed
3186 5466 3630 5523 o61ogl'ereamss.

2059 5532 2218 5595 abest.
2247 5533 2455 5595 Legitur
2481 5539 2640 5582 tamen
2668 5533 2715 5580 in
2741 5532 3042 5581 Colberliuo.

2123 5593 2151 5631 d
2179 5598 2219 5657 Α
2224 5595 2274 5642 lii
2295 5593 2540 5657 ὑπέμενεν..

2127 5658 2150 5684 θ
2177 5647 2348 5704 Morél.
2374 5645 2427 5704 ἑι
2446 5654 2528 5703 alii
2549 5656 2812 5718 προσέχεις.
2837 5653 2988 5718 ΞεινίΙ.
3009 5652 3216 5716 ἐξουσίᾳ.
3246 5650 3398 5700 Paulo
3420 5656 3529 5713 post
3544 5645 3628 5698 alii

2062 5718 2117 5766 16
2138 5718 2498 5778 ὑποτεταμένον,
2525 5715 2608 5766 alii
2635 5717 2689 5763 τὸ
2702 5715 3049 5778 ἐπιτεταμένον.

2131 5775 2152 5815 ί
2178 5778 2260 5828 Sic
2280 5774 2464 5842 legitur
2487 5781 2534 5826 in
2560 5780 2711 5829 Acus.
2738 5776 2910 5826 Morel.
2935 5775 3122 5840 χωρίων
3146 5774 3350 5824 οἰκείων.

3220 5860 3294 5920 13
