4080 6340
484 317 585 371 2Ίὸ

475 434 509 487 6
543 430 751 495 Παῦλος
771 443 784 460 ⁶
821 429 965 485 Ἰδοὺ
998 431 1104 501 γὰρ
1134 434 1280 486 αὐτὸ
1310 434 1484 488 τοῦτο
1512 433 1579 487 τὸ
1599 434 1746 487 κατὰ
1774 433 1921 487 Θεὸν
1947 437 2048 487 λυ-

478 515 741 583 πηθῆναι
812 512 1000 584 ὑμᾶς,
1060 519 1263 582 πόσην
1313 515 1741 585 κατειργάσατο
1801 518 1872 569 ἑν
1906 517 2050 586 ὑμῖν

471 596 782 663 σπουδήν·
821 597 983 652 ἀλλὰ
1020 598 1370 667 ἀπολογίαν.
1417 601 1578 654 ἀλλὰ
1613 598 2045 668 ἀγανάκτησιν,

470 681 632 734 ἀλλά
684 681 901 748 φόϐον,
961 681 1123 735 ἀλλὰ
1180 683 1562 749 ἐπιπόθησιν,
1624 683 1787 737 ἀλλὰ
1842 682 2045 750 ζῆλον,

469 765 608 820 ἀλλ’
646 766 984 831 ἐκδίκησινο
1025 765 1200 828 οὕτως
1231 767 1430 829 αὐτοὺς
1471 768 1700 839 ἔτρεμον
1728 769 1823 821 καὶ
1852 767 2047 820 ἐδεδοί-

469 866 678 903 κεισαν.
711 850 820 904 Καὶ
845 852 875 903 6
903 851 1116 914 Λουκᾶς
1146 850 1309 904 πάλιν
1336 851 1564 921 γράφων
1588 850 1761 920 ἔλεγε·
1795 849 1903 905 Καὶ
1927 848 2047 904 τῶν

468 933 698 989 λοιπῶν
738 934 941 999 οὐδεὶς
982 934 1208 1002 ἐτόλμα
1255 932 1592 988 κολλᾶσθαι
1642 934 1866 1000 αὐτοῖς,
1905 935 2043 989 ἀλλ’

464 1018 837 1087 ἐμεγάλυνεν
862 1018 1086 1084 αὐτοὺς
1115 1022 1147 1072 ό
1175 1020 1343 1085 λαός.
1369 1021 1479 1072 Καὶ
1507 1020 1610 1072 πάλ
1621 1038 1688 1072 ιν·
1728 1020 1788 1073 Τί
1810 1019 2040 1084 θέλετε;

463 1102 534 1155 ἐν
551 1101 752 1168 ῥάϐδῳ
776 1102 931 1156 ἔλθω
961 1102 1110 1169 πρὸς
1140 1100 1314 1171 ὑμᾶς,
1349 1103 1388 1169 ἢ
1421 1103 1490 1155 ὲν
1524 1101 1725 1172 ἀγάπῃ
1753 1103 2044 1171 πνεύματί

463 1202 529 1239 τε
558 1188 922 1252 πραότητος;

532 1270 593 1322 δ’.
626 1269 777 1340 [195]
809 1266 960 1333 Εἶδες
1000 1270 1293 1324 αὐθεντίαν
1320 1273 1414 1324 καὶ
1459 1272 1735 1337 ἐξουσίαν;
1778 1269 1960 1324 Ταῦτα
1986 1270 2042 1324 δὲ

462 1354 644 1406 πάντα
675 1352 738 1405 τὸ
775 1353 925 1425 ῥῆμα
954 1355 1130 1407 ἐκεῖνο
1176 1354 1368 1420 ἐποίει,
1402 1356 1538 1427 ὅπερ
1578 1358 1765 1427 εἴρηκε
1806 1355 2041 1424 πέμπων

462 1437 677 1499 αὐτοὺς,
713 1438 796 1489 ὅτι
838 1436 984 1504 Ἐγὼ
1007 1441 1139 1505 μεθ’
1180 1438 1347 1507 ὑμῶν
1370 1442 1506 1507 είμι.
1543 1440 1710 1503 Αὐτὸς
1751 1438 1818 1492 τά
1867 1437 2040 1492 κωλύ-

465 1538 609 1590 ματα
634 1520 862 1592 καθῄρει
894 1520 1201 1592 ἔμπροσθεν
1230 1522 1409 1576 αὐτῶν
1437 1524 1801 1595 πορευόμενος
1821 1540 1835 1555 ο
1877 1521 2037 1585 αὐτὸς

461 1603 676 1656 ἅπαντα
721 1603 1069 1676 ἐξευμάριζε,
1121 1605 1215 1658 καὶ
1266 1606 1333 1658 τά
1377 1605 1610 1660 δύσκολα
1652 1606 1828 1658 ἐποίει
1860 1604 2041 1676 ῥᾴδια.⁴

459 1687 653 1740 Καίτοι
684 1687 861 1740 πάντα
906 1688 1155 1758 πολέμων
1194 1688 1380 1757 ἔγεμε,
1428 1691 1601 1742 πάντα
1640 1687 1901 1760 κρημνῶν
1945 1688 2040 1741 καὶ

461 1769 761 1831 σκοπέλων,
792 1771 886 1822 καὶ
913 1771 1031 1823 οὐδὲ
1054 1772 1187 1823 ὅπου
1213 1772 1417 1841 ἐρεῖσαι
1445 1772 1578 1824 πόδα
1598 1772 1746 1841 ἐνῆν,
1772 1770 1893 1824 οὐδὲ
1917 1770 2040 1839 στῆ·

460 1870 580 1905 ναι·
628 1856 829 1916 πάντες
855 1857 903 1906 οἰ
941 1851 1161 1925 λιμένες
1189 1858 1673 1927 προσκεχωσμένοι
1701 1852 1861 1927 ἦσαν,
1887 1857 2037 1908 πᾶσα

458 1940 607 1994 οἰκία
654 1940 1149 2011 ἀποκεκλεισμένη,
1192 1942 1411 1995 πάντων
1448 1942 1518 1995 τὰ
1561 1936 1674 1996 ὦτα
1711 1944 2036 2013 ’ἐμπέφρα-

458 2023 654 2093 γμέναο
691 2023 806 2076 ἀλλ’
832 2024 980 2094 ὅμως
1009 2024 1144 2094 ὁμοῦ
1166 2041 1226 2077 τε
1252 2026 1525 2096 εἰσῄεσαν,
1558 2027 1653 2079 καὶ
1682 2026 2035 2095 ἐφθέγγοντο,

458 2110 555 2161 καὶ
585 2109 762 2161 πάντα
816 2108 1077 2161 κατέλυον
1113 2108 1222 2162 τῶν
1256 2110 1531 2180 πολεμίων
1570 2110 1639 2164 τὰ
1683 2108 2033 2181 ὀχυρώματα,

458 2191 534 2255 ὡς
584 2192 679 2245 καὶ
729 2191 899 2254 αὑτάς
947 2194 1046 2256 τὰς
1091 2192 1269 2263 ψυχὰς
1312 2194 1615 2263 προΐεσθαι,
1656 2196 1750 2249 καὶ
1808 2195 2034 2264 μυρίους

458 2274 643 2329 λοιπὸν
686 2275 972 2345 ἀνέχεσθαι
1021 2276 1300 2339 κινδύνους
1347 2277 1487 2346 ὑπὲρ
1540 2277 1649 2331 τῶν
1705 2278 2031 2348 εἰρημένων.

472 2359 820 2425 Ἐξελέξατο
854 2359 999 2429 ἡμῖν
1027 2360 1144 2426 τὴν
1186 2362 1594 2429 κληρονομίαν
1623 2362 1861 2424 ἑαυτοῦ,
1917 2360 2035 2429 τὴν

459 2441 778 2509 καλλονὴν
814 2442 1040 2505 Ἰακὼϐ,
1072 2442 1151 2511 ἢν
1173 2442 1513 2513 ἠγάπησεν.
1537 2444 1746 2508 Ἄλλος,
1787 2446 1897 2498 Τὸν
1939 2445 2032 2498 ἐνο

456 2526 769 2596 δοξασμὸν
796 2526 1161 2600 ’1ακώϐ.Ὄρα
1184 2529 1518 2599 προφητείας
1538 2528 1839 2599 ἀκρίϐειαν.
1867 2526 2034 2581 ’Λνωο

453 2609 600 2679 τέρω
647 2610 746 2679 μὲν
790 2605 883 2663 οὖν
926 2611 1137 2679 ἔλεγεν·
1179 2611 1454 2675 ’Υπέταξε
1507 2612 1695 2677 λαοὺς
1746 2612 1891 2681 ημῖν
1933 2613 2031 2665 καὶ

453 2692 618 2760 ἔθνη.
657 2693 766 2745 Καὶ
802 2693 909 2764 γὰρ
933 2693 1172 2747 Ἰουδαῖοι
1208 2694 1422 2765 πρῶτον
1460 2694 1781 2766 προσῆλθον,
1818 2696 2030 2765 πρῶτον

453 2775 760 2846 τρισχίλιοι,
810 2773 927 2829 εἶτα
977 2777 1421 2846 πεντακισχίλιοι,
1459 2777 1552 2830 καὶ
1590 2777 1726 2848 μετά
1755 2778 1925 2832 ταῦτα
1960 2780 2029 2833 τά

452 2857 602 2929 ἔθνη.
642 2860 751 2913 Καὶ
783 2862 893 2928 γὰρ
939 2860 1102 2919 αὐτὸς
1143 2861 1305 2915 πάλιν
1331 2861 1512 2928 ἔλεγε·
1551 2861 1659 2915 Καὶ
1705 2861 1867 2915 ἄλλα
1911 2864 2030 2931 ἔχω

453 2942 737 3007 πρόϐατα,
778 2941 1025 2997 κάκεῖνά
1050 2960 1127 3012 με
1154 2942 1249 2997 δεῖ
1278 2944 1542 3012 ἀγαγεῖν,
1577 2944 1677 2998 καί
1711 2944 2028 3013 γενήσεται

445 3024 556 3090 μία
583 3025 827 3093 ποίμνη,
865 3021 955 3091 εἷς
999 3027 1240 3096 ποιμήν.
1292 3025 1421 3079 Εἶτα
1453 3029 1537 3081 ἵνα
1568 3028 1640 3097 μὴ
1670 3027 1910 3091 ἀκούσας
1945 3030 2025 3092 τὸ,

445 3104 801 3171 Ἔξελέξατο
824 3108 971 3177 ἡμῖν
1000 3109 1114 3177 τὴν
1138 3108 1550 3175 κληρονομίαν
1575 3106 1773 3177 ἐαυτῷ,
1801 3109 2038 3182 διαπορῇ

445 3206 553 3254 τις,
582 3191 677 3244 καὶ
706 3190 1146 3264 ταλαιπωρῆται,
1178 3194 1276 3265 καὶ
1318 3192 1476 3265 λέγῃ·
1513 3193 1639 3257 Πῶς
1666 3188 1762 3247 οὖν
1790 3192 2041 3248 Ἰουδαῖοι

449 3271 544 3324 νῦν
570 3273 889 3341 ἀπιστοῦσι;
935 3280 1000 3346 τῇ
1036 3264 1551 3350 ὲπιδιόρθώσειίτὴν
1577 3278 1810 3351 ἀπορίαν
1847 3279 2022 3334 ἔλυσε.

450 3355 702 3412 Μάλιστα
736 3360 833 3428 μὲν
857 3358 984 3431 γὰρ,
1022 3360 1083 3413 τὸ
1115 3360 1278 3413 αὐτοῦ
1317 3362 1503 3433 μέρος,
1536 3364 1823 3425 κάκείνους
1844 3363 2024 3430 ἐξελέ-

453 3437 601 3502 ξατο,
637 3440 731 3494 καὶ
757 3442 818 3495 τὸ
866 3444 946 3506 εἰς
996 3444 1158 3497 αὑτὸν
1186 3440 1341 3515 ἧκον,
1372 3437 1564 3500 οὐδένα
1603 3446 1836 3515 ἀφῆκεν.
1878 3448 1939 3499 Εἰ
1968 3446 2024 3499 δὲ

449 3523 542 3575 καὶ
576 3523 635 3576 τὸ
673 3523 823 3588 τέλος
865 3527 1200 3597 ἐπιζητοίης,
1248 3527 1410 3581 ἄκουε
1458 3528 1567 3582 τῶν
1617 3529 1773 3597 ἑξῆς·
1829 3531 2023 3599 ἐπάγει

446 3607 585 3680 γάρ·
632 3606 750 3676 Τὴν
787 3609 1102 3677 καλλονὴν
1133 3612 1356 3673 Ἰακὼϐ,
1403 3611 1486 3679 ἢν
1529 3613 1865 3682 ἠγάπησεν.
1906 3615 2023 3667 Ἐν-

445 3689 618 3743 ταῦθα
652 3692 760 3762 γάρ
809 3709 897 3761 μοι
937 3696 1063 3757 τοὺς
1105 3697 1329 3759 πιστοὺς
1374 3696 1524 3749 δοκεῖ
1576 3697 1776 3765 λέγειν,
1819 3699 1955 3769 ὅπερ
1995 3700 2023 3752 6

446 3773 657 3840 Παῦλος
688 3775 863 3845 δηλῶν
898 3776 1083 3845 ἔλεγεν
1105 3795 1119 3808 ·
1159 3782 1281 3848 Οὐχ
1316 3774 1448 3833 οἷον
1479 3780 1548 3833 δὲ
1591 3781 1681 3834 ὅτι
1723 3781 2023 3835 ἐκπέπτω-

444 3873 556 3909 κεν
600 3861 634 3912 ό
681 3862 865 3929 λόγος
907 3861 1014 3914 τοῦ
1069 3861 1247 3915 Θεοῦ·
1293 3865 1364 3917 οὐ
1404 3864 1513 3932 γὰρ
1567 3865 1789 3931 πάντες
1842 3868 1897 3920 οί
1952 3866 2022 3930 ἐξ

458 3942 728 4011 Ἰσραὴλ,
768 3943 933 3999 οὗτοι
978 3944 1237 4014 Ἰσραὴλ,
1268 3948 1405 4001 ἀλλ’
1434 3948 1504 4003 ἐν
1545 3949 1751 4004 Ἰσαὰκ
1798 3952 2022 4019 κληθή-

443 4028 617 4079 σεταί
650 4043 749 4081 σοι
798 4029 1069 4097 σπέρμα·
1119 4033 1453 4097 τουτέστιν,
1488 4033 1577 4085 ὅτι
1618 4035 1690 4087 οὐ
1729 4032 1804 4087 τὰ
1840 4034 2023 4090 τέκνα

439 4106 552 4175 τῆς
580 4111 825 4177 σαρκὸς,
849 4112 1031 4166 ταῦτα
1050 4113 1231 4167 τέκνα
1250 4116 1356 4170 τοῦ
1379 4117 1546 4183 Θεοῦ,
1571 4116 1732 4174 ἀλλὰ
1751 4118 1823 4173 τὰ
1842 4119 2022 4174 τέκνα

442 4190 554 4258 τῆς
583 4193 942 4264 ἐπαγγελίας·
969 4196 1257 4260 λογίζεται
1284 4202 1373 4265 είς
1398 4200 1656 4271 σπέρμα.
1688 4201 1933 4274 Καλλονὴ
1965 4204 2021 4256 δὲ

440 4277 535 4328 τοῦ
554 4277 682 4330 λαοῦ
713 4279 937 4342 εἰκότως
957 4279 1022 4333 ἂν
1037 4285 1085 4333 οἱ
1111 4283 1293 4335 πιστοὶ
1320 4282 1580 4352 λέγοιντο.
1605 4285 1670 4339 Τί
1702 4287 1811 4359 γὰρ
1831 4286 2021 4359 ὡραιό-

438 4376 596 4429 τερον
628 4362 848 4415 ἐκείνων
878 4362 986 4416 τῶν
1017 4367 1455 4435 πιστευσάντων;

513 4452 890 4524 Κληρονομίαν
918 4455 973 4509 δὲ
1005 4457 1172 4511 αὐτοῦ
1202 4459 1354 4513 καλεῖ
1391 4460 1453 4512 τὸ
1481 4460 1651 4525 ἔθνος,
1688 4462 1785 4534 οὐχ
1814 4460 1889 4526 ὡς
1910 4463 2019 4517 τῶν

439 4544 615 4598 ἄλλων
648 4547 929 4619 ἀμελήσας
972 4551 1125 4616 ποτὲ,
1157 4552 1292 4606 ἀλλὰ
1343 4554 1442 4624 τὴν
1482 4555 1734 4609 ἐπίτασιν
1758 4554 1859 4626 τῆς
1891 4557 2018 4628 περὶ

439 4628 636 4691 αὐτοὺς
670 4630 892 4702 ἀγάπης
921 4633 1011 4685 καὶ
1040 4634 1138 4704 τὴν
1162 4635 1452 4701 οἰκείωσιν,
1495 4639 1587 4691 καὶ
1618 4638 1717 4708 τῆς
1762 4640 2018 4710 προνοίας

436 4713 536 4783 τὴν
571 4712 889 4786 προσθήκην
928 4717 1387 4790 ἐπιδεικνύμενος.
1427 4722 1536 4774 Καὶ
1577 4722 1661 4774 ἵνα
1703 4722 1878 4794 μάθῃς
1918 4723 2017 4795 τὴν

438 4794 723 4865 ἀκρίϐειαν
751 4796 849 4867 τὴν
881 4802 1245 4873 προφητικὴν,
1286 4802 1387 4873 δρα
1417 4802 1535 4866 πῶς
1567 4806 1632 4875 τῇ
1668 4805 1775 4858 τῶν
1805 4794 2015 4858 πολλῶν

436 4879 702 4949 κέχρηται
741 4879 905 4947 λέξει,
998 4885 1218 4937 ἐπὶτῶν
1257 4884 1433 4939 ὠνίων
1458 4887 1507 4938 οί
1538 4887 1722 4940 πολλοί
1755 4890 2010 4959 χρῶνται.

436 4961 630 5015 Πολλοὶ
663 4962 773 5035 γὰρ
805 4965 1063 5031 πολλάκις
1093 4967 1392 5038 ὼνούμενοί
1420 4987 1494 5034 τι,
1529 4970 1794 5043 καλλονὴν
1830 4975 2013 5027 ἐκεῖνα

432 5043 747 5114 λέγουσιτά
794 5048 901 5102 τῶν
940 5050 1116 5104 ἄλλων
1167 5052 1524 5124 ὑπερέχοντα.
1565 5057 1788 5120 Δεικνὺς
1832 5057 2013 5113 τοίνυν

433 5130 515 5186 ὅτι
559 5132 620 5185 οὐ
676 5133 879 5197 πάντες
926 5134 1281 5206 σωθήσονται,
1333 5139 1487 5209 φησὶ,
1527 5138 1649 5207 Τὴν
1697 5144 2013 5211 καλλονὴν

445 5215 674 5273 Ἰακώϐ.
702 5216 885 5270 Ταῦτα
909 5219 1002 5272 καὶ
1030 5222 1087 5273 ὲν
1115 5223 1226 5285 τοῖς
1245 5217 1592 5290 Εὐαγγελίοις
1612 5225 1887 5280 δείκνυται
1922 5229 2011 5284 διὰ

435 5300 643 5380 μυρίων
690 5302 1034 5373 παραϐολῶν.
1070 5303 1274 5371 Ἀνέϐη
1309 5310 1341 5359 ό
1383 5307 1528 5371 Θεὸς
1562 5308 1632 5361 ἐν
1659 5309 2008 5380 ἀλαλαγμῷ.

431 5383 546 5466 Θῦκ
568 5379 740 5448 εἶπεν,
774 5386 1128 5457 ἀνεϐιϐάσθη,
1157 5388 1292 5451 ἀλλ’,
1325 5388 1519 5458 Ἀνέϐη
1537 5408 1549 5423 ο
1573 5392 1785 5457 δεικνὺς
1812 5379 2008 5466 ὄτιίοὺχ

431 5465 619 5538 ἐτέρου
650 5467 791 5532 τινὸς
813 5469 1280 5540 χειραγωγοῦντος
1306 5472 1496 5543 ἀνέϐη,
1534 5474 1652 5528 ἀλλ’
1690 5477 1852 5540 αὐτὸς
1881 5465 2010 5531 ταύιὲ

493 5687 520 5716 ⁸
540 5688 638 5760 {mi
665 5690 819 5760 πάντα
839 5708 901 5738 τα
917 5693 1035 5743 ὦτα.
1066 5693 1217 5743 Paulo
1241 5702 1343 5757 pos!
1375 5694 1548 5746 Morel.
1582 5697 1885 5760 κατελύοντο,
1922 5702 2005 5751 alii

433 5751 681 5811 κατέλυον,
704 5752 901 5802 melius.

1149 314 1205 371 S.
1247 313 1525 371 JOANMS
1561 316 2049 376 CHHYSOSTOMI
2088 317 2407 376 ARCHIEP.
2448 319 2992 380 (:ONSTANTINOP.

3626 328 3732 385 ειι

2159 453 2258 506 την
2287 435 2488 490 ὁδεύων
2518 437 2617 509 τὴν
2649 437 2787 491 ὁδόν.
2825 440 2885 491 '0
2915 439 3013 506 μὲν
3042 439 3148 512 γὰρ
3183 440 3365 505 Ἠλίας
3389 440 3509 497 οὐδὲ
3535 443 3733 498 τοσαύ-

2155 533 2267 587 την.
2301 518 2470 572 ἐλθὼν
2508 520 2640 590 ὅσην
2669 523 2698 574 6
2726 522 2979 593 Χριστὸς,
3021 524 3111 591 ὑφ’
3144 524 3337 595 ἐτέρας
3375 524 3540 595 ἤγετο
3574 525 3733 581 δυνά-

2159 617 2322 670 μεως.
2349 602 2424 654 Ού
2448 602 2555 674 γάρ
2574 598 2642 674 ἦν
2665 604 3011 676 ἀνθρωπίνης
3049 604 3265 675 φύσεως
3291 605 3550 660 δύνασθαι
3574 606 3732 680 ξένην

2154 683 2357 737 ὁδεύειν
2373 685 2509 739 ὁδόν.
2524 686 2581 739 '0
2600 686 2657 739 δὲ
2683 688 2990 758 Μονογενὴς
3005 689 3170 759 ἀνέϐη
3191 689 3363 760 οἰκείᾳ
3379 688 3613 760 ἐξουσίᾳ.
3631 692 3731 746 Διά

2152 766 2215 838 δὴ
2250 767 2409 821 τοῦτο
2433 769 2528 823 καὶ
2569 770 2599 820 6
2631 770 2844 835 Λουκᾶς
2872 770 3020 844 [19η
3033 771 3204 837 οὕτως
3231 772 3410 841 ἐλεγε’
3435 773 3547 828 Kal
3569 770 3732 842 ἦσαν

2151 849 2519 918 ἀτενίζοντες
2545 854 2949 921 πορευομένου
2977 854 3165 908 αὑτοῦ
3186 857 3280 920 «εἰς
3309 854 3416 909 τὸν
3446 858 3724 924 οὐρανόν.

2151 934 2266 986 Οὐκ
2313 930 2483 1001 εἶπεν,
2518 935 3034 1007 ἀναλαμϐανομένου
3076 938 3263 1002 αὐτοῦ,
3295 937 3415 992 οὐδὲ
3459 937 3724 1007 βασταζοά

2153 1017 2347 1086 μένουο
2387 1019 2581 1090 πορεία
2625 1018 2734 1091 γὰρ
2781 1018 2946 1072 αὑτοῦ
2992 1020 3098 1074 ἰδία
3127 1020 3189 1075 τὸ
3235 1022 3517 1090 γινόμενον
3545 1018 3633 1092 ἦν.
3661 1023 3725 1076 Εἰ

2148 1098 2205 1153 δὲ
2234 1101 2342 1172 πρὸ
2372 1101 2467 1155 τοῦ
2504 1102 2736 1173 σταυροῦ
2772 1103 2866 1156 ἐπὶ
2896 1103 3005 1157 τῶν
3037 1105 3244 1159 ὑδάτων
3265 1106 3510 1175 ἐφέρετο,
3545 1104 3724 1177 παθη-

2146 1183 2239 1235 τὸν
2275 1184 2355 1238 ἔτι
2388 1186 2482 1238 καὶ
2520 1184 2658 1258 βαρὺ
2687 1189 3067 1258 περικείμενος
3095 1188 3277 1258 σῶμα,
3306 1189 3359 1242 τί
3386 1188 3720 1260 θαυμαστὸν,

2148 1269 2197 1320 εἰ
2235 1268 2329 1321 καὶ
2379 1268 2519 1339 μετὰ
2563 1270 2624 1322 τὸ
2670 1269 2945 1342 ἄφθαρτον
3000 1272 3131 1323 αὐτὸ
3192 1271 3395 1335 λαϐεῖν,
3445 1273 3537 1326 τὸν
3582 1273 3721 1344 ἀέρα

2146 1349 2369 1419 ἐτεμνε;
2404 1351 2513 1404 Ποῦ
2541 1351 2597 1404 δὲ
2631 1354 2734 1405 Ἐν
2777 1353 3135 1422 ἀλαλαγμῷς
3174 1355 3269 1419 Τίς
3313 1353 3595 1424 ἠλάλαξεν,
3628 1355 3720 1408 ὅτε

2147 1436 2341 1507 ἀνέϐη;
2375 1437 2565 1490 Καίτοι
2587 1441 2710 1509 σιγῇ
2736 1438 2893 1491 τοῦτο
2917 1438 3150 1506 ἐγένετο,
3175 1438 3269 1493 καὶ
3299 1438 3488 1492 ἕνδεκα
3517 1440 3718 1511 παρόν-

2145 1534 2252 1570 των
2301 1518 2558 1588 μαθητῶν
2602 1520 2961 1593 μόνον.⁹ορᾷς
3009 1522 3091 1574 ὅτι
3141 1521 3239 1591 οὺχ
3283 1520 3466 1584 ἀπλῶς
3501 1521 3580 1575 δεῖ
3618 1522 3718 1586 τάς

2145 1598 2320 1665 λέξεις
2357 1601 2739 1672 ἐκλαμϐάνειν,
2789 1602 2907 1657 ἀλλ’
2952 1604 3152 1657 εἰδέναι
3204 1604 3264 1657 τὸ
3304 1603 3365 1668 ἐξ
3403 1604 3581 1657 αὐτῶν
3616 1620 3715 1673 σηο

2148 1685 2471 1755 μαινόμενον
2491 1703 2505 1750 ;
2527 1687 2703 1759 Ὅπερ
2726 1687 2834 1757 γὰρ
2857 1690 2914 1742 ἐν
2940 1687 3208 1758 προοιμίῳ
3230 1686 3323 1740 τοῦ
3353 1686 3568 1758 ψαλμοῦ
3595 1685 3715 1740 m-

2144 1782 2258 1835 γον,
2295 1768 2376 1821 ὃτι
2402 1768 2586 1840 ἕτερόν
2617 1786 2668 1823 τι
2709 1772 2738 1823 6
2767 1769 3078 1840 ἀλαλαγμὸς
3119 1769 3287 1839 δηλοῖ,
3318 1770 3419 1841 τὴν
3439 1770 3615 1841 νίκην,
3651 1770 3717 1823 τὸ

2143 1852 2429 1922 τρόπαιονσ
2461 1852 2490 1905 ὃ
2535 1854 2715 1906 τοίνυν
2754 1852 2987 1908 ἐνταῦθά
3013 1870 3198 1925 φησιν,
3228 1854 3330 1907 Ἔν
3367 1851 3712 1923 ἀλαλαγμῷ,

2142 1932 2299 1987 τοῦτό
2328 1936 2494 1998 ἐστιν,
2529 1936 2611 1988 ὅτι
2645 1937 2702 1989 ἐν
2732 1937 2857 2010 νίκῃ
2885 1936 3074 2006 ἀνέϐη,
3111 1936 3528 2008 περιγενόμενος
3550 1935 3714 1990 θανάο

2142 2035 2253 2079 του,
2285 2019 2629 2091 καταῤῥίψας
2661 2020 2690 2059 1³
2712 2019 2809 2090 τὴν
2829 2020 3125 2092 ἁμαρτίαν,
3163 2020 3290 2083 τοὺς
3316 2019 3572 2091 δαίμονας
3588 2036 3714 2092 τρο-

2142 2104 2486 2172 πωσάμενος,
2513 2103 2614 2174 τὴν
2640 2103 2849 2175 πλάνην
2877 2103 3143 2167 ἐκϐαλὼν,
3183 2103 3361 2158 πάντα
3396 2102 3714 2174 μεταϐαλὼν

2142 2189 2277 2258 πρὸς
2301 2188 2363 2241 τὸ
2393 2187 2620 2258 βέλτιον,
2644 2187 2779 2260 πρὸς
2814 2189 2915 2261 τὴν
2942 2189 3175 2261 ἀρχαίαν
3219 2189 3470 2261 πατρίδα,
3514 2188 3713 2260 μᾶλλον

2138 2272 2195 2326 δέ
2230 2272 2364 2343 πρὸς
2409 2273 2587 2343 πολλῷ
2636 2271 2898 2341 βελτίονα,
2952 2273 3051 2345 τὴν
3090 2274 3252 2344 φύσιν
3276 2272 3564 2343 ἀναγαγὼν
3612 2273 3711 2343 τὴν

2138 2355 2432 2425 ἡμετέραν.
2464 2356 2650 2420 Οὐδεὶς
2684 2357 2792 2429 γάρ
2833 2356 2982 2427 αὐτῷ
3011 2356 3437 2428 παραγενομένῳ
3457 2355 3708 2426 ἀντέστη,

2137 2441 2234 2509 οὐχ
2263 2440 2536 2510 ἁμαρτίας
2572 2442 2846 2511 τυραννὶς,
2873 2441 2933 2494 οὐ
2964 2440 3194 2494 θανάτου
3225 2440 3472 2512 δύναμις,
3492 2441 3551 2494 οὐ
3579 2457 3710 2494 κατ-

2138 2523 2276 2593 άρας
2321 2525 2489 2593 ἰσχὺς,
2520 2525 2580 2577 οὑ
2619 2525 2842 2595 φθορᾶς.
2868 2524 2929 2577 οὐ
2951 2523 3148 2586 κακίας
3181 2523 3446 2587 ἐπίτασις,
3465 2524 3565 2577 οὐκ
3584 2523 3712 2578 ἀλλο

2135 2606 2243 2658 τῶν
2275 2607 2530 2660 τοιούτων
2553 2608 2705 2660 οὐδέν
2724 2627 2739 2640 ο
2779 2606 2916 2662 ἀλλά
2964 2608 3138 2659 πάντα
3169 2606 3338 2660 ταῦτα
3367 2607 3554 2677 ὥσπερ
3575 2607 3710 2678 ἀρά-

2136 2706 2267 2759 χνην
2297 2688 2607 2761 διαρρἧας,
2637 2692 2731 2744 καὶ
2753 2690 3021 2761 δαιμόνων
3044 2690 3325 2759 φάλαγγας
3350 2690 3443 2743 καὶ
3464 2689 3708 2744 διαϐόλου

2135 2771 2324 2842 νεῦρα,
2354 2774 2446 2825 καὶ
2474 2773 2691 2827 ἅπαντα
2721 2772 2893 2827 ταῦτα
2916 2772 3191 2837 διαλύσας,
3222 2772 3420 2843 ἀνῆλθε
3438 2772 3709 2844 κατορθώ-

2136 2871 2233 2919 σας
2264 2857 2368 2910 ἀπε
2376 2875 2407 2929 ρ
2435 2858 2704 2913 ἐϐούλετο.

2205 2947 2263 2994 ε’.
2288 2943 2379 2995 Διὸ
2397 2944 2490 2996 καὶ
2509 2945 2538 2996 6
2554 2942 2764 3007 Παῦλος
2793 2944 2956 2998 αὑτοῦ
2979 2944 3039 2998 τὸ
3058 2945 3313 3015 τρόπαιον
3330 2942 3703 3015 διηγούμενος,

2133 3021 2347 3093 ἔλεγεν·
2382 3025 2890 3096 Ἇπεκδυσάμενος
2933 3027 3040 3093 τὰς
3059 3028 3251 3096 ἀρχὰς
3290 3028 3388 3081 καὶ
3418 3028 3526 3094 τὰς
3542 3027 3708 3092 ἐξου-

2131 3110 2291 3174 σίας,
2343 3109 2756 3180 ἐδειγμάτισεν
2803 3112 2875 3166 ἐν
2933 3114 3254 3181 παρρησίᾳ,
3308 3114 3706 3181 θριαμϐεύσας

2131 3192 2352 3258 αὐτοὺς
2386 3192 2456 3245 ἐν
2499 3193 2678 3259 αὐτῷ.
2714 3194 2825 3247 Καὶ
2878 3194 3071 3248 πάλιν·
3104 3195 3457 3264 Ἐξαλείψας
3484 3194 3549 3248 τὸ
3577 3196 3704 3249 καθ’

2131 3271 2302 3342 ἡμῶν
2348 3277 2742 3346 χειρόηοαφον
2781 3278 2851 3331 ἐν
2894 3278 3018 3344 τοῖς
3062 3277 3377 3348 δόγμασιν,
3412 3278 3443 3332 6
3478 3273 3557 3349 ἦν
3593 3280 3706 3332 ὐπ-

2129 3358 2408 3411 εναντίον
2430 3359 2594 3428 ἡμῖν,
2611 3360 2707 3413 καὶ
2724 3362 2870 3414 αὐτὸ
2887 3357 3031 3431 ἦρεν
3054 3361 3124 3414 ἐκ
3153 3362 3258 3415 τοῦ
3282 3361 3498 3430 μέσου,
3516 3376 3707 3430 προσ-

2128 3440 2375 3506 ηλώσας
2405 3441 2554 3495 αὐτὸ
2601 3442 2681 3509 τῷ
2723 3444 2983 3513 σταυρῷ.
3011 3446 3227 3514 Κύριος
3258 3446 3328 3499 ἐν
3357 3442 3529 3514 φωνῇ
3556 3443 3706 3499 σάλ-

2130 3538 2359 3592 πιγγος.
2383 3526 2550 3580 Πάλιν
2575 3527 2637 3579 τὸ
2663 3528 2794 3580 αὐτὸ
2831 3527 3001 3597 δηλοῖ,
3028 3529 3308 3581 τουτέστιν
3332 3529 3389 3582 ἐν
3418 3528 3542 3600 νίκῃ
3566 3527 3704 3598 λαμ-

2129 3607 2264 3677 πρᾷ.
2294 3607 2559 3663 Ἐνταῦθα
2604 3609 2661 3662 δὲ
2714 3610 2901 3683 ἔτερόν
2926 3629 2979 3664 τι
3022 3610 3258 3682 νοητέον,
3299 3613 3358 3664 τὸ
3386 3613 3700 3684 περιφανὲς,

2128 3689 2191 3742 τὸ
2225 3690 2414 3760 σαφὲς,
2447 3692 2508 3745 τὸ
2544 3692 2848 3761 διωλύγιον.
2880 3696 3070 3748 Καίτοι
3103 3712 3168 3765 γε
3194 3696 3316 3749 τότε
3340 3696 3512 3759 οὐδεὶς
3538 3695 3701 3764 ἔγνω,

2127 3771 2318 3827 τούτου
2347 3776 2662 3847 γενομένου,
2687 3777 2802 3832 ἀλλ’
2823 3777 2995 3841 οὕτως
3018 3778 3231 3846 ἐγένετο
3253 3778 3442 3846 σαφὲς,
3466 3778 3542 3842 ὡς
3574 3780 3702 3834 σάλ-

2129 3872 2326 3925 πιγγος
2364 3859 2621 3930 ἠχούσης,
2656 3860 2855 3931 μᾶλλον
2877 3860 2932 3913 δὲ
2964 3863 3056 3913 καὶ
3085 3860 3264 3932 πολλῷ
3293 3861 3471 3916 πλέον.
3499 3862 3703 3915 Ἐκεῖνο

2127 3940 2237 4012 γὰρ
2268 3942 2328 3995 τὸ
2365 3943 2540 4016 λάθρᾳ
2564 3947 2853 4015 γενόμενον
2896 3945 3014 3998 τότε
3046 3946 3219 4009 οὐδεὶς
3256 3945 3441 4015 σχεδὸν
3473 3946 3582 3998 τῶν
3620 3949 3700 3999 οἰ-

2129 4024 2367 4078 κούντων
2411 4028 2510 4097 τὴν
2559 4029 2883 4101 οἰκουμένην
2933 4030 3219 4099 ἠγνόησεν,
3256 4029 3369 4083 ἀλλ’
3408 4028 3580 4093 οὕτως
3612 4031 3703 4083 αὐ-

2126 4108 2189 4160 τὸ
2224 4107 2521 4180 ἐξεκάλυψε
2559 4112 2667 4165 τῶν
2704 4113 3102 4184 πραγμάτωνή
3140 4112 3328 4182 φύσις,
3361 4112 3437 4175 ὡς
3470 4112 3700 4182 σάλπιγ-

2126 4206 2221 4258 γος
2253 4192 2511 4264 ἡκούσης,
2562 4195 2762 4265 μᾶλλον
2802 4196 2859 4250 δὲ
2900 4197 2996 4250 καὶ
3044 4195 3223 4267 πολλῷ
3255 4195 3433 4249 πλέον.
3476 4196 3552 4247 Οὐ
3590 4196 3700 4265 γὰρ

2125 4273 2190 4346 δὴ
2224 4275 2366 4329 οὕτω
2397 4277 2630 4347 σάλπιγξ
2673 4279 2882 4350 ὴχοῦσα
2916 4280 3158 4343 ἅπαντας
3211 4279 3276 4333 ἂν
3314 4278 3569 4332 ἐκάλεσεν
3608 4280 3701 4332 ἐπὶ

2125 4357 2224 4429 τὴν
2252 4358 2381 4413 θέαν
2405 4361 2642 4433 ἐκείνην,
2685 4363 2761 4427 ὡς
2795 4364 2932 4434 μετὰ
2956 4363 3127 4418 ταῦτα
3154 4364 3188 4434 ἠ
3220 4363 3328 4416 τῶν
3360 4363 3699 4434 πραγμάτων

2126 4441 2279 4512 φωνὴ
2318 4444 2416 4514 τὴν
2460 4445 2724 4499 ἀνάϐασιν
2761 4444 2950 4512 ἔδειξε,
3003 4445 3229 4517 βροντῆς
3281 4446 3499 4516 ἀπάσης
3551 4447 3700 4516 ἰσχυ-

2129 4523 2348 4596 ρότερον
2411 4527 2710 4598 κατάδηλον
2765 4541 2787 4568 ο
2834 4531 2894 4583 τὸ
2936 4532 3170 4600 πρᾶγμα
3211 4530 3506 4598 ποιήσασα.
3561 4527 3697 4581 οὐδὲ

2124 4607 2233 4677 γὰρ
2262 4607 2328 4662 ἂν
2359 4609 2555 4681 βροντὴ
2583 4610 2725 4666 οὕτω
2751 4611 2850 4684 τὴν
2888 4614 3212 4683 οἰκουμένην
3241 4612 3520 4674 ἐκάλεσεν,
3548 4610 3625 4673 ὡς
3661 4613 3696 4682 ἠ

2121 4692 2231 4746 τῶν
2252 4695 2593 4763 πραγμάτων
2617 4695 2875 4761 ἐπίδειξις
2898 4696 3024 4760 τούς
3048 4713 3109 4749 τε
3138 4696 3298 4759 ὂντας
3320 4696 3463 4759 τότε,
3489 4693 3615 4760 τούς
3635 4711 3697 4748 τε

2126 4776 2264 4846 μετά
2285 4777 2457 4830 ταῦτα
2480 4779 2789 4848 ἐσομένους.
2832 4780 2898 4833 Ἥ
2930 4781 3028 4851 μὲν
3077 4780 3187 4851 γὰρ
3223 4778 3419 4851 βροντὴ
3446 4782 3558 4845 τοῖς
3591 4796 3694 4833 πα·

2125 4859 2310 4933 ροῦσίν
2343 4862 2459 4914 ἐστι
2487 4862 2805 4933 κατάδηλοςθ
2844 4864 2981 4936 αὕτη
3003 4865 3060 4919 δὲ
3094 4867 3295 4928 πάσαις
3327 4867 3542 4932 γενεαῖς
3570 4864 3696 4918 σάλ-

2121 4959 2318 5012 πιγγος
2358 4943 2760 5017 λαμπρότερον,
2806 4948 2901 4999 καὶ¹
2941 4946 3170 5019 βροντῆς
3208 4947 3536 5019 σαφέστερον
3573 4948 3695 5000 ἐπι-

2118 5026 2391 5080 δείκνυται
2428 5026 2489 5079 τὸ
2516 5029 2897 5099 γεγενημένον.

2191 5111 2304 5163 Οὐκ
2333 5110 2399 5163 ἂν
2426 5109 2482 5162 δέ
2508 5128 2591 5173 τις
2622 5112 2853 5182 ἁμάρτοι
2880 5111 3182 5181 σάλπιγγας
3211 5112 3279 5167 τά
3308 5113 3550 5185 στόματα
3583 5111 3692 5167 τῶν

2118 5193 2430 5247 ἀποστόλων
2452 5193 2642 5257 εἰπὼν,
2669 5195 2789 5264 οὐχ).
2815 5194 3185 5266 χαλκηλάτους
3207 5195 3528 5264 σάλπιγγας,
3555 5195 3693 5249 ἀλλά

2116 5276 2342 5347 χρυσίου
2377 5277 2733 5349 τιμιωτέρας,
2762 5279 2857 5330 καὶ
2889 5276 3052 5331 λίθων
3086 5278 3561 5351 πολυτελεστέρας.
3590 5280 3694 5333 Διά

2116 5361 2167 5411 τί
2207 5355 2300 5413 οὖν
2333 5361 2432 5413 οὑκ
2480 5355 2620 5424 εἷπε,
2660 5360 2982 5430 σάλπιγγος,
3008 5360 3146 5428 ἀλλ’,
3201 5364 3303 5415 Ἔν
3338 5361 3510 5432 φωνῇ
3538 5363 3693 5417 σάλ-

2176 5513 2206 5553 b
2231 5516 2339 5583 D1719
2365 5530 2480 5583 ωδε).
2504 5524 2561 5583 e_t_
2582 5517 2734 5583 εμνίι.
2768 5519 2849 5583 καί
2871 5518 3012 5583 κάτω,
3038 5518 3188 5583 ῥίψας.
3214 5516 3339 5568 Infra
3365 5517 3537 5567 Morel.
3570 5516 3692 5580 ἄτα-

2113 5578 2336 5641 γώνηθίὶί
2359 5587 2411 5627 el
2436 5580 2584 5641 Savi).
2608 5579 2872 5641 ἀναγαγών.
2896 5578 3091 5629 malitis.

2177 5642 2199 5702 ἐ
2226 5638 2377 5687 Savil.
2406 5646 2459 5689 et
2477 5639 2565 5690 alii
2591 5642 2640 5689 in
2677 5638 2816 5689 léxiu
2841 5642 3030 5699 ἀπάσης
3070 5642 3245 5702 μᾶλλον
3276 5640 3559 5698 κατάδηλον.
3584 5638 3695 5688 110-

2111 5701 2289 5819 ιὲξὲὶρι,
2313 5702 2464 5753 Savil.
2516 5703 2566 5752 in
2605 5716 2752 5765 marg.
2778 5704 2973 5766 βροντῆς
3013 5701 3201 5762 ἀπάσης
3221 5702 3522 5767 ἰσχυρότερον
3539 5702 3696 5752 κατα-

2232 5779 2272 5811 ν.

2204 5777 2272 5811 ον.
