4108 6344
394 432 494 487 Si!)

395 563 454 600 ro
479 547 542 600 ad
589 546 892 600 Corinthios
931 561 1138 615 quoque
1182 547 1418 601 scribens
1457 547 1664 600 dicebat
1713 549 1944 603 Paulus:

395 637 525 690 Ecce
557 638 688 691 enim
717 637 810 690 ltoc
847 638 1006 706 ipsum
1050 641 1317 690 secundum
1354 635 1513 689 Deum
1558 639 1759 692 tristitia
1803 640 1948 708 aﬁici,

395 737 629 794 quantum
649 729 703 781 in
728 729 861 781 vobis
879 728 1096 781 studium
1124 727 1285 793 e/fecit
1315 746 1332 784 .'
1362 730 1460 781 into
1502 729 1805 799 apologiam,
1853 732 1951 783 imo

392 820 802 890 indignationem,
831 821 930 872 imo
956 821 1198 883 timorem,
1221 819 1649 885 imodesiderium,
1682 822 1780 872 imo
1799 836 1954 873 annu-

397 911 649 975 lationem,
683 911 785 964 imo
822 911 1092 964 vindictam
1119 909 1189 980 (‘2.
1219 909 1334 963 Cor.
1362 911 1412 963 7.
1451 912 1507 963 11
1533 916 1587 978 ):
1619 927 1783 979 usque
1820 911 1953 965 adeo

394 1015 486 1055 eos
517 1001 830 1054 verebantur
857 1008 910 1052 et
947 1000 1408 1068 pertimescebant.
1458 999 1525 1052 Et
1554 999 1724 1053 Lucas
1772 1015 1954 1055 rursus

394 1092 650 1156 scribens,
696 1091 901 1144 dicebat
928 1107 941 1142 :
968 1089 1265 1143 Caeterorum
1293 1099 1455 1142 autem
1496 1105 1638 1142 nemo
1667 1089 1878 1142 audebat
1903 1106 1956 1142 se

396 1182 696 1249 coniungere
732 1181 859 1243 illis,
886 1179 972 1232 sed
997 1178 1346 1248 magni/icabat
1371 1194 1454 1231 eos
1479 1180 1690 1247 populus
1724 1179 1855 1248 (Act.
1898 1180 1949 1232 5.

399 1273 507 1342 1⁸5).
549 1272 615 1326 Et
639 1285 858 1325 rursus:
890 1270 1024 1337 Quid
1053 1269 1239 1323 vultis?
1263 1271 1314 1322 in
1341 1271 1480 1340 virga
1503 1272 1694 1324 veniam
1738 1272 1804 1324 ad
1847 1287 1949 1335 vos,

397 1380 463 1416 an
490 1363 539 1415 in
565 1363 770 1415 caritate
792 1370 840 1414 et
864 1361 1042 1430 spiritu
1071 1361 1287 1413 lenitatis
1317 1360 1366 1429 (1
1397 1360 1512 1414 Cor.
1531 1361 1583 1413 4.
1615 1360 1746 1429 21)?

467 1455 519 1507 4.
545 1453 729 1506 Vidisti
758 1452 1121 1506 auctoritatem
1147 1460 1199 1505 et
1233 1452 1582 1522 potestatem?
1611 1452 1734 1505 Ilmc
1778 1461 1952 1506 autem

398 1547 571 1600 omnia
599 1545 723 1599 fecit
747 1545 964 1598 verbum
988 1544 1115 1598 illud
1133 1543 1271 1614 quod
1299 1544 1428 1596 dixit
1453 1559 1570 1597 cum
1591 1559 1685 1597 eos
1702 1545 1952 1598 mitteret:

398 1637 507 1707 Ego
534 1636 782 1689 vobiscum
816 1650 926 1687 sum
950 1632 1122 1703 (Matt.
1163 1633 1252 1688 28.
1277 1633 1386 1703 20).
1421 1634 1538 1701 Ipse
1585 1634 1956 1702 impedimenta

398 1726 570 1779 omnia
598 1724 942 1790 removebat,
989 1732 1112 1777 ante
1161 1738 1254 1778 eos
1293 1723 1612 1777 ambulans:
1646 1725 1758 1792 ipse
1803 1725 1956 1793 plana

397 1819 572 1871 omnia
614 1814 859 1880 faciebat,
904 1829 966 1868 ac
1004 1815 1234 1868 dilﬁcilia
1282 1814 1451 1868 facilia
1497 1815 1772 1871 reddebat.
1802 1818 1955 1885 Atqui

396 1906 730 1960 erantomnia
750 1905 900 1973 plena
921 1904 1092 1969 bellis,
1112 1905 1286 1958 omnia
1310 1907 1538 1974 scopulis
1558 1917 1610 1959 et
1631 1907 1954 1976 prtccipitiis,

395 2008 450 2050 ct
465 2012 716 2066 nusquam
740 1996 927 2050 licebat
949 1996 1131 2064 pedem
1151 1995 1329 2064 ﬁgere,
1355 2012 1450 2050 nec
1465 1997 1650 2051 sistere
1671 2015 1684 2062 ;
1705 1997 1958 2055 obstructi

401 2097 553 2141 erant
580 2100 769 2140 omnes
802 2097 1020 2156 portus,
1054 2087 1226 2138 omnis
1251 2086 1439 2140 domus
1479 2087 1676 2147 clausa,
1725 2088 1956 2141 omnium

397 2193 549 2232 aures
600 2177 857 2232 obturatas
887 2195 898 2230 :
931 2187 985 2231 et
1014 2187 1187 2232 tamen
1230 2192 1350 2231 cum
1405 2179 1631 2246 primum
1659 2180 1878 2248 ingressi
1908 2189 1962 2234 et

399 2272 596 2341 loquuti
629 2270 854 2337 fuerant,
883 2270 1159 2325 diruebant
1201 2270 1378 2323 omnia
1409 2269 1635 2324 hostium
1658 2286 1958 2340 propugna-

399 2363 534 2428 cula,
564 2373 620 2415 ut
649 2371 702 2416 et
733 2363 874 2431 ipsas
904 2361 1106 2414 animas
1130 2360 1525 2430 prol’underent,
1567 2368 1619 2414 et
1662 2361 1962 2414 innumera-

398 2452 522 2506 bilia
555 2452 783 2521 pericula
815 2451 1133 2505 sustinerent
1163 2466 1258 2519 pro
1301 2450 1365 2504 iis
1395 2465 1513 2523 qua:
1544 2449 1680 2503 dicta
1731 2448 1955 2504 fuerant.

399 2544 452 2597 5.
480 2542 647 2612 Elegit
676 2542 816 2595 nobis
842 2541 1164 2595 hereditatem
1205 2557 1349 2593 suam
1369 2541 1583 2608 speciem
1607 2539 1785 2607 Iacob,
1813 2557 1963 2607 quam

400 2637 589 2691 dilexit.
614 2636 784 2700 Alius,
813 2633 1234 2700 Glorlﬁcatiouem
1253 2631 1432 2686 Iacob.
1460 2631 1590 2687 Vide
1614 2647 1767 2701 quam
1797 2633 1863 2685 sit
1882 2647 1960 2686 ac-

399 2736 578 2781 curata
609 2737 902 2794 exactaque
936 2724 1231 2792 prophetia.
1258 2721 1509 2790 Superius
1535 2721 1745 2791 quidem
1783 2721 1914 2774 dixit
1944 2740 1956 2775 :

400 2817 624 2885 Subiecit
653 2814 794 2869 nobis
821 2814 1032 2885 populos
1059 2824 1105 2868 et
1125 2823 1310 2884 gentes.
1341 2811 1505 2866 Judaei
1533 2813 1755 2881 primum
1783 2827 1962 2867 acces-

401 2917 582 2963 serunt
623 2907 795 2977 primo
845 2916 923 2960 ter
953 2905 1114 2968 mille,
1157 2903 1349 2958 deinde
1396 2903 1673 2973 quinquies
1704 2903 1864 2966 mille,
1908 2911 1962 2956 et

397 3009 577 3067 postea
593 3006 796 3067 gentes.
826 2997 940 3065 Ipse
958 2995 1096 3050 enim
1123 3009 1304 3049 rursus
1328 2994 1538 3049 dicebat
1562 3012 1576 3048 :
1607 2994 1676 3047 Et
1695 2995 1824 3047 alias
1848 3009 1962 3046 ores

399 3090 574 3153 habeo,
597 3099 642 3141 et
671 3089 785 3141 illas
810 3105 886 3141 me
904 3087 1148 3141 adducere
1174 3087 1382 3157 Oportet,
1413 3095 1458 3140 et
1502 3089 1586 3154 ﬁet
1622 3103 1777 3139 unum
1814 3087 1958 3151 ovile,

405 3189 450 3232 et
476 3196 605 3233 unus
630 3188 801 3247 pastor
827 3177 1002 3249 (Joan.
1020 3177 1108 3232 10.
1138 3175 1247 3246 16).
1277 3176 1474 3231 Deinde
1499 3192 1566 3230 ne
1585 3177 1700 3246 quis
1721 3192 1839 3230 cum
1869 3194 1963 3230 au-

398 3271 584 3324 dierit:
614 3269 781 3340 Elegit
805 3269 945 3322 nobis
960 3269 1276 3322 hereditatem
1295 3268 1389 3321 sibi
1412 3266 1542 3337 (Act.
1570 3266 1624 3319 2.
1644 3268 1730 3321 41.
1755 3276 1796 3320 et
1820 3267 1958 3336 4.4),

398 3366 597 3419 dubitet
623 3374 676 3418 ct
702 3371 941 3432 angatur,
972 3372 1024 3416 et
1044 3361 1182 3415 dicat
1209 3376 1222 3413 :
1254 3358 1530 3426 Quomodo
1550 3374 1676 3428 ergo
1711 3374 1813 3412 non
1842 3375 1958 3413 cre-

398 3457 529 3513 dunt
557 3470 697 3508 nunc
736 3453 940 3508 Judaei?
978 3452 1308 3506 correctione
1355 3450 1512 3505 solvit
1556 3449 1958 3504 dubitationem.

401 3548 624 3601 Maxime
652 3545 813 3610 enim,
841 3545 976 3614 quod
999 3543 1063 3597 ad
1086 3558 1144 3598 se
1168 3543 1376 3609 attinet,
1398 3556 1490 3596 eos
1511 3542 1686 3610 elegit,
1715 3549 1767 3595 et
1791 3557 1960 3610 quan-

400 3647 506 3691 tum
526 3639 589 3691 ad
617 3637 788 3706 ipsum
821 3636 1030 3705 quidem
1075 3643 1294 3704 spectat,
1324 3633 1524 3688 nullum
1551 3633 1781 3702 reliquit.
1811 3634 1960 3700 Quod

398 3731 440 3781 si
464 3730 618 3783 ﬁnem
639 3743 845 3798 quoque
870 3727 1126 3794 requiras,
1148 3725 1268 3778 audi
1293 3739 1354 3778 ea
1377 3739 1494 3792 qua:
1508 3731 1816 3790 sequuntur;
1840 3723 1962 3774 sub-

393 3821 564 3889 junxit
589 3818 725 3874 enim
758 3837 770 3871 :
806 3819 1030 3888 Speciem
1053 3816 1232 3883 Jacob,
1261 3831 1411 3886 quam
1435 3815 1626 3868 dilexit.
1662 3814 1758 3868 Hic
1784 3826 1958 3868 autem
2037 3825 2044 3833 '

398 3911 526 3967 mihi
556 3910 762 3965 videtur
797 3909 978 3964 ﬁdeles
1015 3907 1214 3972 dicere,
1243 3905 1383 3976 quod
1410 3905 1620 3975 quidem
1650 3904 1845 3958 Paulus
1873 3907 1952 3957 si-

399 4003 669 4072 gniﬁcans,
699 4000 907 4054 dicebat
938 4017 950 4052 :
984 3998 1104 4052 Non
1142 4007 1306 4050 autent
1328 3996 1464 4066 quod
1492 3995 1728 4049 exciderit
1761 3997 1961 4048 verbum

401 4091 493 4146 Dei
516 4109 534 4148 :
559 4107 656 4144 non
684 4091 812 4143 enim
839 4105 1006 4143 omnes
1030 4089 1114 4157 qui
1136 4097 1330 4141 suntex
1353 4086 1514 4140 Israel
1531 4096 1644 4139 sunt
1667 4085 1830 4140 Israel
1855 4089 1956 4155 (a),

400 4183 485 4236 sed
512 4182 564 4234 in
592 4180 738 4234 Isaac
762 4181 1013 4233 vocabitur
1035 4179 1122 4231 tibi
1149 4192 1346 4240 semen;
1369 4178 1460 4229 hoc
1484 4185 1574 4242 est,
1602 4175 1722 4230 Non
1739 4179 1824 4246 qui
1846 4188 1962 4232 sunt

403 4273 496 4338 ﬁlii
522 4273 704 4336 carnis,
731 4273 769 4324 ii
787 4281 901 4324 sunt
923 4271 1018 4340 ﬁlii
1039 4271 1154 4333 Dei,
1181 4270 1267 4324 sed
1307 4271 1391 4339 qui
1419 4279 1533 4324 sunt
1547 4271 1640 4338 ﬁlii
1670 4274 1961 4340 promissio-

402 4363 892 4428 nis,azstimantur'in
906 4363 1089 4415 semine
1111 4361 1281 4430 (Rom.
1309 4362 1360 4415 9.
1379 4363 1515 4433 6-8).
1544 4364 1758 4432 Species
1787 4375 1960 4418 autem

401 4467 495 4506 seu
546 4452 882 4521 pulchritudo
925 4452 1100 4521 populi
1146 4451 1266 4521 jure
1293 4451 1536 4506 dicantur
1581 4453 1782 4508 ﬁdeles.
1828 4453 1961 4520 Quid

401 4554 482 4597 est
507 4544 644 4597 enim
675 4542 962 4610 speciosius
988 4542 1091 4595 illis
1119 4543 1204 4610 qui
1227 4541 1598 4596 crediderunt?

473 4634 649 4687 Gentes
691 4650 780 4686 cur
821 4633 1064 4686 hereditas
1107 4631 1383 4687 Christi.—
1402 4633 1758 4688 Hereditatem
1787 4644 1960 4688 autem

401 4740 549 4779 suam
580 4735 732 4778 vocat
759 4733 968 4792 gentem
989 4763 1004 4786 ,
1031 4738 1135 4776 non
1157 4724 1294 4792 quod
1327 4723 1546 4778 aliarum
1574 4725 1807 4792 gentium
1845 4726 1963 4777 nul-

401 4815 504 4868 lam
533 4828 709 4867 curam
739 4814 981 4882 gesserit,
1011 4811 1104 4866 sed
1133 4811 1495 4867 vehementem
1520 4814 1571 4866 in
1599 4828 1692 4866 eos
1721 4813 1960 4866 dilectio-

401 4921 542 4970 nem,
566 4913 766 4958 etcum
794 4903 872 4957 eis
895 4901 1336 4971 coniunctionem,
1378 4912 1432 4957 et
1476 4903 1821 4971 providentiae
1868 4918 1960 4956 ac-

399 4998 691 5052 cessionem
716 4995 1021 5050 ostendens.
1063 4995 1128 5048 Et
1155 5004 1214 5048 ut
1260 4996 1396 5048 scias
1422 5010 1578 5064 quam
1609 4994 1678 5049 sit
1718 5005 1962 5048 accurata

400 5087 692 5156 prophetia,
727 5085 848 5139 vide
877 5085 1138 5154 quomodo
1162 5084 1326 5137 utitur
1347 5083 1630 5138 dilectione
1667 5083 1826 5152 vulgi,
1859 5100 1960 5152 qua

400 5179 562 5234 utitur
603 5177 653 5230 in
684 5174 844 5229 rebus
882 5189 1000 5243 quae
1032 5183 1296 5228 emuntur.
1334 5174 1487 5242 Saepe
1529 5174 1670 5228 enim
1724 5174 1962 5242 plerique

399 5267 594 5338 aliquid
622 5277 883 5329 ementes,
913 5265 1129 5334 pulchra
1156 5266 1240 5319 illa
1271 5281 1388 5319 esse
1411 5265 1624 5330 dicunt,
1671 5281 1789 5335 qua:
1839 5266 1961 5318 reli-

399 5360 516 5428 quis
556 5357 898 5412 antecellunt.
929 5355 1226 5410 Ostendens
1250 5370 1376 5425 ergo
1403 5371 1506 5410 non
1533 5371 1715 5410 omnes
1745 5371 1960 5410 servan-

399 5451 521 5515 dos,
547 5452 692 5517 dicit,
726 5452 955 5521 Speciem
982 5451 1157 5505 Jacob.
1192 5451 1315 5505 Haec
1343 5453 1500 5504 etiam
1532 5450 1881 5505 ostenduntur
1909 5452 1959 5504 in

398 5543 681 5612 evangeliis
723 5557 819 5612 per
848 5541 1260 5597 innumerabiles
1299 5540 1596 5612 parabolas.
1631 5541 1684 5593 6.
1728 5540 1961 5593 Ascendit

398 5633 535 5688 Deus
583 5637 635 5689 in
661 5635 842 5706 jubilo.
883 5634 997 5690 Non
1041 5633 1195 5700 dixit,
1228 5634 1541 5702 Assumptus
1575 5640 1677 5699 est,
1725 5641 1816 5685 aut
1863 5631 1958 5684 de-

460 5787 534 5850 (α)
567 5789 650 5838 llic
671 5790 888 5853 quaedam
907 5803 971 5841 ex
995 5798 1136 5842 textu
1157 5790 1406 5852 Scriptura:
1447 5791 1776 5854 praetermittit
1815 5791 1965 5854 Chry-

401 5869 654 5919 sostomus,

1481 435 1827 491 EXPOSITIO
1864 437 1928 490 IN
1969 437 2281 494 PSALMUM
2316 441 2490 496 XLVI.

3513 463 3613 521 Ξ.ίὸ

2061 553 2246 607 ductus
2287 568 2403 621 est,
2449 560 2538 612 sed
2583 561 2853 630 Ascendit,
2896 582 2950 622 tt:
3009 573 3308 629 ostenderet
3349 590 3470 630 eum
3525 594 3616 632 as-

2058 646 2298 702 cendisse
2345 651 2488 704 nullo
2512 652 2616 706 alio
2659 671 2778 710 eum
2833 660 3078 727 ducente,
3134 665 3227 719 sed
3267 667 3436 738 ipsum
3479 670 3616 726 hanc

2059 738 2196 791 viam
2225 754 2341 793 esse
2369 741 2681 811 ingressum.
2734 749 2912 805 Helias
2958 756 3096 808 enim
3143 757 3230 825 qui
3279 775 3383 812 non
3427 761 3612 815 eadem

2061 843 2162 896 qua
2216 831 2454 886 Christus
2517 835 2602 888 via
2655 853 3021 908 processerat,
3067 845 3355 902 ducebatur
3395 849 3463 904 ab
3511 852 3615 906 alia

2060 929 2319 988 potestate
2371 923 2460 992 (4.
2483 925 2607 996 Reg.
2639 927 2694 981 9..
2729 930 2850 1001 11).
2901 932 3014 988 Non
3043 944 3156 989 erat
3200 938 3341 990 enim
3374 938 3615 994 humana:

2059 1021 2258 1066 natura:
2278 1014 2358 1067 via
2377 1019 2650 1086 peregrina
2674 1019 2893 1087 ingredi.
2913 1022 3223 1092 Unigenitus
3243 1036 3416 1082 autem
3431 1045 3616 1084 ascen-

2059 1102 2136 1155 dit
2159 1107 2366 1172 propria
2398 1117 2674 1174 potestate.
2706 1110 2961 1177 Quocirca
2996 1115 3164 1170 Lucas
3190 1133 3398 1187 quoque
3423 1118 3503 1173 sic
3529 1121 3614 1175 di—

2058 1193 2240 1249 cebat:
2267 1194 2336 1248 Et
2357 1198 2474 1265 ﬁxis
2495 1199 2648 1253 oculis
2664 1201 2978 1256 intuebantur
2997 1205 3139 1259 illum
3163 1219 3355 1262 euntem
3377 1210 3428 1263 in
3441 1212 3617 1264 caelum

2061 1284 2192 1350 (Act.
2229 1285 2275 1338 I.
2303 1286 2415 1353 10).
2443 1287 2556 1341 Non
2588 1289 2738 1353 dixit,
2763 1291 2892 1345 Cum
2937 1294 3047 1362 ipse
3086 1307 3466 1364 assumeretur,
3497 1315 3616 1365 nec,

2059 1375 2188 1426 Cum
2219 1385 2552 1443 portaretur:
2581 1389 2697 1433 erat
2739 1382 2878 1436 enim
2923 1386 3037 1452 ejus
3083 1387 3323 1457 proprius
3359 1389 3616 1454 incessus,

2061 1465 2198 1533 quod
2223 1465 2397 1520 ﬁebat.
2443 1468 2498 1521 Si
2545 1481 2720 1526 autem
2768 1481 3058 1543 antequam
3079 1476 3510 1547 cruciﬁgeretur,
3545 1480 3622 1534 fe-

2060 1554 2273 1608 rebatur
2297 1570 2457 1624 super
2481 1573 2662 1627 aquas,
2689 1562 2860 1615 adhuc
2907 1565 3107 1632 patibili
3137 1575 3192 1621 et
3234 1568 3376 1636 gravi
3399 1583 3622 1638 corpore

2061 1644 2451 1700 circumdatus:
2480 1649 2602 1717 quid
2631 1652 2819 1704 mirum
2844 1654 2887 1707 si
2919 1664 3191 1724 postquam
3229 1658 3623 1728 incorruptibile

2061 1739 2305 1807 sumpsit,
2354 1754 2529 1794 aerem
2567 1745 2832 1798 secuerit?
2857 1745 2953 1800 Ubi
2981 1757 3155 1802 autem
3189 1747 3251 1801 In
3265 1750 3467 1818 jubilo?
3495 1754 3624 1818 Quis

2058 1827 2329 1896 jubilavit,
2375 1831 2586 1899 quando
2633 1834 2912 1888 ascendit?
2958 1838 3117 1906 Atqui
3159 1837 3261 1892 hoc
3295 1840 3505 1894 silentio
3549 1842 3630 1896 fa-

2060 1927 2203 1972 ctum
2230 1927 2328 1984 est,
2371 1929 2424 1974 et
2455 1920 2696 1975 undecim
2725 1923 2895 1976 solum
2934 1927 3281 1993 prmsentibus
3329 1928 3620 1998 discipulis.

2062 2011 2223 2064 Vides
2249 2027 2352 2065 non
2400 2023 2644 2081 oportere
2663 2015 2920 2071 dictiones
2959 2019 3271 2086 simpliciter
3299 2030 3353 2075 et
3379 2039 3484 2076 uno
3512 2033 3627 2077 tan-

2064 2110 2175 2155 tum
2207 2103 2364 2156 modo
2399 2105 2658 2173 accipere,
2699 2105 2790 2158 sed
2821 2107 2955 2162 scire
3003 2109 3126 2177 quid
3153 2110 3229 2164 eis
3258 2112 3625 2180 signiﬁcetur?

2063 2195 2515 2260 Quemadmodum
2545 2196 2685 2249 enim
2712 2196 2817 2250 dixi
2860 2199 2909 2251 iu
2956 2201 3212 2267 prooemio
3245 2199 3457 2266 Psalmi,
3484 2201 3627 2270 juhi-

2066 2287 2148 2340 lus
2176 2287 2374 2356 aliquid
2415 2287 2560 2341 aliud
2607 2289 2900 2358 signiﬁcat,
2955 2307 3144 2359 nempe
3170 2293 3474 2358 victoriam,
3514 2303 3626 2348 tro-

2065 2395 2233 2448 pzcum
2268 2398 2280 2433 :
2307 2379 2445 2448 quod
2467 2395 2592 2449 ergo
2613 2379 2698 2434 hic
2725 2380 2868 2444 dicit,
2897 2380 2961 2433 In
2977 2381 3160 2452 jubilo,
3197 2382 3297 2437 hoc
3314 2391 3412 2448 est,
3444 2397 3627 2438 ascen-

2065 2469 2142 2521 dit
2169 2470 2220 2522 in
2249 2469 2463 2524 victoria
2489 2512 2504 2536 ,
2547 2485 2665 2524 cum
2694 2479 2916 2526 mortem
2946 2472 3192 2540 vicisset,
3235 2483 3505 2543 peccatum
3536 2474 3628 2529 de-

2061 2559 2296 2626 jecisset,
2342 2559 2611 2613 daemones
2671 2558 2993 2629 rogavisset,
3031 2577 3265 2616 errorem
3310 2563 3623 2633 expulisset,

2065 2648 2240 2701 omnia
2289 2649 2340 2701 in
2395 2648 2583 2702 melius
2612 2659 2900 2715 mutasset,
2951 2650 3002 2704 in
3054 2653 3320 2722 antiquam
3380 2657 3624 2723 patriam,

2066 2739 2172 2793 imo
2199 2754 2324 2792 vero
2349 2739 2503 2808 longe
2523 2741 2814 2807 meliorem,
2843 2751 3076 2796 nostram
3108 2754 3347 2798 naturam
3379 2745 3626 2799 deduxis-

2065 2840 2166 2885 set.
2196 2829 2327 2886 Cum
2353 2834 2492 2887 enim
2515 2834 2834 2898 advenisset,
2864 2850 3019 2888 nemo
3049 2835 3096 2890 ei
3123 2837 3335 2903 restitit,
3369 2854 3474 2891 non
3501 2853 3626 2907 pec-

2064 2925 2166 2979 cati
2194 2926 2449 2996 tyrannis,
2481 2941 2585 2978 non
2607 2926 2792 2980 mortis
2815 2927 3070 2994 potentia,
3099 2941 3202 2980 non
3231 2930 3308 2982 vis
3338 2929 3624 2993 maledicti,

2066 3031 2171 3071 non
2199 3017 2461 3081 interitus,
2488 3031 2592 3071 non
2622 3018 2871 3087 nequitia:
2909 3017 3245 3086 magnitudo,
3295 3035 3398 3074 non
3429 3021 3626 3090 aliquid

2064 3108 2204 3163 aliud
2249 3107 2508 3177 ejusmodi
2535 3125 2547 3159 :
2578 3107 2670 3168 sed
2708 3123 2826 3161 cum
2855 3107 2968 3163 haec
2995 3110 3170 3163 omnia
3202 3119 3465 3179 tamquam
3499 3127 3622 3165 ara-

2065 3215 2216 3256 neam
2265 3198 2617 3269 perfregisset,
2658 3200 2955 3253 daemonum
2993 3210 3265 3266 catervas,
3297 3217 3484 3256 nervos
3511 3201 3628 3256 dia-

2065 3291 2193 3359 boli,
2221 3300 2272 3345 et
2300 3291 2414 3345 haec
2441 3292 2615 3344 omnia
2640 3290 2966 3361 proﬂigasset
2986 3333 2998 3354 ,
3028 3292 3262 3346 ascendit
3297 3293 3456 3348 rebus
3481 3306 3626 3348 recte

2064 3382 2247 3452 gesﬁs.
2278 3391 2335 3435 ut
2362 3383 2544 3434 voluit.

2135 3473 2188 3526 5.
2226 3471 2480 3537 Quocirca
2511 3471 2701 3525 Paulus
2727 3487 2933 3542 quoque
2959 3474 3074 3541 ejus
3099 3481 3350 3543 tropzcum
3370 3490 3623 3542 narrans,

2065 3561 2319 3614 dicebat:
2367 3558 2490 3613 Cum
2530 3563 2850 3631 exspoliasset
2889 3563 3195 3632 principatus
3239 3581 3297 3617 ac
3324 3574 3620 3636 potestates,

2067 3651 2287 3704 traduxit
2324 3652 2491 3718 libere,
2537 3653 2598 3704 de
2645 3654 2714 3705 eis
2749 3653 2801 3706 in
2847 3655 3009 3725 seipso
3052 3656 3365 3726 triumphans
3410 3658 3625 3726 (Coloss.

2063 3743 2120 3800 2.
2148 3743 2260 3811 15).
2288 3743 2353 3796 Ει
2380 3758 2561 3797 rursus
2587 3759 2599 3794 :
2633 3742 2823 3798 Delevit
2862 3746 2994 3815 quod
3017 3756 3122 3800 erat
3145 3747 3377 3802 adversus
3406 3767 3496 3804 nos
3515 3751 3628 3803 clai-

2064 3835 2371 3904 rograplmm
2419 3837 2470 3888 in
2509 3836 2740 3902 decretis,
2771 3838 2903 3906 quod
2925 3848 3033 3890 erat
3060 3839 3199 3892 nobis
3224 3842 3547 3905 contrarium,
3583 3851 3628 3895 et

2063 3928 2229 3996 ipsum
2256 3928 2318 3980 de
2346 3928 2505 3980 medio
2531 3927 2750 3995 sustulit,
2772 3929 2970 3997 aﬂ‘iyens
2985 3930 3112 3983 illud
3129 3932 3266 3984 cruci
3283 3931 3442 4003 (Ibid.
3459 3932 3624 4001 v.14).

2066 4015 2315 4070 Dominus
2358 4019 2411 4070 in
2453 4034 2568 4070 voce
2609 4019 2754 4071 tuba’.
2809 4017 2949 4073 Idem
2995 4035 3176 4074 rursus
3227 4022 3501 4092 signiﬁcat,
3530 4024 3628 4079 hoc

2065 4119 2167 4174 est,
2193 4110 2242 4162 in
2274 4109 2520 4177 prazclara
2555 4109 2790 4162 victoria.
2837 4109 2934 4164 Hic
2957 4121 3132 4165 autem
3150 4121 3232 4166 est
3256 4113 3394 4166 aliud
3421 4129 3630 4184 quoque

2067 4197 2482 4265 intelligendum,
2507 4213 2694 4267 nempe
2715 4199 2766 4253 id
2794 4198 2955 4255 fuisse
2984 4203 3203 4269 clarum,
3232 4213 3489 4272 apertum,
3515 4207 3630 4259 illu-

2067 4298 2193 4342 stre.
2219 4291 2376 4358 Atqui
2403 4290 2578 4344 nullus
2604 4290 2653 4344 id
2691 4299 2812 4344 tunc
2854 4293 3015 4352 novit.
3047 4309 3164 4346 cum
3193 4293 3360 4360 ﬁeret,
3409 4297 3501 4350 sed
3525 4307 3629 4350 tam

2068 4382 2235 4434 evasit
2261 4381 2614 4448 manifestum,
2659 4397 2815 4449 quam
2860 4383 2905 4436 si
2952 4383 3070 4436 tuba
3111 4385 3425 4450 cecinisset,
3473 4395 3630 4454 atque

2067 4471 2198 4524 adeo
2227 4471 2391 4524 multo
2421 4473 2604 4541 magis.
2657 4471 2784 4526 Illud
2811 4473 2970 4537 enim,
3001 4474 3136 4542 quod
3178 4483 3299 4528 tunc
3333 4475 3628 4530 clanculum

2069 4562 2260 4616 factum
2285 4573 2384 4628 est,
2436 4579 2592 4618 nemo
2620 4565 2729 4619 fere
2758 4581 2938 4619 eorum
2980 4568 3066 4635 qui
3094 4569 3274 4621 orbem
3305 4578 3454 4622 terrw
3484 4569 3630 4623 habi-

2069 4663 2180 4708 tant
2210 4655 2501 4722 ignoravit,
2551 4655 2644 4709 sed
2689 4655 2858 4724 ipsum
2908 4657 3126 4725 perinde
3163 4659 3414 4712 revelavit
3452 4674 3630 4714 rerum

2067 4754 2249 4798 natura
2271 4787 2284 4810 ,
2313 4761 2374 4798 ac
2405 4746 2448 4798 si
2474 4745 2594 4799 tuba
2637 4747 2936 4812 cecinisset,
2966 4747 3072 4801 into
3113 4747 3278 4801 multo
3305 4749 3496 4819 magis.
3514 4749 3626 4803 Ne-

2067 4853 2168 4906 que
2195 4839 2334 4890 enim
2381 4837 2502 4890 Iuba
2548 4851 2744 4891 canens
2776 4839 2844 4890 ita
2883 4853 3066 4891 omnes
3106 4850 3346 4893 vocasset
3387 4840 3453 4894 ad
3500 4841 3630 4895 illud

2067 4931 2446 5000 speetaculum,
2492 4931 2628 4984 sicut
2671 4939 2848 4998 postea
2871 4946 3044 4984 rerum
3074 4945 3172 4984 vox
3198 4932 3428 4986 ostendit
3451 4948 3630 4987 ascen-

2066 5035 2203 5082 sum,
2229 5021 2392 5088 magis
2430 5021 2586 5074 etiam
2613 5035 2766 5089 quam
2791 5021 2983 5073 tonitru
3012 5037 3121 5076 rem
3149 5023 3342 5076 claram
3369 5022 3626 5078 efﬁciens.

2065 5110 2246 5178 Neque
2269 5109 2409 5161 enim
2431 5111 2622 5163 tonitru
2655 5110 2723 5163 ita
2747 5120 2990 5164 vocasset
3031 5112 3212 5165 orbem
3235 5121 3412 5176 terrm,
3458 5122 3515 5166 ut
3541 5129 3630 5166 re-

2067 5216 2183 5254 rtun
2214 5201 2446 5253 ostensio
2466 5214 2558 5254 eos
2584 5201 2671 5268 qui
2703 5209 2827 5254 tunc
2847 5211 3018 5265 erant,
3066 5211 3120 5255 et
3164 5203 3249 5269 qui
3276 5211 3452 5270 postea
3479 5212 3631 5257 erant

2068 5291 2246 5346 futuri.
2278 5291 2497 5344 Tonitru
2521 5292 2660 5345 enim
2691 5302 2772 5345 est
2799 5300 3000 5345 tantum
3029 5292 3359 5346 manifestum
3388 5308 3624 5360 praesen-

2069 5386 2243 5448 tibus;
2298 5385 2408 5453 ipsa
2451 5399 2579 5438 vero
2602 5384 2848 5438 omnibus
2886 5385 3313 5453 generationibus
3356 5385 3477 5438 tuba
3518 5385 3629 5439 cla-

2065 5477 2194 5541 rius,
2225 5485 2278 5528 et
2307 5474 2501 5528 tonitru
2527 5475 2760 5544 apertius
2785 5475 3015 5528 ostendit
3040 5474 3177 5544 quod
3207 5475 3398 5527 factum
3429 5484 3530 5527 est.

2149 5565 2256 5618 Vox
2281 5566 2410 5618 tubae
2433 5565 2668 5633 apostoli.
2697 5563 2889 5618 —Nec
2906 5580 3028 5618 vero
3053 5565 3381 5618 aberraveris
3406 5565 3452 5618 si
3480 5566 3632 5618 tubas

2065 5655 2335 5712 vocaveris
2356 5670 2448 5708 ora
2478 5655 2860 5724 apostolorum,
2884 5672 2987 5710 non
3011 5656 3161 5709 tubas
3185 5656 3397 5725 quidem
3426 5670 3591 5709 atreus
3610 5696 3628 5718 ,

2066 5748 2158 5803 sed
2189 5762 2319 5802 auro
2362 5746 2702 5815 pretiosiores
2729 5789 2744 5812 ,
2788 5755 2844 5802 et
2868 5749 3090 5816 gemmis
3130 5747 3625 5815 magniﬁcentiores.

2069 5840 2175 5896 Cur
2204 5854 2329 5910 ergo
2375 5853 2478 5895 non
2507 5837 2637 5893 dixit
2655 5877 2671 5908 ,
2702 5839 2757 5894 In
2783 5839 2930 5908 tuba,
2955 5839 3044 5894 sed
3072 5881 3087 5907 ,
3117 5838 3183 5893 In
3212 5854 3325 5893 voce
3355 5836 3628 5894 tubw?Si-
