4108 6344
443 437 548 492 115

424 550 697 620 qznilicans
725 561 909 603 eorum
931 546 1288 610 concordiam,
1304 547 1440 600 sicut
1456 547 1614 600 etiam
1635 547 1763 600 dicit
1782 545 1970 601 Paulus
1994 561 2008 596 :

438 641 563 694 ’b‘ive
590 655 706 709 ergo
734 655 843 709 ego,
862 638 964 690 sive
985 637 1080 699 illi,
1096 637 1168 691 sic
1181 637 1518 705 praedicamus
1535 637 1607 704 (1.
1637 635 1754 689 Cor.
1787 636 1874 690 15.
1899 637 2008 702 Μ).

439 731 512 783 Et
563 744 747 784 rursus
793 748 806 784 :
860 727 1209 782 Multitudinis
1245 737 1408 780 autem
1447 727 1753 780 credentium
1786 735 1892 780 erat
1927 743 2014 780 cor

445 838 625 887 unum,
655 831 706 875 et
731 821 901 873 anima
930 837 1032 873 una
1059 820 1195 889 (Act.
1246 820 1300 874 4.
1329 817 1452 888 52);
1490 819 1609 872 tuba
1655 827 1828 872 autem
1856 832 2014 872 cane-

446 914 592 979 bant,
623 928 726 968 non
760 913 826 966 ad
856 912 1050 967 bellum
1099 911 1397 976 incitantes,
1433 910 1526 964 sed
1573 909 1918 978 praedicantes
1960 918 2014 964 ct

441 1004 814 1059 annuntiantes
839 1005 1134 1058 victoriam.
1160 1003 1612 1069 Quemadmodum
1643 1003 1782 1058 enim
1812 1004 1862 1056 in
1894 1017 2013 1056 cas-

448 1098 565 1162 tris,
591 1097 802 1166 quando
843 1112 963 1151 cum
1017 1098 1181 1166 signis
1221 1097 1272 1151 in
1289 1096 1453 1151 aciem
1499 1095 1779 1166 prodeunt,
1810 1111 2012 1166 praece-

443 1186 731 1242 dunttubte
767 1201 884 1256 qua:
914 1197 1202 1256 praesentes
1235 1188 1496 1252 excitant,
1521 1202 1628 1243 non
1667 1197 1883 1256 aspectu
1920 1203 2011 1242 so-

449 1279 580 1340 lum,
614 1276 706 1330 sed
729 1278 889 1332 etiam
931 1277 1112 1331 auditu
1148 1278 1257 1331 :ita
1289 1286 1413 1331 tunc
1452 1276 1644 1332 factum
1685 1289 1765 1333 est
1796 1296 1809 1331 :
1840 1279 2014 1348 ingre-

442 1370 709 1424 dicutibus
737 1369 991 1438 apostolis
1017 1370 1069 1424 in
1098 1384 1520 1440 unamquamque
1545 1370 1810 1424 civitatem
1829 1411 1844 1434 ,
1873 1370 2014 1425 tuba:

442 1461 723 1527 sonabant,
754 1469 808 1515 et
846 1461 914 1516 ad
963 1460 1281 1516 audiendum
1338 1475 1526 1515 omnes
1565 1461 1930 1516 accurrebant.
1957 1462 2009 1517 7.

442 1551 658 1605 Psallite
705 1551 816 1605 Deo
861 1560 1052 1619 nostra,
1095 1552 1295 1621 psallite
1331 1567 1351 1606 :
1390 1553 1590 1620 psallite
1635 1553 1763 1624 Regi
1802 1565 2008 1622 nostra,

440 1643 657 1710 psallite.
685 1643 737 1698 8.
775 1642 1023 1710 Quoniam
1051 1658 1142 1697 rea:
1167 1644 1330 1697 omnis
1359 1652 1503 1698 teme
1530 1643 1683 1709 Deus,
1701 1645 1900 1714 psallite
1923 1661 2013 1699 sa-

446 1732 660 1800 pienter.
690 1731 742 1787 9.
766 1733 1012 1802 Regnavit
1040 1731 1173 1786 Deus
1201 1749 1354 1803 super
1388 1744 1574 1804 gentes.
1607 1735 1888 1806 Postquam
1912 1736 2013 1805 igi-

440 1832 525 1875 tur
545 1823 775 1875 narravit
801 1838 958 1892 quam
989 1838 1174 1893 magna
1203 1823 1328 1888 sint,
1352 1832 1406 1879 et
1431 1839 1584 1893 quam
1610 1826 1859 1894 prmclara
1894 1842 2013 1896 quas

439 1913 621 1980 gessit,
645 1913 949 1966 universum
979 1913 1164 1968 orbem
1194 1924 1348 1968 terra:
1375 1918 1604 1970 vocatad
1626 1933 1744 1972 eum
1771 1919 2012 1975 laudibus

439 2002 813 2056 celebrandum
854 2019 973 2058 cum
1004 2019 1194 2074 magno
1237 2004 1413 2058 studio
1452 2013 1506 2060 et
1536 2007 1803 2077 diligentia
1842 2027 1854 2062 :
1886 2025 2012 2065 usus

440 2104 521 2149 est
538 2095 736 2150 idcirco
757 2097 1069 2165 repetitione
1092 2114 1106 2151 :
1126 2112 1223 2151 nec
1244 2097 1428 2151 invitat
1445 2099 1776 2155 solummodo
1791 2102 1853 2155 ad
1873 2103 2013 2170 psal-

438 2184 676 2250 lendum,
706 2185 799 2240 sed
841 2187 906 2240 ad
950 2187 1279 2255 psallendum
1334 2202 1455 2242 cum
1505 2204 1693 2261 magna
1733 2192 2009 2261 sapientia.

439 2276 574 2342 Quid
604 2285 720 2342 est,
747 2277 958 2332 Psallite
985 2280 1274 2349 sapienter?
1301 2280 1432 2335 Cum
1471 2297 1588 2351 quae
1611 2322 1627 2346 ,
1658 2283 1847 2352 inquit,
1877 2284 2009 2339 facta

449 2378 593 2434 sunt,
615 2367 922 2436 didiceritis,
958 2371 1352 2427 considerantes
1389 2389 1567 2427 rerum
1603 2385 1870 2444 gestarum
1902 2391 2015 2430 ma-

439 2459 786 2530 gnitudinem.
814 2461 937 2516 ΜὶΙιί
977 2473 1150 2517 autem
1181 2465 1390 2519 videtur
1425 2466 1584 2520 etiam
1627 2467 1824 2538 aliquid
1869 2469 2010 2524 aliud

437 2551 793 2617 subindicare,
824 2569 943 2607 cum
962 2553 1113 2620 dixit,
1145 2554 1410 2624 Sapienter
1438 2572 1457 2610 :
1483 2571 1587 2610 non
1613 2572 1742 2612 voce
1781 2569 2008 2626 tantum,

439 2642 532 2696 sed
553 2643 712 2698 etiam
737 2645 886 2698 factis
903 2645 1156 2713 psallere;
1185 2661 1288 2700 non
1309 2646 1484 2717 lingua
1501 2657 1718 2711 tantunt,
1740 2649 1834 2704 scd
1851 2651 2011 2705 etiam

436 2735 562 2787 vita.
595 2734 835 2805 Regnavit
874 2737 1008 2791 Deus
1033 2739 1170 2791 enim
1197 2755 1346 2805 super
1386 2729 1552 2809 gentes
1572 2781 1590 2808 ,
1619 2741 1804 2811 inquit.
1840 2743 2008 2807 Alius,

441 2826 614 2894 Supra
638 2837 827 2898 gentes.
846 2828 912 2882 Et
937 2828 1197 2897 quodnam
1213 2829 1296 2883 hic
1317 2846 1535 2900 regnum
1564 2832 1728 2886 dicit?
1748 2832 1862 2888 Non
1883 2833 2012 2888 illud

443 2919 582 2988 quod
609 2919 810 2975 obtinet
839 2923 1042 2976 ratione
1067 2923 1347 2976 creationis
1367 2964 1380 2988 ,
1405 2924 1497 2978 sed
1526 2923 1625 2980 hoc
1643 2925 1781 2995 quod
1807 2928 2012 2982 ratione

439 3013 574 3076 ejus,
605 3010 670 3065 ad
696 3027 850 3081 quam
877 3027 967 3067 eas
994 3013 1233 3076 adscivit,
1271 3015 1692 3072 necessitudinis.
1726 3016 2007 3072 Fuitenim

441 3116 535 3157 rex
587 3105 820 3158 omnium
861 3105 1019 3158 etiam
1068 3105 1326 3168 antehac.
1359 3116 1415 3159 ut
1444 3107 1533 3175 qui
1571 3115 1714 3162 esset
1750 3107 1925 3177 opifex
1956 3119 2010 3164 et

439 3204 648 3249 creator
675 3213 688 3250 :
716 3211 855 3251 nunc
881 3205 1056 3251 autem
1085 3208 1137 3251 et
1164 3198 1452 3253 Iubentium
1505 3208 1559 3252 et
1590 3200 1783 3270 gratias
1811 3201 2012 3257 haben-

442 3285 569 3340 tium
593 3302 607 3339 :
639 3287 779 3357 quod
805 3287 1016 3357 quidem
1045 3296 1125 3343 est
1151 3291 1384 3343 maxima
1413 3290 1565 3345 laude
1592 3291 1828 3361 dignum,
1862 3302 1916 3347 et
1957 3293 2008 3348 in

441 3376 624 3444 primis
648 3376 1034 3443 admirandum,
1058 3393 1177 3432 cum
1199 3379 1286 3448 qui
1309 3379 1452 3447 prius
1480 3381 1796 3435 contumelia
1815 3382 2012 3438 afficie-

442 3468 596 3523 batur
621 3482 651 3520 a
694 3467 912 3533 Judazis,
943 3468 1181 3523 effecisse
1211 3478 1267 3522 ut
1313 3478 1453 3523 tanta
1484 3469 1636 3525 ﬁeret
1681 3473 1922 3539 mutatio,
1955 3483 2012 3528 ut

441 3556 634 3625 ubique
667 3564 946 3611 caneretur
969 3575 983 3611 :
1007 3567 1060 3612 et
1083 3558 1170 3626 qui
1199 3573 1295 3612 nec
1321 3559 1604 3629 prophetas
1629 3560 1887 3631 legerant,
1912 3579 2011 3619 nec

439 3648 492 3702 in
520 3649 634 3718 lege
659 3649 870 3705 educati
895 3650 1102 3706 fuerant
1121 3693 1135 3717 ,
1174 3651 1281 3705 imo
1305 3666 1434 3706 vero
1458 3653 1610 3722 plane
1635 3663 1790 3708 erant
1827 3656 2009 3709 ferinis

437 3740 695 3807 moribus,
744 3750 960 3811 repente
985 3742 1169 3796 mutati
1196 3750 1341 3809 sunt,
1372 3751 1426 3798 et
1457 3745 1703 3799 omnibus
1728 3745 1831 3800 illis
1857 3747 2008 3814 abje-

437 3835 536 3889 ctis
563 3835 856 3901 erroribus,
889 3850 946 3889 se
981 3833 1029 3889 ei
1063 3816 1416 3902 subjecerunt,
1448 3849 1554 3888 non
1598 3834 1737 3899 duas.
1761 3845 1851 3890 aut
1878 3846 2007 3902 tres,

436 3935 528 3980 aut
564 3934 808 3995 quatuor,
839 3935 927 3979 aut
953 3925 1136 3980 decem
1163 3937 1380 3996 gentes,
1416 3925 1509 3981 sed
1560 3927 1647 3996 qui
1704 3928 2005 3982 universum

437 4017 621 4070 orbem
651 4024 912 4071 terrarum
935 4017 1257 4072 incolebant.
1285 4016 1422 4071 Deus
1444 4017 1578 4071 sedet
1598 4035 1748 4088 super
1771 4020 2004 4072 thronum

435 4119 665 4164 sanctum
689 4126 860 4162 suum.

508 4201 696 4255 Sedere
722 4200 827 4254 Deo
847 4201 966 4271 quid
985 4203 1010 4255 ?
1035 4201 1220 4256 Sancte
1251 4217 1476 4273 regnare.
1504 4229 1577 4242 --
1603 4201 1738 4269 Quid
1765 4212 1844 4257 est
1864 4243 1878 4266 ,
1909 4201 2008 4257 Se-

436 4292 518 4345 det
539 4307 690 4360 super
714 4291 946 4344 thronum
963 4292 990 4344 7
1012 4291 1234 4361 Regnat,
1265 4292 1457 4361 inquit,
1485 4291 1762 4362 imperium
1781 4293 2004 4348 obtinet.

437 4381 602 4437 Recte
628 4391 800 4436 autem
825 4381 977 4446 dixit,
1009 4382 1272 4436 Sanctum.
1301 4382 1416 4437 Non
1445 4383 1616 4438 solum
1637 4383 1777 4437 enim
1800 4395 2004 4454 regnat,

433 4473 528 4529 sed
556 4476 711 4529 etiam
760 4483 942 4529 sancte
989 4484 1190 4544 regnat.
1243 4475 1377 4542 Quid
1427 4485 1528 4539 est.
1560 4485 1739 4531 sancte
1787 4479 2006 4545 regnat?

435 4566 594 4621 Pure.
636 4565 888 4620 Homines
918 4566 1056 4618 enim
1099 4566 1188 4636 qui
1229 4567 1447 4621 veniunt
1483 4566 1549 4621 ad
1582 4567 1680 4622 hoc
1706 4569 2003 4638 imperium,

433 4671 496 4710 ea
547 4664 810 4724 potestate
848 4654 915 4710 ad
946 4655 1189 4724 injuriam
1236 4654 1562 4710 inferendam
1603 4667 1838 4711 utuntur.
1872 4657 2004 4713 Illud

433 4753 610 4801 autem
642 4745 918 4815 imperium
958 4755 1038 4799 est
1074 4745 1140 4800 ab
1169 4749 1312 4800 omni
1343 4760 1401 4802 re
1429 4745 1685 4815 ejusmodi
1726 4747 2002 4815 intactum,

431 4852 642 4907 purum,
673 4847 725 4891 et
761 4847 1023 4891 sanctum.
1050 4837 1228 4906 Neque
1250 4837 1391 4891 enim
1417 4835 1579 4902 fraus,
1608 4853 1780 4908 neque
1808 4839 2004 4908 aliquid

432 4927 696 4999 ejusmodi
747 4927 874 4982 illud
928 4927 1184 4998 judicium
1214 4927 1508 4997 corrumpit
1545 4935 1598 4982 et
1633 4927 2000 4993 circumvenit,

432 5019 525 5075 sed
551 5028 632 5075 est
652 5035 861 5091 purum,
893 5019 1178 5082 sincerum,
1201 5033 1533 5088 quacumque
1549 5019 1776 5087 puritate
1800 5019 2002 5090 fulgens

435 5114 646 5180 clarius,
688 5112 1032 5183 resplendens
1085 5111 1333 5166 ineffabili
1376 5111 1562 5180 gloria.
1603 5111 1689 5165 10.
1741 5110 2003 5181 Principes

435 5203 731 5277 pepulerunt
756 5202 1040 5274 congregati
1074 5210 1191 5254 sunt
1234 5216 1352 5254 cum
1398 5199 1506 5254 Deo
1549 5199 1802 5254 Abraham
1825 5217 1844 5254 :
1873 5217 2000 5272 quo-

430 5298 568 5350 niam
592 5295 686 5350 Dei
714 5296 866 5366 fortes
891 5305 1036 5349 terra:
1054 5292 1363 5348 vehementer
1387 5293 1564 5347 elevati
1583 5303 1717 5348 sunt.

501 5389 552 5443 6.
596 5387 691 5442 llic
732 5386 966 5441 ostendit
998 5385 1265 5454 quomodo
1294 5384 1452 5439 fuerit
1473 5393 1746 5439 extensum
1772 5399 2001 5457 evange-

432 5479 580 5546 lium,
608 5477 748 5548 quod
776 5492 879 5530 non
911 5475 1079 5529 solum
1109 5475 1340 5544 privatos
1366 5474 1559 5543 attigit,
1591 5476 1683 5528 sed
1706 5490 1798 5531 eos
1839 5477 1999 5531 etiam

430 5571 518 5638 qui
545 5576 670 5625 sunt
697 5567 926 5622 redimiti
959 5566 1276 5627 diademate,
1304 5574 1359 5619 et
1377 5565 1564 5619 sedent
1585 5565 1635 5618 in
1666 5566 1800 5620 solio
1826 5569 1995 5637 regio.

433 5660 634 5716 Deinde
659 5657 947 5714 ostendens
979 5671 1101 5710 eum
1127 5670 1248 5710 esse
1279 5670 1440 5710 unum
1468 5655 1631 5710 Deum
1654 5655 1787 5711 Novi
1815 5667 1869 5711 et
1893 5657 1995 5713 Ve-

430 5753 562 5808 teris
585 5749 933 5816 Tesmmenti,
974 5748 1102 5804 dicit
1132 5766 1146 5803 :
1177 5748 1301 5802 Cum
1331 5748 1434 5802 Deo
1463 5747 1719 5802 Abraham
1743 5791 1758 5815 ,
1792 5751 1843 5804 id
1877 5763 1955 5806 esr
1978 5794 1994 5818 ,

433 5843 522 5898 ille
545 5843 656 5913 ipse
688 5842 780 5912 qui
816 5853 868 5896 et
895 5848 1198 5896 nostrorum
1221 5839 1478 5909 majorum
1509 5839 1649 5895 Deus
1677 5850 1796 5908 est,
1824 5851 1877 5898 et
1905 5845 1994 5912 qui

1153 433 1216 489 'S.
1259 431 1534 488 JOANNIS
1571 431 2048 488 CIIIWSOSTOMI
2091 431 2405 489 AllClIIEP.
2447 433 2977 490 CONSTANTINOP.

3585 437 3690 490 216

2123 543 2226 598 illis
2250 546 2405 599 etiam
2428 545 2596 614 legem
2623 547 2784 601 dedit.
2809 547 2874 601 Et
2891 547 3009 601 ideo
3035 546 3244 600 dicebat
3262 545 3518 602 Jeretnias
3542 562 3554 599 :
3585 548 3691 600 Da-

2119 642 2180 689 Do
2207 637 2339 690 vobis
2369 647 2712 692 testamentum
2741 655 2920 693 novum
2945 680 2960 701 ,
2989 655 3088 691 non
3116 639 3391 693 secundum
3423 648 3688 692 testamen-

2118 735 2242 784 tum.
2263 729 2396 798 quod
2420 728 2534 780 dedi
2562 729 2786 796 patribus
2815 731 3012 795 vestris,
3045 730 3096 781 in
3136 729 3217 782 die
3245 745 3342 799 quo
3370 745 3460 800 ego
3489 746 3678 798 appre-

2119 820 2268 874 hendi
2293 837 2497 873 manum
2523 837 2694 874 eorum
2723 830 2779 872 ut
2820 821 3079 876 educerem
3111 837 3194 874 eos
3238 822 3302 874 de
3340 832 3474 874 terra
3517 820 3688 891 digg-

2120 912 2192 980 pti
2233 909 2362 979 (Jer.
2412 911 2502 964 51.
2558 912 2646 966 51.
2693 911 2782 978 52)
2809 953 2825 975 ,
2854 911 3142 966 ostendens
3174 928 3331 964 unum
3363 921 3418 965 et
3443 912 3688 966 eumdem

2117 1015 2237 1056 esse
2266 1001 2618 1070 legislaturem
2645 1011 2700 1056 et
2743 1001 2868 1056 Novi
2894 1013 2946 1056 et
2974 1001 3184 1056 Veteris
3218 1003 3569 1058 Testamenti.
3623 1007 3688 1061 Et

2119 1090 2324 1144 Baruclt
2355 1108 2535 1146 rursus
2564 1091 2772 1146 dicebat
2801 1111 2814 1146 :
2844 1091 2946 1146 Hic
2971 1104 3040 1147 est
3084 1093 3222 1147 Deus
3247 1105 3414 1147 noster
3434 1136 3448 1158 ,
3481 1111 3584 1148 non
3605 1113 3687 1148 re-

2118 1184 2371 1252 putabitur
2422 1182 2555 1236 alius
2599 1193 2778 1253 praeter
2828 1185 3014 1253 ipsum.
3065 1184 3265 1239 Invenit
3316 1202 3512 1239 omnem
3556 1188 3688 1240 viam

2117 1275 2337 1325 scientiis
2364 1283 2410 1326 et
2449 1273 2586 1327 dedit
2618 1290 2728 1326 eam
2754 1271 2916 1326 Jaeob
2947 1275 3051 1341 [ilio
3076 1291 3189 1340 suo,
3211 1285 3257 1328 et
3305 1275 3470 1329 Israe'l
3506 1277 3690 1330 dilecto

2116 1381 2229 1418 suo.
2259 1363 2443 1418 Postea
2466 1377 2628 1419 autem
2653 1367 2706 1419 in
2731 1377 2862 1419 terra
2886 1369 3017 1420 visus
3042 1377 3115 1421 est
3137 1409 3150 1429 .
3184 1379 3230 1422 et
3259 1385 3371 1422 cum
3409 1369 3689 1426 hominibus

2116 1468 2435 1511 conversatus
2460 1469 2532 1512 est
2570 1457 2815 1530 (Boruclt.
2845 1460 2896 1514 5.
2937 1458 3178 1532 56-58).
3208 1459 3512 1529 signiﬁcans
3537 1478 3689 1516 eutno

2117 1547 2238 1604 dem
2266 1563 2387 1604 esse
2415 1550 2504 1620 qui
2533 1550 2701 1620 legem
2729 1549 2915 1614 dedit,
2943 1557 2997 1605 et
3027 1551 3116 1620 qui
3145 1552 3444 1606 incarnatus
3469 1560 3552 1606 est
3589 1571 3602 1606 :
3633 1562 3688 1608 et

2115 1655 2237 1694 eum
2286 1641 2374 1709 qui
2420 1641 2722 1695 incarnatus
2747 1651 2846 1703 est,
2881 1641 3049 1710 legem
3093 1640 3323 1696 dedisse.
3371 1641 3482 1697 lloc
3525 1643 3685 1698 etiam

2116 1731 2244 1787 dicit
2271 1732 2528 1802 propinata
2555 1749 2568 1784 :
2593 1732 2891 1804 Congregati
2911 1742 3046 1798 sunt,
3067 1734 3252 1802 inquit,
3267 1750 3379 1786 cum
3399 1732 3505 1788 Deo
3528 1733 3688 1788 Abra-

2118 1823 2255 1876 ham.
2287 1823 2546 1878 Helirmus
2571 1831 2746 1878 autem
2777 1839 2873 1892 pro
2901 1837 2967 1878 eo
2991 1824 3132 1893 quod
3155 1833 3254 1888 est,
3284 1823 3411 1879 Cum
3433 1823 3559 1892 Deo,
3590 1825 3686 1879 Em

2116 1914 2236 1969 ΕΙοῖ
2264 1915 2536 1969 Abraham.
2561 1917 2626 1969 Et
2653 1932 2758 1985 quo
2781 1915 2960 1981 modo,
2992 1931 3189 1986 quaeso,
3223 1915 3325 1972 hoc
3351 1917 3546 1972 factum
3563 1919 3686 1973 est?

2120 2007 2366 2071 Quoniam
2400 2004 2498 2060 Dei
2555 2011 2708 2077 fortes
2755 2017 2902 2059 terra:
2950 2008 3263 2061 vehementer
3315 2008 3491 2062 elevati
3548 2020 3681 2064 sunt.

2115 2096 2337 2164 Quinam
2379 2107 2504 2151 sunt
2545 2109 2719 2151 autem
2749 2097 2845 2152 Dci
2871 2097 3053 2164 fortes,
3085 2099 3183 2153 nisi
3212 2101 3471 2169 apostoli,
3505 2100 3686 2156 ﬁdeles

2114 2187 2625 2254 omnes?Quoniam
2656 2193 2794 2242 enim
2835 2192 3069 2259 potentia
3114 2206 3296 2245 eorum
3339 2207 3508 2263 usque
3552 2194 3687 2248 adeo

2115 2278 2461 2348 resplenduit,
2485 2295 2672 2334 omnes
2701 2280 2940 2334 vicerunt
2964 2298 2977 2334 :
3006 2291 3150 2336 recte
3177 2291 3351 2337 autem
3387 2299 3478 2338 eos
3505 2285 3688 2352 appel-

2115 2370 2243 2424 lavit
2273 2371 2454 2425 fortes.
2483 2371 2676 2440 Quidni
2707 2373 2847 2427 enim
2873 2371 3060 2434 fortes,
3089 2375 3177 2442 qui
3208 2374 3466 2429 adversus
3498 2377 3685 2430 orbem

2118 2471 2273 2517 terrm
2301 2463 2466 2517 aciem
2497 2463 2880 2525 instruxerunt,
2907 2463 3166 2519 adversus
3187 2464 3478 2530 daemones,
3506 2467 3689 2522 advero

2115 2544 2205 2608 sus
2231 2553 2519 2618 diabolum,
2559 2555 2820 2609 adversus
2851 2556 3094 2626 populos,
3137 2557 3393 2612 adversus
3420 2559 3682 2627 civitates,

2114 2644 2369 2699 adversus
2418 2653 2625 2714 gentes,
2656 2645 2911 2700 adversus
2961 2654 3236 2718 tyrannos,
3285 2649 3539 2704 adversus
3577 2661 3688 2704 tur-

2115 2746 2291 2790 menta
2347 2751 2410 2791 ac
2463 2737 2738 2806 supplicia,
2789 2737 3043 2792 adversus
3089 2741 3400 2809 sartagines,
3431 2741 3686 2796 adversus

2116 2825 2359 2881 fornaces
2378 2869 2390 2890 ,
2418 2827 2670 2882 adversus
2700 2829 3131 2884 consuetudinem
3152 2871 3168 2898 ,
3200 2831 3452 2885 adversus
3483 2842 3685 2887 natura

2117 2921 2449 2990 tyrannidem
2482 2963 2497 2988 ,
2545 2929 2600 2976 et
2645 2923 2820 2975 omnia
2873 2922 3160 2977 diruebant
3189 2924 3229 2990 ⁸,
3279 2932 3333 2979 et
3383 2927 3684 2994 superiores

2114 3010 2359 3065 omnibus
2390 3011 2704 3080 evadebant,
2737 3023 2790 3067 et
2817 3028 2845 3067 a
2871 3014 3016 3067 nullo
3038 3014 3431 3070 vincebantur?
3456 3032 3682 3086 quomo-

2113 3100 2183 3156 do
2205 3116 2308 3154 non
2337 3100 2520 3166 fortes,
2540 3103 2629 3172 qui
2649 3102 2731 3158 vel
2759 3113 2881 3174 post
2904 3112 3150 3169 mortem,
3173 3112 3372 3159 tantam
3396 3107 3685 3161 ostendunt

2112 3191 2393 3246 virtutem?
2419 3191 2684 3261 quomodo
2712 3208 2819 3247 non
2851 3192 3045 3259 fortes,
3074 3209 3300 3263 quorum
3349 3195 3513 3250 verba
3560 3206 3686 3251 sunt

2113 3284 2301 3351 quovis
2336 3283 2616 3338 adamante
2641 3284 2851 3339 duriora
2871 3326 2884 3350 ,
2915 3300 3014 3340 nec
3051 3286 3212 3340 ullum
3244 3302 3308 3342 ea
3329 3296 3534 3358 tempus
3555 3289 3685 3344 abo-

2115 3373 2271 3439 levit,
2293 3374 2387 3428 sed
2413 3375 2648 3444 quotidie
2706 3376 2874 3445 majus
2921 3375 3306 3432 incrementum
3344 3379 3636 3448 suscipiunt
3665 3395 3679 3432 :

2112 3465 2237 3519 dum
2264 3480 2449 3520 omnes
2492 3466 2683 3536 ubique
2721 3467 2865 3522 orbis
2899 3476 3159 3523 terrarum
3211 3485 3336 3526 oras
3381 3471 3682 3541 evangelica

2113 3555 2416 3626 prazdicatio
2467 3557 2736 3626 pervadit?
2785 3558 2888 3614 Pro
2932 3558 3014 3613 liis
3065 3560 3314 3615 omnibus
3362 3561 3593 3632 benigno
3628 3573 3684 3617 et

2112 3648 2357 3702 clementi
2393 3648 2501 3702 Deo
2531 3650 2723 3718 gratias
2761 3665 2977 3720 agamus
3008 3669 3022 3704 :
3051 3653 3298 3722 quoniam
3328 3654 3376 3708 ei
3421 3654 3584 3723 gloria
3627 3664 3682 3709 et

2113 3744 2344 3813 potentia
2365 3783 2377 3805 ,
2411 3758 2550 3796 nunc
2579 3751 2634 3796 et
2661 3759 2874 3813 semper
2893 3787 2906 3810 ,
2938 3753 2992 3798 et
3022 3745 3072 3798 in
3115 3746 3310 3800 sarcula
3345 3747 3680 3800 StltCtlIUl‘Uttl.

2112 3836 2301 3888 Amen.
2362 3850 2366 3854 ·

2538 3942 2603 3997 ΙΝ
2641 3941 2957 4003 PSALMUM
2997 3947 3203 4002 XLVII.

2463 4060 2516 4115 l.
2546 4059 2804 4113 Canticum
2823 4059 3021 4115 Psalmi
3041 4062 3162 4130 ﬁliis
3182 4061 3328 4116 Core.

2109 4169 2162 4224 2.
2198 4171 2414 4241 Magnus
2443 4169 2685 4226 Dominus
2713 4183 2758 4226 et
2785 4171 3052 4225 laudabilis
3090 4173 3254 4236 valde,
3286 4177 3337 4228 in
3366 4176 3563 4230 civitate
3591 4180 3681 4233 Des

2179 4264 2357 4328 nostri,
2388 4263 2441 4316 in
2464 4273 2632 4316 monte
2645 4275 2814 4317 sancto
2834 4264 2961 4334 ejus,
2988 4265 3040 4320 5.
3063 4263 3183 4318 bene
3201 4266 3450 4322 radicibus
3469 4270 3681 4336 ﬁrmans

2179 4357 2514 4410 exsultatione
2559 4355 2800 4409 universa:
2846 4367 3011 4409 terrae.
3065 4355 3213 4409 Alius
3259 4356 3406 4418 dicit,
3457 4358 3680 4413 Pulchro

2178 4448 2414 4518 germine,
2437 4446 2623 4515 gaudio
2646 4447 2886 4500 universa!
2907 4455 3073 4500 terris.
3103 4446 3274 4513 Alius,
3295 4448 3369 4502 Al:
3388 4449 3530 4503 initio
3551 4465 3682 4520 prte-

2176 4539 2362 4608 scripto
2381 4537 2649 4609 splendore
2669 4538 2910 4592 universae
2934 4548 3099 4590 terra.

2179 4653 2228 4706 l.
2273 4651 2369 4705 Hic
2414 4664 2623 4720 quoque
2667 4649 2926 4719 significat
2954 4648 3324 4704 liberationem
3371 4665 3400 4703 a
3433 4651 3587 4706 bellis
3625 4661 3680 4707 et

2106 4743 2314 4814 pugnis.
2344 4741 2476 4807 Quia
2504 4742 2643 4795 enim
2674 4756 2703 4794 a
2733 4741 3002 4810 Babylone
3047 4741 3288 4806 reversi,
3333 4752 3386 4796 et
3440 4757 3468 4795 a
3524 4744 3678 4812 longa

2106 4836 2410 4904 captivitate
2448 4833 2687 4895 liberati,
2716 4841 2911 4886 terram
2939 4841 3215 4901 paternam
3240 4844 3557 4902 receperunt
3583 4876 3598 4899 ,
3625 4845 3680 4888 et
3759 4903 3762 4906 ῃ

2105 4943 2136 4982 a
2160 4928 2337 4982 multis
2366 4926 2519 4982 bellis
2545 4934 2846 4992 evaserunt,
2876 4940 2973 4995 pro
2994 4925 3075 4979 his
3092 4927 3338 4982 omnibus
3363 4928 3470 4981 Deo
3488 4927 3676 4983 horum

2105 5019 2362 5074 bonorum
2385 5018 2792 5088 auctorigratias
2814 5029 3046 5087 agentes,
3075 5017 3172 5072 hos
3193 5017 3419 5089 hymnos
3448 5031 3673 5076 canunt:

2104 5112 2285 5168 dicunt
2307 5121 2481 5166 autem
2513 5125 2528 5164 :
2561 5110 2779 5180 Magnus
2826 5108 3096 5174 Dominus,
3131 5120 3179 5164 et
3208 5111 3480 5165 laudabilis
3507 5113 3672 5168 valde.

2106 5204 2325 5276 Magnus
2348 5203 2558 5273 quidem
2601 5202 2801 5268 dicunt,
2842 5200 2936 5257 sed
2960 5216 3116 5272 quam
3159 5217 3404 5272 magnus,
3440 5218 3546 5258 non
3596 5205 3675 5258 di-

2103 5304 2268 5350 cunt:
2301 5292 2402 5348 hoc
2450 5293 2590 5347 enim
2639 5307 2796 5348 nemo
2843 5291 2973 5358 scit;
3019 5300 3074 5347 et
3121 5291 3244 5348 ideo
3267 5293 3577 5363 subjunxit:
3610 5293 3675 5348 Et

2104 5386 2370 5441 laudabilis
2395 5386 2556 5439 valde.
2579 5382 2695 5440 Non
2716 5391 2798 5440 est
2824 5385 2963 5439 enim
2993 5383 3114 5440 ﬂuis
3139 5385 3254 5454 ejus
3274 5386 3671 5455 magnitudinis.

2102 5479 2250 5547 Quod
2273 5488 2449 5534 autem
2479 5477 2626 5541 dicit,
2657 5486 2738 5533 est
2761 5476 3022 5547 ejusmodi
3047 5494 3061 5532 :
3091 5475 3478 5546 Oportetillum
3501 5479 3672 5534 solum

2101 5571 2268 5642 gloria
2307 5570 2519 5625 afficere
2559 5578 2613 5624 et
2640 5567 2885 5634 laudare,
2913 5567 3070 5642 idque
3101 5581 3262 5638 supra
3302 5582 3514 5622 omnem
3559 5584 3676 5622 mo-

2165 5727 2181 5757 ί
2217 5732 2360 5778 Unus.
2383 5724 2609 5774 adversus
2630 5721 2930 5786 tyrannidem
2961 5727 3162 5777 natura,
3189 5723 3416 5786 adversus
3456 5721 3672 5771 dontinno

2099 5794 2240 5841 tores.
2283 5787 2510 5836 adversus
2533 5784 2684 5848 reges,
2717 5784 2946 5848 adversus
2975 5787 3150 5848 [ciuem
3173 5793 3215 5834 et
3251 5785 3399 5844 sitiat,
3443 5785 3674 5836 adversus

2105 5855 2320 5904 mortem,
2345 5855 2389 5898 et
2411 5847 2566 5897 etruria
2587 5844 2855 5896 (timebant.
