4108 6344
424 380 530 437 915

427 515 670 569 πιγγοςς
699 498 773 551 Τὸ
807 497 1076 568 όμόψυχον
1111 496 1288 551 αὐτῶν
1320 495 1516 565 δηλῶν,
1550 493 1798 562 καθάπερ
1831 491 1924 544 zeal
1954 491 1983 544 ὁ

431 582 638 636 Παῦλος
653 581 819 648 λέγει’
841 580 988 651 [195]
1015 581 1151 634 Εῑτε
1165 575 1278 635 οὖν
1291 577 1425 648 ἐγὼ,
1440 578 1558 632 εἶτε
1581 577 1819 637 ἐκεῖνοι,
1839 573 1990 627 οὕτω

430 665 836 732 κηρύσσομεν.
885 664 994 716 Kal
1048 662 1228 715 πάλιν·
1282 660 1394 715 Τοῦ
1445 659 1515 713 δὲ
1555 657 1829 724 πλήθους
1874 653 1992 709 τῶν

431 747 888 800 πιστευσάντων
917 742 995 814 ἦν
1020 746 1059 812 ἡ
1079 744 1308 812 καρδία,
1332 743 1430 796 καί
1451 744 1490 810 η
1512 741 1682 810 ψυχὴ
1693 741 1821 810 μία·
1843 737 1993 793 ἐσάλ-

433 833 587 896 πιζον
619 830 697 893 δὲ,
727 830 827 882 οὐκ
849 832 928 894 εἰς
963 828 1195 898 πόλεμον
1228 825 1537 889 καλοῦντες,
1563 825 1697 878 ἀλλά
1729 824 1796 877 τὰ
1833 839 1988 893 νικης-

431 917 596 984 τήρια
624 913 1117 984 εὐαγγελιζόμενοι.
1152 910 1415 978 Καθάπερ
1438 908 1546 980 γάρ
1576 907 1668 960 ἐπὶ
1694 906 1799 960 τῶν
1828 921 1990 976 στρα-

431 997 687 1058 τοπέδων,
717 997 844 1049 ὅταν
879 996 958 1058 εἰς
1003 993 1235 1059 πόλεμον
1279 993 1514 1053 εἰσίωσι,
1571 988 1709 1060 μετά
1746 987 1853 1040 τῶν
1899 1004 1994 1058 ση-

437 1079 601 1148 μείων
631 1076 1003 1149 προηγοῦνται
1031 1077 1096 1128 αι,
1122 1073 1439 1142 σάλπιγγες,
1477 1070 1826 1126 διανιστῶσαι
1867 1070 2001 1132 τούς.

434 1165 726 1231 παρόντας,
761 1162 822 1213 οὐ
867 1162 934 1229 τῇ
975 1159 1114 1228 ὄψει,
1148 1158 1282 1212 ἀλλά
1323 1158 1418 1212 zeal
1446 1159 1513 1227 τῇ
1541 1156 1698 1225 ἀκοῇ,
1731 1153 1875 1207 οὓτω
1900 1153 1994 1206 καὶ

434 1245 554 1297 τότε
591 1245 806 1310 ἐγένετο
829 1259 844 1273 ·
871 1242 976 1295 τῶν
1005 1241 1317 1295 ἀποστόλων
1345 1240 1618 1293 εἰσιόντων
1644 1239 1723 1300 εἰς
1760 1237 1993 1306 ἑκάστην

437 1329 608 1388 πόλιν,
639 1329 802 1398 ηχουν
837 1329 891 1379 αἱ
929 1326 1247 1393 σάλπιγγες,
1287 1325 1379 1378 καί
1419 1323 1554 1394 πρὸς
1601 1321 1699 1392 τὴν
1735 1320 1994 1392 ἀκρόασιν

436 1411 670 1472 ἅπαντες
696 1410 916 1480 ἔτρεχον
931 1418 974 1462 ⁸.
1015 1408 1251 1462 Ψάλατε
1280 1404 1359 1471 τῷ
1383 1404 1504 1470 Θεῷ
1525 1405 1712 1474 ἡμῶν,
1738 1403 1990 1472 ψάλατε·

433 1493 665 1560 alvi/lata
684 1489 763 1556 τῷ
783 1490 1037 1556 ,βασιλεῖ
1060 1490 1248 1560 ἡμῶν,
1272 1489 1526 1557 ψάλατε.
1549 1489 1678 1542 Ὅτι
1696 1485 1996 1552 βασιλεὺς

435 1574 640 1641 πάσης
673 1572 778 1640 τῆς
813 1571 925 1641 γῆς
951 1575 983 1626 ό
1023 1571 1184 1637 Θεὸς,
1222 1569 1457 1638 ψάλατε
1496 1567 1782 1634 συνετῶς.
1825 1568 1996 1622 Ἐϐαρ

435 1658 726 1710 σι’λευσεν
756 1658 788 1708 ὁ
817 1657 959 1720 Θεὸς
977 1653 1073 1707 ἐπὶ
1099 1654 1170 1707 τὰ
1191 1653 1359 1720 ἔθνη.
1383 1651 1792 1722 Διηγησάμενος
1818 1648 1996 1702 τοίνυν

434 1742 496 1793 :0
526 1739 751 1810 μέγεθος
782 1739 876 1792 τοῦ
905 1735 1347 1808 κατορθώματος,
1367 1735 1521 1788 καλεί
1544 1734 1642 1805 τὴν
1672 1732 1997 1803 οἰκουμένην

437 1825 531 1876 ἐπὶ
563 1823 662 1893 τὴν
689 1823 961 1893 εὐφημίαν
989 1821 1128 1890 μετά
1156 1820 1353 1890 πολλῆς
1383 1819 1484 1889 τῆς
1514 1819 1766 1889 σπουδῆςο
1794 1817 1874 1871 διὸ
1902 1817 1996 1872 zeal

435 1905 817 1976 διπλασιασμῷ
870 1906 1152 1974 κέχρηται·
1187 1904 1281 1957 zeal
1306 1903 1404 1973 οὐχ
1441 1902 1626 1966 ἁπλῶς
1663 1902 1820 1956 καλεῖ
1863 1901 1997 1971 ψάλ-

437 1992 567 2054 λειν,
597 1989 732 2044 ἀλλά
757 1993 894 2059 μετά
914 1987 1112 2057 πολλῆς
1143 1987 1244 2056 τῆς
1283 1986 1568 2050 συνέσεως.
1599 1981 1663 2040 Τί
1706 1987 1840 2050 ἐστι,
1879 1983 1999 2038 Ψά-

432 2078 578 2126 λατε
590 2069 1325 2141 συνετῶς;Καταμαθόντες,
1355 2070 1509 2141 φησὶ,
1535 2068 1606 2122 τά
1633 2069 1994 2140 γεγενημένα,

439 2158 793 2226 ἐννοήσαντες
827 2154 890 2207 :0
934 2153 1160 2224 μέγεθος
1197 2152 1307 2205 τῶν
1335 2150 1790 2222 κατορθωμάτων.
1845 2150 1998 2222 Ἐμοὶ

437 2239 495 2292 δὲ
531 2239 674 2292 δοκεί
709 2237 802 2290 zeal
839 2235 1026 2307 ἕτερόν
1074 2253 1126 2288 τι
1163 2233 1492 2288 αἰνίττεσθαι
1534 2233 1622 2288 διά
1655 2233 1748 2287 τοῦ
1802 2235 1996 2298 εἰπεῖν,

439 2317 799 2384 Συνετώςοτὸ
831 2319 905 2389 μὴ
953 2319 1102 2387 φωνῇ
1150 2317 1328 2387 μόνον,
1357 2316 1491 2369 ἀλλά
1523 2317 1617 2370 zeal
1649 2317 1828 2389 ἔργοις
1865 2317 2001 2386 ψάλ-

437 2403 569 2456 λεινο
609 2403 670 2464 :0
717 2402 789 2473 μὴ
835 2401 1045 2471 γλώττῃ
1081 2401 1260 2471 μόνον,
1290 2400 1428 2453 ἀλλά
1475 2402 1569 2455 zeal
1607 2400 1726 2470 βίῳ.
1771 2401 2000 2454 Ἐϐασί-

436 2490 621 2540 λευσε
643 2489 772 2556 γὰρ,
804 2483 990 2554 φησιν,
1020 2487 1052 2537 ό
1092 2485 1233 2549 Θεὸς
1259 2484 1355 2536 ἐπὶ
1379 2483 1451 2536 τὰ
1473 2483 1639 2550 ἔθνη.
1676 2482 1866 2546 Ἄλλος
1892 2500 1998 2553 φη-

440 2572 543 2630 σὶν,
592 2566 823 2622 Ἐπάνω
861 2565 978 2620 τῶν
1004 2566 1212 2620 ἐθνῶν.
1247 2567 1356 2618 Kal
1394 2565 1554 2618 ποίαν
1596 2565 1870 2635 βασιλείαν
1910 2567 2000 2620 ἐν-

437 2652 611 2706 ταῦθά
633 2667 795 2722 φησιν
817 2668 832 2716 ;
858 2650 975 2704 Οὐκ
998 2649 1211 2719 ἐκείνην
1237 2650 1335 2720 τὴν
1360 2649 1501 2702 κατά
1521 2649 1611 2702 τὸν
1631 2648 1733 2718 τῆς
1751 2649 2002 2720 δημιουρ-

438 2737 560 2804 γίας
587 2735 763 2802 λόγον,
799 2733 935 2786 ἀλλά
959 2732 1160 2803 ταύτην
1182 2733 1282 2803 τὴν
1333 2732 1432 2800 τῆς
1455 2731 1796 2794 οἰκειώσεως.
1840 2732 2001 2786 Ἐϐα-

440 2819 647 2872 σίλευσε
675 2819 770 2886 μὲν
791 2818 898 2886 γὰρ
917 2816 1010 2868 zeal
1033 2815 1136 2886 1:90
1153 2815 1342 2868 τούτου
1369 2815 1605 2878 πάντων,
1629 2815 1723 2868 ἀτε
1744 2815 1807 2885 δη
1817 2831 2002 2886 μιουρ-

439 2903 533 2970 γὸς
559 2901 652 2954 zeal
682 2899 908 2969 ποιητὴς
943 2898 1040 2950 ῶν-
1077 2897 1194 2951 νυνὶ
1219 2897 1276 2949 δὲ
1314 2898 1407 2950 zeal
1441 2897 1673 2950 ἐκόντων
1720 2900 1814 2952 zeal
1843 2899 2002 2968 χάριν

439 2983 686 3036 εἰδότων·
728 2983 866 3052 ὅπερ
901 2980 1160 3050 μεγίστης
1187 2980 1456 3049 εὐφημίας
1487 2978 1634 3045 ἀξιον
1670 2979 1765 3032 zeal
1806 2977 2001 3032 πολλοῦ

439 3068 531 3120 τοῦ
571 3066 865 3136 θαύματος,
913 3065 1059 3116 ὃτιό
1104 3063 1210 3132 πρὸ
1261 3064 1449 3116 τούτου
1499 3062 1849 3133 ὑϐριζόμενος
1897 3061 2002 3114 ὑπὸ

455 3149 738 3213 Ἰουδαίων,
766 3147 1034 3218 τοσαύτην
1073 3145 1454 3217 παρεσκεύασε
1491 3145 1742 3214 γενέσθαι
1778 3145 1875 3213 τὴν
1904 3160 2001 3215 με-

440 3231 691 3302 ταϐολὴν,
717 3231 792 3293 ὡς
829 3229 1102 3299 πανταχοῦ
1132 3228 1233 3305 τῆς
1267 3228 1589 3299 οἰκουμένης
1615 3226 1835 3299 ᾄδεσθαι
1854 3241 1869 3256 °
1910 3227 2004 3281 zeal

440 3316 493 3368 οἰ
527 3316 662 3387 μήτε
703 3314 985 3383 προφήτας
1027 3312 1372 3380 ἀναγνόντες,
1415 3313 1550 3382 μήτε
1583 3313 1732 3382 νόμῳ
1775 3327 2004 3382 συντρα-

445 3399 653 3468 φέντες.
685 3395 823 3450 ἀλλά
854 3396 949 3448 zeal
969 3393 1252 3465 θηριώδεις
1276 3395 1366 3446 τὸν
1391 3395 1590 3462 τρόπον
1617 3395 1784 3456 ὄντες,
1810 3392 2004 3464 ἀθρόον

449 3481 854 3553 μετεϐάλλοντο,
879 3479 977 3532 zeal
997 3478 1174 3530 πάντα
1193 3479 1375 3531 ἐκεῖνα
1393 3477 1648 3548 ῥίψαντες
1669 3477 1736 3530 τά
1752 3475 1855 3545 τῆς
1865 3477 2005 3530 πλά-

447 3581 560 3634 νης.
587 3563 956 3632 ὑπετάγησαν,
978 3561 1099 3630 οὐχί
1125 3559 1217 3612 δύο
1245 3562 1338 3614 zeal
1363 3560 1488 3631 τρία
1507 3559 1601 3612 zeal
1615 3561 1857 3632 τέσσαρα
1877 3561 2004 3630 ἔθνη

445 3647 539 3699 zeal
559 3644 710 3706 δέκα,
737 3641 850 3696 ἀλλ’
873 3645 922 3696 οἰ
947 3642 1219 3711 πανταχοῦ
1246 3643 1344 3712 τῆς
1371 3643 1692 3712 οἰκουμένης
1713 3643 2002 3706 οἰκοῦντες.

513 3724 578 3776 '0
616 3722 760 3789 Θεὸς
790 3722 1042 3788 κάθηται
1084 3723 1184 3776 ἐπὶ
1232 3722 1448 3792 θρόνου
1496 3723 1672 3793 ἁγίου
1700 3723 1908 3778 αὑτοῦ.
1950 3720 2018 3774 Τί

432 3807 570 3872 ἐστι,
603 3805 862 3874 Κάθηται
891 3805 990 3859 ἐπὶ
1036 3808 1288 3874 θρόνου;
1318 3806 1624 3871 Βασιλεύει,
1665 3809 1871 3877 κρατεῖ.
1905 3806 2018 3861 Kal

436 3890 615 3955 καλῶς
658 3887 829 3954 εἶπεν,
885 3890 1096 3960 Ἀγίου.
1147 3890 1225 3945 Οὐ
1270 3890 1378 3962 γάρ
1423 3890 1488 3960 δὴ
1535 3890 1804 3961 βασιλεύει
1837 3891 2025 3962 μόνον,

436 3976 576 4030 ἀλλὰ
610 3977 706 4030 zeal
749 3977 919 4045 ἀγίως
959 3976 1254 4046 βασιλεύει.
1303 3977 1369 4030 Τί
1415 3977 1584 4040 ἐστιν,
1622 3976 1818 4046 ’Λγίως
1865 3975 2020 4033 Βασι-

436 4060 616 4126 λεύει;
651 4059 942 4130 Καθαρῶς.
972 4060 1284 4132 ’Ἄνθρωποι
1320 4061 1418 4131 μὲν
1450 4059 1558 4131 γάρ
1588 4062 1680 4114 ἐπὶ
1711 4060 1811 4130 τὴν
1847 4060 2024 4132 ἀρχὴν

439 4144 725 4214 ἐρχόμενοι
769 4143 1008 4213 ταύτην,
1055 4145 1192 4215 αὐτῇ
1240 4146 1304 4216 τῇ
1359 4145 1583 4214 δυνάμει
1630 4143 1767 4213 πρὸς
1814 4142 2036 4197 ἀδικίαν.

442 4225 754 4296 κέχρηνται.
785 4224 997 4295 Ἐκείνη
1014 4225 1070 4280 δὲ
1090 4227 1367 4296 ἀνέπαφος
1399 4226 1432 4297 ἡ
1463 4223 1604 4296 ἀρχὴ
1635 4225 1830 4288 παντὸς
1856 4223 2032 4277 τοιού-

442 4321 566 4368 του,
595 4303 812 4376 καθαρά
849 4305 943 4358 zeal
979 4305 1131 4373 ἀγία.
1179 4306 1315 4360 Οὐδὲ
1355 4306 1461 4376 γάρ
1499 4305 1713 4376 ἀπάτη.
1751 4305 1871 4359 οὐδὲ
1903 4305 2032 4360 ἄλλο

447 4399 499 4436 τι
544 4383 652 4435 τῶν
700 4384 958 4436 τοιούτων
997 4381 1060 4434 τὸ
1105 4381 1454 4455 δικαστήριον
1504 4385 1680 4437 ἐκεῖνο
1727 4385 2032 4456 διαφθείρει

456 4477 549 4531 zeal
569 4471 1010 4544 παραλογίζεται,
1033 4469 1145 4523 ἀλλ’
1164 4470 1276 4523 ἔστι
1297 4469 1556 4542 καθαρὸν,
1577 4470 1884 4542 εἰλικρινὲς,
1908 4471 2015 4528 πά-

457 4577 556 4631 σης
583 4559 836 4614 ἐπέκεινα
873 4553 1238 4624 καθαρότητος
1272 4553 1680 4623 ἀπαστράπτον,
1716 4553 2017 4622 διαλάμπον

454 4643 646 4713 ἀφάτῳ
661 4645 726 4712 τῇ
745 4639 892 4711 δόξῃ.
913 4640 1233 4706 Ἄρχοντες
1251 4633 1415 4691 λαῶν
1441 4636 1846 4706 συνήχθησαν
1867 4636 2019 4706 μετὰ

455 4726 562 4780 τοῦ
610 4719 758 4779 Θεοῦ
801 4719 1070 4790 Ἀϐραάμ
1097 4718 1186 4774 ὅτι
1211 4719 1318 4774 τοῦ
1345 4719 1492 4774 Θεοῦ
1523 4723 1577 4774 οἱ
1611 4720 1871 4789 κραταιοὶ
1909 4718 2019 4789 τῆς

455 4816 568 4887 γῆς
596 4813 830 4884 σφόδρα
861 4809 1229 4879 ἐπήρθησαν.

528 4906 600 4964 ς’.
632 4895 779 4970 [196]
806 4893 1065 4948 Ἐνταῦθα
1087 4893 1325 4946 δείκνυσι
1351 4891 1449 4963 τὴν
1481 4894 1724 4948 ἐπίτασιν
1739 4891 1832 4946 τοῦ
1851 4891 2021 4964 Εὐαγ-

457 4983 655 5052 γελίου,
679 4982 759 5034 ὃτι
788 4979 888 5031 οὐκ
918 4975 1140 5029 ἰδιωτῶν
1167 4975 1340 5046 ἥψατο
1362 4976 1540 5046 μόνον,
1563 4975 1700 5031 ἀλλά
1717 4979 1812 5032 zeal
1839 4978 2018 5032 αὐτῶν

455 5067 563 5119 τῶν
606 5067 667 5118 τὸ
711 5063 942 5134 διάδημα
989 5060 1240 5131 ἐχόντων,
1283 5060 1378 5112 zeal
1409 5059 1518 5112 τῶν
1567 5062 1658 5115 ἐπὶ
1704 5061 1798 5114 τοῦ
1832 5063 2028 5134 θρόνου,

458 5151 781 5221 καθημένων
823 5146 918 5200 τοῦ
956 5145 1253 5216 βασιλικοῦ.
1297 5139 1431 5197 Εῐτα
1458 5145 1668 5208 δεικνὺς
1701 5147 1861 5200 αὐτὸν
1891 5148 2020 5202 ὄντα

457 5234 663 5303 Καινῆς
701 5231 796 5284 zeal
824 5229 1061 5292 Παλαιᾶς
1085 5227 1180 5281 ἕνα
1207 5227 1361 5292 Θεὸν,
1393 5227 1543 5297 φησί·
1563 5229 1723 5283 Μετὰ
1747 5231 1850 5284 τοῦ
1873 5234 2020 5288 Θεοῦ

473 5314 747 5383 Ἀϐραὰμ,
785 5314 904 5366 ἀντὶ
934 5311 1050 5376 τοῦ,
1078 5311 1240 5374 αὐτὸς
1262 5305 1412 5374 οὗτος
1431 5312 1459 5362 ὁ
1489 5315 1583 5366 zeal
1609 5312 1717 5366 τῶν
1755 5320 2025 5385 προπατό-

465 5416 574 5468 ρων
607 5399 759 5462 Θεδς,
794 5401 822 5450 ό
843 5397 936 5450 zeal
957 5397 1045 5448 :0v
1071 5397 1234 5466 νόμον
1259 5396 1487 5460 ἐκείνοις
1524 5397 1785 5462 δεδωκώς.
1819 5403 1908 5454 Διὸ
1931 5406 2025 5458 καὶ

475 5483 739 5554 Ἱερεμίας
786 5482 960 5550 ἔλεγε·
995 5479 1355 5549 Διαθήσομαι
1397 5480 1541 5549 ὑμῖν
1572 5482 1861 5551 διαθήκην
1895 5505 2024 5540 και-

460 5567 600 5632 νὴν,
631 5569 703 5620 οὺ
727 5567 877 5619 κατὰ
895 5563 1008 5631 τὴν
1033 5562 1342 5630 διαθήκην,
1376 5561 1456 5629 ἣν
1482 5563 1757 5634 διεθέμην
1777 5568 1897 5634 τοῖς
1919 5585 2028 5624 πα-

464 5650 680 5719 τράσιν
708 5648 895 5720 ὑμῶν,
950 5648 1020 5701 ὲν
1053 5646 1242 5716 ἡμέρᾳ
1283 5647 1717 5719 ἐπιλαϐομένου
1753 5669 1872 5720 μου
1917 5655 2028 5724 τῆς

534 5805 560 5831 ⁸
583 5799 679 5850 Alii
702 5800 906 5857 ἅπαντες
927 5798 1132 5863 ἔτρεχον,
1152 5799 1232 5850 alii
1253 5804 1306 5851 el
1326 5799 1473 5851 Savil.
1497 5800 1696 5860 ἅπαντες
1715 5803 1964 5867 ἐξεχέοντο.

1475 372 1839 430 EXPOSITIO
1876 370 1943 427 1N
1984 372 2308 429 PSALMUM
2343 373 2544 429 XLV/IT.

3535 365 3681 422 216%

2093 491 2288 561 χειρὸς
2311 489 2506 545 αὐτῶν
2527 489 2838 558 ἐξαγαγεῖν
2858 489 3078 555 αὐτοὺς
3100 489 3168 542 ἐκ
3189 485 3300 557 γῆς
3324 483 3642 553 Αίγύπτου,

2089 573 2303 635 δεικνὺς
2334 573 2414 626 ὅτι
2462 573 2549 627 zeal
2577 573 2782 641 Καινῆς
2806 573 2898 624 zeal
2934 571 3172 632 Παλαιᾶς
3197 563 3277 631 εἷς
3307 567 3401 620 zeal
3431 567 3460 618 ὁ
3485 563 3647 627 αὐτός

2091 657 2206 708 ἐστι
2239 654 2550 726 νομοθέτης.
2582 655 2736 708 Kalé
2767 654 2975 725 Βαρούχ
3011 654 3173 706 πάλιν
3214 651 3412 719 ἔλεγεν·
3461 643 3648 712 Οὗτος

2091 740 2124 790 ὁ
2158 737 2301 802 Θεὸς
2337 735 2524 805 ἡμῶν,
2553 738 2624 791 οὐ
2659 735 3083 805 λογισθήσεται
3123 734 3320 802 ἔτερος
3358 730 3505 798 πρὸς
3537 730 3647 782 αὐ-

2090 820 2212 873 τόν.
2255 819 2489 887 Ἑξεῦρε
2522 819 2724 874 πᾶσαν
2743 818 2886 872 ὁδὸν
2911 815 3266 885 ἐπιστήμης,
3300 813 3394 867 καὶ
3427 811 3651 864 ἔδωκεν

2089 903 2284 972 αὐτὴν
2318 902 2514 958 Ἰακὼϐ
2556 902 2636 968 τῷ
2683 901 2850 956 παιδὶ
2885 900 3092 960 αὑτοῦ,
3133 897 3232 951 καὶ
3279 893 3522 962 Ἰσραὴλ
3569 891 3650 956 τῷ

2090 985 2449 1056 ἠγαπημένῳ
2494 986 2594 1039 ὑπ’
2641 983 2846 1038 αὐτοῦ·
2879 983 3026 1052 μετὰ
3053 981 3122 1034 δὲ
3166 979 3366 1033 ταῦτα.
3401 975 3500 1030 ἐπὶ
3537 973 3651 1042 τῆς
3681 1003 3698 1037 ,ο

2090 1075 2205 1145 γῆς
2253 1074 2438 1143 ὤφθη,
2483 1074 2580 1126 καὶ
2617 1073 2743 1138 τοῖς
2783 1070 3112 1139 ἀνθρώποις
3161 1063 3646 1145 συνανεστράφη,
3680 1115 3690 1120 ,

2092 1141 2411 1223 δεικνὺς-ὄτι
2437 1161 2465 1212 ὁ
2489 1159 2580 1213 τὸν
2610 1163 2772 1229 νόμον
2796 1154 3064 1220 δεδωκὼς,
3094 1153 3253 1216 αὐτός
3285 1153 3429 1204 ἐστιν
3457 1151 3485 1202 ὁ
3515 1141 3655 1221 σαρσι

2093 1242 2315 1305 κωθείςι
2338 1242 2432 1295 zeal
2455 1244 2484 1294 ό
2506 1240 2806 1311 σαρκωθεὶς
2828 1239 2992 1302 αὐτὸς
3019 1237 3224 1292 καὶτὸν
3243 1235 3406 1306 νόμον
3430 1233 3645 1286 δέδωκε.

2093 1325 2264 1378 Τοῦτο
2307 1327 2401 1378 zeal
2433 1327 2461 1378 ό
2507 1325 2788 1394 προφήτης
2831 1323 3007 1391 λέγει·
3053 1319 3457 1388 Συνήχθησαν
3502 1315 3650 1386 μετὰ

2093 1408 2200 1462 τοῦ
2233 1407 2402 1472 Θεοῦ,
2445 1408 2628 1478 φησὶν,
2669 1405 2935 1476 Ἀϐραάμ.
2987 1404 3048 1460 '0
3101 1404 3158 1456 δὲ
3221 1401 3484 1471 Ἐϐραῖος,
3529 1398 3650 1452 ἀντὶ

2093 1491 2212 1555 τοῦ,
2232 1491 2394 1546 Μετὰ
2419 1490 2526 1544 τοῦ
2555 1489 2729 1556 Θεοῦ,
2757 1491 2862 1558 Ἕμ
2901 1487 3068 1542 Ἐλωῒ
3105 1483 3371 1553 Ἀϐραάμ.
3401 1482 3509 1534 Kal
3533 1480 3648 1544 πῶς

2091 1575 2250 1630 τοῦτο
2269 1576 2490 1644 γέγονεν
2517 1589 2536 1638 ;
2575 1575 2705 1628 Ὀτι
2733 1573 2838 1627 τοῦ
2857 1570 3005 1627 Θεοῦ
3033 1574 3088 1626 οἱ
3113 1567 3377 1638 κραταιοί
3404 1565 3514 1634 τῆς
3539 1563 3652 1634 γῆς

2091 1660 2331 1728 σφόδρα
2353 1659 2724 1726 ἐπήρθησαν.
2752 1656 2908 1719 Τίνες
2930 1655 2989 1708 δὲ
3025 1656 3074 1708 οἱ
3103 1652 3350 1725 κραταιοὶ
3368 1649 3463 1703 τοῦ
3491 1646 3651 1712 Θεοῦ,
3676 1699 3680 1702 .

2093 1743 2208 1798 ἀλλ’
2234 1742 2339 1813 ῆοί
2365 1741 2648 1795 ἀπόστολοι
2666 1740 2718 1805 ιι,
2751 1741 2802 1792 εἰ
2827 1737 3007 1792 πιστοὶ
3031 1737 3263 1801 πάντες;
3299 1731 3514 1803 Ἐπειδὴ
3542 1729 3652 1799 γὰρ
3675 1767 3682 1772 -

2092 1824 2346 1879 τοσοῦτον
2381 1824 2617 1894 ἔλαμψεν
2645 1825 2678 1894 ἡ
2709 1821 2934 1892 δύναμις
2959 1818 3158 1877 αὐτῶν,
3201 1817 3383 1887 φησὶν,
3419 1813 3654 1885 ἐκράτησ-

2095 1927 2196 1963 σαν
2225 1909 2498 1964 ἀπάντων.
2525 1907 2634 1959 Kal
2662 1903 2840 1966 καλῶς
2864 1903 3061 1964 αὐτοὺς
3086 1900 3378 1970 κραταιούς
3406 1896 3651 1951 ἐκάλεσε.

2095 1994 2222 2057 Πῶς
2256 1995 2366 2064 γὰρ
2395 1991 2454 2044 οὐ
2494 1988 2766 2061 κραταιοὶ,
2800 1989 2850 2040 οἱ
2883 1987 3017 2058 πρὸς
3047 1985 3261 2040 ἃπασαν
3280 1985 3377 2054 τὴν
3406 1981 3656 2051 οἰκουμέ-

2097 2096 2194 2149 νην
2238 2073 2701 2147 παραταξάμενοι,
2745 2071 2880 2143 πρὸς
2927 2072 3050 2132 τούς
3081 2067 3358 2138 δαίμονας,
3389 2066 3524 2149 πρὸς
3561 2064 3655 2149 τύν

2096 2147 2361 2224 διάϐολον,
2396 2159 2531 2227 πρὸς
2550 2156 2775 2226 δήμους,
2807 2153 2942 2224 πρὸς
2967 2152 3166 2213 πόλεις,
3191 2150 3326 2212 πρὸς
3351 2148 3497 2218 ἔθνη,
3519 2147 3658 2218 πρὸς

2097 2243 2414 2315 τυράννους,
2439 2240 2574 2310 πρὸς
2597 2235 2884 2308 τιμωρίας,
2919 2235 3054 2305 πρὸς
3083 2233 3352 2296 κολάσεις,
3387 2231 3522 2302 πρὸς
3555 2231 3657 2300 τή-

2097 2343 2258 2396 γανα,
2288 2325 2424 2396 πρὸς
2458 2323 2741 2392 καμίνους,
2771 2321 2906 2390 πρὸς
2932 2317 3242 2388 συνήθειαν,
3283 2317 3418 2386 πρὸς
3447 2315 3658 2383 φύσεως

2097 2409 2404 2481 τυραννίδα,
2433 2408 2526 2460 zeal
2568 2406 2744 2459 πάντα
2767 2415 2790 2442 ο
2839 2402 3175 2464 καθελόντες,
3216 2401 3309 2452 zeal
3336 2397 3654 2481 ὑψηλότεροι

2100 2479 2314 2546 πάντων
2339 2491 2643 2559 γενόμενοι,
2681 2487 2774 2540 zeal
2807 2485 2997 2557 μηδενὶ
3027 2482 3378 2554 χειρωθέντες
3404 2498 3418 2545 ;
3452 2479 3569 2541 πῶς
3593 2479 3657 2531 οὐ

2099 2577 2366 2649 κραταιοὶ,
2397 2575 2490 2627 zeal
2519 2573 2656 2644 μετά
2693 2571 2950 2640 τελευτὴν
2984 2568 3252 2637 τοσαύτην
3287 2563 3659 2633 ἐπιδεικνύμε-

2100 2645 2180 2714 νοι
2211 2663 2310 2730 τὴν
2341 2657 2522 2728 ἰσχύν;
2552 2655 2668 2719 πῶς
2689 2655 2750 2708 οὐ
2774 2653 3042 2726 κραταιοὶ,
3073 2645 3147 2704 ὧν
3181 2652 3248 2705 τὰ
3285 2649 3503 2720 ῥήματα
3531 2647 3658 2730 ἀδάα

2103 2729 2301 2816 μαντός
2326 2745 2444 2796 ἐστι
2473 2739 2800 2810 στερρότερα
2826 2737 2919 2789 zeal
2939 2735 3113 2798 οὐδεὶς
3134 2733 3272 2786 αὐτά
3294 2732 3473 2802 χρόνος
3497 2729 3660 2816 ηλεγ-

2101 2815 2212 2899 ξεν,
2241 2828 2382 2884 ἀλλά
2414 2827 2510 2881 zeal
2549 2824 2669 2878 καθ’
2716 2823 2952 2893 ἑκάστην
2981 2819 3257 2874 ἐπιδίδωσι
3283 2818 3380 2886 τὴν
3425 2815 3660 2899 ἡμέραν,

2100 2897 2194 2968 τοῦ
2235 2907 2587 2980 εὐαγγελικοῦ
2642 2907 2992 2978 κηρύγματος
3042 2903 3216 2971 πάντη
3249 2902 3342 2954 zeal
3388 2897 3662 2968 πανταχοῦ

2099 2997 2468 3069 διατρέχοντος
2508 2994 2590 3056 εἰς
2645 2991 2713 3044 τά
2760 2991 2861 3060 τῆς
2909 2987 3232 3057 οἰκουμένης
3288 2983 3661 3069 πληρώματα;

2113 3066 2282 3150 ’Υπέρ
2302 3079 2365 3150 δὴ
2384 3077 2584 3132 τούτων
2605 3075 2856 3130 ἁπάντων
2874 3072 3350 3143 εὐχαριστήσωμεν
3374 3067 3452 3138 τῷ
3478 3066 3665 3150 φιλανο

2103 3147 2304 3238 θρώπῳ
2336 3147 2455 3232 Θεῷ
2478 3180 2491 3193 ·
2539 3163 2620 3215 ὅτι
2654 3158 2802 3229 αὐτῷ
2847 3158 2880 3227 ἡ
2909 3155 3032 3222 δόξα
3070 3155 3177 3238 καὶ.
3204 3153 3264 3205 :0
3310 3151 3529 3238 κράτος,
3568 3147 3690 3202 νῦν...

2103 3233 2197 3305 zeal
2226 3233 2334 3316 ἀεὶ,
2363 3247 2459 3301 zeal
2484 3246 2563 3309 είς
2581 3245 2706 3306 τούς
2729 3241 2929 3304 αἰῶνας
2954 3238 3064 3291 τῶν
3089 3236 3322 3290 αἰώνων.
3362 3233 3556 3304 Ἀμήν.

2382 3419 2532 3494 [197]
2570 3420 2676 3474 El:
2711 3417 2849 3472 TON
2887 3417 2998 3469 MZ'
3057 3410 3379 3466 ‘FAAMON.

2421 3556 2560 3628 ’ῼδὴ
2587 3553 2830 3625 ψαλμοῦ
2864 3550 2986 3616 τοῖς
3011 3548 3162 3614 υἱοῖς
3195 3546 3362 3616 Κορέ.

2102 3674 2301 3741 Μέγας
2335 3671 2552 3738 Κύριος
2590 3667 2690 3720 καὶ
2721 3663 2953 3729 αὶνετὸς
2985 3661 3240 3732 σφόδρα,
3279 3661 3348 3713 ἐν
3371 3660 3541 3713 πόλει
3564 3657 3670 3741 τοῦ

2177 3737 2323 3811 Θεοῦ
2383 3737 2579 3823 ημῶν,
2626 3751 2696 3804 ἐν
2747 3749 2867 3818 ὄρει
2920 3749 3067 3817 ἁγίῳ
3125 3743 3347 3806 αὑτοῦ,
3388 3737 3672 3810 εὺριζὶὖν⁴

2177 3836 2572 3909 ἀγαλλιάματι
2620 3831 2823 3900 πάσης
2881 3827 2990 3897 τῆς
3050 3827 3182 3899 γῆς.
3218 3825 3458 3909 ᾹἜτερός
3511 3840 3667 3909 φησι,

2178 3904 2353 3986 κὰλῷ
2407 3904 2807 3986 ϐλαστήματι,
2858 3913 3111 3983 χάρματι
3148 3907 3348 3974 πάσης
3381 3905 3491 3974 τῆς
3532 3904 3666 3973 τῆς.

2182 4003 2371 4066 Ἄλλος
2389 4045 2406 4070 ,
2458 4000 2578 4054 Ἀπ’
2622 3997 2815 4068 ἀρχῆς
2869 3991 3257 4066 άφωρισμένῳ
3313 3989 3688 4060 ἀγλατσματι.

2180 4085 2381 4154 πάσης
2425 4081 2537 4153 τῆς
2580 4079 2712 4151 τῆςο

2180 4225 2252 4274 α’.
2279 4219 2390 4273 Kal
2415 4213 2646 4270 ἐνταῦθα
2688 4209 3003 4280 ἀπαλλαγὴν
3046 4206 3317 4278 πολέμων,
3359 4203 3452 4259 zeal
3495 4204 3676 4276 μάχης

2111 4302 2420 4375 ἐλευθερίαν
2457 4297 2624 4370 δηλοῖ.
2657 4295 2874 4364 Ἐπειδὴ
2912 4293 3020 4363 γάρ
3043 4288 3422 4375 ἐπανελθόντες
3440 4285 3675 4375 ἀπὸ-τῆς

2114 4371 2466 4440 Βασυλωνίων
2485 4394 2530 4444 θ,
2567 4380 2661 4434 zeal
2692 4378 2792 4448 τῆς
2822 4378 3034 4447 μακρᾶς
3077 4371 3475 4440 ἀπαλλαγέντες
3511 4371 3675 4438 αἰχμ-

2115 4467 2371 4532 αλωσίας,
2409 4466 2507 4535 τὴν
2538 4460 2794 4534 πατρῴαν
2833 4457 3104 4512 ἀπέλαϐον
3144 4454 3269 4524 γῆν,
3299 4452 3395 4507 zeal
3450 4451 3677 4514 πολλοὺς

2115 4552 2363 4621 διέφυγον
2411 4546 2710 4618 πολέμους,
2759 4540 3201 4614 εὐχαριστοῦντες
3252 4539 3392 4621 ὑπὲρ
3461 4535 3676 4621 πάντων

2116 4619 2428 4704 τῷτούτων
2460 4632 2616 4701 αἰτίῳ
2648 4627 2755 4681 τῶν
2794 4624 3046 4694 ἀγαθῶν,
3081 4623 3299 4686 τούτους
3339 4619 3520 4693 ᾅδουσι
3551 4619 3676 4680 τούς

2119 4699 2338 4788 ὕμνους,
2361 4714 2454 4768 καί
2480 4699 2612 4784 φασι
2628 4729 2641 4742 ·
2673 4708 2871 4779 Μέγας
2899 4708 3121 4774 Κύριος
3141 4705 3240 4758 καὶ
3266 4703 3505 4788 αἰνετός
3526 4699 3678 4788 σφό-

2119 4783 2248 4867 δρα.
2283 4799 2357 4851 Τὸ
2401 4783 2500 4868 μιν
2526 4793 2746 4864 Μέγας,
2778 4791 3014 4859 λέγουσι,
3041 4789 3103 4841 :0
3129 4787 3186 4840 δὲ
3231 4787 3417 4851 πόσον,
3457 4783 3674 4838 οὐκέτι·

2119 4881 2292 4944 οὐδεὶς
2318 4878 2427 4950 γάρ
2455 4878 2610 4932 τοῦτο
2646 4875 2964 4929 ἐπίσταταιο
2983 4873 3082 4926 διὸ
3114 4873 3211 4925 zeal
3247 4872 3495 4942 ἐπήγαγε
3519 4886 3537 4902 θ
3567 4868 3680 4924 Καὶ

2121 4963 2355 5028 αἰνετός
2394 4959 2649 5030 σφόδρα.
2691 4957 2802 5028 Τῆς
2828 4956 2937 5026 γὰρ
2979 4955 3364 5026 μεγαλωσύνης
3385 4952 3547 5007 αὐτοῦ
3579 4952 3680 5004 οὐκ

2122 5048 2236 5102 ἔστι
2265 5047 2460 5116 πέρας.
2485 5045 2551 5095 Ὅ
2570 5042 2625 5095 δὲ
2645 5041 2794 5110 λέγει
2822 5036 3059 5093 τοιοῦτόν
3077 5043 3191 5092 ἐστι
3209 5055 3224 5070 θ
3241 5037 3492 5104 Δοξάξειν
3520 5037 3680 5090 αὐτὸν

2184 5251 2394 5298 δ-Μοτεί.
2421 5245 2507 5295 τοῦ
2541 5245 2684 5305 Θεοῦς
2711 5249 2755 5294 οἱ
2779 5245 3054 5295 ἀπόστολοι.
3081 5243 3230 5291 Savil.
3257 5248 3308 5290 et
3328 5237 3512 5290 ειίἰτοῦ
3533 5237 3682 5300 Θεοῦ,

2123 5316 2225 5364 ἀλλ’
2247 5316 2276 5370 ἢ
2306 5315 2350 5359 οἱ
2370 5311 2647 5368 ἀπόστολοι,
2672 5317 2818 5369 atque
2844 5309 3057 5370 ilaﬂlegit
3080 5305 3345 5370 inlgrpres.

2173 5379 2212 5448 ξ
2239 5362 2374 5448 Unas
2393 5372 2507 5442 1:90;
2526 5362 3123 5448 φύσεωξίξυραννίδαξέτρὸς
3143 5362 3389 5436 ἄρχοντας,
3409 5362 3524 5424 πρὸς
3545 5362 3685 5424 βασι-

2124 5437 2236 5494 λεῖς,
2263 5435 2376 5496 πρὸς
2394 5431 2555 5479 πεῖναν
2575 5433 2655 5478 καὶ
2688 5431 2844 5494 δίψαν,
2865 5431 2979 5491 πρὸς
3002 5431 3213 5485 θάνατον,
3233 5431 3312 5472 καὶ
3330 5431 3497 5471 πάντα.

2188 5502 2216 5536 d
2240 5498 2290 5546 lu
2313 5501 2450 5543 textu
2480 5493 2666 5541 Biblico
2687 5493 2806 5540 edit.
2837 5493 2972 5539 Rom.
2999 5497 3052 5538 el
3088 5490 3209 5549 Reg.
3232 5485 3326 5535 654
3355 5486 3688 5549 εὐρίζων-παρ-

2128 5545 2375 5623 οξυτῶως.
2398 5555 2562 5623 ~S;_e_\'i|.
2591 5553 2640 5623 εῦ
2667 5555 2818 5616 ῥίζων.
2843 5551 2976 5623 (1911).
3003 5545 3186 5623 εὐρίζῳῖ
3223 5545 3507 5623 νΙξειξίο
3711 5591 3720 5598 ,

2128 5606 2260 5701 ᾗσι,
2289 5606 2430 5673 Κόιλῷ
2445 5606 2738 5706 βλαστήμὰτι
2761 5623 2856 5662 etc.
2880 5614 2996 5686 Haec
3017 5606 3359 5722 imm-"gremio
3383 5615 3457 5655 est
3476 5606 3691 5666 Aquila.

2156 5685 2323 5739 Αλλος,
2359 5679 2449 5729 Ἀπ
2485 5680 2632 5742 ἀρχῆς
2661 5678 2975 5739 ἀφωρισμενῳ
2995 5681 3114 5736 elc.,
3193 5684 3261 5722 ac
3287 5683 3404 5722 vero
3425 5675 3503 5718 est
3542 5668 3723 5731 Syene»-

2128 5745 2370 5858 "13193611..
2381 5774 2504 5867 ιιεέ.
2529 5799 2623 5852 εδι
2641 5799 2776 5852 addit
2805 5798 2978 5863 χώρας.
