4080 6340
448 360 554 415 (ΞΠ

442 476 544 537 δεῖ,
596 474 689 529 zeal
741 478 909 531 αἰνεῖν
962 477 1141 548 μόνον,
1186 477 1281 531 καὶ
1330 477 1487 531 τοῦτο
1540 479 1657 548 μεθ’
1706 479 2009 549 ὑπερϐολῆς

440 558 659 630 ἀπάσης
683 577 696 590 ·
747 560 915 614 αἰνεῖν
952 561 1010 615 δέ
1064 561 1248 627 αὑτὸν,
1281 562 1374 615 zeal
1413 562 1500 615 διά
1539 562 1601 615 τὸ
1645 563 1874 633 μέγεθος
1912 564 2013 632 τῆς

439 641 631 704 οὐσίας
657 644 718 696 τὸ
751 646 978 715 ἄπειρον
1020 644 1180 698 τοῦτο
1219 647 1312 699 zeal
1353 646 1758 719 ἀκατάληπτον,
1799 646 1894 700 zeal
1926 646 2014 700 διὰ

439 722 540 793 τὴν
581 724 885 797 ὑπερϐολὴν
926 726 1036 781 τῶν
1072 727 1404 798 εὐεργεσιῶν
1435 728 1546 782 τῶν
1582 732 1662 794 εἰς
1699 731 1867 800 ἡμᾶς.
1905 729 2014 781 Kal

440 806 550 877 γὰρ
600 809 896 881 ἠϐουλήθη,
946 811 1040 864 καὶ
1095 812 1314 882 ἴσχυσεν
1369 812 1513 883 ἅπερ
1563 813 1856 884 ἠϐουλήθη.
1913 814 2015 867 Ἔν

440 890 616 944 πόλει
646 892 754 945 τοῦ
801 893 948 947 Θεοῦ
992 893 1181 962 ἡμῶν,
1228 895 1299 948 ἐν
1341 894 1462 964 ὄρει
1514 896 1662 965 ἁγίῳ
1705 895 1909 951 αὐτοῦ.
1947 896 2013 949 Τί

439 971 651 1041 λέγεις;
699 975 847 1029 Ἐκεῖ
868 976 1174 1045 συγκλείεις
1202 978 1368 1032 αὐτοῦ
1402 978 1495 1032 τὸν
1513 975 1684 1044 αῐνον,
1721 979 1814 1032 τοῦ
1845 978 2015 1050 μεγά-

439 1055 553 1119 λου,
582 1056 675 1111 τοῦ
712 1058 946 1124 αἰνετοῦ,
986 1061 1045 1114 ἐν
1091 1062 1157 1129 τῇ
1207 1060 1357 1114 πόλει
1407 1061 1502 1115 zeal
1549 1063 1608 1115 ἐν
1653 1062 1731 1133 τῷ
1757 1062 1903 1132 δρει;
1935 1063 2011 1116 Οὐ

438 1137 596 1191 τοῦτο
628 1139 799 1209 λέγω,
849 1143 1034 1213 φησὶν,
1069 1142 1185 1196 ἀλλ’
1230 1143 1311 1196 ὅτι
1353 1145 1517 1213 ἡμεῖς
1560 1144 1667 1215 πρὸ
1697 1144 1805 1198 τῶν
1838 1144 2011 1200 ἄλλων

437 1220 631 1275 τοῦτο⁸
662 1223 1001 1295 ἐπέγνωμεν.
1035 1227 1106 1278 Ἢ
1131 1227 1220 1278 διὰ
1243 1226 1401 1280 τοῦτο
1426 1223 1519 1280 οὖν
1539 1223 1659 1280 εἰπε
1686 1227 1764 1292 τὸ,
1804 1230 1898 1281 Ἐν
1916 1229 2013 1281 πό-

437 1308 530 1360 λει
567 1305 672 1359 τοῦ
708 1305 859 1361 Θεοῦ
900 1307 1091 1377 ἡμῶν,
1132 1309 1165 1379 ἣ
1199 1309 1366 1362 θέλων
1406 1309 1645 1379 δηλῶσαι
1674 1311 1755 1364 ὅτι
1791 1311 1879 1364 διὰ
1903 1311 2010 1366 τῶν

437 1389 519 1450 εὶς
545 1388 714 1457 αὐτὴν
744 1390 1041 1461 γινομένων
1072 1390 1364 1461 θαυμάτων
1396 1391 1607 1463 ἐδείχθη
1640 1393 1804 1446 αὑτοῦ
1833 1397 1866 1464 ἡ
1912 1412 2009 1465 με-

436 1469 724 1541 γαλωσύνη
764 1473 859 1526 καὶ
909 1474 943 1543 ἡ
996 1473 1145 1539 δόξα,
1192 1475 1274 1526 ὅτι
1329 1473 1394 1545 δὴ
1442 1476 1570 1535 τοὺς
1606 1474 2007 1545 αἰχμαλώτους,

436 1551 565 1614 τοὺς
616 1552 1082 1625 άπερῥιμμένους,
1128 1558 1254 1618 τοὺς
1304 1558 1827 1630 εὐκαταφρονήτους,
1882 1559 2009 1622 τοὺς

438 1634 690 1705 καθάπερ
718 1638 775 1689 ἐν
806 1636 963 1708 τάφῳ
993 1642 1060 1711 τῇ
1093 1639 1326 1710 πολεμίᾳ
1350 1641 1740 1712 κατεχομένους
1762 1644 1857 1712 γῇ,
1886 1644 2009 1695 τού-

436 1734 563 1781 τους
604 1717 798 1789 ἀθρόον
833 1719 1007 1785 οὕτως
1048 1722 1323 1793 ἐκλάμψαι
1349 1724 1776 1793 παρεσκεύασεν,
1802 1727 1877 1788 ὡς
1899 1725 2008 1779 τῶν

438 1801 830 1871 κρατησάντων
859 1804 1264 1874 περιγενέσθαι,
1286 1808 1381 1860 zeal
1408 1806 1846 1871 ἐπανελθεῖν,καὶ
1871 1809 2007 1879 πρὸς

436 1882 538 1954 τὴν
571 1883 845 1955 πρατέραν
888 1887 1187 1959 εὐημερίαν
1232 1891 1619 1959 ἐπαναγαγεῖν,
1672 1893 1767 1945 zeal
1807 1891 1870 1944 τὸ
1899 1909 2006 1946 πα·-

437 1966 588 2020 λαιὸν
615 1968 715 2037 τῆς
748 1970 1005 2041 πατρίδος
1040 1970 1333 2026 ἀποδοῦναι
1377 1975 1579 2045 σχῆμα.
1621 1975 1867 2029 Δείκνυσι
1907 1976 2005 2047 μὲν

437 2049 545 2117 γὰρ
580 2049 761 2114 αὑτὸν,
792 2053 946 2122 φησὶ,
974 2054 1068 2107 zeal
1091 2053 1152 2107 τὸ
1173 2055 1405 2125 μέγεθος
1428 2056 1537 2110 τῶν
1556 2059 1867 2128 κτισμάτων
1895 2059 2005 2112 τῶν

436 2132 728 2203 ὁρωμένων
759 2149 773 2162 ·
813 2133 928 2187 ἀλλ’
969 2134 1152 2201 ἐπειδὴ
1185 2138 1232 2190 οἰ
1277 2136 1495 2202 πλείους
1532 2140 1883 2212 ἀνοητότερον
1930 2142 2006 2194 δι-

437 2216 647 2269 έκειντο
667 2215 730 2270 τὸ
759 2216 1004 2283 παλαιὸν,
1038 2219 1360 2290 προστίθησι
1378 2222 1472 2274 καὶ
1501 2224 1599 2295 τὴν
1634 2223 1740 2276 ἀπὸ
1771 2224 1878 2276 τῶν
1906 2243 2004 2278 πο-

436 2298 659 2369 λεμίων,
688 2300 783 2353 zeal
810 2299 909 2372 τὴν
940 2301 1048 2355 ἀπὸ
1076 2302 1177 2372 τῆς
1204 2303 1361 2375 νίκης
1393 2304 1610 2372 γνῶσιν,
1633 2307 1701 2359 τὰ
1730 2307 2004 2379 παράδοξα

434 2380 608 2435 ταῦτα
633 2382 868 2453 τρόπαια
891 2384 1127 2454 συνεχῶς
1159 2385 1329 2450 ἱστὰς,
1365 2387 1459 2440 zeal
1482 2387 1578 2458 τὴν
1600 2388 1691 2440 ἐπὶ
1711 2389 1773 2441 τὸ
1797 2389 2004 2459 βέλτιον

439 2464 743 2535 μεταϐολὴν
765 2467 1152 2537 ἐργαζόμενος,
1182 2469 1276 2522 καὶ
1303 2472 1431 2540 παρ’
1454 2472 1644 2526 ἐλπίδα
1664 2473 1757 2526 zeal
1784 2475 2007 2544 προσδο-

435 2547 561 2601 κίαν
609 2549 825 2602 ἀπασαν
861 2548 930 2602 τὰ
981 2550 1205 2604 τοιαῦτα
1247 2550 1695 2629 θαυματουργῶν.
1740 2556 1901 2612 Πόλιν
1948 2557 2005 2610 δέ

433 2631 600 2686 αὐτοϋ
634 2632 791 2687 καλεῖ
818 2633 1042 2704 ταύτην,
1067 2635 1128 2688 οὑ
1164 2637 1264 2700 τὰς
1299 2637 1464 2702 άλλας
1490 2640 1808 2712 ἀποστερῶν
1837 2641 2007 2696 αὑτοῦ

432 2716 535 2785 τῆς
574 2718 850 2786 προνοίας,
894 2717 1030 2772 ἀλλά
1075 2718 1287 2783 δεικνὺς
1331 2720 1555 2786 τούτους
1593 2722 1755 2776 πλέον
1797 2741 1852 2777 τι
1893 2723 2003 2778 τῶν

433 2799 608 2854 ἄλλων
630 2800 853 2871 ἔχοντας
873 2801 1014 2856 κατά
1042 2801 1132 2855 τὸν
1152 2806 1251 2873 τῆς
1272 2805 1526 2872 γνώσεως
1549 2806 1728 2875 λόγον.
1769 2807 2002 2871 Ἐκεῖναι

436 2882 537 2950 μὲν
574 2882 684 2956 γὰρ
718 2883 859 2938 κατά
907 2884 998 2939 τὸν
1025 2887 1124 2956 τῆς
1151 2885 1510 2958 δημιουργίας
1539 2889 1696 2958 μόνον
1727 2890 1882 2957 λόγον
1908 2892 2004 2944 αὐ-

433 2964 526 3019 τοῦ
560 2965 626 3019 ἂν
670 2966 911 3036 λέγοιντο
934 2988 947 3001 ·
978 2967 1116 3039 αῦτη
1146 2968 1205 3021 δὲ
1242 2969 1337 3022 zeal
1369 2971 1513 3024 κατὰ
1538 2972 1629 3025 τὸν
1670 2973 1768 3043 τῆς
1794 2973 2003 3026 οἰκειώ-

435 3065 591 3112 σεως,
617 3049 712 3103 καὶ
743 3050 831 3104 διά
853 3050 914 3104 τὺ
946 3053 1123 3106 πάντα
1146 3051 1332 3106 αὐτόθι
1355 3055 1424 3107 τά
1453 3053 1708 3125 θαύματα
1733 3055 1998 3124 γίνεσθαι.

434 3130 565 3184 Τότε
585 3130 684 3202 μὲν
716 3131 867 3204 [198]
901 3129 993 3187 οὖν
1022 3135 1055 3204 ἡ
1085 3134 1239 3198 πόλις
1277 3135 1494 3204 ἐλέγετο
1525 3136 1620 3190 τοῦ
1646 3137 1799 3190 Θεοῦ·
1831 3139 1924 3192 νῦν
1944 3139 2002 3193 δὲ

432 3213 629 3277 πάντες
645 3216 806 3284 ἡμεῖς
823 3215 915 3269 τοῦ
933 3217 1067 3271 Θεοῦ
1086 3216 1375 3287 λεγόμεθα.
1392 3222 1455 3272 Ol
1476 3220 1584 3288 γὰρ
1600 3220 1706 3274 τοῦ
1723 3222 1998 3290 Χριστοῦ,

433 3296 585 3364 φησὶ,
610 3296 725 3366 τὴν
759 3299 957 3366 σάρκα
980 3300 1372 3367 ἐσταύρωσαν
1399 3302 1522 3355 σὺν
1546 3303 1670 3368 τοῖς
1685 3304 1995 3373 παθήμασι

432 3379 533 3432 καὶ
574 3378 703 3445 ταῖς
738 3381 1090 3450 ἐπιθυμίαις.
1132 3379 1286 3446 Εἶδες
1335 3385 1536 3456 ἀρετῆς
1576 3385 1861 3454 ἐπίτασιν;
1902 3388 2000 3443 Διά

431 3459 592 3514 τοῦτο
626 3462 720 3515 zeal
745 3463 871 3531 ὅρος
903 3465 1119 3532 ἐλέγετο
1146 3465 1240 3519 τοῦ
1268 3466 1424 3531 Θεοῦ,
1461 3468 1646 3539 ἐπειδὴ
1670 3470 1698 3521 ὁ
1726 3470 1858 3534 Θεὸς
1886 3473 2003 3525 ἐκεῖ

432 3544 815 3614 ἐθεραπεύετο.
864 3547 1165 3615 Εὐριζῶνδ
1200 3549 1602 3619 άτανιλιάματι
1644 3551 1847 3620 πάσης
1890 3553 2000 3622 τῆς

432 3623 565 3694 τῆς.
599 3626 772 3696 Πολλὴ
813 3630 845 3700 ἡ
873 3629 1107 3698 ἀσάφεια
1140 3630 1237 3683 τοῦ
1261 3632 1448 3702 ῥητοῦ,
1484 3632 1565 3686 διδ
1588 3633 1873 3704 προσέχειν
1899 3635 1997 3689 δεῖ.

433 3707 526 3778 Τῷ
552 3709 652 3779 μὲν
679 3711 788 3780 γὰρ
824 3712 1012 3775 ἁπλῶς
1034 3712 1459 3782 ἀναγινώσκοντι
1504 3714 1705 3786 πολλὴν
1742 3718 1840 3787 τὴν
1863 3718 1999 3771 ἀπο-

436 3790 556 3862 ρίαν
595 3793 756 3856 ποιεῖ,
784 3793 811 3846 ὁ
849 3794 904 3846 δέ
937 3796 1074 3864 μετὰ
1104 3796 1386 3867 ἀκριϐείας
1412 3798 1551 3851 αὐτὰ
1589 3797 1781 3862 ἐπιὼν,
1810 3798 1999 3867 ὄψεται

430 3875 531 3946 τὴν
551 3874 870 3930 ἀκολουθίαν
892 3878 986 3931 zeal
1005 3877 1102 3949 τὴν
1131 3878 1316 3946 σειρὰν
1337 3879 1539 3950 ἀκριϐῆ
1564 3880 1670 3933 τῶν
1692 3882 1996 3954 νοημάτων.

437 3959 504 4013 Ὃ
534 3957 642 4028 γὰρ
672 3957 842 4027 λέγει,
878 3959 1120 4014 τοιοῦτόν
1145 3962 1261 4014 ἐστι
1285 3977 1298 3990 ·
1331 3963 1529 4031 Μέγας
1564 3964 1776 4033 Κύριος
1803 3965 1873 4018 ἐν
1895 3965 2001 4018 πό-

430 4047 526 4097 λει
553 4043 658 4096 τοῦ
688 4043 836 4097 Θεοῦ
869 4041 1055 4113 ιῃιῶν,
1089 4044 1159 4098 ἐν
1186 4045 1305 4113 ὄρει
1330 4046 1475 4115 ἁγίῳ
1506 4047 1698 4105 αὐτοῦ
1735 4046 1998 4116 εὐριζών,

429 4124 673 4178 τουτέστι
692 4124 872 4190 καλῶς
895 4125 1081 4198 ῥιζῶν,
1111 4128 1289 4190 καλῶς
1311 4131 1543 4199 πηγνὺς,
1564 4129 1745 4192 καλῶς
1768 4130 1999 4200 βεϐαιῶν

430 4206 604 4278 αὐτὴν
625 4209 682 4260 ἐν
703 4210 846 4279 χαρᾷ
877 4211 970 4261 καὶ
995 4210 1302 4283 εὐφροσύνῃ
1330 4211 1510 4283 πάσης
1527 4213 1626 4284 τῆς
1651 4215 1995 4288 οἰκουμένης.

432 4289 603 4343 Τοῦτο
628 4291 720 4343 zeal
744 4291 899 4354 ἄλλος
920 4293 1307 4362 αἰνιττόμενος,
1354 4296 1770 4365 Ἀςρωρισμένῳ
1798 4299 2000 4367 ἀγλαϊ-

431 4387 612 4442 σματι
634 4371 837 4440 πάσης
860 4373 969 4442 τῆς
996 4375 1129 4443 γῆς,
1161 4372 1333 4429 εἷπεν.
1374 4376 1677 4447 Ἀγλάῖσμα
1696 4379 1803 4450 γάρ
1828 4381 1997 4452 αὐτὴν

431 4454 615 4523 πάσης
658 4454 758 4525 τῆς
797 4457 1122 4527 οἰκουμένης
1166 4459 1260 4511 zeal
1324 4459 1664 4530 εὐφροσύνην
1718 4462 1993 4532 ἐποίησεν.

443 4535 683 4590 Ἐκεῖθεν
713 4536 821 4608 γὰρ
866 4540 898 4609 ἡ
950 4542 1099 4610 πηγὴ
1145 4540 1247 4611 τῆς
1278 4542 1582 4609 εὐσεϐείας,
1626 4543 1721 4596 zeal
1749 4545 1847 4616 τῆς
1881 4546 1996 4599 θεο-

430 4619 667 4690 γνωσίας
695 4622 750 4673 αἰ
808 4620 954 4691 ῥίζαι
1002 4625 1097 4677 zeal
1138 4626 1195 4677 αἰ
1239 4625 1421 4696 ἀρχαί.
1489 4627 1754 4697 Τοιαύτην
1820 4628 1996 4683 τοίνυν

427 4700 594 4757 οὖσαν
653 4703 823 4774 αὐτὴν
884 4706 1146 4777 ἐρῥίζωσε
1174 4748 1189 4771 ,
1250 4710 1344 4762 zeal
1405 4710 1585 4771 καλῶς
1648 4710 1844 4780 ἔπηξεν
1906 4715 1995 4766 ἐπί

428 4787 622 4858 κόσμῳ
677 4784 777 4856 τῆς
839 4789 1203 4860 οἰκουμένης,
1270 4794 1363 4846 ἐπὶ
1438 4794 1839 4864 άγαλλιάματι,
1903 4795 1995 4847 ἐπὶ

427 4873 571 4942 χαρᾷ
604 4870 785 4941 πάσης
831 4872 929 4941 τῆς
951 4876 1070 4943 γῆς.
1108 4873 1181 4927 Τὸ
1216 4875 1323 4947 γάρ
1357 4876 1723 4931 διδασκαλεῖον
1751 4878 1849 4948 τῆς
1893 4879 1995 4948 γῆς

425 4955 495 5008 τά
541 4955 889 5027 Ἱεροσόλυμα
928 4955 1049 5008 τότε
1088 4953 1179 5028 ἦν,
1232 4960 1326 5012 zeal
1365 4962 1412 5011 οἱ
1460 4960 1767 5031 βουλόμενοι
1818 4962 1994 5032 χαρᾶς

426 5037 751 5104 ἀπολαύειν,
817 5038 913 5092 zeal
970 5041 1442 5106 καλλωπίζεσθαι,
1492 5045 1588 5095 zeal
1650 5046 1989 5115 κοσμεῖσθαι,

425 5120 675 5175 ἐντεῦθεν
726 5120 795 5175 τὰ
868 5120 1056 5176 δέοντα
1121 5123 1440 5195 ἐμάνθανον.
1500 5126 1589 5178 Διὸ
1639 5126 1732 5178 καὶ
1777 5137 1800 5165 ο
1834 5128 1993 5181 τοῦτο

422 5203 599 5275 δηλῶν
683 5203 747 5267 οὑ
832 5204 998 5274 ῥιζῶν
1077 5203 1227 5260 εἶπεν
1252 5247 1269 5272 ,
1353 5209 1465 5262 ἀλλ’
1490 5249 1505 5272 ,
1584 5208 1859 5276 Ενίιριζῶν.
1929 5213 1991 5265 Εἰ

422 5286 481 5340 δὲ
511 5286 687 5358 βούλει
721 5288 853 5342 αὐτὸ
884 5290 979 5342 καὶ
1018 5290 1155 5343 κατὰ
1180 5291 1466 5362 ἀναγωγὴν
1496 5292 1698 5354 λαϐεῖν,
1733 5292 1852 5361 ὄψει
1883 5294 1992 5348 τῶν

424 5372 764 5442 πραγμάτων
796 5372 894 5445 τὴν
943 5372 1217 5443 ἀλήθειαν.
1282 5373 1558 5427 Ἐντεῦθεν
1590 5375 1695 5445 γὰρ
1737 5376 1797 5428 τὸ
1827 5376 1994 5443 ἀγαλη

423 5452 592 5524 λίαμα
620 5455 892 5525 πανταχοῦ
923 5456 1024 5526 τῆς
1052 5457 1371 5529 οἰκουμένης
1404 5458 1643 5527 γέγονεν’
1676 5460 1923 5513 ἐντεῦθεν
1957 5464 1989 5532 ἡ

481 5546 515 5616 ξ
535 5545 618 5596 Sic
636 5545 734 5597 duo
749 5560 864 5596 mss.
892 5555 1050 5598 recte.
1077 5550 1141 5598 At
1161 5549 1312 5599 Savil.
1328 5556 1382 5599 et.
1404 5549 1577 5600 Morel.
1602 5553 1692 5617 πρὸ
1712 5554 1806 5601 τῶν
1838 5554 1994 5601 ἄλλων

423 5621 610 5656 τουτον.
1108 5622 1114 5629 ’

488 5666 517 5706 ι)
539 5669 649 5736 ξαν.
672 5673 724 5718 ει
748 5670 846 5720 duo
863 5685 981 5736 mss.
1004 5672 1169 5736 εὐρίζῳ
1188 5672 1288 5728 hic,
1315 5678 1370 5736 et
1392 5673 1515 5722 infra
1536 5674 1587 5722 in
1610 5687 1708 5723 uno
1728 5672 1989 5724 manuscri-

424 5733 529 5796 ρίο.
546 5730 616 5796 lea
642 5743 837 5796 qqoqup
862 5734 986 5795 legit
1002 5730 1244 5785 Edsebius
1266 5735 1324 5782 ad
1346 5736 1475 5784 hunc
1496 5736 1833 5796 Psalmum,ita
1859 5739 1996 5787 υιεὺ-

426 5788 534 5862 ρξζῳ
544 5788 950 5862 ρὶιρᾷεἱηεοιῑγυηῖ.
971 5800 1137 5845 ethoc
1158 5797 1301 5862 modg
1311 5798 1384 5862 sit_
1398 5798 1661 5862 legendam
1682 5799 1729 5844 ἐν
1744 5788 1845 5860 ’ὄρει
1872 5799 1992 5862 ἁγίῳ

425 5850 574 5919 αὖέτὲ
602 5850 785 5916 εὐρίίῳ,
808 5852 857 5919 in
877 5863 1030 5919 monte
1051 5865 1211 5909 sancto
1242 5855 1346 5919 ejus
1369 5850 1482 5907 ben?
1506 5857 1741 5906 radicum.
1781 5850 1789 5860 '
1892 5890 1899 5903 ι

490 5911 511 5947 ⁸
532 5909 778 5977 Duo
802 5916 1069 5978 ἐμάνθανον.
1094 5921 1185 5968 Καὶ
1211 5909 1299 5968 οὐκ
1318 5919 1419 5969 εἷπε
1439 5920 1643 5985 ῥίζωσιν.
1678 5921 1763 5969 Διὸ
1796 5921 1893 5972 καί.

1122 365 1180 420 S.
1218 363 1502 421 JOANMS
1539 364 2028 422 CIIERYSOSTOMI
2067 365 2383 421 ARCHIEP.
2418 361 2961 418 CUNSTANTINOP.

3577 365 3684 421 ειη

2113 479 2417 550 εὐφροσύνη
2435 477 2527 530 καὶ
2558 480 2590 547 ὴ
2620 477 2777 548 χαρά·
2832 474 3081 530 ἐντεῦθεν
3117 477 3171 528 αἱ
3209 477 3380 545 πηγαὶ
3417 476 3513 546 τῆς
3541 479 3689 547 φιλο-

2115 563 2325 630 σοφίας,
2361 560 2487 614 ἔνθα
2529 561 2759 630 Χριστὸς
2801 557 3137 629 ἐσταυρώθη,
3174 558 3296 612 ὅθεν
3325 562 3373 612 οἰ
3403 559 3687 616 ἀπόστολοι

2112 645 2459 715 ἐξώρμησαν·
2505 644 2597 696 Ἐκ
2626 644 2736 711 γὰρ
2764 642 2918 696 Σιὼν
2945 641 3325 702 ἐξελεύσεται
3352 645 3553 711 νόμος,
3580 645 3682 697 καὶ

2112 728 2294 796 λόγος
2319 726 2539 793 Κυρίου
2570 725 2638 790 ἐξ
2675 724 3081 794 Ἰερουσαλήμ·
3107 727 3201 779 zeal
3222 726 3375 795 ῥίζας
3411 725 3468 779 δέ
3491 727 3685 782 ἀθανά·

2111 825 2238 871 τους
2268 811 2300 880 ἡ
2325 806 2470 879 χαρά
2488 806 2625 879 αὕτη
2660 808 2794 878 ἔχει.
2830 810 2976 877 Ὄρη
3007 807 3161 862 Σιὼν
3185 809 3259 861 τὰ
3291 811 3521 877 πλευρὰ
3572 811 3678 865 τοῦ

2105 892 2318 961 βορρᾶ.
2367 892 2558 954 Ἀλλος
2618 892 2803 961 φησὶν,
2838 892 2984 958 Ὄρη
3039 890 3190 944 Σιὼν
3237 894 3290 945 οἰ
3342 891 3513 959 μτωοὶ
3571 892 3680 946 τοῦ

2110 973 2321 1044 βορρᾶ.
2359 974 2419 1029 '0
2449 974 2506 1028 δέ
2548 974 2815 1045 Ἐϐραῖος,
2872 976 2969 1043 Ἃρ
2997 974 3149 1027 Σιὼν
3181 974 3382 1043 ωρκθὴ
3419 976 3676 1044 σαφούν.

2112 1058 2270 1121 Τίνος
2301 1057 2509 1121 ἕνεκεν,
2555 1057 2675 1110 εἰπέ
2721 1057 2942 1126 μοι,τοῦ
2978 1055 3150 1129 βορῥᾶ
3202 1056 3526 1127 μνημονεύει
3558 1056 3676 1118 νῦν,

2112 1142 2207 1194 καὶ
2234 1139 2325 1194 τοῦ
2381 1140 2545 1193 τόπου
2580 1140 2678 1211 τὴν
2712 1139 2860 1192 θέσιν
2909 1140 3040 1209 ἡμῖν
3086 1140 3420 1210 ὑπογράψας
3466 1140 3681 1211 Ἐπειδὴ

2110 1223 2359 1277 ἐντεῦθεν
2390 1221 2627 1293 συνεχῶς
2650 1225 2679 1274 ὁ
2702 1221 2935 1293 πόλεμος
2959 1222 3140 1285 αὐτοῖς
3161 1221 3553 1293 ἀνερῥιπίζετο,
3572 1222 3679 1275 τῶν

2112 1305 2401 1377 βαρϐάρων
2431 1305 2714 1367 ἐπιόντων,
2747 1304 2841 1358 zeal
2872 1303 3109 1374 συνεχῶς
3136 1307 3184 1357 οἰ
3218 1304 3490 1377 προφῆται
3526 1305 3681 1358 τοῦτο

2109 1388 2345 1457 λέγουσι,
2370 1387 2461 1442 τὸν
2496 1386 2603 1441 ἀπὸ
2648 1385 2818 1458 βορῥᾶ
2848 1386 3156 1450 καλοῦντες,
3194 1388 3287 1440 zeal
3315 1387 3512 1458 λέϐητα
3540 1390 3679 1441 ἐκεῖ·

2110 1471 2200 1525 θεν
2255 1470 2544 1541 καιόμενον
2596 1468 3021 1541 ὑπογράφουσιν
3069 1468 3210 1523 οὕτω
3256 1469 3422 1541 γὰρὴ
3456 1470 3679 1542 Περσῶν

2108 1555 2262 1627 χώρα
2291 1558 2466 1608 κεῖται
2498 1554 2632 1626 πρὸς
2659 1555 2757 1626 τὴν
2780 1553 3158 1624 Παλαιστίνην.
3183 1553 3483 1624 Θαυμάζων
3502 1555 3678 1608 τοίνυν

2107 1638 2168 1691 τὸ
2197 1636 2584 1709 γεγενημένον,
2626 1635 2787 1690 τοῦτο
2829 1637 3095 1706 ἐπήγαγε,
3146 1635 3341 1707 δηλῶν,
3367 1637 3448 1689 ὅτι
3472 1636 3672 1707 ταύτην

2107 1720 2205 1792 τὴν
2235 1720 2471 1791 συνεχῶς
2500 1719 2706 1773 ἐκεῖθεν
2747 1718 3133 1789 ἐνοχλουμένην
3163 1718 3463 1791 ἀχείρωτον
3491 1720 3675 1789 ἐποίη-

2109 1822 2226 1868 σας.
2257 1805 2465 1875 ’Ὠσπερ
2495 1802 2605 1875 γὰρ
2649 1802 2715 1857 ἂν
2749 1800 2804 1854 εῐ
2833 1819 2917 1865 τις
2954 1801 3100 1869 λέγοι
3144 1802 3270 1873 περὶ
3297 1800 3560 1872 σώματος,
3591 1804 3675 1855 ὅτι

2102 1890 2178 1945 Τὸ
2212 1890 2375 1959 μέρος
2423 1889 2599 1940 ἐκεῖνο
2638 1886 2702 1940 τὸ
2750 1884 2974 1947 ἀσθενὲς
3025 1884 3365 1957 ἰσχυρότερον
3408 1886 3667 1958 εἰργάσω,

2105 1970 2263 2024 τοῦτο
2311 1969 2376 2041 δὴ
2432 1971 2524 2023 zeal
2555 1969 2713 2031 αὐτὸς
2738 1966 2971 2020 ἐνταῦθα
3001 1959 3495 2032 αἰνίττεταιλέγωνσ
3517 1962 3673 2019 Ὅθεν

2106 2052 2340 2123 οἰμωγαὶ
2368 2052 2462 2105 καὶ
2500 2051 2732 2122 δάκρυα,
2755 2049 2878 2102 ὅθεν
2928 2047 3182 2111 ὑπόθεσις
3208 2047 3319 2101 τῶν
3357 2046 3671 2118 συμφορῶν,

2106 2134 2274 2188 ταῦτα
2301 2135 2490 2206 ἡδονῆς
2508 2133 2577 2187 τὰ
2602 2133 2740 2204 μέρη
2764 2131 3163 2203 ἐμπέπλησται,
3193 2130 3364 2184 ταῦτα
3388 2130 3672 2200 εὐθυμίας.

2108 2218 2268 2271 Ὅθεν
2299 2218 2517 2272 ἀπειλαί
2537 2219 2631 2272 zeal
2670 2216 2823 2287 φόϐοι
2850 2216 2944 2269 καὶ
2977 2216 3226 2282 κίνδυνοι,
3261 2213 3505 2270 ἐντεῦθεν
3526 2215 3673 2287 χαρά

2105 2302 2199 2356 καὶ
2229 2303 2556 2373 εὐφροσύνη,
2587 2301 2682 2354 καὶ
2731 2300 2905 2362 οὐδεὶς
2947 2299 3131 2351 λοιπὸν
3161 2300 3334 2352 ἐκεῖνο
3363 2297 3564 2351 δέδοικε
3612 2298 3675 2350 τὸ

2108 2384 2267 2455 μέρος
2292 2385 2389 2454 τῆς
2410 2385 2638 2446 κτίσεως
2670 2382 2729 2435 τὸ
2763 2381 3116 2453 βορειότερον,
3149 2381 3322 2444 οὐδεὶς
3351 2382 3676 2451 κάμνει,οὐ-

2102 2468 2214 2531 δείς
2239 2467 2528 2539 ὑφορᾶται,
2568 2464 2719 2539 [199]
2751 2465 2886 2519 ἀλλὰ
2910 2465 3108 2527 πάντες
3143 2466 3200 2518 ἐν
3221 2464 3545 2535 εὐφροσύνῃ,
3575 2463 3670 2517 σοῦ

2105 2548 2435 2620 ῥιζώσαντος
2469 2549 2639 2619 αὐτὴν
2659 2550 2717 2601 ἐν
2742 2548 2926 2619 ἡδονῇ.
2944 2548 3010 2602 Ἦ
3038 2550 3214 2613 πόλις
3244 2546 3351 2601 τοῦ
3374 2545 3677 2611 ,βασιλέως

2103 2632 2208 2686 τοῦ
2225 2631 2512 2703 μεγάλου.
2558 2634 2620 2686 ὐ
2649 2632 2793 2697 Θεὸς
2831 2632 2902 2685 ὲν
2938 2631 3067 2697 ταῖς
3090 2631 3350 2699 ,βάρεσιν
3377 2630 3565 2698 αὐτῆς
3588 2648 3676 2699 τι-

2101 2715 2411 2779 νώσκεται,
2467 2717 2614 2770 ὅταν
2653 2713 3157 2783 ἀντιλαμϐάνηται
3202 2714 3410 2783 αὐτῆς.
3462 2714 3673 2778 Ἀλλος,

2115 2797 2433 2868 Ἐγνώσθη.
2457 2797 2670 2861 Ἄλλος,
2708 2798 2761 2850 '0
2798 2798 2942 2864 Θεὸς
2972 2797 3044 2852 ἐν
3068 2796 3193 2864 τοῖς
3205 2798 3541 2864 βασιλείοις
3566 2799 3674 2851 αὐ·-

2101 2878 2212 2947 τῆς
2260 2881 2672 2950 γνωσθήσεται
2707 2883 2794 2944 εἰς
2830 2881 3122 2949 ὀχύρωμα.
3171 2880 3380 2946 Ἀλλος,
3431 2882 3493 2934 '0
3525 2880 3671 2946 Θεὸς

2100 2962 2171 3014 ἐν
2198 2964 2324 3030 ταῖς
2340 2964 2598 3033 ,ϐάρεσιν
2637 2962 2825 3033 αὐτῆς
2861 2963 3126 3034 ἐγνώσθη
3147 2965 3235 3031 εἰς
3254 2961 3319 3016 τὸ
3354 2963 3670 3029 ἐξελέσθαι

2101 3045 2312 3115 αὐτήν.

2116 3156 2119 3159 ι
2173 3129 2236 3200 β’.
2283 3129 2664 3200 Ἀνακηρύττει
2702 3130 2871 3199 αὐτῆς
2894 3129 2954 3182 τὸ
2978 3129 3211 3200 ἀξίωμα,
3241 3128 3340 3200 τὴν
3376 3128 3670 3199 εὐφημίαν,

2100 3212 2191 3267 τὸν
2220 3211 2505 3281 στέφανον,
2525 3214 2714 3282 λέγων,
2769 3214 2828 3268 Ἠ
2869 3213 3046 3279 πόλις
3096 3212 3200 3267 τοῦ
3234 3212 3537 3278 ,βασιλέως
3564 3212 3673 3267 τοῦ

2096 3295 2381 3366 μεγάλου.
2413 3294 2546 3350 Εἶτα
2573 3297 2784 3359 δεικνὺς
2813 3297 2927 3360 πῶς
2957 3299 3071 3350 ἐστι
3096 3297 3246 3361 πόλις
3278 3295 3369 3351 τοῦ
3413 3297 3673 3366 βασιλέως

2101 3379 2193 3433 τοῦ
2231 3380 2487 3450 μεγάλου,
2515 3382 2730 3448 ἐπάγει,
2748 3380 2851 3433 Ἐν
2872 3380 3000 3446 ταῖς
3020 3380 3279 3450 βάρεσιν
3294 3379 3479 3449 αὐτῆς
3503 3381 3673 3451 τιν-ὠ-

2101 3478 2338 3525 σκεται,
2363 3463 2463 3534 τὴν
2494 3464 2695 3536 πολλὴν
2723 3464 2977 3535 πρόνοιαν
3000 3464 3423 3535 ἐνδεικνύμενος,
3441 3465 3522 3518 ὅτι
3542 3465 3673 3541 ὅλην

2100 3547 2167 3600 δι’
2203 3547 2325 3601 ὅλου
2356 3546 2518 3610 σώζει
2549 3547 2598 3611 ά,
2627 3549 2725 3617 οὑχ
2756 3548 3049 3619 ὁλοκλήρου
3101 3548 3259 3618 μόνον
3312 3549 3479 3619 αὐτῆς
3507 3550 3669 3618 κηδό-

2105 3647 2281 3698 μενος,
2313 3629 2449 3684 ἀλλὰ
2481 3631 2574 3683 zeal
2610 3631 2729 3684 καθ’
2756 3632 2991 3700 ἐκάστην
3015 3631 3191 3683 οἰκίαν
3234 3631 3671 3700 ἐπιδεικνύμενος

2100 3711 2262 3764 αὑτοῦ
2294 3712 2391 3783 τὴν
2415 3713 2685 3784 πρόνοιαν.
2731 3713 2890 3783 Ἡμῖν
2917 3713 3013 3783 μὲν
3037 3712 3143 3783 γάρ
3169 3713 3263 3766 zeal
3296 3714 3460 3785 χωρὶς
3480 3712 3668 3766 τούτου

2100 3794 2392 3866 γνώριμος,
2445 3798 2557 3860 τοῖς
2602 3796 2661 3850 δὲ
2707 3795 2922 3867 ἐχθροῖς
2969 3797 3061 3849 καὶ
3101 3797 3347 3850 ἐντεῦθεν
3384 3797 3546 3850 αὐτοῦ
3572 3798 3673 3866 τὴν

2104 3881 2256 3949 ἰσχὺν
2275 3879 2468 3945 ἔδειξε.
2509 3879 2620 3932 Kal
2648 3878 2757 3950 γὰρ
2781 3881 2874 3933 ἐπὶ
2894 3879 2987 3932 τοῦ
3035 3879 3250 3942 Ἐζεκία
3328 3879 3490 3953 νέφος
3529 3878 3664 3952 βαρ-

2100 3961 2283 4031 ϐάρων
2315 3961 2561 4025 ἐπελθὸν,
2588 3962 2681 4014 καὶ
2715 3963 2893 4015 πᾶσαν
2936 3962 3103 4032 αὐτὴν
3132 3961 3381 4031 καθάπερ
3414 3962 3472 4014 ἐν
3496 3963 3667 4032 σαγή-

2100 4059 2166 4115 νῃ
2195 4043 2590 4107 κυκλώσαντες,
2639 4043 2884 4113 ἀπῆλθον
2930 4048 2991 4096 τὸ
3034 4042 3195 4096 πλέον
3242 4044 3417 4098 αὐτῶν
3450 4043 3670 4097 καταλι-

2099 4126 2291 4189 πόντες
2324 4126 2567 4197 νεκρούς.
2617 4127 2726 4180 Kal
2775 4126 2951 4198 ἐτεροι
2983 4125 3038 4178 δέ
3085 4125 3268 4180 πολλοὶ
3309 4126 3566 4189 πολλάκις
3588 4129 3671 4188 εἰς

2099 4209 2266 4279 αὐτὴν
2295 4208 2643 4273 εἰσελθόντες,
2674 4209 3050 4279 αἰσχυνθέντες
3079 4208 3447 4279 ἀνεχώρησαν.
3481 4208 3667 4262 Ταῦτα

2097 4290 2153 4344 δέ
2182 4290 2355 4343 πάντα
2402 4293 2468 4361 τῇ
2508 4290 2600 4343 τοῦ
2633 4291 2766 4343 Θεοῦ
2824 4289 3045 4361 προνοίᾳ
3104 4289 3456 4362 κατωρθώθη,
3507 4291 3666 4361 φησὶ,

2100 4377 2192 4425 καὶ
2213 4373 2468 4443 λαμπρὰν
2497 4374 2665 4444 αὐτὴν
2691 4373 2960 4443 ἐποίησεν.
3007 4375 3081 4425 Οὐ
3116 4374 3195 4444 τῷ
3227 4374 3452 4446 λαμπρά
3476 4374 3532 4428 δέ
3570 4375 3667 4443 μό-

2098 4472 2205 4520 νον,
2230 4456 2364 4508 άλλά
2396 4458 2489 4509 καὶ
2528 4455 2606 4527 τῷ
2631 4456 2772 4509 οὕτω
2794 4457 3020 4527 λαμπρὰ
3040 4457 3311 4524 γενέσθαι,
3338 4458 3543 4528 μεγάλη
3574 4458 3667 4525 γέ-

2098 4555 2273 4607 γονεν.
2304 4539 2431 4591 ’Ότι
2462 4538 2592 4592 ἰδοὺ
2611 4544 2663 4592 οἱ
2685 4539 2963 4604 βασιλεῖς
2981 4540 3088 4606 τῆς
3112 4540 3225 4608 γῆς
3243 4541 3664 4609 συνήχθησαν,

2097 4621 2431 4689 διήλθοσαν
2459 4622 2557 4674 ἐπὶ
2586 4621 2652 4674 τὸ
2683 4624 3051 4686 αὐτό.”Αλλος
3084 4624 3266 4693 φησὶν,
3310 4624 3455 4678 Ἰδοὺ
3486 4627 3540 4678 οἱ
3558 4626 3670 4688 βα-

2097 4704 2290 4770 σιλεῖς
2320 4705 2946 4768 συνετάξαντο.Αὺτοὶ
3003 4706 3229 4771 ἰδόντες
3262 4707 3466 4773 οὕτως.
3496 4708 3669 4761 ἐθαύ-

2090 4804 2315 4855 μασαν,
2361 4787 2796 4856 ἐταράχθησαν,
2844 4789 3287 4854 ἑσαλεύθησαν,
3320 4791 3532 4859 τρόμος
3562 4791 3668 4843 ἑπ-

2094 4868 2338 4922 ενίάϐετο
2383 4869 2602 4924 αὐτῶν.
2651 4870 2808 4923 Ἐκεῖ
2843 4871 3049 4937 ὠδῖνες
3100 4872 3180 4935 ὠς
3225 4874 3558 4940 τικτούσης,
3598 4873 3669 4925 ἐν

2094 4956 2383 5022 πνεύματι
2402 4955 2600 5017 βιαίῳ.
2639 4955 2829 5019 Ἄλλος
2883 4955 3035 5026 φησὶ,
3075 4955 3153 5009 Δι’
3187 4956 3409 5025 ἀνέμου
3433 4957 3661 5021 βιαίου.

2100 5036 2309 5101 Ἀλλος,
2358 5038 2699 5103 Καύσωνος.
2758 5039 3110 5107 Συντρίψεις
3157 5038 3337 5092 πλοῖα
3388 5040 3661 5107 Θαρσεῖς.

2100 5119 2307 5183 ’Λλλος,
2332 5119 2667 5186 Κατεάξεις.
2698 5120 2756 5173 Ὀ
2786 5121 2841 5174 δὲ
2878 5121 3122 5193 Ἐϐραῖός
3148 5139 3300 5193 φησι,
3330 5123 3582 5192 Θαρσεῖς
3616 5136 3661 5178 θ.

2110 5202 2373 5256 Ἐνταῦθα
2400 5202 2632 5271 πόλεμον
2671 5203 2936 5272 διηγεῖται
2966 5204 3204 5274 χαλεπὸν
3251 5206 3343 5258 zeal
3364 5222 3662 5277 συγκεκρο-

2094 5286 2329 5356 τημένον
2359 5285 2638 5349 πάντοθεν,
2680 5286 2773 5338 zeal
2805 5288 2961 5356 νίκην
3005 5288 3404 5360 λαμπροτέραν.
3444 5290 3662 5361 Ἐπειδὴ

2095 5371 2203 5439 γάρ
2237 5365 2409 5433 εἶπεν,
2427 5370 2509 5421 ὄτι
2542 5371 2997 5441 ἀντιλαμϐάνεται
3020 5374 3187 5443 αὐτῆς
3203 5377 3297 5427 καὶ
3321 5375 3513 5446 πολλὴν
3541 5377 3662 5428 ἐπι-

2093 5454 2333 5506 δείκνυσι
2364 5452 2640 5520 πρόνοιαν,
2659 5453 2895 5507 δείκνυσι
2924 5455 3110 5509 λοιπὸν
3135 5457 3228 5510 καὶ
3255 5457 3371 5527 πῶς
3400 5458 3665 5529 ἀντελαμ-

2157 5556 2333 5619 illius
2352 5556 2464 5611 ὅλην
2482 5557 2647 5619 διόλου
2658 5559 2815 5614 σώζει.
2843 5558 2940 5608 Alii
2965 5561 3026 5608 δι’
3047 5562 3174 5619 ὅλης.

2160 5630 2183 5657 o
2220 5618 2328 5687 Βυο
2344 5631 2471 5687 mss._
2489 5620 2516 5664 ὁ
2557 5620 2610 5687 δέ
2636 5618 2894 5687 (Εϐρᾳῖοςη
2912 5618 3213 5687 φησθαρσείς,
3240 5624 3307 5672 al.
3344 5625 3658 5687 φεισθαροείς·

2095 5692 2205 5747 gua
2225 5686 2303 5747 εει
2322 5691 2435 5747 νεητε
2461 5679 2628 5747 Ιεειὶο,
2653 5679 2941 5747 υιᾉξιίιμὶιιίῖτέι
2963 5679 3581 5747 mammam”;
3602 5679 3661 5735 τὸ

2094 5740 2464 5806 Θαρσεῖς-οὕτω
2484 5740 2674 5806 γὰρ-καὶ
2694 5742 2948 5806 ὁἚϐραῖος
2968 5740 3181 5802 ἐδήλωσε
3200 5748 3275 5794 διὰ
3294 5740 3376 5801 τῆς
3396 5740 3576 5804 λέξεως,
3599 5748 3660 5801 ἣν

2096 5802 2174 5868 Ξιειὶ
2198 5801 2852 5868 παρεθῄκοιιεενᾏιεεεηάυὼ
2873 5801 3171 5868 ευιειηςησὶ
3192 5809 3408 5868 Θαρσεῖς.
3431 5801 3576 5868 εενη.
3606 5817 3661 5856 ει

2095 5859 2924 5932 μετριξέρεἐέρᾳῖοςξοεσσαδέμ
2948 5859 3080 5919 Vide'
3111 5859 3314 5919 "Praeral.
3338 5859 3476 5920 Tomi
3509 5867 3665 5932 huius

2091 5922 2119 5988 θ
2141 5921 2199 5985 ιι,
2219 5934 2268 5995 ρ.
2286 5919 2352 5976 v1
2383 5927 2436 5973 et
2454 5919 2563 5976 vn.
