4108 6344
421 347 526 402 117

418 465 586 517 dum:
628 459 844 514 laudare
897 472 1087 526 nempe
1136 472 1254 510 eum
1300 463 1512 524 propter
1562 452 1696 505 hanc
1737 450 1993 504 inﬁnitam

418 564 474 608 et
525 548 1112 621 incomprcltensibilem
1163 547 1409 602 essentne
1458 541 1894 613 magnitudinem,
1942 548 1997 595 et

421 653 638 714 propter
664 656 870 696 summa
900 639 1016 709 ejus
1046 638 1098 692 in
1127 652 1225 692 nos
1257 633 1533 691 beneﬁcia.
1565 633 1693 687 Nam
1727 641 1781 686 et
1806 630 1993 694 voluit,

417 743 467 791 et
499 735 668 806 potuit
704 749 822 804 qua:
849 731 1034 785 voluit.
1093 729 1160 782 In
1189 729 1385 782 ciuitate
1411 725 1506 780 Dei
1532 725 1691 779 nostri
1711 766 1724 790 ,
1749 725 1801 777 in
1831 732 1997 778 monte

416 838 588 882 sancto
613 829 740 900 ejus.
769 823 905 893 Quid
934 821 1104 877 dicis?
1138 820 1246 875 Illic
1283 819 1400 887 ejus
1444 817 1656 871 laudem
1697 813 1992 878 concludis,

416 920 506 989 qui
531 928 613 973 est
641 933 880 988 magnus,
909 916 998 984 qui
1024 911 1320 977 laudabilis,
1351 911 1404 963 in
1426 909 1638 964 civitate
1668 917 1722 962 et
1747 906 1800 960 in
1837 919 1995 959 mon-

419 1011 514 1069 te?
543 1009 661 1065 Non
697 1010 797 1064 hoc
825 1009 964 1073 dico,
995 1005 1186 1076 inquit,
1212 1003 1304 1059 sed
1332 1000 1471 1072 quod
1496 1014 1592 1054 nos
1617 1007 1739 1053 ante
1767 997 1870 1051 alia
1897 997 1996 1050 hoc

416 1101 838 1171 cognoverimus.
877 1097 972 1152 Vel
1025 1104 1304 1165 propterea
1353 1107 1481 1162 ergo
1527 1089 1660 1144 dixit
1713 1087 1879 1153 illud,
1927 1085 1995 1139 In

418 1194 614 1246 civitate
641 1191 735 1244 Dei
778 1189 957 1255 nostri,
1003 1189 1086 1241 vel
1123 1185 1306 1240 volens
1354 1181 1658 1246 ostendere,
1705 1178 1849 1250 quod
1898 1191 1994 1248 per

419 1283 832 1355 magnitudinem
862 1278 1236 1334 miraculorum
1265 1291 1384 1345 qua:
1415 1273 1483 1327 ibi
1504 1272 1639 1327 facta
1656 1278 1796 1335 sunt,
1813 1277 1996 1324 osten~

420 1392 479 1432 sa
505 1377 572 1430 sit
596 1374 712 1443 ejus
733 1370 1040 1442 magnitudo
1085 1378 1138 1423 et
1165 1367 1331 1440 gloria
1364 1381 1377 1418 :
1411 1363 1552 1435 quod
1592 1378 1685 1419 eos
1721 1361 1806 1431 qui
1845 1368 1997 1415 erant

419 1465 641 1536 captivi,
669 1464 757 1536 qui
790 1462 1028 1532 disjecti,
1060 1460 1146 1530 qui
1191 1457 1515 1524 contempti,
1545 1454 1633 1523 qui
1677 1453 1731 1507 in
1782 1451 1995 1521 regione

419 1556 596 1611 hostili
648 1556 792 1610 velut
834 1556 886 1609 in
922 1552 1164 1622 sepulcro
1199 1548 1602 1610 detinebantur,
1644 1555 1702 1598 ut
1737 1543 1872 1597 adeo
1904 1557 1992 1596 re-

416 1659 575 1721 pente
601 1647 728 1701 clari
758 1653 956 1707 essent,
981 1640 1343 1712 procuraverit
1375 1653 1386 1687 :
1418 1646 1475 1692 ut
1516 1648 1570 1692 ct
1596 1635 1686 1706 qui
1719 1649 1813 1689 eos
1847 1633 1992 1689 vice-

417 1749 557 1804 rant,
586 1745 933 1807 superarent,
964 1743 1018 1788 et
1041 1733 1104 1787 ad
1133 1733 1362 1800 priorem
1391 1728 1627 1783 redirent
1667 1725 1992 1796 prosperita-

416 1843 523 1886 tcm
553 1872 568 1896 ,
621 1840 674 1884 et
721 1827 967 1897 antiquus
1022 1825 1207 1895 patria:
1263 1831 1429 1876 status
1477 1820 1556 1874 eis
1601 1819 1990 1873 restitueretur.

415 1921 658 1976 Ostendit
683 1922 822 1974 enim
845 1961 860 1983 ,
889 1917 1077 1987 inquit,
1106 1916 1274 1984 ipsum
1303 1914 1460 1967 etiam
1483 1919 1843 1964 creaturarum
1872 1921 1991 1976 quas

414 2014 660 2068 videntur
689 2010 992 2081 magnitudo
1026 2025 1038 2060 :
1068 2007 1163 2061 sed
1181 2003 1430 2076 quoniam
1449 2001 1748 2070 complures
1765 1998 1992 2066 antiqui-

415 2113 503 2158 tus
526 2111 676 2158 erant
711 2101 868 2171 paulo
913 2096 1318 2167 insipientiores,
1342 2093 1698 2161 cognitionem
1722 2130 1736 2152 ,
1771 2103 1888 2158 quae
1922 2102 1988 2140 ex

415 2195 643 2249 inimicis
681 2201 734 2247 et
767 2207 833 2246 ex
863 2189 1083 2245 victoria
1114 2187 1304 2251 oritur,
1349 2183 1548 2254 adjicit,
1581 2179 1843 2234 mirabilia
1874 2178 1990 2231 hate

419 2295 618 2353 tropaea
666 2283 876 2342 assidue
905 2282 1116 2352 erigens
1136 2320 1150 2343 ,
1180 2285 1233 2332 et
1259 2291 1344 2331 res
1370 2276 1421 2328 in
1460 2272 1651 2328 melius
1677 2270 1868 2325 mutari
1891 2282 1988 2322 cu-

416 2388 561 2438 rans,
591 2388 652 2428 ac
671 2381 861 2440 praeter
880 2385 1026 2439 spem
1057 2378 1110 2422 et
1130 2365 1578 2435 exspectationem
1611 2375 1821 2417 omnem
1848 2359 1989 2428 ejus-

413 2466 556 2522 modi
581 2464 834 2520 miracula
861 2463 1042 2518 edens.
1084 2461 1234 2515 Hanc
1271 2465 1446 2512 autem
1471 2465 1620 2509 vocat
1652 2454 1768 2521 ejus
1801 2451 1985 2506 civita-

414 2570 556 2626 tem,
591 2574 698 2613 non
722 2558 854 2612 alias
884 2556 1000 2625 ejus
1036 2555 1249 2624 privans
1291 2549 1641 2622 providentia,
1669 2546 1762 2600 sed
1797 2554 1855 2598 ut
1890 2543 1988 2597 hos

412 2650 691 2717 ostendat,
719 2647 861 2718 quod
885 2645 952 2701 ad
977 2643 1292 2714 cognitionis
1319 2641 1577 2696 rationem
1613 2637 1824 2700 attinet,
1867 2634 1985 2686 aliis

411 2741 573 2796 fuisse
597 2741 750 2809 longe
780 2738 1002 2808 priores.
1032 2735 1140 2790 Illae
1171 2734 1312 2788 enim
1343 2731 1457 2800 ejus
1483 2729 1585 2783 dici
1627 2734 1875 2798 poterant
1901 2741 1987 2778 ra-

411 2834 554 2887 tione
581 2838 782 2884 tantum
807 2827 1032 2898 opiﬁcii;
1075 2827 1189 2880 haec
1223 2839 1352 2879 vero
1391 2822 1550 2877 etiam
1587 2820 1792 2873 ratione
1835 2815 1985 2870 lami-

411 2923 650 2979 liaritatis
676 2930 730 2976 et
756 2917 1194 2979 necessitudinis,
1222 2925 1277 2970 et
1320 2913 1464 2984 quod
1503 2912 1618 2964 haec
1655 2909 1830 2964 omnia
1877 2905 1985 2960 illic

411 3019 600 3072 tierent
628 3013 899 3068 miracula.
931 3011 1081 3066 'I‘unc
1117 3011 1292 3078 itaque
1332 3021 1394 3062 ea
1428 3004 1706 3060 dicebatur
1738 3002 1828 3056 Dei
1852 3000 1983 3055 civi-

411 3118 525 3172 tas;
557 3121 698 3161 nunc
738 3113 915 3158 autem
949 3117 1046 3156 nos
1073 3115 1260 3155 omnes
1296 3097 1388 3152 Dei
1425 3096 1668 3151 dicimur.
1711 3092 1811 3159 Qui
1851 3092 1984 3144 enim

412 3199 597 3254 Christi
620 3207 757 3264 sunt,
784 3196 978 3266 inquit,
1010 3209 1210 3247 carnem
1233 3190 1588 3258 cruciﬁxerunt
1622 3202 1739 3240 cum
1780 3185 1910 3238 uitiis
1936 3193 1982 3237 et

406 3287 815 3359 concupiscentiis
844 3285 982 3355 (Gal.
1011 3285 1065 3340 5.
1096 3283 1210 3352 21).
1237 3280 1423 3335 Vidisti
1447 3291 1705 3333 summam
1725 3283 1779 3329 et
1805 3274 1980 3328 inten-

409 3380 670 3435 tissimam
730 3375 1018 3430 virtutem?
1084 3373 1153 3426 Et
1203 3371 1322 3425 ideo
1366 3367 1727 3437 appellabatur
1773 3378 1983 3434 quoque

408 3486 564 3526 mons
587 3469 699 3536 Dei,
722 3467 970 3538 quoniam
1001 3465 1140 3519 Deus
1157 3463 1262 3516 illic
1277 3461 1564 3516 colebatur.
1581 3457 1714 3511 Bene
1728 3457 1982 3509 radicibus

409 3565 619 3633 ﬁmans
666 3559 997 3616 exsultatione
1043 3558 1286 3611 universa:
1343 3563 1506 3607 terrte.
1569 3552 1776 3605 Dictum
1829 3547 1982 3601 valde

409 3655 712 3718 obscurum,
738 3659 794 3706 et
820 3650 940 3705 ideo
983 3656 1193 3718 oportet
1241 3643 1536 3699 attendere.
1583 3641 1644 3695 Ei
1686 3641 1863 3701 enim,
1891 3637 1981 3706 qui

410 3744 770 3817 perfunctorie
799 3743 960 3813 legit,
989 3755 1232 3810 magnam
1261 3736 1413 3791 aliert
1437 3734 1814 3790 dubitationem
1847 3749 1860 3784 :
1890 3729 1980 3798 qui

415 3837 670 3907 id_autem
710 3834 990 3903 diligenter
1019 3829 1372 3900 persequitur,
1404 3825 1602 3879 videbit
1646 3834 1979 3889 consequenv

412 3928 562 3993 tiam,
595 3936 647 3980 et
673 3933 972 3979 accuratam
997 3921 1376 3976 sententiarum
1396 3914 1803 3970 connexionem.
1827 3908 1979 3976 Quod

410 4019 552 4073 enim
581 4017 728 4082 dicit,
748 4025 830 4070 est
857 4013 1117 4084 ejusmodi
1146 4029 1159 4064 :
1190 4010 1407 4079 Magnus
1426 4007 1676 4061 Dominus
1706 4006 1756 4057 in
1785 4003 1981 4056 civitate

408 4109 508 4164 Dei
530 4111 720 4176 nostri,
744 4110 797 4163 in
824 4117 990 4161 monte
1015 4115 1186 4160 sancto
1214 4120 1303 4157 suo
1323 4108 1443 4156 bene
1462 4102 1715 4164 radicans,
1748 4099 1848 4152 boc
1880 4105 1977 4161 est,

410 4203 547 4259 bene
575 4202 838 4258 radicibus
883 4200 1120 4265 ﬁrmans,
1155 4207 1208 4253 et
1243 4213 1359 4252 eam
1409 4194 1626 4265 pulchre
1670 4195 1882 4247 lirmans
1921 4206 1984 4245 ac

410 4293 683 4350 stabiliens
709 4293 760 4348 in
793 4292 988 4364 gaudio
1025 4299 1078 4347 et
1102 4290 1284 4346 laetitia
1320 4289 1479 4342 totius
1508 4286 1652 4340 orbis
1695 4294 1980 4339 terrarum.

409 4388 522 4444 Hoc
559 4387 716 4442 etiam
747 4386 883 4439 alius
910 4383 1132 4438 obscure
1168 4379 1470 4450 signiﬁcans
1497 4377 1649 4443 dixit,
1680 4375 1983 4444 Prwscripto

411 4481 676 4551 splendore
699 4478 1120 4533 universwterrat.
1153 4474 1284 4529 Eam
1324 4473 1462 4528 enim
1498 4471 1621 4526 fecit
1649 4469 1982 4537 splendorem

410 4583 464 4628 et
491 4571 725 4626 laetitiam
753 4569 1016 4624 universa:
1048 4577 1219 4620 terrae.
1251 4565 1400 4618 Illinc
1425 4571 1503 4617 est
1533 4562 1650 4616 l‘ons
1675 4561 1902 4630 pietatis,
1932 4568 1985 4612 et

412 4663 615 4719 radices
646 4670 701 4717 et
737 4659 990 4730 principia
1024 4657 1114 4711 Dei
1140 4655 1474 4726 cognitionis.
1517 4653 1661 4706 Hanc
1686 4668 1832 4722 ergo,
1863 4665 1982 4704 cum

410 4755 531 4809 talis
564 4759 738 4819 esset,
769 4749 1033 4804 radicibus
1074 4747 1304 4801 ﬁrmavit
1333 4760 1394 4799 ac
1422 4743 1672 4798 stabilivit
1719 4743 1784 4794 ad
1829 4757 1984 4794 orna-

413 4853 644 4899 mentum
672 4842 831 4897 totius
859 4839 1004 4894 orbis
1028 4849 1308 4900 terrarum,
1336 4835 1401 4888 ad
1433 4833 1844 4888 exsultationem
1869 4871 1884 4896 ,
1915 4830 1982 4884 ad

411 4933 656 5004 gaudium
686 4932 848 4987 totius
891 4927 1093 4983 mundi.
1142 4926 1477 4996 Jerosolyma
1530 4923 1672 4977 enim
1720 4932 1842 4975 tunc
1871 4929 1985 4974 erat

413 5027 661 5096 magistra
683 5023 943 5077 universa:
969 5031 1148 5085 teme,
1171 5027 1227 5072 et
1253 5017 1340 5087 qui
1374 5015 1620 5070 volebant
1644 5014 1741 5067 lrui
1767 5012 1980 5082 gaudio,

411 5119 715 5187 cultumque
742 5124 797 5171 et
820 5121 1188 5168 ornamentum
1215 5125 1405 5180 capere
1431 5151 1446 5174 ,
1475 5110 1596 5162 hinc
1620 5123 1680 5160 ca
1711 5124 1825 5176 qua:
1850 5107 1983 5159 bona

411 5219 466 5265 et
499 5210 721 5264 honesta
763 5213 916 5262 erant
950 5203 1242 5258 discebant.
1277 5201 1344 5255 Et
1384 5199 1506 5253 ideo
1535 5199 1635 5252 hoc
1683 5197 1986 5266 signiﬁcans

412 5316 516 5355 non
541 5299 693 5364 dixit,
715 5296 1001 5351 Radieibus
1025 5294 1260 5356 ﬁrmans,
1289 5291 1382 5346 sed
1403 5332 1418 5355 ,
1449 5289 1585 5343 Bene
1611 5289 1817 5358 ﬁrmans
1843 5288 1982 5340 rudi--

413 5391 568 5444 cibus.
599 5387 750 5456 Quod
775 5388 819 5442 si
847 5386 981 5440 velis
1016 5384 1247 5453 idipsum
1284 5382 1528 5451 accipere
1555 5380 1839 5448 anagogice
1859 5420 1872 5443 ,
1905 5378 1980 5430 vi-

413 5481 564 5536 debis
588 5494 764 5535 rerum
788 5478 1083 5532 veritatem.
1118 5475 1251 5530 Hinc
1285 5475 1425 5529 enim
1458 5471 1714 5542 processit
1755 5472 1986 5525 exsulta-

417 5577 488 5627 tio
514 5587 609 5641 per
650 5570 954 5626 universum
994 5568 1177 5638 orbem
1229 5576 1486 5621 terrarum
1512 5607 1527 5630 ,
1557 5564 1678 5618 hinc
1731 5563 1986 5632 processit

415 5663 664 5734 gaudium
705 5670 759 5716 et
785 5661 985 5725 laetitia,
1015 5658 1139 5713 hinc
1186 5665 1514 5713 emanarunt-
1539 5655 1709 5710 l'ontes
1753 5654 1985 5724 philoso-

422 5755 576 5826 plna,
610 5753 700 5809 ubi
727 5752 968 5808 Christus
995 5750 1090 5805 fuit
1115 5749 1419 5815 cruciﬁxus,
1452 5745 1590 5802 unde
1617 5745 1836 5816 profecti
1860 5755 1982 5800 sunt

1515 336 1874 393 EXPOSITIO
1910 336 1974 392 IN
2017 335 2335 394 PSALMUM
2377 339 2582 395 XLVII.

3576 341 3686 398 9.13

2103 453 2325 520 apostoli
2356 494 2368 506 .
2393 452 2476 512 Ita:
2499 452 2642 516 Sion,
2671 453 2830 517 enim,
2853 452 3036 521 inquit,
3071 451 3345 523 egredietur
3367 451 3465 514 les,
3498 461 3544 504 et
3571 466 3681 507 ver-

2102 544 2218 597 bum
2256 542 2462 599 Domini
2487 559 2550 596 ea:
2575 541 2860 596 Jerusalem
2882 543 3065 613 (illiclt.
3097 544 3150 597 4.
3173 541 3230 614 2)
3265 559 3278 597 :
3312 543 3470 598 habet
3499 551 3678 597 autem

2102 635 2206 691 hoc
2228 635 2472 706 gaudium
2512 635 2716 690 radices
2743 634 3087 690 immortales.
3136 633 3335 689 Montes
3363 633 3490 689 Sion
3519 635 3678 688 latera

2099 730 2370 799 aquilonis.
2409 730 2578 792 Alius,
2619 728 2817 786 Montes
2868 715 3016 782 Sion
3043 732 3234 799 femora
3273 728 3544 796 aquilonis.
3575 727 3680 780 He-

2099 820 2275 874 braaus
2291 828 2487 885 autem,
2505 819 2576 877 Ar
2594 819 2720 878 Sion
2733 819 2964 888 jcrclttlte
2989 819 3238 888 saphoun.
3258 821 3370 884 Qua
3397 818 3464 873 de
3489 833 3672 881 causa,

2100 926 2282 981 quaeso
2302 953 2316 977 ,
2345 911 2585 964 meminit
2624 926 2765 964 nunc
2799 910 3083 980 aquilonis,
3107 920 3158 962 et
3186 911 3344 964 situm
3381 909 3482 967 loci
3523 909 3678 964 nobis

2101 1003 2390 1058 describit?
2410 1002 2669 1069 Quoniam
2699 1002 2914 1057 assidue
2939 1002 3136 1056 bellum
3161 1001 3284 1055 hinc.
3299 1002 3673 1064 suscitabatur.

2102 1094 2469 1148 invadentibus
2497 1093 2765 1160 barbaris,
2820 1093 2978 1164 idque
3037 1093 3307 1162 propheta:
3344 1093 3525 1148 dicunt
3569 1095 3674 1146 l're-

2100 1195 2323 1255 quenter
2344 1227 2358 1249 ,
2391 1186 2584 1240 bellum
2615 1185 2680 1238 ab
2705 1185 2950 1254 aquilone
2987 1185 3316 1254 appellantes
3337 1183 3470 1254 (ler.
3505 1185 3554 1237 I.
3583 1185 3672 1238 15.

2101 1279 2189 1350 14)
2215 1297 2229 1346 ;
2258 1290 2310 1334 et
2340 1280 2564 1334 lcbetcm
2595 1279 2739 1333 illinc
2759 1277 3049 1332 ferventem
3063 1277 3371 1332 describunt
3395 1295 3407 1330 :
3433 1278 3504 1331 ita
3533 1279 3673 1331 enim

2099 1374 2198 1427 sita
2217 1381 2297 1428 cst
2316 1373 2461 1440 regio
2479 1370 2830 1436 Persarum,si
2850 1370 3103 1425 habeatur
3120 1371 3256 1424 ratio
3273 1369 3667 1438 Palatstina:(a).

2098 1466 2244 1535 Quod
2273 1466 2464 1520 factum
2494 1465 2764 1522 admirans
2785 1505 2818 1530 ,.
2847 1464 2946 1517 hoc
2978 1463 3269 1535 subjunxit,
3304 1461 3606 1531 signiﬁcans
3641 1478 3668 1526 _:

2099 1558 2226 1612 Eam
2257 1572 2374 1626 quae
2397 1556 2541 1610 illinc
2570 1555 2781 1610 assidue
2801 1553 3116 1618 vexabatur,
3149 1552 3320 1608 fecisti
3344 1553 3669 1623 inexpugna-

2083 1650 2278 1704 bilem.
2317 1647 2544 1702 Pcrinde
2581 1647 2722 1701 enim
2771 1660 2833 1700 ac
2875 1645 2918 1699 si
2959 1646 3078 1714 quis
3101 1644 3306 1698 diceret
3333 1645 3400 1698 de
3423 1659 3669 1713 corpore.

2098 1743 2305 1798 Partem
2355 1741 2496 1794 illam
2542 1738 2857 1796 imbecillam
2908 1737 3080 1792 fecisti
3124 1737 3468 1790 valentiorem
3510 1753 3523 1788 :
3571 1733 3670 1791 hoc

2096 1836 2256 1890 etiam
2289 1833 2375 1887 hic
2398 1833 2510 1902 ipse
2538 1831 2869 1893 subindicat,
2910 1830 3093 1883 dicens
3123 1843 3139 1882 :
3167 1829 3305 1882 unde
3330 1829 3509 1880 luctus
3525 1835 3582 1879 et
3606 1827 3672 1878 lae

2095 1943 2311 1999 crymtc,
2340 1926 2479 1980 unde
2517 1925 2668 1994 origo
2708 1923 3068 1976 calamitatum
3087 1961 3102 1987 ,
3132 1935 3210 1975 eae
3238 1929 3413 1984 partes
3440 1918 3670 1984 impleta:

2095 2030 2220 2076 sunt
2246 2017 2938 2089 volnptate.’alacritatequc
2964 2015 3147 2068 animi.
3176 2012 3323 2068 Unde
3351 2011 3528 2075 mina:,
3553 2025 3667 2062 mee

2095 2124 2200 2179 tus,
2228 2123 2281 2167 et
2306 2111 2534 2183 pericula
2557 2151 2572 2176 ,
2613 2109 2737 2165 hinc
2761 2106 3009 2177 gaudium
3036 2113 3090 2160 et
3130 2103 3308 2157 lmtitia
3343 2119 3357 2156 :
3399 2117 3500 2155 nec
3528 2101 3668 2154 ullus

2092 2206 2342 2274 deinceps
2389 2203 2577 2257 metuit
2614 2199 2977 2270 aquilonarem
3016 2196 3158 2249 illam
3209 2203 3414 2269 partem
3459 2190 3664 2256 mundi,

2093 2311 2250 2352 nemo
2280 2295 2456 2349 animo
2486 2292 2712 2363 angitur,
2745 2305 2901 2344 nemo
2918 2289 3237 2358 suspicatur,
3254 2285 3346 2338 sed
3369 2282 3665 2338 omncsde-

2090 2401 2218 2461 gunt
2245 2389 2297 2443 in
2333 2387 2537 2451 laetitia,
2562 2401 2682 2438 cum
2711 2383 2826 2452 ejus
2851 2381 3056 2436 radices
3087 2378 3264 2433 ﬁxeris
3295 2378 3347 2430 in
3375 2375 3662 2444 voluptate.

2091 2485 2274 2539 Civitas
2304 2482 2432 2552 regis
2456 2479 2647 2551 magni.
2688 2479 2746 2533 4.
2774 2476 2910 2530 Deus
2937 2476 2991 2528 in
3019 2474 3247 2528 domibus
3275 2473 3381 2538 eius
3405 2469 3665 2539 cognosci,-

2090 2587 2191 2641 tur,
2209 2591 2323 2627 cum
2343 2571 2575 2642 suscipiet
2592 2571 2776 2639 ipsum.
2794 2567 2963 2632 Alius,
2983 2565 3220 2636 Cognitus
3234 2573 3324 2616 est.
3344 2562 3512 2626 Alius,
3533 2559 3664 2613 Deus

2089 2667 2141 2720 in
2168 2665 2316 2736 regiis
2344 2666 2450 2734 eius
2480 2670 2805 2732 cognoscetur
2847 2659 2914 2712 ad
2949 2657 3308 2713 munimentum
3354 2653 3447 2724 (b).
3489 2651 3662 2712 Alius,
3701 2721 3706 2725 ι

2087 2755 2224 2810 Deus
2262 2757 2314 2808 in
2345 2753 2546 2824 palatiis
2589 2757 2696 2821 ejus
2738 2749 2967 2820 cognitus
2995 2746 3158 2801 estad
3192 2742 3503 2814 eripiendum
3530 2756 3660 2800 eam.

2159 2847 2213 2901 2.
2243 2846 2502 2900 Pratdicat
2540 2844 2654 2913 ejus
2690 2841 3000 2912 dignitatem
3020 2879 3038 2905 ,
3081 2837 3290 2890 laudem
3312 2876 3325 2900 ,
3369 2847 3657 2895 coronam,
3688 2894 3702 2904 ’ί

2086 2940 2309 2995 dicens:
2339 2937 2523 2992 Civitas
2553 2934 2685 3006 regis
2712 2932 2904 3002 magni.
2954 2927 3153 2994 Deinde
3193 2925 3481 2981 ostendens
3523 2938 3660 2992 quu—

2086 3031 2247 3088 modo
2261 3031 2330 3084 sit
2356 3029 2542 3084 civitas
2571 3026 2709 3096 regis
2734 3022 2928 3094 magni,
2960 3019 3226 3090 adjungit,
3254 3015 3392 3070 Deus
3415 3017 3468 3068 in
3494 3014 3660 3067 domi-

2084 3122 2175 3177 bus
2204 3122 2310 3192 ejus
2329 3117 2930 3189 cognoscitur,,magnam
2949 3109 3233 3166 ostendens
3250 3105 3658 3178 providentiam,

2085 3212 2227 3283 quod
2253 3227 2370 3266 eam
2393 3221 2554 3263 totam
2582 3206 2726 3262 omni
2750 3221 2815 3260 ex
2841 3212 2990 3274 parte
3018 3207 3216 3266 servet,
3250 3213 3354 3252 non
3381 3196 3522 3251 illius
3544 3202 3660 3258 lane

2086 3313 2198 3359 tum
2221 3303 2385 3357 totius
2409 3314 2589 3356 curam
2618 3311 2831 3368 gerens,
2855 3293 2948 3349 sed
2970 3293 3128 3347 etiam
3160 3292 3212 3344 in
3239 3301 3660 3358 unamquamque

2085 3393 2298 3448 domum
2327 3405 2476 3447 suam
2506 3387 2795 3443 ostendens
2837 3382 3243 3454 providentiam.
3303 3378 3468 3435 Nobis
3516 3378 3658 3446 enim

2084 3488 2242 3544 etiam
2271 3485 2470 3553 absque
2495 3497 2559 3537 eo
2585 3489 2671 3536 est
2709 3479 2971 3548 cognitus,
3011 3473 3238 3529 inimicis
3266 3479 3442 3525 autem
3487 3484 3555 3524 ex
3592 3482 3685 3531 eo.

2085 3592 2233 3632 suam
2259 3573 2489 3630 ostendit
2514 3572 2784 3626 virtutem.
2804 3568 3067 3636 Tempore
3083 3564 3224 3619 enim
3251 3560 3514 3627 Ezechiae,
3535 3573 3674 3615 cum-

2085 3667 2446 3724 barbarorum,
2483 3661 2655 3718 nubes
2685 3675 2804 3716 eam
2853 3658 3166 3721 invasisset,
3205 3661 3261 3709 et
3305 3661 3468 3706 totam
3499 3650 3661 3715 veluti

2085 3773 2280 3836 sagena
2326 3753 2795 3817 circumdedisset,
2852 3755 3188 3804 recesserunt
3239 3759 3359 3798 cum
3429 3742 3658 3797 maxima

2087 3832 2301 3906 suorum
2341 3845 2492 3900 clade
2519 3843 2822 3910 relictisque
2859 3837 3204 3894 cadaveribus
3250 3836 3326 3907 (ti.
3370 3835 3498 3904 Reg.
3545 3832 3656 3900 19).

2085 3939 2386 4008 Quinetiam
2425 3936 2576 3990 multi
2604 3948 2815 4008 qpoque
2839 3931 2928 3984 alii
2960 3931 3011 3984 in
3055 3943 3174 3983 eam
3218 3941 3360 3994 saepe
3399 3923 3657 3993 ingressi,

2087 4030 2373 4101 ignominia
2416 4026 2588 4089 aﬁecti
2619 4030 2973 4078 recesserunt.
3018 4021 3172 4086 Iiazc,
3229 4017 3430 4086 inquit,
3481 4015 3658 4068 omnia
3698 4010 3711 4021 '

2085 4131 2234 4194 gesta
2261 4128 2385 4176 sunt
2420 4119 2515 4174 Dei
2560 4113 2928 4188 providentia,
2977 4125 3201 4180 eamque
3253 4108 3558 4178 praeclaram
3606 4113 3660 4158 et

2086 4213 2347 4283 insignem
2387 4209 2646 4266 iecerunt.
2675 4207 2789 4261 Non
2819 4205 2991 4260 solum
3013 4212 3189 4256 autem
3215 4200 3354 4269 quod
3385 4199 3656 4279 praeclara,

2087 4275 2378 4360 sed'etiam
2403 4301 2544 4372 quod
2584 4299 2718 4354 adeo
2746 4297 2996 4368 prmelara
3020 4293 3155 4347 facta
3180 4293 3282 4354 sit,
3324 4275 3510 4359 magna
3538 4305 3661 4340 eva-

2087 4400 2174 4454 sit.
2201 4399 2254 4453 5.
2287 4396 2536 4462 Quoniam
2572 4408 2682 4447 ecce
2706 4407 2847 4462 reges
2875 4399 3020 4443 terra:
3047 4384 3333 4456 congregati
3366 4391 3504 4446 sunt,
3533 4397 3657 4447 con:-

2086 4497 2327 4544 venerunt
2351 4489 2405 4540 in
2432 4501 2608 4538 unum.
2643 4483 2812 4549 Alius,
2853 4479 2988 4534 Ecce
3033 4480 3164 4531 enim
3208 4491 3347 4546 reges
3393 4473 3545 4527 simul
3583 4474 3662 4525 in-

2087 4579 2260 4634 structi
2285 4588 2418 4632 sunt.
2439 4578 2491 4631 6.
2519 4574 2544 4627 1
2553 4574 2628 4644 psi
2653 4574 2872 4627 videntes
2894 4571 2984 4636 sic,
3016 4567 3250 4622 admirati
3276 4573 3420 4628 sunt,
3451 4573 3658 4624 cantur,-

2088 4670 2190 4741 bati
2209 4676 2341 4730 sunt,
2373 4665 2603 4718 commoti
2627 4674 2740 4717 sunt
2762 4678 2781 4715 :
2808 4663 2858 4716 7.
2891 4669 3074 4713 tremor
3099 4657 3430 4726 apprehendit
3455 4671 3556 4708 eos.
3582 4653 3672 4705 Ibi-

2089 4762 2286 4816 dolores
2303 4769 2355 4812 ut
2369 4757 2709 4828 parturientis,
2726 4756 2776 4808 8.
2791 4757 2840 4807 in
2856 4753 3037 4822 spiritu
3053 4751 3343 4804 vehementi.
3367 4749 3536 4812 Alius,
3559 4747 3662 4800 Per

2087 4863 2284 4906 ventum
2306 4850 2591 4903 violentum.
2619 4846 2788 4911 Alius,
2813 4843 3038 4902 Ardor-is.
3060 4841 3292 4895 Conteres
3321 4855 3467 4892 naves
3489 4836 3659 4891 Thar-

2088 4943 2177 4999 sis.
2201 4940 2350 4995 Alius
2372 4981 2386 5004 ,
2417 4937 2732 5009 Confringes.
2766 4934 3018 4988 IIebrteus
3068 4939 3244 4984 autem
3289 4931 3398 4995 ait,
3426 4927 3657 4991 Tltarsis.

2091 5035 2186 5088 lIic
2216 5041 2394 5086 narrat
2417 5029 2642 5092 bellum,
2675 5026 2868 5080 bellum
2894 5022 3108 5077 difﬁcile
3128 5063 3144 5088 ,
3187 5020 3418 5088 undique
3457 5018 3656 5072 conﬁa-

2091 5135 2222 5191 tum,
2243 5132 2296 5177 et
2315 5121 2593 5174 clariorem
2622 5116 2912 5170 victoriam.
2944 5113 3203 5180 Quoniam
3235 5112 3376 5169 enim
3405 5108 3570 5172 dixit,
3599 5108 3661 5159 il-

2090 5218 2198 5274 lum
2243 5214 2293 5269 ei
2318 5210 2654 5282 patrocinari,
2696 5216 2750 5261 et
2793 5206 2908 5275 ejus
2947 5219 3128 5259 curam
3176 5216 3380 5270 gerere,
3429 5197 3661 5252 ostendit

2090 5309 2338 5374 deinceps
2380 5300 2646 5374 quomodo
2670 5313 2788 5354 eam
2815 5297 3130 5366 susciperet.
3172 5293 3305 5346 Nam
3347 5305 3466 5345 cum
3496 5290 3655 5342 innu-

2090 5397 2372 5458 merabiles
2430 5403 2614 5465 gentes
2651 5407 2766 5446 eam
2812 5389 3128 5443 invasissent
3156 5384 3280 5452 (huc
3323 5381 3464 5436 enim
3492 5378 3659 5447 signi»

2152 5564 2224 5624 (a)
2256 5568 2352 5608 Non
2375 5557 2493 5624 satis
2529 5559 2756 5624 accurate.
2783 5547 2952 5597 dicitur
2983 5543 3237 5606 regionem
3273 5547 3522 5588 Persarum
3546 5547 3661 5594 esse

2089 5627 2146 5676 ad
2158 5613 2554 5685 ‘séptentrionem
2578 5613 3117 5685 l‘altcstinttz.h‘__u‘m
3148 5671 3188 5685 Α.
3220 5665 3394 5685 “Mm
3418 5661 3608 5685 “MM;

2151 5661 2383 5747 (3371266
2388 5661 2719 5747 i:utcrpretatio
2744 5681 2817 5722 est
2863 5667 3120 5730 Symmachi
3144 5671 3195 5715 et
3217 5665 3398 5726 quinta:
3418 5661 3686 5722 Editionis,_

2096 5761 2114 5797 κ
2131 5741 2217 5802 1ὼέ
2231 5741 2458 5806 Itexapla.
