4108 6344
525 341 628 397 219

524 461 644 510 licat
682 473 774 527 per
801 473 981 529 regum
1011 460 1463 533 multitudinem),
1490 475 1544 520 et
1585 481 1692 521 non
1723 467 1894 522 solum
1943 469 2094 523 inva~

523 549 753 612 sissent,
778 550 869 602 sed
901 552 1059 604 etiam
1081 555 1381 623 congregati
1402 556 1569 610 aciem
1596 559 1988 624 instruxissent,
2009 576 2095 617 res

517 639 776 708 ejusmodi
803 653 967 710 gesta)
1004 654 1156 712 sunt,
1191 655 1247 700 ut
1277 647 1374 716 ipsi
1402 647 1612 704 abirent
1642 650 1988 721 obstupefacti
2026 655 2096 710 ob

516 747 578 785 ea
610 747 728 802 qua:
754 742 900 789 tanto
950 737 1204 793 miraculo
1242 738 1379 795 faeta
1420 753 1560 798 sunt.
1603 742 1678 798 Ita
1707 747 1848 799 enim
1897 747 2090 803 bellum

515 823 912 890 conﬁciebatur,
941 837 1000 882 ut
1044 829 1144 898 ipsi
1185 829 1407 888 horrore
1435 849 1499 890 ac
1541 845 1754 906 torpore
1781 841 1918 909 pleni
1945 857 2094 897 rece-

511 913 700 969 derent
721 957 735 981 ,
762 925 816 970 et
841 933 960 972 eum
982 935 1171 991 magna
1201 925 1362 979 animi
1390 929 1784 996 perturbatione
1802 934 2084 1003 resilirent,

513 1007 636 1061 dum
665 1009 815 1063 multi
847 1025 1071 1080 paucos,
1093 1023 1148 1069 et
1169 1015 1201 1069 ii
1233 1017 1322 1086 qui
1353 1019 1566 1076 ordines
1593 1021 1970 1092 instruxerant,
2001 1029 2078 1082 dio

509 1100 651 1154 visos
693 1099 976 1165 timerent,
1007 1117 1107 1158 nec
1130 1118 1286 1161 secus
1329 1107 1668 1167 afﬁcerentur
1709 1130 1866 1184 quam
1898 1119 2088 1175 mulier

508 1204 626 1251 qua:
655 1191 899 1258 parturit.
931 1192 1084 1250 Unde
1127 1196 1330 1254 clarum
1370 1211 1518 1270 erat,
1549 1203 1742 1260 bellum
1775 1225 1877 1264 non
1923 1209 2084 1268 fuisse

506 1289 708 1346 gestum
751 1281 982 1338 humano
1020 1303 1204 1353 more,
1249 1292 1343 1347 sed
1377 1293 1542 1350 Deum
1596 1297 1759 1355 fuisse
1795 1301 1981 1358 ducem
2029 1305 2082 1361 in

505 1373 890 1430 eommittendo
937 1381 1139 1446 prmlio,
1167 1384 1257 1453 qui
1307 1401 1410 1440 non
1432 1388 1601 1442 solum
1651 1393 1867 1460 Spiritus
1895 1411 2078 1452 eorum

503 1462 868 1533 deprimebat,
898 1469 991 1525 sed
1021 1472 1177 1525 etiam
1204 1486 1434 1530 mentem
1463 1494 1644 1535 eorum
1675 1489 2074 1556 conquassabat,

503 1553 687 1624 eisque
715 1557 926 1615 dolores
953 1561 1270 1622 immittebat
1298 1579 1352 1623 et
1375 1570 1691 1628 ineﬂ‘abilem
1723 1578 1965 1634 timorem
1993 1582 2075 1634 af-

499 1642 705 1700 ferebat
737 1666 750 1700 :
782 1665 844 1704 ac
871 1653 1089 1719 perinde
1109 1657 1332 1723 accidit,
1361 1675 1426 1714 ac
1450 1662 1493 1715 si
1523 1679 1708 1734 magna
1734 1667 1906 1723 classe
1930 1669 2076 1725 con-4

498 1744 732 1803 gregata,
762 1739 1048 1796 vehemens
1078 1755 1264 1800 ventus
1291 1748 1525 1815 irruens,
1551 1768 1737 1810 omnes
1760 1773 1918 1814 naves
1947 1775 2075 1816 con-

500 1825 733 1881 trivisset
754 1870 769 1893 ,
807 1832 1046 1887 triremes
1067 1835 1440 1905 demersisset,
1468 1859 1816 1916 magnamque
1854 1864 2072 1920 repente

496 1921 945 1984 perturbationem
1001 1925 1289 1995 injecisset.
1354 1931 1451 1987 Hic
1487 1937 1627 1990 enim
1676 1939 1805 1994 mihi
1860 1944 2070 2001 videtur

495 2021 590 2074 per
616 2009 719 2064 hoc
742 2015 1042 2082 exemplum
1074 2027 1128 2071 ct
1152 2021 1386 2078 victoriae
1412 2023 1714 2083 facilitatem
1739 2073 1754 2097 ,
1779 2043 1832 2086 et
1859 2048 2068 2104 pertur-

495 2099 723 2156 bationis
763 2109 1176 2175 magnitudinem
1222 2113 1542 2183 signiﬁcare.
1570 2119 1701 2176 Nam
1749 2123 1802 2178 hi
1854 2142 2066 2198 quoque

493 2207 612 2246 cum
644 2213 884 2266 magnam
913 2202 1138 2257 classem
1170 2219 1465 2275 parassent,
1490 2221 1544 2265 et
1564 2227 1626 2266 ex
1650 2215 1930 2288 longinqua
1960 2223 2059 2276 ali-

489 2297 590 2351 qua
621 2296 672 2340 et
693 2289 860 2344 aliena
879 2293 1092 2360 regione
1114 2298 1404 2367 venissent,
1436 2303 1509 2358 ira
1534 2304 1627 2360 Dei
1653 2309 1808 2363 veluti
1830 2315 2058 2382 quodam

492 2375 790 2431 vehementi
835 2389 994 2435 vento
1049 2399 1234 2440 omnes
1285 2390 1570 2456 perierunt.
1620 2397 1682 2450 Et
1727 2399 1846 2454 ideo
1883 2403 2057 2460 locum

486 2478 695 2532 quoque
719 2468 1022 2537 significans
1061 2475 1202 2531 unde
1238 2493 1532 2548 venerunt,
1579 2488 1849 2558 subjunxit
1892 2495 2054 2563 illud,

485 2553 712 2610 'l'lmrsis.
747 2559 818 2613 lta
843 2562 1001 2618 etiam
1030 2568 1341 2636 signiﬁcavit
1367 2573 1619 2633 Hebraeus
1645 2583 2053 2656 perdictionem,

483 2662 639 2711 quam
673 2660 844 2705 vestra
872 2668 1031 2710 causa
1060 2657 1347 2727 adjeeimus
1388 2663 1443 2718 in
1486 2666 1712 2726 lectione
1752 2686 2052 2733 contextus.

485 2735 575 2790 γει
620 2740 720 2793 hoc
744 2757 871 2813 ergo
898 2745 1002 2801 diei
1033 2758 1239 2819 potest,
1272 2755 1354 2810 vel
1396 2757 1519 2813 illud
1547 2764 1686 2831 quod
1733 2777 1858 2823 ante
1909 2771 2051 2839 dixi,

480 2832 924 2894 quemadmodum
969 2855 1130 2896 naves
1173 2843 1394 2902 Tharsis
1435 2851 1722 2912 vehemens
1746 2871 1935 2918 ventus
1981 2865 2055 2920 ir-

477 2935 637 2977 ruens
658 2938 800 2995 smpe
837 2933 1083 2987 contrivit
1116 2955 1130 2989 :
1163 2936 1234 2990 ita
1262 2940 1418 2996 etiam
1465 2947 1856 3008 multitudinem
1906 2956 2050 3015 illam

477 3011 615 3067 Deus
644 3020 994 3076 conturbavit.
1023 3023 1076 3077 9.
1098 3026 1241 3082 Sicut
1269 3033 1551 3091 audivimus
1574 3080 1589 3105 ,
1626 3057 1697 3094 si;
1742 3045 1958 3101 vidimus
1994 3052 2049 3104 in

473 3105 667 3160 civitate
699 3107 898 3166 Domini
920 3115 1182 3184 uirtutum,
1205 3121 1258 3175 in
1284 3123 1481 3180 civitate
1503 3127 1598 3184 Dei
1635 3135 1815 3191 nostri.
1859 3137 2048 3197 Vidisti

473 3197 741 3260 t'pnnnado
771 3205 984 3271 exponit
1000 3205 1048 3259 id
1064 3210 1202 3276 quod
1230 3223 1311 3266 est
1336 3220 1603 3287 superius,
1622 3221 1757 3278 Bene
1771 3227 2048 3289 radicum?

475 3283 589 3337 Non
634 3289 761 3343 dixit
792 3295 932 3346 enim
955 3335 970 3360 ,
1007 3298 1107 3365 Qui
1137 3301 1271 3359 bene
1318 3283 1602 3380 radicavit,
1644 3318 1757 3382 sed,
1797 3319 1933 3377 Bene
1960 3341 2046 3379 ra-

468 3376 684 3432 dicans:
716 3381 815 3436 hoc
859 3398 958 3454 est,
1000 3393 1210 3450 assidue
1250 3402 1552 3468 providens,
1599 3410 1812 3468 assidue
1859 3430 2040 3474 curam

466 3483 676 3534 gerens,
722 3473 930 3530 assidue
955 3483 1216 3538 muniens.
1267 3487 1549 3561 Postquam
1592 3498 1733 3552 enim
1763 3501 1896 3557 dixit
1923 3521 2040 3575 qua:

468 3566 592 3612 tunc
632 3565 996 3634 contigerunt,
1028 3572 1096 3626 ad
1122 3589 1210 3629 res
1260 3581 1502 3650 antiquas
1529 3591 1818 3646 narrandas
1855 3611 2040 3654 rursus

463 3655 726 3707 convertit
754 3660 1070 3728 orationem,
1100 3671 1386 3728 ostendens
1415 3673 1529 3731 haec
1556 3677 1752 3738 habere
1779 3700 1900 3742 cum
1933 3691 2038 3747 illis

465 3742 800 3806 afﬁnitatem.
826 3749 953 3816 Quae
979 3756 1120 3811 enim
1143 3800 1157 3826 ,
1182 3761 1382 3831 inquit,
1411 3768 1588 3824 verbis
1617 3774 1916 3834 audivimus
1935 3823 1948 3845 ,
1973 3798 2034 3838 ea

463 3832 616 3890 factis
646 3839 891 3910 vidimus,
927 3847 1170 3905 victorias
1197 3853 1310 3920 Dei,
1345 3866 1541 3927 tropaea
1563 3902 1577 3926 ,
1609 3879 1790 3922 curam
1821 3884 1883 3924 ac
1913 3888 2034 3942 pro-

400 3977 410 3988 ,
459 3928 767 4001 videntiam,
825 3945 879 3990 et
927 3955 1044 4008 qua:
1082 3945 1382 4012 Opinionem
1440 3968 1693 4024 superant
1750 3962 2028 4020 miracula.

461 4017 600 4072 Deus
627 4024 769 4076 enim
796 4042 1079 4098 numquam
1111 4034 1390 4093 intermisit
1407 4041 1520 4097 haec
1537 4045 1732 4104 facere.
1755 4051 1882 4122 Ejus
1905 4071 2032 4126 ergo

458 4118 542 4162 est
566 4121 620 4164 et
649 4112 875 4171 liberare
900 4133 931 4174 a
960 4123 1236 4192 periculis,
1270 4138 1324 4182 ct
1351 4131 1612 4193 deducere
1635 4143 1700 4195 ad
1727 4144 1818 4199 Dei
1846 4150 2030 4218 cogni-

457 4198 678 4256 tionem.
708 4203 873 4261 Recte
900 4221 1078 4266 autem
1108 4218 1346 4274 meminit
1373 4225 1626 4294 propheta
1656 4247 1840 4290 eorum
1862 4280 1876 4305 ,
1907 4198 2027 4310 qua:

456 4291 612 4362 longo
635 4304 758 4350 ante
783 4307 1018 4368 tempore
1053 4305 1188 4361 facta
1214 4322 1357 4367 sunt.
1385 4291 1671 4386 Oportebat
1695 4329 1834 4383 enim
1880 4291 1938 4387 et
1960 4352 2027 4394 ex

456 4384 726 4440 veteribus
755 4391 1162 4468 narrationibus,
1192 4411 1246 4455 et
1273 4419 1338 4460 ex
1359 4421 1546 4464 recens
1571 4417 1734 4482 gestis
1753 4419 1950 4487 doceri,
1971 4436 2028 4482 ut

453 4475 740 4531 crassiores
770 4496 834 4533 ex
875 4482 966 4549 iis,
999 4501 1116 4556 quae
1154 4491 1379 4562 fiebant,
1411 4499 1472 4554 iis
1501 4517 1712 4575 quoque
1740 4527 1857 4580 qua:
1885 4514 2022 4573 facta

453 4575 606 4620 erant
631 4570 930 4638 crederent,
962 4587 1015 4630 et
1041 4578 1237 4649 duplex
1261 4585 1463 4643 lucrum
1492 4593 1747 4665 facerent,
1776 4619 2023 4680 essetque

457 4656 528 4680 AL
560 4660 745 4680 HJ,“
959 4670 969 4680 .
1099 4672 1132 4680 -

1732 4656 1745 4665 ,
1787 4656 2018 4680 --η-..αν

453 4656 530 4710 eis
559 4660 759 4716 auditio
797 4680 893 4734 pro
924 4670 1056 4724 visu.
1089 4672 1225 4729 Deus
1253 4680 1483 4749 [undavit
1509 4704 1622 4742 eam
1662 4693 1715 4746 in
1756 4707 2018 4756 (sternunt.

450 4748 539 4801 10.
564 4749 917 4823 Suscepimus,
951 4759 1117 4828 Deus,
1165 4769 1557 4830 misericordiam
1595 4791 1732 4836 luam
1760 4786 1812 4840 in
1857 4795 2018 4848 medio

452 4841 628 4907 papuli
646 4843 735 4895 tui.
776 4846 953 4913 Alius,
983 4850 1400 4927 (Estimuvimus,
1432 4864 1599 4934 Deus,
1626 4874 2018 4939 misericordiam

450 4936 586 4980 tuam
614 4931 666 4983 in
691 4935 852 4988 medio
879 4941 1052 5008 populi
1079 4947 1096 4977 ¹
1113 4949 1210 5002 tui.
1240 4948 1494 5010 Hebraeus
1521 4931 1696 5015 autem
1713 5004 1726 5028 ,
1758 4966 2017 5029 Ec/talaclt

448 5019 728 5077 demntenu.
759 5028 842 5080 Η.
868 5028 1156 5089 Secundum
1177 5055 1354 5097 nomen
1375 5053 1534 5114 tuum,
1569 5051 1705 5108 Deus
1723 5097 1739 5119 ,
1772 5061 1841 5112 sic
1864 5065 2016 5120 etiam

446 5108 558 5162 latis
583 5122 666 5164 tua
681 5115 732 5167 in
759 5117 882 5182 ﬁnes
905 5128 1066 5177 teme.

515 5203 568 5256 5.
593 5205 845 5271 Quoniam
865 5211 1089 5279 dixerat,
1112 5219 1236 5280 Qua:
1258 5225 1572 5292 audivimus,
1598 5249 1658 5288 ea
1684 5246 1736 5291 et
1762 5240 2010 5314 vidimus,

510 5305 678 5398 ἷξες,
703 5310 795 5398 δεμ
813 5317 980 5398 templi
1007 5319 1184 5398 (Υαοξλ,
1205 5339 1317 5398 qum
1340 5335 1416 5377 est
1434 5345 1550 5398 vera
1574 5335 1740 5388 lectio.
1764 5342 2013 5398 Chrysost.

444 5368 608 5470 talfnen
636 5368 774 5434 'legit
798 5368 966 5440 populi
1009 5368 1184 5446 ξ›.αξ.ξ.’›’
1203 5368 2013 5470 EJnir5"vé}iE.iEE"iiQUI-31333;}

444 5451 482 5470 _
519 5455 608 5470 ___
781 5461 793 5470 .
841 5462 887 5470 ._

701 5427 729 5434 _
798 5427 808 5439 Ι
861 5427 871 5440 υ
932 5427 957 5428 η
1010 5427 1169 5446 Vn",
1206 5427 1371 5440 -_.--.....
1420 5427 1672 5446 ,ωιιςιιειυ
1702 5427 2013 5470 ιιιτυϊξιιυὸιω,

486 5427 624 5508 ’75Ὶῶ
663 5461 795 5520 quod
840 5462 918 5514 hic
966 5470 1290 5536 exprimitur,
1334 5479 1501 5541 templi
1542 5481 1626 5533 tui.
1677 5488 1796 5537 Cum
1844 5500 2013 5547 autem

481 5533 815 5626 Ιιῐςζδίῖἑῐοωιιε
847 5539 1031 5626 ιθβθτὶι
1081 5543 1129 5593 in
1183 5533 1358 5626 priore.
1387 5533 1496 5626 lota)
1520 5593 1533 5616 ,
1581 5561 1752 5623 populi
1785 5563 1882 5626 tui,
1925 5582 2009 5618 se-

487 5606 497 5626 .
703 5610 959 5626 ............-
999 5617 1138 5626 -.-._
1201 5625 1214 5626 γ

1118 5592 1128 5593 κ
1201 5592 1346 5599 .--νην
1387 5592 1496 5604 ιντιν
1616 5592 1643 5608 υ
1681 5592 1750 5610 au
1785 5592 1855 5614 sui
1925 5592 2008 5618 5t:-

439 5592 654 5682 cundum'
703 5592 1142 5682 exemplarlsuum
1183 5592 1292 5678 ἶιχκ
1341 5592 1708 5682 Ιηιβνρξθίίιιὲ,
1761 5603 2008 5682 non,ausi

439 5665 604 5682 Dlllnlln
662 5666 904 5682 nh..n-hll-‘-
945 5678 964 5682 -
999 5671 1040 5682 ³-
1248 5679 1255 5682 ”

1232 5657 1289 5660 ..-ἡ
1341 5657 1465 5664 ----ν-
1517 5657 1672 5669 Ivi:qu
1761 5657 1791 5672 ll
1829 5657 1842 5674 ι
1963 5665 1974 5679 ι

436 5665 607 5723 sumus
642 5657 908 5709 lectionem
941 5664 1154 5717 alterius
1185 5657 1662 5740 'interpretisrunius
1695 5657 1885 5738 ,CodiJcis
1900 5657 2004 5740 «aut:

436 5720 666 5740 hin-ulnln
696 5728 883 5740 -u--l-—-
942 5739 949 5740 ί

1079 5714 1149 5717 κρ-
1192 5714 1310 5722 ----ν-
1360 5714 1481 5726 -νυιυ
1518 5714 1662 5731 uulua
1798 5714 1840 5734 ι“
1921 5714 1928 5718 ⁷
1980 5720 2004 5730 ο

436 5714 668 5828 ειοτὶἑίπὲε
695 5728 908 5786 mutare,
931 5739 1042 5777 cum
1065 5732 1277 5786 maxume
1309 5714 1396 5788 ille
1421 5754 1528 5796 eam
1565 5714 2004 5808 lectiJn'e‘uilgindfra

437 5786 558 5828 reue
585 5793 611 5827 a
639 5817 651 5828 .

437 5786 651 5839 repetat.

1202 347 1258 403 S.
1298 349 1574 410 JOANNIS
1611 350 2078 410 CHRYSOSTOMI
2118 355 2436 420 ARClllEf’.
2474 365 3010 436 CONSTANTINOP.

3681 403 3783 463 2'20

2203 487 2344 527 nunc
2371 475 2499 532 dicit
2523 491 2577 534 et
2599 485 2727 553 quid
2749 490 3007 563 audierit,
3035 507 3086 552 et
3111 502 3234 569 quid
3257 507 3463 564 viderit.
3487 512 3621 580 Quid
3647 534 3778 588 ergo

2200 565 2418 634 audivit,
2443 579 2497 625 et
2517 575 2641 642 quid
2681 580 2848 634 vidit?
2873 585 3023 652 Quod
3056 565 3148 647 Dei
3172 599 3339 664 gratia
3369 565 3543 660 reddit

2199 666 2304 712 tem
2325 660 2612 721 firmiorem
2634 680 2688 724 et
2711 673 3100 738 inconcussam.
3154 687 3265 743 Hoc
3290 703 3372 747 cst
3396 699 3537 753 enim
3581 704 3628 755 ei
3656 704 3777 759 fun-

2197 747 2522 821 damentum,
2550 757 2649 814 hoc
2675 765 2856 834 robur,
2882 770 2982 826 hoc
3001 790 3116 830 eam
3143 779 3264 836 facit
3288 747 3770 866 inexpugnabilem,

3415 841 3437 857 τ
3482 841 3770 866 ο---.ν..-...,

2195 854 2300 893 non
2329 841 2573 902 humana:
2597 866 2725 921 opes
2753 863 3092 934 etauxilium,
3127 887 3230 925 non
3261 875 3340 930 vis
3361 895 3652 951 armorum,
3672 905 3771 946 nec

2195 938 2367 988 turres
2403 944 2457 990 et
2481 941 2704 1011 muenia;
2727 949 2821 1002 sed
2848 952 3016 1020 quid?
3043 956 3180 1015 Deus
3208 979 3324 1019 eam
3352 971 3486 1039 regit
3509 983 3562 1029 et
3599 938 3771 1034 conti-

2192 1031 2302 1076 net.
2321 1025 2432 1082 Hoc
2452 1032 2591 1086 enim
2613 1049 2707 1090 eos
2724 1041 2952 1098 maxime
2967 1045 3144 1104 doceri
3167 1060 3420 1126 Oportuit,
3440 1072 3491 1115 et
3509 1069 3765 1137 [ιι-ωριιοιε

2193 1115 2397 1137 ι.-,.ζ,1---
2433 1120 2510 1137 9n.
2680 1127 2694 1137 ι
2750 1130 2762 1137 .
2839 1133 2849 1137 -
2937 1135 2946 1137 _

3204 1115 3218 1123 .
3407 1115 3420 1126 -
3509 1115 3524 1134 ι
3546 1115 3560 1119 -
3580 1115 3585 1116 ν
3608 1115 3764 1137 r"""‘

2191 1115 2403 1171 assidue
2432 1120 2550 1176 illos
2576 1140 2642 1180 eo
2660 1127 2896 1188 deducit.
2923 1135 3268 1212 Suscepimus,
3295 1146 3456 1215 Deus,
3486 1157 3768 1214 misericor-

2189 1205 2327 1260 diam
2347 1219 2484 1266 tuam
2509 1216 2562 1269 in
2591 1221 2752 1275 medio
2773 1228 2948 1296 papuli
2974 1233 3064 1285 tui.
3081 1205 3224 1300 'Quid
3255 1251 3355 1294 est.
3393 1244 3716 1317 Suscepimus
3737 1255 3766 1308 .’

2189 1294 2254 1317 ο*
2273 1314 2287 1317 ᾼ
2363 1315 2368 1317 _
2393 1303 2404 1314 .

2841 1294 2848 1296 ,
3100 1294 3130 1300 ν-
3394 1294 3424 1298 τ
3441 1294 3714 1317 κατ-πη...
3737 1295 3751 1308 .

2186 1294 2546 1370 Speravimus,
2576 1318 3023 1388 exspectavimus,
3047 1331 3389 1395 cognovimus
3413 1343 3552 1391 tuam
3575 1341 3763 1399 huma-

2185 1393 2404 1447 nitatem
2425 1407 2479 1451 et
2498 1399 2854 1465 clementiam.
2887 1393 3147 1479 Quoniam
3175 1423 3316 1478 enim
3343 1425 3476 1484 dixit
3500 1472 3514 1496 ,
3549 1434 3760 1493 Funda-

2182 1486 2276 1550 vit,
2296 1488 2568 1559 radicavit,
2593 1498 2801 1565 muniit,
2831 1508 3119 1566 ostendens
3149 1525 3344 1572 tantam
3373 1523 3757 1590 providentiam

2182 1591 2285 1630 non
2313 1581 2574 1648 proﬁcisci
2601 1603 2663 1642 ex
2693 1594 2898 1650 meritis
2927 1612 3112 1656 eorum
3135 1607 3222 1674 qui
3244 1624 3360 1665 eam
3381 1628 3752 1691 assequuntur,

2182 1669 2272 1691 ..-Δ
2304 1687 2392 1691 --μ
2414 1689 2426 1691 -
2449 1690 2454 1691 ν
2487 1675 2499 1691 ¹
2709 1683 2720 1691 ³
2818 1687 2828 1691 ³

2179 1669 2272 1723 sed
2304 1675 2593 1741 procedere
2617 1697 2681 1736 ex
2707 1683 2944 1744 bonitate
2968 1693 3083 1762 ejus
3105 1669 3190 1766 qui
3221 1700 3306 1756 illa
3344 1703 3488 1774 facit,
3510 1669 3574 1765 et
3594 1669 3752 1773 simul

2179 1762 2366 1817 volens
2397 1765 2584 1824 fastum
2609 1787 2791 1830 eorum
2823 1785 3175 1852 comprimere
3199 1833 3212 1856 ,
3242 1795 3319 1849 sic
3362 1797 3607 1870 loquutus
3632 1821 3749 1878 est,

2179 1852 2276 1878 LM
2305 1871 2479 1878 __-__,
2536 1877 2545 1878 ί
2580 1863 2591 1878 ,
2734 1868 2764 1878 ..
2950 1875 2989 1878 _

3199 1852 3207 1856 -
3421 1852 3607 1870 r.-v—-~--'
3634 1852 3714 1865 νυ·
3731 1853 3748 1878 ο

2177 1852 2277 1908 hoc
2305 1863 2683 1928 pr0pcmodum
2714 1868 2925 1929 dicens:
2949 1875 3075 1931 Tute
3103 1888 3614 1952 suntmisericordize
3634 1901 3748 1958 lucc

2172 1945 2426 2012 przeclara
2454 1949 2684 2023 facinora
2708 2001 2721 2023 ,
2752 1969 2855 2016 tum
2879 1966 3080 2038 glorite,
3111 1981 3215 2029 tute
3245 1977 3510 2039 bonitatis.
3539 1987 3608 2043 Et
3627 1991 3748 2050 ideo

2170 2037 2477 2107 subjunxit:
2521 2045 2813 2106 Secundum
2859 2073 3037 2114 nomen
3074 2073 3248 2133 tuum,
3293 2069 3448 2141 Deus,
3477 2078 3548 2132 sic
3568 2091 3614 2134 et
3635 2082 3748 2141 laus

2169 2137 2254 2181 tua
2281 2135 2332 2184 in
2357 2134 2660 2200 ﬁnesterrw.
2690 2143 2848 2211 Laus,
2870 2149 3058 2221 inquit,
3078 2165 3164 2210 tua
3189 2175 3274 2215 res
3289 2164 3424 2220 adeo
3439 2171 3741 2244 praeclaras,

2167 2236 2386 2293 magnas
2426 2239 2480 2284 et
2521 2233 2863 2295 admirabiles
2909 2260 3180 2318 operatur,
3226 2256 3361 2312 adeo
3403 2267 3640 2324 excelsas
3687 2279 3740 2326 et

2164 2317 2442 2386 gloriosas.
2488 2323 2607 2380 Non
2658 2332 2798 2387 enim
2844 2336 2910 2390 ad
2960 2355 3260 2400 mensuram
3306 2365 3486 2410 curam
3530 2364 3741 2429 gessisti

2163 2423 2345 2465 eorum
2367 2429 2503 2484 quos
2531 2419 2790 2479 beneﬁcio
2818 2428 3016 2496 afﬁcis,
3049 2451 3146 2491 nec
3177 2454 3393 2512 prapter
3416 2465 3600 2507 eorum
3627 2473 3739 2514 me-

2161 2500 2294 2569 rita,
2343 2507 2438 2561 sed
2485 2525 2580 2578 pro
2608 2521 2692 2567 tua
2743 2522 3126 2589 magnitudine.
3157 2529 3294 2588 Laus
3319 2552 3447 2609 ergo
3493 2554 3600 2610 tua,
3638 2549 3738 2607 hoe

2161 2605 2261 2658 est,
2292 2606 2378 2652 tua
2420 2603 2726 2673 celebratio,
2766 2626 2885 2681 qua:
2935 2631 3000 2671 ex
3052 2625 3303 2690 operibus
3333 2633 3563 2700 profecta
3617 2653 3730 2711 est,

2161 2683 2280 2711 fante
2314 2699 2365 2711 --ι
2398 2707 2492 2711 _-_,,
2519 2694 2554 2711 ,I
2813 2703 2833 2711 ..

3091 2683 3103 2690 .
3333 2683 3563 2700 r—"""'
3619 2683 3730 2711 νυνι

2159 2683 2284 2742 fecit
2314 2699 2368 2743 ut
2396 2694 2648 2760 praclara
2679 2711 2764 2756 tua
2807 2703 2944 2760 facta
2985 2711 3378 2782 evulgarenlur.
3409 2724 3563 2782 Facta
3589 2734 3730 2789 enim

2157 2777 2370 2836 fuerunt
2397 2784 2448 2837 in
2480 2785 2778 2857 Palmstina,
2811 2797 2903 2851 sed
2930 2813 3150 2871 propter
3188 2808 3452 2879 ingentem
3496 2820 3729 2890 ipsorum

2158 2875 2568 2941 magnitudinem
2608 2897 2966 2950 pervenerunt
3001 2895 3064 2948 ad
3117 2909 3384 2962 extremos
3429 2910 3559 2969 ﬁnes
3583 2919 3729 2974 orbis

2157 2969 2457 3032 terrarum,
2509 2983 2562 3026 et
2588 2978 2674 3044 qui
2705 2987 3058 3053 erantprocul
3087 2996 3312 3061 remoti,
3364 3015 3425 3056 ea
3465 3006 3726 3070 sciebant.

2153 3055 2283 3122 Qute
2308 3059 2440 3116 facta
2465 3063 2640 3135 itaque
2669 3068 2876 3127 fuerant
2906 3078 2957 3130 in
2982 3077 3211 3152 Egypto
3231 3128 3245 3148 ,
3277 3095 3527 3152 meretrix
3557 3097 3727 3156 llieri-

2151 3148 2366 3204 cuutina
2391 3154 2589 3209 sciebat
2611 3161 2795 3216 melius
2815 3180 2971 3232 quam
3005 3171 3065 3234 ii,
3098 3175 3184 3241 qui
3206 3168 3555 3242 interfuerant
3586 3190 3721 3260 (Jas.

2151 3235 2184 3260 ο
2232 3239 2314 3260 ,ω
2368 3241 2406 3260 η
2742 3253 2751 3260 ,
2821 3255 2850 3260 _
2897 3257 2905 3260 _

3115 3235 3127 3241 -
3394 3235 3555 3242 "“"'
3587 3235 3628 3260 Γ
3645 3235 3721 3248 ⁷⁷⁸

2149 3235 2202 3290 2.
2229 3239 2337 3310 10).
2367 3241 2570 3300 Rursus
2589 3264 2708 3316 qua:
2740 3253 2790 3304 in
2818 3255 3095 3313 Palmstina
3123 3278 3430 3339 evenerant,
3457 3277 3490 3328 ii
3513 3295 3723 3352 quoque

2147 3329 2236 3398 qui
2282 3331 2334 3386 in
2366 3350 2582 3404 regione
2625 3341 2902 3402 Persarum
2945 3350 3282 3425 habitabant,
3333 3329 3718 3440 praedicabili)“

2147 3435 2266 3488 quze
2295 3439 2478 3481 rursus
2497 3442 2642 3499 gesta
2673 3433 2882 3492 fuerant
2908 3440 2959 3495 in
2987 3443 3205 3504 Perside
3223 3493 3237 3515 ,
3267 3469 3522 3514 noverant
3550 3465 3638 3532 qui
3667 3467 3720 3522 in

2145 3517 2398 3571 extremis
2420 3520 2612 3577 ﬁnibus
2641 3537 2794 3582 terra:
2817 3534 3062 3602 agebant.
3095 3540 3426 3616 Quapropter
3451 3569 3543 3609 rex
3565 3517 3717 3628 'quo-

2143 3621 2246 3676 que
2273 3611 2416 3664 misit
2438 3613 2616 3670 literas
2645 3633 2741 3688 per
2774 3626 3074 3685 universam
3100 3634 3283 3691 orbem
3317 3651 3490 3711 terrae,
3526 3652 3716 3716 praedi-

2141 3711 2270 3754 cans
2295 3717 2358 3756 ea
2401 3719 2519 3773 quae
2558 3709 2610 3761 in
2649 3711 2864 3770 fornace
2893 3734 3182 3780 evenerant
3210 3728 3368 3798 (Dan.
3424 3709 3484 3790 ὅ.
3507 3709 3619 3812 98).
3653 3745 3717 3800 Et

2141 3787 2258 3812 2A..-
2291 3790 2371 3812 ΙιεΔ
2408 3810 2423 3812 Α
2795 3805 2823 3812 ’⁸
2869 3808 2878 3812 “

3214 3787 3225 3798 \
3429 3787 3474 3790 -ν
3510 3787 3619 3812 *νιν
3653 3787 3709 3800 υ·

2141 3787 2261 3842 ideo
2289 3790 2375 3846 hic
2399 3810 2607 3866 quoque
2630 3816 2750 3855 cum
2774 3805 3010 3874 dixisset,
3046 3813 3183 3870 Laus
3215 3831 3300 3873 tua
3321 3823 3372 3877 in
3399 3827 3525 3894 ﬁnes
3545 3839 3709 3904 teme,

2141 3881 2405 3904 -..I-:-_--._!.
2503 3888 2519 3904 Ι
2594 3893 2623 3904 Δυ
2654 3894 2664 3904 ι
2760 3899 2769 3904 .

2139 3881 2409 3954 subjungit
2443 3906 2456 3940 :
2485 3888 2694 3946 Iustitia
2715 3899 2865 3965 plena
2907 3912 2976 3956 est
3003 3906 3207 3964 dextera
3255 3923 3360 3970 tua.
3389 3881 3538 3987 Quod
3568 3881 3708 3986 enin:

2137 3973 2350 4028 assidue
2379 3976 2555 4034 facere
2581 3990 2877 4053 consuevit,
2911 3996 3046 4050 utab
3073 3998 3135 4052 iis
3165 4018 3282 4070 quae
3311 4023 3436 4079 erga
3466 4013 3711 4076 homines

2137 4063 2269 4122 ﬁunt
2297 4073 2549 4128 ascendat
2587 4077 2653 4130 ad
2683 4095 2744 4134 ea
2770 4121 2786 4144 ,
2827 4099 2945 4152 qua:
2983 4089 3047 4143 ad
3078 4091 3246 4160 ipsius
3275 4110 3514 4160 naturam
3543 4113 3708 4177 perti-

2134 4167 2293 4224 nent,
2340 4161 2439 4216 hoc
2463 4166 2622 4222 etiam
2653 4168 2777 4226 fecit
2815 4175 2865 4229 in
2896 4185 3142 4244 praesenti
3169 4203 3182 4238 :
3213 4204 3322 4244 non
3355 4204 3410 4246 ut
3438 4197 3613 4267 aliqua
3640 4205 3709 4260 ad

2136 4247 2243 4267 ﬂ---
2268 4266 2292 4267 η
2339 4266 2342 4267 ν
2473 4254 2484 4267 ¹
2762 4261 2775 4267 “

3443 4247 3613 4267 --__-,_--
3640 4247 3704 4260 ..-

2135 4247 2300 4302 Deum
2328 4254 2582 4311 accedere
2609 4269 2700 4313 aut
2727 4261 2795 4318 ab
2821 4281 2887 4318 eo
2915 4272 3166 4330 recedere
3192 4282 3518 4355 cogitemus,
3539 4291 3704 4362 absit;

2135 4338 2223 4362 ω,
2250 4342 2430 4362 ,μά
2460 4360 2484 4362 _
2543 4346 2555 4358 .
2606 4348 2632 4362 ..

3258 4338 3288 4350 υ
3432 4338 3698 4362 _-,__-..,

2132 4338 2224 4391 sed
2246 4342 2492 4409 quoniam
2543 4346 2842 4408 inﬁrmatur
2888 4373 3064 4417 sermo
3110 4376 3166 4421 et
3214 4370 3390 4443 lingua
3437 4380 3698 4455 humana,

2132 4440 2334 4455 ,ιλιι-ιι.-
2371 4434 2512 4455 J2-._-,
2550 4438 2586 4455 ,ι
2700 4441 2730 4455 ι.

2130 4440 2338 4498 oportet
2365 4434 2518 4490 dictis
2548 4438 2656 4494 Deo
2681 4441 2894 4515 dignum
2922 4466 3136 4512 sensum
3168 4434 3416 4523 tribuere.

2199 4519 2408 4578 Iustitia
2447 4527 2556 4584 Deo
2582 4533 2815 4592 conteret.
2842 4570 2912 4580 —
2941 4545 3068 4612 Quae
3093 4565 3219 4622 ergo
3250 4557 3344 4614 Dei
3372 4574 3574 4622 natura:
3602 4571 3698 4626 ad-

2127 4623 2270 4678 sunt,
2296 4629 2356 4668 ea
2383 4617 2546 4686 dicit,
2591 4639 2710 4693 qua:
2736 4639 2860 4685 sunt
2900 4634 3015 4703 ejus
3039 4617 3345 4702 substantiae
3393 4657 3695 4726 conjuncta.

2127 4702 2371 4726 num”,
2411 4723 2427 4726 _
2462 4720 2491 4726 ν,
2854 4723 2869 4726 _
2918 4724 2931 4726 _

2126 4702 2376 4768 Quaenam
2405 4720 2582 4766 autem
2610 4731 2670 4769 ea
2713 4723 2874 4776 sunt?
2901 4702 3143 4795 Iustitia,
3186 4735 3379 4806 inquit,
3435 4702 3584 4815 plena
3625 4765 3698 4808 est

2132 4793 2316 4815 J__-._...
2362 4809 2371 4815 -
2495 4801 2532 4815 Α
2675 4807 2708 4815 “·
3159 4814 3164 4815 ⁷

2125 4793 2327 4849 dextera
2355 4809 2462 4855 tua.
2491 4801 2736 4864 OSIendit
2760 4815 2932 4880 enim,
2975 4835 3038 4874 ea
3089 4814 3206 4892 qu'aa
3259 4829 3390 4888 ﬁunt
3422 4793 3526 4894 lion
3577 4860 3697 4903 esse

2123 4899 2186 4939 ex
2217 4890 2418 4946 meritis
2461 4909 2643 4953 eorum
2689 4917 2822 4970 quos
2849 4906 3105 4968 beneﬁcio
3125 4918 3305 4988 afﬁcit,
3338 4928 3430 4982 sed
3483 4948 3548 4987 ex
3599 4953 3696 4995 sua

2125 4975 2292 4995 ---ιαμ
2348 4983 2382 4995 -'
2633 4989 2644 4995 ‘

3291 4975 3305 4988 ,
3340 4975 3430 4982 --_
3483 4975 3548 4987 ν..
3599 4975 3692 4995 σι...

2122 4975 2414 5035 substantia
2434 5024 2448 5048 ,
2485 4989 2732 5054 quoniam
2765 4995 2877 5064 ipsa
2908 5000 3023 5070 ejus
3056 5008 3348 5068 substantia
3397 5021 3692 5086 delectatur

2935 5065 2952 5070 -
3244 5065 3348 5068 ηπ
3399 5065 3680 5086 "mm",

2116 5065 2319 5134 justitia
2339 5112 2354 5135 ,
2386 5074 2589 5134 laetatur
2609 5081 2928 5154 benignitate
2951 5101 3008 5148 et
3026 5098 3324 5161 clementia.
3345 5109 3455 5167 Hoc
3479 5128 3559 5171 est
3575 5122 3694 5188 ejus

2120 5172 2252 5188 nnnnn
2321 5162 2431 5188 1......
2467 5183 2485 5188 -
2505 5178 2539 5188 μ.
2594 5173 2630 5188 ,-

2119 5172 2288 5228 Opus,
2320 5162 2432 5218 inec
2461 5178 2542 5222 est
2582 5173 2697 5240 ejus
2728 5187 3091 5254 consuetudo,
3139 5204 3193 5248 et
3217 5196 3335 5254 ideo
3385 5213 3524 5262 tanta
3551 5162 3688 5267 aciei.

2119 5251 2332 5318 picbant
2373 5258 2441 5313 ab
2466 5274 2531 5315 eo
2573 5263 2849 5324 beneﬁcia.
2881 5275 3333 5346 Quemadmodum
3381 5298 3522 5353 enim
3553 5303 3689 5373 ignis

2119 5352 2195 5373 nol
2227 5347 2513 5373 nnlnl'..-___-
2591 5366 2630 5373 ,-
2748 5361 2777 5373 ..
2839 5365 2888 5373 ...

2118 5352 2199 5396 est
2225 5347 2550 5416 calefacere,
2581 5366 2635 5410 et
2682 5361 2808 5416 solis
2837 5365 3098 5428 illustrare
3130 5397 3142 5430 :
3176 5381 3243 5434 ita
3271 5384 3428 5441 etiam
3455 5347 3688 5460 ejusuest

2118 5431 2422 5460 ιπηιηιιυυμμ
2500 5445 2511 5455 ⁶

3200 5431 3243 5434 Α-
3277 5431 3428 5441 ---ν-ιι-
3456 5431 3570 5460 νδυο
3605 5431 3686 5452 υυι

2115 5431 2430 5496 benefacere
2453 5460 2467 5506 ;
2499 5445 2604 5500 imo
2633 5465 2759 5507 vero
2785 5472 2851 5512 ne
2875 5460 2952 5515 sic
2979 5467 3192 5533 quidem
3213 5512 3229 5537 ,
3256 5476 3349 5530 sed
3393 5479 3545 5552 longe
3573 5504 3686 5543 am-

2117 5527 2248 5552 ..Iz..-
2305 5531 2363 5552 nn
2407 5535 2418 5552 ε
2443 5535 2454 5552 ι
2511 5530 2514 5532 ⁷
2604 5541 2614 5552 ·

2115 5527 2270 5594 plius.
2303 5531 2368 5585 Et
2405 5530 2524 5592 ideo
2572 5541 2649 5596 sic
2687 5560 2898 5618 quoque
2935 5554 3064 5612 dixit
3096 5578 3108 5611 :
3154 5561 3365 5623 Iustitia
3409 5527 3560 5643 ριεῗια
3612 5593 3684 5638 es:

2115 5615 2317 5643 Amm
2570 5629 2581 5641 .
2743 5636 2790 5643 ,.-

2813 5615 2828 5618 _
3198 5615 3365 5623 -_-_---—
3445 5615 3560 5632 ’νηιο
3612 5615 3682 5638 Ιίοο

2113 5615 2317 5672 dextera
2360 5633 2478 5690 tua,
2533 5629 2648 5698 ejus
2702 5636 3063 5711 affluentiam,
3110 5651 3360 5726 illamque
3408 5615 3523 5733 ejus
3561 5687 3682 5729 esse

2114 5707 2414 5733 nauknln--!“
2553 5720 2564 5731 ⁸

3049 5707 3059 5711 ν
3230 5707 3359 5726 ηπ-
3410 5707 3430 5716 -
3463 5707 3523 5722 ...ι
3561 5707 3682 5729 που

2113 5707 2421 5768 substantiae
2445 5720 2801 5794 conjunctam,
2829 5733 3152 5802 signiﬁcans.
3184 5746 3270 5800 12.
3296 5707 3516 5809 Lteteiur
3542 5776 3683 5818 mons

2116 5799 2264 5870 Sion,
2298 5815 2344 5859 et
2380 5812 2626 5869 exsultent
2666 5819 2788 5886 ﬁlice
2828 5799 3054 5898 Judteaz,
3091 5847 3298 5906 propter
3320 5841 3521 5911 judicia
3560 5860 3642 5906 tua
3663 5893 3677 5920 ,
