4108 6344
356 387 466 442 919

357 507 572 559 ϐάνετο.
632 497 858 571 Μυρίων
885 497 994 570 γὰρ
1030 495 1198 552 ἐθνῶν
1245 493 1584 548 ἐπελθόντων
1626 488 1805 559 (τοῦτο
1831 485 1941 555 γὰρ

358 594 448 646 διὰ
465 589 561 643 τοῦ
595 587 832 661 πλήθους
867 587 976 640 τῶν
1010 585 1270 655 βασιλέων
1307 582 1499 654 δηλοῖ),
1526 581 1620 634 καὶ
1639 579 1736 648 οὐχ
1758 574 1943 636 ἁπλῶς

359 677 714 741 ἐπελθόντων,
744 673 882 728 ἀλλά
907 673 1427 745 συγκεκροτημένων
1461 668 1554 722 καὶ
1580 661 1941 732 συντεταγμέ-

361 786 485 830 νων,
503 764 727 818 τοιαῦτα
747 763 936 831 γέγονε
962 761 1284 830 πράγματα,
1303 759 1377 822 ὡς
1398 757 1596 818 αὐτοὺς
1624 755 1722 808 θαυ
1732 751 1941 823 μαστάς

361 854 682 924 γενομένους
698 850 807 903 τῶν
829 847 1146 919 παραδόξων
1166 846 1344 901 αὐτῶν
1357 843 1626 898 ἀπελθεῖν.
1656 840 1812 894 Οῦτω
1832 838 1902 907 γά
1909 855 1941 909 ρ

361 949 388 999 ὁ
410 944 645 1010 πόλεμος
693 939 1010 1011 ἐτροποῦτο,
1043 939 1119 1000 ὡς
1151 937 1359 1007 νάρκης
1388 934 1481 987 καὶ
1512 933 1713 1003 φρίκης
1739 930 1942 1000 ἐμπλη-

363 1031 586 1093 σθέντας
609 1029 808 1091 αὐτοὺς
835 1028 1156 1096 ἀναχωρεῖν·
1179 1025 1274 1076 καὶ
1296 1021 1432 1092 μετά
1461 1019 1660 1088 πολλῆς
1674 1017 1773 1087 τῆς
1795 1017 1940 1084 ἀγω-

361 1121 479 1182 νίας
512 1117 805 1188 ἀπεπήδων
833 1117 882 1168 οἱ
915 1115 1100 1167 πολλοὶ⁵
1141 1113 1267 1175 τοὺς
1303 1110 1516 1178 ὀλίγους
1547 1107 1846 1168 δείσαντες,
1887 1104 1938 1156 οί

363 1205 780 1275 συντεταγμένοι
825 1203 952 1265 τοὺς
979 1201 1361 1272 διῃρημένους,
1400 1198 1493 1252 καὶ
1525 1193 1818 1264 ὠδινούσης
1842 1209 1940 1260 γυ-

360 1296 544 1356 ναικὸς
595 1293 746 1346 οὐδὲν
793 1293 1013 1362 ἄμεινον
1046 1289 1324 1342 διέκειντο.
1365 1286 1527 1339 Ὅθεν
1554 1283 1730 1353 δῆλον,
1769 1280 1845 1344 ὡς
1877 1281 1937 1333 οὐ

361 1383 501 1438 κατὰ
531 1379 853 1434 ἀκολουθίαν
887 1377 1234 1450 ἀνθρωπίνην
1259 1375 1536 1444 ὁπόλεμος
1568 1369 1936 1442 κατωρθοῦτο,

317 1460 499 1524 Ἶιλλὰ
539 1469 672 1530 Θεὸς
713 1463 781 1538 ἦν
815 1468 844 1519 ὁ
894 1465 992 1536 τὴν
1053 1465 1231 1534 μάχην
1294 1459 1636 1533 στρατηγῶν,
1677 1460 1706 1511 ὁ
1745 1459 1838 1510 καὶ
1872 1456 1940 1510 τὰ

362 1558 685 1628 φρονήματα
736 1553 912 1607 αὐτῶν
963 1553 1022 1605 οὐ
1059 1552 1218 1623 μόνον
1251 1549 1624 1612 καταϐάλλων,
1678 1546 1812 1600 ἀλλά
1845 1545 1939 1598 καὶ

361 1645 458 1715 τὴν
487 1644 720 1698 διάνοιαν
743 1641 920 1695 αὐτῶν
947 1639 1270 1703 κατασείων,
1296 1638 1390 1691 καὶ
1415 1637 1608 1698 ὠδῖνας
1644 1635 1824 1697 αὐτοῖς
1855 1637 1940 1686 ἐν-

361 1731 545 1793 τιθεὶς,
587 1731 678 1782 καὶ
712 1730 947 1800 ἄρρητον
980 1727 1142 1796 φόϐον
1171 1725 1292 1778 τινὰ
1321 1725 1504 1787 αὐτοῖς
1548 1721 1934 1793 ἐργαζόμενος.

362 1818 470 1870 Καὶ
490 1816 683 1868 ταύτὸν
711 1815 950 1883 γέγονεν,
988 1809 1100 1866 οἷον
1139 1812 1204 1867 ἂν
1243 1815 1290 1864 εἰ
1325 1811 1509 1863 στόλου
1545 1809 1738 1862 πολλοῦ
1765 1824 1940 1860 ναυτιο

361 1904 459 1956 κοῦ
481 1903 844 1966 συνελθόντος,
867 1901 1082 1971 πνεῦμα
1108 1899 1346 1970 ἐμπεσὸν
1371 1897 1602 1969 χαλεπὸν
1630 1895 1937 1966 συντρίψειε

362 1991 538 2044 πάντα
572 1992 639 2046 τὰ
665 1989 845 2053 πλοῖα,
890 1989 984 2042 καὶ
1032 1986 1353 2041 καταδύσειε
1400 1985 1494 2048 τὰς
1540 1985 1804 2055 τριήρεις,
1845 1983 1938 2036 καὶ

364 2080 563 2151 πολλὴν
592 2079 786 2149 ἀθρόον
821 2076 1045 2147 ἐμϐάλοι
1088 2076 1187 2147 τὴν
1225 2077 1489 2146 ταραχήν.
1539 2072 1806 2126 Ἐνταῦθα
1829 2071 1938 2140 γάρ

364 2167 512 2240 [9.00]
547 2184 634 2237 μοι
656 2166 742 2218 διὰ
769 2164 861 2218 τοῦ
890 2164 1286 2233 ὑποδείγματας
1317 2162 1505 2214 τούτου
1542 2161 1602 2213 τό
1625 2177 1685 2212 τε
1719 2157 1938 2211 εῦκολον

360 2257 462 2326 τῆς
483 2257 638 2326 νίκης
665 2255 811 2308 δοκεῖ
833 2251 1044 2324 δηλοῦν,
1064 2253 1160 2305 καὶ
1196 2252 1295 2321 τῆς
1319 2251 1564 2322 ταραχῆς
1588 2250 1687 2322 τὴν
1711 2249 1939 2318 ὐπερϐο·

362 2344 478 2415 λήν.
503 2344 614 2397 Καὶ
641 2342 750 2413 γάρ
777 2339 1018 2409 ναυτικῷ
1059 2339 1393 2410 χρησάμενοι
1447 2337 1638 2406 στόλῳ,
1678 2337 1771 2389 καὶ
1796 2331 1938 2390 οῦτοι

364 2430 796 2501 παραγενόμενοι
829 2430 889 2480 ἐκ
914 2428 1128 2498 μακρᾶς
1149 2443 1294 2490 τινος
1323 2426 1418 2478 καὶ
1433 2425 1716 2495 ἀλλοτρίας
1733 2422 1936 2494 χώρας,

359 2515 548 2585 ὥσπερ
577 2515 681 2566 τινί
714 2510 982 2581 πνεύματι
1008 2509 1166 2580 βιαίῳ
1195 2513 1260 2581 τῇ
1295 2510 1429 2579 ὀργῇ
1455 2509 1548 2562 τοῦ
1575 2508 1708 2561 Θεοῦ
1741 2508 1938 2570 πάντες

363 2613 389 2640 ι
443 2597 739 2651 ἀπώλοντο.
771 2593 862 2646 Διὸ
913 2595 1126 2646 καὶτὸν
1173 2594 1339 2645 τόπον
1392 2590 1568 2662 δηλῶν
1602 2591 1722 2644 ὅθεν
1751 2588 1936 2662 ἦλθον,

361 2684 608 2752 ἐπήγαγε
638 2681 718 2744 τὸ,
751 2679 1021 2745 Θαρσεῖς.
1047 2675 1203 2730 Οῦτω
1231 2677 1338 2749 γὰρ
1363 2676 1456 2728 καὶ
1489 2677 1517 2728 ὁ
1548 2676 1794 2748 Ἐϐραῖος
1819 2677 1939 2745 ἐδή-

362 2768 504 2820 λωσε
538 2766 624 2820 διὰ
647 2765 748 2834 τῆς
772 2765 987 2830 λέξεως,
1022 2762 1088 2833 ῆν
1128 2760 1222 2814 καὶ
1247 2759 1637 2832 παρεθήκαμεν
1657 2762 1686 2814 ὐ
1696 2761 1809 2832 μῶν
1836 2761 1936 2830 χά-

367 2869 452 2917 ριν
481 2851 559 2912 είς
610 2849 709 2919 τὴν
757 2847 1062 2914 ἀνάγνωσιν
1105 2842 1200 2896 τοῦ
1238 2843 1424 2915 ῥητοῦ.
1457 2845 1526 2896 "ll
1565 2844 1724 2898 τοῦτο
1758 2843 1937 2896 τοίνυν

365 2935 511 2993 ἐστιν
545 2934 734 2995 εἰπεῖν,
766 2931 799 3002 ἢ
831 2932 1005 2981 ἐκεῖνο
1028 2928 1056 2980 ὃ
1090 2926 1398 2998 ἔμπροσθεν
1429 2921 1604 2991 εἷπον,
1645 2928 1726 2980 ὅτι
1749 2927 1937 2997 ὥσπερ

361 3018 432 3071 τὰ
469 3017 622 3070 πλοῖα
654 3015 884 3086 Θαρσεῖς
916 3013 1113 3083 ἄνεμος
1141 3012 1374 3082 χαλεπὸς
1398 3011 1654 3082 ἐμπεσὼν
1695 3013 1939 3082 συνέτρι-

361 3103 432 3170 ψε
471 3097 905 3161 πολλάκις,οῦτω
944 3095 1007 3167 δή
1043 3096 1111 3148 τὰ
1150 3096 1544 3168 πλήθηέκεῖνα
1582 3096 1938 3165 συνετάραξεν

363 3187 393 3238 ὁ
421 3185 570 3248 Θεός.
598 3181 874 3249 Καθάπερ
900 3181 1270 3248 ἠκούσαμεν,
1305 3181 1459 3234 οὕτω
1481 3179 1578 3232 καὶ
1606 3179 1846 3247 εἴδομεν-
1869 3179 1941 3231 ἐν

365 3268 536 3323 πόλει
560 3265 782 3331 Κυρίου
812 3261 933 3317 τῶν
971 3262 1305 3330 δυνάμεων,
1337 3264 1408 3316 ἐν
1441 3264 1615 3316 πόλει
1654 3262 1760 3316 τοῦ
1788 3261 1939 3314 Θεοῦ

363 3349 551 3419 ἡμῶν.
587 3344 741 3410 Εἶδες
773 3347 890 3410 πῶς
919 3345 980 3398 τὸ
1021 3345 1293 3416 ἀνώτερον
1327 3345 1620 3415 ἐξηγεῖται,
1646 3345 1730 3405 τὸ,
1769 3346 1941 3413 Εὐρι-

365 3433 550 3498 ζῶνιι;
579 3433 652 3486 Οὐ
687 3432 796 3501 γὰρ
816 3426 990 3491 εἶπεν,
1022 3429 1345 3501 εὐριζώσας,
1369 3429 1941 3504 ἁλλ’,Εὐριζῶν,του-

363 3518 546 3577 τέστι,
578 3514 842 3586 διηνεκῶς
873 3513 1144 3584 προορῶν,
1189 3512 1451 3583 διηνεκῶς
1494 3515 1820 3584 κηδόμενος,
1859 3514 1938 3566 δι-

363 3601 576 3670 ηνεκῶς
606 3598 874 3668 τειχίζων.
909 3596 1087 3649 Εἰπὼν
1120 3598 1229 3667 γάρ
1261 3598 1328 3649 τὰ
1356 3597 1639 3665 συμϐάντα
1673 3597 1817 3661 τότε,
1848 3597 1940 3649 ἐπὶ

363 3687 435 3738 τὸ.
461 3682 666 3736 παλαιὰ
697 3682 1012 3752 διηγήματα
1048 3681 1239 3748 ἀνάγει
1271 3680 1360 3732 τὸν
1396 3680 1572 3750 λόγον,
1601 3682 1817 3744 δεικνὺς
1856 3681 1937 3734 ὅτι

364 3767 536 3822 ταῦτα
565 3767 787 3820 ἐκείνων
820 3765 1074 3834 συγγενῆ.
1109 3767 1175 3817 Ἃ
1207 3765 1315 3835 γὰρ
1351 3764 1580 3833 εἴδομεν,
1620 3766 1803 3835 φησὶν,
1847 3763 1938 3816 ἐπὶ

364 3851 471 3904 τῶν
498 3851 774 3921 ῥημάτων,
801 3846 972 3901 ταῦτα
1005 3849 1096 3900 ἐπὶ
1127 3847 1234 3899 τῶν
1264 3847 1440 3916 ἔργων
1469 3847 1812 3917 ἑωράκαμεν,
1839 3846 1938 3908 τὰς

365 3935 540 3995 νίκας,
569 3933 638 3984 τὰ
667 3931 902 4001 τρόπαια
929 3929 1021 3982 τοῦ
1051 3929 1206 3986 Θεοῦ.
1240 3930 1340 4000 τὴν
1372 3929 1714 4000 κηδεμονίαν,
1738 3929 1806 3982 τὰ
1834 3946 1938 3982 πα-

371 4015 564 4089 ράδοξα
602 4014 872 4085 θαύματα,
908 4015 981 4066 Οὐ
1018 4015 1128 4084 γὰρ
1175 4013 1456 4067 διέλιπενὸ
1488 4013 1618 4076 Θεὸς
1652 4013 1738 4066 ἀεὶ
1766 4012 1936 4066 ταῦτα

367 4100 754 4172 ἐργαζόμενος.
787 4099 948 4150 Ὥστε
995 4098 1157 4150 αὐτοῦ
1200 4099 1316 4149 ἐστι
1351 4099 1443 4149 καὶ
1475 4096 1734 4149 κινδύνων
1759 4097 1936 4149 ἀπαλ-

365 4184 601 4248 λάττειν,
617 4185 710 4236 καὶ
729 4184 864 4253 πρὸς
886 4181 1213 4249 θεογνωσίαν
1232 4184 1604 4252 χειραγωγεῖν.
1623 4183 1731 4234 Καὶ
1758 4181 1940 4244 καλῶς

365 4273 394 4322 ὁ
421 4272 703 4339 προφήτης
735 4266 1104 4336 ἐμνημόνευσε
1137 4263 1246 4318 τῶν
1275 4265 1381 4336 πρὸ
1404 4263 1598 4317 πολλοῦ
1633 4262 1724 4316 τοῦ
1747 4265 1940 4336 χρόνου

365 4352 694 4422 γενομένων.
733 4351 885 4403 Ἐπεὶ
912 4350 1020 4421 γὰρ
1050 4350 1144 4402 καὶ
1183 4351 1291 4402 ἀπὸ
1317 4349 1426 4402 τῶν
1469 4348 1713 4401 παλαιῶν
1749 4349 1942 4418 διηγη-

372 4434 579 4502 μάτων,
600 4433 695 4485 καὶ
715 4433 822 4485 ἀπὸ
851 4432 956 4486 τῶν
979 4433 1188 4503 νεαρῶν
1210 4431 1558 4485 παιδεύεσθαι
1587 4431 1781 4502 ἔργων,
1798 4431 1940 4485 ὥστε

366 4517 833 4587 τοὺςπαχυτέρους
866 4515 1044 4570 αὐτῶν
1083 4516 1190 4568 ἀπὸ
1218 4516 1327 4568 τῶν
1358 4515 1656 4584 γινομένων
1697 4516 1792 4568 καὶ
1828 4518 1941 4580 τοῖς

366 4599 470 4671 ἤδη
495 4598 880 4670 γεγενημένοις
905 4599 1203 4663 πιστεύειν,
1236 4600 1331 4652 καὶ
1354 4598 1572 4652 διπλοῦν
1599 4596 1939 4668 καρποῦσθαι

365 4683 428 4736 τὸ
457 4682 664 4754 κέρδος,
687 4682 781 4736 καὶ
800 4684 898 4754 τήν
929 4683 1098 4754 ἀκοὴν
1127 4683 1311 4745 αὐτοῖς
1330 4682 1449 4735 ἀντὶ
1476 4681 1650 4750 ὅψεως
1673 4681 1936 4748 γίνεσθαι.

379 4768 434 4818 Ὁ
479 4766 622 4830 Θεὸς
649 4767 1044 4835 ἐθεμελίωσεν
1076 4765 1272 4833 αὐτὴν
1301 4767 1387 4831 εις
1424 4765 1532 4818 τὸν
1561 4765 1763 4820 αἰῶνα.
1801 4766 1939 4818 ’Υπ-

367 4849 679 4917 ελάϐομεν,
707 4852 739 4902 ὁ
770 4849 932 4914 Θεὸς,
951 4849 1018 4902 τὸ
1039 4848 1210 4914 ἔλεός
1235 4863 1351 4901 σου
1374 4847 1624 4916 ἐνμέσῳ
1651 4847 1758 4901 τοῦ
1784 4849 1938 4903 λαοῦ

367 4947 506 4985 σου.
531 4933 775 5002 Ἕτερος,
796 4931 1156 5001 Ε’ὶκάσαμεν,
1182 4935 1214 4984 ὁ
1237 4931 1396 4997 Θεὸς,
1423 4929 1488 4983 τὸ
1517 4930 1689 4996 ἔλεός
1723 4948 1838 4984 σου
1871 4933 1940 4984 ἐν

362 5015 531 5084 μέσῳ
557 5015 663 5068 τοῦ
687 5015 840 5069 λαοῦ
867 5030 1004 5070 σου.
1036 5013 1095 5069 Ὀ
1117 5014 1174 5067 δὲ
1207 5013 1474 5086 Ἐϐραῖος,
1515 5014 1740 5082 Ἠχαλὰ
1743 5033 1781 5082 χ
1805 5015 1939 5084 δεμ-

363 5099 583 5169 μηνοῦ.
619 5099 782 5153 Κατὰ
807 5097 874 5152 τὸ
906 5097 1094 5167 ὄνομα
1125 5114 1262 5160 σου,
1299 5101 1332 5151 ὁ
1375 5099 1540 5161 Θεὸς,
1585 5099 1738 5152 οὕτω
1770 5099 1869 5152 καὶ
1898 5099 1936 5168 ἠ

367 5183 602 5249 αινεσις
625 5197 740 5237 σου
761 5183 859 5236 ἐπὶ
892 5183 965 5237 τὰ
1003 5183 1225 5252 πέρατα
1251 5180 1360 5251 τῆς
1398 5181 1526 5250 τῆς.

438 5273 510 5335 γ’.
549 5266 763 5336 Ἐπειδὴ
783 5264 954 5330 εἶπεν,
981 5267 1046 5318 "A
1059 5264 1392 5335 ἠκούσαμεν,
1410 5265 1582 5318 ταῦτα
1598 5266 1690 5319 καὶ
1706 5266 1938 5338 εἴδομεν,

366 5348 515 5419 λέγει
549 5351 642 5403 καὶ
667 5350 719 5402 τί
741 5351 962 5420 ήκουσε,
995 5348 1090 5401 καὶ
1124 5347 1177 5400 τί
1211 5344 1341 5401 εἶδε.
1374 5347 1438 5400 Τί
1470 5343 1563 5401 οῦν
1591 5349 1812 5419 ἢκουσε,
1846 5350 1941 5403 καὶ

429 5508 456 5538 ⁸
481 5505 749 5568 Sequenlia
777 5509 848 5556 sic
890 5505 1129 5568 exhibent
1148 5505 1255 5568 duo_
1270 5517 1386 5553 mss.
1517 5505 1782 5568 ἀπώλοντο.
1809 5507 1938 5568 Θαρ-

367 5570 466 5625 ul;
485 5571 536 5617 δὲ
555 5563 636 5616 τὸν
659 5570 804 5616 τόπον
828 5569 931 5629 ἐμοὶ
964 5567 1092 5615 δοκεῖ
1117 5563 1305 5624 δηλοῦν”
1337 5566 1514 5629 καὶγάρ
1538 5567 1564 5614 ὀ
1593 5565 1810 5628 Ἑϐραῖος
1825 5563 1938 5615 ταῦ-

366 5649 428 5689 τη
449 5633 672 5698 κέχρηται
695 5637 752 5698 τῇ
776 5625 925 5698 φωνῇ.
953 5629 1038 5698 ᾼιὸ
1062 5629 1144 5675 καὶ
1164 5628 1310 5698 αὐτην
1325 5629 1419 5698 τὴν
1451 5625 1706 5690 Ἑϐραῐκήν
1728 5630 1938 5690 παρεθή-

367 5689 668 5751 ιαμεῖλέξιν·
696 5689 893 5748 ἢτοῦτο
913 5691 1065 5738 τοίνυν
1086 5691 1244 5751 φησὶν,
1319 5689 1486 5736 ἐκεῖνο.

434 5739 632 5803 δίυιιὶίε
676 5739 856 5816 εῦρίζῳ.
893 5752 1015 5801 Vide
1053 5739 1370 5813 su'p'rafhiox
1416 5762 1542 5804 unus
1566 5749 1791 5807 διηνεκῶς
1820 5766 1937 5813 προ-

369 5833 502 5874 νβων.

1429 371 1798 430 EXPOSITIO
1836 369 1900 422 IN
1943 367 2275 424 PSALMUM
2315 368 2530 424 XLVII.

3511 368 3618 425 220

2040 482 2090 535 τί
2107 480 2208 536 εἶδε
2226 499 2239 546 ;
2257 483 2378 536 Ὅτι
2396 482 2744 555 ἰσχυροτέραν
2767 483 2861 537 καὶ
2905 483 3126 557 ἀρραγῆ
3155 485 3188 554 ή
3227 482 3322 537 τοῦ
3354 482 3489 539 Θεοῦ
3518 488 3619 557 χά-

2041 589 2125 641 ρις
2153 573 2252 642 τὴν
2287 573 2438 625 πόλιν
2482 571 2790 644 ἐργάζεται.
2816 570 2985 624 Τοῦτο
3021 573 3130 643 γὰρ
3175 573 3310 644 αὐτῇ
3347 572 3614 644 θεμέλιος,

2038 659 2196 713 τοῦτο
2222 662 2393 731 ἰσχῦς,
2415 659 2573 713 τοῦτο
2598 660 2892 729 ἀχείρωτον
2914 660 3082 731 αὐτὴν
3106 662 3268 723 ποιεῖ,
3287 661 3385 713 οὐκ
3407 663 3618 734 ἀνθρωο

2043 750 2175 820 πίνη
2207 748 2496 820 συμμαχία
2526 750 2621 801 καὶ
2650 747 2890 818 βοήθεια,
2919 747 3043 800 οὐτε
3070 747 3249 802 ὅπλων
3294 751 3467 818 ἰσχῦς,
3494 751 3617 805 οὐδὲ

2039 836 2240 908 πύργοι
2265 838 2359 890 καὶ
2376 837 2530 906 τείχη
2552 852 2567 866 ·
2595 835 2732 888 ἀλλὰ
2760 835 2844 902 τί;
2881 837 2938 888 Ὀ
2959 835 3087 898 Θεὸς
3117 837 3286 907 αὐτὴν
3313 838 3614 910 διακρατεϊ.

2039 925 2210 979 Τοῦτο
2225 927 2333 997 γὰρ
2365 927 2596 998 μάλιστα
2617 924 2968 980 παιδεύεσθαι
2989 926 3182 990 αὐτοὺς
3206 926 3332 990 ἔδει,
3365 929 3458 981 καὶ
3480 929 3616 998 πρὸς

2036 1014 2196 1067 τοῦτο
2225 1015 2423 1078 αὐτοὺς
2458 1017 2488 1068 ὁ
2526 1014 2815 1085 Προφήτης
2849 1012 3032 1080 ἐνάγει
3060 1011 3341 1084 διηνεκῶς.
3373 1014 3614 1068 Ὑπελά-

2040 1103 2240 1170 ϐομεν,
2255 1105 2287 1154 ὀ
2305 1102 2465 1166 Θεὸς,
2485 1106 2549 1154 τὸ
2580 1101 2753 1166 ἔλεός
2771 1115 2886 1153 σου
2907 1100 2976 1153 ἐν
2991 1098 3159 1168 μέσῳ
3179 1101 3284 1156 τοῦ
3301 1102 3453 1154 λαοῦ
3475 1118 3614 1156 σου.

2040 1190 2104 1242 Τί
2135 1192 2304 1256 ἐστιν,
2353 1189 2794 1258 Ὑπελάϐομενς
2827 1188 3187 1259 Ἦλπίσαμεν,
3214 1190 3618 1261 προσεδοκήσα-

2042 1294 2162 1348 μεν,
2189 1278 2433 1345 ἔγνωμεν
2451 1277 2547 1347 τὴν
2570 1276 2977 1348 φιλανθρωπίαν
3001 1277 3100 1346 τὴν
3122 1278 3239 1348 σήν.
3273 1277 3486 1348 Ἐπειδὴ
3508 1279 3617 1350 γὰρ

2038 1362 2211 1425 εἶπεν,
2232 1365 2972 1440 Ἐθεμελίωσεν,ἐρρίζωσεν,
3002 1363 3255 1436 ἐτείχισε,
3291 1365 3504 1428 δεικνὺς
3533 1369 3616 1421 ὅτι

2040 1453 2191 1526 1201]
2218 1457 2249 1523 ή
2277 1455 2511 1524 τοσαύτη
2537 1454 2762 1526 πρόνοια
2785 1455 2844 1508 οὐ
2868 1453 3008 1508 κατά
3036 1455 3136 1526 τὴν
3159 1453 3319 1519 ἀξίαν
3346 1454 3454 1507 τῶν
3480 1456 3617 1508 ἀπο-

2036 1543 2330 1609 λαϐόντων,
2366 1546 2501 1599 ἀλλά
2544 1545 2687 1598 κατά
2724 1546 2823 1615 τὴν
2853 1545 3168 1615 ἀγαθότητα
3215 1545 3307 1599 τοῦ
3339 1546 3616 1611 ποιοῦντος

2037 1633 2266 1700 γίνεται,
2294 1634 2385 1686 καὶ
2409 1634 2522 1704 ἅμα
2545 1633 2711 1687 θέλων
2733 1633 2823 1686 τὸν
2844 1633 3010 1702 τῦφον
3034 1634 3210 1687 αὐτῶν
3239 1635 3613 1698 καταστεῖλαι.

2037 1722 2208 1785 οὕτως
2247 1719 2363 1775 εἶπε
2387 1767 2399 1787 ,
2443 1724 2722 1794 μονονουχὶ
2751 1722 2907 1776 τοῦτο
2946 1724 3120 1792 λέγων
3138 1739 3151 1754 ⁸
3179 1725 3282 1780 Σοῦ
3312 1725 3404 1779 τοῦ
3433 1727 3615 1790 ἐλέους

2039 1811 2154 1863 ἐστὶ
2183 1811 2352 1863 ταῦτα
2378 1811 2445 1864 τά
2479 1809 2898 1882 κατορθώματα,
2927 1813 3025 1881 τῆς
3052 1811 3211 1883 δόξης
3237 1813 3334 1883 τῆς
3365 1814 3481 1884 σῆς,
3515 1815 3618 1884 τῆς

2038 1899 2396 1968 ἀγαθωσύνης
2455 1901 2553 1969 τῆς
2587 1899 2706 1968 σῆς,
2751 1900 2841 1952 Διὸ
2886 1901 2980 1953 καὶ
3030 1901 3306 1969 ἐπήγαγε’
3338 1904 3498 1957 Κατὰ
3548 1904 3613 1956 τὸ

2039 1985 2226 2056 ὄνομά
2256 2003 2392 2051 σου,
2439 1990 2471 2040 ὀ
2505 1987 2669 2051 Θεὸς,
2705 1987 2858 2040 οὕτω
2891 1988 2986 2040 κα)
3022 1989 3060 2056 ἡ
3095 1990 3330 2056 αἴνεσίς
3369 2008 3485 2044 σου
3517 1989 3615 2043 ἐπὶ

2038 2073 2109 2128 τὰ
2135 2073 2358 2141 πέρατα
2386 2072 2494 2141 τῆς
2527 2072 2657 2144 γῆς.
2686 2074 2756 2127 Ἡ
2793 2075 3028 2140 αἷνεσίς
3056 2093 3191 2138 σου,
3229 2079 3379 2148 φησὶ,
3416 2095 3614 2150 κατορ-

2039 2160 2268 2230 θώματα
2295 2160 2437 2214 οῦτω
2490 2161 2698 2229 μεγάλα
2740 2164 2886 2214 ποιεῖ
2923 2164 3016 2215 καὶ
3077 2163 3397 2236 θαυμαστὰ,
3440 2165 3613 2230 οὓτως

2039 2250 2219 2319 ὑψηλὰ
2253 2251 2346 2303 καὶ
2376 2250 2578 2315 ἔνδοξα.
2610 2251 2684 2302 (ιύ
2715 2251 2822 2321 γὰρ
2853 2252 2990 2304 κατά
3013 2252 3073 2305 τὸ
3104 2253 3300 2322 μέτρον
3325 2254 3429 2307 τῶν
3461 2256 3616 2326 εὐερ-

2038 2339 2382 2405 γετουμένων
2415 2336 2515 2404 τὴν
2555 2337 2881 2407 κηδεμονίαν
2924 2340 3293 2403 ἐπεδείκνυσο,
3321 2341 3439 2396 οὐδέ
3473 2344 3615 2397 κατά

2036 2424 2134 2493 τὴν
2164 2425 2342 2490 ἀξίαν,
2376 2425 2512 2478 ἀλλὰ
2543 2425 2684 2478 κατὰ
2711 2428 2769 2478 τὸ
2821 2428 3048 2496 μέγεθος
3070 2428 3131 2481 τὸ
3161 2430 3271 2481 σόν.
3317 2431 3379 2482 Ἠ
3411 2431 3615 2496 αἴνεσις

2037 2512 2235 2577 τοίνυν,
2276 2515 2551 2567 τουτέστιν
2578 2553 2591 2576 ,
2626 2516 2657 2584 ή
2689 2515 2991 2586 εὐφημίαή
3041 2516 3149 2569 ἀπὸ
3177 2517 3284 2570 τῶν
3309 2517 3505 2588 ἔργων,
3546 2521 3615 2574 τὰ

2039 2598 2440 2670 κατορθώματα
2470 2602 2722 2672 ἐποίησεν
2755 2602 3074 2668 ἐξάκουστα.
3106 2605 3344 2672 Ἐγίνετο
3380 2607 3478 2677 μὲν
3505 2609 3615 2679 γὰρ

2040 2695 2098 2746 ἐν
2126 2695 2193 2763 τῇ
2228 2693 2581 2765 Παλαιστίνῃ,
2612 2692 2699 2747 διὰ
2725 2693 2782 2745 δέ
2811 2694 2872 2746 τὸ
2917 2694 3144 2764 μέγεθος
3188 2697 3280 2749 καὶ
3327 2697 3416 2752 τὸν
3451 2699 3615 2767 ὄγκον

2039 2780 2209 2844 αὐτὰς
2234 2782 2331 2850 τῆς
2352 2781 2674 2851 οἰκουμένης
2699 2781 3194 2850 κατελάμϐανετὰς
3226 2785 3496 2855 ἐσχατιάς,
3522 2786 3616 2840 καὶ

2039 2871 2088 2922 οἱ
2115 2868 2396 2938 πόρρωθεν
2443 2868 2596 2930 ὄντες
2625 2867 2806 2921 πάντα
2856 2867 3177 2938 ἐμάνθανον.
3211 2870 3293 2922 Τά
3334 2870 3386 2938 γ’
3417 2867 3510 2924 οὖν
3555 2873 3615 2924 ἐν

2040 2958 2300 3026 Αἰγύπτῳ
2337 2957 2624 3026 γενόμενα,
2657 2959 2691 3027 ἡ
2736 2956 3083 3027 Ἰεριχουντία
3131 2960 3303 3030 πόρνη
3332 2959 3438 3012 τῶν
3477 2978 3620 3031 παρ-

2039 3044 2207 3098 όντων
2254 3045 2643 3116 ἀκριϐέστερον
2694 3045 2829 3117 ᾔδει.
2863 3046 3033 3099 Πάλιν
3065 3045 3136 3100 τά
3180 3049 3238 3100 ἐν
3285 3049 3613 3123 Παλαιστίνῃ

2042 3132 2324 3202 συμϐάντα
2360 3133 2455 3185 καὶ
2484 3135 2532 3184 οί
2565 3132 2665 3202 τὴν
2699 3132 2806 3185 τῶν
2849 3134 3074 3204 Περσῶν
3115 3133 3298 3206 χώραν
3339 3137 3617 3202 οἰκοῦντες

2039 3222 2437 3292 ἀνεκήρυττοψ
2465 3221 2533 3276 τὰ
2569 3222 2628 3273 ἐν
2671 3222 2808 3292 αὐτῇ
2840 3225 2905 3294 τῇ
2939 3223 3160 3294 Περσίδι
3199 3224 3358 3278 πάλιν
3386 3226 3436 3278 οἱ
3477 3226 3616 3294 πρὸς

2038 3309 2108 3362 τὰ
2150 3309 2362 3380 πέρατα
2402 3309 2504 3379 τῆς
2543 3310 2646 3381 γῆς
2690 3309 2844 3374 ὄντες
2875 3309 3188 3379 ἐγίνωσκον.
3213 3313 3314 3366 Διά
3349 3313 3414 3385 δὴ
3458 3314 3624 3368 τοῦτο·

2041 3399 2134 3452 καὶ
2159 3400 2186 3451 ὁ
2209 3397 2461 3468 βασιλεὺς
2485 3398 2572 3452 διὰ
2598 3399 2940 3468 γραμμάτων
2969 3398 3184 3470 ἔπεμπε
3211 3402 3486 3472 πανταχοῦ
3515 3404 3618 3473 τῆς·

2040 3485 2382 3556 οἰκουμένης,
2410 3483 2798 3556 ἀνακηρύττων
2820 3485 2888 3538 τὰ
2911 3487 2969 3538 ἐν
2992 3489 3058 3557 τῇ
3091 3487 3324 3558 καμίνῳ.
3339 3489 3438 3542 Διὰ
3457 3488 3617 3544 τοῦτο

2041 3572 2133 3626 καὶ
2157 3567 2310 3635 οὗτος
2336 3571 2526 3640 εἰπὼν,
2560 3573 2670 3627 Καὶ
2697 3573 2736 3641 ή
2759 3573 2996 3638 αἴνεσίς
3019 3591 3135 3628 σου
3157 3576 3254 3628 ἐπὶ
3284 3577 3356 3630 τὰ
3391 3577 3618 3644 πέρατα

2040 3659 2151 3726 τῆς
2177 3658 2308 3728 γῆς,
2352 3659 2599 3730 ἐπήγαγε
2621 3677 2635 3690 ·
2664 3657 3062 3728 Δικαιοσύνης
3104 3662 3342 3730 πλήρης
3371 3665 3409 3732 ἠ
3448 3665 3618 3729 δεξιά

2040 3763 2176 3802 σου.
2220 3748 2395 3817 Ὅπερ
2427 3749 2522 3818 μέν
2546 3748 2665 3812 ἔθος
2705 3747 2852 3819 αὐτῷ
2885 3751 3058 3802 ποιεῖν
3086 3749 3341 3820 συνεχῶς,
3375 3751 3484 3804 ἀπὸ
3507 3752 3616 3808 τῶν

2041 3837 2121 3895 εἰς
2143 3835 2463 3906 ἀνθρώπους
2484 3837 2781 3906 γινομένων
2804 3837 3112 3890 ἀναϐαίνειν
3137 3839 3226 3890 ἐπὶ
3252 3838 3320 3892 τὰ
3348 3840 3616 3910 προσόντα

2039 3921 2203 3976 αὐτοῦ
2339 3921 2519 3992 φύσει,
2554 3923 2710 3976 τοῦτο
2744 3926 2838 3977 καὶ
2881 3925 2972 3977 ἐπὶ
3003 3925 3096 3978 τοῦ
3136 3927 3401 3995 παρόντος
3437 3930 3613 3979 ποιεῖ·

2040 4010 2139 4080 οὐχ
2168 4009 2253 4064 ἵνα
2273 4010 2628 4081 ἐπιγινόμενα
2654 4012 2748 4064 καὶ
2772 4012 3140 4079 ἀπογινόμενα
3167 4023 3188 4050 ε
3214 4014 3512 4082 νοήσωμεν,
3541 4013 3616 4085 μὴ

2040 4099 2278 4166 γένοιτο·
2316 4097 2429 4150 ἀλλ’
2459 4098 2648 4169 ἐπειδὴ
2678 4098 2896 4151 ἀσθενεῖ
2922 4101 2948 4152 ὁ
2977 4100 3130 4166 λόγος
3158 4100 3249 4151 καὶ
3279 4102 3310 4170 ή
3345 4101 3558 4168 γλῶττα
3581 4104 3617 4174 ή

2041 4185 2379 4257 ἀνθρωπίνη,
2414 4186 2496 4239 δεῖ
2530 4187 2806 4258 θεοπρεπῆ
2853 4205 2972 4240 τινα
3020 4187 3228 4242 ἔννοιαν
3268 4190 3617 4259 προστιθέναι

2041 4271 2119 4343 τῷ
2156 4273 2316 4345 λόγῳ.
3142 4282 3144 4284 ⁷

2113 4399 2193 4452 Τὰ
2222 4401 2492 4472 προσόντα
2531 4397 2624 4454 οῦν
2654 4404 2720 4472 τῇ
2761 4400 2918 4470 φύσει
2949 4400 3041 4455 τοῦ
3077 4399 3212 4454 Θεοῦ
3245 4401 3414 4454 ταῦτα
3445 4401 3618 4470 λέγει,

2042 4486 2108 4541 τὰ
2141 4487 2549 4558 συνουσιωμένα
2580 4488 2748 4560 αὐτῷ.
2772 4489 2904 4542 Τίνα
2933 4489 2989 4541 δὲ
3015 4485 3186 4542 ταῦτά
3212 4489 3329 4542 ἐστι
3352 4507 3367 4552 ;
3393 4492 3618 4543 Δικαιο-

2042 4579 2239 4645 σύνης
2259 4578 2517 4645 πλήρης,
2551 4581 2736 4650 φησὶν,
2770 4579 2808 4646 ἡ
2843 4578 3012 4644 δεξιά
3045 4595 3181 4632 σου.
3220 4579 3618 4650 Δείκνυσιγάρ,

2044 4666 2124 4719 ὅτι
2147 4666 2207 4719 οὐ
2228 4665 2327 4737 τῆς
2348 4665 2502 4731 ἀξίας
2525 4661 2592 4738 ἦν
2619 4666 2725 4721 τῶν
2751 4666 3220 4738 εὐεργετουμένων
3243 4666 3309 4720 τὰ
3335 4667 3616 4738 γινόμενα,

2044 4751 2181 4806 ἀλλά
2205 4753 2306 4823 τῆς
2332 4754 2516 4818 οὐσίας
2543 4756 2643 4825 τῆς
2672 4753 2857 4820 αὐτοῦ,
2891 4754 3075 4826 ἐπειδὴ
3105 4755 3240 4824 αὐτὴ
3263 4754 3426 4808 αὐτοῦ
3460 4757 3492 4826 ή
3521 4755 3617 4807 οὐ-

2046 4840 2136 4894 σία
2183 4841 2496 4914 δικαιοσύνῃ
2560 4842 2767 4912 χαίρει,
2823 4841 3200 4912 φιλανθρωπία
3246 4843 3612 4914 εὐφραίνεται.

2044 4908 2231 4982 Τοῦτο.
2249 4928 2406 4999 ἔργον
2435 4930 2622 4992 αὐτοῦ,
2661 4929 2820 4984 τοῦτο
2850 4930 2969 4994 ἔθος
3001 4930 3167 5002 αὐτῷ,
3217 4931 3309 4984 καὶ
3347 4929 3434 4984 διὰ
3458 4931 3617 4984 τοῦτο

2042 5016 2310 5086 τοσαύτης
2342 5017 2620 5088 ἀπήλαυον
2650 5018 2988 5088 εὐεργεσίας.
3015 5019 3221 5089 Ὥσπερ
3251 5019 3357 5090 γὰρ
3392 5018 3485 5071 τοῦ
3514 5035 3615 5070 πυ-

2046 5104 2137 5175 ρὸς
2174 5103 2234 5156 τὸ
2264 5104 2592 5174 θερμαίνειν,
2621 5107 2712 5158 καὶ
2746 5105 2895 5176 ήλίου
2929 5106 2990 5158 τὸ
3039 5105 3290 5173 φωτίζειν
3313 5122 3326 5134 ·
3364 5105 3504 5158 οὕτω
3549 5105 3614 5178 δὴ

2044 5193 2137 5244 καὶ¹
2155 5192 2318 5246 αὐτοῦ
2343 5192 2400 5244 τὸ
2425 5193 2750 5263 εὐεργετεῖν,
2773 5194 2870 5261 οὐχ
2896 5191 3036 5244 οὕτω
3061 5192 3138 5256 δὲ,
3163 5191 3294 5244 ἀλλὰ
3319 5192 3410 5245 καὶ
3436 5191 3614 5262 πολλῷ

2047 5279 2266 5350 μᾶλλον.
2298 5281 2387 5333 Διὸ
2431 5281 2523 5333 καὶ
2560 5280 2728 5344 οὕτως
2760 5277 2904 5345 εἷπε,
2951 5281 3338 5347 Δικαιοσύνης
3378 5281 3614 5348 πλήρης

2043 5368 2083 5434 ἡ
2118 5366 2286 5431 δεξιά
2321 5382 2472 5435 σου,
2502 5368 2560 5421 τὸ
2599 5368 2849 5437 δαψιλὲς,
2895 5368 2954 5420 τὸ
3005 5370 3433 5436 συνουσιωμένον
3467 5366 3614 5437 αὐτῴ

2041 5459 2234 5529 δηλῶν.
2266 5461 2668 5530 Εὐφρανθήτω
2695 5460 2830 5528 ὄρος
2857 5459 3028 5522 Σιὼν,
3073 5460 3170 5513 καὶ
3201 5457 3614 5528 ἀγαλλιάσθω-

2043 5565 2164 5601 oar
2195 5550 2255 5601 αὶ
2289 5547 2604 5616 θυγατέρες
2625 5546 2735 5615 τῆς
2777 5547 3082 5612 Ἰουδαίας,
3112 5547 3317 5600 ἕνεκεν
3344 5545 3461 5598 τῶν
3489 5563 3614 5614 κρι-

2036 5634 2243 5704 μάτων
2265 5650 2400 5700 σου,
2440 5636 2635 5704 Κύριε.
2663 5634 2854 5698 Ἀλλος
2887 5634 3040 5705 φησὶ,
3073 5633 3175 5687 Διὰ
3214 5633 3442 5700 κρίσεις
3473 5649 3612 5688 σσυ.

2105 5812 2128 5841 ο
2151 5811 2232 5860 Sic
2264 5825 2380 5861 mss.
2403 5816 2454 5861 el
2475 5810 2586 5862 Sav.
2612 5815 2770 5860 recte.
2803 5808 2856 5859 In
2881 5808 3000 5859 Mor.
3027 5809 3105 5857 καὶ
3129 5808 3441 5870 ἀπογινομενα
3454 5809 3615 5858 deest.
