4108 6344
483 350 582 404 291

484 467 845 522 ιίεωιλώσατε
876 465 1046 532 Σιὼν,
1075 467 1172 520 καὶ
1207 465 1553 534 περιλὰϐετε
1589 463 1801 528 αὑτήν.
1840 460 2052 521 Ἄλλος,

484 563 582 617 καὶ
599 561 954 630 περιέλθετε.
970 564 1071 629 Διη
1079 563 1342 631 γήσασθε
1357 563 1426 615 ἐν
1444 561 1570 627 τοῖς
1585 561 1822 628 πύργοις
1845 556 2054 624 αὐτῆς.

487 655 733 723 Ἕτερος.
771 651 1151 721 Ἂριθμήσατε
1175 653 1314 718 τοὺς
1337 654 1604 721 πύργους
1624 648 2055 720 αὐτῆς.“Λλλος,

499 744 906 799 Ἐπαινέσατε.
940 745 1127 800 Θέσθε
1169 747 1275 812 τὰς
1310 745 1560 814 καρδίας
1597 743 1764 809 ὑμῶν
1817 744 1905 808 είς
1941 742 2055 808 τὴν

483 835 742 905 δύναμιν
771 836 980 904 αὐτῆς.
1005 839 1248 908 Ἕτερος,
1279 841 1382 905 Εἰς
1409 839 1515 892 τὸν
1539 841 1878 907 περίϐολον.
1898 839 2055 889 ’Έτε-

491 945 602 998 ρος,
647 917 765 995 Τὴν
789 930 1096 996 εὐπορίαν.
1128 931 1235 984 Καὶ
1263 931 1683 986 καταδιένῑεσθε
1710 931 1816 995 τὰς
1842 929 2052 994 ,βάρεις

485 1009 693 1078 αὐτῆς.
715 1011 958 1082 Ἕτερος,
977 1013 1409 1082 Διαμετρήσατε
1434 1015 1505 1068 τὰ
1527 1014 1813 1078 βασίλεια
1839 1011 2049 1075 αὐτιῆς.

486 1102 678 1168 Ὅπως
701 1103 777 1156 ἂν
798 1102 948 1174 1202]
965 1104 1335 1173 διηγήσησθε
1349 1109 1435 1172 εἰς
1457 1107 1668 1173 γενεὰν
1697 1105 2053 1175 ἑτέραν.“Ἀλ-

485 1195 596 1258 λος,
619 1195 807 1263 Γενεᾷ
819 1197 1298 1265 μεταγενεστέρῳ.
1322 1200 1446 1251 Ὅτι
1469 1194 1644 1264 οὗτος
1663 1200 1696 1252 ό
1719 1197 1863 1263 Θεὸς
1884 1196 2054 1264 ἡμῶν

482 1290 572 1353 εἰς
583 1288 688 1341 τὸν
707 1286 890 1341 αἰῶνα
911 1287 1014 1341 τοῦ
1033 1289 1265 1355 αἰῶνος.
1289 1295 1330 1343 Α
1342 1290 1479 1356 ὺτὸς
1504 1289 1780 1359 ποιμανεῖ
1797 1289 1949 1358 ἡμᾶς
1967 1292 2054 1356 εἱς

486 1380 626 1446 τοὺς
644 1378 881 1445 αἰῶνας.
903 1379 968 1431 Τί
987 1381 1186 1451 δήποτε
1222 1383 1394 1436 ταῦτα
1423 1383 1875 1453 παρακελεύεται,
1899 1400 2056 1462 περι-

490 1477 624 1528 ιέναι
644 1475 740 1546 τὴν
761 1475 934 1537 πόλιν,
950 1477 1198 1546 ἀριθμεῖν
1217 1480 1341 1541 τοὺς
1361 1478 1620 1550 πύργους,
1635 1479 1921 1550 προσέχειν
1939 1480 2058 1540 ταῖς

485 1567 812 1636 οἰκοδομαῖς,
829 1565 926 1638 τὴν
947 1567 1276 1638 εὐπρέπειαν
1292 1569 1458 1636 αὐτῆς
1481 1567 1915 1633 ἀναλογίζεσθαι,
1933 1569 2060 1631 τοὺς

490 1657 808 1727 περιϐόλους
844 1659 1013 1728 αὐτῆς
1042 1659 1134 1711 καὶ
1165 1659 1232 1712 τὰ
1257 1660 1408 1730 τείχη
1443 1659 1718 1729 ψηφίζειν,
1753 1659 1852 1722 τὰς
1883 1659 2060 1720 οἰκίας

487 1750 580 1801 καὶ
617 1748 685 1801 τά
719 1749 962 1817 βασίλεια
1010 1752 1253 1820 μετρεῖν,
1297 1751 1358 1802 οὐ
1409 1751 1566 1822 χρεία
1603 1753 1701 1821 τῆς
1734 1754 1864 1822 παρ’
1904 1751 2060 1822 ἡμῶν

488 1840 809 1910 ἑρμηνείας⁶
861 1839 1020 1902 αὐτὸς
1053 1840 1242 1894 ἑαυτὸν
1275 1843 1302 1894 ὁ
1345 1842 1500 1910 λόγος
1536 1844 1839 1914 σαφηνίζει.
1875 1842 2060 1896 Εἰπὼν

487 1933 595 2004 γὰρ
627 1931 822 1992 ταῦτα,
850 1934 942 1986 καὶ
970 1934 1068 2002 τὴν
1098 1933 1275 1986 αἰτίαν
1305 1934 1506 1997 εὐθέως
1540 1936 1867 2008 προσέθηκε.
1895 1936 2062 1991 Ποίαν

486 2025 551 2096 δὴ
578 2023 812 2095 ταύτην;
855 2025 1054 2090 Ὅπως
1094 2023 1172 2078 ἂν
1202 2024 1594 2094 διηγήσησθε,
1635 2028 1818 2096 φησὶν,
1846 2030 1933 2094 εἰς
1970 2045 2064 2096 γε·

485 2116 631 2169 νεὰν
656 2115 883 2184 ἑτέραν.
904 2117 968 2169 Ὃ
985 2115 1040 2168 δὲ
1061 2116 1207 2184 λέγει
1230 2116 1468 2170 τοιοῦτόν
1491 2113 1660 2164 ἐστιν’
1683 2113 1738 2166 Ἐ
1747 2117 2061 2190 μπλὴσθητε

486 2206 700 2276 ἡδονῆς,
735 2206 962 2277 χάρητε,
1001 2209 1348 2278 σκιρτήσατε.
1391 2208 1550 2260 Ἀλλά
1587 2211 1660 2280 μὴ
1692 2208 1896 2274 ἁπλῶς,
1928 2210 2061 2280 μηδὲ

487 2298 563 2360 ὡς
596 2297 804 2368 ἔτυχεν,
837 2297 972 2351 ἀλλά
1008 2299 1145 2369 μετά
1197 2298 1480 2370 ἀκριϐείας
1519 2301 1864 2370 καταμάθετε
1894 2301 2062 2371 αὐτῆς

487 2389 584 2461 τὴν
635 2389 805 2460 ἰσχύν.
859 2391 1073 2460 Ἐπειδὴ
1116 2391 1223 2462 γάρ
1282 2391 1519 2463 ὲρείπιον
1567 2391 1822 2460 γέγονεν,
1877 2392 2060 2462 ἐπειδὴ

489 2481 780 2551 πρόρριζος
823 2481 1136 2552 ἀνεσπάσθη
1157 2524 1172 2548 ,
1203 2483 1298 2536 καὶ
1338 2484 1399 2535 τὸ
1435 2482 1630 2551 ἔδαφος
1660 2483 1831 2552 αὐτῆς
1875 2483 2062 2552 σχεδὸν

489 2571 754 2635 ἀπώλετο,
798 2575 891 2626 καὶ
921 2573 1247 2641 ἀπέγνωσαν
1286 2574 1385 2645 τὴν
1422 2574 1514 2627 ἐπὶ
1543 2574 1604 2627 τὸ
1647 2574 1853 2644 βέλτιον
1891 2575 2061 2644 αὐτῆς

493 2662 815 2734 μεταϐολὴν,
848 2665 924 2727 ώς
953 2663 1152 2732 λέγειν,
1181 2665 1340 2734 Ξηρὰ
1367 2664 1572 2735 γέγονε
1600 2663 1671 2718 τὰ
1699 2665 1850 2719 ὀστᾶ
1872 2666 2060 2734 ἡμῶν,

488 2751 1043 2824 διαπεφωνήκιιμεν,
1079 2755 1572 2826 παρανηλώμεθα,
1604 2758 1697 2812 καὶ
1717 2758 1777 2811 οὐ
1809 2759 2064 2827 προσεδό-

489 2861 602 2897 κων
636 2845 805 2917 αὐτὴν
838 2846 1241 2918 ἀπολήψεσθαι·
1270 2848 1541 2902 ἀπέλαϐον
1569 2850 1626 2902 δὲ
1659 2851 1848 2921 αὐτὴν,
1880 2851 1973 2904 καὶ
2000 2851 2060 2903 οὐ

487 2937 764 3008 τοιαύτην,
815 2939 932 2992 οἵαν
963 2940 1254 3005 ἀπέϐαλον,
1294 2940 1430 2994 ἀλλά
1472 2941 1650 3012 πολλῷ
1697 2943 1939 3012 βελτίονα
1970 2943 2063 2995 καὶ

490 3029 894 3102 λαμπροτέραν,
924 3031 1019 3085 καὶ
1051 3035 1534 3104 περιφανεστέραν,
1566 3035 1658 3088 καὶ
1686 3035 1929 3104 μείζονα,
1969 3034 2064 3088 καὶ

491 3121 870 3194 εὐπορωτέραν
895 3161 910 3185 ,
947 3124 1040 3177 καὶ
1084 3125 1491 3198 δυνατωτέραν,
1532 3128 1625 3180 καὶ
1675 3126 1970 3198 εὐρυτέραν
2004 3127 2063 3180 ὲν

489 3217 608 3277 ταῖς
639 3215 968 3283 οἰκοδομαῖς,
1003 3215 1060 3267 ὲν
1082 3218 1194 3279 τοῖς
1220 3216 1421 3280 ὠνίοις,
1453 3219 1510 3270 ὲν
1543 3221 1608 3288 τῇ
1633 3218 1876 3289 δυνάμει,
1899 3221 1958 3272 ὲν
1995 3221 2060 3290 τῇ

489 3307 590 3375 τῆς
619 3307 964 3369 ὑποστάσεως
994 3308 1297 3377 περιουσίᾳ.
1342 3310 1554 3363 Ἔσται
1596 3311 1737 3382 γὰρ,
1791 3312 1983 3381 φησὶν,
2021 3313 2060 3380 ἡ

490 3402 718 3470 ἐσχάτη
766 3403 916 3467 δόξα
953 3403 1055 3456 τοῦ
1086 3405 1254 3459 οἴκου
1284 3407 1532 3473 τούτου,
1584 3408 1736 3477 ὑπὲρ
1789 3408 1904 3476 τὴν
1957 3409 2062 3478 ἐμ-

491 3497 776 3561 προσθεν.
804 3496 1065 3566 Παραινεῖ
1090 3495 1167 3564 τῷ
1194 3495 1329 3565 λαῷ,
1357 3499 1450 3551 καὶ
1479 3500 1758 3570 μονονουχὶ
1779 3499 1948 3552 ταῦτα
1975 3500 2058 3553 λέ·

493 3598 623 3654 γειι
647 3602 659 3616 ’
682 3579 859 3656 Ἰδοὺὴ
890 3587 1046 3650 πόλις
1079 3587 1239 3658 αῦτη,
1272 3591 1305 3660 ἡ
1352 3590 1769 3662 ἀπεγνωσμένη,
1813 3593 1846 3660 ἡ
1887 3590 2064 3662 ἀπηλε

492 3677 765 3748 πισμένη,
821 3680 854 3749 ἡ
894 3678 1133 3749 ὲρείπιον
1178 3675 1347 3744 οὖσα,
1393 3682 1509 3746 πῶς
1559 3683 1652 3734 ἐπὶ
1689 3682 2062 3753 λαμπρότερον

491 3769 762 3838 ἐπανῆλθε
792 3771 1010 3840 σχῆμα;
1037 3771 1186 3824 Αὐτά
1223 3768 1317 3825 οῦν
1343 3772 1518 3826 ταῦτα
1565 3773 1933 3844 καταμάθετε,
1963 3773 2062 3845 τὴν

493 3851 777 3923 οἰκοδομὴν
809 3853 996 3922 αὐτῆς,
1026 3853 1122 3922 τὴν
1147 3852 1524 3925 λαμπρότητα,
1555 3857 1653 3927 τὴν
1684 3857 2059 3928 περιφάνειαν,

494 3943 580 3996 ἵνα
609 3943 899 3997 κάντεῦθεν
935 3945 1194 4015 μαθόντες
1219 3946 1312 3998 τοῦ
1334 3946 1468 3999 Θεοῦ
1490 3947 1587 4018 τὴν
1613 3949 1787 4018 ἰσχὺν,
1821 3949 1934 4012 πῶς
1963 3950 2062 4021 τὴν

491 4044 921 4115 ἀπεγνωσμένην
959 4043 1179 4114 μείζονα
1206 4045 1451 4116 ἐποίησε,
1479 4045 1740 4116 διηγῆσθε
1769 4050 1881 4111 τοῖς
1907 4049 2063 4117 ἐγγό-

499 4157 608 4203 νοις
645 4140 797 4210 ὐμῶν
833 4142 932 4207 τὴν
968 4141 1198 4212 δύναμιν
1231 4141 1325 4194 τοῦ
1361 4141 1519 4205 Θεοῦ,
1549 4142 1608 4196 τὸ
1639 4143 1856 4217 διαρκὲς
1894 4143 2060 4197 αὐτοῦ

490 4232 589 4300 τῆς
617 4232 899 4301 προνοίας’
924 4233 1004 4286 ὅτι
1031 4233 1320 4297 διαπαντὸς
1349 4234 1540 4305 ἔμενεν
1559 4237 1592 4305 ἡ
1602 4235 1718 4304 μῶν
1744 4237 2059 4308 κηδόμενος,

492 4329 587 4382 καὶ
625 4328 1019 4399 προϊστάμενος
1044 4330 1138 4382 καὶ
1176 4331 1496 4399 ποιμαίνων.
1533 4327 1717 4384 Ταῦτα
1749 4332 1859 4404 γὰρ
1890 4333 1958 4386 τὰ
1980 4333 2060 4386 δι-

493 4424 754 4495 ηγήματα
789 4425 882 4478 καὶ
906 4428 1018 4486 τοῖς
1053 4424 1190 4495 μετά
1219 4424 1392 4478 ταῦτα
1419 4425 1620 4495 πολλῆς
1658 4427 1809 4480 ἔσται
1843 4427 2056 4496 φιλοσο-

492 4518 622 4587 φίας
643 4519 914 4584 ὑπόθεσις,
933 4521 1026 4574 καὶ
1046 4521 1372 4588 θεογνωσίας
1391 4521 1787 4592 ἀκριϐεστάτης
1813 4525 2053 4595 ἀφορμὴ,

493 4610 588 4662 καὶ
608 4610 807 4680 ἀρετῆς
833 4611 1134 4681 ἐπιμέλεια.
1166 4613 1264 4665 Διά
1282 4612 1450 4666 ταῦτα
1473 4613 1642 4684 αὐτὴν
1667 4616 1932 4686 περιιέναι
1963 4635 2056 4670 κε-

491 4699 658 4763 λεύει,
682 4701 767 4753 ῖνα
799 4701 1043 4772 ἀκριϐεῖς
1067 4701 1372 4756 διδάσκαλοι
1399 4703 1508 4756 τῶν
1534 4707 1770 4774 ἐγγόνων
1793 4708 2056 4774 γένωνται

491 4795 600 4849 τῶν
627 4797 851 4850 ἑαυτῶν.

564 4971 626 5025 δ’.
643 4971 733 5024 Διὸ
752 4971 813 5042 δὴ
829 4973 921 5025 καὶ
943 4973 1100 5042 ἡμεῖς
1116 4974 1202 5027 ἀεὶ
1218 4974 1309 5027 καὶ
1325 4975 1584 5046 διηνεκῶς
1597 4980 1942 5035 ἀποσκοποῦν
1951 4999 2053 5047 τες,

491 5064 551 5118 ὲν
579 5063 656 5134 νῷ
675 5065 884 5136 ἔχωμεν
913 5067 1010 5136 τὴν
1035 5068 1186 5120 πόλιν
1220 5069 1374 5138 ἡμῶν
1405 5069 1775 5143 Ἰερουσαλὴμ,
1797 5076 1967 5146 αὐτῆς
1990 5078 2057 5131 τὰ

493 5156 664 5225 κάλλη
695 5157 980 5221 διαπαντὸς
1017 5163 1428 5230 φανταζόμενοι,
1450 5165 1568 5233 ἡτις
1592 5166 1707 5217 ἐστὶ
1730 5169 2059 5239 μητρόπολις

492 5247 585 5300 τοῦ
624 5247 884 5317 βασιλέως
915 5249 1022 5302 τῶν
1069 5250 1300 5315 αἰώνων,
1344 5255 1400 5305 ἐν
1500 5256 1781 5326 πνεύματα
1814 5260 2055 5326 δικαίων,

491 5339 642 5409 χοροὶ
674 5341 1046 5411 πατριαρχῶν,
1082 5343 1391 5396 ἀποστόλων
1417 5387 1429 5406 ,
1466 5347 1558 5399 καὶ
1606 5349 1821 5403 πάντων
1853 5353 2019 5421 ἁγίων
2040 5372 2052 5386 ο

490 5431 620 5487 ἔνθα
651 5435 826 5489 πάντα
855 5435 1210 5502 ἀστασίαστα,
1249 5439 1343 5490 καὶ
1371 5438 1446 5510 μὴ
1487 5443 1899 5515 παρερχόμενα·
1928 5447 2055 5502 ἔνθα

494 5685 582 5791 ‘il'
605 5681 775 5792 1:0Jel.
797 5692 848 5736 el
880 5685 999 5747 Reg.
1027 5687 1115 5735 ὓῦί
1144 5689 1212 5749 τῷ
1241 5689 1338 5748 λαῷ
1360 5688 1506 5737 ταῦτα
1531 5691 1691 5750 λέγῲν.
1733 5694 1860 5744 Cnlb.
1889 5704 1936 5746 cl
1963 5701 2038 5747 Sa-

514 5756 522 5764 '
565 5758 624 5792 .u
701 5759 772 5792 os.

514 5756 578 5793 πιι.
597 5756 648 5792 ιιι
668 5756 772 5794 nos.

1249 347 1306 404 S.
1345 345 1627 402 JOANMS
1663 339 2146 399 CIIRYSOSTOMI
2188 338 2505 396 ARCIIIEP.
2548 340 3096 399 CONSTANTINOP.

3617 340 3725 399 222

2165 459 2232 511 τά
2263 459 2514 529 ἄφθαρτα
2548 461 2639 512 καὶ
2684 459 2888 513 ἀθέατα
2921 458 3116 529 κάλλη,
3145 456 3181 512 ἃ
3235 456 3415 527 μόνοις
3465 455 3724 527 πρόσεστι

2153 552 2554 625 κληρονομῆσαι
2575 557 2687 617 τοῖς
2711 556 2988 618 παντελῶς
3009 555 3178 624 λήθην
3203 549 3588 622 ποιησαμένοις
3614 549 3722 602 τῶν

2152 646 2404 718 φθαρτῶν
2427 646 2627 700 τούτων
2661 649 2757 701 καὶ
2793 648 3142 718 προσκαίρων
3179 643 3447 716 βιωτικῶν
3477 643 3722 713 μελημά-

2151 756 2278 799 των,
2315 739 2546 792 πλούτου
2572 739 2732 807 λέγω,
2766 741 2859 792 καὶ
2887 740 3118 810 τρυφῆς,
3153 739 3245 791 καὶ
3273 736 3379 788 τῶν
3415 735 3721 788 ὲπιϐλαϐῶν

2148 830 2351 899 ἡδονῶν
2380 829 2473 884 τοῦ
2512 831 2778 886 διαϐόλου.
2816 831 2926 901 Τὴν
2975 831 3032 884 δὲ
3088 828 3438 898 φιλαδελφίαν
3473 827 3568 881 καὶ
3620 828 3720 898 τὴν

2151 925 2452 993 φιλοξενίαν
2491 926 2628 997 πρὸς
2662 927 2788 989 τοὺς
2832 925 3116 996 δεομένους
3171 925 3291 978 καθ’
3335 924 3570 995 ἑκάστην
3616 923 3717 995 τὴν

2149 1016 2362 1088 ἡμέραν
2387 1017 2695 1082 αὐξοῦντες,
2713 1016 2933 1086 ἀγάπην
2958 1016 3056 1086 τὴν
3085 1015 3220 1086 πρὸς
3244 1015 3333 1068 τὸν
3358 1013 3604 1082 πλησίον,
3627 1014 3721 1066 καὶ

2152 1107 2308 1179 [205]
2337 1107 2435 1178 τὴν
2458 1110 2522 1160 ὲκ
2550 1109 2648 1178 τῆς
2675 1109 2900 1179 καρδίας
2929 1106 3274 1178 συγχώρησιν
3303 1104 3396 1158 τοῦ
3425 1103 3724 1174 λελυπηκό-

2151 1216 2263 1263 τος,
2295 1201 2359 1253 ἵν’
2386 1199 2530 1253 οὕτω
2557 1201 2736 1264 καλῶς
2762 1201 2854 1254 καὶ
2883 1199 3185 1271 θεαρέστως
3212 1197 3561 1268 βιοτεύοντες,
3591 1195 3722 1264 κλη-

2155 1290 2372 1360 ρονόμοι
2406 1291 2696 1362 γενοίμεθα
2742 1292 2840 1358 τῆς
2883 1291 2991 1345 τῶν
3029 1289 3269 1360 οὐρανῶν
3316 1287 3618 1358 βασιλείας,
3662 1289 3722 1338 ὲν

2153 1381 2302 1452 αὐτῷ
2328 1381 2548 1452 Χριστῷ
2569 1382 2648 1452 τῷ
2676 1383 2865 1453 Κυρίῳ
2901 1382 3074 1452 ἡμῶν,
3095 1378 3138 1450 ᾧ
3164 1384 3196 1451 ἡ
3226 1379 3351 1444 δόξα
3380 1380 3474 1432 καὶ
3495 1378 3554 1431 τὸ
3589 1377 3723 1448 κρά-

2152 1489 2244 1534 τος
2291 1474 2386 1525 σὺν
2418 1472 2496 1543 τῷ
2528 1474 2701 1544 Πατρὶ
2747 1473 2842 1527 καὶ
2870 1474 2946 1543 τῷ
2989 1475 3126 1543 ἁγίῳ
3168 1473 3441 1542 Πνεύματι
3461 1513 3475 1536 ,
3504 1470 3596 1522 νῦν
3629 1470 3726 1522 καὶ

2155 1564 2262 1628 ἀεὶ,
2300 1567 2391 1617 καὶ
2412 1567 2490 1626 εἰς
2514 1565 2639 1628 τοὺς
2661 1564 2863 1628 αἰῶνας
2885 1565 2996 1618 τῶν
3025 1563 3256 1618 αἰώνων.
3286 1565 3480 1634 Ἀμήν.

2539 1743 2647 1795 ΕΙΣ
2685 1743 2820 1795 ΤΟΝ
2857 1744 2974 1796 ΜΗ¹
3013 1743 3328 1796 ΨΑΛΜΟΝ.

2157 1887 2260 1951 Εἰς
2294 1885 2356 1937 τὸ
2387 1885 2559 1950 τέλος
2586 1885 2708 1952 τοῖς
2733 1885 2882 1951 υἱοῖς
2924 1887 3089 1954 Κορέ.
3131 1886 3338 1950 Ἀλλος,
3391 1888 3719 1954 Ἐπινίκιιος.

2170 2041 2484 2096 Ἀκούσατε
2517 2043 2720 2104 ταῦτα,
2751 2043 2946 2096 πάντα
2984 2043 3056 2096 τὰ
3091 2043 3257 2110 ἔθνη.
3285 2043 3492 2106 Ἄλλος,
3528 2045 3724 2098 Ἀκού-

2226 2129 2373 2166 σατε
2405 2113 2599 2167 τοῦτο.
2635 2113 3052 2173 Ἰνένωτίσιισθε,
3078 2113 3296 2178 πάντες
3320 2118 3371 2167 οἱ
3390 2115 3724 2168 κατοικοῦν-

2226 2199 2324 2247 τες
2362 2183 2476 2250 τὴν
2505 2183 2888 2251 οἰκουμένην.
2919 2183 3127 2244 Ἄλλος,
3158 2182 3276 2251 Tir»:
3299 2184 3720 2251 ἐζγκιιτιὶὸινσιν.

2231 2245 2433 2316 ’Ἄλλος
2464 2253 2617 2322 φησὶ,
2667 2245 2786 2319 Τὴν
2814 2245 3176 2307 κατάδυσιν.
3204 2245 3305 2322 ξὈΑ
3317 2245 3374 2301 δὲ
3434 2250 3676 2321 Ἑϐραῖος
3701 2297 3716 2319 ,

2229 2322 2388 2377 Ὄλδ.
2413 2319 2561 2376 Οἶτε
2594 2323 2860 2392 γηγενεῖς
2886 2324 2981 2376 καὶ
3015 2326 3066 2376 οἱ
3103 2321 3219 2376 υἱοὶ
3239 2319 3356 2392 τῶν
3378 2319 3720 2387 ἀνθρώπων.

2230 2392 2441 2456 Ἀλλος,
2464 2394 2533 2447 Ἥ
2549 2389 2614 2446 τε
2642 2389 3043 2461 ἀνθρωπότης,
3063 2389 3308 2460 προσέτι
3332 2391 3400 2442 δὲ
3417 2392 3513 2443 καὶ
3534 2395 3587 2444 οἱ
3609 2393 3725 2444 υἰοί

2227 2462 2486 2516 ἑκάστου
2506 2463 2744 2531 ἀνδρός.
2783 2463 2913 2517 Ἐπὶ
2934 2465 2996 2516 τὸ
3017 2462 3163 2516 αὐτὸ
3184 2462 3476 2526 πλούσιος
3495 2461 3590 2514 καὶ
3621 2461 3726 2513 πέ-

2227 2549 2360 2599 νης.
2391 2531 2602 2596 Ἀλλος,
2649 2533 2838 2602 Ὁμοῦ.

2230 2707 2298 2762 α’.
2331 2709 2558 2777 Μεγάλα
2584 2709 2704 2762 τινά
2739 2711 2832 2762 καὶ
2869 2710 3152 2782 ἀπόρρητα
3181 2711 3362 2781 μέλλει
3389 2710 3727 2779 διαλέγεσθαι

2157 2798 2253 2852 νῦν
2273 2801 2404 2869 ἡμῖν
2431 2803 2459 2853 ὁ
2483 2800 2790 2870 Προφήτης.
2811 2801 2943 2854 Οὐδὲ
2967 2802 3076 2873 γὰρ
3100 2803 3165 2856 ἂν
3184 2803 3307 2865 τοὺς
3327 2801 3598 2873 πανταχοῦ
3625 2801 3724 2870 τῆς

2158 2891 2262 2962 γῆς
2288 2891 2542 2944 ἐκάλεσεν
2577 2893 2655 2955 εἰς
2680 2893 2940 2964 ἀκρόασιν
2960 2935 2974 2962 ,
3014 2894 3121 2947 οὐδ’
3155 2894 3219 2948 ἂν
3249 2895 3309 2947 τὸ
3345 2896 3442 2964 τῆς
3472 2893 3723 2963 οἰκουμέ-

2159 3000 2254 3053 νης
2287 2983 2504 3036 ἐκάθισε
2546 2984 2803 3057 θέατρον,
2838 2989 2886 3039 εἰ
2917 2987 2991 3057 μὴ
3027 2988 3168 3057 μέγα
3207 3005 3290 3051 τι,
3321 2987 3414 3039 καὶ
3453 2986 3730 3056 λαμπρὸν..

2159 3075 2364 3129 καὶτοῦ
2393 3075 2654 3146 μεγέθους
2683 3077 2775 3130 τοῦ
2800 3078 3054 3147 συλλόγου
3077 3078 3224 3145 ἄξιον
3248 3081 3392 3150 ἐρεῖν
3421 3080 3550 3149 ἡμῖν
3575 3076 3726 3147 ἔμελ·

2157 3166 2267 3222 λεν.
2301 3167 2496 3220 Οὐκέτι
2519 3166 2628 3238 γὰρ
2663 3167 2739 3230 ὼς
2791 3168 3063 3231 Ἰουδαίοις
3097 3167 3454 3238 προφητεύων
3487 3169 3598 3229 τοῖς
3627 3165 3726 3236 τὴν

2157 3259 2522 3330 Παλαιστίνην
2579 3258 2787 3312 οἰκοῦσι
2842 3259 3182 3328 διαλέγεται,
3230 3259 3342 3312 ἀλλ’
3397 3258 3585 3330 ῶσπερ
3642 3276 3724 3321 τις

2158 3351 2454 3414 ἀπόστολος
2497 3351 2592 3404 καὶ
2633 3350 3020 3422 εὐαγγελιστὴς
3054 3351 3189 3422 πρὸς
3229 3351 3444 3404 ἃπασαν
3481 3351 3578 3420 τὴν
3617 3349 3725 3403 τῶν

2158 3440 2456 3512 ἀνθρώπων
2476 3440 2635 3510 φύσιν
2663 3441 2931 3495 ἀποτείνει
2956 3442 3048 3493 τὸν
3079 3441 3254 3508 λόγον.
3292 3441 3350 3494 '0
3377 3441 3472 3510 μὲν
3501 3439 3610 3510 γὰρ
3638 3443 3724 3493 νό-

2161 3548 2261 3602 μος
2291 3534 2350 3585 ὲν
2386 3535 2482 3604 μιᾷ
2500 3533 2672 3603 γωνίᾳ
2699 3533 2797 3601 τῆς
2813 3532 3132 3602 οἰκουμένης
3154 3533 3214 3584 τὸ
3232 3531 3381 3595 ἔθνος
3410 3532 3686 3584 ἐπαίδευεν
3706 3547 3720 3563 ι

2159 3623 2188 3675 ό
2213 3622 2367 3692 λόγος
2407 3623 2463 3677 δὲ
2513 3623 2605 3676 τοῦ
2653 3623 3005 3695 κηρύγματος
3054 3623 3328 3694 πανταχοῦ
3361 3622 3458 3692 τῆς
3495 3623 3596 3692 γῆς
3636 3621 3723 3686 ἐξ·

2161 3717 2340 3783 ηχεῖτο
2363 3715 2412 3778 ι),
2441 3714 2534 3767 καὶ
2569 3715 2757 3767 ἑαυτὸν
2783 3714 3034 3781 ἐξέτεινε,
3053 3713 3319 3782 τοσαύτην
3345 3712 3585 3765 ἐπελθὼν
3613 3713 3723 3782 χώ-

2163 3822 2282 3877 ραν,
2305 3806 2435 3874 ὅσην
2463 3807 2557 3858 κα¹ι
2587 3808 2615 3858 ὁ
2653 3805 2804 3874 ἥλιος
2826 3806 3059 3860 ἔπεισιν.
3097 3805 3305 3857 Ἐκεῖνα
3338 3804 3433 3874 μὲν
3460 3803 3569 3874 γὰρ
3599 3821 3724 3856 παι-

2159 3891 2400 3960 δαγωγία
2427 3909 2512 3955 τις
2530 3889 2598 3963 ἦν
2631 3893 2724 3947 καὶ
2749 3894 3047 3964 εἰσαγωγὴ,
3075 3897 3166 3946 καὶ
3190 3893 3431 3946 διακονία
3459 3893 3723 3964 κατακρί-

2161 4001 2295 4048 σεως
2319 3985 2412 4036 καὶ
2442 3983 2668 4037 θανάτου
2686 4001 2700 4015 ο
2733 3984 2904 4038 ταῦτα
2932 3985 2989 4038 δὲ
3015 3986 3172 4056 χάρις
3211 3986 3302 4038 καὶ
3332 3986 3539 4056 εἰρήνη.
3573 3986 3722 4038 Ἐπεὶ

2159 4071 2251 4128 οῦν
2274 4077 2418 4129 ᾰπαν
2437 4075 2497 4128 τὸ
2523 4076 2677 4144 γένος
2697 4077 2777 4140 εἰς
2802 4077 2898 4146 τὴν
2924 4078 3185 4148 ἀκρόασιν
3210 4077 3548 4140 συνεκάλεσε,
3566 4077 3722 4148 δεῦρο

2159 4167 2222 4238 δὴ
2249 4167 2342 4220 καὶ
2361 4169 2520 4238 ἡμεῖς
2550 4167 3004 4239 παραγενώμεθα,
3037 4169 3128 4222 καὶ
3157 4169 3351 4239 ίδωμεν
3388 4168 3440 4222 τί
3479 4169 3720 4239 βούλεται

2160 4262 2290 4330 ἡμῖν
2322 4261 2352 4312 ό
2382 4259 2667 4331 ψαλμῳδὸς
2699 4263 2870 4314 εἰπεῖν
2893 4302 2908 4325 ,
2953 4264 2981 4314 ὁ
3013 4261 3189 4325 κοινὸς
3229 4260 3322 4314 τοῦ
3375 4261 3562 4330 γένους
3614 4262 3721 4314 τῶν

2159 4351 2463 4422 ἀνθρώπων
2493 4353 2852 4423 προστάτης.ο
2880 4353 3000 4406 Κάν
3019 4352 3284 4424 βάρϐαροί
3312 4369 3454 4416 τινες
3469 4348 3588 4417 ὦσι,
3618 4349 3721 4403 κᾶν

2161 4446 2332 4512 σοφοὶ,
2369 4444 2473 4497 κᾶν
2508 4444 2736 4506 ἰδιῶται,
2768 4443 3007 4508 κελεύεις
3047 4444 3245 4506 αὐτοὺς
3278 4442 3718 4513 παραγενέσθαι;

2159 4537 2284 4599 Ναὶ,
2317 4537 2468 4605 φησί.
2493 4537 2589 4588 Διά
2615 4536 2678 4607 δὴ
2704 4535 2861 4588 τοῦτο
2890 4536 3189 4606 ἀρχόμενος
3221 4530 3392 4596 εἶπεν,
3417 4534 3618 4588 Πάντα
3650 4534 3720 4586 τὰ

2158 4627 2334 4690 ἔθνη·
2377 4628 2470 4680 καὶ
2508 4628 2666 4681 πάλιν
2711 4629 2951 4680 ἐπέτεινε
3003 4627 3174 4696 λέγων
3197 4645 3211 4658 ο
3246 4629 3313 4680 Οἳ
3349 4643 3412 4680 τε
3452 4629 3721 4697 γηγενεῖς

2157 4719 2255 4772 καί
2273 4720 2327 4773 οἱ
2355 4718 2470 4772 υἱοὶ
2493 4718 2612 4770 τῶν
2631 4719 2972 4786 ἀνθρώπων,
3001 4720 3097 4790 τὴν
3126 4719 3516 4790 ἀνθρωπότητα
3541 4721 3720 4773 πᾶσαν

2157 4809 2357 4863 καλῶν.
2393 4809 2564 4862 Βαϐαὶ
2599 4810 2697 4878 τῆς
2722 4809 3100 4873 διδασκαλίαςῐ
3146 4810 3259 4874 πῶς
3286 4812 3400 4864 ἐστι
3433 4813 3599 4864 πᾶσιν
3624 4813 3717 4882 ἀρα

2158 4902 2356 4972 μόδιος,
2387 4903 2480 4955 καὶ
2509 4904 2682 4972 κοινή.
2714 4903 2811 4955 Διὰ
2833 4904 2938 4974 γάρ
2967 4919 3048 4955 τοι
3078 4902 3233 4956 τοῦτο
3259 4905 3378 4956 οὐδὲ
3413 4904 3597 4965 ἁπλῶς
3624 4921 3720 4956 κα-

2156 4994 2238 5047 λεῖ
2272 4995 2430 5064 μόνον
2455 4996 2720 5060 ἅπαντας,
2752 4995 2884 5047 ἀλλά
2914 4997 3006 5048 καὶ
3035 4997 3170 5066 μετᾶ
3203 4996 3400 5067 πολλῆς
3433 5000 3532 5066 τῆς
3556 5013 3718 5048 σπουο

2155 5086 2270 5155 δῆς,
2296 5087 2388 5138 καὶ
2409 5085 2688 5155 ἀκριϐείας
2710 5085 2992 5156 προσέχειν
3019 5090 3127 5151 τοῖς
3153 5087 3463 5157 λεγομένοις
3489 5088 3712 5141 κελεύει.

2157 5179 2232 5230 υύ
2267 5179 2374 5248 γάρ
2406 5175 2579 5238 εἶπεν,
2600 5179 2914 5232 Ἀκούσατε
2976 5175 3136 5245 μόνον
3178 5181 3382 5241 ταῦτα,
3413 5179 3607 5232 πάντα
3647 5179 3732 5233 τὰς

2156 5267 2322 5336 ἔθνη,
2353 5269 2486 5322 ἀλλά
2517 5271 2631 5332 καὶ,
2681 5271 3099 5325 Ἐνωτίσασθε.
3145 5272 3217 5324 Τὸ
3259 5273 3316 5324 δὲ
3363 5272 3715 5326 ὲνωτίσασθαι

2157 5359 2306 5412 οὐδὲν
2339 5362 2521 5431 ἕτερόν
2559 5363 2725 5426 ἐστιν,
2757 5363 2790 5432 ἢ
2837 5364 2898 5415 τὸ
2935 5363 3069 5433 μετά
3103 5365 3334 5433 σπουδῆς
3375 5363 3525 5436 [204]
3557 5365 3720 5418 ἀκοῦ-

2157 5469 2269 5520 σαι,
2314 5455 2407 5505 καὶ
2441 5455 2810 5528 συντεταμένῃ
2858 5459 2922 5526 τῇ
2953 5457 3174 5528 διανοίᾳ.
3201 5459 3583 5512 Ἐνωτίσασθαι
3609 5459 3718 5529 γὰρ

2212 5633 2240 5672 ιι
2264 5634 2434 5699 Morel.
2457 5639 2686 5699 ἐνηχεῖτο.

2214 5701 2234 5725 ε
2262 5697 2471 5745 Texlum
2493 5697 2702 5748 anichac
2746 5700 2792 5749 in
2819 5701 2984 5752 Morel.
3017 5711 3068 5754 cl
3112 5706 3258 5756 Sam.
3299 5708 3517 5757 vitiatum
3540 5711 3609 5759 sic
3631 5720 3714 5761 η’

2154 5761 2400 5809 smuimus
2423 5775 2481 5810 ex
2504 5762 2606 5809 cod.
2633 5775 2744 5811 mss.
