4108 6344
299 378 402 434 2⁸21

294 491 530 546 Domine.
564 491 736 560 Alius,
773 491 849 546 Ob
869 493 1068 562 judicia
1099 502 1204 547 tua.
1238 493 1324 547 15.
1355 491 1674 546 Circumdate
1715 489 1865 554 Sion,

290 583 900 653 etcomplectiminieam.
949 585 1120 650 Alius,
1170 583 1238 638 Et
1280 584 1504 638 circuito.
1550 580 1775 635 Narrate
1815 581 1870 634 in

291 673 512 728 turribus
538 675 669 745 ejus.
700 676 871 740 Alius,
897 673 1174 730 Numerate
1199 685 1358 729 turres
1384 675 1510 743 ejus.
1537 673 1706 737 Alius,
1727 671 1868 724 Lau-

289 766 424 817 date.
449 764 534 820 14.
567 764 747 818 Ponite
769 765 922 819 corda
964 775 1126 819 uestra
1151 767 1206 819 in
1233 767 1412 819 virtute
1439 765 1568 834 ejus.
1600 763 1770 826 Alius,
1797 759 1866 815 In

289 855 549 909 ambitum.
579 855 749 919 Alius,
791 855 856 910 In
875 856 1256 910 abundantiam.
1283 854 1350 908 Et
1379 855 1662 909 distribuite
1689 853 1864 906 domos

288 947 417 1017 ejus.
447 946 624 1012 Alius,
682 945 994 1002 Dimetimini
1030 947 1196 1019 regias
1243 948 1370 1017 ejus.
1420 945 1488 1001 Ut
1539 944 1777 999 enarratis
1811 944 1864 997 in

289 1039 525 1110 progenie
559 1039 738 1093 altera.
779 1041 929 1095 Alius
951 1082 966 1107 ,
1011 1038 1079 1094 In
1120 1041 1436 1110 generatione
1457 1038 1739 1108 posteriori.
1767 1038 1860 1093 15.

291 1129 542 1196 Quoniam
561 1131 642 1184 hic
661 1139 732 1186 est
759 1130 896 1186 Deus
924 1141 1089 1186 noster
1115 1133 1168 1185 in
1187 1133 1447 1197 secutum,
1471 1139 1516 1184 et
1543 1131 1598 1183 in
1621 1129 1862 1183 saeculum

284 1220 478 1274 swculi.
501 1218 623 1290 Ipse
653 1231 789 1287 reget
817 1238 908 1276 nos
952 1222 1007 1277 in
1058 1223 1263 1276 sucula.
1315 1221 1555 1289 Quanam
1584 1220 1650 1274 de
1700 1233 1860 1274 causa

285 1311 404 1368 haec
442 1314 708 1383 praecipit,
733 1315 962 1370 circuire
999 1317 1264 1370 civitatem
1285 1356 1300 1378 ,
1342 1329 1625 1369 numerare
1645 1323 1818 1368 turres
1840 1354 1857 1378 ,

284 1405 560 1461 attendere
586 1405 804 1460 aediﬁcia
827 1447 842 1473 ,
871 1407 1208 1462 considerare
1232 1408 1348 1476 ejus
1374 1406 1622 1461 decorem
1643 1448 1657 1472 ,
1709 1414 1858 1473 septa

282 1503 400 1571 ejus
424 1513 478 1558 et
506 1519 684 1560 muros
711 1515 1020 1575 computare
1039 1546 1054 1571 ,
1087 1503 1274 1559 domos
1303 1513 1356 1559 et
1407 1503 1597 1573 palatia
1642 1503 1853 1566 metiri,

279 1608 388 1648 non
413 1608 544 1664 opus
569 1603 650 1650 est
675 1604 852 1651 nostra
899 1597 1363 1666 interpretatione,
1409 1594 1502 1649 sed
1545 1594 1713 1648 oratio
1743 1593 1854 1662 ipsa

280 1686 510 1755 seipsam
537 1688 784 1756 explicat.
814 1688 946 1742 Cum
984 1690 1128 1743 enim
1181 1689 1291 1741 lucc
1336 1687 1590 1752 dixisset,
1639 1701 1852 1741 causam

279 1791 491 1847 quoque
516 1779 694 1832 statim
745 1778 958 1849 adjecit.
1009 1779 1343 1846 Quamnam?
1396 1777 1462 1832 Ut
1513 1778 1755 1831 enarretis
1799 1777 1852 1828 in

277 1869 513 1938 progenie
538 1869 716 1923 altera.
755 1869 906 1937 Quod
931 1879 1107 1924 autem
1154 1869 1315 1934 dicit,
1373 1867 1676 1937 huiusmodi
1719 1875 1802 1920 est
1833 1883 1847 1920 :

276 1958 604 2030 Impleamini
633 1961 864 2032 gaudio,
911 1961 1193 2028 laetemini,
1248 1960 1542 2015 exsultetis.
1593 1957 1697 2013 Sed
1745 1973 1848 2012 non

275 2051 462 2107 leviter
485 2067 549 2108 ac
567 2054 755 2116 obiter,
789 2052 882 2108 sed
905 2063 1151 2108 accurate
1173 2061 1229 2107 et
1257 2051 1540 2121 diligenter
1566 2050 1681 2121 ejus
1705 2051 1848 2103 vires

274 2145 571 2215 intelligite.
609 2145 868 2214 Quoniam
895 2147 1036 2203 enim
1074 2145 1174 2201 fuit
1197 2146 1403 2213 diruta,
1434 2147 1681 2216 quoniam
1709 2145 1850 2200 radi-

273 2236 409 2289 citus
435 2237 717 2305 convulsa,
745 2237 967 2308 ejusque
991 2239 1163 2293 solum
1189 2237 1572 2308 propemodum
1613 2237 1813 2292 interiit
1830 2279 1846 2304 ,

272 2334 328 2379 et
353 2326 700 2395 desperarunt
725 2326 841 2384 fore
889 2337 945 2382 ut
971 2344 1032 2384 ea
1064 2329 1118 2383 in
1148 2329 1342 2383 melius
1372 2337 1684 2394 mutaretur,
1713 2327 1850 2382 adeo

270 2428 330 2472 ut
375 2418 662 2474 dicerent:
709 2421 962 2474 Aruerttnt
998 2438 1112 2476 ossa
1183 2431 1384 2486 nostra,
1424 2421 1598 2475 lassati
1649 2437 1844 2485 sumus,

269 2512 549 2581 consumpti
572 2528 744 2566 sumus
775 2514 791 2544 ί
823 2512 1030 2582 (Ezech.
1071 2514 1160 2569 37.
1189 2514 1301 2583 11),
1333 2528 1432 2568 nec
1468 2512 1846 2582 exspectabant

267 2604 384 2658 fore
437 2611 494 2656 ut
534 2619 652 2658 eam
695 2604 995 2673 reciperent
1043 2623 1056 2660 :
1107 2619 1225 2659 eam
1271 2613 1447 2658 tamen
1503 2611 1839 2673 receperunt,

267 2704 322 2749 et
356 2709 464 2749 non
502 2695 659 2750 talem
705 2696 915 2766 qualem
960 2695 1279 2761 amiserant,
1317 2695 1408 2750 sed
1454 2695 1610 2765 longe
1658 2695 1845 2750 melio-

266 2801 382 2840 rem
399 2827 414 2852 ,
443 2785 720 2840 clariorem
737 2827 752 2852 ,
778 2796 938 2857 atque
965 2787 1307 2842 illustriorem
1327 2827 1342 2846 .
1366 2787 1621 2856 majorem
1641 2827 1657 2852 ,
1685 2785 1844 2840 ditio-

264 2890 401 2941 rem,
425 2877 795 2945 potentiorem,
819 2887 873 2932 et
912 2876 1418 2946 magniﬁcentiorem
1467 2876 1520 2930 in
1569 2875 1838 2940 aediliciis,

265 2967 319 3022 in
347 2966 509 3023 rebus
549 2968 844 3034 venalibus,
878 2968 931 3022 in
962 2970 1194 3036 potentia
1216 3010 1229 3032 ,
1258 2969 1309 3022 in
1338 2967 1695 3023 facultatibus.
1725 2966 1840 3020 Erit

265 3058 410 3112 enim
433 3097 450 3118 .
481 3059 682 3128 inquit,
713 3061 892 3112 ultima
919 3060 1079 3130 gloria
1123 3059 1300 3114 domus
1337 3061 1486 3130 hujus
1510 3077 1668 3131 supra
1698 3061 1838 3128 prio-

261 3165 371 3203 rem
397 3149 549 3221 (Agg.
579 3150 635 3204 2.
668 3149 777 3222 10).
813 3150 1133 3206 Adhortatur
1153 3153 1403 3221 populum
1428 3192 1443 3218 ,
1464 3161 1518 3206 et
1560 3167 1839 3221 propemo-

263 3241 391 3297 dum
414 3243 529 3297 hzec
556 3243 684 3298 dicit
713 3263 724 3296 :
758 3243 896 3299 Ecce
921 3244 1034 3298 lucc
1053 3243 1239 3298 civitas
1260 3285 1274 3309 ,
1301 3243 1369 3297 de
1393 3257 1496 3312 qua
1523 3252 1637 3297 erat
1666 3242 1838 3296 omnis

261 3350 387 3404 spes
411 3336 636 3407 abjecta,
658 3351 776 3407 qua:
802 3336 974 3391 diruta
990 3346 1043 3391 et
1057 3351 1244 3391 eversa
1267 3335 1461 3401 fuerat,
1493 3334 1761 3405 quomodo
1787 3335 1838 3389 in

262 3426 674 3496 Splendidiorem
706 3428 938 3496 speciem
976 3437 1276 3498 statumque
1303 3427 1544 3482 restituta
1569 3427 1689 3481 est?
1714 3426 1840 3480 Haec

261 3532 392 3587 ergo
420 3519 527 3590 ipsa
552 3519 758 3586 discite,
777 3519 891 3589 ejus
912 3519 1333 3582 aediﬁcationem,
1356 3518 1714 3587 Splendorem,
1732 3517 1839 3572 cla-

261 3608 497 3675 ritatem,
530 3616 589 3664 ut
611 3625 729 3664 cum
756 3608 879 3664 hinc
901 3609 994 3664 Dei
1014 3609 1260 3663 virtutem
1292 3608 1582 3663 didiceritis
1601 3648 1614 3672 ,
1647 3623 1838 3678 nempe

261 3715 371 3772 quo
401 3711 555 3770 pacto
593 3717 711 3757 eam
733 3743 748 3768 ,
777 3701 928 3772 cujus
957 3701 1099 3755 nulla
1127 3712 1238 3756 erat
1269 3715 1392 3770 spes
1421 3698 1601 3754 relicta
1619 3741 1634 3765 ,
1667 3699 1837 3768 majo-

260 3809 376 3850 rem
401 3795 602 3861 iecerit,
619 3796 848 3851 narrelis
872 3796 1099 3866 posteris
1115 3795 1304 3849 vestris
1327 3794 1418 3848 Dei
1446 3794 1754 3863 potentiam,
1783 3800 1839 3847 et

258 3897 569 3958 perpetuam
624 3887 739 3958 ejus
789 3887 1202 3956 providentiam,
1243 3899 1474 3954 eumque
1524 3884 1692 3938 nostri
1736 3898 1833 3937 cu-

257 3994 375 4034 ram
403 3993 614 4047 semper
647 3992 831 4048 gerere
851 4019 866 4044 ,
907 3992 1004 4032 nos
1040 3992 1256 4046 regere,
1286 3985 1340 4031 et
1382 3974 1689 4029 defendere.
1745 3974 1837 4028 Hae

258 4071 404 4126 enim
433 4071 763 4124 narrationes
790 4069 1014 4138 posteris
1031 4081 1239 4138 quoque
1260 4075 1415 4122 erunt
1445 4082 1647 4136 magnae
1672 4081 1834 4136 argu-

257 4175 494 4219 mentum
517 4163 862 4233 phiIOSOphize
881 4203 897 4229 ,
929 4172 981 4217 et
1007 4161 1218 4216 occasio
1244 4161 1597 4216 exactissima:
1625 4159 1716 4215 Dei
1743 4175 1835 4214 co-

258 4256 542 4326 gnitionis,
593 4265 641 4311 et
677 4256 846 4314 studii
876 4255 1103 4311 virtutis.
1135 4255 1488 4321 Quamobrem
1527 4253 1677 4322 jubet
1715 4253 1834 4307 illos

257 4362 375 4402 eam
399 4348 641 4413 circuire,
667 4357 723 4402 ut
747 4347 853 4401 sint
871 4347 1085 4415 perfecti
1101 4346 1347 4400 doctores
1374 4356 1704 4415 posterorum
1734 4342 1828 4416 (a).

333 4433 384 4494 42
420 4439 676 4506 Quocirca
703 4453 799 4493 nos
825 4453 1030 4508 quoque
1054 4452 1265 4504 semper
1294 4445 1348 4490 et
1372 4435 1624 4489 continuo
1656 4435 1833 4489 consi-

256 4532 508 4588 derantes
529 4572 546 4598 ,
575 4531 838 4585 civitatem
867 4543 1101 4584 nostram
1127 4529 1421 4584 Jerusalem
1449 4538 1626 4584 mente
1647 4543 1831 4584 verse-

257 4639 410 4689 mus,
453 4638 517 4678 ac
547 4621 988 4693 pulchritudinem
1018 4622 1133 4690 ejus
1162 4621 1314 4675 nobis
1340 4621 1408 4675 ob
1433 4620 1618 4674 oculos
1645 4635 1833 4689 perpe-

257 4726 349 4769 tuo
389 4730 674 4785 ponamus,
703 4730 820 4783 qua:
840 4713 998 4782 Regis
1028 4713 1343 4768 surculorum
1373 4721 1455 4767 est
1482 4711 1790 4780 metropolis
1814 4752 1828 4776 ,

254 4806 311 4858 in
352 4821 452 4875 qua
486 4805 747 4874 justorum
777 4813 902 4859 sunt
929 4804 1172 4872 spiritus,
1197 4804 1343 4858 chori
1378 4804 1826 4872 patriarcharum,

254 4897 651 4964 apostolorum,
701 4896 1044 4964 omniumque
1099 4905 1435 4959 sanctorum;
1485 4894 1572 4947 ubi
1623 4893 1829 4947 stabilia

254 4997 380 5041 sunt
420 4995 644 5051 cuncta,
690 5002 795 5040 non
840 4986 1211 5054 prmtereuntia
1249 5001 1264 5050 ;
1303 4986 1388 5039 ubi
1417 4985 1831 5054 pulchritudines

254 5087 381 5132 sunt
427 5077 748 5131 immortales
772 5118 786 5138 ,
814 5086 868 5131 et
898 5091 1016 5146 qua:
1043 5076 1142 5130 sub
1170 5084 1438 5144 aspectum
1467 5091 1573 5130 non
1599 5076 1826 5140 cadunt,

254 5183 378 5238 qua}
424 5167 550 5222 solis
588 5168 652 5223 iis
693 5167 984 5222 hereditate
1019 5169 1271 5236 consequi
1303 5168 1456 5234 licet,
1485 5169 1572 5237 qui
1602 5168 1828 5222 caduca-

253 5276 374 5315 rum
415 5270 468 5315 et
506 5260 769 5315 ﬂuxarum
808 5260 1137 5315 saecularium
1175 5275 1417 5315 curarum
1449 5261 1656 5329 penitus
1681 5261 1832 5314 obliti

329 5370 351 5433 ξ
396 5367 519 5433 Hac
570 5368 718 5433 verba
743 5405 756 5427 ,
812 5367 1082 5433 consumpti
1141 5382 1305 5433 sumus
1368 5370 1489 5432 (Gr.
1555 5373 1835 5433 παρα-νηλώ-

273 5428 432 5486 paea),
471 5442 566 5476 non
603 5430 846 5480 habentur
883 5428 1019 5493 apud
1049 5428 1392 5491 Ezechielem,
1423 5433 1552 5482 unde
1582 5428 1717 5481 locus
1742 5447 1833 5482 ex-

271 5497 472 5538 CBTI’IUJS
495 5499 585 5538 est.

337 5505 746 5617 :2;03:5;liquot
793 5552 907 5601 Mss.
965 5555 1045 5617 hic
1088 5553 1626 5617 desinitexplanatio,
1671 5554 1833 5605 addita

269 5610 461 5679 vulgari
524 5613 606 5679 illa
643 5610 900 5679 ‘clausula,
939 5614 1065 5679 quia
1106 5614 1200 5679 ipsi
1259 5610 1442 5678 gloria,
1500 5620 1571 5666 ὅτι
1615 5610 1760 5678 ἀὐτῷ
1802 5622 1831 5675 ἡ

274 5675 402 5746 ῇὸξα.
433 5679 528 5722 etc.
559 5675 629 5722 De
651 5677 910 5746 authentia
939 5675 1086 5746 hujus
1109 5675 1433 5746 additamenti
1467 5680 1658 5746 dubitat.
1695 5675 1834 5746 sgm—

274 5736 370 5782 lms
398 5749 407 5781 :
437 5749 617 5797 anceps
651 5738 852 5793 haereo;
896 5731 1021 5788 'non'
1045 5739 1273 5791 videntur
1323 5748 1482 5788 tamen
1527 5741 1628 5790 huic
1672 5739 1832 5790 aliena

276 5807 384 5846 ease
412 5810 437 5846 a
460 5800 586 5859 style
611 5800 957 5860 Chrysostomi.

1297 375 1656 434 EXPOSITIO
1696 375 1759 432 IN
1792 373 2113 431 PSAL‘ML‘M
2154 373 2383 430 XLVIII.

3454 382 3559 438 29.2

1981 487 2208 553 fuerint,
2260 504 2418 558 opum
2467 489 2670 545 scilicet
2712 505 2774 546 ac
2815 491 3164 562 deliciarum,
3193 496 3557 556 etdamnosa-

1977 596 2095 634 rum
2133 581 2330 634 diaboli
2356 580 2717 650 voluptatum;
2761 583 3048 639 fraternum
3089 597 3265 642 autem
3315 604 3555 648 amorem

1976 682 2031 725 et
2059 669 2469 737 hospitalitatem
2493 688 2614 742 erga
2643 688 2919 743 pauperes,
2937 685 2991 730 et
3005 678 3275 732 caritatem
3301 681 3352 734 in
3369 685 3555 752 prosi.

1974 777 2119 815 mum
2150 763 2201 816 iu
2227 761 2342 818 dies
2361 772 2574 833 augent,
2603 774 2758 834 atque
2782 775 3027 834 acceptas
3049 767 3267 836 injurias
3288 786 3352 825 ex
3375 773 3555 827 animo

1973 853 2308 908 condonant:
2355 865 2445 919 ut,
2491 869 2612 908 cum
2655 854 2754 910 hac
2796 856 3002 910 ratione
3045 857 3266 914 honeste
3309 872 3468 929 atque
3497 875 3554 918 ut

1972 945 2083 999 Deo
2116 955 2392 1014 acceptum
2431 953 2539 1008 est,
2568 945 2729 999 vitam
2759 947 3180 1015 traduxerimus,
3213 952 3356 1019 regni
3389 953 3551 1007 caelo-

1970 1050 2086 1090 runt
2113 1035 2459 1092 hereditatem
2489 1037 2838 1106 accipiamus,
2865 1039 2916 1093 in
2944 1039 3058 1108 ipso
3086 1039 3298 1094 Christo
3331 1045 3551 1098 Domino

1971 1137 2154 1180 nostro
2173 1169 2188 1193 ,
2213 1129 2297 1182 cui
2325 1129 2490 1198 gloria
2517 1138 2569 1183 et
2591 1130 2871 1198 imperium
2896 1145 2998 1184 una
3029 1147 3148 1185 cum
3177 1133 3331 1188 Patre
3360 1145 3412 1189 et
3433 1136 3552 1205 Spi-

1968 1219 2071 1272 ritu
2110 1229 2331 1284 Sancto,
2375 1237 2517 1276 nunc
2561 1231 2614 1276 et
2655 1237 2899 1291 semper,
2932 1223 3066 1278 etin
3106 1227 3299 1280 saecula
3327 1230 3550 1284 saeculo-

1967 1323 2106 1362 rum.
2134 1312 2326 1365 Amen.

2415 1381 2480 1435 ΙΝ
2511 1381 2833 1438 PSALMUM
2863 1383 3092 1439 XLVIII.

2085 1472 2138 1524 1.
2166 1470 2232 1525 ln
2261 1472 2411 1541 finem
2431 1475 2557 1542 ﬁliis
2576 1474 2722 1530 Core.
2753 1477 2902 1531 Alius
2925 1479 2999 1549 (a)
3019 1520 3033 1540 ,
3063 1477 3422 1550 Triuntpltalis.

1962 1579 2015 1633 2.
2049 1583 2231 1636 Audite
2267 1584 2373 1638 [nec
2394 1626 2409 1651 ,
2451 1602 2622 1640 omnes
2661 1597 2848 1658 gentes.
2875 1588 3057 1654 Alius,
3087 1593 3267 1645 Audite
3295 1594 3406 1647 hoc.
3438 1595 3543 1648 Au-

2033 1673 2168 1726 ribus
2208 1676 2476 1744 percipite,
2519 1693 2690 1731 omnes
2729 1681 2813 1745 qui
2855 1681 3087 1734 habitatis
3131 1682 3314 1736 orbem.
3356 1686 3540 1751 Alius,

2030 1762 2276 1818 Intimum
2307 1765 2646 1822 Occidentem.
2675 1771 2853 1835 Alius,
2888 1773 3226 1827 Occidentem.
3251 1776 3502 1832 Hebrteus
3521 1820 3542 1844 ,

2034 1856 2152 1910 Old.
2197 1859 2249 1913 5.
2296 1860 2490 1929 Quique
2527 1865 2788 1934 terrigena:
2810 1875 2856 1918 et
2895 1865 2987 1929 ﬁlii
3027 1868 3302 1923 hominum.
3350 1873 3498 1927 Alius
3523 1915 3538 1938 ,

2029 1950 2198 2002 Etiam
2224 1952 2496 2006 Immunum
2541 1971 2716 2022 genus,
2751 1967 2796 2010 et
2825 1970 3064 2028 prteterea
3090 1962 3185 2028 ﬁlii
3211 1965 3539 2035 uniuscujus-

2027 2060 2122 2112 que
2165 2045 2274 2097 uiri.
2318 2043 2490 2100 Simul
2539 2048 2592 2100 in
2639 2064 2795 2101 unum
2840 2051 2975 2104 dives
3015 2061 3060 2106 et
3097 2071 3308 2123 panper.
3351 2057 3537 2125 Alius,

2029 2135 2246 2190 Pariter.

2027 2229 2079 2282 1.
2122 2228 2302 2298 Magna
2347 2231 2586 2300 quaedam
2619 2243 2674 2288 et
2697 2248 2888 2290 arcana
2917 2237 3069 2292 nobis
3097 2255 3233 2294 nunc
3263 2251 3343 2295 est
3366 2243 3539 2298 dictu-

1954 2333 2046 2371 rus
2075 2319 2349 2388 propheta.
2377 2321 2558 2391 Neque
2573 2325 2712 2378 enitn
2737 2337 2994 2396 quotquot
3013 2341 3136 2382 sunt
3161 2332 3354 2402 ubique
3373 2345 3539 2389 terra-

1953 2425 2072 2463 rum
2111 2411 2179 2465 ad
2216 2412 2536 2468 audiendum
2574 2426 2846 2485 vocasset,
2891 2434 2988 2473 nec
3025 2423 3186 2476 totius
3213 2424 3356 2478 orbis
3385 2425 3534 2480 thea-

1955 2510 2092 2555 trum
2122 2503 2430 2569 excivisset,
2460 2505 2562 2560 nisi
2603 2522 2851 2578 magnum
2878 2510 3002 2579 quid
3029 2523 3081 2566 et
3105 2513 3416 2582 praeclarum
3437 2558 3452 2582 ,
3482 2527 3538 2572 et

1954 2596 2084 2647 tanti
2129 2605 2420 2651 conventus
2458 2600 2819 2668 magnitudine
2861 2602 3077 2672 dignum
3104 2604 3255 2659 nobis
3281 2616 3423 2661 esset
3450 2607 3535 2662 di-

1951 2693 2152 2739 cturus.
2195 2685 2378 2756 Neque
2411 2688 2552 2742 enim
2599 2691 2824 2759 amplius
2866 2693 3096 2763 loquitur
3133 2706 3188 2749 ut
3215 2699 3536 2767 prephetans

1948 2776 2146 2832 Judmis
2184 2780 2269 2848 qui
2315 2779 2650 2835 Palaestinam
2696 2781 2967 2850 habitant,
3001 2786 3095 2839 sed
3124 2787 3280 2842 veluti
3321 2788 3531 2858 quidam

1948 2868 2219 2936 apostolus
2260 2879 2314 2924 et
2353 2872 2674 2940 evangelista
2709 2873 2776 2926 ad
2823 2889 3035 2930 omnem
3069 2877 3350 2932 humanam
3380 2889 3533 2934 uatu-

1948 2976 2060 3014 ram
2102 2961 2281 3032 dirigit
2305 2965 2618 3018 orationem.
2652 2964 2760 3019 Lex
2788 2968 2929 3020 enim
2962 2983 3066 3022 uno
3092 2970 3145 3022 in
3168 2969 3312 3024 orbis
3340 2976 3534 3041 angulo

1947 3069 2104 3107 unam
2153 3065 2362 3124 gentem
2402 3056 2627 3110 docebat
2671 3075 2685 3111 :
2728 3073 2903 3112 sermo
2938 3069 3112 3114 autem
3141 3061 3533 3130 pradicationis

1948 3144 2146 3213 ubique
2195 3155 2456 3200 terrarum
2504 3134 2774 3215 resonuit,
2816 3159 2870 3203 et
2912 3152 3143 3219 seipsum
3174 3154 3442 3220 extendit,
3473 3168 3532 3210 ut

1946 3235 2034 3303 qui
2068 3245 2263 3288 tantam
2304 3238 2596 3304 pervaserit
2625 3239 2892 3306 regionem
2923 3250 3170 3310 quantam
3196 3243 3276 3297 SUI
3311 3260 3528 3313 percur-

1945 3327 2034 3382 rit.
2075 3327 2166 3382 llla
2205 3330 2346 3383 enim
2385 3339 2538 3384 erant
2566 3331 2895 3402 paedagogica
2922 3334 3161 3403 qua-dam
3193 3336 3449 3391 institutio
3473 3349 3530 3393 et

1946 3420 2298 3473 ministerium
2337 3421 2794 3476 condemnationis
2835 3432 2889 3478 et
2933 3427 3116 3479 mortis
3155 3443 3168 3480 :
3205 3426 3318 3480 haec
3350 3439 3525 3482 autem

1945 3511 2110 3578 gratia
2150 3520 2203 3565 et
2245 3527 2362 3580 pax.
2402 3513 2659 3578 Quoniam
2687 3529 2816 3584 ergo
2841 3517 3149 3570 convocavit
3176 3533 3334 3573 omne
3359 3534 3524 3589 genus

1947 3605 2012 3658 ad
2042 3604 2362 3659 audiendum
2383 3645 2398 3670 ,
2432 3622 2529 3659 nos
2551 3621 2760 3675 quoque
2785 3606 2870 3662 hic
2897 3607 3150 3673 adsimus,
3179 3619 3232 3664 et
3256 3610 3527 3666 videamus

1945 3697 2067 3766 quid
2111 3698 2222 3751 vult
2267 3697 2417 3752 nobis
2440 3698 2617 3752 dicere
2647 3699 3082 3768 psalmographus
3101 3741 3115 3763 ,
3144 3703 3228 3771 qui
3259 3706 3525 3758 communi

1945 3787 2216 3842 hominum
2246 3790 2425 3856 generi
2452 3800 2664 3859 prmest.
2697 3791 2842 3845 Licet
2866 3807 2993 3860 ergo
3023 3793 3128 3846 sint
3154 3793 3382 3859 barbari,
3403 3796 3527 3851 licet

1943 3881 2238 3947 sapientes,
2290 3881 2411 3936 licet
2460 3882 2683 3950 privati,
2725 3883 2882 3952 jubes
2926 3898 3112 3938 omnes
3159 3901 3252 3940 eos
3295 3886 3524 3941 adesse?

1945 3973 2151 4036 Etiam,
2182 3975 2366 4044 inquit.
2396 3975 2461 4028 Et
2489 3975 2605 4029 ideo
2627 3975 2882 4044 incipiens
2908 3993 3119 4046 quoquc
3141 3978 3271 4030 dixit
3295 3995 3307 4030 :
3337 3980 3523 4034 Omnes

1941 4077 2147 4135 gentes;
2174 4074 2226 4118 et
2251 4081 2434 4120 rursus
2462 4067 2803 4136 ampliﬁcavit
2832 4072 3125 4122 orationem
3153 4069 3332 4124 dicens
3364 4089 3376 4123 :
3400 4071 3524 4138 Qui-

1941 4175 2037 4230 que
2076 4159 2334 4228 teirigena:
2376 4169 2422 4212 et
2469 4160 2564 4228 ﬁlii
2601 4161 2896 4225 hominum,
2939 4176 3136 4225 voeans
3173 4177 3331 4217 omne
3353 4179 3521 4232 genus

1943 4253 2235 4307 hominum.
2271 4254 2426 4322 Papa:
2455 4268 2572 4322 qum
2611 4253 2880 4308 doctrina!
2913 4269 3068 4322 quam
3097 4264 3179 4308 est
3203 4263 3322 4323 apta
3353 4257 3525 4310 omni-

1940 4343 2040 4397 bus
2075 4353 2127 4397 et
2167 4343 2495 4397 communis!
2542 4343 2609 4396 Et
2643 4343 2762 4396 ideo
2788 4358 2890 4398 non
2927 4344 3096 4397 solum
3124 4356 3275 4400 vocat
3299 4362 3518 4411 ornnes,

1941 4436 2032 4488 sed
2076 4450 2266 4504 magno
2310 4435 2485 4488 studio
2513 4443 2568 4488 et
2591 4434 2865 4503 diligentia
2888 4435 3036 4502 jubet
3061 4452 3154 4489 eos
3184 4437 3270 4490 illa
3297 4454 3413 4506 qua:
3439 4439 3519 4492 di.

1939 4534 2130 4579 cuntur
2155 4525 2446 4579 attendere.
2475 4524 2590 4578 Non
2620 4525 2789 4578 solum
2815 4527 2956 4579 enim
2988 4526 3147 4591 dixit,
3181 4529 3360 4582 Audite
3389 4531 3519 4594 lucc,

1940 4633 2109 4669 omnes
2151 4627 2358 4686 gentes;
2397 4616 2488 4669 sed
2530 4617 2688 4670 etiam
2710 4657 2725 4683 ,
2757 4617 2974 4671 Auribus
3000 4620 3258 4689 percipite.
3286 4621 3522 4678 Auribus

1941 4709 2214 4780 percipere
2242 4718 2418 4763 autem
2448 4709 2574 4763 nihil
2606 4719 2689 4764 est
2711 4710 2850 4765 aliud
2878 4726 3033 4780 quam
3062 4713 3338 4782 diligenter
3364 4726 3418 4768 et
3436 4725 3518 4768 at-

1941 4811 2085 4856 tcute
2113 4801 2316 4855 audire.
2349 4802 2578 4857 Auribus
2607 4803 2748 4856 enim
2770 4803 3044 4871 percipere
3071 4802 3120 4855 id
3152 4806 3360 4873 pr0prie
3385 4804 3520 4862 dici-

1939 4903 2027 4948 tur
2045 4935 2059 4959 ,
2092 4894 2302 4964 quando
2326 4895 2444 4964 quis
2472 4909 2600 4947 aure
2619 4893 2732 4947 auri
2752 4892 2961 4947 admota
2983 4893 3233 4962 loquitur,
3257 4894 3525 4965 seipsum~

2002 5047 2074 5108 (a)
2111 5053 2432 5118 Interpretum
2456 5049 2648 5096 nomina
2671 5046 2796 5118 apud
2839 5048 2979 5096 Savil.
3005 5047 3246 5118 adhmarg.
3273 5059 3513 5102 notantur.

1939 5116 2113 5158 Verum
2139 5116 2220 5170 aut
2240 5108 2415 5162 codex,
2442 5122 2538 5170 quo
2562 5121 2676 5157 usus
2700 5108 2782 5156 ille
2803 5120 2896 5170 est,
2922 5111 3111 5160 mendis
3133 5108 3306 5170 scatet,
3333 5121 3415 5161 aut
3432 5127 3520 5162 uo-

1938 5179 2014 5235 ta_s_
2036 5169 2372 5235 ttexaplorum
2401 5169 2495 5235 non
2521 5170 2762 5235 intellexit
2785 5169 2887 5220 ille.
2913 5173 3156 5234 siquidem
3197 5175 3328 5235 prior
3353 5175 3517 5232 lectio,

1939 5232 2087 5290 Alius,
2117 5251 2138 5277 α
2161 5229 2535 5304 Triumphalia,»
2567 5231 2690 5304 apud
2709 5233 2862 5304 ipsum
2885 5229 3042 5304 scalae
3057 5229 3254 5304 Editio'ni
3271 5229 3516 5304 tribuitur,

1939 5307 2048 5356 quae
2069 5302 2144 5342 est
2163 5293 2436 5356 Symmachi,
2465 5299 2517 5341 ut
2540 5293 2704 5343 videas
2731 5293 2777 5342 in
2801 5295 3028 5356 Hexaplis
3061 5298 3252 5345 nostris.
3279 5299 3352 5345 sic
3387 5293 3516 5347 enim

1939 5351 2024 5426 ille
2047 5351 2397 5432 δοιιξιίΠὩὩί)
2424 5379 2639 5424 vertere.
2677 5375 2800 5424 Infra
2846 5351 2963 5425 vero
3009 5377 3150 5437 illud,
3193 5376 3516 5439 occidentem,

1940 5448 2066 5512 quod
2090 5449 2151 5494 ab
2173 5449 2276 5512 ipso
2292 5445 2671 5512 sextmjlditioni
2709 5447 2951 5512 tribuitur,
2992 5457 3068 5496 est
3104 5446 3285 5512 Aquila;
3316 5454 3368 5496 et
3389 5455 3518 5511 Sym-

1939 5505 2112 5567 machi,
2139 5505 2259 5557 ut’iu
2286 5505 2701 5571 Itexaplisnostris
2726 5508 2906 5566 videas,
2924 5516 2974 5555 et
3111 5505 3394 5559 auctoritate
3408 5505 3516 5571 pro-3

1940 5574 2097 5641 batur.
2123 5571 2239 5641 Illud
2264 5580 2399 5636 vero,
2416 5567 2585 5641 etiam
2611 5567 2872 5641 humanum
2906 5582 3071 5641 genus,
3096 5576 3140 5617 et
3169 5567 3517 5641 prieterea_'ﬁlii

1941 5633 2311 5692 uniuscuiusque
2331 5627 2652 5692 piri,,notatur
2672 5631 2796 5692 apud
2841 5627 2979 5678 Savil.
3009 5633 3068 5680 o'.
3095 5647 3141 5680 θ.
3168 5627 3306 5693 quasi
3327 5627 3516 5681 scilicet

1951 5704 2085 5760 esset.
2116 5703 2429 5760 septuaginta
2457 5701 2873 5760 Interpretum‘et
2906 5695 3283 5760 'I‘heodotionis;
3323 5697 3408 5744 sed
3434 5700 3514 5746 est

1952 5758 2247 5819 Symmachi,
2276 5766 2325 5808 ut
2355 5756 2517 5808 videas
2544 5756 2607 5806 in'
2627 5757 2860 5819 llexaplis
2894 5756 3089 5805 nostris.
