  <div class='ocr_page' id='page_1' title='image "/cluster/home/n/w/nwhite01/storage/ocr_20150623/55/nnc1.0046980016/213.png"; bbox 0 0 4108 6344; ppageno 0'>
   <div class='ocr_carea' id='block_1_1' title="bbox 552 369 658 427">
    <p class='ocr_par' dir='ltr' id='par_1_1' title="bbox 552 369 658 427">
     <span class='ocr_line' id='line_1_1' title="bbox 552 369 658 427; baseline 0.019 -2"><span class='ocrx_word' id='word_1_1' title='bbox 552 369 658 427; x_wconf 66' lang='grc' dir='ltr'><strong>ηδ</strong></span> 
     </span>
    </p>
   </div>
   <div class='ocr_carea' id='block_1_2' title="bbox 549 475 2130 558">
    <p class='ocr_par' dir='ltr' id='par_1_2' title="bbox 549 475 2130 558">
     <span class='ocr_line' id='line_1_2' title="bbox 549 475 2130 558; baseline -0.01 -17"><span class='ocrx_word' id='word_1_2' title='bbox 549 503 655 558; x_wconf 87' lang='lat' dir='ltr'><strong>que</strong></span> <span class='ocrx_word' id='word_1_3' title='bbox 680 496 734 539; x_wconf 90' lang='lat' dir='ltr'><strong>et</strong></span> <span class='ocrx_word' id='word_1_4' title='bbox 763 485 905 538; x_wconf 90' lang='lat' dir='ltr'><strong>illum</strong></span> <span class='ocrx_word' id='word_1_5' title='bbox 930 483 1072 551; x_wconf 83' lang='lat' dir='ltr'><strong>jubet</strong></span> <span class='ocrx_word' id='word_1_6' title='bbox 1101 479 1352 534; x_wconf 85' lang='lat' dir='ltr'><strong>adhibere</strong></span> <span class='ocrx_word' id='word_1_7' title='bbox 1381 480 1614 532; x_wconf 90' lang='lat' dir='ltr'><strong>animum</strong></span> <span class='ocrx_word' id='word_1_8' title='bbox 1643 478 1706 531; x_wconf 91' lang='lat' dir='ltr'><strong>iis</strong></span> <span class='ocrx_word' id='word_1_9' title='bbox 1729 492 1844 545; x_wconf 66' lang='lat' dir='ltr'><strong>qua&#39;</strong></span> <span class='ocrx_word' id='word_1_10' title='bbox 1861 475 2130 530; x_wconf 89' lang='lat' dir='ltr'><strong>dicuntur.</strong></span> 
     </span>
    </p>
   </div>
   <div class='ocr_carea' id='block_1_3' title="bbox 552 565 2137 642">
    <p class='ocr_par' dir='ltr' id='par_1_3' title="bbox 552 565 2137 642">
     <span class='ocr_line' id='line_1_3' title="bbox 552 565 2137 642; baseline -0.008 -10"><span class='ocrx_word' id='word_1_11' title='bbox 552 576 770 632; x_wconf 70' lang='lat' dir='ltr'><strong>Auribus</strong></span> <span class='ocrx_word' id='word_1_12' title='bbox 815 575 1089 642; x_wconf 83' lang='lat' dir='ltr'><strong>percipite,</strong></span> <span class='ocrx_word' id='word_1_13' title='bbox 1121 589 1291 625; x_wconf 77' lang='lat' dir='ltr'><strong>omnes</strong></span> <span class='ocrx_word' id='word_1_14' title='bbox 1318 571 1402 640; x_wconf 83' lang='lat' dir='ltr'><strong>qui</strong></span> <span class='ocrx_word' id='word_1_15' title='bbox 1430 570 1665 622; x_wconf 72' lang='lat' dir='ltr'><strong>habitatis</strong></span> <span class='ocrx_word' id='word_1_16' title='bbox 1694 568 1881 622; x_wconf 88' lang='lat' dir='ltr'><strong>orbem.</strong></span> <span class='ocrx_word' id='word_1_17' title='bbox 1917 565 2137 619; x_wconf 77' lang='lat' dir='ltr'><strong>Etiamsi</strong></span> 
     </span>
    </p>
   </div>
   <div class='ocr_carea' id='block_1_4' title="bbox 549 658 2134 736">
    <p class='ocr_par' dir='ltr' id='par_1_4' title="bbox 549 658 2134 736">
     <span class='ocr_line' id='line_1_4' title="bbox 549 658 2134 736; baseline -0.008 -16"><span class='ocrx_word' id='word_1_18' title='bbox 549 669 679 736; x_wconf 87' lang='lat' dir='ltr'><strong>qui,</strong></span> <span class='ocrx_word' id='word_1_19' title='bbox 731 665 931 734; x_wconf 91' lang='lat' dir='ltr'><strong>inquit,</strong></span> <span class='ocrx_word' id='word_1_20' title='bbox 975 679 1077 718; x_wconf 93' lang='lat' dir='ltr'><strong>non</strong></span> <span class='ocrx_word' id='word_1_21' title='bbox 1117 662 1418 718; x_wconf 89' lang='lat' dir='ltr'><strong>referuntur</strong></span> <span class='ocrx_word' id='word_1_22' title='bbox 1458 661 1509 714; x_wconf 94' lang='lat' dir='ltr'><strong>in</strong></span> <span class='ocrx_word' id='word_1_23' title='bbox 1548 674 1826 713; x_wconf 85' lang='lat' dir='ltr'><strong>numerum</strong></span> <span class='ocrx_word' id='word_1_24' title='bbox 1865 658 2134 727; x_wconf 79' lang='lat' dir='ltr'><strong>gentium,</strong></span> 
     </span>
    </p>
   </div>
   <div class='ocr_carea' id='block_1_5' title="bbox 550 755 2138 825">
    <p class='ocr_par' dir='ltr' id='par_1_5' title="bbox 550 755 2138 825">
     <span class='ocr_line' id='line_1_5' title="bbox 550 755 2138 825; baseline -0.006 -11"><span class='ocrx_word' id='word_1_25' title='bbox 550 759 646 814; x_wconf 77' lang='lat' dir='ltr'><strong>sed</strong></span> <span class='ocrx_word' id='word_1_26' title='bbox 670 769 796 814; x_wconf 77' lang='lat' dir='ltr'><strong>sunt</strong></span> <span class='ocrx_word' id='word_1_27' title='bbox 824 758 962 811; x_wconf 89' lang='lat' dir='ltr'><strong>inisti</strong></span> <span class='ocrx_word' id='word_1_28' title='bbox 983 797 998 822; x_wconf 96' lang='lat'><strong>,</strong></span> <span class='ocrx_word' id='word_1_29' title='bbox 1025 766 1079 810; x_wconf 93' lang='lat' dir='ltr'><strong>et</strong></span> <span class='ocrx_word' id='word_1_30' title='bbox 1105 756 1328 825; x_wconf 83' lang='lat' dir='ltr'><strong>dispersi</strong></span> <span class='ocrx_word' id='word_1_31' title='bbox 1361 755 1634 820; x_wconf 85' lang='lat' dir='ltr'><strong>nomades,</strong></span> <span class='ocrx_word' id='word_1_32' title='bbox 1662 769 1757 810; x_wconf 89' lang='lat' dir='ltr'><strong>eos</strong></span> <span class='ocrx_word' id='word_1_33' title='bbox 1777 767 1987 824; x_wconf 89' lang='lat' dir='ltr'><strong>quoque</strong></span> <span class='ocrx_word' id='word_1_34' title='bbox 2005 767 2138 806; x_wconf 88' lang='lat' dir='ltr'><strong>voco</strong></span> 
     </span>
    </p>
   </div>
   <div class='ocr_carea' id='block_1_6' title="bbox 553 847 2140 918">
    <p class='ocr_par' dir='ltr' id='par_1_6' title="bbox 553 847 2140 918">
     <span class='ocr_line' id='line_1_6' title="bbox 553 847 2140 918; baseline -0.002 -15"><span class='ocrx_word' id='word_1_35' title='bbox 553 851 618 904; x_wconf 88' lang='lat' dir='ltr'><strong>ad</strong></span> <span class='ocrx_word' id='word_1_36' title='bbox 649 851 991 905; x_wconf 83' lang='lat' dir='ltr'><strong>audiendum.</strong></span> <span class='ocrx_word' id='word_1_37' title='bbox 1023 850 1155 904; x_wconf 84' lang='lat' dir='ltr'><strong>Vide</strong></span> <span class='ocrx_word' id='word_1_38' title='bbox 1181 850 1570 904; x_wconf 88' lang='lat' dir='ltr'><strong>concionatoris</strong></span> <span class='ocrx_word' id='word_1_39' title='bbox 1600 849 1931 918; x_wconf 87' lang='lat' dir='ltr'><strong>prudentiam</strong></span> <span class='ocrx_word' id='word_1_40' title='bbox 1957 848 1996 900; x_wconf 78' lang='grc' dir='ltr'><strong>ί.</strong></span> <span class='ocrx_word' id='word_1_41' title='bbox 2023 847 2140 900; x_wconf 81' lang='lat' dir='ltr'><strong>Pri-</strong></span> 
     </span>
    </p>
   </div>
   <div class='ocr_carea' id='block_1_7' title="bbox 552 941 2134 1008">
    <p class='ocr_par' dir='ltr' id='par_1_7' title="bbox 552 941 2134 1008">
     <span class='ocr_line' id='line_1_7' title="bbox 552 941 2134 1008; baseline -0.002 -11"><span class='ocrx_word' id='word_1_42' title='bbox 552 960 695 997; x_wconf 90' lang='lat' dir='ltr'><strong>mum</strong></span> <span class='ocrx_word' id='word_1_43' title='bbox 737 957 919 997; x_wconf 89' lang='lat' dir='ltr'><strong>eorum</strong></span> <span class='ocrx_word' id='word_1_44' title='bbox 973 943 1206 996; x_wconf 88' lang='lat' dir='ltr'><strong>animuin</strong></span> <span class='ocrx_word' id='word_1_45' title='bbox 1266 943 1552 1008; x_wconf 72' lang='lat' dir='ltr'><strong>excitavit,</strong></span> <span class='ocrx_word' id='word_1_46' title='bbox 1599 951 1654 996; x_wconf 92' lang='lat' dir='ltr'><strong>et</strong></span> <span class='ocrx_word' id='word_1_47' title='bbox 1710 943 1880 997; x_wconf 78' lang='lat' dir='ltr'><strong>erexit</strong></span> <span class='ocrx_word' id='word_1_48' title='bbox 1929 941 1994 996; x_wconf 88' lang='lat' dir='ltr'><strong>ad</strong></span> <span class='ocrx_word' id='word_1_49' title='bbox 2039 957 2134 994; x_wconf 88' lang='lat' dir='ltr'><strong>au-</strong></span> 
     </span>
    </p>
   </div>
   <div class='ocr_carea' id='block_1_8' title="bbox 552 1033 2135 1102">
    <p class='ocr_par' dir='ltr' id='par_1_8' title="bbox 552 1033 2135 1102">
     <span class='ocr_line' id='line_1_8' title="bbox 552 1033 2135 1102; baseline 0.001 -15"><span class='ocrx_word' id='word_1_50' title='bbox 552 1033 837 1097; x_wconf 89' lang='lat' dir='ltr'><strong>diendum,</strong></span> <span class='ocrx_word' id='word_1_51' title='bbox 883 1049 949 1087; x_wconf 90' lang='lat' dir='ltr'><strong>eo</strong></span> <span class='ocrx_word' id='word_1_52' title='bbox 987 1034 1125 1102; x_wconf 86' lang='lat' dir='ltr'><strong>quod</strong></span> <span class='ocrx_word' id='word_1_53' title='bbox 1167 1047 1354 1087; x_wconf 89' lang='lat' dir='ltr'><strong>omnes</strong></span> <span class='ocrx_word' id='word_1_54' title='bbox 1400 1033 1557 1086; x_wconf 86' lang='lat' dir='ltr'><strong>simul</strong></span> <span class='ocrx_word' id='word_1_55' title='bbox 1596 1034 1880 1087; x_wconf 89' lang='lat' dir='ltr'><strong>vocaverit.</strong></span> <span class='ocrx_word' id='word_1_56' title='bbox 1931 1033 2135 1088; x_wconf 83' lang='lat' dir='ltr'><strong>Deinde</strong></span> 
     </span>
    </p>
   </div>
   <div class='ocr_carea' id='block_1_9' title="bbox 552 1124 2142 1196">
    <p class='ocr_par' dir='ltr' id='par_1_9' title="bbox 552 1124 2142 1196">
     <span class='ocr_line' id='line_1_9' title="bbox 552 1124 2142 1196; baseline -0.002 -19"><span class='ocrx_word' id='word_1_57' title='bbox 552 1135 831 1196; x_wconf 87' lang='lat' dir='ltr'><strong>postquam</strong></span> <span class='ocrx_word' id='word_1_58' title='bbox 863 1125 1098 1189; x_wconf 87' lang='lat' dir='ltr'><strong>vocavit,</strong></span> <span class='ocrx_word' id='word_1_59' title='bbox 1129 1127 1321 1179; x_wconf 88' lang='lat' dir='ltr'><strong>fastum</strong></span> <span class='ocrx_word' id='word_1_60' title='bbox 1348 1139 1534 1178; x_wconf 92' lang='lat' dir='ltr'><strong>eorum</strong></span> <span class='ocrx_word' id='word_1_61' title='bbox 1565 1124 1894 1192; x_wconf 84' lang='lat' dir='ltr'><strong>comprimit,</strong></span> <span class='ocrx_word' id='word_1_62' title='bbox 1926 1139 1992 1177; x_wconf 91' lang='lat' dir='ltr'><strong>ne</strong></span> <span class='ocrx_word' id='word_1_63' title='bbox 2013 1139 2142 1192; x_wconf 84' lang='lat' dir='ltr'><strong>pro-</strong></span> 
     </span>
    </p>
   </div>
   <div class='ocr_carea' id='block_1_10' title="bbox 555 1213 2138 1284">
    <p class='ocr_par' dir='ltr' id='par_1_10' title="bbox 555 1213 2138 1284">
     <span class='ocr_line' id='line_1_10' title="bbox 555 1213 2138 1284; baseline 0.001 -16"><span class='ocrx_word' id='word_1_64' title='bbox 555 1224 673 1283; x_wconf 90' lang='lat' dir='ltr'><strong>pter</strong></span> <span class='ocrx_word' id='word_1_65' title='bbox 702 1213 1088 1268; x_wconf 84' lang='lat' dir='ltr'><strong>multitudinem</strong></span> <span class='ocrx_word' id='word_1_66' title='bbox 1118 1215 1170 1266; x_wconf 93' lang='lat' dir='ltr'><strong>in</strong></span> <span class='ocrx_word' id='word_1_67' title='bbox 1201 1215 1553 1284; x_wconf 78' lang='lat' dir='ltr'><strong>arrogantiam</strong></span> <span class='ocrx_word' id='word_1_68' title='bbox 1582 1213 1890 1268; x_wconf 74' lang='lat' dir='ltr'><strong>efferantur.</strong></span> <span class='ocrx_word' id='word_1_69' title='bbox 1923 1214 2138 1270; x_wconf 77' lang='lat' dir='ltr'><strong>Talibus</strong></span> 
     </span>
    </p>
   </div>
   <div class='ocr_carea' id='block_1_11' title="bbox 555 1307 2138 1378">
    <p class='ocr_par' dir='ltr' id='par_1_11' title="bbox 555 1307 2138 1378">
     <span class='ocr_line' id='line_1_11' title="bbox 555 1307 2138 1378; baseline 0.001 -18"><span class='ocrx_word' id='word_1_70' title='bbox 555 1309 696 1362; x_wconf 89' lang='lat' dir='ltr'><strong>enim</strong></span> <span class='ocrx_word' id='word_1_71' title='bbox 749 1308 977 1362; x_wconf 80' lang='lat' dir='ltr'><strong>maxime</strong></span> <span class='ocrx_word' id='word_1_72' title='bbox 1016 1307 1342 1361; x_wconf 78' lang='lat' dir='ltr'><strong>auditoribus</strong></span> <span class='ocrx_word' id='word_1_73' title='bbox 1368 1323 1501 1376; x_wconf 81' lang='lat' dir='ltr'><strong>Opus</strong></span> <span class='ocrx_word' id='word_1_74' title='bbox 1530 1318 1610 1362; x_wconf 92' lang='lat' dir='ltr'><strong>est</strong></span> <span class='ocrx_word' id='word_1_75' title='bbox 1629 1349 1646 1372; x_wconf 89' lang='lat'><strong>,</strong></span> <span class='ocrx_word' id='word_1_76' title='bbox 1678 1308 1890 1376; x_wconf 88' lang='lat' dir='ltr'><strong>quando</strong></span> <span class='ocrx_word' id='word_1_77' title='bbox 1914 1310 2032 1378; x_wconf 86' lang='lat' dir='ltr'><strong>quis</strong></span> <span class='ocrx_word' id='word_1_78' title='bbox 2057 1317 2138 1362; x_wconf 91' lang='lat' dir='ltr'><strong>est</strong></span> 
     </span>
    </p>
   </div>
   <div class='ocr_carea' id='block_1_12' title="bbox 553 1399 2137 1469">
    <p class='ocr_par' dir='ltr' id='par_1_12' title="bbox 553 1399 2137 1469">
     <span class='ocr_line' id='line_1_12' title="bbox 553 1399 2137 1469; baseline 0.001 -18"><span class='ocrx_word' id='word_1_79' title='bbox 553 1399 714 1452; x_wconf 88' lang='lat' dir='ltr'><strong>verba</strong></span> <span class='ocrx_word' id='word_1_80' title='bbox 756 1399 987 1453; x_wconf 90' lang='lat' dir='ltr'><strong>facturus</strong></span> <span class='ocrx_word' id='word_1_81' title='bbox 1015 1415 1134 1469; x_wconf 72' lang='lat' dir='ltr'><strong>qua:</strong></span> <span class='ocrx_word' id='word_1_82' title='bbox 1166 1399 1231 1453; x_wconf 88' lang='lat' dir='ltr'><strong>ad</strong></span> <span class='ocrx_word' id='word_1_83' title='bbox 1257 1399 1485 1453; x_wconf 92' lang='lat' dir='ltr'><strong>studium</strong></span> <span class='ocrx_word' id='word_1_84' title='bbox 1513 1401 1786 1468; x_wconf 68' lang='lat' dir='ltr'><strong>sapientiae</strong></span> <span class='ocrx_word' id='word_1_85' title='bbox 1808 1401 2137 1469; x_wconf 86' lang='lat' dir='ltr'><strong>pertineant,</strong></span> 
     </span>
    </p>
   </div>
   <div class='ocr_carea' id='block_1_13' title="bbox 555 1490 2138 1560">
    <p class='ocr_par' dir='ltr' id='par_1_13' title="bbox 555 1490 2138 1560">
     <span class='ocr_line' id='line_1_13' title="bbox 555 1490 2138 1560; baseline 0.001 -17"><span class='ocrx_word' id='word_1_86' title='bbox 555 1506 747 1559; x_wconf 85' lang='lat' dir='ltr'><strong>nempe</strong></span> <span class='ocrx_word' id='word_1_87' title='bbox 789 1491 1062 1556; x_wconf 85' lang='lat' dir='ltr'><strong>contritis,</strong></span> <span class='ocrx_word' id='word_1_88' title='bbox 1105 1490 1410 1560; x_wconf 88' lang='lat' dir='ltr'><strong>compositis</strong></span> <span class='ocrx_word' id='word_1_89' title='bbox 1452 1500 1505 1544; x_wconf 90' lang='lat' dir='ltr'><strong>ct</strong></span> <span class='ocrx_word' id='word_1_90' title='bbox 1533 1491 1599 1544; x_wconf 89' lang='lat' dir='ltr'><strong>:ib</strong></span> <span class='ocrx_word' id='word_1_91' title='bbox 1625 1491 1769 1546; x_wconf 89' lang='lat' dir='ltr'><strong>omni</strong></span> <span class='ocrx_word' id='word_1_92' title='bbox 1801 1491 1934 1545; x_wconf 90' lang='lat' dir='ltr'><strong>fastu</strong></span> <span class='ocrx_word' id='word_1_93' title='bbox 1961 1507 2023 1546; x_wconf 87' lang='lat' dir='ltr'><strong>ac</strong></span> <span class='ocrx_word' id='word_1_94' title='bbox 2052 1501 2138 1545; x_wconf 92' lang='lat' dir='ltr'><strong>tu-</strong></span> 
     </span>
    </p>
   </div>
   <div class='ocr_carea' id='block_1_14' title="bbox 556 1582 2137 1652">
    <p class='ocr_par' dir='ltr' id='par_1_14' title="bbox 556 1582 2137 1652">
     <span class='ocr_line' id='line_1_14' title="bbox 556 1582 2137 1652; baseline 0.002 -18"><span class='ocrx_word' id='word_1_95' title='bbox 556 1597 705 1635; x_wconf 91' lang='lat' dir='ltr'><strong>more</strong></span> <span class='ocrx_word' id='word_1_96' title='bbox 747 1582 941 1634; x_wconf 88' lang='lat' dir='ltr'><strong>liberis.</strong></span> <span class='ocrx_word' id='word_1_97' title='bbox 971 1582 1245 1648; x_wconf 87' lang='lat' dir='ltr'><strong>Quomodo</strong></span> <span class='ocrx_word' id='word_1_98' title='bbox 1272 1598 1398 1652; x_wconf 78' lang='lat' dir='ltr'><strong>ergo</strong></span> <span class='ocrx_word' id='word_1_99' title='bbox 1437 1583 1666 1638; x_wconf 88' lang='lat' dir='ltr'><strong>ferocem</strong></span> <span class='ocrx_word' id='word_1_100' title='bbox 1692 1599 1874 1638; x_wconf 89' lang='lat' dir='ltr'><strong>eorum</strong></span> <span class='ocrx_word' id='word_1_101' title='bbox 1900 1583 2137 1637; x_wconf 89' lang='lat' dir='ltr'><strong>animum</strong></span> 
     </span>
    </p>
   </div>
   <div class='ocr_carea' id='block_1_15' title="bbox 557 1675 2141 1747">
    <p class='ocr_par' dir='ltr' id='par_1_15' title="bbox 557 1675 2141 1747">
     <span class='ocr_line' id='line_1_15' title="bbox 557 1675 2141 1747; baseline -0.001 -17"><span class='ocrx_word' id='word_1_102' title='bbox 557 1678 920 1747; x_wconf 85' lang='lat' dir='ltr'><strong>compescuit?</strong></span> <span class='ocrx_word' id='word_1_103' title='bbox 957 1675 1210 1730; x_wconf 86' lang='lat' dir='ltr'><strong>Naturam</strong></span> <span class='ocrx_word' id='word_1_104' title='bbox 1253 1677 1303 1730; x_wconf 92' lang='lat' dir='ltr'><strong>in</strong></span> <span class='ocrx_word' id='word_1_105' title='bbox 1334 1679 1641 1731; x_wconf 88' lang='lat' dir='ltr'><strong>memoriam</strong></span> <span class='ocrx_word' id='word_1_106' title='bbox 1672 1694 1947 1732; x_wconf 88' lang='lat' dir='ltr'><strong>revocans.</strong></span> <span class='ocrx_word' id='word_1_107' title='bbox 1982 1678 2141 1732; x_wconf 86' lang='lat' dir='ltr'><strong>Post-</strong></span> 
     </span>
    </p>
   </div>
   <div class='ocr_carea' id='block_1_16' title="bbox 559 1766 2141 1840">
    <p class='ocr_par' dir='ltr' id='par_1_16' title="bbox 559 1766 2141 1840">
     <span class='ocr_line' id='line_1_16' title="bbox 559 1766 2141 1840; baseline 0.002 -20"><span class='ocrx_word' id='word_1_108' title='bbox 559 1783 713 1836; x_wconf 88' lang='lat' dir='ltr'><strong>quam</strong></span> <span class='ocrx_word' id='word_1_109' title='bbox 758 1767 897 1822; x_wconf 85' lang='lat' dir='ltr'><strong>enim</strong></span> <span class='ocrx_word' id='word_1_110' title='bbox 927 1768 1078 1832; x_wconf 88' lang='lat' dir='ltr'><strong>dixit,</strong></span> <span class='ocrx_word' id='word_1_111' title='bbox 1107 1766 1308 1833; x_wconf 78' lang='lat' dir='ltr'><strong>Gentes,</strong></span> <span class='ocrx_word' id='word_1_112' title='bbox 1339 1769 1638 1837; x_wconf 71' lang='lat' dir='ltr'><strong>subiunxit,</strong></span> <span class='ocrx_word' id='word_1_113' title='bbox 1666 1769 1859 1840; x_wconf 84' lang='lat' dir='ltr'><strong>Quique</strong></span> <span class='ocrx_word' id='word_1_114' title='bbox 1879 1771 2141 1840; x_wconf 72' lang='lat' dir='ltr'><strong>terrigena:</strong></span> 
     </span>
    </p>
   </div>
   <div class='ocr_carea' id='block_1_17' title="bbox 557 1862 2139 1932">
    <p class='ocr_par' dir='ltr' id='par_1_17' title="bbox 557 1862 2139 1932">
     <span class='ocr_line' id='line_1_17' title="bbox 557 1862 2139 1932; baseline 0.001 -18"><span class='ocrx_word' id='word_1_115' title='bbox 557 1874 602 1914; x_wconf 87' lang='lat' dir='ltr'><strong>et</strong></span> <span class='ocrx_word' id='word_1_116' title='bbox 643 1862 737 1930; x_wconf 82' lang='lat' dir='ltr'><strong>ﬁlii</strong></span> <span class='ocrx_word' id='word_1_117' title='bbox 762 1862 1042 1915; x_wconf 83' lang='lat' dir='ltr'><strong>hominum.</strong></span> <span class='ocrx_word' id='word_1_118' title='bbox 1074 1862 1214 1915; x_wconf 82' lang='lat' dir='ltr'><strong>Dixit</strong></span> <span class='ocrx_word' id='word_1_119' title='bbox 1234 1863 1580 1918; x_wconf 84' lang='lat' dir='ltr'><strong>substantiam</strong></span> <span class='ocrx_word' id='word_1_120' title='bbox 1615 1880 1678 1917; x_wconf 91' lang='lat' dir='ltr'><strong>ex</strong></span> <span class='ocrx_word' id='word_1_121' title='bbox 1708 1879 1808 1932; x_wconf 88' lang='lat' dir='ltr'><strong>qua</strong></span> <span class='ocrx_word' id='word_1_122' title='bbox 1835 1871 1918 1918; x_wconf 76' lang='lat' dir='ltr'><strong>est</strong></span> <span class='ocrx_word' id='word_1_123' title='bbox 1943 1865 2139 1932; x_wconf 89' lang='lat' dir='ltr'><strong>princi-</strong></span> 
     </span>
    </p>
   </div>
   <div class='ocr_carea' id='block_1_18' title="bbox 558 1956 2136 2024">
    <p class='ocr_par' dir='ltr' id='par_1_18' title="bbox 558 1956 2136 2024">
     <span class='ocr_line' id='line_1_18' title="bbox 558 1956 2136 2024; baseline 0.003 -18"><span class='ocrx_word' id='word_1_124' title='bbox 558 1956 700 2024; x_wconf 91' lang='lat' dir='ltr'><strong>pium</strong></span> <span class='ocrx_word' id='word_1_125' title='bbox 745 1965 938 2007; x_wconf 77' lang='lat' dir='ltr'><strong>nostra:</strong></span> <span class='ocrx_word' id='word_1_126' title='bbox 981 1956 1366 2024; x_wconf 81' lang='lat' dir='ltr'><strong>generationis,</strong></span> <span class='ocrx_word' id='word_1_127' title='bbox 1397 1971 1731 2009; x_wconf 88' lang='lat' dir='ltr'><strong>communem</strong></span> <span class='ocrx_word' id='word_1_128' title='bbox 1759 1959 1994 2012; x_wconf 87' lang='lat' dir='ltr'><strong>omnimn</strong></span> <span class='ocrx_word' id='word_1_129' title='bbox 2023 1974 2136 2010; x_wconf 87' lang='lat' dir='ltr'><strong>ina-</strong></span> 
     </span>
    </p>
   </div>
   <div class='ocr_carea' id='block_1_19' title="bbox 559 2049 2140 2117">
    <p class='ocr_par' dir='ltr' id='par_1_19' title="bbox 559 2049 2140 2117">
     <span class='ocr_line' id='line_1_19' title="bbox 559 2049 2140 2117; baseline 0.002 -17"><span class='ocrx_word' id='word_1_130' title='bbox 559 2055 692 2100; x_wconf 87' lang='lat' dir='ltr'><strong>trem</strong></span> <span class='ocrx_word' id='word_1_131' title='bbox 726 2049 992 2100; x_wconf 83' lang='lat' dir='ltr'><strong>revocavit</strong></span> <span class='ocrx_word' id='word_1_132' title='bbox 1039 2050 1089 2100; x_wconf 92' lang='lat' dir='ltr'><strong>in</strong></span> <span class='ocrx_word' id='word_1_133' title='bbox 1129 2051 1456 2102; x_wconf 89' lang='lat' dir='ltr'><strong>memoriam.</strong></span> <span class='ocrx_word' id='word_1_134' title='bbox 1502 2049 1566 2102; x_wconf 84' lang='lat' dir='ltr'><strong>Et</strong></span> <span class='ocrx_word' id='word_1_135' title='bbox 1609 2064 1774 2117; x_wconf 90' lang='lat' dir='ltr'><strong>quare</strong></span> <span class='ocrx_word' id='word_1_136' title='bbox 1817 2050 1974 2112; x_wconf 80' lang='lat' dir='ltr'><strong>dixit,</strong></span> <span class='ocrx_word' id='word_1_137' title='bbox 2018 2049 2140 2103; x_wconf 82' lang='lat' dir='ltr'><strong>Filii</strong></span> 
     </span>
    </p>
   </div>
   <div class='ocr_carea' id='block_1_20' title="bbox 560 2139 2140 2209">
    <p class='ocr_par' dir='ltr' id='par_1_20' title="bbox 560 2139 2140 2209">
     <span class='ocr_line' id='line_1_20' title="bbox 560 2139 2140 2209; baseline 0.001 -18"><span class='ocrx_word' id='word_1_138' title='bbox 560 2140 861 2192; x_wconf 85' lang='lat' dir='ltr'><strong>hominum?</strong></span> <span class='ocrx_word' id='word_1_139' title='bbox 889 2139 1019 2204; x_wconf 84' lang='lat' dir='ltr'><strong>Quia</strong></span> <span class='ocrx_word' id='word_1_140' title='bbox 1043 2140 1249 2193; x_wconf 79' lang='lat' dir='ltr'><strong>dixerat</strong></span> <span class='ocrx_word' id='word_1_141' title='bbox 1277 2141 1567 2208; x_wconf 85' lang='lat' dir='ltr'><strong>terrigenas</strong></span> <span class='ocrx_word' id='word_1_142' title='bbox 1585 2181 1600 2203; x_wconf 95' lang='lat'><strong>,</strong></span> <span class='ocrx_word' id='word_1_143' title='bbox 1631 2155 1697 2194; x_wconf 90' lang='lat' dir='ltr'><strong>ne</strong></span> <span class='ocrx_word' id='word_1_144' title='bbox 1727 2141 1844 2209; x_wconf 83' lang='lat' dir='ltr'><strong>quis</strong></span> <span class='ocrx_word' id='word_1_145' title='bbox 1863 2141 2140 2194; x_wconf 86' lang='lat' dir='ltr'><strong>existima-</strong></span> 
     </span>
    </p>
   </div>
   <div class='ocr_carea' id='block_1_21' title="bbox 559 2230 2138 2301">
    <p class='ocr_par' dir='ltr' id='par_1_21' title="bbox 559 2230 2138 2301">
     <span class='ocr_line' id='line_1_21' title="bbox 559 2230 2138 2301; baseline 0.002 -19"><span class='ocrx_word' id='word_1_146' title='bbox 559 2239 678 2292; x_wconf 91' lang='lat' dir='ltr'><strong>ret,</strong></span> <span class='ocrx_word' id='word_1_147' title='bbox 722 2238 779 2282; x_wconf 90' lang='lat' dir='ltr'><strong>ut</strong></span> <span class='ocrx_word' id='word_1_148' title='bbox 803 2231 986 2283; x_wconf 88' lang='lat' dir='ltr'><strong>volunt</strong></span> <span class='ocrx_word' id='word_1_149' title='bbox 1024 2231 1311 2301; x_wconf 83' lang='lat' dir='ltr'><strong>mytbologi</strong></span> <span class='ocrx_word' id='word_1_150' title='bbox 1331 2271 1347 2296; x_wconf 94' lang='lat'><strong>,</strong></span> <span class='ocrx_word' id='word_1_151' title='bbox 1395 2230 1640 2285; x_wconf 87' lang='lat' dir='ltr'><strong>homines</strong></span> <span class='ocrx_word' id='word_1_152' title='bbox 1669 2231 1735 2284; x_wconf 92' lang='lat' dir='ltr'><strong>ab</strong></span> <span class='ocrx_word' id='word_1_153' title='bbox 1762 2231 1911 2284; x_wconf 89' lang='lat' dir='ltr'><strong>initio</strong></span> <span class='ocrx_word' id='word_1_154' title='bbox 1938 2247 1968 2286; x_wconf 93' lang='lat' dir='ltr'><strong>e</strong></span> <span class='ocrx_word' id='word_1_155' title='bbox 1999 2240 2138 2285; x_wconf 88' lang='lat' dir='ltr'><strong>terra</strong></span> 
     </span>
    </p>
   </div>
   <div class='ocr_carea' id='block_1_22' title="bbox 560 2323 2136 2393">
    <p class='ocr_par' dir='ltr' id='par_1_22' title="bbox 560 2323 2136 2393">
     <span class='ocr_line' id='line_1_22' title="bbox 560 2323 2136 2393; baseline 0.002 -19"><span class='ocrx_word' id='word_1_156' title='bbox 560 2323 886 2392; x_wconf 87' lang='lat' dir='ltr'><strong>pullulasse,</strong></span> <span class='ocrx_word' id='word_1_157' title='bbox 938 2324 1383 2391; x_wconf 87' lang='lat' dir='ltr'><strong>quemadmodum</strong></span> <span class='ocrx_word' id='word_1_158' title='bbox 1432 2324 1670 2378; x_wconf 90' lang='lat' dir='ltr'><strong>nonnulli</strong></span> <span class='ocrx_word' id='word_1_159' title='bbox 1717 2324 1932 2378; x_wconf 82' lang='lat' dir='ltr'><strong>fabulati</strong></span> <span class='ocrx_word' id='word_1_160' title='bbox 1977 2335 2136 2393; x_wconf 87' lang='lat' dir='ltr'><strong>sunt,</strong></span> 
     </span>
    </p>
   </div>
   <div class='ocr_carea' id='block_1_23' title="bbox 560 2416 2142 2485">
    <p class='ocr_par' dir='ltr' id='par_1_23' title="bbox 560 2416 2142 2485">
     <span class='ocr_line' id='line_1_23' title="bbox 560 2416 2142 2485; baseline 0.001 -17"><span class='ocrx_word' id='word_1_161' title='bbox 560 2416 815 2485; x_wconf 89' lang='lat' dir='ltr'><strong>quosdam</strong></span> <span class='ocrx_word' id='word_1_162' title='bbox 841 2425 956 2468; x_wconf 90' lang='lat' dir='ltr'><strong>satu</strong></span> <span class='ocrx_word' id='word_1_163' title='bbox 974 2417 1143 2470; x_wconf 91' lang='lat' dir='ltr'><strong>editos</strong></span> <span class='ocrx_word' id='word_1_164' title='bbox 1164 2417 1560 2470; x_wconf 88' lang='lat' dir='ltr'><strong>introducentes</strong></span> <span class='ocrx_word' id='word_1_165' title='bbox 1579 2457 1594 2479; x_wconf 93' lang='lat'><strong>,</strong></span> <span class='ocrx_word' id='word_1_166' title='bbox 1624 2425 1901 2485; x_wconf 89' lang='lat' dir='ltr'><strong>propterea</strong></span> <span class='ocrx_word' id='word_1_167' title='bbox 1923 2417 2142 2482; x_wconf 87' lang='lat' dir='ltr'><strong>subjun-</strong></span> 
     </span>
    </p>
   </div>
   <div class='ocr_carea' id='block_1_24' title="bbox 560 2506 2136 2571">
    <p class='ocr_par' dir='ltr' id='par_1_24' title="bbox 560 2506 2136 2571">
     <span class='ocr_line' id='line_1_24' title="bbox 560 2506 2136 2571; baseline 0.001 -11"><span class='ocrx_word' id='word_1_168' title='bbox 560 2507 668 2571; x_wconf 78' lang='lat' dir='ltr'><strong>xit,</strong></span> <span class='ocrx_word' id='word_1_169' title='bbox 696 2506 820 2560; x_wconf 81' lang='lat' dir='ltr'><strong>Filii</strong></span> <span class='ocrx_word' id='word_1_170' title='bbox 845 2509 1122 2563; x_wconf 88' lang='lat' dir='ltr'><strong>hominum.</strong></span> <span class='ocrx_word' id='word_1_171' title='bbox 1154 2508 1338 2563; x_wconf 85' lang='lat' dir='ltr'><strong>Patres</strong></span> <span class='ocrx_word' id='word_1_172' title='bbox 1359 2508 1501 2562; x_wconf 89' lang='lat' dir='ltr'><strong>enim</strong></span> <span class='ocrx_word' id='word_1_173' title='bbox 1530 2508 1677 2563; x_wconf 88' lang='lat' dir='ltr'><strong>vobis</strong></span> <span class='ocrx_word' id='word_1_174' title='bbox 1707 2519 1830 2563; x_wconf 91' lang='lat' dir='ltr'><strong>sunt</strong></span> <span class='ocrx_word' id='word_1_175' title='bbox 1857 2509 2099 2562; x_wconf 77' lang='lat' dir='ltr'><strong>homines</strong></span> <span class='ocrx_word' id='word_1_176' title='bbox 2123 2526 2136 2562; x_wconf 90' lang='lat'><strong><em>:</em></strong></span> 
     </span>
    </p>
   </div>
   <div class='ocr_carea' id='block_1_25' title="bbox 565 2599 2138 2666">
    <p class='ocr_par' dir='ltr' id='par_1_25' title="bbox 565 2599 2138 2666">
     <span class='ocr_line' id='line_1_25' title="bbox 565 2599 2138 2666; baseline 0.001 -16"><span class='ocrx_word' id='word_1_177' title='bbox 565 2599 880 2666; x_wconf 90' lang='lat' dir='ltr'><strong>principium</strong></span> <span class='ocrx_word' id='word_1_178' title='bbox 912 2609 1087 2651; x_wconf 89' lang='lat' dir='ltr'><strong>autem</strong></span> <span class='ocrx_word' id='word_1_179' title='bbox 1113 2601 1469 2666; x_wconf 80' lang='lat' dir='ltr'><strong>generationis</strong></span> <span class='ocrx_word' id='word_1_180' title='bbox 1496 2599 1645 2652; x_wconf 80' lang='lat' dir='ltr'><strong>vobis</strong></span> <span class='ocrx_word' id='word_1_181' title='bbox 1671 2609 1724 2654; x_wconf 91' lang='lat' dir='ltr'><strong>et</strong></span> <span class='ocrx_word' id='word_1_182' title='bbox 1745 2600 1846 2653; x_wconf 92' lang='lat' dir='ltr'><strong>illis</strong></span> <span class='ocrx_word' id='word_1_183' title='bbox 1873 2609 2009 2652; x_wconf 89' lang='lat' dir='ltr'><strong>terra</strong></span> <span class='ocrx_word' id='word_1_184' title='bbox 2037 2610 2138 2653; x_wconf 81' lang='lat' dir='ltr'><strong>est.</strong></span> 
     </span>
    </p>
   </div>
   <div class='ocr_carea' id='block_1_26' title="bbox 565 2687 2140 2760">
    <p class='ocr_par' dir='ltr' id='par_1_26' title="bbox 565 2687 2140 2760">
     <span class='ocr_line' id='line_1_26' title="bbox 565 2687 2140 2760; baseline 0.004 -20"><span class='ocrx_word' id='word_1_185' title='bbox 565 2687 700 2753; x_wconf 84' lang='lat' dir='ltr'><strong>Quid</strong></span> <span class='ocrx_word' id='word_1_186' title='bbox 729 2704 854 2758; x_wconf 80' lang='lat' dir='ltr'><strong>ergo</strong></span> <span class='ocrx_word' id='word_1_187' title='bbox 879 2689 1097 2758; x_wconf 69' lang='lat' dir='ltr'><strong>uiperbi&#39;t</strong></span> <span class='ocrx_word' id='word_1_188' title='bbox 1122 2700 1252 2742; x_wconf 89' lang='lat' dir='ltr'><strong>terra</strong></span> <span class='ocrx_word' id='word_1_189' title='bbox 1281 2700 1325 2743; x_wconf 86' lang='lat' dir='ltr'><strong>et</strong></span> <span class='ocrx_word' id='word_1_190' title='bbox 1355 2691 1481 2745; x_wconf 81' lang='lat' dir='ltr'><strong>cinis</strong></span> <span class='ocrx_word' id='word_1_191' title='bbox 1506 2689 1691 2758; x_wconf 85' lang='lat' dir='ltr'><strong>(Eccli.</strong></span> <span class='ocrx_word' id='word_1_192' title='bbox 1720 2691 1807 2744; x_wconf 78' lang='grc'><strong>10.</strong></span> <span class='ocrx_word' id='word_1_193' title='bbox 1831 2690 1931 2760; x_wconf 87' lang='lat'><strong>9)?</strong></span> <span class='ocrx_word' id='word_1_194' title='bbox 1957 2689 2140 2759; x_wconf 66' lang='lat' dir='ltr'><strong>Cugita</strong></span> 
     </span>
    </p>
   </div>
   <div class='ocr_carea' id='block_1_27' title="bbox 561 2779 2136 2856">
    <p class='ocr_par' dir='ltr' id='par_1_27' title="bbox 561 2779 2136 2856">
     <span class='ocr_line' id='line_1_27' title="bbox 561 2779 2136 2856; baseline 0.003 -26"><span class='ocrx_word' id='word_1_195' title='bbox 561 2779 699 2846; x_wconf 92' lang='lat' dir='ltr'><strong>apud</strong></span> <span class='ocrx_word' id='word_1_196' title='bbox 727 2788 776 2832; x_wconf 91' lang='lat' dir='ltr'><strong>te</strong></span> <span class='ocrx_word' id='word_1_197' title='bbox 799 2796 1040 2848; x_wconf 77' lang='lat' dir='ltr'><strong>qua-nam</strong></span> <span class='ocrx_word' id='word_1_198' title='bbox 1071 2781 1140 2833; x_wconf 90' lang='lat' dir='ltr'><strong>sit</strong></span> <span class='ocrx_word' id='word_1_199' title='bbox 1165 2789 1336 2836; x_wconf 88' lang='lat' dir='ltr'><strong>mater</strong></span> <span class='ocrx_word' id='word_1_200' title='bbox 1364 2793 1481 2856; x_wconf 87' lang='lat' dir='ltr'><strong>tua,</strong></span> <span class='ocrx_word' id='word_1_201' title='bbox 1510 2790 1562 2834; x_wconf 93' lang='lat' dir='ltr'><strong>et</strong></span> <span class='ocrx_word' id='word_1_202' title='bbox 1589 2781 1778 2835; x_wconf 79' lang='lat' dir='ltr'><strong>fastum</strong></span> <span class='ocrx_word' id='word_1_203' title='bbox 1803 2781 2094 2850; x_wconf 86' lang='lat' dir='ltr'><strong>comprime</strong></span> <span class='ocrx_word' id='word_1_204' title='bbox 2124 2800 2136 2835; x_wconf 96' lang='lat'>:</span> 
     </span>
    </p>
   </div>
   <div class='ocr_carea' id='block_1_28' title="bbox 563 2872 2143 2941">
    <p class='ocr_par' dir='ltr' id='par_1_28' title="bbox 563 2872 2143 2941">
     <span class='ocr_line' id='line_1_28' title="bbox 563 2872 2143 2941; baseline 0.002 -18"><span class='ocrx_word' id='word_1_205' title='bbox 563 2873 700 2923; x_wconf 89' lang='lat' dir='ltr'><strong>altos</strong></span> <span class='ocrx_word' id='word_1_206' title='bbox 742 2872 957 2940; x_wconf 80' lang='lat' dir='ltr'><strong>spiritus</strong></span> <span class='ocrx_word' id='word_1_207' title='bbox 1003 2873 1256 2925; x_wconf 87' lang='lat' dir='ltr'><strong>conculca</strong></span> <span class='ocrx_word' id='word_1_208' title='bbox 1293 2888 1355 2926; x_wconf 92' lang='lat' dir='ltr'><strong>ac</strong></span> <span class='ocrx_word' id='word_1_209' title='bbox 1383 2872 1658 2941; x_wconf 91' lang='lat' dir='ltr'><strong>deprime:</strong></span> <span class='ocrx_word' id='word_1_210' title='bbox 1687 2874 1961 2928; x_wconf 88' lang='lat' dir='ltr'><strong>considera</strong></span> <span class='ocrx_word' id='word_1_211' title='bbox 1993 2873 2143 2938; x_wconf 80' lang='lat' dir='ltr'><strong>Quod</strong></span> 
     </span>
    </p>
   </div>
   <div class='ocr_carea' id='block_1_29' title="bbox 561 2964 2142 3036">
    <p class='ocr_par' dir='ltr' id='par_1_29' title="bbox 561 2964 2142 3036">
     <span class='ocr_line' id='line_1_29' title="bbox 561 2964 2142 3036; baseline 0.002 -21"><span class='ocrx_word' id='word_1_212' title='bbox 561 2973 693 3015; x_wconf 81' lang='lat' dir='ltr'><strong>terra</strong></span> <span class='ocrx_word' id='word_1_213' title='bbox 720 2975 854 3028; x_wconf 84' lang='lat' dir='ltr'><strong>es,et</strong></span> <span class='ocrx_word' id='word_1_214' title='bbox 879 2965 930 3016; x_wconf 90' lang='lat' dir='ltr'><strong>in</strong></span> <span class='ocrx_word' id='word_1_215' title='bbox 959 2973 1142 3016; x_wconf 89' lang='lat' dir='ltr'><strong>terram</strong></span> <span class='ocrx_word' id='word_1_216' title='bbox 1160 2965 1416 3018; x_wconf 77' lang='lat' dir='ltr'><strong>reverteris</strong></span> <span class='ocrx_word' id='word_1_217' title='bbox 1446 2964 1596 3036; x_wconf 82' lang='lat' dir='ltr'><strong>(Gen.</strong></span> <span class='ocrx_word' id='word_1_218' title='bbox 1629 2966 1683 3019; x_wconf 81' lang='grc'><strong>5.</strong></span> <span class='ocrx_word' id='word_1_219' title='bbox 1712 2964 1823 3036; x_wconf 75' lang='grc'><strong>19),</strong></span> <span class='ocrx_word' id='word_1_220' title='bbox 1852 2977 1905 3020; x_wconf 91' lang='lat' dir='ltr'><strong>et</strong></span> <span class='ocrx_word' id='word_1_221' title='bbox 1930 2981 2142 3019; x_wconf 89' lang='lat' dir='ltr'><strong>onmem</strong></span> 
     </span>
    </p>
   </div>
   <div class='ocr_carea' id='block_1_30' title="bbox 560 3055 2144 3126">
    <p class='ocr_par' dir='ltr' id='par_1_30' title="bbox 560 3055 2144 3126">
     <span class='ocr_line' id='line_1_30' title="bbox 560 3055 2144 3126; baseline 0.003 -19"><span class='ocrx_word' id='word_1_222' title='bbox 560 3055 912 3122; x_wconf 79' lang='lat' dir='ltr'><strong>arrogantiam</strong></span> <span class='ocrx_word' id='word_1_223' title='bbox 953 3055 1179 3124; x_wconf 83' lang='lat' dir='ltr'><strong>expelle.</strong></span> <span class='ocrx_word' id='word_1_224' title='bbox 1221 3055 1332 3109; x_wconf 84' lang='lat' dir='ltr'><strong>Tali</strong></span> <span class='ocrx_word' id='word_1_225' title='bbox 1371 3056 1514 3110; x_wconf 91' lang='lat' dir='ltr'><strong>enim</strong></span> <span class='ocrx_word' id='word_1_226' title='bbox 1557 3056 1686 3110; x_wconf 92' lang='lat' dir='ltr'><strong>mihi</strong></span> <span class='ocrx_word' id='word_1_227' title='bbox 1731 3057 1971 3112; x_wconf 90' lang='lat' dir='ltr'><strong>auditore</strong></span> <span class='ocrx_word' id='word_1_228' title='bbox 2008 3072 2144 3126; x_wconf 82' lang='lat' dir='ltr'><strong>Opus</strong></span> 
     </span>
    </p>
   </div>
   <div class='ocr_carea' id='block_1_31' title="bbox 559 3147 2145 3220">
    <p class='ocr_par' dir='ltr' id='par_1_31' title="bbox 559 3147 2145 3220">
     <span class='ocr_line' id='line_1_31' title="bbox 559 3147 2145 3220; baseline 0.002 -19"><span class='ocrx_word' id='word_1_229' title='bbox 559 3157 658 3201; x_wconf 90' lang='lat' dir='ltr'><strong>est.</strong></span> <span class='ocrx_word' id='word_1_230' title='bbox 699 3147 821 3201; x_wconf 91' lang='lat' dir='ltr'><strong>Ideo</strong></span> <span class='ocrx_word' id='word_1_231' title='bbox 850 3157 900 3201; x_wconf 92' lang='lat' dir='ltr'><strong>te</strong></span> <span class='ocrx_word' id='word_1_232' title='bbox 925 3147 1166 3202; x_wconf 87' lang='lat' dir='ltr'><strong>sedatum</strong></span> <span class='ocrx_word' id='word_1_233' title='bbox 1197 3149 1362 3204; x_wconf 89' lang='lat' dir='ltr'><strong>reddo</strong></span> <span class='ocrx_word' id='word_1_234' title='bbox 1390 3164 1452 3204; x_wconf 91' lang='lat' dir='ltr'><strong>ac</strong></span> <span class='ocrx_word' id='word_1_235' title='bbox 1476 3151 1826 3220; x_wconf 88' lang='lat' dir='ltr'><strong>compositum</strong></span> <span class='ocrx_word' id='word_1_236' title='bbox 1847 3193 1862 3218; x_wconf 94' lang='lat'><strong>,</strong></span> <span class='ocrx_word' id='word_1_237' title='bbox 1891 3160 1949 3205; x_wconf 92' lang='lat' dir='ltr'><strong>ut</strong></span> <span class='ocrx_word' id='word_1_238' title='bbox 1979 3161 2028 3205; x_wconf 91' lang='lat' dir='ltr'><strong>te</strong></span> <span class='ocrx_word' id='word_1_239' title='bbox 2054 3165 2145 3204; x_wconf 80' lang='lat' dir='ltr'><strong>ac-</strong></span> 
     </span>
    </p>
   </div>
   <div class='ocr_carea' id='block_1_32' title="bbox 560 3237 2143 3310">
    <p class='ocr_par' dir='ltr' id='par_1_32' title="bbox 560 3237 2143 3310">
     <span class='ocr_line' id='line_1_32' title="bbox 560 3237 2143 3310; baseline 0.001 -18"><span class='ocrx_word' id='word_1_240' title='bbox 560 3237 749 3306; x_wconf 89' lang='lat' dir='ltr'><strong>cipiam</strong></span> <span class='ocrx_word' id='word_1_241' title='bbox 784 3247 962 3307; x_wconf 89' lang='lat' dir='ltr'><strong>aptum</strong></span> <span class='ocrx_word' id='word_1_242' title='bbox 995 3239 1060 3292; x_wconf 89' lang='lat' dir='ltr'><strong>ad</strong></span> <span class='ocrx_word' id='word_1_243' title='bbox 1081 3255 1142 3293; x_wconf 90' lang='lat' dir='ltr'><strong>ea</strong></span> <span class='ocrx_word' id='word_1_244' title='bbox 1164 3255 1281 3310; x_wconf 67' lang='lat' dir='ltr'><strong>qua:</strong></span> <span class='ocrx_word' id='word_1_245' title='bbox 1305 3239 1554 3294; x_wconf 90' lang='lat' dir='ltr'><strong>dicuntur</strong></span> <span class='ocrx_word' id='word_1_246' title='bbox 1580 3241 1935 3310; x_wconf 90' lang='lat' dir='ltr'><strong>suscipienda.</strong></span> <span class='ocrx_word' id='word_1_247' title='bbox 1971 3242 2143 3296; x_wconf 81' lang='lat' dir='ltr'><strong>Simul</strong></span> 
     </span>
    </p>
   </div>
   <div class='ocr_carea' id='block_1_33' title="bbox 558 3330 2138 3400">
    <p class='ocr_par' dir='ltr' id='par_1_33' title="bbox 558 3330 2138 3400">
     <span class='ocr_line' id='line_1_33' title="bbox 558 3330 2138 3400; baseline 0.003 -18"><span class='ocrx_word' id='word_1_248' title='bbox 558 3330 611 3382; x_wconf 84' lang='lat' dir='ltr'><strong>in</strong></span> <span class='ocrx_word' id='word_1_249' title='bbox 640 3346 798 3382; x_wconf 87' lang='lat' dir='ltr'><strong>unum</strong></span> <span class='ocrx_word' id='word_1_250' title='bbox 829 3330 962 3383; x_wconf 82' lang='lat' dir='ltr'><strong>dives</strong></span> <span class='ocrx_word' id='word_1_251' title='bbox 990 3340 1034 3384; x_wconf 81' lang='lat' dir='ltr'><strong>et</strong></span> <span class='ocrx_word' id='word_1_252' title='bbox 1049 3347 1260 3400; x_wconf 82' lang='lat' dir='ltr'><strong>pauper.</strong></span> <span class='ocrx_word' id='word_1_253' title='bbox 1295 3331 1482 3387; x_wconf 82' lang='lat' dir='ltr'><strong>Vidisti</strong></span> <span class='ocrx_word' id='word_1_254' title='bbox 1508 3333 1834 3388; x_wconf 89' lang='lat' dir='ltr'><strong>nobilitatem</strong></span> <span class='ocrx_word' id='word_1_255' title='bbox 1866 3334 2138 3389; x_wconf 54' lang='lat' dir='ltr'><strong>Ecclesiae.</strong></span> 
     </span>
    </p>
   </div>
   <div class='ocr_carea' id='block_1_34' title="bbox 560 3420 2143 3492">
    <p class='ocr_par' dir='ltr' id='par_1_34' title="bbox 560 3420 2143 3492">
     <span class='ocr_line' id='line_1_34' title="bbox 560 3420 2143 3492; baseline 0.006 -22"><span class='ocrx_word' id='word_1_256' title='bbox 560 3420 753 3484; x_wconf 76' lang='lat' dir='ltr'><strong>Quidni</strong></span> <span class='ocrx_word' id='word_1_257' title='bbox 790 3421 931 3473; x_wconf 86' lang='lat' dir='ltr'><strong>enim</strong></span> <span class='ocrx_word' id='word_1_258' title='bbox 961 3421 1320 3487; x_wconf 89' lang='lat' dir='ltr'><strong>nobilitatem,</strong></span> <span class='ocrx_word' id='word_1_259' title='bbox 1359 3423 1570 3492; x_wconf 89' lang='lat' dir='ltr'><strong>quando</strong></span> <span class='ocrx_word' id='word_1_260' title='bbox 1600 3424 1669 3477; x_wconf 91' lang='lat' dir='ltr'><strong>ob</strong></span> <span class='ocrx_word' id='word_1_261' title='bbox 1693 3425 2012 3479; x_wconf 89' lang='lat' dir='ltr'><strong>conditionis</strong></span> <span class='ocrx_word' id='word_1_262' title='bbox 2041 3425 2143 3480; x_wconf 87' lang='lat' dir='ltr'><strong>dif-</strong></span> 
     </span>
    </p>
   </div>
   <div class='ocr_carea' id='block_1_35' title="bbox 563 3509 2140 3578">
    <p class='ocr_par' dir='ltr' id='par_1_35' title="bbox 563 3509 2140 3578">
     <span class='ocr_line' id='line_1_35' title="bbox 563 3509 2140 3578; baseline 0.006 -17"><span class='ocrx_word' id='word_1_263' title='bbox 563 3509 838 3562; x_wconf 77' lang='lat' dir='ltr'><strong>ferendam</strong></span> <span class='ocrx_word' id='word_1_264' title='bbox 870 3525 974 3563; x_wconf 92' lang='lat' dir='ltr'><strong>non</strong></span> <span class='ocrx_word' id='word_1_265' title='bbox 1001 3521 1146 3565; x_wconf 88' lang='lat' dir='ltr'><strong>arcet</strong></span> <span class='ocrx_word' id='word_1_266' title='bbox 1170 3512 1488 3578; x_wconf 88' lang='lat' dir='ltr'><strong>auditorem,</strong></span> <span class='ocrx_word' id='word_1_267' title='bbox 1518 3514 1611 3568; x_wconf 89' lang='lat' dir='ltr'><strong>sed</strong></span> <span class='ocrx_word' id='word_1_268' title='bbox 1631 3515 1872 3570; x_wconf 90' lang='lat' dir='ltr'><strong>universa</strong></span> <span class='ocrx_word' id='word_1_269' title='bbox 1899 3515 2140 3572; x_wconf 87' lang='lat' dir='ltr'><strong>doctrina</strong></span> 
     </span>
    </p>
   </div>
   <div class='ocr_carea' id='block_1_36' title="bbox 558 3602 2140 3674">
    <p class='ocr_par' dir='ltr' id='par_1_36' title="bbox 558 3602 2140 3674">
     <span class='ocr_line' id='line_1_36' title="bbox 558 3602 2140 3674; baseline 0.006 -21"><span class='ocrx_word' id='word_1_270' title='bbox 558 3617 624 3653; x_wconf 86' lang='lat' dir='ltr'><strong>ex</strong></span> <span class='ocrx_word' id='word_1_271' title='bbox 676 3617 828 3668; x_wconf 71' lang='lat' dir='ltr'><strong>miluo</strong></span> <span class='ocrx_word' id='word_1_272' title='bbox 879 3602 1242 3670; x_wconf 88' lang='lat' dir='ltr'><strong>profunditur,</strong></span> <span class='ocrx_word' id='word_1_273' title='bbox 1281 3616 1335 3659; x_wconf 92' lang='lat' dir='ltr'><strong>et</strong></span> <span class='ocrx_word' id='word_1_274' title='bbox 1379 3606 1631 3674; x_wconf 87' lang='lat' dir='ltr'><strong>pauperi,</strong></span> <span class='ocrx_word' id='word_1_275' title='bbox 1677 3616 1732 3661; x_wconf 92' lang='lat' dir='ltr'><strong>ct</strong></span> <span class='ocrx_word' id='word_1_276' title='bbox 1775 3605 1924 3662; x_wconf 84' lang='lat' dir='ltr'><strong>diviti</strong></span> <span class='ocrx_word' id='word_1_277' title='bbox 1959 3624 2140 3663; x_wconf 91' lang='lat' dir='ltr'><strong>mensa</strong></span> 
     </span>
    </p>
   </div>
   <div class='ocr_carea' id='block_1_37' title="bbox 558 3693 2141 3768">
    <p class='ocr_par' dir='ltr' id='par_1_37' title="bbox 558 3693 2141 3768">
     <span class='ocr_line' id='line_1_37' title="bbox 558 3693 2141 3768; baseline 0.008 -24"><span class='ocrx_word' id='word_1_278' title='bbox 558 3693 859 3746; x_wconf 87' lang='lat' dir='ltr'><strong>communis</strong></span> <span class='ocrx_word' id='word_1_279' title='bbox 901 3693 1219 3748; x_wconf 84' lang='lat' dir='ltr'><strong>exhibetur?</strong></span> <span class='ocrx_word' id='word_1_280' title='bbox 1258 3695 1540 3765; x_wconf 87' lang='lat' dir='ltr'><strong>Postquam</strong></span> <span class='ocrx_word' id='word_1_281' title='bbox 1580 3699 1722 3752; x_wconf 90' lang='lat' dir='ltr'><strong>enim</strong></span> <span class='ocrx_word' id='word_1_282' title='bbox 1763 3699 1894 3753; x_wconf 82' lang='lat' dir='ltr'><strong>dixit</strong></span> <span class='ocrx_word' id='word_1_283' title='bbox 1921 3699 1972 3754; x_wconf 93' lang='lat' dir='ltr'><strong>id</strong></span> <span class='ocrx_word' id='word_1_284' title='bbox 2000 3701 2141 3768; x_wconf 91' lang='lat' dir='ltr'><strong>quod</strong></span> 
     </span>
    </p>
   </div>
   <div class='ocr_carea' id='block_1_38' title="bbox 559 3786 2138 3861">
    <p class='ocr_par' dir='ltr' id='par_1_38' title="bbox 559 3786 2138 3861">
     <span class='ocr_line' id='line_1_38' title="bbox 559 3786 2138 3861; baseline 0.006 -23"><span class='ocrx_word' id='word_1_285' title='bbox 559 3799 748 3840; x_wconf 88' lang='lat' dir='ltr'><strong>omnes</strong></span> <span class='ocrx_word' id='word_1_286' title='bbox 790 3786 938 3852; x_wconf 91' lang='lat' dir='ltr'><strong>unit,</strong></span> <span class='ocrx_word' id='word_1_287' title='bbox 983 3802 1078 3842; x_wconf 89' lang='lat' dir='ltr'><strong>eos</strong></span> <span class='ocrx_word' id='word_1_288' title='bbox 1121 3788 1366 3844; x_wconf 89' lang='lat' dir='ltr'><strong>videlicet</strong></span> <span class='ocrx_word' id='word_1_289' title='bbox 1409 3804 1529 3844; x_wconf 85' lang='lat' dir='ltr'><strong>esse</strong></span> <span class='ocrx_word' id='word_1_290' title='bbox 1557 3791 1890 3861; x_wconf 85' lang='lat' dir='ltr'><strong>terrigenas,</strong></span> <span class='ocrx_word' id='word_1_291' title='bbox 1919 3801 1972 3846; x_wconf 92' lang='lat' dir='ltr'><strong>et</strong></span> <span class='ocrx_word' id='word_1_292' title='bbox 1998 3793 2138 3848; x_wconf 91' lang='lat' dir='ltr'><strong>ﬁlios</strong></span> 
     </span>
    </p>
   </div>
   <div class='ocr_carea' id='block_1_39' title="bbox 561 3875 2135 3943">
    <p class='ocr_par' dir='ltr' id='par_1_39' title="bbox 561 3875 2135 3943">
     <span class='ocr_line' id='line_1_39' title="bbox 561 3875 2135 3943; baseline 0.006 -14"><span class='ocrx_word' id='word_1_293' title='bbox 561 3875 868 3943; x_wconf 90' lang='lat' dir='ltr'><strong>hominum,</strong></span> <span class='ocrx_word' id='word_1_294' title='bbox 918 3888 972 3932; x_wconf 92' lang='lat' dir='ltr'><strong>et</strong></span> <span class='ocrx_word' id='word_1_295' title='bbox 1013 3893 1347 3934; x_wconf 86' lang='lat' dir='ltr'><strong>communem</strong></span> <span class='ocrx_word' id='word_1_296' title='bbox 1402 3895 1521 3936; x_wconf 88' lang='lat' dir='ltr'><strong>esse</strong></span> <span class='ocrx_word' id='word_1_297' title='bbox 1569 3892 1810 3936; x_wconf 90' lang='lat' dir='ltr'><strong>naturam</strong></span> <span class='ocrx_word' id='word_1_298' title='bbox 1859 3884 2135 3938; x_wconf 89' lang='lat' dir='ltr'><strong>ostendit:</strong></span> 
     </span>
    </p>
   </div>
   <div class='ocr_carea' id='block_1_40' title="bbox 560 3970 2143 4038">
    <p class='ocr_par' dir='ltr' id='par_1_40' title="bbox 560 3970 2143 4038">
     <span class='ocr_line' id='line_1_40' title="bbox 560 3970 2143 4038; baseline 0.006 -18"><span class='ocrx_word' id='word_1_299' title='bbox 560 3975 687 4024; x_wconf 90' lang='lat' dir='ltr'><strong>tunc</strong></span> <span class='ocrx_word' id='word_1_300' title='bbox 727 3984 846 4038; x_wconf 70' lang='lat' dir='ltr'><strong>qua:</strong></span> <span class='ocrx_word' id='word_1_301' title='bbox 889 3984 954 4022; x_wconf 86' lang='lat' dir='ltr'><strong>ex</strong></span> <span class='ocrx_word' id='word_1_302' title='bbox 995 3970 1154 4024; x_wconf 88' lang='lat' dir='ltr'><strong>rebus</strong></span> <span class='ocrx_word' id='word_1_303' title='bbox 1183 3971 1527 4026; x_wconf 68' lang='lat' dir='ltr'><strong>smcularibus</strong></span> <span class='ocrx_word' id='word_1_304' title='bbox 1554 3973 1830 4028; x_wconf 89' lang='lat' dir='ltr'><strong>videbatur</strong></span> <span class='ocrx_word' id='word_1_305' title='bbox 1855 3989 1974 4030; x_wconf 87' lang='lat' dir='ltr'><strong>esse</strong></span> <span class='ocrx_word' id='word_1_306' title='bbox 1995 4015 2008 4038; x_wconf 86' lang='lat'><strong>,</strong></span> <span class='ocrx_word' id='word_1_307' title='bbox 2039 3975 2143 4029; x_wconf 85' lang='lat' dir='ltr'><strong>dif-</strong></span> 
     </span>
    </p>
   </div>
   <div class='ocr_carea' id='block_1_41' title="bbox 560 4059 2140 4134">
    <p class='ocr_par' dir='ltr' id='par_1_41' title="bbox 560 4059 2140 4134">
     <span class='ocr_line' id='line_1_41' title="bbox 560 4059 2140 4134; baseline 0.007 -22"><span class='ocrx_word' id='word_1_308' title='bbox 560 4059 833 4113; x_wconf 89' lang='lat' dir='ltr'><strong>ferentiam</strong></span> <span class='ocrx_word' id='word_1_309' title='bbox 864 4069 918 4115; x_wconf 90' lang='lat' dir='ltr'><strong>et</strong></span> <span class='ocrx_word' id='word_1_310' title='bbox 942 4062 1348 4132; x_wconf 70' lang='lat' dir='ltr'><strong>inaequalitatem</strong></span> <span class='ocrx_word' id='word_1_311' title='bbox 1369 4064 1606 4119; x_wconf 89' lang='lat' dir='ltr'><strong>oratione</strong></span> <span class='ocrx_word' id='word_1_312' title='bbox 1631 4063 2140 4134; x_wconf 84' lang='lat' dir='ltr'><strong>ejicitcnmmuniter</strong></span> 
     </span>
    </p>
   </div>
   <div class='ocr_carea' id='block_1_42' title="bbox 559 4157 2134 4216">
    <p class='ocr_par' dir='ltr' id='par_1_42' title="bbox 559 4157 2134 4216">
     <span class='ocr_line' id='line_1_42' title="bbox 559 4157 2134 4216; baseline 0.006 -10"><span class='ocrx_word' id='word_1_313' title='bbox 559 4170 746 4209; x_wconf 92' lang='lat' dir='ltr'><strong>omnes</strong></span> <span class='ocrx_word' id='word_1_314' title='bbox 785 4170 980 4211; x_wconf 71' lang='lat' dir='ltr'><strong>VOCllllS</strong></span> <span class='ocrx_word' id='word_1_315' title='bbox 1027 4174 1041 4211; x_wconf 74' lang='grc'><strong>2</strong></span> <span class='ocrx_word' id='word_1_316' title='bbox 1089 4162 1172 4213; x_wconf 70' lang='grc' dir='ltr'><strong>εει</strong></span> <span class='ocrx_word' id='word_1_317' title='bbox 1198 4157 1343 4212; x_wconf 89' lang='lat' dir='ltr'><strong>enim</strong></span> <span class='ocrx_word' id='word_1_318' title='bbox 1369 4158 1664 4212; x_wconf 85' lang='lat' dir='ltr'><strong>communis</strong></span> <span class='ocrx_word' id='word_1_319' title='bbox 1695 4167 1873 4213; x_wconf 68' lang='lat' dir='ltr'><strong>IlOSU‘ﬂ</strong></span> <span class='ocrx_word' id='word_1_320' title='bbox 1901 4170 2085 4214; x_wconf 90' lang='lat' dir='ltr'><strong>natura</strong></span> <span class='ocrx_word' id='word_1_321' title='bbox 2121 4179 2134 4216; x_wconf 72' lang='lat'><strong><em>1</em></strong></span> 
     </span>
    </p>
   </div>
   <div class='ocr_carea' id='block_1_43' title="bbox 560 4247 2138 4315">
    <p class='ocr_par' dir='ltr' id='par_1_43' title="bbox 560 4247 2138 4315">
     <span class='ocr_line' id='line_1_43' title="bbox 560 4247 2138 4315; baseline 0.004 -15"><span class='ocrx_word' id='word_1_322' title='bbox 560 4247 925 4302; x_wconf 81' lang='lat' dir='ltr'><strong>Communiter</strong></span> <span class='ocrx_word' id='word_1_323' title='bbox 953 4263 1138 4304; x_wconf 91' lang='lat' dir='ltr'><strong>omnes</strong></span> <span class='ocrx_word' id='word_1_324' title='bbox 1159 4263 1329 4315; x_wconf 90' lang='lat' dir='ltr'><strong>voco;</strong></span> <span class='ocrx_word' id='word_1_325' title='bbox 1361 4251 1660 4304; x_wconf 90' lang='lat' dir='ltr'><strong>communis</strong></span> <span class='ocrx_word' id='word_1_326' title='bbox 1687 4252 1828 4305; x_wconf 92' lang='lat' dir='ltr'><strong>enim</strong></span> <span class='ocrx_word' id='word_1_327' title='bbox 1857 4262 2035 4307; x_wconf 89' lang='lat' dir='ltr'><strong>nostra</strong></span> <span class='ocrx_word' id='word_1_328' title='bbox 2063 4254 2138 4307; x_wconf 85' lang='lat' dir='ltr'><strong>ci-</strong></span> 
     </span>
    </p>
   </div>
   <div class='ocr_carea' id='block_1_44' title="bbox 561 4338 2138 4416">
    <p class='ocr_par' dir='ltr' id='par_1_44' title="bbox 561 4338 2138 4416">
     <span class='ocr_line' id='line_1_44' title="bbox 561 4338 2138 4416; baseline 0.006 -27"><span class='ocrx_word' id='word_1_329' title='bbox 561 4338 694 4391; x_wconf 87' lang='lat' dir='ltr'><strong>vitas</strong></span> <span class='ocrx_word' id='word_1_330' title='bbox 738 4348 820 4392; x_wconf 91' lang='lat' dir='ltr'><strong>est</strong></span> <span class='ocrx_word' id='word_1_331' title='bbox 857 4339 1000 4393; x_wconf 88' lang='lat' dir='ltr'><strong>orbis</strong></span> <span class='ocrx_word' id='word_1_332' title='bbox 1041 4349 1302 4395; x_wconf 89' lang='lat' dir='ltr'><strong>terrarum</strong></span> <span class='ocrx_word' id='word_1_333' title='bbox 1347 4340 1483 4414; x_wconf 79' lang='lat' dir='ltr'><strong>(Aet.</strong></span> <span class='ocrx_word' id='word_1_334' title='bbox 1512 4342 1602 4396; x_wconf 77' lang='grc'><strong>17.</strong></span> <span class='ocrx_word' id='word_1_335' title='bbox 1631 4343 1748 4414; x_wconf 77' lang='grc'><strong>26).</strong></span> <span class='ocrx_word' id='word_1_336' title='bbox 1776 4344 1880 4400; x_wconf 92' lang='lat' dir='ltr'><strong>Sed</strong></span> <span class='ocrx_word' id='word_1_337' title='bbox 1911 4362 1977 4401; x_wconf 85' lang='lat' dir='ltr'><strong>ex</strong></span> <span class='ocrx_word' id='word_1_338' title='bbox 2011 4361 2138 4416; x_wconf 86' lang='lat' dir='ltr'><strong>pau-</strong></span> 
     </span>
    </p>
   </div>
   <div class='ocr_carea' id='block_1_45' title="bbox 564 4431 2133 4509">
    <p class='ocr_par' dir='ltr' id='par_1_45' title="bbox 564 4431 2133 4509">
     <span class='ocr_line' id='line_1_45' title="bbox 564 4431 2133 4509; baseline 0.008 -27"><span class='ocrx_word' id='word_1_339' title='bbox 564 4439 765 4498; x_wconf 89' lang='lat' dir='ltr'><strong>pertate</strong></span> <span class='ocrx_word' id='word_1_340' title='bbox 795 4442 849 4485; x_wconf 90' lang='lat' dir='ltr'><strong>et</strong></span> <span class='ocrx_word' id='word_1_341' title='bbox 885 4431 1082 4486; x_wconf 87' lang='lat' dir='ltr'><strong>divitiis</strong></span> <span class='ocrx_word' id='word_1_342' title='bbox 1119 4432 1468 4489; x_wconf 72' lang='lat' dir='ltr'><strong>differentiam</strong></span> <span class='ocrx_word' id='word_1_343' title='bbox 1499 4436 1727 4504; x_wconf 87' lang='lat' dir='ltr'><strong>aliquam</strong></span> <span class='ocrx_word' id='word_1_344' title='bbox 1761 4441 2097 4509; x_wconf 78' lang='lat' dir='ltr'><strong>excogitastis</strong></span> <span class='ocrx_word' id='word_1_345' title='bbox 2117 4480 2133 4507; x_wconf 92' lang='lat'><strong>,</strong></span> 
     </span>
    </p>
   </div>
   <div class='ocr_carea' id='block_1_46' title="bbox 560 4523 2135 4603">
    <p class='ocr_par' dir='ltr' id='par_1_46' title="bbox 560 4523 2135 4603">
     <span class='ocr_line' id='line_1_46' title="bbox 560 4523 2135 4603; baseline 0.008 -28"><span class='ocrx_word' id='word_1_346' title='bbox 560 4533 614 4576; x_wconf 87' lang='lat' dir='ltr'><strong>et</strong></span> <span class='ocrx_word' id='word_1_347' title='bbox 662 4523 1068 4593; x_wconf 72' lang='lat' dir='ltr'><strong>inicqualitatem</strong></span> <span class='ocrx_word' id='word_1_348' title='bbox 1120 4527 1503 4584; x_wconf 81' lang='lat' dir='ltr'><strong>introduxistis.</strong></span> <span class='ocrx_word' id='word_1_349' title='bbox 1553 4531 1714 4600; x_wconf 85' lang='lat' dir='ltr'><strong>Atqui</strong></span> <span class='ocrx_word' id='word_1_350' title='bbox 1766 4547 1882 4586; x_wconf 88' lang='lat' dir='ltr'><strong>eam</strong></span> <span class='ocrx_word' id='word_1_351' title='bbox 1925 4549 2135 4603; x_wconf 90' lang='lat' dir='ltr'><strong>quoque</strong></span> 
     </span>
    </p>
   </div>
   <div class='ocr_carea' id='block_1_47' title="bbox 559 4616 2135 4694">
    <p class='ocr_par' dir='ltr' id='par_1_47' title="bbox 559 4616 2135 4694">
     <span class='ocr_line' id='line_1_47' title="bbox 559 4616 2135 4694; baseline 0.007 -26"><span class='ocrx_word' id='word_1_352' title='bbox 559 4629 744 4669; x_wconf 86' lang='lat' dir='ltr'><strong>rursus</strong></span> <span class='ocrx_word' id='word_1_353' title='bbox 778 4616 965 4684; x_wconf 89' lang='lat' dir='ltr'><strong>ejicio,</strong></span> <span class='ocrx_word' id='word_1_354' title='bbox 1001 4633 1106 4672; x_wconf 93' lang='lat' dir='ltr'><strong>non</strong></span> <span class='ocrx_word' id='word_1_355' title='bbox 1133 4617 1324 4675; x_wconf 89' lang='lat' dir='ltr'><strong>divites</strong></span> <span class='ocrx_word' id='word_1_356' title='bbox 1351 4621 1564 4692; x_wconf 91' lang='lat' dir='ltr'><strong>quidem</strong></span> <span class='ocrx_word' id='word_1_357' title='bbox 1593 4622 1907 4687; x_wconf 81' lang='lat' dir='ltr'><strong>admittens,</strong></span> <span class='ocrx_word' id='word_1_358' title='bbox 1940 4639 2135 4694; x_wconf 81' lang='lat' dir='ltr'><strong>paupe-</strong></span> 
     </span>
    </p>
   </div>
   <div class='ocr_carea' id='block_1_48' title="bbox 559 4708 2132 4786">
    <p class='ocr_par' dir='ltr' id='par_1_48' title="bbox 559 4708 2132 4786">
     <span class='ocr_line' id='line_1_48' title="bbox 559 4708 2132 4786; baseline 0.005 -24"><span class='ocrx_word' id='word_1_359' title='bbox 559 4721 650 4762; x_wconf 87' lang='lat' dir='ltr'><strong>res</strong></span> <span class='ocrx_word' id='word_1_360' title='bbox 691 4717 867 4763; x_wconf 88' lang='lat' dir='ltr'><strong>autem</strong></span> <span class='ocrx_word' id='word_1_361' title='bbox 909 4708 1110 4766; x_wconf 90' lang='lat' dir='ltr'><strong>habens</strong></span> <span class='ocrx_word' id='word_1_362' title='bbox 1147 4711 1477 4780; x_wconf 89' lang='lat' dir='ltr'><strong>despicatui,</strong></span> <span class='ocrx_word' id='word_1_363' title='bbox 1507 4729 1605 4770; x_wconf 90' lang='lat' dir='ltr'><strong>nec</strong></span> <span class='ocrx_word' id='word_1_364' title='bbox 1637 4730 1894 4784; x_wconf 84' lang='lat' dir='ltr'><strong>pauperes</strong></span> <span class='ocrx_word' id='word_1_365' title='bbox 1917 4715 2132 4786; x_wconf 89' lang='lat' dir='ltr'><strong>quidem</strong></span> 
     </span>
    </p>
   </div>
   <div class='ocr_carea' id='block_1_49' title="bbox 559 4801 2130 4875">
    <p class='ocr_par' dir='ltr' id='par_1_49' title="bbox 559 4801 2130 4875">
     <span class='ocr_line' id='line_1_49' title="bbox 559 4801 2130 4875; baseline 0.006 -22"><span class='ocrx_word' id='word_1_366' title='bbox 559 4814 783 4864; x_wconf 89' lang='lat' dir='ltr'><strong>vocans,</strong></span> <span class='ocrx_word' id='word_1_367' title='bbox 818 4801 1008 4856; x_wconf 81' lang='lat' dir='ltr'><strong>divites</strong></span> <span class='ocrx_word' id='word_1_368' title='bbox 1034 4809 1209 4858; x_wconf 90' lang='lat' dir='ltr'><strong>autem</strong></span> <span class='ocrx_word' id='word_1_369' title='bbox 1237 4806 1508 4873; x_wconf 66' lang='lat' dir='ltr'><strong>espellens</strong></span> <span class='ocrx_word' id='word_1_370' title='bbox 1526 4847 1543 4872; x_wconf 95' lang='lat'><strong>,</strong></span> <span class='ocrx_word' id='word_1_371' title='bbox 1572 4807 1664 4861; x_wconf 89' lang='lat' dir='ltr'><strong>sed</strong></span> <span class='ocrx_word' id='word_1_372' title='bbox 1691 4816 1746 4861; x_wconf 90' lang='lat' dir='ltr'><strong>et</strong></span> <span class='ocrx_word' id='word_1_373' title='bbox 1774 4807 1872 4862; x_wconf 92' lang='lat' dir='ltr'><strong>bos</strong></span> <span class='ocrx_word' id='word_1_374' title='bbox 1897 4816 1948 4862; x_wconf 92' lang='lat' dir='ltr'><strong>et</strong></span> <span class='ocrx_word' id='word_1_375' title='bbox 1977 4807 2130 4875; x_wconf 91' lang='lat' dir='ltr'><strong>illos,</strong></span> 
     </span>
    </p>
   </div>
   <div class='ocr_carea' id='block_1_50' title="bbox 557 4897 2133 4970">
    <p class='ocr_par' dir='ltr' id='par_1_50' title="bbox 557 4897 2133 4970">
     <span class='ocr_line' id='line_1_50' title="bbox 557 4897 2133 4970; baseline 0.003 -20"><span class='ocrx_word' id='word_1_376' title='bbox 557 4904 613 4950; x_wconf 87' lang='lat' dir='ltr'><strong>et</strong></span> <span class='ocrx_word' id='word_1_377' title='bbox 658 4910 762 4948; x_wconf 91' lang='lat' dir='ltr'><strong>non</strong></span> <span class='ocrx_word' id='word_1_378' title='bbox 803 4897 1138 4950; x_wconf 76' lang='lat' dir='ltr'><strong>siilumniodo</strong></span> <span class='ocrx_word' id='word_1_379' title='bbox 1185 4898 1282 4952; x_wconf 93' lang='lat' dir='ltr'><strong>bos</strong></span> <span class='ocrx_word' id='word_1_380' title='bbox 1329 4907 1382 4952; x_wconf 89' lang='lat' dir='ltr'><strong>et</strong></span> <span class='ocrx_word' id='word_1_381' title='bbox 1429 4899 1578 4964; x_wconf 90' lang='lat' dir='ltr'><strong>illos,</strong></span> <span class='ocrx_word' id='word_1_382' title='bbox 1621 4900 1766 4954; x_wconf 85' lang='lat' dir='ltr'><strong>verbi</strong></span> <span class='ocrx_word' id='word_1_383' title='bbox 1794 4901 1959 4970; x_wconf 80' lang='lat' dir='ltr'><strong>gratia</strong></span> <span class='ocrx_word' id='word_1_384' title='bbox 1989 4943 2003 4967; x_wconf 94' lang='lat'><strong>,</strong></span> <span class='ocrx_word' id='word_1_385' title='bbox 2034 4900 2133 4956; x_wconf 91' lang='lat' dir='ltr'><strong>bos</strong></span> 
     </span>
    </p>
   </div>
   <div class='ocr_carea' id='block_1_51' title="bbox 558 4985 2130 5063">
    <p class='ocr_par' dir='ltr' id='par_1_51' title="bbox 558 4985 2130 5063">
     <span class='ocr_line' id='line_1_51' title="bbox 558 4985 2130 5063; baseline 0.006 -25"><span class='ocrx_word' id='word_1_386' title='bbox 558 4985 770 5053; x_wconf 90' lang='lat' dir='ltr'><strong>quidem</strong></span> <span class='ocrx_word' id='word_1_387' title='bbox 812 4987 1044 5055; x_wconf 85' lang='lat' dir='ltr'><strong>priores,</strong></span> <span class='ocrx_word' id='word_1_388' title='bbox 1077 4988 1197 5042; x_wconf 90' lang='lat' dir='ltr'><strong>illos</strong></span> <span class='ocrx_word' id='word_1_389' title='bbox 1225 5004 1353 5044; x_wconf 87' lang='lat' dir='ltr'><strong>vero</strong></span> <span class='ocrx_word' id='word_1_390' title='bbox 1381 4991 1726 5058; x_wconf 85' lang='lat' dir='ltr'><strong>posteriores,</strong></span> <span class='ocrx_word' id='word_1_391' title='bbox 1757 4993 1835 5045; x_wconf 85' lang='lat' dir='ltr'><strong>vel</strong></span> <span class='ocrx_word' id='word_1_392' title='bbox 1869 4993 1985 5046; x_wconf 85' lang='lat' dir='ltr'><strong>illos</strong></span> <span class='ocrx_word' id='word_1_393' title='bbox 2011 4994 2130 5063; x_wconf 92' lang='lat' dir='ltr'><strong>qui-</strong></span> 
     </span>
    </p>
   </div>
   <div class='ocr_carea' id='block_1_52' title="bbox 557 5077 2133 5150">
    <p class='ocr_par' dir='ltr' id='par_1_52' title="bbox 557 5077 2133 5150">
     <span class='ocr_line' id='line_1_52' title="bbox 557 5077 2133 5150; baseline 0.003 -18"><span class='ocrx_word' id='word_1_394' title='bbox 557 5077 679 5132; x_wconf 93' lang='lat' dir='ltr'><strong>dem</strong></span> <span class='ocrx_word' id='word_1_395' title='bbox 727 5080 1081 5147; x_wconf 78' lang='lat' dir='ltr'><strong>posteriores,</strong></span> <span class='ocrx_word' id='word_1_396' title='bbox 1127 5079 1222 5134; x_wconf 90' lang='lat' dir='ltr'><strong>bos</strong></span> <span class='ocrx_word' id='word_1_397' title='bbox 1268 5097 1392 5135; x_wconf 86' lang='lat' dir='ltr'><strong>vero</strong></span> <span class='ocrx_word' id='word_1_398' title='bbox 1433 5085 1669 5150; x_wconf 87' lang='lat' dir='ltr'><strong>priores,</strong></span> <span class='ocrx_word' id='word_1_399' title='bbox 1713 5083 1805 5137; x_wconf 92' lang='lat' dir='ltr'><strong>sed</strong></span> <span class='ocrx_word' id='word_1_400' title='bbox 1848 5085 2024 5137; x_wconf 91' lang='lat' dir='ltr'><strong>simul.</strong></span> <span class='ocrx_word' id='word_1_401' title='bbox 2053 5085 2133 5143; x_wconf 81' lang='lat' dir='ltr'><strong>Sit</strong></span> 
     </span>
    </p>
   </div>
   <div class='ocr_carea' id='block_1_53' title="bbox 553 5170 2131 5238">
    <p class='ocr_par' dir='ltr' id='par_1_53' title="bbox 553 5170 2131 5238">
     <span class='ocr_line' id='line_1_53' title="bbox 553 5170 2131 5238; baseline 0.004 -15"><span class='ocrx_word' id='word_1_402' title='bbox 553 5170 850 5224; x_wconf 74' lang='lat' dir='ltr'><strong>Communis</strong></span> <span class='ocrx_word' id='word_1_403' title='bbox 887 5180 1176 5225; x_wconf 86' lang='lat' dir='ltr'><strong>conventus</strong></span> <span class='ocrx_word' id='word_1_404' title='bbox 1200 5212 1216 5238; x_wconf 94' lang='lat'><strong>,</strong></span> <span class='ocrx_word' id='word_1_405' title='bbox 1257 5176 1552 5226; x_wconf 89' lang='lat' dir='ltr'><strong>communis</strong></span> <span class='ocrx_word' id='word_1_406' title='bbox 1585 5174 1802 5237; x_wconf 89' lang='lat' dir='ltr'><strong>concio,</strong></span> <span class='ocrx_word' id='word_1_407' title='bbox 1834 5176 2131 5230; x_wconf 91' lang='lat' dir='ltr'><strong>communis</strong></span> 
     </span>
    </p>
   </div>
   <div class='ocr_carea' id='block_1_54' title="bbox 554 5259 2130 5329">
    <p class='ocr_par' dir='ltr' id='par_1_54' title="bbox 554 5259 2130 5329">
     <span class='ocr_line' id='line_1_54' title="bbox 554 5259 2130 5329; baseline 0.004 -16"><span class='ocrx_word' id='word_1_408' title='bbox 554 5259 850 5314; x_wconf 89' lang='lat' dir='ltr'><strong>auditorum</strong></span> <span class='ocrx_word' id='word_1_409' title='bbox 881 5271 1068 5316; x_wconf 76' lang='lat' dir='ltr'><strong>ccetus.</strong></span> <span class='ocrx_word' id='word_1_410' title='bbox 1101 5261 1249 5317; x_wconf 88' lang='lat' dir='ltr'><strong>Licet</strong></span> <span class='ocrx_word' id='word_1_411' title='bbox 1274 5263 1346 5318; x_wconf 91' lang='lat' dir='ltr'><strong>sis</strong></span> <span class='ocrx_word' id='word_1_412' title='bbox 1371 5263 1552 5329; x_wconf 84' lang='lat' dir='ltr'><strong>dives,</strong></span> <span class='ocrx_word' id='word_1_413' title='bbox 1583 5280 1648 5318; x_wconf 86' lang='lat' dir='ltr'><strong>ex</strong></span> <span class='ocrx_word' id='word_1_414' title='bbox 1677 5264 1862 5319; x_wconf 88' lang='lat' dir='ltr'><strong>eodem</strong></span> <span class='ocrx_word' id='word_1_415' title='bbox 1892 5265 2002 5320; x_wconf 90' lang='lat' dir='ltr'><strong>luto</strong></span> <span class='ocrx_word' id='word_1_416' title='bbox 2032 5282 2130 5320; x_wconf 86' lang='lat' dir='ltr'><strong>na-</strong></span> 
     </span>
    </p>
   </div>
   <div class='ocr_carea' id='block_1_55' title="bbox 555 5357 2127 5429">
    <p class='ocr_par' dir='ltr' id='par_1_55' title="bbox 555 5357 2127 5429">
     <span class='ocr_line' id='line_1_55' title="bbox 555 5357 2127 5429; baseline 0.004 -20"><span class='ocrx_word' id='word_1_417' title='bbox 555 5365 639 5410; x_wconf 91' lang='lat' dir='ltr'><strong>tus</strong></span> <span class='ocrx_word' id='word_1_418' title='bbox 677 5371 737 5411; x_wconf 90' lang='lat' dir='ltr'><strong>es</strong></span> <span class='ocrx_word' id='word_1_419' title='bbox 785 5375 798 5409; x_wconf 89' lang='lat'><strong>:</strong></span> <span class='ocrx_word' id='word_1_420' title='bbox 845 5357 982 5412; x_wconf 89' lang='lat' dir='ltr'><strong>idem</strong></span> <span class='ocrx_word' id='word_1_421' title='bbox 1018 5357 1114 5412; x_wconf 90' lang='lat' dir='ltr'><strong>fuit</strong></span> <span class='ocrx_word' id='word_1_422' title='bbox 1143 5359 1235 5412; x_wconf 88' lang='lat' dir='ltr'><strong>tibi</strong></span> <span class='ocrx_word' id='word_1_423' title='bbox 1261 5374 1380 5412; x_wconf 90' lang='lat' dir='ltr'><strong>cum</strong></span> <span class='ocrx_word' id='word_1_424' title='bbox 1407 5375 1638 5429; x_wconf 84' lang='lat' dir='ltr'><strong>paupere</strong></span> <span class='ocrx_word' id='word_1_425' title='bbox 1664 5360 1958 5429; x_wconf 82' lang='lat' dir='ltr'><strong>ingressus,</strong></span> <span class='ocrx_word' id='word_1_426' title='bbox 1988 5360 2127 5416; x_wconf 88' lang='lat' dir='ltr'><strong>idem</strong></span> 
     </span>
    </p>
   </div>
   <div class='ocr_carea' id='block_1_56' title="bbox 552 5449 1640 5516">
    <p class='ocr_par' dir='ltr' id='par_1_56' title="bbox 552 5449 1640 5516">
     <span class='ocr_line' id='line_1_56' title="bbox 552 5449 1640 5516; baseline 0.002 -12"><span class='ocrx_word' id='word_1_427' title='bbox 552 5459 718 5505; x_wconf 83' lang='lat' dir='ltr'><strong>ortus.</strong></span> <span class='ocrx_word' id='word_1_428' title='bbox 746 5451 811 5505; x_wconf 77' lang='lat' dir='ltr'><strong>Et</strong></span> <span class='ocrx_word' id='word_1_429' title='bbox 838 5461 891 5505; x_wconf 91' lang='lat' dir='ltr'><strong>tu</strong></span> <span class='ocrx_word' id='word_1_430' title='bbox 919 5450 1147 5505; x_wconf 91' lang='lat' dir='ltr'><strong>hominis</strong></span> <span class='ocrx_word' id='word_1_431' title='bbox 1169 5449 1306 5506; x_wconf 89' lang='lat' dir='ltr'><strong>ﬁlius</strong></span> <span class='ocrx_word' id='word_1_432' title='bbox 1334 5467 1420 5516; x_wconf 90' lang='lat' dir='ltr'><strong>es,</strong></span> <span class='ocrx_word' id='word_1_433' title='bbox 1449 5459 1502 5505; x_wconf 90' lang='lat' dir='ltr'><strong>et</strong></span> <span class='ocrx_word' id='word_1_434' title='bbox 1531 5451 1640 5506; x_wconf 90' lang='lat' dir='ltr'><strong>ille.</strong></span> 
     </span>
    </p>
   </div>
   <div class='ocr_carea' id='block_1_57' title="bbox 615 5629 2126 5693">
    <p class='ocr_par' dir='ltr' id='par_1_57' title="bbox 615 5629 2126 5693">
     <span class='ocr_line' id='line_1_57' title="bbox 615 5629 2126 5693; baseline 0.003 -14"><span class='ocrx_word' id='word_1_435' title='bbox 615 5632 643 5693; x_wconf 13' lang='grc' dir='ltr'><strong>ιθ</strong></span> <span class='ocrx_word' id='word_1_436' title='bbox 666 5631 775 5680; x_wconf 89' lang='lat' dir='ltr'><strong>cod.</strong></span> <span class='ocrx_word' id='word_1_437' title='bbox 800 5632 910 5690; x_wconf 76' lang='lat'><strong>635,</strong></span> <span class='ocrx_word' id='word_1_438' title='bbox 935 5629 1240 5693; x_wconf 85' lang='lat' dir='ltr'><strong>prudentiam</strong></span> <span class='ocrx_word' id='word_1_439' title='bbox 1271 5629 1553 5693; x_wconf 77' lang='lat' dir='ltr'><strong>defensoris,</strong></span> <span class='ocrx_word' id='word_1_440' title='bbox 1587 5637 1668 5682; x_wconf 77' lang='lat' dir='ltr'><strong>aut</strong></span> <span class='ocrx_word' id='word_1_441' title='bbox 1699 5631 1852 5693; x_wconf 80' lang='lat' dir='ltr'><strong>potius</strong></span> <span class='ocrx_word' id='word_1_442' title='bbox 1874 5634 2126 5683; x_wconf 69' lang='lat' dir='ltr'><strong>contiona-</strong></span> 
     </span>
    </p>
   </div>
   <div class='ocr_carea' id='block_1_58' title="bbox 550 5692 2123 5745">
    <p class='ocr_par' dir='ltr' id='par_1_58' title="bbox 550 5692 2123 5745">
     <span class='ocr_line' id='line_1_58' title="bbox 550 5692 2123 5745; baseline 0.001 -3"><span class='ocrx_word' id='word_1_443' title='bbox 550 5692 668 5742; x_wconf 79' lang='lat' dir='ltr'><strong>toris</strong></span> <span class='ocrx_word' id='word_1_444' title='bbox 697 5705 714 5742; x_wconf 92' lang='lat'><strong><em>:</em></strong></span> <span class='ocrx_word' id='word_1_445' title='bbox 738 5706 848 5742; x_wconf 69' lang='lat' dir='ltr'><strong>nua:</strong></span> <span class='ocrx_word' id='word_1_446' title='bbox 868 5692 1064 5742; x_wconf 73' lang='lat' dir='ltr'><strong>forsitan</strong></span> <span class='ocrx_word' id='word_1_447' title='bbox 1088 5701 1166 5742; x_wconf 90' lang='lat' dir='ltr'><strong>est</strong></span> <span class='ocrx_word' id='word_1_448' title='bbox 1188 5705 1305 5741; x_wconf 80' lang='lat' dir='ltr'><strong>vera</strong></span> <span class='ocrx_word' id='word_1_449' title='bbox 1327 5692 1475 5742; x_wconf 85' lang='lat' dir='ltr'><strong>lectio</strong></span> <span class='ocrx_word' id='word_1_450' title='bbox 1499 5707 1512 5742; x_wconf 89' lang='lat'><strong>:</strong></span> <span class='ocrx_word' id='word_1_451' title='bbox 1539 5706 1650 5743; x_wconf 90' lang='lat' dir='ltr'><strong>nam</strong></span> <span class='ocrx_word' id='word_1_452' title='bbox 1683 5692 1798 5743; x_wconf 88' lang='lat' dir='ltr'><strong>illud</strong></span> <span class='ocrx_word' id='word_1_453' title='bbox 1830 5694 2123 5745; x_wconf 82' lang='lat' dir='ltr'><strong>additamen-</strong></span> 
     </span>
    </p>
   </div>
   <div class='ocr_carea' id='block_1_59' title="bbox 551 5751 2122 5817">
    <p class='ocr_par' dir='ltr' id='par_1_59' title="bbox 551 5751 2122 5817">
     <span class='ocr_line' id='line_1_59' title="bbox 551 5751 2122 5817; baseline 0.003 -15"><span class='ocrx_word' id='word_1_454' title='bbox 551 5763 654 5802; x_wconf 87' lang='lat' dir='ltr'><strong>tum</strong></span> <span class='ocrx_word' id='word_1_455' title='bbox 679 5767 770 5803; x_wconf 90' lang='lat' dir='ltr'><strong>iiec</strong></span> <span class='ocrx_word' id='word_1_456' title='bbox 791 5755 946 5817; x_wconf 86' lang='lat' dir='ltr'><strong>lapsu,</strong></span> <span class='ocrx_word' id='word_1_457' title='bbox 972 5767 1065 5803; x_wconf 88' lang='lat' dir='ltr'><strong>nec</strong></span> <span class='ocrx_word' id='word_1_458' title='bbox 1086 5751 1292 5817; x_wconf 18' lang='lat' dir='ltr'><strong>consilio,</strong></span> <span class='ocrx_word' id='word_1_459' title='bbox 1317 5756 1565 5804; x_wconf 88' lang='lat' dir='ltr'><strong>inductum</strong></span> <span class='ocrx_word' id='word_1_460' title='bbox 1600 5756 1749 5806; x_wconf 86' lang='lat' dir='ltr'><strong>fuisse</strong></span> <span class='ocrx_word' id='word_1_461' title='bbox 1772 5756 1981 5808; x_wconf 88' lang='lat' dir='ltr'><strong>videtur.</strong></span> <span class='ocrx_word' id='word_1_462' title='bbox 2008 5759 2122 5810; x_wconf 65' lang='lat' dir='ltr'><strong>Nihil</strong></span> 
     </span>
    </p>
   </div>
   <div class='ocr_carea' id='block_1_60' title="bbox 552 5816 1926 5876">
    <p class='ocr_par' dir='ltr' id='par_1_60' title="bbox 552 5816 1926 5876">
     <span class='ocr_line' id='line_1_60' title="bbox 552 5816 1926 5876; baseline 0.003 -11"><span class='ocrx_word' id='word_1_463' title='bbox 552 5821 716 5876; x_wconf 78' lang='lat' dir='ltr'><strong>tamen</strong></span> <span class='ocrx_word' id='word_1_464' title='bbox 739 5816 880 5868; x_wconf 81' lang='lat' dir='ltr'><strong>unius</strong></span> <span class='ocrx_word' id='word_1_465' title='bbox 901 5817 1184 5870; x_wconf 78' lang='lat' dir='ltr'><strong>auctoritate</strong></span> <span class='ocrx_word' id='word_1_466' title='bbox 1204 5816 1386 5870; x_wconf 85' lang='lat' dir='ltr'><strong>codicis</strong></span> <span class='ocrx_word' id='word_1_467' title='bbox 1417 5817 1598 5873; x_wconf 85' lang='lat' dir='ltr'><strong>addere</strong></span> <span class='ocrx_word' id='word_1_468' title='bbox 1621 5819 1724 5870; x_wconf 83' lang='lat' dir='ltr'><strong>ausi</strong></span> <span class='ocrx_word' id='word_1_469' title='bbox 1746 5831 1926 5870; x_wconf 76' lang='lat' dir='ltr'><strong>sumus.</strong></span> 
     </span>
    </p>
   </div>
   <div class='ocr_carea' id='block_1_61' title="bbox 1288 341 3090 420">
    <p class='ocr_par' dir='ltr' id='par_1_61' title="bbox 1288 341 3090 420">
     <span class='ocr_line' id='line_1_61' title="bbox 1288 341 3090 420; baseline -0.013 0"><span class='ocrx_word' id='word_1_470' title='bbox 1288 363 1345 420; x_wconf 90' lang='lat' dir='ltr'><strong>S.</strong></span> <span class='ocrx_word' id='word_1_471' title='bbox 1385 358 1664 418; x_wconf 78' lang='lat' dir='ltr'><strong>JOANNIS</strong></span> <span class='ocrx_word' id='word_1_472' title='bbox 1699 345 2167 411; x_wconf 74' lang='lat' dir='ltr'><strong>CllBYSOSTOMI</strong></span> <span class='ocrx_word' id='word_1_473' title='bbox 2209 343 2528 410; x_wconf 72' lang='lat' dir='ltr'><strong>AllClllEP.</strong></span> <span class='ocrx_word' id='word_1_474' title='bbox 2553 341 3090 399; x_wconf 80' lang='lat' dir='ltr'><strong>CONSTANTINOP.</strong></span> 
     </span>
    </p>
   </div>
   <div class='ocr_carea' id='block_1_62' title="bbox 3712 341 3825 398">
    <p class='ocr_par' dir='ltr' id='par_1_62' title="bbox 3712 341 3825 398">
     <span class='ocr_line' id='line_1_62' title="bbox 3712 341 3825 398; baseline 0 -2"><span class='ocrx_word' id='word_1_475' title='bbox 3712 341 3825 398; x_wconf 65' lang='grc' dir='ltr'>ω</span> 
     </span>
    </p>
   </div>
   <div class='ocr_carea' id='block_1_63' title="bbox 2315 453 3834 528">
    <p class='ocr_par' dir='ltr' id='par_1_63' title="bbox 2315 453 3834 528">
     <span class='ocr_line' id='line_1_63' title="bbox 2315 453 3834 528; baseline -0.001 -17"><span class='ocrx_word' id='word_1_476' title='bbox 2315 459 2370 513; x_wconf 75' lang='lat'><strong>2.</strong></span> <span class='ocrx_word' id='word_1_477' title='bbox 2400 459 2532 511; x_wconf 69' lang='lat' dir='ltr'><strong>tium</strong></span> <span class='ocrx_word' id='word_1_478' title='bbox 2563 473 2689 526; x_wconf 80' lang='lat' dir='ltr'><strong>ergo</strong></span> <span class='ocrx_word' id='word_1_479' title='bbox 2721 472 2840 526; x_wconf 80' lang='lat' dir='ltr'><strong>qua:</strong></span> <span class='ocrx_word' id='word_1_480' title='bbox 2867 465 2992 510; x_wconf 89' lang='lat' dir='ltr'><strong>sunt</strong></span> <span class='ocrx_word' id='word_1_481' title='bbox 3019 453 3305 526; x_wconf 66' lang='lat' dir='ltr'><strong>praecipua,</strong></span> <span class='ocrx_word' id='word_1_482' title='bbox 3347 465 3400 509; x_wconf 93' lang='lat' dir='ltr'><strong>et</strong></span> <span class='ocrx_word' id='word_1_483' title='bbox 3430 455 3599 526; x_wconf 69' lang='lat' dir='ltr'><strong>magis</strong></span> <span class='ocrx_word' id='word_1_484' title='bbox 3627 471 3834 528; x_wconf 83' lang='lat' dir='ltr'><strong>oppor-</strong></span> 
     </span>
    </p>
   </div>
   <div class='ocr_carea' id='block_1_64' title="bbox 2244 544 3834 616">
    <p class='ocr_par' dir='ltr' id='par_1_64' title="bbox 2244 544 3834 616">
     <span class='ocr_line' id='line_1_64' title="bbox 2244 544 3834 616; baseline -0.002 -13"><span class='ocrx_word' id='word_1_485' title='bbox 2244 561 2366 604; x_wconf 89' lang='lat' dir='ltr'><strong>tuna</strong></span> <span class='ocrx_word' id='word_1_486' title='bbox 2393 591 2408 614; x_wconf 94' lang='lat'><strong>,</strong></span> <span class='ocrx_word' id='word_1_487' title='bbox 2455 559 2510 604; x_wconf 90' lang='lat' dir='ltr'><strong>et</strong></span> <span class='ocrx_word' id='word_1_488' title='bbox 2555 551 2756 602; x_wconf 86' lang='lat' dir='ltr'><strong>honore</strong></span> <span class='ocrx_word' id='word_1_489' title='bbox 2795 547 3035 616; x_wconf 79' lang='lat' dir='ltr'><strong>:equalia,</strong></span> <span class='ocrx_word' id='word_1_490' title='bbox 3097 562 3166 600; x_wconf 86' lang='lat' dir='ltr'><strong>ex</strong></span> <span class='ocrx_word' id='word_1_491' title='bbox 3208 561 3360 614; x_wconf 68' lang='lat' dir='ltr'><strong>aaquo</strong></span> <span class='ocrx_word' id='word_1_492' title='bbox 3405 544 3679 611; x_wconf 87' lang='lat' dir='ltr'><strong>habeatis,</strong></span> <span class='ocrx_word' id='word_1_493' title='bbox 3730 562 3834 600; x_wconf 83' lang='lat' dir='ltr'><strong>cur</strong></span> 
     </span>
    </p>
   </div>
   <div class='ocr_carea' id='block_1_65' title="bbox 2243 637 3837 711">
    <p class='ocr_par' dir='ltr' id='par_1_65' title="bbox 2243 637 3837 711">
     <span class='ocr_line' id='line_1_65' title="bbox 2243 637 3837 711; baseline -0.003 -15"><span class='ocrx_word' id='word_1_494' title='bbox 2243 651 2460 711; x_wconf 86' lang='lat' dir='ltr'><strong>propter</strong></span> <span class='ocrx_word' id='word_1_495' title='bbox 2492 641 2703 695; x_wconf 88' lang='lat' dir='ltr'><strong>umbras</strong></span> <span class='ocrx_word' id='word_1_496' title='bbox 2729 650 2782 694; x_wconf 88' lang='lat' dir='ltr'><strong>et</strong></span> <span class='ocrx_word' id='word_1_497' title='bbox 2805 641 3008 694; x_wconf 88' lang='lat' dir='ltr'><strong>somnia</strong></span> <span class='ocrx_word' id='word_1_498' title='bbox 3038 639 3373 703; x_wconf 89' lang='lat' dir='ltr'><strong>intmnescis,</strong></span> <span class='ocrx_word' id='word_1_499' title='bbox 3405 653 3472 692; x_wconf 80' lang='lat' dir='ltr'><strong>ex</strong></span> <span class='ocrx_word' id='word_1_500' title='bbox 3511 637 3574 692; x_wconf 90' lang='lat' dir='ltr'><strong>iis</strong></span> <span class='ocrx_word' id='word_1_501' title='bbox 3603 654 3723 709; x_wconf 69' lang='lat' dir='ltr'><strong>quae</strong></span> <span class='ocrx_word' id='word_1_502' title='bbox 3749 640 3837 693; x_wconf 79' lang='lat' dir='ltr'><strong>ni-</strong></span> 
     </span>
    </p>
   </div>
   <div class='ocr_carea' id='block_1_66' title="bbox 2241 729 3834 800">
    <p class='ocr_par' dir='ltr' id='par_1_66' title="bbox 2241 729 3834 800">
     <span class='ocr_line' id='line_1_66' title="bbox 2241 729 3834 800; baseline -0.003 -11"><span class='ocrx_word' id='word_1_503' title='bbox 2241 735 2315 790; x_wconf 91' lang='lat' dir='ltr'><strong>hil</strong></span> <span class='ocrx_word' id='word_1_504' title='bbox 2346 745 2470 788; x_wconf 89' lang='lat' dir='ltr'><strong>suiit</strong></span> <span class='ocrx_word' id='word_1_505' title='bbox 2513 732 2814 788; x_wconf 88' lang='lat' dir='ltr'><strong>communia</strong></span> <span class='ocrx_word' id='word_1_506' title='bbox 2851 731 3220 800; x_wconf 84' lang='lat' dir='ltr'><strong>distinguens?</strong></span> <span class='ocrx_word' id='word_1_507' title='bbox 3247 729 3560 784; x_wconf 88' lang='lat' dir='ltr'><strong>Communia</strong></span> <span class='ocrx_word' id='word_1_508' title='bbox 3587 741 3793 785; x_wconf 77' lang='lat' dir='ltr'><strong>natura:</strong></span> <span class='ocrx_word' id='word_1_509' title='bbox 3813 771 3834 791; x_wconf 86' lang='lat'><strong>,</strong></span> 
     </span>
    </p>
   </div>
   <div class='ocr_carea' id='block_1_67' title="bbox 2240 822 3831 889">
    <p class='ocr_par' dir='ltr' id='par_1_67' title="bbox 2240 822 3831 889">
     <span class='ocr_line' id='line_1_67' title="bbox 2240 822 3831 889; baseline -0.003 -8"><span class='ocrx_word' id='word_1_510' title='bbox 2240 827 2540 881; x_wconf 90' lang='lat' dir='ltr'><strong>communia</strong></span> <span class='ocrx_word' id='word_1_511' title='bbox 2571 835 2740 889; x_wconf 90' lang='lat' dir='ltr'><strong>ortus,</strong></span> <span class='ocrx_word' id='word_1_512' title='bbox 2783 824 3089 878; x_wconf 89' lang='lat' dir='ltr'><strong>communia</strong></span> <span class='ocrx_word' id='word_1_513' title='bbox 3131 822 3404 877; x_wconf 84' lang='lat' dir='ltr'><strong>afﬁnitatis</strong></span> <span class='ocrx_word' id='word_1_514' title='bbox 3440 831 3495 876; x_wconf 90' lang='lat' dir='ltr'><strong>et</strong></span> <span class='ocrx_word' id='word_1_515' title='bbox 3531 823 3831 877; x_wconf 85' lang='lat' dir='ltr'><strong>necessitu-</strong></span> 
     </span>
    </p>
   </div>
   <div class='ocr_carea' id='block_1_68' title="bbox 2241 913 3830 977">
    <p class='ocr_par' dir='ltr' id='par_1_68' title="bbox 2241 913 3830 977">
     <span class='ocr_line' id='line_1_68' title="bbox 2241 913 3830 977; baseline -0.003 -5"><span class='ocrx_word' id='word_1_516' title='bbox 2241 921 2400 973; x_wconf 90' lang='lat' dir='ltr'><strong>dinis.</strong></span> <span class='ocrx_word' id='word_1_517' title='bbox 2427 918 2536 972; x_wconf 91' lang='lat' dir='ltr'><strong>Cur</strong></span> <span class='ocrx_word' id='word_1_518' title='bbox 2555 919 2805 970; x_wconf 91' lang='lat' dir='ltr'><strong>amictum</strong></span> <span class='ocrx_word' id='word_1_519' title='bbox 2827 915 3146 970; x_wconf 82' lang='lat' dir='ltr'><strong>exteriorem</strong></span> <span class='ocrx_word' id='word_1_520' title='bbox 3172 913 3412 977; x_wconf 87' lang='lat' dir='ltr'><strong>adducis,</strong></span> <span class='ocrx_word' id='word_1_521' title='bbox 3444 923 3501 967; x_wconf 91' lang='lat' dir='ltr'><strong>ut</strong></span> <span class='ocrx_word' id='word_1_522' title='bbox 3524 913 3830 968; x_wconf 88' lang='lat' dir='ltr'><strong>distinctio-</strong></span> 
     </span>
    </p>
   </div>
   <div class='ocr_carea' id='block_1_69' title="bbox 2241 1002 3832 1072">
    <p class='ocr_par' dir='ltr' id='par_1_69' title="bbox 2241 1002 3832 1072">
     <span class='ocr_line' id='line_1_69' title="bbox 2241 1002 3832 1072; baseline -0.002 -10"><span class='ocrx_word' id='word_1_523' title='bbox 2241 1024 2363 1064; x_wconf 91' lang='lat' dir='ltr'><strong>nem</strong></span> <span class='ocrx_word' id='word_1_524' title='bbox 2381 1023 2444 1063; x_wconf 82' lang='lat' dir='ltr'><strong>ex</strong></span> <span class='ocrx_word' id='word_1_525' title='bbox 2471 1023 2536 1062; x_wconf 91' lang='lat' dir='ltr'><strong>eo</strong></span> <span class='ocrx_word' id='word_1_526' title='bbox 2559 1005 2796 1061; x_wconf 84' lang='lat' dir='ltr'><strong>efﬁcias?</strong></span> <span class='ocrx_word' id='word_1_527' title='bbox 2815 1003 2930 1059; x_wconf 89' lang='lat' dir='ltr'><strong>Non</strong></span> <span class='ocrx_word' id='word_1_528' title='bbox 2959 1005 3091 1068; x_wconf 88' lang='lat' dir='ltr'><strong>fero,</strong></span> <span class='ocrx_word' id='word_1_529' title='bbox 3116 1018 3218 1058; x_wconf 93' lang='lat' dir='ltr'><strong>non</strong></span> <span class='ocrx_word' id='word_1_530' title='bbox 3250 1003 3438 1072; x_wconf 86' lang='lat' dir='ltr'><strong>patior.</strong></span> <span class='ocrx_word' id='word_1_531' title='bbox 3462 1002 3530 1058; x_wconf 88' lang='lat' dir='ltr'><strong>Et</strong></span> <span class='ocrx_word' id='word_1_532' title='bbox 3556 1003 3676 1058; x_wconf 90' lang='lat' dir='ltr'><strong>ideo</strong></span> <span class='ocrx_word' id='word_1_533' title='bbox 3695 1018 3832 1059; x_wconf 74' lang='lat' dir='ltr'><strong>voco</strong></span> 
     </span>
    </p>
   </div>
   <div class='ocr_carea' id='block_1_70' title="bbox 2244 1095 3832 1167">
    <p class='ocr_par' dir='ltr' id='par_1_70' title="bbox 2244 1095 3832 1167">
     <span class='ocr_line' id='line_1_70' title="bbox 2244 1095 3832 1167; baseline -0.004 -13"><span class='ocrx_word' id='word_1_534' title='bbox 2244 1111 2297 1154; x_wconf 91' lang='lat' dir='ltr'><strong>te</strong></span> <span class='ocrx_word' id='word_1_535' title='bbox 2323 1115 2444 1154; x_wconf 91' lang='lat' dir='ltr'><strong>cum</strong></span> <span class='ocrx_word' id='word_1_536' title='bbox 2471 1113 2730 1167; x_wconf 87' lang='lat' dir='ltr'><strong>paupere,</strong></span> <span class='ocrx_word' id='word_1_537' title='bbox 2753 1097 2937 1151; x_wconf 90' lang='lat' dir='ltr'><strong>dicens</strong></span> <span class='ocrx_word' id='word_1_538' title='bbox 2963 1112 2980 1150; x_wconf 88' lang='lat'><strong>:</strong></span> <span class='ocrx_word' id='word_1_539' title='bbox 3007 1095 3175 1150; x_wconf 88' lang='lat' dir='ltr'><strong>Simul</strong></span> <span class='ocrx_word' id='word_1_540' title='bbox 3200 1095 3252 1148; x_wconf 89' lang='lat' dir='ltr'><strong>in</strong></span> <span class='ocrx_word' id='word_1_541' title='bbox 3277 1111 3431 1147; x_wconf 87' lang='lat' dir='ltr'><strong>unum</strong></span> <span class='ocrx_word' id='word_1_542' title='bbox 3459 1095 3594 1148; x_wconf 77' lang='lat' dir='ltr'><strong>dives</strong></span> <span class='ocrx_word' id='word_1_543' title='bbox 3617 1105 3662 1148; x_wconf 89' lang='lat' dir='ltr'><strong>et</strong></span> <span class='ocrx_word' id='word_1_544' title='bbox 3693 1112 3832 1164; x_wconf 80' lang='lat' dir='ltr'><strong>pau-</strong></span> 
     </span>
    </p>
   </div>
   <div class='ocr_carea' id='block_1_71' title="bbox 2242 1187 3838 1264">
    <p class='ocr_par' dir='ltr' id='par_1_71' title="bbox 2242 1187 3838 1264">
     <span class='ocr_line' id='line_1_71' title="bbox 2242 1187 3838 1264; baseline -0.003 -17"><span class='ocrx_word' id='word_1_545' title='bbox 2242 1210 2346 1264; x_wconf 85' lang='lat' dir='ltr'><strong>per.</strong></span> <span class='ocrx_word' id='word_1_546' title='bbox 2369 1191 2423 1246; x_wconf 91' lang='lat' dir='ltr'><strong>lii</strong></span> <span class='ocrx_word' id='word_1_547' title='bbox 2446 1192 2564 1246; x_wconf 86' lang='lat' dir='ltr'><strong>aliis</strong></span> <span class='ocrx_word' id='word_1_548' title='bbox 2582 1191 2723 1246; x_wconf 90' lang='lat' dir='ltr'><strong>enim</strong></span> <span class='ocrx_word' id='word_1_549' title='bbox 2741 1205 2845 1244; x_wconf 90' lang='lat' dir='ltr'><strong>non</strong></span> <span class='ocrx_word' id='word_1_550' title='bbox 2867 1198 3088 1260; x_wconf 90' lang='lat' dir='ltr'><strong>possunt</strong></span> <span class='ocrx_word' id='word_1_551' title='bbox 3104 1188 3259 1242; x_wconf 89' lang='lat' dir='ltr'><strong>simul</strong></span> <span class='ocrx_word' id='word_1_552' title='bbox 3279 1187 3445 1242; x_wconf 91' lang='lat' dir='ltr'><strong>videri</strong></span> <span class='ocrx_word' id='word_1_553' title='bbox 3462 1187 3612 1242; x_wconf 85' lang='lat' dir='ltr'><strong>dives</strong></span> <span class='ocrx_word' id='word_1_554' title='bbox 3634 1196 3687 1242; x_wconf 89' lang='lat' dir='ltr'><strong>et</strong></span> <span class='ocrx_word' id='word_1_555' title='bbox 3710 1203 3838 1257; x_wconf 65' lang='lat' dir='ltr'><strong>paue</strong></span> 
     </span>
    </p>
   </div>
   <div class='ocr_carea' id='block_1_72' title="bbox 2247 1277 3842 1353">
    <p class='ocr_par' dir='ltr' id='par_1_72' title="bbox 2247 1277 3842 1353">
     <span class='ocr_line' id='line_1_72' title="bbox 2247 1277 3842 1353; baseline -0.005 -15"><span class='ocrx_word' id='word_1_556' title='bbox 2247 1299 2380 1353; x_wconf 88' lang='lat' dir='ltr'><strong>per;</strong></span> <span class='ocrx_word' id='word_1_557' title='bbox 2415 1299 2521 1336; x_wconf 91' lang='lat' dir='ltr'><strong>non</strong></span> <span class='ocrx_word' id='word_1_558' title='bbox 2548 1283 2600 1336; x_wconf 91' lang='lat' dir='ltr'><strong>in</strong></span> <span class='ocrx_word' id='word_1_559' title='bbox 2619 1280 2853 1350; x_wconf 91' lang='lat' dir='ltr'><strong>judiciis,</strong></span> <span class='ocrx_word' id='word_1_560' title='bbox 2881 1297 2985 1334; x_wconf 91' lang='lat' dir='ltr'><strong>non</strong></span> <span class='ocrx_word' id='word_1_561' title='bbox 3017 1279 3069 1334; x_wconf 94' lang='lat' dir='ltr'><strong>in</strong></span> <span class='ocrx_word' id='word_1_562' title='bbox 3098 1278 3234 1333; x_wconf 89' lang='lat' dir='ltr'><strong>aulis</strong></span> <span class='ocrx_word' id='word_1_563' title='bbox 3253 1278 3434 1348; x_wconf 82' lang='lat' dir='ltr'><strong>regiis,</strong></span> <span class='ocrx_word' id='word_1_564' title='bbox 3465 1292 3572 1331; x_wconf 89' lang='lat' dir='ltr'><strong>non</strong></span> <span class='ocrx_word' id='word_1_565' title='bbox 3597 1277 3650 1332; x_wconf 90' lang='lat' dir='ltr'><strong>in</strong></span> <span class='ocrx_word' id='word_1_566' title='bbox 3678 1277 3842 1343; x_wconf 78' lang='lat' dir='ltr'><strong>foris,</strong></span> 
     </span>
    </p>
   </div>
   <div class='ocr_carea' id='block_1_73' title="bbox 2245 1367 3837 1439">
    <p class='ocr_par' dir='ltr' id='par_1_73' title="bbox 2245 1367 3837 1439">
     <span class='ocr_line' id='line_1_73' title="bbox 2245 1367 3837 1439; baseline -0.003 -12"><span class='ocrx_word' id='word_1_567' title='bbox 2245 1374 2429 1427; x_wconf 91' lang='lat' dir='ltr'><strong>nonin</strong></span> <span class='ocrx_word' id='word_1_568' title='bbox 2458 1373 2659 1427; x_wconf 90' lang='lat' dir='ltr'><strong>mensis</strong></span> <span class='ocrx_word' id='word_1_569' title='bbox 2689 1389 2703 1425; x_wconf 89' lang='lat'><strong>:</strong></span> <span class='ocrx_word' id='word_1_570' title='bbox 2732 1370 2824 1424; x_wconf 82' lang='lat' dir='ltr'><strong>sed</strong></span> <span class='ocrx_word' id='word_1_571' title='bbox 2867 1369 3013 1424; x_wconf 91' lang='lat' dir='ltr'><strong>illum</strong></span> <span class='ocrx_word' id='word_1_572' title='bbox 3057 1369 3269 1439; x_wconf 87' lang='lat' dir='ltr'><strong>quidem</strong></span> <span class='ocrx_word' id='word_1_573' title='bbox 3301 1368 3614 1422; x_wconf 85' lang='lat' dir='ltr'><strong>honoratum</strong></span> <span class='ocrx_word' id='word_1_574' title='bbox 3637 1409 3652 1434; x_wconf 89' lang='lat'><strong>,</strong></span> <span class='ocrx_word' id='word_1_575' title='bbox 3689 1367 3837 1422; x_wconf 89' lang='lat' dir='ltr'><strong>hunc</strong></span> 
     </span>
    </p>
   </div>
   <div class='ocr_carea' id='block_1_74' title="bbox 2247 1459 3837 1532">
    <p class='ocr_par' dir='ltr' id='par_1_74' title="bbox 2247 1459 3837 1532">
     <span class='ocr_line' id='line_1_74' title="bbox 2247 1459 3837 1532; baseline -0.003 -14"><span class='ocrx_word' id='word_1_576' title='bbox 2247 1479 2374 1518; x_wconf 86' lang='lat' dir='ltr'><strong>vero</strong></span> <span class='ocrx_word' id='word_1_577' title='bbox 2403 1471 2766 1532; x_wconf 88' lang='lat' dir='ltr'><strong>contemptum</strong></span> <span class='ocrx_word' id='word_1_578' title='bbox 2793 1469 2848 1516; x_wconf 91' lang='lat' dir='ltr'><strong>et</strong></span> <span class='ocrx_word' id='word_1_579' title='bbox 2875 1460 3140 1530; x_wconf 87' lang='lat' dir='ltr'><strong>abjectum</strong></span> <span class='ocrx_word' id='word_1_580' title='bbox 3167 1479 3182 1526; x_wconf 87' lang='lat'><strong>;</strong></span> <span class='ocrx_word' id='word_1_581' title='bbox 3214 1460 3362 1514; x_wconf 89' lang='lat' dir='ltr'><strong>illum</strong></span> <span class='ocrx_word' id='word_1_582' title='bbox 3393 1459 3555 1514; x_wconf 89' lang='lat' dir='ltr'><strong>libere</strong></span> <span class='ocrx_word' id='word_1_583' title='bbox 3581 1470 3637 1514; x_wconf 89' lang='lat' dir='ltr'><strong>et</strong></span> <span class='ocrx_word' id='word_1_584' title='bbox 3659 1461 3837 1515; x_wconf 83' lang='lat' dir='ltr'><strong>conﬁ-</strong></span> 
     </span>
    </p>
   </div>
   <div class='ocr_carea' id='block_1_75' title="bbox 2244 1553 3826 1626">
    <p class='ocr_par' dir='ltr' id='par_1_75' title="bbox 2244 1553 3826 1626">
     <span class='ocr_line' id='line_1_75' title="bbox 2244 1553 3826 1626; baseline -0.004 -14"><span class='ocrx_word' id='word_1_585' title='bbox 2244 1557 2435 1612; x_wconf 89' lang='lat' dir='ltr'><strong>denter</strong></span> <span class='ocrx_word' id='word_1_586' title='bbox 2463 1567 2705 1626; x_wconf 80' lang='lat' dir='ltr'><strong>ageiiteni</strong></span> <span class='ocrx_word' id='word_1_587' title='bbox 2729 1597 2743 1621; x_wconf 95' lang='lat'><strong>,</strong></span> <span class='ocrx_word' id='word_1_588' title='bbox 2775 1555 2915 1608; x_wconf 89' lang='lat' dir='ltr'><strong>hunc</strong></span> <span class='ocrx_word' id='word_1_589' title='bbox 2953 1554 3153 1624; x_wconf 85' lang='lat' dir='ltr'><strong>pudore</strong></span> <span class='ocrx_word' id='word_1_590' title='bbox 3181 1563 3234 1606; x_wconf 91' lang='lat' dir='ltr'><strong>et</strong></span> <span class='ocrx_word' id='word_1_591' title='bbox 3261 1553 3546 1620; x_wconf 81' lang='lat' dir='ltr'><strong>ignominia</strong></span> <span class='ocrx_word' id='word_1_592' title='bbox 3573 1553 3826 1608; x_wconf 73' lang='lat' dir='ltr'><strong>allectum</strong></span> 
     </span>
    </p>
   </div>
   <div class='ocr_carea' id='block_1_76' title="bbox 2243 1646 3841 1718">
    <p class='ocr_par' dir='ltr' id='par_1_76' title="bbox 2243 1646 3841 1718">
     <span class='ocr_line' id='line_1_76' title="bbox 2243 1646 3841 1718; baseline -0.003 -13"><span class='ocrx_word' id='word_1_593' title='bbox 2243 1652 2424 1705; x_wconf 80' lang='lat' dir='ltr'><strong>videas</strong></span> <span class='ocrx_word' id='word_1_594' title='bbox 2450 1668 2463 1703; x_wconf 89' lang='lat'><strong>:</strong></span> <span class='ocrx_word' id='word_1_595' title='bbox 2497 1650 2761 1718; x_wconf 79' lang='lat' dir='ltr'><strong>Sapientia</strong></span> <span class='ocrx_word' id='word_1_596' title='bbox 2782 1649 2911 1702; x_wconf 89' lang='lat' dir='ltr'><strong>enim</strong></span> <span class='ocrx_word' id='word_1_597' title='bbox 2937 1647 3170 1715; x_wconf 82' lang='lat' dir='ltr'><strong>pauperis</strong></span> <span class='ocrx_word' id='word_1_598' title='bbox 3195 1646 3341 1699; x_wconf 87' lang='lat' dir='ltr'><strong>nihili</strong></span> <span class='ocrx_word' id='word_1_599' title='bbox 3369 1647 3587 1713; x_wconf 88' lang='lat' dir='ltr'><strong>ducitur,</strong></span> <span class='ocrx_word' id='word_1_600' title='bbox 3609 1657 3658 1700; x_wconf 87' lang='lat' dir='ltr'><strong>et</strong></span> <span class='ocrx_word' id='word_1_601' title='bbox 3685 1649 3841 1701; x_wconf 64' lang='lat' dir='ltr'><strong>verba</strong></span> 
     </span>
    </p>
   </div>
   <div class='ocr_carea' id='block_1_77' title="bbox 2247 1738 3841 1814">
    <p class='ocr_par' dir='ltr' id='par_1_77' title="bbox 2247 1738 3841 1814">
     <span class='ocr_line' id='line_1_77' title="bbox 2247 1738 3841 1814; baseline 0 -18"><span class='ocrx_word' id='word_1_602' title='bbox 2247 1743 2359 1814; x_wconf 80' lang='lat' dir='ltr'><strong>ejus</strong></span> <span class='ocrx_word' id='word_1_603' title='bbox 2382 1758 2482 1795; x_wconf 83' lang='lat' dir='ltr'><strong>non</strong></span> <span class='ocrx_word' id='word_1_604' title='bbox 2507 1743 2807 1809; x_wconf 85' lang='lat' dir='ltr'><strong>audiuntur(</strong></span> <span class='ocrx_word' id='word_1_605' title='bbox 2831 1739 2998 1794; x_wconf 80' lang='lat' dir='ltr'><strong>Eccle.</strong></span> <span class='ocrx_word' id='word_1_606' title='bbox 3021 1739 3075 1794; x_wconf 91' lang='lat'><strong>9.</strong></span> <span class='ocrx_word' id='word_1_607' title='bbox 3100 1738 3212 1808; x_wconf 85' lang='grc'><strong>16).</strong></span> <span class='ocrx_word' id='word_1_608' title='bbox 3253 1738 3526 1810; x_wconf 82' lang='lat' dir='ltr'><strong>Loquutus</strong></span> <span class='ocrx_word' id='word_1_609' title='bbox 3555 1750 3638 1794; x_wconf 88' lang='lat' dir='ltr'><strong>est</strong></span> <span class='ocrx_word' id='word_1_610' title='bbox 3658 1740 3841 1807; x_wconf 72' lang='lat' dir='ltr'><strong>dives,</strong></span> 
     </span>
    </p>
   </div>
   <div class='ocr_carea' id='block_1_78' title="bbox 2249 1830 3836 1902">
    <p class='ocr_par' dir='ltr' id='par_1_78' title="bbox 2249 1830 3836 1902">
     <span class='ocr_line' id='line_1_78' title="bbox 2249 1830 3836 1902; baseline -0.004 -12"><span class='ocrx_word' id='word_1_611' title='bbox 2249 1844 2305 1890; x_wconf 83' lang='lat' dir='ltr'><strong>et</strong></span> <span class='ocrx_word' id='word_1_612' title='bbox 2333 1849 2454 1888; x_wconf 89' lang='lat' dir='ltr'><strong>eum</strong></span> <span class='ocrx_word' id='word_1_613' title='bbox 2481 1831 2704 1902; x_wconf 87' lang='lat' dir='ltr'><strong>pulchre</strong></span> <span class='ocrx_word' id='word_1_614' title='bbox 2727 1847 2790 1885; x_wconf 88' lang='lat' dir='ltr'><strong>ac</strong></span> <span class='ocrx_word' id='word_1_615' title='bbox 2814 1842 2956 1886; x_wconf 91' lang='lat' dir='ltr'><strong>recte</strong></span> <span class='ocrx_word' id='word_1_616' title='bbox 2982 1830 3180 1884; x_wconf 83' lang='lat' dir='ltr'><strong>dixisse</strong></span> <span class='ocrx_word' id='word_1_617' title='bbox 3199 1830 3345 1884; x_wconf 89' lang='lat' dir='ltr'><strong>aiunt</strong></span> <span class='ocrx_word' id='word_1_618' title='bbox 3369 1846 3384 1896; x_wconf 90' lang='lat'><strong>;</strong></span> <span class='ocrx_word' id='word_1_619' title='bbox 3419 1845 3616 1901; x_wconf 88' lang='lat' dir='ltr'><strong>pauper</strong></span> <span class='ocrx_word' id='word_1_620' title='bbox 3644 1832 3836 1902; x_wconf 89' lang='lat' dir='ltr'><strong>loquu-</strong></span> 
     </span>
    </p>
   </div>
   <div class='ocr_carea' id='block_1_79' title="bbox 2243 1921 3838 2000">
    <p class='ocr_par' dir='ltr' id='par_1_79' title="bbox 2243 1921 3838 2000">
     <span class='ocr_line' id='line_1_79' title="bbox 2243 1921 3838 2000; baseline -0.003 -20"><span class='ocrx_word' id='word_1_621' title='bbox 2243 1935 2328 1980; x_wconf 90' lang='lat' dir='ltr'><strong>tns</strong></span> <span class='ocrx_word' id='word_1_622' title='bbox 2360 1935 2474 1990; x_wconf 92' lang='lat' dir='ltr'><strong>cst,</strong></span> <span class='ocrx_word' id='word_1_623' title='bbox 2502 1932 2684 1978; x_wconf 91' lang='lat' dir='ltr'><strong>etnon</strong></span> <span class='ocrx_word' id='word_1_624' title='bbox 2703 1931 2784 1977; x_wconf 89' lang='lat' dir='ltr'><strong>est</strong></span> <span class='ocrx_word' id='word_1_625' title='bbox 2807 1921 2961 2000; x_wconf 86' lang='lat' dir='ltr'><strong>datus</strong></span> <span class='ocrx_word' id='word_1_626' title='bbox 2985 1922 3033 1976; x_wconf 92' lang='lat' dir='ltr'><strong>ei</strong></span> <span class='ocrx_word' id='word_1_627' title='bbox 3064 1921 3247 1986; x_wconf 88' lang='lat' dir='ltr'><strong>locus(</strong></span> <span class='ocrx_word' id='word_1_628' title='bbox 3271 1921 3434 1976; x_wconf 80' lang='lat' dir='ltr'><strong>Eccli.</strong></span> <span class='ocrx_word' id='word_1_629' title='bbox 3478 1923 3563 1976; x_wconf 81' lang='grc'><strong>15.</strong></span> <span class='ocrx_word' id='word_1_630' title='bbox 3593 1921 3680 1975; x_wconf 73' lang='lat'><strong>27.</strong></span> <span class='ocrx_word' id='word_1_631' title='bbox 3713 1923 3838 1992; x_wconf 76' lang='lat'><strong>28).</strong></span> 
     </span>
    </p>
   </div>
   <div class='ocr_carea' id='block_1_80' title="bbox 2244 2013 3839 2086">
    <p class='ocr_par' dir='ltr' id='par_1_80' title="bbox 2244 2013 3839 2086">
     <span class='ocr_line' id='line_1_80' title="bbox 2244 2013 3839 2086; baseline 0 -14"><span class='ocrx_word' id='word_1_632' title='bbox 2244 2021 2311 2072; x_wconf 89' lang='lat' dir='ltr'><strong>At</strong></span> <span class='ocrx_word' id='word_1_633' title='bbox 2354 2034 2457 2072; x_wconf 94' lang='lat' dir='ltr'><strong>non</strong></span> <span class='ocrx_word' id='word_1_634' title='bbox 2499 2016 2604 2070; x_wconf 90' lang='lat' dir='ltr'><strong>hic.</strong></span> <span class='ocrx_word' id='word_1_635' title='bbox 2645 2015 2827 2086; x_wconf 86' lang='lat' dir='ltr'><strong>Neque</strong></span> <span class='ocrx_word' id='word_1_636' title='bbox 2851 2015 2992 2069; x_wconf 89' lang='lat' dir='ltr'><strong>enim</strong></span> <span class='ocrx_word' id='word_1_637' title='bbox 3024 2016 3076 2069; x_wconf 93' lang='lat' dir='ltr'><strong>in</strong></span> <span class='ocrx_word' id='word_1_638' title='bbox 3102 2013 3202 2069; x_wconf 91' lang='lat' dir='ltr'><strong>hac</strong></span> <span class='ocrx_word' id='word_1_639' title='bbox 3226 2014 3464 2069; x_wconf 88' lang='lat' dir='ltr'><strong>Ecclesia</strong></span> <span class='ocrx_word' id='word_1_640' title='bbox 3488 2030 3552 2070; x_wconf 91' lang='lat' dir='ltr'><strong>ac</strong></span> <span class='ocrx_word' id='word_1_641' title='bbox 3578 2018 3839 2072; x_wconf 81' lang='lat' dir='ltr'><strong>concione</strong></span> 
     </span>
    </p>
   </div>
   <div class='ocr_carea' id='block_1_81' title="bbox 2242 2105 3837 2177">
    <p class='ocr_par' dir='ltr' id='par_1_81' title="bbox 2242 2105 3837 2177">
     <span class='ocr_line' id='line_1_81' title="bbox 2242 2105 3837 2177; baseline 0.001 -15"><span class='ocrx_word' id='word_1_642' title='bbox 2242 2111 2460 2164; x_wconf 87' lang='lat' dir='ltr'><strong>stultam</strong></span> <span class='ocrx_word' id='word_1_643' title='bbox 2520 2109 2665 2162; x_wconf 89' lang='lat' dir='ltr'><strong>illam</strong></span> <span class='ocrx_word' id='word_1_644' title='bbox 2716 2106 3060 2161; x_wconf 87' lang='lat' dir='ltr'><strong>ambitionem</strong></span> <span class='ocrx_word' id='word_1_645' title='bbox 3114 2105 3435 2176; x_wconf 89' lang='lat' dir='ltr'><strong>honorisque</strong></span> <span class='ocrx_word' id='word_1_646' title='bbox 3487 2107 3837 2177; x_wconf 84' lang='lat' dir='ltr'><strong>cupiditatem</strong></span> 
     </span>
    </p>
   </div>
   <div class='ocr_carea' id='block_1_82' title="bbox 2245 2197 3832 2273">
    <p class='ocr_par' dir='ltr' id='par_1_82' title="bbox 2245 2197 3832 2273">
     <span class='ocr_line' id='line_1_82' title="bbox 2245 2197 3832 2273; baseline 0.002 -21"><span class='ocrx_word' id='word_1_647' title='bbox 2245 2201 2418 2273; x_wconf 80' lang='lat' dir='ltr'><strong>patior</strong></span> <span class='ocrx_word' id='word_1_648' title='bbox 2439 2242 2452 2266; x_wconf 95' lang='lat'><strong>,</strong></span> <span class='ocrx_word' id='word_1_649' title='bbox 2488 2200 2579 2254; x_wconf 91' lang='lat' dir='ltr'><strong>sed</strong></span> <span class='ocrx_word' id='word_1_650' title='bbox 2607 2213 2942 2253; x_wconf 86' lang='lat' dir='ltr'><strong>communem</strong></span> <span class='ocrx_word' id='word_1_651' title='bbox 2972 2198 3218 2252; x_wconf 90' lang='lat' dir='ltr'><strong>omnibus</strong></span> <span class='ocrx_word' id='word_1_652' title='bbox 3247 2197 3542 2252; x_wconf 88' lang='lat' dir='ltr'><strong>doctrinam</strong></span> <span class='ocrx_word' id='word_1_653' title='bbox 3569 2214 3832 2272; x_wconf 83' lang='lat' dir='ltr'><strong>propono.</strong></span> 
     </span>
    </p>
   </div>
   <div class='ocr_carea' id='block_1_83' title="bbox 2248 2289 3843 2362">
    <p class='ocr_par' dir='ltr' id='par_1_83' title="bbox 2248 2289 3843 2362">
     <span class='ocr_line' id='line_1_83' title="bbox 2248 2289 3843 2362; baseline 0.001 -17"><span class='ocrx_word' id='word_1_654' title='bbox 2248 2293 2377 2348; x_wconf 87' lang='lat' dir='ltr'><strong>Vide</strong></span> <span class='ocrx_word' id='word_1_655' title='bbox 2419 2293 2654 2347; x_wconf 88' lang='lat' dir='ltr'><strong>doctoris</strong></span> <span class='ocrx_word' id='word_1_656' title='bbox 2683 2290 3040 2362; x_wconf 89' lang='lat' dir='ltr'><strong>prudentiain,</strong></span> <span class='ocrx_word' id='word_1_657' title='bbox 3068 2289 3335 2358; x_wconf 86' lang='lat' dir='ltr'><strong>quomodo</strong></span> <span class='ocrx_word' id='word_1_658' title='bbox 3364 2291 3521 2343; x_wconf 89' lang='lat' dir='ltr'><strong>etiam</strong></span> <span class='ocrx_word' id='word_1_659' title='bbox 3553 2301 3843 2360; x_wconf 83' lang='lat' dir='ltr'><strong>antequam.</strong></span> 
     </span>
    </p>
   </div>
   <div class='ocr_carea' id='block_1_84' title="bbox 2243 2379 3841 2454">
    <p class='ocr_par' dir='ltr' id='par_1_84' title="bbox 2243 2379 3841 2454">
     <span class='ocr_line' id='line_1_84' title="bbox 2243 2379 3841 2454; baseline 0.001 -18"><span class='ocrx_word' id='word_1_660' title='bbox 2243 2382 2460 2454; x_wconf 74' lang='lat' dir='ltr'><strong>incipiat</strong></span> <span class='ocrx_word' id='word_1_661' title='bbox 2486 2384 2796 2438; x_wconf 87' lang='lat' dir='ltr'><strong>concionem</strong></span> <span class='ocrx_word' id='word_1_662' title='bbox 2825 2422 2840 2447; x_wconf 93' lang='lat'><strong>,</strong></span> <span class='ocrx_word' id='word_1_663' title='bbox 2867 2396 2932 2435; x_wconf 85' lang='lat' dir='ltr'><strong>ex</strong></span> <span class='ocrx_word' id='word_1_664' title='bbox 2964 2380 3076 2449; x_wconf 89' lang='lat' dir='ltr'><strong>ipsa</strong></span> <span class='ocrx_word' id='word_1_665' title='bbox 3114 2381 3226 2434; x_wconf 89' lang='lat' dir='ltr'><strong>sola</strong></span> <span class='ocrx_word' id='word_1_666' title='bbox 3249 2379 3525 2434; x_wconf 84' lang='lat' dir='ltr'><strong>vocatione</strong></span> <span class='ocrx_word' id='word_1_667' title='bbox 3546 2381 3841 2438; x_wconf 85' lang='lat' dir='ltr'><strong>maximum</strong></span> 
     </span>
    </p>
   </div>
   <div class='ocr_carea' id='block_1_85' title="bbox 2243 2471 3835 2543">
    <p class='ocr_par' dir='ltr' id='par_1_85' title="bbox 2243 2471 3835 2543">
     <span class='ocr_line' id='line_1_85' title="bbox 2243 2471 3835 2543; baseline -0.001 -13"><span class='ocrx_word' id='word_1_668' title='bbox 2243 2477 2499 2530; x_wconf 64' lang='lat' dir='ltr'><strong>doctrinae</strong></span> <span class='ocrx_word' id='word_1_669' title='bbox 2520 2476 2790 2530; x_wconf 90' lang='lat' dir='ltr'><strong>decretum</strong></span> <span class='ocrx_word' id='word_1_670' title='bbox 2819 2473 3118 2543; x_wconf 85' lang='lat' dir='ltr'><strong>protulerit.</strong></span> <span class='ocrx_word' id='word_1_671' title='bbox 3163 2471 3262 2541; x_wconf 85' lang='lat' dir='ltr'><strong>Qui</strong></span> <span class='ocrx_word' id='word_1_672' title='bbox 3288 2473 3430 2526; x_wconf 91' lang='lat' dir='ltr'><strong>enim</strong></span> <span class='ocrx_word' id='word_1_673' title='bbox 3461 2488 3647 2528; x_wconf 88' lang='lat' dir='ltr'><strong>omnes</strong></span> <span class='ocrx_word' id='word_1_674' title='bbox 3673 2475 3835 2528; x_wconf 87' lang='lat' dir='ltr'><strong>simul</strong></span> 
     </span>
    </p>
   </div>
   <div class='ocr_carea' id='block_1_86' title="bbox 2244 2563 3837 2636">
    <p class='ocr_par' dir='ltr' id='par_1_86' title="bbox 2244 2563 3837 2636">
     <span class='ocr_line' id='line_1_86' title="bbox 2244 2563 3837 2636; baseline -0.001 -15"><span class='ocrx_word' id='word_1_675' title='bbox 2244 2569 2490 2632; x_wconf 83' lang='lat' dir='ltr'><strong>vocavit,</strong></span> <span class='ocrx_word' id='word_1_676' title='bbox 2541 2582 2714 2636; x_wconf 91' lang='lat' dir='ltr'><strong>neque</strong></span> <span class='ocrx_word' id='word_1_677' title='bbox 2745 2566 2889 2619; x_wconf 93' lang='lat' dir='ltr'><strong>illum</strong></span> <span class='ocrx_word' id='word_1_678' title='bbox 2940 2563 3062 2618; x_wconf 86' lang='lat' dir='ltr'><strong>sivit</strong></span> <span class='ocrx_word' id='word_1_679' title='bbox 3106 2566 3500 2628; x_wconf 89' lang='lat' dir='ltr'><strong>intumescere,</strong></span> <span class='ocrx_word' id='word_1_680' title='bbox 3550 2579 3648 2618; x_wconf 88' lang='lat' dir='ltr'><strong>nec</strong></span> <span class='ocrx_word' id='word_1_681' title='bbox 3693 2564 3837 2620; x_wconf 87' lang='lat' dir='ltr'><strong>hunc</strong></span> 
     </span>
    </p>
   </div>
   <div class='ocr_carea' id='block_1_87' title="bbox 2244 2654 3834 2728">
    <p class='ocr_par' dir='ltr' id='par_1_87' title="bbox 2244 2654 3834 2728">
     <span class='ocr_line' id='line_1_87' title="bbox 2244 2654 3834 2728; baseline -0.002 -15"><span class='ocrx_word' id='word_1_682' title='bbox 2244 2660 2403 2713; x_wconf 91' lang='lat' dir='ltr'><strong>vilem</strong></span> <span class='ocrx_word' id='word_1_683' title='bbox 2445 2667 2500 2713; x_wconf 90' lang='lat' dir='ltr'><strong>et</strong></span> <span class='ocrx_word' id='word_1_684' title='bbox 2537 2659 2802 2728; x_wconf 90' lang='lat' dir='ltr'><strong>abjcctum</strong></span> <span class='ocrx_word' id='word_1_685' title='bbox 2829 2671 2984 2719; x_wconf 86' lang='lat' dir='ltr'><strong>esse,</strong></span> <span class='ocrx_word' id='word_1_686' title='bbox 3017 2654 3110 2709; x_wconf 87' lang='lat' dir='ltr'><strong>sed</strong></span> <span class='ocrx_word' id='word_1_687' title='bbox 3159 2654 3429 2719; x_wconf 86' lang='lat' dir='ltr'><strong>ostendit,</strong></span> <span class='ocrx_word' id='word_1_688' title='bbox 3477 2671 3577 2710; x_wconf 90' lang='lat' dir='ltr'><strong>nec</strong></span> <span class='ocrx_word' id='word_1_689' title='bbox 3619 2656 3834 2710; x_wconf 79' lang='lat' dir='ltr'><strong>divitias</strong></span> 
     </span>
    </p>
   </div>
   <div class='ocr_carea' id='block_1_88' title="bbox 2244 2745 3835 2816">
    <p class='ocr_par' dir='ltr' id='par_1_88' title="bbox 2244 2745 3835 2816">
     <span class='ocr_line' id='line_1_88' title="bbox 2244 2745 3835 2816; baseline -0.003 -12"><span class='ocrx_word' id='word_1_690' title='bbox 2244 2765 2364 2805; x_wconf 87' lang='lat' dir='ltr'><strong>esse</strong></span> <span class='ocrx_word' id='word_1_691' title='bbox 2397 2751 2590 2804; x_wconf 87' lang='lat' dir='ltr'><strong>bonum</strong></span> <span class='ocrx_word' id='word_1_692' title='bbox 2616 2789 2631 2814; x_wconf 97' lang='lat'><strong>,</strong></span> <span class='ocrx_word' id='word_1_693' title='bbox 2661 2749 2796 2803; x_wconf 88' lang='lat' dir='ltr'><strong>sicut</strong></span> <span class='ocrx_word' id='word_1_694' title='bbox 2838 2762 2937 2802; x_wconf 89' lang='lat' dir='ltr'><strong>nec</strong></span> <span class='ocrx_word' id='word_1_695' title='bbox 2979 2753 3340 2816; x_wconf 88' lang='lat' dir='ltr'><strong>paupertatem</strong></span> <span class='ocrx_word' id='word_1_696' title='bbox 3370 2745 3602 2811; x_wconf 88' lang='lat' dir='ltr'><strong>malum,</strong></span> <span class='ocrx_word' id='word_1_697' title='bbox 3648 2746 3742 2800; x_wconf 90' lang='lat' dir='ltr'><strong>sed</strong></span> <span class='ocrx_word' id='word_1_698' title='bbox 3770 2764 3835 2800; x_wconf 84' lang='lat' dir='ltr'><strong>ea</strong></span> 
     </span>
    </p>
   </div>
   <div class='ocr_carea' id='block_1_89' title="bbox 2246 2838 3830 2913">
    <p class='ocr_par' dir='ltr' id='par_1_89' title="bbox 2246 2838 3830 2913">
     <span class='ocr_line' id='line_1_89' title="bbox 2246 2838 3830 2913; baseline -0.003 -15"><span class='ocrx_word' id='word_1_699' title='bbox 2246 2859 2365 2899; x_wconf 88' lang='lat' dir='ltr'><strong>esse</strong></span> <span class='ocrx_word' id='word_1_700' title='bbox 2394 2857 2789 2913; x_wconf 89' lang='lat' dir='ltr'><strong>supervacanea</strong></span> <span class='ocrx_word' id='word_1_701' title='bbox 2815 2850 2870 2896; x_wconf 89' lang='lat' dir='ltr'><strong>et</strong></span> <span class='ocrx_word' id='word_1_702' title='bbox 2892 2850 3133 2896; x_wconf 88' lang='lat' dir='ltr'><strong>externa.</strong></span> <span class='ocrx_word' id='word_1_703' title='bbox 3160 2840 3335 2908; x_wconf 87' lang='lat' dir='ltr'><strong>Quare</strong></span> <span class='ocrx_word' id='word_1_704' title='bbox 3363 2839 3493 2894; x_wconf 91' lang='lat' dir='ltr'><strong>nihil</strong></span> <span class='ocrx_word' id='word_1_705' title='bbox 3519 2855 3639 2895; x_wconf 88' lang='lat' dir='ltr'><strong>mea</strong></span> <span class='ocrx_word' id='word_1_706' title='bbox 3660 2838 3830 2894; x_wconf 82' lang='lat' dir='ltr'><strong>refert</strong></span> 
     </span>
    </p>
   </div>
   <div class='ocr_carea' id='block_1_90' title="bbox 2243 2932 3832 3001">
    <p class='ocr_par' dir='ltr' id='par_1_90' title="bbox 2243 2932 3832 3001">
     <span class='ocr_line' id='line_1_90' title="bbox 2243 2932 3832 3001; baseline -0.003 -11"><span class='ocrx_word' id='word_1_707' title='bbox 2243 2951 2311 2990; x_wconf 90' lang='lat' dir='ltr'><strong>an</strong></span> <span class='ocrx_word' id='word_1_708' title='bbox 2338 2934 2439 2988; x_wconf 92' lang='lat' dir='ltr'><strong>hoc</strong></span> <span class='ocrx_word' id='word_1_709' title='bbox 2465 2935 2539 2988; x_wconf 87' lang='lat' dir='ltr'><strong>sis</strong></span> <span class='ocrx_word' id='word_1_710' title='bbox 2563 2975 2578 2999; x_wconf 95' lang='lat'><strong>,</strong></span> <span class='ocrx_word' id='word_1_711' title='bbox 2606 2934 2692 2988; x_wconf 92' lang='lat' dir='ltr'><strong>vel</strong></span> <span class='ocrx_word' id='word_1_712' title='bbox 2731 2932 2860 2987; x_wconf 92' lang='lat' dir='ltr'><strong>illud</strong></span> <span class='ocrx_word' id='word_1_713' title='bbox 2893 2949 2905 2985; x_wconf 90' lang='lat'><strong>:</strong></span> <span class='ocrx_word' id='word_1_714' title='bbox 2936 2946 3110 3001; x_wconf 88' lang='lat' dir='ltr'><strong>neque</strong></span> <span class='ocrx_word' id='word_1_715' title='bbox 3137 2933 3280 2986; x_wconf 91' lang='lat' dir='ltr'><strong>enim</strong></span> <span class='ocrx_word' id='word_1_716' title='bbox 3308 2932 3353 2986; x_wconf 92' lang='lat' dir='ltr'><strong>si</strong></span> <span class='ocrx_word' id='word_1_717' title='bbox 3381 2932 3454 2986; x_wconf 91' lang='lat' dir='ltr'><strong>sis</strong></span> <span class='ocrx_word' id='word_1_718' title='bbox 3479 2932 3648 2997; x_wconf 89' lang='lat' dir='ltr'><strong>dives,</strong></span> <span class='ocrx_word' id='word_1_719' title='bbox 3673 2932 3832 2986; x_wconf 89' lang='lat' dir='ltr'><strong>video</strong></span> 
     </span>
    </p>
   </div>
   <div class='ocr_carea' id='block_1_91' title="bbox 2247 3024 3831 3097">
    <p class='ocr_par' dir='ltr' id='par_1_91' title="bbox 2247 3024 3831 3097">
     <span class='ocr_line' id='line_1_91' title="bbox 2247 3024 3831 3097; baseline -0.004 -13"><span class='ocrx_word' id='word_1_720' title='bbox 2247 3028 2344 3085; x_wconf 84' lang='lat' dir='ltr'><strong>tibi</strong></span> <span class='ocrx_word' id='word_1_721' title='bbox 2373 3026 2573 3097; x_wconf 87' lang='lat' dir='ltr'><strong>aliquid</strong></span> <span class='ocrx_word' id='word_1_722' title='bbox 2614 3027 2906 3090; x_wconf 88' lang='lat' dir='ltr'><strong>accedere;</strong></span> <span class='ocrx_word' id='word_1_723' title='bbox 2934 3039 3034 3080; x_wconf 90' lang='lat' dir='ltr'><strong>nec</strong></span> <span class='ocrx_word' id='word_1_724' title='bbox 3072 3025 3118 3080; x_wconf 90' lang='lat' dir='ltr'><strong>si</strong></span> <span class='ocrx_word' id='word_1_725' title='bbox 3159 3026 3235 3079; x_wconf 90' lang='lat' dir='ltr'><strong>sis</strong></span> <span class='ocrx_word' id='word_1_726' title='bbox 3279 3039 3511 3094; x_wconf 88' lang='lat' dir='ltr'><strong>pauper,</strong></span> <span class='ocrx_word' id='word_1_727' title='bbox 3551 3024 3831 3078; x_wconf 87' lang='lat' dir='ltr'><strong>decedere.</strong></span> 
     </span>
    </p>
   </div>
   <div class='ocr_carea' id='block_1_92' title="bbox 2252 3116 3846 3188">
    <p class='ocr_par' dir='ltr' id='par_1_92' title="bbox 2252 3116 3846 3188">
     <span class='ocr_line' id='line_1_92' title="bbox 2252 3116 3846 3188; baseline -0.006 -11"><span class='ocrx_word' id='word_1_728' title='bbox 2252 3121 2357 3176; x_wconf 89' lang='lat' dir='ltr'><strong>Sed</strong></span> <span class='ocrx_word' id='word_1_729' title='bbox 2383 3120 2518 3174; x_wconf 89' lang='lat' dir='ltr'><strong>forte</strong></span> <span class='ocrx_word' id='word_1_730' title='bbox 2545 3119 2741 3174; x_wconf 87' lang='lat' dir='ltr'><strong>dixerit</strong></span> <span class='ocrx_word' id='word_1_731' title='bbox 2781 3119 2971 3188; x_wconf 87' lang='lat' dir='ltr'><strong>aliquis</strong></span> <span class='ocrx_word' id='word_1_732' title='bbox 3000 3137 3014 3173; x_wconf 88' lang='lat'>:</span> <span class='ocrx_word' id='word_1_733' title='bbox 3047 3118 3113 3172; x_wconf 85' lang='lat' dir='ltr'><strong>Et</strong></span> <span class='ocrx_word' id='word_1_734' title='bbox 3139 3131 3235 3172; x_wconf 88' lang='lat' dir='ltr'><strong>cur</strong></span> <span class='ocrx_word' id='word_1_735' title='bbox 3257 3131 3376 3171; x_wconf 90' lang='lat' dir='ltr'><strong>cum</strong></span> <span class='ocrx_word' id='word_1_736' title='bbox 3403 3117 3560 3169; x_wconf 89' lang='lat' dir='ltr'><strong>homo</strong></span> <span class='ocrx_word' id='word_1_737' title='bbox 3583 3118 3657 3169; x_wconf 87' lang='lat' dir='ltr'><strong>sis</strong></span> <span class='ocrx_word' id='word_1_738' title='bbox 3684 3116 3846 3185; x_wconf 80' lang='lat' dir='ltr'><strong>ejus-_</strong></span> 
     </span>
    </p>
   </div>
   <div class='ocr_carea' id='block_1_93' title="bbox 2243 3207 3833 3284">
    <p class='ocr_par' dir='ltr' id='par_1_93' title="bbox 2243 3207 3833 3284">
     <span class='ocr_line' id='line_1_93' title="bbox 2243 3207 3833 3284; baseline -0.003 -17"><span class='ocrx_word' id='word_1_739' title='bbox 2243 3212 2472 3284; x_wconf 89' lang='lat' dir='ltr'><strong>denique</strong></span> <span class='ocrx_word' id='word_1_740' title='bbox 2513 3222 2718 3266; x_wconf 71' lang='lat' dir='ltr'><strong>natura:</strong></span> <span class='ocrx_word' id='word_1_741' title='bbox 2761 3211 3026 3282; x_wconf 87' lang='lat' dir='ltr'><strong>particeps</strong></span> <span class='ocrx_word' id='word_1_742' title='bbox 3051 3251 3066 3276; x_wconf 94' lang='lat'><strong>,</strong></span> <span class='ocrx_word' id='word_1_743' title='bbox 3116 3209 3340 3279; x_wconf 91' lang='lat' dir='ltr'><strong>teipsum</strong></span> <span class='ocrx_word' id='word_1_744' title='bbox 3381 3209 3511 3263; x_wconf 88' lang='lat' dir='ltr'><strong>tanti</strong></span> <span class='ocrx_word' id='word_1_745' title='bbox 3559 3207 3726 3274; x_wconf 86' lang='lat' dir='ltr'><strong>facis,</strong></span> <span class='ocrx_word' id='word_1_746' title='bbox 3775 3219 3833 3263; x_wconf 89' lang='lat' dir='ltr'><strong>ut</strong></span> 
     </span>
    </p>
   </div>
   <div class='ocr_carea' id='block_1_94' title="bbox 2244 3302 3834 3376">
    <p class='ocr_par' dir='ltr' id='par_1_94' title="bbox 2244 3302 3834 3376">
     <span class='ocr_line' id='line_1_94' title="bbox 2244 3302 3834 3376; baseline -0.002 -16"><span class='ocrx_word' id='word_1_747' title='bbox 2244 3316 2400 3376; x_wconf 89' lang='lat' dir='ltr'><strong>putes</strong></span> <span class='ocrx_word' id='word_1_748' title='bbox 2430 3314 2482 3359; x_wconf 92' lang='lat' dir='ltr'><strong>te</strong></span> <span class='ocrx_word' id='word_1_749' title='bbox 2509 3319 2630 3360; x_wconf 89' lang='lat' dir='ltr'><strong>esse</strong></span> <span class='ocrx_word' id='word_1_750' title='bbox 2657 3303 2906 3358; x_wconf 90' lang='lat' dir='ltr'><strong>idoneum</strong></span> <span class='ocrx_word' id='word_1_751' title='bbox 2930 3302 3077 3357; x_wconf 86' lang='lat' dir='ltr'><strong>orbis</strong></span> <span class='ocrx_word' id='word_1_752' title='bbox 3115 3310 3375 3356; x_wconf 88' lang='lat' dir='ltr'><strong>terrarum</strong></span> <span class='ocrx_word' id='word_1_753' title='bbox 3405 3302 3710 3372; x_wconf 82' lang='lat' dir='ltr'><strong>magistrum</strong></span> <span class='ocrx_word' id='word_1_754' title='bbox 3735 3341 3750 3366; x_wconf 91' lang='lat'><strong>,</strong></span> <span class='ocrx_word' id='word_1_755' title='bbox 3777 3309 3834 3357; x_wconf 83' lang='lat' dir='ltr'><strong>et</strong></span> 
     </span>
    </p>
   </div>
   <div class='ocr_carea' id='block_1_95' title="bbox 2245 3393 3832 3467">
    <p class='ocr_par' dir='ltr' id='par_1_95' title="bbox 2245 3393 3832 3467">
     <span class='ocr_line' id='line_1_95' title="bbox 2245 3393 3832 3467; baseline -0.002 -14"><span class='ocrx_word' id='word_1_756' title='bbox 2245 3414 2338 3454; x_wconf 89' lang='lat' dir='ltr'><strong>eos</strong></span> <span class='ocrx_word' id='word_1_757' title='bbox 2357 3399 2446 3467; x_wconf 89' lang='lat' dir='ltr'><strong>qui</strong></span> <span class='ocrx_word' id='word_1_758' title='bbox 2473 3406 2598 3452; x_wconf 89' lang='lat' dir='ltr'><strong>sunt</strong></span> <span class='ocrx_word' id='word_1_759' title='bbox 2621 3397 2673 3451; x_wconf 92' lang='lat' dir='ltr'><strong>in</strong></span> <span class='ocrx_word' id='word_1_760' title='bbox 2700 3397 2954 3452; x_wconf 82' lang='lat' dir='ltr'><strong>extremis</strong></span> <span class='ocrx_word' id='word_1_761' title='bbox 2987 3395 3181 3450; x_wconf 89' lang='lat' dir='ltr'><strong>ﬁnibus</strong></span> <span class='ocrx_word' id='word_1_762' title='bbox 3206 3395 3350 3449; x_wconf 89' lang='lat' dir='ltr'><strong>orbis</strong></span> <span class='ocrx_word' id='word_1_763' title='bbox 3374 3409 3636 3448; x_wconf 88' lang='lat' dir='ltr'><strong>convoces</strong></span> <span class='ocrx_word' id='word_1_764' title='bbox 3657 3395 3679 3447; x_wconf 87' lang='lat'><strong>?</strong></span> <span class='ocrx_word' id='word_1_765' title='bbox 3702 3393 3832 3464; x_wconf 84' lang='lat' dir='ltr'><strong>quid</strong></span> 
     </span>
    </p>
   </div>
   <div class='ocr_carea' id='block_1_96' title="bbox 2247 3486 3829 3563">
    <p class='ocr_par' dir='ltr' id='par_1_96' title="bbox 2247 3486 3829 3563">
     <span class='ocr_line' id='line_1_96' title="bbox 2247 3486 3829 3563; baseline -0.005 -16"><span class='ocrx_word' id='word_1_766' title='bbox 2247 3501 2401 3563; x_wconf 84' lang='lat' dir='ltr'><strong>potes</strong></span> <span class='ocrx_word' id='word_1_767' title='bbox 2426 3491 2608 3546; x_wconf 89' lang='lat' dir='ltr'><strong>dicere</strong></span> <span class='ocrx_word' id='word_1_768' title='bbox 2637 3489 2779 3560; x_wconf 88' lang='lat' dir='ltr'><strong>quod</strong></span> <span class='ocrx_word' id='word_1_769' title='bbox 2799 3490 2870 3544; x_wconf 91' lang='lat' dir='ltr'><strong>sit</strong></span> <span class='ocrx_word' id='word_1_770' title='bbox 2890 3498 3037 3543; x_wconf 89' lang='lat' dir='ltr'><strong>tanto</strong></span> <span class='ocrx_word' id='word_1_771' title='bbox 3059 3487 3277 3558; x_wconf 74' lang='lat' dir='ltr'><strong>dignum</strong></span> <span class='ocrx_word' id='word_1_772' title='bbox 3305 3486 3554 3542; x_wconf 88' lang='lat' dir='ltr'><strong>theatro?</strong></span> <span class='ocrx_word' id='word_1_773' title='bbox 3579 3487 3829 3553; x_wconf 84' lang='lat' dir='ltr'><strong>Possum,</strong></span> 
     </span>
    </p>
   </div>
   <div class='ocr_carea' id='block_1_97' title="bbox 2245 3578 3828 3655">
    <p class='ocr_par' dir='ltr' id='par_1_97' title="bbox 2245 3578 3828 3655">
     <span class='ocr_line' id='line_1_97' title="bbox 2245 3578 3828 3655; baseline -0.004 -16"><span class='ocrx_word' id='word_1_774' title='bbox 2245 3585 2436 3655; x_wconf 90' lang='lat' dir='ltr'><strong>inquit.</strong></span> <span class='ocrx_word' id='word_1_775' title='bbox 2484 3584 2771 3652; x_wconf 88' lang='lat' dir='ltr'><strong>Postquam</strong></span> <span class='ocrx_word' id='word_1_776' title='bbox 2797 3582 2938 3635; x_wconf 89' lang='lat' dir='ltr'><strong>enim</strong></span> <span class='ocrx_word' id='word_1_777' title='bbox 2980 3582 3188 3635; x_wconf 81' lang='lat' dir='ltr'><strong>vocavit</strong></span> <span class='ocrx_word' id='word_1_778' title='bbox 3215 3581 3400 3634; x_wconf 86' lang='lat' dir='ltr'><strong>orbem</strong></span> <span class='ocrx_word' id='word_1_779' title='bbox 3432 3588 3618 3645; x_wconf 68' lang='lat' dir='ltr'><strong>terrm,</strong></span> <span class='ocrx_word' id='word_1_780' title='bbox 3651 3578 3828 3634; x_wconf 89' lang='lat' dir='ltr'><strong>credi-</strong></span> 
     </span>
    </p>
   </div>
   <div class='ocr_carea' id='block_1_98' title="bbox 2245 3669 3827 3743">
    <p class='ocr_par' dir='ltr' id='par_1_98' title="bbox 2245 3669 3827 3743">
     <span class='ocr_line' id='line_1_98' title="bbox 2245 3669 3827 3743; baseline -0.005 -11"><span class='ocrx_word' id='word_1_781' title='bbox 2245 3677 2406 3732; x_wconf 91' lang='lat' dir='ltr'><strong>bilem</strong></span> <span class='ocrx_word' id='word_1_782' title='bbox 2449 3690 2512 3730; x_wconf 92' lang='lat' dir='ltr'><strong>ac</strong></span> <span class='ocrx_word' id='word_1_783' title='bbox 2553 3673 2658 3728; x_wconf 87' lang='lat' dir='ltr'><strong>ﬁde</strong></span> <span class='ocrx_word' id='word_1_784' title='bbox 2685 3673 2896 3743; x_wconf 78' lang='lat' dir='ltr'><strong>dignam</strong></span> <span class='ocrx_word' id='word_1_785' title='bbox 2929 3673 3156 3726; x_wconf 90' lang='lat' dir='ltr'><strong>reddens</strong></span> <span class='ocrx_word' id='word_1_786' title='bbox 3185 3672 3477 3736; x_wconf 75' lang='lat' dir='ltr'><strong>orationem</strong></span> <span class='ocrx_word' id='word_1_787' title='bbox 3502 3710 3518 3735; x_wconf 94' lang='lat'><strong>,</strong></span> <span class='ocrx_word' id='word_1_788' title='bbox 3549 3671 3670 3724; x_wconf 92' lang='lat' dir='ltr'><strong>audi</strong></span> <span class='ocrx_word' id='word_1_789' title='bbox 3701 3669 3827 3739; x_wconf 89' lang='lat' dir='ltr'><strong>quid</strong></span> 
     </span>
    </p>
   </div>
   <div class='ocr_carea' id='block_1_99' title="bbox 2243 3763 3828 3836">
    <p class='ocr_par' dir='ltr' id='par_1_99' title="bbox 2243 3763 3828 3836">
     <span class='ocr_line' id='line_1_99' title="bbox 2243 3763 3828 3836; baseline -0.005 -11"><span class='ocrx_word' id='word_1_790' title='bbox 2243 3770 2385 3825; x_wconf 87' lang='lat' dir='ltr'><strong>dicat</strong></span> <span class='ocrx_word' id='word_1_791' title='bbox 2411 3787 2424 3824; x_wconf 94' lang='lat'>:</span> <span class='ocrx_word' id='word_1_792' title='bbox 2452 3780 2508 3822; x_wconf 75' lang='grc'><strong>4.</strong></span> <span class='ocrx_word' id='word_1_793' title='bbox 2560 3767 2630 3821; x_wconf 82' lang='lat' dir='ltr'><strong>Os</strong></span> <span class='ocrx_word' id='word_1_794' title='bbox 2651 3782 2816 3820; x_wconf 87' lang='lat' dir='ltr'><strong>meum</strong></span> <span class='ocrx_word' id='word_1_795' title='bbox 2862 3764 3088 3836; x_wconf 84' lang='lat' dir='ltr'><strong>loquetur</strong></span> <span class='ocrx_word' id='word_1_796' title='bbox 3130 3765 3426 3833; x_wconf 72' lang='lat' dir='ltr'><strong>sapientiam</strong></span> <span class='ocrx_word' id='word_1_797' title='bbox 3451 3803 3466 3827; x_wconf 88' lang='lat'><strong>,</strong></span> <span class='ocrx_word' id='word_1_798' title='bbox 3495 3773 3543 3816; x_wconf 88' lang='lat' dir='ltr'><strong>et</strong></span> <span class='ocrx_word' id='word_1_799' title='bbox 3571 3763 3828 3817; x_wconf 86' lang='lat' dir='ltr'><strong>meditatio</strong></span> 
     </span>
    </p>
   </div>
   <div class='ocr_carea' id='block_1_100' title="bbox 2242 3853 3816 3928">
    <p class='ocr_par' dir='ltr' id='par_1_100' title="bbox 2242 3853 3816 3928">
     <span class='ocr_line' id='line_1_100' title="bbox 2242 3853 3816 3928; baseline -0.006 -13"><span class='ocrx_word' id='word_1_800' title='bbox 2242 3861 2407 3916; x_wconf 78' lang='lat' dir='ltr'><strong>cordis</strong></span> <span class='ocrx_word' id='word_1_801' title='bbox 2436 3859 2531 3913; x_wconf 88' lang='lat' dir='ltr'><strong>mei</strong></span> <span class='ocrx_word' id='word_1_802' title='bbox 2556 3858 2892 3928; x_wconf 87' lang='lat' dir='ltr'><strong>prudentiam.</strong></span> <span class='ocrx_word' id='word_1_803' title='bbox 2925 3856 3074 3910; x_wconf 83' lang='lat' dir='ltr'><strong>Alius</strong></span> <span class='ocrx_word' id='word_1_804' title='bbox 3096 3895 3110 3920; x_wconf 93' lang='lat'><strong>,</strong></span> <span class='ocrx_word' id='word_1_805' title='bbox 3139 3853 3206 3908; x_wconf 79' lang='lat' dir='ltr'><strong>Et</strong></span> <span class='ocrx_word' id='word_1_806' title='bbox 3229 3853 3508 3908; x_wconf 86' lang='lat' dir='ltr'><strong>cantillabit</strong></span> <span class='ocrx_word' id='word_1_807' title='bbox 3538 3870 3624 3908; x_wconf 88' lang='lat' dir='ltr'><strong>cor</strong></span> <span class='ocrx_word' id='word_1_808' title='bbox 3649 3869 3816 3906; x_wconf 84' lang='lat' dir='ltr'><strong>meum</strong></span> 
     </span>
    </p>
   </div>
   <div class='ocr_carea' id='block_1_101' title="bbox 2244 3947 3827 4027">
    <p class='ocr_par' dir='ltr' id='par_1_101' title="bbox 2244 3947 3827 4027">
     <span class='ocr_line' id='line_1_101' title="bbox 2244 3947 3827 4027; baseline -0.003 -18"><span class='ocrx_word' id='word_1_809' title='bbox 2244 3955 2585 4027; x_wconf 86' lang='lat' dir='ltr'><strong>prudentiam.</strong></span> <span class='ocrx_word' id='word_1_810' title='bbox 2616 3953 2870 4008; x_wconf 72' lang='lat' dir='ltr'><strong>Hebraeus</strong></span> <span class='ocrx_word' id='word_1_811' title='bbox 2895 3961 3073 4004; x_wconf 90' lang='lat' dir='ltr'><strong>autem</strong></span> <span class='ocrx_word' id='word_1_812' title='bbox 3103 3951 3205 4004; x_wconf 89' lang='lat' dir='ltr'><strong>lioc</strong></span> <span class='ocrx_word' id='word_1_813' title='bbox 3239 3949 3371 4004; x_wconf 88' lang='lat' dir='ltr'><strong>dixit</strong></span> <span class='ocrx_word' id='word_1_814' title='bbox 3399 3947 3633 4016; x_wconf 77' lang='lat' dir='ltr'><strong>Ovaqith.</strong></span> <span class='ocrx_word' id='word_1_815' title='bbox 3665 3949 3827 4004; x_wconf 87' lang='lat' dir='ltr'><strong>Vides</strong></span> 
     </span>
    </p>
   </div>
   <div class='ocr_carea' id='block_1_102' title="bbox 2242 4039 3824 4118">
    <p class='ocr_par' dir='ltr' id='par_1_102' title="bbox 2242 4039 3824 4118">
     <span class='ocr_line' id='line_1_102' title="bbox 2242 4039 3824 4118; baseline -0.003 -18"><span class='ocrx_word' id='word_1_816' title='bbox 2242 4046 2512 4118; x_wconf 90' lang='lat' dir='ltr'><strong>quomodo</strong></span> <span class='ocrx_word' id='word_1_817' title='bbox 2554 4046 2732 4101; x_wconf 87' lang='lat' dir='ltr'><strong>statim</strong></span> <span class='ocrx_word' id='word_1_818' title='bbox 2773 4044 2956 4098; x_wconf 84' lang='lat' dir='ltr'><strong>extulit</strong></span> <span class='ocrx_word' id='word_1_819' title='bbox 2983 4043 3297 4095; x_wconf 89' lang='lat' dir='ltr'><strong>orationem.</strong></span> <span class='ocrx_word' id='word_1_820' title='bbox 3345 4039 3463 4095; x_wconf 89' lang='lat' dir='ltr'><strong>Non</strong></span> <span class='ocrx_word' id='word_1_821' title='bbox 3496 4041 3704 4106; x_wconf 87' lang='lat' dir='ltr'><strong>dicam,</strong></span> <span class='ocrx_word' id='word_1_822' title='bbox 3736 4041 3824 4096; x_wconf 75' lang='lat' dir='ltr'><strong>in-</strong></span> 
     </span>
    </p>
   </div>
   <div class='ocr_carea' id='block_1_103' title="bbox 2241 4131 3823 4210">
    <p class='ocr_par' dir='ltr' id='par_1_103' title="bbox 2241 4131 3823 4210">
     <span class='ocr_line' id='line_1_103' title="bbox 2241 4131 3823 4210; baseline -0.004 -17"><span class='ocrx_word' id='word_1_823' title='bbox 2241 4140 2376 4210; x_wconf 91' lang='lat' dir='ltr'><strong>quit,</strong></span> <span class='ocrx_word' id='word_1_824' title='bbox 2405 4138 2473 4193; x_wconf 91' lang='lat' dir='ltr'><strong>de</strong></span> <span class='ocrx_word' id='word_1_825' title='bbox 2495 4138 2751 4208; x_wconf 91' lang='lat' dir='ltr'><strong>pecuniis,</strong></span> <span class='ocrx_word' id='word_1_826' title='bbox 2782 4152 2887 4190; x_wconf 92' lang='lat' dir='ltr'><strong>non</strong></span> <span class='ocrx_word' id='word_1_827' title='bbox 2915 4136 2982 4190; x_wconf 85' lang='lat' dir='ltr'><strong>de</strong></span> <span class='ocrx_word' id='word_1_828' title='bbox 3010 4133 3368 4202; x_wconf 74' lang='lat' dir='ltr'><strong>dignitatibus,</strong></span> <span class='ocrx_word' id='word_1_829' title='bbox 3403 4147 3507 4186; x_wconf 91' lang='lat' dir='ltr'><strong>non</strong></span> <span class='ocrx_word' id='word_1_830' title='bbox 3534 4131 3602 4188; x_wconf 92' lang='lat' dir='ltr'><strong>de</strong></span> <span class='ocrx_word' id='word_1_831' title='bbox 3629 4142 3823 4203; x_wconf 87' lang='lat' dir='ltr'><strong>poten-</strong></span> 
     </span>
    </p>
   </div>
   <div class='ocr_carea' id='block_1_104' title="bbox 2239 4227 3826 4298">
    <p class='ocr_par' dir='ltr' id='par_1_104' title="bbox 2239 4227 3826 4298">
     <span class='ocr_line' id='line_1_104' title="bbox 2239 4227 3826 4298; baseline -0.003 -11"><span class='ocrx_word' id='word_1_832' title='bbox 2239 4235 2311 4288; x_wconf 88' lang='lat' dir='ltr'><strong>tia</strong></span> <span class='ocrx_word' id='word_1_833' title='bbox 2333 4273 2349 4298; x_wconf 92' lang='lat'><strong>,</strong></span> <span class='ocrx_word' id='word_1_834' title='bbox 2380 4248 2485 4286; x_wconf 90' lang='lat' dir='ltr'><strong>non</strong></span> <span class='ocrx_word' id='word_1_835' title='bbox 2527 4231 2595 4286; x_wconf 89' lang='lat' dir='ltr'><strong>de</strong></span> <span class='ocrx_word' id='word_1_836' title='bbox 2632 4231 2826 4286; x_wconf 90' lang='lat' dir='ltr'><strong>robore</strong></span> <span class='ocrx_word' id='word_1_837' title='bbox 2865 4229 3139 4298; x_wconf 90' lang='lat' dir='ltr'><strong>corporis,</strong></span> <span class='ocrx_word' id='word_1_838' title='bbox 3168 4243 3274 4282; x_wconf 91' lang='lat' dir='ltr'><strong>non</strong></span> <span class='ocrx_word' id='word_1_839' title='bbox 3311 4227 3379 4282; x_wconf 91' lang='lat' dir='ltr'><strong>de</strong></span> <span class='ocrx_word' id='word_1_840' title='bbox 3417 4227 3591 4296; x_wconf 89' lang='lat' dir='ltr'><strong>aliqua</strong></span> <span class='ocrx_word' id='word_1_841' title='bbox 3619 4227 3719 4282; x_wconf 89' lang='lat' dir='ltr'><strong>alia</strong></span> <span class='ocrx_word' id='word_1_842' title='bbox 3763 4242 3826 4283; x_wconf 88' lang='lat' dir='ltr'><strong>re</strong></span> 
     </span>
    </p>
   </div>
   <div class='ocr_carea' id='block_1_105' title="bbox 2239 4320 3818 4394">
    <p class='ocr_par' dir='ltr' id='par_1_105' title="bbox 2239 4320 3818 4394">
     <span class='ocr_line' id='line_1_105' title="bbox 2239 4320 3818 4394; baseline -0.003 -14"><span class='ocrx_word' id='word_1_843' title='bbox 2239 4325 2381 4380; x_wconf 88' lang='lat' dir='ltr'><strong>ﬂuxa</strong></span> <span class='ocrx_word' id='word_1_844' title='bbox 2417 4343 2431 4380; x_wconf 92' lang='lat'>:</span> <span class='ocrx_word' id='word_1_845' title='bbox 2464 4325 2530 4380; x_wconf 92' lang='lat' dir='ltr'><strong>de</strong></span> <span class='ocrx_word' id='word_1_846' title='bbox 2559 4323 2817 4394; x_wconf 83' lang='lat' dir='ltr'><strong>sapientia</strong></span> <span class='ocrx_word' id='word_1_847' title='bbox 2866 4338 2983 4378; x_wconf 90' lang='lat' dir='ltr'><strong>sum</strong></span> <span class='ocrx_word' id='word_1_848' title='bbox 3024 4329 3211 4377; x_wconf 87' lang='lat' dir='ltr'><strong>exacte</strong></span> <span class='ocrx_word' id='word_1_849' title='bbox 3251 4320 3506 4385; x_wconf 88' lang='lat' dir='ltr'><strong>dicturus,</strong></span> <span class='ocrx_word' id='word_1_850' title='bbox 3552 4336 3670 4391; x_wconf 65' lang='lat' dir='ltr'><strong>quae</strong></span> <span class='ocrx_word' id='word_1_851' title='bbox 3712 4335 3818 4376; x_wconf 88' lang='lat' dir='ltr'><strong>non</strong></span> 
     </span>
    </p>
   </div>
   <div class='ocr_carea' id='block_1_106' title="bbox 2241 4411 3820 4484">
    <p class='ocr_par' dir='ltr' id='par_1_106' title="bbox 2241 4411 3820 4484">
     <span class='ocr_line' id='line_1_106' title="bbox 2241 4411 3820 4484; baseline -0.004 -12"><span class='ocrx_word' id='word_1_852' title='bbox 2241 4428 2442 4475; x_wconf 89' lang='lat' dir='ltr'><strong>temere</strong></span> <span class='ocrx_word' id='word_1_853' title='bbox 2487 4418 2617 4472; x_wconf 90' lang='lat' dir='ltr'><strong>mihi</strong></span> <span class='ocrx_word' id='word_1_854' title='bbox 2664 4416 2888 4472; x_wconf 82' lang='lat' dir='ltr'><strong>accessit</strong></span> <span class='ocrx_word' id='word_1_855' title='bbox 2929 4430 2995 4470; x_wconf 90' lang='lat' dir='ltr'><strong>ex</strong></span> <span class='ocrx_word' id='word_1_856' title='bbox 3041 4425 3302 4484; x_wconf 90' lang='lat' dir='ltr'><strong>tempore.</strong></span> <span class='ocrx_word' id='word_1_857' title='bbox 3347 4414 3403 4469; x_wconf 85' lang='lat'><strong>5.</strong></span> <span class='ocrx_word' id='word_1_858' title='bbox 3457 4411 3722 4468; x_wconf 77' lang='lat' dir='ltr'><strong>Inclinatio</strong></span> <span class='ocrx_word' id='word_1_859' title='bbox 3765 4415 3820 4467; x_wconf 83' lang='lat' dir='ltr'><strong>in</strong></span> 
     </span>
    </p>
   </div>
   <div class='ocr_carea' id='block_1_107' title="bbox 2239 4505 3815 4582">
    <p class='ocr_par' dir='ltr' id='par_1_107' title="bbox 2239 4505 3815 4582">
     <span class='ocr_line' id='line_1_107' title="bbox 2239 4505 3815 4582; baseline -0.001 -19"><span class='ocrx_word' id='word_1_860' title='bbox 2239 4511 2532 4582; x_wconf 83' lang='lat' dir='ltr'><strong>parabolam</strong></span> <span class='ocrx_word' id='word_1_861' title='bbox 2571 4526 2741 4564; x_wconf 84' lang='lat' dir='ltr'><strong>aurem</strong></span> <span class='ocrx_word' id='word_1_862' title='bbox 2783 4525 2964 4562; x_wconf 86' lang='lat' dir='ltr'><strong>meam.</strong></span> <span class='ocrx_word' id='word_1_863' title='bbox 3008 4508 3157 4562; x_wconf 85' lang='lat' dir='ltr'><strong>Alius</strong></span> <span class='ocrx_word' id='word_1_864' title='bbox 3181 4549 3196 4571; x_wconf 91' lang='lat'><strong>,</strong></span> <span class='ocrx_word' id='word_1_865' title='bbox 3249 4505 3516 4561; x_wconf 76' lang='lat' dir='ltr'><strong>Inclinatio</strong></span> <span class='ocrx_word' id='word_1_866' title='bbox 3561 4508 3815 4576; x_wconf 66' lang='lat' dir='ltr'><strong>parabolae</strong></span> 
     </span>
    </p>
   </div>
   <div class='ocr_carea' id='block_1_108' title="bbox 2237 4597 3816 4669">
    <p class='ocr_par' dir='ltr' id='par_1_108' title="bbox 2237 4597 3816 4669">
     <span class='ocr_line' id='line_1_108' title="bbox 2237 4597 3816 4669; baseline -0.002 -13"><span class='ocrx_word' id='word_1_867' title='bbox 2237 4619 2411 4657; x_wconf 89' lang='lat' dir='ltr'><strong>aurem</strong></span> <span class='ocrx_word' id='word_1_868' title='bbox 2450 4608 2633 4656; x_wconf 68' lang='lat' dir='ltr'><strong>ricam.</strong></span> <span class='ocrx_word' id='word_1_869' title='bbox 2688 4601 2941 4656; x_wconf 77' lang='lat' dir='ltr'><strong>llebrieus</strong></span> <span class='ocrx_word' id='word_1_870' title='bbox 2987 4598 3154 4662; x_wconf 88' lang='lat' dir='ltr'><strong>dicit,</strong></span> <span class='ocrx_word' id='word_1_871' title='bbox 3200 4597 3440 4653; x_wconf 75' lang='lat' dir='ltr'><strong>Lanuisal</strong></span> <span class='ocrx_word' id='word_1_872' title='bbox 3485 4599 3722 4669; x_wconf 84' lang='lat' dir='ltr'><strong>Aperiam</strong></span> <span class='ocrx_word' id='word_1_873' title='bbox 3761 4599 3816 4653; x_wconf 82' lang='lat' dir='ltr'><strong>in</strong></span> 
     </span>
    </p>
   </div>
   <div class='ocr_carea' id='block_1_109' title="bbox 2238 4689 3815 4764">
    <p class='ocr_par' dir='ltr' id='par_1_109' title="bbox 2238 4689 3815 4764">
     <span class='ocr_line' id='line_1_109' title="bbox 2238 4689 3815 4764; baseline -0.001 -18"><span class='ocrx_word' id='word_1_874' title='bbox 2238 4694 2476 4764; x_wconf 76' lang='lat' dir='ltr'><strong>psalterio</strong></span> <span class='ocrx_word' id='word_1_875' title='bbox 2504 4693 2757 4764; x_wconf 85' lang='lat' dir='ltr'><strong>problema</strong></span> <span class='ocrx_word' id='word_1_876' title='bbox 2794 4708 2978 4746; x_wconf 88' lang='lat' dir='ltr'><strong>meum.</strong></span> <span class='ocrx_word' id='word_1_877' title='bbox 3008 4692 3178 4757; x_wconf 82' lang='lat' dir='ltr'><strong>Alius,</strong></span> <span class='ocrx_word' id='word_1_878' title='bbox 3213 4689 3461 4761; x_wconf 66' lang='lat' dir='ltr'><strong>Afuigma</strong></span> <span class='ocrx_word' id='word_1_879' title='bbox 3499 4707 3684 4744; x_wconf 87' lang='lat' dir='ltr'><strong>meum.</strong></span> <span class='ocrx_word' id='word_1_880' title='bbox 3704 4689 3815 4746; x_wconf 88' lang='lat' dir='ltr'><strong>He-</strong></span> 
     </span>
    </p>
   </div>
   <div class='ocr_carea' id='block_1_110' title="bbox 2238 4782 3812 4854">
    <p class='ocr_par' dir='ltr' id='par_1_110' title="bbox 2238 4782 3812 4854">
     <span class='ocr_line' id='line_1_110' title="bbox 2238 4782 3812 4854; baseline -0.001 -14"><span class='ocrx_word' id='word_1_881' title='bbox 2238 4788 2414 4841; x_wconf 71' lang='lat' dir='ltr'><strong>braeus</strong></span> <span class='ocrx_word' id='word_1_882' title='bbox 2454 4796 2631 4840; x_wconf 89' lang='lat' dir='ltr'><strong>autem</strong></span> <span class='ocrx_word' id='word_1_883' title='bbox 2656 4827 2671 4851; x_wconf 97' lang='lat'><strong>,</strong></span> <span class='ocrx_word' id='word_1_884' title='bbox 2701 4785 2897 4839; x_wconf 84' lang='lat' dir='ltr'><strong>Idathi.</strong></span> <span class='ocrx_word' id='word_1_885' title='bbox 2945 4785 3012 4839; x_wconf 80' lang='lat' dir='ltr'><strong>Et</strong></span> <span class='ocrx_word' id='word_1_886' title='bbox 3035 4783 3302 4854; x_wconf 90' lang='lat' dir='ltr'><strong>quomodo</strong></span> <span class='ocrx_word' id='word_1_887' title='bbox 3345 4791 3470 4838; x_wconf 91' lang='lat' dir='ltr'><strong>sunt</strong></span> <span class='ocrx_word' id='word_1_888' title='bbox 3508 4782 3623 4837; x_wconf 76' lang='lat' dir='ltr'><strong>haec</strong></span> <span class='ocrx_word' id='word_1_889' title='bbox 3655 4798 3812 4852; x_wconf 88' lang='lat' dir='ltr'><strong>supra</strong></span> 
     </span>
    </p>
   </div>
   <div class='ocr_carea' id='block_1_111' title="bbox 2239 4873 3820 4947">
    <p class='ocr_par' dir='ltr' id='par_1_111' title="bbox 2239 4873 3820 4947">
     <span class='ocr_line' id='line_1_111' title="bbox 2239 4873 3820 4947; baseline -0.003 -14"><span class='ocrx_word' id='word_1_890' title='bbox 2239 4878 2395 4933; x_wconf 88' lang='lat' dir='ltr'><strong>dictis</strong></span> <span class='ocrx_word' id='word_1_891' title='bbox 2431 4877 2852 4947; x_wconf 87' lang='lat' dir='ltr'><strong>consequentia?</strong></span> <span class='ocrx_word' id='word_1_892' title='bbox 2881 4877 2982 4930; x_wconf 87' lang='lat' dir='ltr'><strong>Pro</strong></span> <span class='ocrx_word' id='word_1_893' title='bbox 3022 4875 3246 4930; x_wconf 89' lang='lat' dir='ltr'><strong>doctore</strong></span> <span class='ocrx_word' id='word_1_894' title='bbox 3283 4875 3424 4929; x_wconf 88' lang='lat' dir='ltr'><strong>enini</strong></span> <span class='ocrx_word' id='word_1_895' title='bbox 3476 4890 3618 4928; x_wconf 93' lang='lat' dir='ltr'><strong>nunc</strong></span> <span class='ocrx_word' id='word_1_896' title='bbox 3659 4873 3820 4928; x_wconf 84' lang='lat' dir='ltr'><strong>video</strong></span> 
     </span>
    </p>
   </div>
   <div class='ocr_carea' id='block_1_112' title="bbox 2236 4964 3811 5035">
    <p class='ocr_par' dir='ltr' id='par_1_112' title="bbox 2236 4964 3811 5035">
     <span class='ocr_line' id='line_1_112' title="bbox 2236 4964 3811 5035; baseline -0.004 -11"><span class='ocrx_word' id='word_1_897' title='bbox 2236 4970 2556 5025; x_wconf 91' lang='lat' dir='ltr'><strong>auditorem.</strong></span> <span class='ocrx_word' id='word_1_898' title='bbox 2600 4969 2708 5023; x_wconf 91' lang='lat' dir='ltr'><strong>Nos</strong></span> <span class='ocrx_word' id='word_1_899' title='bbox 2735 4970 2877 5022; x_wconf 91' lang='lat' dir='ltr'><strong>enim</strong></span> <span class='ocrx_word' id='word_1_900' title='bbox 2904 4967 3102 5022; x_wconf 89' lang='lat' dir='ltr'><strong>vocasti</strong></span> <span class='ocrx_word' id='word_1_901' title='bbox 3145 4975 3412 5035; x_wconf 89' lang='lat' dir='ltr'><strong>tamquam</strong></span> <span class='ocrx_word' id='word_1_902' title='bbox 3451 4964 3648 5035; x_wconf 86' lang='lat' dir='ltr'><strong>aliquid</strong></span> <span class='ocrx_word' id='word_1_903' title='bbox 3686 4964 3811 5019; x_wconf 89' lang='lat' dir='ltr'><strong>boni</strong></span> 
     </span>
    </p>
   </div>
   <div class='ocr_carea' id='block_1_113' title="bbox 2236 5055 3814 5128">
    <p class='ocr_par' dir='ltr' id='par_1_113' title="bbox 2236 5055 3814 5128">
     <span class='ocr_line' id='line_1_113' title="bbox 2236 5055 3814 5128; baseline -0.003 -12"><span class='ocrx_word' id='word_1_904' title='bbox 2236 5072 2294 5118; x_wconf 89' lang='lat' dir='ltr'><strong>et</strong></span> <span class='ocrx_word' id='word_1_905' title='bbox 2320 5062 2462 5116; x_wconf 92' lang='lat' dir='ltr'><strong>utilis</strong></span> <span class='ocrx_word' id='word_1_906' title='bbox 2488 5060 2796 5125; x_wconf 86' lang='lat' dir='ltr'><strong>audituros;</strong></span> <span class='ocrx_word' id='word_1_907' title='bbox 2825 5067 3100 5128; x_wconf 89' lang='lat' dir='ltr'><strong>postquam</strong></span> <span class='ocrx_word' id='word_1_908' title='bbox 3126 5068 3302 5112; x_wconf 92' lang='lat' dir='ltr'><strong>autem</strong></span> <span class='ocrx_word' id='word_1_909' title='bbox 3319 5072 3516 5112; x_wconf 86' lang='lat' dir='ltr'><strong>omnes</strong></span> <span class='ocrx_word' id='word_1_910' title='bbox 3543 5055 3736 5111; x_wconf 88' lang='lat' dir='ltr'><strong>adsunt</strong></span> <span class='ocrx_word' id='word_1_911' title='bbox 3758 5066 3814 5112; x_wconf 84' lang='lat' dir='ltr'><strong>et</strong></span> 
     </span>
    </p>
   </div>
   <div class='ocr_carea' id='block_1_114' title="bbox 2237 5147 3811 5221">
    <p class='ocr_par' dir='ltr' id='par_1_114' title="bbox 2237 5147 3811 5221">
     <span class='ocr_line' id='line_1_114' title="bbox 2237 5147 3811 5221; baseline -0.004 -12"><span class='ocrx_word' id='word_1_912' title='bbox 2237 5163 2622 5220; x_wconf 89' lang='lat' dir='ltr'><strong>convenerunt,</strong></span> <span class='ocrx_word' id='word_1_913' title='bbox 2680 5163 2733 5206; x_wconf 92' lang='lat' dir='ltr'><strong>et</strong></span> <span class='ocrx_word' id='word_1_914' title='bbox 2785 5163 2837 5206; x_wconf 93' lang='lat' dir='ltr'><strong>te</strong></span> <span class='ocrx_word' id='word_1_915' title='bbox 2889 5150 3086 5221; x_wconf 87' lang='lat' dir='ltr'><strong>aliquid</strong></span> <span class='ocrx_word' id='word_1_916' title='bbox 3136 5151 3350 5204; x_wconf 90' lang='lat' dir='ltr'><strong>doctum</strong></span> <span class='ocrx_word' id='word_1_917' title='bbox 3395 5157 3449 5202; x_wconf 90' lang='lat' dir='ltr'><strong>et</strong></span> <span class='ocrx_word' id='word_1_918' title='bbox 3493 5147 3811 5217; x_wconf 64' lang='lat' dir='ltr'><strong>praeclarum</strong></span> 
     </span>
    </p>
   </div>
   <div class='ocr_carea' id='block_1_115' title="bbox 2234 5240 3812 5314">
    <p class='ocr_par' dir='ltr' id='par_1_115' title="bbox 2234 5240 3812 5314">
     <span class='ocr_line' id='line_1_115' title="bbox 2234 5240 3812 5314; baseline -0.005 -12"><span class='ocrx_word' id='word_1_919' title='bbox 2234 5249 2500 5302; x_wconf 88' lang='lat' dir='ltr'><strong>dicturum</strong></span> <span class='ocrx_word' id='word_1_920' title='bbox 2544 5259 2603 5300; x_wconf 90' lang='lat' dir='ltr'><strong>es</strong></span> <span class='ocrx_word' id='word_1_921' title='bbox 2632 5244 2917 5314; x_wconf 91' lang='lat' dir='ltr'><strong>pollicitus,</strong></span> <span class='ocrx_word' id='word_1_922' title='bbox 2946 5243 3077 5296; x_wconf 87' lang='lat' dir='ltr'><strong>nihil</strong></span> <span class='ocrx_word' id='word_1_923' title='bbox 3109 5242 3281 5295; x_wconf 89' lang='lat' dir='ltr'><strong>adhuc</strong></span> <span class='ocrx_word' id='word_1_924' title='bbox 3311 5243 3555 5309; x_wconf 90' lang='lat' dir='ltr'><strong>loquutus</strong></span> <span class='ocrx_word' id='word_1_925' title='bbox 3578 5282 3592 5304; x_wconf 93' lang='lat'><strong>,</strong></span> <span class='ocrx_word' id='word_1_926' title='bbox 3625 5240 3812 5294; x_wconf 89' lang='lat' dir='ltr'><strong>relicto</strong></span> 
     </span>
    </p>
   </div>
   <div class='ocr_carea' id='block_1_116' title="bbox 2234 5324 3813 5403">
    <p class='ocr_par' dir='ltr' id='par_1_116' title="bbox 2234 5324 3813 5403">
     <span class='ocr_line' id='line_1_116' title="bbox 2234 5324 3813 5403; baseline -0.007 -10"><span class='ocrx_word' id='word_1_927' title='bbox 2234 5338 2354 5395; x_wconf 89' lang='lat' dir='ltr'><strong>loco</strong></span> <span class='ocrx_word' id='word_1_928' title='bbox 2397 5337 2668 5401; x_wconf 88' lang='lat' dir='ltr'><strong>doctoris,</strong></span> <span class='ocrx_word' id='word_1_929' title='bbox 2721 5324 2976 5390; x_wconf 75' lang='lat' dir='ltr'><strong>auditoris</strong></span> <span class='ocrx_word' id='word_1_930' title='bbox 3029 5344 3204 5403; x_wconf 86' lang='lat' dir='ltr'><strong>partes</strong></span> <span class='ocrx_word' id='word_1_931' title='bbox 3250 5332 3493 5400; x_wconf 88' lang='lat' dir='ltr'><strong>suscipis.</strong></span> <span class='ocrx_word' id='word_1_932' title='bbox 3543 5328 3813 5383; x_wconf 77' lang='lat' dir='ltr'><strong>Inclinatio</strong></span> 
     </span>
    </p>
   </div>
   <div class='ocr_carea' id='block_1_117' title="bbox 2235 5421 3810 5501">
    <p class='ocr_par' dir='ltr' id='par_1_117' title="bbox 2235 5421 3810 5501">
     <span class='ocr_line' id='line_1_117' title="bbox 2235 5421 3810 5501; baseline -0.007 -14"><span class='ocrx_word' id='word_1_933' title='bbox 2235 5435 2375 5488; x_wconf 87' lang='lat' dir='ltr'><strong>enim</strong></span> <span class='ocrx_word' id='word_1_934' title='bbox 2398 5474 2413 5500; x_wconf 92' lang='lat'><strong>,</strong></span> <span class='ocrx_word' id='word_1_935' title='bbox 2444 5432 2643 5501; x_wconf 91' lang='lat' dir='ltr'><strong>inquit,</strong></span> <span class='ocrx_word' id='word_1_936' title='bbox 2676 5431 2726 5483; x_wconf 88' lang='lat' dir='ltr'><strong>in</strong></span> <span class='ocrx_word' id='word_1_937' title='bbox 2756 5428 3046 5498; x_wconf 80' lang='lat' dir='ltr'><strong>pambolam</strong></span> <span class='ocrx_word' id='word_1_938' title='bbox 3073 5442 3245 5479; x_wconf 88' lang='lat' dir='ltr'><strong>aurem</strong></span> <span class='ocrx_word' id='word_1_939' title='bbox 3273 5439 3454 5477; x_wconf 88' lang='lat' dir='ltr'><strong>meam.</strong></span> <span class='ocrx_word' id='word_1_940' title='bbox 3491 5423 3666 5488; x_wconf 88' lang='lat' dir='ltr'><strong>Quare</strong></span> <span class='ocrx_word' id='word_1_941' title='bbox 3709 5421 3810 5476; x_wconf 89' lang='lat' dir='ltr'><strong>hoc</strong></span> 
     </span>
    </p>
   </div>
   <div class='ocr_carea' id='block_1_118' title="bbox 2237 5511 3812 5592">
    <p class='ocr_par' dir='ltr' id='par_1_118' title="bbox 2237 5511 3812 5592">
     <span class='ocr_line' id='line_1_118' title="bbox 2237 5511 3812 5592; baseline -0.008 -14"><span class='ocrx_word' id='word_1_942' title='bbox 2237 5526 2396 5580; x_wconf 89' lang='lat' dir='ltr'><strong>facit?</strong></span> <span class='ocrx_word' id='word_1_943' title='bbox 2421 5525 2591 5580; x_wconf 84' lang='lat' dir='ltr'><strong>Valde</strong></span> <span class='ocrx_word' id='word_1_944' title='bbox 2611 5521 2920 5592; x_wconf 90' lang='lat' dir='ltr'><strong>prudenter,</strong></span> <span class='ocrx_word' id='word_1_945' title='bbox 2947 5527 3000 5574; x_wconf 90' lang='lat' dir='ltr'><strong>et</strong></span> <span class='ocrx_word' id='word_1_946' title='bbox 3023 5526 3413 5587; x_wconf 88' lang='lat' dir='ltr'><strong>consequenter</strong></span> <span class='ocrx_word' id='word_1_947' title='bbox 3439 5513 3502 5568; x_wconf 86' lang='lat' dir='ltr'><strong>iis</strong></span> <span class='ocrx_word' id='word_1_948' title='bbox 3531 5529 3648 5583; x_wconf 74' lang='lat' dir='ltr'><strong>quin</strong></span> <span class='ocrx_word' id='word_1_949' title='bbox 3669 5511 3812 5566; x_wconf 86' lang='lat' dir='ltr'><strong>dicta</strong></span> 
     </span>
    </p>
   </div>
   <div class='ocr_carea' id='block_1_119' title="bbox 2233 5605 3814 5684">
    <p class='ocr_par' dir='ltr' id='par_1_119' title="bbox 2233 5605 3814 5684">
     <span class='ocr_line' id='line_1_119' title="bbox 2233 5605 3814 5684; baseline -0.009 -12"><span class='ocrx_word' id='word_1_950' title='bbox 2233 5627 2375 5672; x_wconf 89' lang='lat' dir='ltr'><strong>sunt.</strong></span> <span class='ocrx_word' id='word_1_951' title='bbox 2421 5616 2681 5684; x_wconf 87' lang='lat' dir='ltr'><strong>Quoniam</strong></span> <span class='ocrx_word' id='word_1_952' title='bbox 2724 5613 2868 5668; x_wconf 91' lang='lat' dir='ltr'><strong>enim</strong></span> <span class='ocrx_word' id='word_1_953' title='bbox 2895 5611 3066 5677; x_wconf 83' lang='lat' dir='ltr'><strong>dixit,</strong></span> <span class='ocrx_word' id='word_1_954' title='bbox 3102 5610 3309 5680; x_wconf 88' lang='lat' dir='ltr'><strong>Loquar</strong></span> <span class='ocrx_word' id='word_1_955' title='bbox 3343 5605 3690 5676; x_wconf 88' lang='lat' dir='ltr'><strong>sapientiam,</strong></span> <span class='ocrx_word' id='word_1_956' title='bbox 3743 5616 3814 5657; x_wconf 84' lang='lat' dir='ltr'><strong>ne</strong></span> 
     </span>
    </p>
   </div>
   <div class='ocr_carea' id='block_1_120' title="bbox 2232 5694 3812 5780">
    <p class='ocr_par' dir='ltr' id='par_1_120' title="bbox 2232 5694 3812 5780">
     <span class='ocr_line' id='line_1_120' title="bbox 2232 5694 3812 5780; baseline -0.012 -15"><span class='ocrx_word' id='word_1_957' title='bbox 2232 5711 2351 5780; x_wconf 87' lang='lat' dir='ltr'><strong>quis</strong></span> <span class='ocrx_word' id='word_1_958' title='bbox 2370 5709 2701 5764; x_wconf 83' lang='lat' dir='ltr'><strong>existimaret</strong></span> <span class='ocrx_word' id='word_1_959' title='bbox 2721 5721 2839 5760; x_wconf 89' lang='lat' dir='ltr'><strong>esse</strong></span> <span class='ocrx_word' id='word_1_960' title='bbox 2866 5703 3152 5757; x_wconf 89' lang='lat' dir='ltr'><strong>humanum</strong></span> <span class='ocrx_word' id='word_1_961' title='bbox 3175 5699 3315 5772; x_wconf 90' lang='lat' dir='ltr'><strong>quod</strong></span> <span class='ocrx_word' id='word_1_962' title='bbox 3337 5697 3546 5760; x_wconf 83' lang='lat' dir='ltr'><strong>dicitur,</strong></span> <span class='ocrx_word' id='word_1_963' title='bbox 3572 5706 3626 5750; x_wconf 88' lang='lat' dir='ltr'><strong>et</strong></span> <span class='ocrx_word' id='word_1_964' title='bbox 3645 5694 3812 5749; x_wconf 82' lang='lat' dir='ltr'><strong>medi-</strong></span> 
     </span>
    </p>
   </div>
   <div class='ocr_carea' id='block_1_121' title="bbox 2228 5789 3811 5866">
    <p class='ocr_par' dir='ltr' id='par_1_121' title="bbox 2228 5789 3811 5866">
     <span class='ocr_line' id='line_1_121' title="bbox 2228 5789 3811 5866; baseline -0.011 -9"><span class='ocrx_word' id='word_1_965' title='bbox 2228 5804 2484 5859; x_wconf 78' lang='lat' dir='ltr'><strong>tationem</strong></span> <span class='ocrx_word' id='word_1_966' title='bbox 2513 5797 2690 5859; x_wconf 86' lang='lat' dir='ltr'><strong>cordis</strong></span> <span class='ocrx_word' id='word_1_967' title='bbox 2708 5837 2728 5866; x_wconf 89' lang='lat'><strong>,</strong></span> <span class='ocrx_word' id='word_1_968' title='bbox 2754 5811 2821 5853; x_wconf 86' lang='lat' dir='ltr'><strong>ne</strong></span> <span class='ocrx_word' id='word_1_969' title='bbox 2845 5795 3063 5852; x_wconf 85' lang='lat' dir='ltr'><strong>haberet</strong></span> <span class='ocrx_word' id='word_1_970' title='bbox 3084 5802 3384 5864; x_wconf 83' lang='lat' dir='ltr'><strong>suspectam</strong></span> <span class='ocrx_word' id='word_1_971' title='bbox 3410 5790 3524 5860; x_wconf 70' lang='lat' dir='ltr'><strong>eius</strong></span> <span class='ocrx_word' id='word_1_972' title='bbox 3550 5789 3811 5844; x_wconf 74' lang='lat' dir='ltr'><strong>inventio-</strong></span> 
     </span>
    </p>
   </div>
  </div>
