4108 6344
507 382 614 437 2‘25

511 500 619 567 γὰρ
663 495 979 550 διδασκάλου
1017 496 1292 568 ἀκροατὴν
1327 498 1438 568 ὁρῶ
1479 498 1594 553 νῦν.
1644 497 1934 561 Ἐκάλεσας
1980 496 2077 567 μὲν

512 584 620 651 γὰρ
642 582 718 643 ὡς
742 581 1145 653 ἀκουσομένους
1165 582 1217 634 τί
1239 586 1538 654 χρήσιμονο
1569 585 1707 655 μετὰ
1731 585 1788 637 δὲ
1814 584 1874 637 τὺ
1899 600 2079 654 παρα-

512 663 761 732 γενέσθαι
785 664 880 718 καὶ
902 667 1229 733 συναγαγεῖν
1254 665 1525 731 ἅπαντας,
1543 668 1636 721 καὶ
1655 666 2081 736 ἐπαγγείλασθαί

514 766 566 803 τι
583 748 744 817 σοφὸν
761 750 925 817 ἐρεῖν,
946 748 1100 801 οὐδὲν
1123 749 1333 802 οὐδέπω
1351 764 1370 785 ·
1396 750 1789 821 φθεγξάμενος,
1809 752 1967 819 ἀφεὶς
1987 748 2080 803 τοῦ

515 824 831 881 διδασκάλου
859 827 959 898 τὴν
993 827 1166 894 τάξιν,
1206 831 1286 891 είς
1316 829 1410 882 τοῦ
1441 830 1709 900 ἀκροατοῦ
1741 830 2084 900 μεταϐαίνεις

516 911 718 984 χώραν.
767 911 963 965 Κλινῶ
1000 911 1127 983 γὰρ,
1161 914 1345 982 φησὶν,
1376 916 1464 979 είς
1492 914 1844 981 παραϐολὴν
1870 913 1935 967 τὸ
1974 908 2084 979 οὖς

508 1012 649 1065 μου.
672 990 828 1058 Τίνος
860 994 1042 1047 ἕνεκεν
1075 994 1233 1047 τοῦτο
1257 999 1434 1060 ποιεῖ;
1470 997 1681 1067 Σφόδρα
1706 997 1958 1058 συνετῶς.
1990 994 2085 1048 καὶ

514 1076 819 1139 ἀκολούθως
844 1079 956 1139 τοῖς
982 1077 1311 1148 εἰρημένοις.
1343 1078 1559 1146 Ἐπειδὴ
1575 1078 1683 1149 γὰρ
1704 1075 2087 1147 εἷπε,Λαλὴσω

517 1160 728 1228 σοφίαν,
780 1159 866 1211 ἵνα
903 1160 974 1228 μή
1004 1176 1090 1222 τις
1127 1159 1467 1231 ἀνθρώπινον
1511 1160 1571 1213 τὸ
1610 1159 1901 1230 λεγόμενον
1947 1156 2088 1214 εἶναι

515 1245 732 1314 νομίσῃ.
768 1244 861 1296 καὶ
898 1243 1127 1313 μελέτην
1160 1244 1404 1314 καρδίας,
1451 1244 1535 1296 ἵνα
1569 1243 1642 1314 μὴ
1683 1244 1847 1297 αὑτοῦ
1872 1243 2089 1315 εὕρημα

517 1323 851 1394 ὑποπτεύσῃ,
870 1322 1105 1376 δείκνυσι
1120 1323 1208 1376 διὰ
1229 1324 1450 1387 τούτων,
1464 1325 1545 1377 δτι
1564 1324 1682 1377 θεῖα
1701 1323 1768 1377 τά
1797 1323 2086 1392 λεγόμενα,

517 1414 611 1465 καὶ
658 1413 738 1465 ὅτι
772 1413 923 1465 οῦδὲν
967 1412 1097 1465 ἴδιον
1132 1411 1454 1481 φθέγγεται,
1512 1413 1627 1466 ἀλλ’
1679 1413 1822 1482 ἅπερ
1863 1413 2082 1481 ἤκουσε,

516 1496 689 1549 ταῦτα
715 1495 880 1563 λέγει.
914 1494 1141 1548 ’Έκλινα
1164 1495 1291 1564 γάρ,
1324 1498 1478 1565 φησὶ,
1503 1496 1563 1547 τὸ
1592 1490 1686 1558 οῦς
1719 1511 1820 1565 μου
1846 1493 1924 1563 τῷ
1948 1494 2089 1563 Θεῷ,

516 1581 724 1650 ἥκουσα
768 1578 897 1650 παρ’
931 1578 1160 1641 ἐκείνου,
1215 1579 1311 1632 καὶ
1360 1579 1437 1654 τὲς
1457 1579 1663 1632 ἄνωθεν
1701 1577 2092 1647 κατενεχθέντα

519 1666 599 1727 εἱς
630 1665 727 1734 τὴν
764 1664 1000 1717 διάνοιαν
1022 1664 1118 1733 τὴν
1144 1664 1303 1734 ἐμὴν,
1331 1661 1501 1716 ταῦτα
1525 1662 1687 1732 λέγω.
1723 1663 1923 1733 Διόπερ
1950 1660 2042 1714 καὶ
2065 1661 2093 1713 6

530 1750 754 1809 Ἡσαΐας
780 1747 964 1815 ἔλεγε·
1012 1749 1224 1815 Κύριος
1258 1746 1469 1799 δίδωσί
1505 1763 1608 1815 μοι
1640 1745 1932 1815 γλῶσσαν
1963 1757 2095 1796 παιο

520 1832 683 1896 δείας
708 1830 811 1884 τοῦ
852 1828 1093 1899 γνῶναι,
1121 1831 1302 1896 ἡνίκα
1325 1828 1420 1881 δεῖ
1441 1829 1632 1882 εἰπεῖν
1659 1828 1847 1894 ,λόγον
1872 1844 1885 1857 ·
1918 1841 2095 1893 προσ-

521 1913 696 1981 έθηκέ
745 1932 847 1982 μοι
895 1914 1071 1967 ὠτίον
1103 1913 1366 1966 ἀκούειν.
1406 1912 1518 1965 Καὶ
1563 1914 1591 1965 6
1640 1911 1851 1974 Παῦλος
1895 1910 2092 1964 πάλιν*

534 1996 598 2051 Ἠ
621 1996 818 2061 πίστις
847 1995 915 2059 ἐξ
944 1993 1155 2062 ἀκοῆς,
1184 1995 1222 2063 ἠ
1243 1994 1310 2047 δὲ
1329 1993 1481 2061 ἀκοὴ
1509 1994 1605 2048 διὰ
1626 1993 1895 2063 ῥήματος
1924 1992 2093 2047 Θεοῦ.

532 2080 696 2150 Ὁρᾷς
733 2081 826 2131 καὶ
857 2080 1060 2131 ἐκεῖνον
1084 2078 1355 2149 ἀκροατὴν
1382 2078 1666 2148 γινόμενον
1694 2077 1978 2148 πρότερον,
2004 2076 2097 2129 καὶ

519 2162 641 2214 τότε
672 2160 1025 2222 διδάσκαλον;
1082 2161 1173 2213 Διὸ
1210 2163 1301 2214 καὶ
1336 2162 1521 2232 ἐτερος
1556 2160 1896 2231 ἑρμηνευτὴς
1923 2158 2095 2225 ἔλεγε,

522 2244 631 2298 Καὶ
666 2245 968 2313 μινυρίσει
988 2245 1027 2311 ὴ
1057 2243 1270 2309 καρδία
1292 2261 1432 2311 μου.
1475 2243 1539 2295 Τί
1574 2244 1711 2303 ἐστι,
1745 2241 2098 2306 Μινυρι’σει;

478 2318 481 2321 ’
526 2327 769 2398 ’ᾼσεται,
803 2326 1016 2396 ψαλμόν
1053 2342 1174 2380 τινα
1203 2327 1318 2396 ἐρεῖ
1342 2326 1732 2395 πνευματικόν.
1764 2326 1827 2377 EE
1855 2324 1912 2376 δέ
1955 2322 2099 2393 μελέ-

521 2426 620 2478 την
665 2409 831 2476 λέγει,
883 2409 956 2479 μὴ
1001 2407 1342 2480 θορυϐηθῇς·
1390 2408 1426 2463 ἃ
1456 2409 1563 2477 γὰρ
1609 2408 1800 2461 ἐλαϐεν
1845 2406 1954 2460 ἀπὸ
2003 2405 2096 2458 τοῦ

523 2492 855 2562 Πνεύματος,
878 2491 1048 2545 ταῦτα
1074 2491 1335 2562 διηνεκῶς
1363 2492 1616 2563 ἐμελέτα,
1644 2493 1738 2545 καὶ
1765 2493 1895 2561 παρ’
1922 2489 2098 2560 ἐαυτῷ

523 2574 779 2638 ἀνεκίνει,
813 2576 906 2627 καὶ
933 2574 1054 2629 τότε
1091 2575 1451 2645 ἀνακινήσας,
1490 2577 1569 2637 εἰς
1612 2574 1738 2637 τοὺς
1777 2573 1966 2638 ἄλλους
2011 2572 2099 2637 ἐξ·-

523 2658 709 2730 έφερε.
748 2657 812 2711 Τί
842 2656 896 2709 δέ
928 2659 1096 2721 ἐστιν,
1121 2659 1223 2723 Είς
1246 2657 1629 2727 παραϐολήν;
1679 2655 2099 2727 Πολυσήμαντόν

522 2743 576 2793 τί
606 2743 722 2793 ἐστι
760 2739 820 2793 τὸ
844 2739 1035 2811 ὄνομα.
1094 2741 1250 2793 Ἐστι
1279 2743 1387 2809 γὰρ
1419 2741 1700 2812 παραϐολὴ
1733 2740 1974 2810 λάλημα,
2006 2738 2101 2791 καὶ

526 2824 859 2893 ὑπόδειγμα,
909 2824 1005 2877 καὶ
1056 2825 1384 2895 ὀνειδισμὸς,
1430 2825 1505 2888 ὡς
1548 2825 1673 2877 ὅταν
1699 2823 1868 2893 λέγῃ·
1924 2823 2099 2875 Ἕθου

524 2909 683 2979 ἡμᾶς
710 2913 797 2976 είς
828 2909 1180 2977 παραϐολὴν
1208 2909 1278 2961 ἑν
1314 2909 1439 2975 τοῖς
1468 2908 1696 2965 ἔθνεσι,
1730 2908 1975 2972 κίνησιν
2008 2921 2102 2957 κει

524 2992 728 3063 φαλῆς
751 2993 821 3045 ἐν
848 2992 974 3058 τοῖς
994 2991 1187 3056 λαοῖς.
1219 2992 1375 3044 Ἐστι
1403 2989 1685 3062 παραϐολὴ
1719 2991 1813 3042 καὶ
1843 2990 2103 3057 αἰνιγμα-

523 3076 701 3147 τὼδης
728 3077 903 3145 λόγος,
926 3076 955 3129 6
982 3074 1168 3129 πολλοὶ
1195 3075 1413 3142 λέγουσι
1448 3073 1684 3145 ζήτημα.
1714 3074 1975 3144 ἐμφαῖνον
2007 3071 2105 3142 μέν

525 3178 600 3224 τι,
638 3162 739 3213 οὐκ
769 3160 994 3214 αὐτόθεν
1021 3158 1078 3212 δὲ
1116 3158 1273 3229 δῆλον
1305 3157 1365 3211 ὃν
1395 3158 1503 3211 ἀπὸ
1530 3157 1639 3211 τῶν
1675 3157 1955 3228 ῥημάτων,
1990 3154 2105 3208 ἀλλ’

528 3246 648 3314 ἕχον
669 3245 818 3308 ἐντδς
840 3242 1230 3315 κεκρυμμένην
1252 3241 1512 3300 διάνοιαν.
1535 3236 1624 3295 οἷα
1644 3242 1713 3294 τά
1736 3239 1830 3294 τοῦ
1845 3237 2104 3309 Σαμψὼν,

527 3328 564 3382 ὃ.
596 3327 777 3394 ἔλεγεν
798 3343 811 3355 ·
874 3324 1167 3394 Ἐξῆλθεν
1201 3325 1318 3379 ἀπὸ
1361 3324 1672 3388 ἐσθίοντος
1706 3320 1970 3391 βρῶσις.
2008 3320 2107 3375 καί

528 3411 649 3466 ἀπὸ
684 3409 936 3479 ἰσχυροῦ
977 3408 1169 3478 γλυκύ
1192 3424 1205 3438 ⁸
1257 3408 1351 3462 καὶ
1392 3409 1421 3460 6
1459 3406 1736 3478 Σολομὼν,
1788 3405 2016 3471 Νοήσει
2044 3421 2109 3459 τε

531 3492 904 3561 παραϐολὴν,
938 3491 1037 3545 καί
1065 3489 1385 3546 σκοτεινὸν
1405 3490 1610 3559 λόγον.
1657 3489 1885 3557 Λέγεται
1929 3505 2108 3557 παρα-

532 3576 664 3646 ϐολὴ
697 3576 790 3628 καὶ
816 3578 848 3644 ἡ
878 3575 1137 3644 ὁμοίωσις
1156 3590 1171 3605 ο
1203 3576 1430 3639 Ἄλλην
1468 3571 1822 3639 παραϐολὴν
1849 3570 2108 3640 παρέθη-

532 3677 642 3714 κεν
674 3657 876 3723 αὐτοῖς
907 3657 1099 3728 λέγων
1121 3674 1135 3691 ο
1186 3658 1384 3727 Ὁμοία
1413 3656 1585 3710 ἐστὶν
1621 3655 1964 3723 ἠβασιλεία
1995 3652 2113 3706 τῶν

532 3741 806 3811 οὐρανῶν
838 3739 1123 3810 ἀνθρώπῳ
1142 3741 1445 3808 σπείροντι
1489 3739 1681 3793 καλὸν
1710 3737 1963 3807 σπέρμα.
2008 3738 2114 3789 Πα-

538 3825 739 3898 ραϐολὴ
785 3825 1000 3894 λέγεται
1061 3824 1155 3878 καὶ
1204 3823 1570 3894 τροπολογία’
1634 3820 1729 3875 Υίὲ
1773 3817 2109 3887 ἀνθρώπου,

533 3910 665 3964 εἰπὲ
701 3909 815 3975 τὴν
846 3907 1199 3975 παραϐολὴν
1226 3908 1454 3974 ταύτην
1490 3905 1715 3971 αὐτοῖς.
1782 3905 1845 3956 Ὀ
1878 3903 2050 3968 ἀετὸς
2080 3905 2112 3955 ό

535 3992 735 4063 μέγας,
758 3994 790 4044 ὁ
809 3991 1325 4061 μεγαλοπτέρυγος
1348 4007 1361 4020 ·
1385 3990 1543 4043 ἀετὸν
1558 3988 1731 4056 λέγων
1754 3987 1844 4039 τὸν
1867 3985 2108 4056 βασιλέα.

535 4076 825 4149 Παραϐολὴ
840 4076 1053 4143 λέγεται
1080 4076 1175 4127 καὶ
1196 4074 1384 4139 τύπος,
1405 4074 1499 4127 καὶ
1519 4072 1704 4135 εἰκὼν,
1726 4070 1978 4141 καθάπερ
2008 4069 2116 4123 δεί-

537 4177 692 4213 κνυσι
719 4160 815 4212 καὶ
852 4160 877 4210 ὁ
900 4158 1113 4219 Παῦλος
1142 4157 1349 4225 λέγων·
1379 4157 1581 4209 Πίστει
1604 4152 1976 4222 προενήνοχε
2008 4150 2116 4204 τὸν

549 4242 770 4310 Ἰσαὰκ,
819 4240 1262 4309 πειραζόμενος.
1308 4239 1406 4294 καὶ
1440 4239 1549 4293 τὸν
1587 4235 1887 4308 μονογενῆ
1935 4250 2117 4302 προσ-

536 4324 746 4393 έφερεν
776 4327 807 4377 ό
832 4324 937 4389 τὰς
967 4323 1326 4390 ἐπαγγελίας
1359 4321 1685 4390 δεξάμενος
1703 4339 1717 4352 ο
1750 4320 1889 4375 ὅθεν
1919 4319 2016 4373 καί
2047 4318 2117 4371 ἐν

536 4397 849 4467 παραϐολῇ
884 4399 1074 4452 αὐτὸν
1115 4398 1460 4467 ιζὐινομίσατο⁸
1521 4398 1815 4462 τουτέστιν,
1862 4400 1919 4452 ἐν
1966 4399 2124 4470 τύπῳ

542 4485 636 4538 καὶ
669 4487 726 4536 ἐν
761 4484 949 4537 εἰκόνι.

612 4574 681 4636 γ’,
705 4566 853 4640 1207]
882 4566 947 4621 Τί
963 4563 1055 4622 οὖν
1072 4566 1303 4621 ἐνταῦθα
1326 4566 1572 4636 βούλεται
1595 4566 1745 4639 αὐτῷ
1767 4569 1799 4639 ἡ
1820 4567 2127 4640 παραϐολήζ

551 4648 706 4721 Ἐμοὶ
734 4650 882 4702 δοκεῖ
928 4649 988 4702 τὸ
1017 4649 1261 4720 διήγημα
1302 4648 1501 4719 λέγειν.
1558 4650 1620 4702 Et
1649 4650 1706 4703 δέ
1745 4649 2115 4719 αἰνιγματώδη

543 4733 796 4787 ποιεῖτον
820 4732 976 4801 λόγον
998 4734 1092 4785 καὶ
1116 4732 1315 4805 πολλὴν
1336 4732 1526 4804 ἔχοντα
1541 4733 1641 4803 τὴν
1655 4733 1960 4792 δυσκολίαν,
1984 4732 2116 4803 μηδὲ

540 4815 717 4880 οὕτως
759 4815 1096 4888 θορυϐηθῇςο
1151 4817 1237 4869 ἵνα
1273 4819 1383 4888 γὰρ
1419 4817 1659 4889 διεγείρῃ
1689 4817 1781 4871 τὸν
1818 4817 2114 4889 ἀκροατὴν,

541 4898 700 4952 τοῦτο
737 4901 900 4960 ποιεῖ,
928 4898 1102 4962 ἄλλως
1133 4898 1189 4952 δέ
1217 4901 1311 4953 καὶ
1355 4901 1542 4965 ἐπειδὴ
1581 4901 1808 4964 πολλοὺς
1836 4903 1868 4970 ἡ
1900 4900 2118 4954 εὐκολία

544 4986 627 5047 είς
656 4983 926 5054 ρᾳθυμίαν
947 4982 1088 5050 ἄγει,
1115 4982 1205 5037 διὰ
1228 4983 1387 5037 τοῦτο
1414 4988 1471 5038 ἐν
1500 4986 1777 5056 παραϐολῇ
1800 4984 2114 5053 φθέγγεται.

555 5065 711 5121 Ἐπεὶ
743 5067 837 5121 καὶ
884 5067 914 5119 6
953 5067 1185 5136 Χριστὸς
1222 5067 1391 5121 πολλά
1437 5069 1495 5120 ἐν
1543 5069 1879 5140 παραϐολαῖς
1917 5068 2116 5130 ἐλάλει,

546 5153 665 5205 κατ’
700 5151 834 5204 ἰδίαν
867 5151 924 5205 δέ
954 5154 1066 5214 τοῖς
1108 5151 1376 5222 μαθηταῖς
1409 5152 1599 5206 ἐπέλυε
1646 5151 1869 5214 ταύτας.
1914 5151 1979 5204 Ἦ
2013 5151 2120 5223 γάρ

547 5234 832 5306 παραϐολὴ
858 5236 950 5288 τὸν
977 5237 1124 5297 ἀξιον
1146 5236 1239 5287 καὶ
1268 5236 1367 5287 οὐκ
1394 5235 1543 5300 ἀξιον
1566 5234 1764 5305 διαιρεῖ
1784 5250 1797 5262 ’
1822 5235 1850 5285 ὁ
1884 5234 1982 5303 μέν
2011 5233 2121 5305 γὰρ

547 5318 695 5383 ἄξιος
718 5318 937 5387 ἐκζητεῖ
954 5313 1079 5369 ⁸⁸τά
1090 5318 1356 5387 λεγόμενα
1374 5320 1574 5388 εὑρεῖν,
1593 5320 1620 5370 6
1642 5317 1697 5369 δέ
1714 5316 1929 5381 ἀνάξιος
1951 5333 2123 5388 παρα-

547 5405 766 5475 τρέχει·
804 5403 939 5472 ὅπερ
973 5401 1067 5454 καὶ
1098 5400 1217 5453 τότε
1244 5401 1470 5467 ἐγίνετο.
1503 5402 1565 5453 Οἱ
1593 5400 1690 5471 μὲν
1716 5401 1821 5472 γὰρ
1876 5401 2121 5455 Ἰουδαῖοι

548 5487 669 5541 οὐδὲ
693 5486 799 5540 ὑπὸ
825 5487 922 5557 τῆς
947 5484 1229 5548 δυσκολίας
1258 5484 1643 5556 διεγειρόμενοι
1675 5484 1810 5555 πρὸς
1840 5481 1939 5555 τὴν
1981 5484 2119 5556 ἐρώ-

528 5710 531 5717 .
613 5672 636 5699 “
661 5672 831 5721 Morel.
857 5672 1097 5720 οὐδέποτε.
1116 5672 1262 5723 Savil.
1289 5680 1341 5721 et
1359 5672 1440 5722 alii
1466 5673 1667 5723 οὐδέπω.

610 5727 656 5766 n'
684 5726 903 5781 Savil.et
928 5734 1263 5803 auitam-cei.
1290 5735 1408 5784 Infra
1434 5736 1652 5796 quaedam
1674 5735 1880 5784 deerant
1898 5731 1946 5783 in
1971 5734 2125 5799 edito,

552 5808 665 5860 qua
687 5808 748 5844 ex
773 5808 885 5843 mss.
914 5801 1162 5845 restituta.

1267 380 1325 437 S.
1363 378 1644 436 JOANNIS
1681 376 2169 433 CHRYSOSTUMI
2213 376 2528 434 ARCIIIEP.
2572 376 3113 437 CONSTANTINOP.

3639 379 3747 436 2‘26

2182 510 2339 564 τησιν
2364 494 2631 548 εἶλκοντο·
2676 495 2820 550 οὕτω
2852 494 3107 559 καθάπαξ
3125 493 3186 549 ού
3215 495 3500 565 προσεῖχον
3522 496 3633 558 τοῖς
3660 497 3749 550 λε-

2181 576 2448 646 γομένοις.
2496 577 2697 632 Ἱκανὸν
2729 579 2785 633 δὲ
2804 581 2833 619 ι’
2861 579 3019 633 τοῦτο
3051 578 3188 649 πρὸς
3219 575 3442 645 ζήτησιν
3466 576 3748 647 διεγεῖραι,

2181 660 2308 712 ὅταν
2403 678 2457 714 τι
2485 660 2962 730 συνεσκιαομένον.
3012 662 3104 714 Διὸ
3140 659 3233 713 καὶ
3264 662 3292 713 6
3320 658 3555 729 Χριστὸς
3580 659 3750 715 ἐποίει

2181 743 2302 795 τότε
2328 743 2503 806 τοῦτο,
2531 744 2625 796 καὶ
2658 745 2715 796 ἐν
2742 744 3080 814 παραϐολαῖς
3124 742 3324 809 ἐλάλει,
3367 740 3627 810 ἐρεθίζων
3642 738 3753 796 ,καὶ

2182 825 2463 898 διεγείρων
2488 827 2683 889 αὐτοὺς
2710 827 2845 898 πρὸς
2885 826 3180 897 ἐπιθυμίαν
3209 825 3527 896 ἀκροάσεως
3552 827 3753 878 ἀναπε-

2184 911 2469 974 πτωκότας
2486 910 2579 962 καῖ⁹
2600 910 2960 974 καθεύδοντας
2975 926 2987 939 ·
3008 909 3121 963 ἀλλ’
3139 909 3259 962 ούδέ
3280 906 3421 961 οὕτω
3437 909 3720 979 προσεῖχον
3733 921 3752 940 ³

2184 996 2233 1047 οἱ
2262 994 2318 1048 δέ
2347 994 2585 1065 μαθηταὶ
2608 995 2980 1065 προσέκειντο,
3029 994 3123 1047 καὶ
3151 991 3473 1061 ἀγνοοῦντες
3505 990 3756 1062 ἐνέμενον

2183 1077 2249 1130 δι’
2288 1076 2417 1131 αὐτὸ
2462 1077 2620 1131 τοῦτο
2663 1077 2915 1148 μάλιστα,
2964 1077 3046 1130 ὅτι
3077 1075 3324 1146 ἠγνόουν.
3385 1074 3477 1128 Διδ
3507 1074 3600 1127 καὶ
3637 1073 3757 1127 κατ’

2190 1161 2327 1215 ἰδίαν
2368 1162 2522 1214 ἐλυεν
2566 1164 2748 1225 αὐτοῖς
2787 1161 2887 1225 τὰς
2933 1160 3265 1231 παραϐολάς.
3313 1159 3411 1212 Διά
3456 1158 3615 1212 τοῦτο
3665 1158 3759 1210 καὶ

2186 1238 2341 1309 οὗτός
2370 1264 2500 1316 φησι
2517 1263 2529 1275 ·
2569 1246 2764 1300 Κλινῶ
2791 1249 2877 1311 είς
2902 1245 3254 1313 παραϐολὴν
3273 1243 3340 1296 τὸ
3359 1236 3469 1308 οὖς
3494 1258 3631 1309 μου,
3653 1240 3757 1295 ἂν·

2187 1329 2329 1393 οίξω
2355 1329 2426 1383 ἐν
2449 1329 2758 1397 ψαλτηρίῳ
2785 1328 2851 1383 τὸ
2877 1325 3186 1397 πρόϐλημά
3216 1344 3355 1395 μου.
3386 1322 3682 1394 Πρόϐλημα
3701 1322 3760 1376 δέ

2190 1413 2306 1464 ἐστι
2329 1412 2488 1480 λόγος
2510 1411 2964 1480 συνεσκιασμένος
2985 1409 3080 1463 καὶ
3113 1406 3536 1478 αίνιγματὼδης,
3554 1406 3634 1461 διὸ
3663 1408 3760 1460 καὶ

2189 1493 2423 1565 ἀλλαχοῦ
2452 1513 2583 1566 φησι
2604 1514 2617 1528 ’
2670 1494 2999 1564 Φθέγξομαι
3029 1492 3413 1561 προϐλήματα
3434 1491 3553 1545 ἀπὸ
3586 1507 3764 1546 κατα-

2192 1577 2377 1647 ϐολῆς
2410 1580 2664 1646 κόσμου.
2700 1577 2798 1631 Διά
2836 1579 2994 1631 τοῦτο
3023 1578 3119 1630 καὶ
3151 1576 3343 1645 σοφίαν
3371 1575 3634 1645 ἐτόλμησε
3663 1592 3766 1629 κα-

2190 1662 2364 1725 λέσαι,
2413 1660 2632 1733 0αρρὦ
2665 1664 2732 1732 τῇ
2768 1661 2887 1731 θείᾳ
2930 1658 3298 1727 ἀποκαλύψει·
3338 1657 3428 1711 διὰ
3465 1658 3622 1711 τοῦτο
3669 1660 3766 1712 καὶ

2205 1746 2299 1797 Ἐν
2329 1746 2636 1812 ψαλτηρίῳ
2666 1744 2819 1813 φησὶ,
2863 1743 2925 1796 τὸ
2958 1741 3324 1813 πνευματικὸν
3357 1740 3637 1811 ἐμφαίνων
3663 1742 3764 1812 τῆς

2192 1828 2557 1891 διδασκαλίας.
2588 1827 2686 1897 τὴν
2727 1826 2935 1881 ἀνωθεν
2970 1825 3206 1898 κατοχὴν
3250 1825 3411 1879 αὐτοῦ
3444 1827 3763 1896 γενομένην,

2194 1912 2286 1964 καὶ
2323 1912 2380 1964 ἐν
2411 1910 2653 1982 ᾄσματος
2689 1908 2841 1976 τάξει
2880 1911 3113 1963 ποιεῖται
3143 1909 3241 1979 τὴν
3286 1908 3612 1979 συμϐουλὴν,
3639 1907 3767 1978 ἡδύ-

2194 2010 2300 2046 νων
2326 1993 2415 2047 τδν
2442 1993 2617 2059 λόγον.
2646 1987 2798 2054 Εἶδες
2821 1989 2930 2046 οἷον
2951 1991 3013 2045 τὸ
3037 1992 3318 2063 προοίμιον
3348 1991 3764 2058 κατεσκεύασεν;

2208 2077 2462 2132 ’ίζκάλεσε
2485 2080 2583 2148 τὴν
2601 2079 2751 2130 οίκου
2760 2075 2949 2147 μένην,
2977 2075 3198 2140 ἐξέϐαλε
3222 2075 3319 2147 τὴν
3340 2075 3650 2145 ἀνωμαλίαν
3669 2074 3767 2144 τὴν

2196 2162 2253 2213 ἐν
2274 2161 2349 2230 τῷ
2375 2160 2493 2231 βίῳ,
2519 2160 2789 2230 ἀνέμνησε
2812 2159 2914 2228 τῆς
2942 2158 3177 2228 φύσεως,
3209 2159 3523 2212 κατέστειλε
3544 2158 3613 2212 τὰ
3637 2174 3771 2229 φρο-

2195 2245 2432 2313 νήματα.
2471 2244 2732 2314 ὑπέσχετο
2768 2242 2908 2313 μέγα
2944 2260 2996 2295 τι
3036 2243 3130 2295 καὶ
3166 2245 3409 2311 γενναῖον
3437 2244 3601 2313 ἐρεῖν,
3649 2239 3770 2294 εἷπε

2202 2327 2363 2397 μηδὲν
2383 2328 2592 2380 οἴκοθεν
2615 2326 2966 2395 φθέγγεσθαι,
2983 2326 3097 2379 ἀλλ’
3116 2326 3152 2380 ἀ
3174 2328 3302 2398 παρ’
3320 2327 3527 2381 ἐκείνου
3547 2327 3768 2397 ἤκουσε.

2198 2411 2397 2481 πολλὴν
2418 2410 2634 2483 ᾐνίξατο
2653 2412 2709 2463 ἐν
2732 2410 2811 2480 τῷ
2836 2410 2979 2481 λόγῳ
3009 2411 3109 2481 τὴν
3137 2411 3401 2479 ἀσάφειαν
3423 2406 3579 2473 εἶναι,
3603 2426 3773 2480 προσ-

2200 2496 2591 2566 εκτικωτέρους
2619 2494 2788 2547 ποιῶν
2811 2510 2826 2525 ⁸
2884 2494 3254 2564 πνευματικὴν
3287 2495 3547 2564 ὑπέσχετο
3577 2494 3770 2563 σοφίαν

2200 2582 2348 2652 ἡμᾶς
2380 2578 2607 2644 διδάξαι,
2653 2578 2720 2649 ἣν
2758 2577 2844 2631 διὰ
2886 2578 3081 2642 παντὸς
3110 2579 3355 2647 ἐμελέτα.
3410 2578 3771 2651 Προσέχωμεν

2198 2663 2397 2724 τοίνυν,
2424 2663 2517 2715 καὶ
2543 2662 2617 2731 μὴ
2644 2661 3097 2733 παρατρέχωμεν.
3129 2662 3192 2715 Ei
3216 2661 3323 2732 γάρ
3355 2662 3514 2731 σοφὸς
3537 2664 3566 2716 6
3592 2662 3768 2729 λόγος,

2200 2746 2300 2799 καὶ
2329 2744 2630 2815 παραϐολὴ,
2674 2745 2768 2798 καὶ
2810 2744 3121 2815 πρόϐλημα,
3161 2744 3587 2815 διεγηγερμένης
3618 2744 3774 2815 χρεία

2200 2829 2459 2890 διανοίας.
2515 2828 2610 2891 Τίς
2648 2825 2740 2881 οὖν
2778 2829 2924 2880 ἐστιν
2956 2830 2988 2898 ἡ
3022 2827 3319 2898 συμϐουλὴ,
3351 2829 3444 2882 καὶ
3469 2828 3519 2881 τί
3550 2829 3612 2881 τὸ
3640 2827 3775 2897 πρό·

2202 2912 2409 2983 ϐλημα,
2441 2912 2536 2965 καὶ
2563 2911 2646 2973 τίς
2676 2912 2707 2981 ἡ
2734 2911 3033 2983 παραϐολὴ,
3062 2914 3156 2966 καὶ
3181 2913 3312 2982 τίςή
3345 2912 3522 2982 σοφία,
3547 2912 3612 2983 ἢν
3635 2912 3746 2966 ἄνω
3764 2940 3777 2953 ο

2202 2995 2291 3049 θεν
2319 2996 2581 3067 ﬁmus-ev;
2641 2995 2774 3049 Ἵνα
2812 2996 2870 3048 τί
2899 2996 3212 3065 φοϐοῦμαι,
3265 2997 3449 3065 φησὶν,
3481 2996 3551 3049 ἐν
3586 2993 3775 3063 ἡμέρᾳ

2203 3076 2470 3147 πονηρᾷ;
2527 3077 2739 3141 Ἀλλος,
2800 3079 2902 3131 Ἑν
2938 3078 3183 3148 ἡμέραις
3222 3078 3507 3147 πονηροῦ.
3561 3077 3775 3141 Ἀλλος,

2204 3160 2421 3217 Κακοῦ.
2461 3162 2519 3215 'O
2546 3161 2736 3233 Σύρος,
2766 3160 2882 3216 Ῥᾶ.
2924 3162 2986 3217 Ἡ
3008 3163 3223 3232 ἀνομία
3248 3161 3360 3231 τῆς
3381 3161 3638 3232 πτέρνης
3655 3178 3777 3230 μου

2203 3244 2501 3300 κυκλώσει
2550 3262 2644 3314 με.
2704 3245 2923 3308 Ἀλλος,
2981 3244 3104 3299 Τῶν
3155 3244 3369 3315 ίχνέων
3411 3263 3552 3315 μου.
3612 3245 3671 3298 ’0
3718 3244 3778 3297 δὲ

2214 3330 2483 3400 Ἐϐραῖος,
2529 3330 2668 3385 Ἆὼν
2696 3331 3011 3385 ἁκουϐϐαεί
3047 3332 3441 3386 ίσουϐϐουνεί.
3478 3325 3629 3394 Εἶδες
3659 3330 3781 3394 πῶς

2206 3413 2411 3485 πρόϐλη
2422 3431 2517 3484 μα,
2564 3413 2659 3466 καὶ
2690 3415 2935 3483 αἴνιγμα,
2983 3416 3077 3468 καὶ
3117 3414 3387 3478 σκοτεινὸς
3406 3416 3435 3467 6
3467 3413 3640 3482 λόγος,
3682 3413 3780 3466 καί⁵

2196 3495 2373 3565 πολλὴ
2404 3498 2437 3566 ἡ
2466 3495 2737 3566 ἀσάφεια;
2774 3496 2936 3560 Ἀλλ’,
2960 3500 3008 3551 εί
3028 3497 3189 3562 δοκεῖ,
3222 3497 3481 3567 πρότερον
3506 3494 3782 3568 [2081μά-

2207 3579 2412 3649 θωμεν,
2443 3580 2601 3633 ποίαν
2642 3580 2788 3647 λέγει
2823 3581 3064 3651 πονηρὰν
3105 3581 3334 3651 ἡμέραν.
3391 3581 3558 3634 Ποίαν
3599 3580 3780 3633 τοίνυν

2208 3664 2365 3718 εἴωθε
2409 3663 2591 3717 καλεῖν
2638 3666 2670 3733 ἡ
2716 3664 2904 3735 Γραφὴ
2939 3666 3151 3737 ἡμέραν
3197 3665 3474 3735 πονηράνς
3524 3665 3635 3734 Τὴν
3671 3664 3780 3716 τῶν

2204 3746 2524 3819 συμφορῶν,
2557 3748 2655 3817 τὴν
2676 3747 2784 3799 τῶν
2814 3748 3108 3809 κολάσεων,
3132 3749 3231 3818 τὴν
3258 3750 3365 3801 τῶν
3388 3747 3775 3819 περιστάσεων.

2216 3833 2281 3884 Ὃ
2309 3831 2399 3885 καὶ
2426 3829 2655 3900 ἀλλαχοῦ
2687 3846 2818 3897 φησι
2840 3846 2855 3861 ⁸
2877 3830 3179 3898 Μακάριος
3208 3832 3482 3885 όσυνιὼν
3508 3830 3605 3884 ἐπὶ
3626 3846 3780 3883 πτω-

2212 3915 2325 3985 χὸν
2346 3914 2443 3967 καί
2479 3912 2705 3980 πένητα
2724 3929 2739 3944 ο
2778 3913 2847 3966 ἐν
2866 3914 3056 3981 ἡμέρᾳ
3077 3912 3312 3984 πονηρᾷ
3322 3917 3571 3983 ῥύσεται
3595 3915 3781 3967 αὐτὸν

2211 4004 2245 4055 ό
2272 4002 2503 4069 Κύριος.
2549 3998 2782 4069 Τοιαύτη
2811 3999 2867 4053 δέ
2906 4002 3110 4070 ἐστινὴ
3148 4002 3410 4071 μέλλουσα
3451 4003 3561 4063 τοῖς
3606 4002 3781 4070 ἁμαρ-

2210 4084 2417 4146 τωλοῖς,
2448 4083 2482 4153 ἠ
2520 4080 2726 4152 φοϐερά
2766 4084 2972 4154 ἐκείνη.
3009 4086 3101 4137 καὶ
3131 4084 3416 4154 ἀφόρητος.
3452 4078 3601 4147 Εἶδες
3632 4083 3782 4154 πρῶ-

2210 4185 2302 4221 τον
2321 4178 2343 4207 ο
2361 4165 2676 4235 φιλοσοφίας
2692 4168 2815 4238 ὅρον
2830 4167 2930 4233 τῆς
2945 4167 3221 4228 ἀνωτάτω.
3241 4169 3334 4221 καὶ
3358 4166 3473 4230 πῶς
3492 4166 3784 4237 διευκρινεῖ

2214 4265 2297 4303 σοι
2319 4253 2348 4304 6
2375 4251 2551 4318 λόγος,
2580 4254 2709 4304 ποῖα
2745 4251 2841 4321 μὲν
2874 4252 2999 4318 ἄξια
3029 4252 3216 4320 φόϐου,
3257 4256 3384 4306 ποῖα
3415 4252 3473 4305 δὲ
3506 4250 3780 4319 καταγνώ-

2214 4348 2350 4396 σεως
2373 4349 2388 4397 ;
2419 4335 2514 4387 Ἂν
2538 4334 2645 4404 γὰρ
2676 4334 2750 4404 μὴ
2776 4333 2980 4404 ταύτην
3013 4352 3097 4397 τις
3117 4334 3214 4405 τὴν
3241 4335 3467 4406 ἀρίστην
3489 4336 3779 4405 ποιήσηται

2210 4414 2492 4484 διαίρεσιν,
2522 4416 2773 4487 καθάπερ
2793 4418 2851 4470 ἐν
2877 4416 3052 4488 σκότῳ
3080 4416 3235 4486 βαθεῖ
3255 4419 3347 4471 καὶ
3369 4418 3622 4489 συγχύσει
3645 4434 3784 4489 πρα-

2213 4498 2437 4568 γμάτων
2471 4499 2917 4571 περιφερόμενος,
2958 4501 3265 4571 ἀπορεῖται.

2288 4605 2385 4657 Ἂν
2420 4603 2495 4675 μὴ
2536 4604 2797 4675 διέλωμεν
2828 4606 2949 4660 τίνα
2995 4606 3094 4678 μὲν
3128 4607 3407 4677 φοϐεῖσθαι
3444 4606 3545 4671 δεῖ,
3578 4607 3695 4662 τίνα
3728 4608 3786 4662 δέ

2216 4686 2517 4752 διαπτύειν,
2538 4689 2705 4761 πολλὴ
2734 4691 2876 4744 κατά
2899 4690 2990 4744 τὸν
3017 4691 3128 4761 βίον
3149 4689 3300 4743 ἔσται
3328 4691 3361 4761 ή
3397 4690 3595 4761 πλάνη,
3622 4691 3787 4755 πολὺς

2216 4772 2245 4823 6
2278 4769 2537 4835 κίνδυνος.
2567 4773 2677 4827 Καὶ
2702 4773 2811 4844 γὰρ
2839 4774 3072 4845 ἐσχάτης
3095 4775 3278 4838 ἀνοίας
3306 4775 3589 4845 φοϐεῖσθαι
3619 4777 3689 4831 τά
3713 4776 3788 4848 μὴ

2219 4853 2343 4918 ἀξια
2364 4854 2553 4922 φόϐου,
2582 4858 2888 4928 καταγελᾷν
2916 4858 2970 4911 δέ
2992 4857 3027 4911 ἀ
3059 4856 3338 4926 φοϐεῖσθαι
3358 4858 3583 4916 δίκαιον.
3604 4860 3791 4932 Τούτῳ

2220 4937 2314 4989 καὶ
2364 4939 2411 4991 οί
2444 4937 2634 5010 ἄνδρες
2670 4938 2775 4991 τῶν
2819 4940 3021 4993 παίδων
3065 4942 3429 5013 διεστήκασιν,
3477 4944 3559 4997 ὃτι
3596 4945 3788 4998 ἐκεῖνοι

2224 5021 2326 5086 μὲν
2358 5020 2452 5073 ἆτε
2490 5023 2547 5074 ἐν
2589 5021 2768 5076 ἀτελεῖ
2801 5022 3007 5093 διανοίᾳ
3049 5024 3229 5087 ὄντες,
3267 5030 3583 5096 προσωπεῖα
3622 5027 3789 5081 δεδοί-

2210 5118 2370 5161 ηκασι,
2412 5104 2506 5157 καὶ
2547 5103 2865 5176 ἀνθρώπους
2905 5106 3103 5159 σάκκον
3150 5109 3598 5179 περικειμένουςο
3632 5110 3692 5165 τὸ
3734 5110 3790 5164 δέ

2222 5185 2439 5256 ὑϐρίσαι
2472 5189 2680 5260 πατέρα
2709 5188 2742 5260 ἢ
2774 5189 3002 5261 μητέρα,
3028 5191 3180 5245 ούδέν
3210 5190 3346 5245 εἶναι
3379 5192 3635 5264 ἡγοῦνται
3655 5210 3669 5223 ο
3698 5196 3792 5249 καὶ

2223 5270 2358 5340 πυρὶ
2390 5271 2489 5341 μὲν
2516 5272 2845 5343 ἐπιπηδῶσι,
2873 5277 2966 5327 καὶ
2995 5274 3205 5345 λύχνοις
3226 5277 3558 5347 καιομένοις,
3595 5278 3793 5350 φόρους

2220 5351 2278 5406 δέ
2299 5370 2453 5419 τινας
2489 5355 2831 5422 δεδίττονται,
2866 5357 3016 5411 οὐδὲν
3044 5358 3263 5427 ἔχοντας
3295 5359 3493 5415 δεινόν’
3542 5363 3592 5415 οἱ
3618 5361 3675 5415 δέ
3696 5363 3792 5417 ἀν-

2231 5612 2245 5624 ,
2285 5548 2329 5625 1),
2342 5549 2577 5625 εἰςἠιεξ.
2624 5557 2782 5621 rectf.
2832 5551 2960 5625 Edi-t.
2985 5553 3191 5625 λίθεοι.-
3221 5559 3391 5625 ἱκανὸνΔ
3413 5559 3519 5625 γάρ.
3552 5559 3663 5609 Mox
3686 5565 3790 5625 pas!

2226 5613 2373 5677 επρίει
2392 5613 2516 5677 τότε.
2544 5613 2647 5660 haec
2667 5613 2867 5677 τοῦτο...
2890 5615 3136 5677 ἐρεθίζων,
3162 5619 3342 5669 desunt
3380 5613 3434 5670 ιη’
3465 5613 3660 5674 ﬂore!"
3687 5613 3793 5672 'sed

2226 5672 2467 5721 habentur
2487 5675 2538 5721 in
2563 5687 2676 5721 mss.
2701 5674 2918 5723 clSavil.

2290 5736 2311 5762 ε
2336 5735 2533 5795 ΙΙρῶτον
2550 5735 2694 5783 deest
2737 5737 2784 5783 in
2803 5735 2953 5784 Savil.
2997 5737 3119 5788 etin
3142 5754 3239 5791 uno
3274 5741 3461 5795 codice.
3502 5743 3628 5795 Infra
3667 5745 3795 5795 alius

2228 5796 2335 5844 ωδ.
2364 5797 2529 5859 φόϐου,
2551 5797 2664 5844 ποῖα
2675 5797 2725 5845 δί
2746 5798 3052 5856 κατανύξεως.
