4108 6344
343 408 448 464 2ἳὸ

348 539 468 576 nam
492 564 504 585 ,
535 534 627 590 per
659 519 772 572 haec
801 516 1029 572 ostendit
1055 513 1229 567 divina
1255 526 1315 566 ea
1343 524 1462 564 esse
1486 523 1603 576 qtae
1630 506 1876 560 dicuntur
1899 544 1914 566 ,

345 629 510 684 seque
539 612 664 664 nihil
690 610 827 678 loqui
857 607 1160 676 proprium,
1187 603 1278 655 sed
1309 617 1371 654 ea
1396 599 1596 660 dicere,
1627 611 1748 666 quae
1773 594 1922 646 audi-

347 706 443 758 vit.
475 702 722 756 lnclinavi
747 700 886 753 enim
911 739 926 762 ,
956 697 1142 765 inquit,
1175 695 1282 747 Deo
1304 706 1484 745 aurem
1520 703 1712 750 meam,
1745 685 1921 738 audivi

349 797 416 850 ab
445 795 536 848 illo
557 834 572 860 ,
603 803 657 847 et
683 807 801 861 qua:
826 792 878 843 in
907 798 1138 842 mentem
1180 799 1348 838 meam
1376 800 1404 834 a
1432 781 1675 850 superuis
1695 777 1922 832 demissa

348 899 492 953 sunt,
511 903 571 942 ea
602 886 740 940 dico.
787 883 856 937 Et
893 881 1013 935 ideo
1055 878 1262 934 dicebat
1307 876 1466 930 Isaias
1498 892 1511 927 :
1547 872 1791 925 Dominus
1838 870 1923 921 dat

352 983 476 1036 mihi
501 983 722 1049 linguam
747 977 1010 1037 doctrinm,
1039 984 1093 1026 ut
1112 973 1287 1034 sciam,
1315 968 1514 1038 quando
1536 979 1810 1019 sermonem
1847 961 1925 1014 di-

348 1090 458 1127 cere
477 1079 700 1140 oporteat
715 1085 733 1122 :
746 1069 928 1138 adjecit
947 1066 1067 1118 mihi
1080 1080 1248 1116 aurem
1265 1064 1331 1114 ad
1344 1061 1648 1112 audiendum
1669 1055 1798 1125 (1εαί
1807 1097 1817 1106 .
1833 1055 1922 1110 50.

348 1166 425 1237 ι).
453 1163 519 1217 Et
538 1177 718 1216 rursus
732 1160 925 1214 Paulus
945 1169 956 1204 ῖ
977 1155 1129 1209 Fides
1142 1171 1202 1208 ex
1222 1153 1418 1211 auditu,
1442 1151 1643 1203 auditus
1657 1158 1821 1201 autem
1839 1163 1928 1216 per

351 1253 552 1308 verbum
574 1252 669 1304 Dei
692 1250 709 1319 (
736 1251 884 1303 Rom.
922 1248 1008 1302 10.
1032 1247 1144 1316 17).
1172 1245 1330 1298 Vides
1357 1244 1500 1296 illum
1535 1255 1742 1309 quoque
1783 1239 1927 1306 ptius

353 1346 515 1400 fuisse
554 1345 869 1404 auditorem,
899 1350 952 1394 et
984 1339 1174 1394 deinde
1213 1335 1528 1389 doctorem?
1561 1335 1625 1387 Et
1653 1332 1770 1385 ideo
1797 1331 1930 1384 dixit

356 1438 513 1489 etiam
537 1435 673 1488 alius
696 1434 974 1500 interpres,
1003 1429 1064 1482 Et
1079 1428 1352 1481 cantillabit
1372 1442 1456 1478 cor
1473 1441 1653 1477 meum.
1674 1420 1806 1488 Quid
1824 1431 1926 1485 est,

352 1525 626 1580 cantillabit
644 1524 667 1575 2’
687 1524 872 1587 Canet,
894 1521 1034 1574 dicet
1055 1519 1311 1588 psalmum
1338 1517 1562 1585 aliquem
1578 1510 1926 1582 spiritualem.

351 1618 404 1670 Si
451 1625 624 1671 autem
665 1613 791 1668 dicit
839 1611 1256 1673 meditationem,
1290 1623 1358 1662 ne
1397 1605 1746 1661 conturberis.
1801 1601 1930 1668 Qua:

352 1709 491 1762 enim
524 1724 552 1761 a
582 1707 778 1776 Spiritu
811 1712 1109 1773 acceperat,
1139 1717 1200 1757 ea
1229 1701 1439 1755 assidue
1467 1697 1817 1751 meditabatur
1838 1735 1853 1755 ,
1877 1704 1930 1747 ct

358 1799 496 1868 apud
529 1813 588 1853 se
627 1797 872 1850 versabat
899 1813 912 1860 ;
939 1805 992 1847 et
1019 1810 1137 1848 cum
1173 1793 1262 1846 diu
1298 1798 1581 1854 versassel,
1610 1788 1724 1841 aliis
1753 1785 1930 1855 profe-

355 1891 523 1945 rebat.
572 1888 704 1956 Quid
736 1896 817 1942 est
842 1896 1051 1951 autem,
1099 1882 1165 1936 In
1208 1881 1545 1953 parabolam?
1602 1879 1696 1934 Est
1739 1892 1929 1932 nomen

355 1980 497 2051 quod
549 1980 706 2034 habet
753 1979 920 2031 multa
969 1974 1281 2045 signiﬁcata.
1345 1973 1439 2026 Est
1490 1973 1632 2025 enim
1685 1968 1931 2039 parabola

360 2075 593 2144 loquela,
626 2072 922 2140 exemplum
943 2112 957 2136 ,
984 2078 1038 2122 et
1064 2067 1419 2137 exprobratio,
1446 2075 1502 2118 ut
1527 2063 1736 2132 quando
1761 2062 1888 2115 dicit
1914 2077 1928 2114 :

362 2164 587 2218 Posuisti
628 2179 718 2216 nos
745 2163 795 2214 in
826 2159 1118 2230 parabolam
1169 2159 1220 2211 in
1261 2155 1506 2227 gentibus,
1556 2153 1934 2207 commotionem

359 2256 535 2324 capitis
561 2255 611 2307 in
640 2253 840 2322 populis
868 2252 890 2322 (
913 2249 1056 2303 Psal.
1077 2250 1166 2302 45.
1199 2246 1327 2319 15
1381 2247 1472 2298 Est
1499 2246 1655 2298 etiam
1687 2241 1932 2312 parabola

360 2348 526 2401 oratio
563 2343 912 2414 mnigmatica,
958 2356 1112 2408 quam
1145 2338 1294 2393 multi
1333 2337 1511 2390 dicunt
1546 2334 1890 2403 quaestionem
1915 2373 1930 2397 ,

360 2455 478 2509 qum.
507 2437 647 2491 aliud
678 2435 888 2506 quidem
919 2432 1196 2502 signiﬁcat,
1229 2429 1322 2484 sed
1365 2427 1413 2481 id
1454 2442 1559 2480 non
1584 2435 1665 2480 est
1692 2433 1933 2492 apertum

361 2531 546 2585 Statim
569 2543 632 2582 ex
661 2527 788 2596 ipsis
817 2524 1010 2588 verbis,
1042 2523 1133 2577 sed
1177 2521 1331 2574 habet
1359 2533 1571 2572 sensum
1599 2516 1738 2570 intus
1764 2514 1934 2567 laten-

363 2631 489 2684 tem,
520 2617 814 2688 eujusmodi
839 2625 988 2670 erant
1013 2629 1072 2670 ea
1094 2630 1210 2684 quae
1236 2609 1676 2666 dicebatSamson
1706 2623 1719 2658 :
1752 2603 1938 2675 Egres-

361 2727 446 2765 sus
469 2720 539 2764 est
558 2726 589 2762 a
609 2708 893 2762 comedente
911 2707 1065 2769 cibus,
1096 2715 1140 2759 et
1164 2720 1194 2756 a
1216 2703 1334 2772 [orti
1350 2701 1494 2754 dulce
1522 2699 1666 2771 (Jud.
1697 2698 1783 2752 14,
1813 2698 1932 2763 14);

362 2810 416 2855 et
445 2800 712 2863 Salomon,
747 2797 1208 2865 Animadvertetque
1247 2792 1559 2862 parabolam,
1591 2802 1635 2844 et
1673 2789 1937 2843 obscurum

363 2907 634 2945 sermonem
659 2887 854 2962 (Prov.
879 2889 931 2944 1.
964 2885 1050 2951 6).
1091 2886 1290 2939 Dicitur
1317 2885 1475 2938 etiam
1506 2881 1752 2952 parabola
1783 2880 1933 2935 simi-

366 2984 531 3038 litudo
562 2999 578 3037 :
609 2983 775 3037 Aliam
824 2980 1135 3053 parabolam,
1187 2979 1376 3047 inquit,
1425 2976 1684 3047 proposuit
1734 2975 1804 3028 eis
1859 2973 1936 3026 di-

364 3091 478 3129 cens
515 3075 736 3132 :Simile
785 3083 856 3127 est
901 3089 1109 3144 regnum
1159 3070 1393 3124 caelorum
1439 3067 1629 3121 homini
1675 3063 1938 3119 seminanti

365 3169 549 3221 bonum
563 3183 730 3221 semen
755 3164 978 3236 (Matth.
1011 3165 1096 3218 15.
1124 3162 1193 3216 24
1213 3162 1252 3231 ).
1286 3160 1480 3214 Dicitur
1507 3158 1664 3213 etiam
1693 3155 1936 3226 parabola

368 3260 584 3328 ﬁgurata
620 3258 790 3311 oratio
821 3274 833 3308 :
867 3255 973 3310 Fili
993 3255 1208 3309 hominis
1227 3295 1243 3320 ,
1267 3253 1348 3306 dic
1367 3253 1438 3306 eis
1465 3249 1758 3320 parabolam
1784 3248 1935 3300 hanc.

367 3353 545 3420 Aquila
567 3367 750 3421 magna
769 3389 783 3414 ,
813 3366 1022 3420 magnas
1048 3348 1234 3401 habens
1259 3361 1446 3417 pennas
1496 3342 1721 3416 (Ezech.
1751 3342 1837 3396 17.
1880 3341 1939 3394 1-

367 3445 439 3506 3)
468 3463 479 3496 :
528 3446 751 3514 aquilam
778 3444 960 3498 dicens
993 3442 1212 3512 Regem.
1260 3440 1458 3494 Dicitur
1484 3439 1641 3492 etiam
1690 3434 1937 3504 parabola

368 3533 529 3603 ﬁgura
575 3544 628 3588 ct
674 3535 867 3602 imago,
910 3530 1350 3602 quemadmodum
1378 3529 1606 3584 ostendit
1632 3528 1843 3589 Paulus,
1867 3524 1941 3579 di-

365 3639 490 3678 cens
521 3643 534 3679 :
563 3623 696 3677 Fide
723 3623 899 3677 obtulit
925 3623 1178 3676 Abraham
1196 3619 1348 3674 Isaac
1367 3662 1379 3683 ,
1407 3636 1521 3672 cum
1551 3626 1821 3671 tentaretur
1840 3657 1853 3680 ,
1893 3623 1940 3669 et

365 3718 672 3787 unigenitum
701 3715 936 3782 oﬂ'erebat
980 3717 1022 3768 is
1048 3716 1131 3783 qui
1173 3722 1456 3782 susceperat
1485 3709 1892 3779 repromissiones
1917 3723 1937 3760 :

367 3811 497 3861 unde
518 3809 664 3861 etiam
693 3808 744 3860 in
772 3805 1013 3877 parabola
1037 3822 1147 3859 eum
1168 3801 1371 3869 r_etulit(
1393 3801 1547 3855 Hebr.
1573 3803 1660 3856 11.
1685 3801 1770 3855 17.
1800 3799 1864 3855 19
1881 3802 1935 3870 );

366 3899 468 3954 hoc
490 3911 590 3962 est,
622 3901 671 3952 in
703 3898 885 3968 figura,
917 3905 970 3952 et
1001 3899 1051 3950 in
1094 3897 1338 3965 imagine.

437 3994 488 4047 5.
531 3991 790 4046 Lectorem
819 3990 886 4043 ad
913 3989 1281 4059 inquisitionem
1317 3989 1491 4042 invitat
1531 3986 1813 4056 Scriptura:
1851 3986 1937 4039 ob-

364 4087 595 4139 scuritas.
623 4083 854 4151 —Quid
883 4098 1009 4153 ergo
1054 4081 1154 4135 sibi
1202 4081 1314 4134 vult
1359 4081 1442 4135 hic
1485 4081 1772 4150 parabola?
1812 4079 1938 4134 Mihi

366 4177 572 4230 videtur
598 4175 774 4230 dicere
798 4176 1174 4228 narrationem.
1206 4173 1261 4227 Si
1291 4181 1467 4227 autem
1493 4171 1783 4226 orationem
1814 4171 1937 4225 facit

364 4268 644 4321 obscuram
693 4276 748 4321 ct
791 4266 1196 4336 scnigmaticam,
1223 4275 1278 4318 et
1319 4281 1437 4334 qua:
1482 4264 1701 4317 multum
1747 4263 1937 4317 habeat

361 4360 703 4426 difﬁcultatis,
729 4375 796 4413 ne
823 4359 899 4413 sic
925 4358 1135 4427 quidem
1161 4356 1493 4411 conturberis
1524 4376 1538 4410 :
1569 4355 1671 4409 hoc
1689 4354 1829 4408 enim
1856 4353 1936 4406 fa-

364 4453 431 4506 cit
464 4463 521 4505 ut
549 4451 840 4504 auditorem
868 4453 1060 4504 excitet
1085 4466 1099 4514 ;
1128 4457 1182 4503 et
1204 4448 1398 4517 alioqui
1421 4447 1668 4516 quoniam
1712 4445 1937 4500 facilitas

365 4543 560 4596 multos
599 4541 663 4594 ad
709 4542 1074 4610 negligentiam
1114 4539 1345 4603 adducit,
1382 4546 1658 4607 propterea
1707 4538 1938 4606 loquitur

365 4633 419 4688 in
450 4631 716 4701 parabola.
747 4631 878 4684 Nam
907 4630 1152 4684 Christus
1188 4643 1398 4699 quoque
1428 4629 1590 4682 multa
1625 4628 1937 4698 loquebatur

363 4727 415 4779 in
450 4724 727 4794 parabolis,
759 4725 1044 4792 separatim
1083 4733 1257 4777 autem
1288 4736 1379 4776 eas
1403 4721 1642 4776 solvebat
1667 4719 1936 4788 discipulis

366 4816 554 4886 (Marc.
581 4819 632 4871 4.
664 4817 750 4871 55.
777 4817 891 4884 54).
923 4815 1175 4869 Parabola
1203 4814 1343 4868 enim
1371 4812 1585 4882 dignum
1625 4811 1692 4865 ab
1720 4811 1936 4881 indigno

361 4909 667 4979 distinguit:
697 4908 884 4978 dignus
901 4907 1040 4961 enim
1061 4906 1247 4975 qtttnrit
1270 4905 1506 4959 invenire
1532 4918 1592 4958 ea
1614 4917 1732 4972 quae
1751 4902 1936 4956 dicun-

363 5013 469 5064 tur,
512 5001 754 5071 indignus
781 5010 955 5055 autem
999 4999 1357 5069 praetercurrit
1383 5016 1394 5049 :
1425 4996 1563 5068 quod
1616 5005 1737 5050 tunc
1774 4996 1933 5050 etiam

363 5091 560 5148 evenit.
601 5091 768 5147 Judaei
816 5093 956 5146 enim
1007 5106 1074 5145 ne
1120 5088 1424 5143 difﬁcultate
1465 5087 1675 5158 quidem
1722 5086 1934 5140 excitati

361 5183 768 5253 impellebantur
782 5183 844 5236 ad
869 5180 1294 5250 interrogandum
1331 5200 1342 5234 :
1371 5180 1438 5233 ita
1463 5194 1566 5232 non
1593 5177 1935 5233 attendebaut

364 5275 580 5328 omnino
621 5289 683 5327 ea
726 5288 843 5343 qua:
888 5272 1214 5326 dicebantur.
1264 5271 1340 5323 Ad
1401 5269 1711 5323 movendam
1756 5279 1932 5322 autem

363 5368 706 5435 qumstionem
733 5364 946 5429 sufﬁcit,
971 5364 1180 5434 quando
1206 5363 1328 5433 quid
1350 5361 1715 5416 adumbratam
1744 5374 1936 5429 propo-

365 5457 523 5512 nitur.
555 5458 812 5525 Quocirca
843 5457 1084 5512 Christus
1110 5471 1319 5526 quoque
1346 5455 1447 5509 hoc
1473 5454 1714 5514 faciebat,
1753 5464 1809 5508 et
1849 5453 1932 5507 lo-

359 5547 618 5614 quebatur
655 5548 706 5602 in
734 5548 1020 5619 parabolis,
1069 5562 1163 5602 eos
1204 5546 1480 5601 stimulans
1518 5553 1572 5599 et
1613 5545 1836 5599 incitans
1873 5552 1932 5598 ut

360 5638 542 5694 audire
569 5649 823 5711 cuperent
852 5641 869 5670 ί
894 5640 983 5710 qui
1013 5639 1187 5709 supini
1228 5636 1564 5693 dormiebant
1590 5659 1603 5694 :
1630 5637 1721 5690 sed
1752 5651 1817 5691 ne
1854 5637 1932 5691 sic

431 5809 448 5837 ι
478 5805 648 5860 Morel.
670 5804 889 5868 faciebat,
917 5803 1119 5856 incitans
1143 5807 1191 5853 ut
1217 5804 1391 5852 audire
1414 5804 1655 5868 cuperent,
1681 5807 1776 5850 etc.

1463 390 1818 451 EXPOSITIO
1860 387 1922 442 IN
1953 386 2268 441 PSALMUM
2295 388 2520 444 XLVIII.

3504 394 3607 450 $9.6

2034 501 2245 570 quidem
2295 503 2674 569 attendebant;
2706 504 2948 573 discipuli
2979 513 3152 560 autem
3182 505 3416 561 animum
3451 509 3608 564 aditi-

2029 599 2243 661 bebant,
2293 608 2347 652 et
2390 613 2512 652 cum
2561 607 2742 652 essent
2791 600 3128 668 ignorantes,
3160 601 3243 655 vel
3273 617 3337 654 co
3379 603 3607 658 maxime

2030 689 2332 754 tuanebanl,
2353 690 2600 758 quoniam
2631 689 2960 760 ignorabant.
2991 691 3246 758 Quocirca
3267 693 3345 747 eis
3366 706 3605 747 seorsum

2028 783 2268 838 solvebat
2314 783 2609 852 parabolas,
2643 792 2697 836 et
2737 783 2856 838 ideo
2891 799 3100 853 quoque
3141 784 3268 839 dicit
3298 802 3312 839 :
3344 783 3607 838 Inclinabo

2028 875 2079 927 in
2111 874 2401 944 parabolam
2442 891 2612 928 aurem
2652 891 2830 927 meam.
2872 875 3108 944 Aperiam
3137 876 3189 929 in
3227 877 3462 944 psalterio
3489 892 3608 944 pro-

2030 968 2189 1020 blema
2216 985 2400 1022 meum.
2448 968 2541 1022 ESt
2567 978 2740 1022 autem
2791 968 3062 1037 problema
3106 970 3276 1022 oratio
3302 969 3523 1022 obscura
3552 976 3609 1023 el.

2029 1059 2379 1126 mnigmatica,
2398 1067 2451 1112 et
2473 1059 2590 1112 ideo
2616 1058 2737 1112 alibi
2759 1073 2968 1127 quoque
2987 1058 3114 1111 dicit
3145 1076 3157 1110 :
3185 1057 3390 1126 Loquar
3409 1059 3606 1127 probleo

2031 1159 2166 1202 mata
2195 1167 2228 1202 a
2265 1152 2614 1205 constitutione
2632 1152 2809 1203 mundi
2835 1150 3012 1220 (Psal.
3036 1153 3120 1205 77.
3168 1150 3247 1222 2).
3277 1153 3608 1222 Quapropter

2032 1256 2194 1296 ausus
2223 1251 2303 1296 est
2332 1243 2491 1296 etiam
2531 1257 2724 1296 vocare
2753 1242 3062 1310 sapientiam
3083 1284 3098 1306 ,
3131 1221 3304 1298 divina
3333 1221 3503 1297 fretus
3522 1259 3609 1298 re-
3653 1221 3656 1228 Ι

2032 1333 2314 1396 velatione,
2352 1342 2404 1386 et
2432 1334 2550 1387 ideo
2577 1335 2734 1388 etiam
2763 1335 2910 1400 dicit,
2941 1332 3004 1386 In
3028 1335 3285 1403 psalterio,
3315 1335 3607 1390 doctrinam
3662 1335 3671 1346 “

2033 1425 2362 1490 spiritualem
2395 1425 2656 1491 indicans,
2686 1435 2739 1480 et
2765 1442 2822 1480 se
2850 1441 3080 1494 superno
3117 1443 3235 1482 esse
3273 1428 3496 1482 Numine
3525 1435 3608 1482 af-

2033 1516 2236 1570 ﬁatutn.
2270 1515 2324 1569 ln
2367 1517 2556 1569 cantici
2597 1516 2766 1572 forma
2806 1525 2981 1571 autem
3029 1517 3120 1570 dat
3164 1518 3459 1582 consilium,
3491 1533 3612 1572 ora-

2036 1608 2233 1662 tionem
2266 1607 2493 1662 reddens
2532 1609 2852 1662 suaviorem.
2895 1608 3082 1662 Vidisti
3108 1608 3266 1676 quale
3293 1611 3607 1679 prooemium

2034 1699 2374 1768 composuit?
2407 1699 2623 1753 Vocavit
2650 1700 2832 1753 orbem
2866 1710 3039 1765 terrm,
3063 1716 3179 1769 quae
3207 1712 3288 1756 cst
3313 1701 3364 1755 in
3403 1701 3508 1756 vita
3533 1703 3612 1756 in-

2034 1793 2385 1862 :t-qualitatom
2415 1793 2632 1860 expulit,
2682 1803 2921 1846 naturam
2965 1793 3016 1846 in
3061 1795 3368 1849 memoriam
3396 1811 3611 1850 revoca-

2038 1885 2131 1947 vit,
2163 1886 2514 1954 arrogantiam
2560 1886 2908 1954 compressit;
2940 1886 3200 1953 pollicitus
3220 1895 3301 1941 est
3330 1902 3386 1942 se
3413 1889 3609 1957 aliquid

2036 1990 2282 2043 magnum
2316 1984 2370 2028 et
2411 1975 2721 2042 praeclarum
2753 1990 2869 2030 esse
2907 1976 3205 2034 dicturum:
3236 1977 3367 2032 dixit
3393 1994 3451 2033 se
3481 1981 3609 2034 nihil

2037 2081 2102 2120 ex
2133 2081 2191 2120 se
2216 2067 2433 2120 allatum
2483 2066 2746 2135 proloqui,
2777 2066 2868 2120 sed
2899 2082 3016 2136 qum
3044 2067 3110 2121 ab
3150 2067 3240 2121 illo
3268 2069 3504 2134 audivit;
3533 2072 3609 2124 si-

2039 2157 2308 2228 gniﬁcavit
2339 2158 2388 2211 in
2414 2158 2652 2211 oratione
2673 2172 2791 2212 esse
2822 2143 3060 2226 magnam
3095 2159 3489 2228 obscuritatem,
3513 2176 3611 2216 nos

2038 2251 2269 2305 reddens
2299 2251 2643 2314 altentiores;
2677 2249 2937 2318 pollicitus
2967 2259 3050 2306 est
3075 2266 3133 2306 se
3162 2267 3258 2307 nos
3287 2253 3610 2321 spiritualem

2036 2342 2312 2396 docturum
2353 2343 2698 2411 sapientiam»,
2750 2357 2905 2412 quam
2955 2353 3210 2413 perpetuo
3238 2345 3610 2400 meditabatur.

2038 2433 2388 2488 Attendamus
2433 2449 2580 2502 ergo,
2620 2443 2674 2488 et
2717 2449 2781 2487 ne
2828 2443 3220 2502 prmtereamus.
3259 2435 3313 2492 Si
3351 2446 3432 2492 est
3471 2437 3613 2492 enim

2040 2526 2251 2592 sapiens
2274 2525 2465 2588 oratio,
2489 2534 2541 2578 et
2558 2524 2823 2593 parabola,
2847 2533 2900 2578 et
2923 2525 3213 2594 problema,
3231 2537 3407 2582 mente
3435 2541 3613 2583 creeta

2039 2628 2092 2672 et
2139 2616 2364 2671 excitata
2414 2633 2547 2686 opus
2586 2627 2687 2671 est.
2728 2617 2878 2683 Quod
2927 2627 3008 2673 est
3056 2633 3184 2688 ergo
3221 2621 3520 2686 consilium,
3562 2633 3617 2675 et

2039 2707 2177 2778 quod
2210 2707 2500 2776 problema,
2520 2723 2637 2777 qua:
2656 2708 2926 2777 parabola,
2947 2716 3000 2761 et
3017 2724 3135 2778 qua:
3154 2709 3430 2777 sapientia,
3455 2725 3612 2780 quam

2040 2800 2240 2854 audivit
2265 2816 2294 2853 e
2319 2799 2604 2868 supernis?
2630 2800 2681 2855 6.
2705 2799 2808 2855 Cur
2837 2799 3035 2866 timebo,
3057 2801 3242 2871 inquit,
3268 2803 3320 2855 in
3342 2803 3424 2856 die
3445 2803 3618 2858 mala.’

2040 2891 2210 2953 Alius,
2241 2889 2308 2944 In
2350 2892 2521 2945 diebus
2551 2892 2779 2958 maligni.
2809 2893 2980 2956 Alius,
3021 2890 3167 2944 Mali.
3203 2891 3368 2961 Syrus
3404 2903 3577 2947 autem
3599 2935 3614 2957 ,

2041 2981 2157 3035 Rha
2180 2979 2276 3052 (a).
2308 2979 2559 3050 lniquitas
2585 2982 2806 3035 calcanei
2831 2983 2925 3035 mei
2953 2982 3280 3035 circumdabit
3307 2999 3402 3035 me.
3433 2983 3579 3036 Alius
3599 3023 3614 3044 ,

2050 3070 2383 3143 Vestigiorum
2427 3089 2667 3126 meorum.
2716 3072 2970 3127 Hebra‘us
3017 3082 3214 3138 autem,
3261 3074 3372 3128 Aon
3413 3073 3618 3127 accubui

2039 3163 2292 3218 isubbuni.
2326 3163 2512 3218 Vidisti
2542 3164 2808 3234 quomodo
2837 3173 2919 3218 est
2946 3164 3214 3233 probletna
3240 3206 3253 3224 .
3278 3174 3332 3218 et
3369 3165 3559 3233 mitigm
3578 3183 3615 3226 I,
3681 3197 3688 3204 ο

2041 3265 2092 3311 et
2120 3256 2344 3310 obscura
2373 3259 2563 3322 oratio,
2593 3267 2647 3310 et
2666 3258 2986 3327 permultum
3017 3257 3352 3311 obscuritatis
3377 3258 3400 3310 ?
3425 3258 3550 3321 Sed,
3574 3260 3618 3314 si

2041 3349 2268 3410 videtur,
2309 3349 2536 3417 primum
2571 3349 2924 3418 intelligamus
2953 3363 3235 3419 quemnam
3267 3349 3395 3404 dicit
3423 3351 3617 3404 malum

2041 3442 2204 3497 diem.
2230 3443 2521 3508 Quemnam
2547 3457 2673 3511 ergo
2701 3442 2894 3495 malum
2925 3442 3065 3496 diem
3093 3441 3229 3496 solet
3257 3456 3447 3496 vocare
3473 3441 3619 3497 Scri-

2042 3536 2239 3606 ptura?
2269 3535 2417 3590 Diem
2459 3535 2841 3600 calamitatum,
2871 3535 3008 3590 diem
3050 3535 3449 3605 suppliciorum,
3479 3535 3618 3590 diem

2042 3641 2418 3681 aerumnarum.
2447 3625 2598 3692 Quod
2641 3626 2799 3680 etiam
2827 3626 2954 3681 dicit
2981 3626 3105 3680 alibi
3145 3644 3157 3681 :
3185 3624 3371 3680 Beatus
3416 3627 3503 3696 qui
3537 3627 3619 3680 iu-

2043 3719 2221 3789 telligit
2245 3735 2396 3790 super
2421 3735 2629 3789 egenum
2654 3728 2700 3771 et
2731 3734 3004 3788 pauperem
3033 3734 3050 3770 :
3075 3717 3128 3771 in
3160 3719 3241 3771 die
3271 3719 3406 3770 mala
3435 3717 3619 3771 libera-

2043 3812 2112 3865 bit
2151 3828 2264 3865 eum
2289 3811 2534 3865 Dominus
2562 3810 2735 3880 (Psal.
2778 3809 2970 3880 40.1).
3014 3809 3158 3864 Talis
3182 3820 3264 3865 est
3287 3819 3460 3863 autem
3506 3810 3620 3864 dies

2043 3905 2133 3959 ille
2183 3905 2388 3958 futurus
2437 3904 2806 3973 peccatoribus
2855 3902 3107 3956 terribilis
3154 3910 3208 3955 et
3253 3899 3616 3954 intolerabilis.

2043 3997 2232 4051 Vidisti
2285 3996 2510 4065 primum
2543 3997 2560 4026 ³
2592 3993 2864 4048 decretum
2906 4007 3166 4061 suprema:
3211 3991 3521 4061 sapientiae,
3566 4000 3620 4045 et

2041 4087 2306 4158 quomodo
2328 4087 2418 4141 tibi
2447 4085 2866 4148 deﬁniatoratio,
2890 4099 3130 4153 quamam
3155 4085 3260 4137 sint
3280 4084 3434 4153 digna
3453 4095 3614 4148 metu,

2042 4195 2283 4249 quaenam
2339 4176 2822 4232 condemnatione?
2867 4176 2974 4228 Nisi
3023 4176 3140 4244 quis
3192 4176 3333 4228 enim
3387 4175 3499 4227 hmc
3540 4174 3618 4228 sic

2042 4274 2244 4342 optime
2271 4271 2577 4340 distinguat,
2625 4279 2889 4335 tamquam
2935 4268 2988 4320 in
3033 4265 3305 4333 profundis
3345 4265 3575 4320 tenebris
3601 4308 3614 4330 ,

2041 4378 2328 4433 rerumque
2353 4363 2663 4416 confusione
2685 4359 2788 4414 huc
2813 4367 2866 4414 et
2891 4358 3016 4412 illuc
3041 4357 3393 4421 circumlatus,
3419 4357 3617 4411 exitum

2041 4473 2146 4512 non
2171 4456 2387 4510 invenit.

2116 4546 2357 4601 Timenda
2380 4562 2409 4596 α
2433 4560 2530 4597 non
2549 4541 2778 4596 timendis
2797 4541 2920 4594 utile
2933 4549 3004 4594 est
3030 4555 3320 4606 secernere;
3356 4549 3612 4609 peccatum

2040 4641 2203 4696 solum
2239 4636 2457 4693 terribile
2485 4647 2556 4690 est
2583 4653 2642 4690 ac
2682 4635 2976 4688 timendum.
3006 4661 3077 4672 —
3106 4631 3216 4688 Nisi
3245 4633 3313 4686 sit
3339 4633 3490 4686 nobis
3519 4633 3618 4686 de-

2043 4735 2249 4788 ﬁnitum
2279 4741 2330 4786 et
2361 4730 2701 4785 constitutum
2725 4742 2964 4797 quaenam
2993 4725 3203 4794 quidem
3236 4724 3439 4788 timere,
3469 4739 3617 4793 qua:-

2042 4843 2164 4882 nam
2198 4840 2324 4881 vero
2345 4823 2610 4878 exsecrari
2637 4829 2900 4890 oporteat,
2931 4833 3152 4888 magnus
3180 4819 3276 4872 erit
3309 4817 3359 4870 in
3391 4817 3496 4871 vita
3524 4833 3618 4871 er-

2040 4934 2152 4983 ror,
2179 4925 2233 4970 et
2257 4929 2504 4984 magnum
2530 4913 2839 4982 perieulum.
2868 4909 2962 4964 Est
2981 4909 3121 4963 enim
3148 4917 3403 4962 extrema:
3433 4922 3621 4960 amen-

2044 5011 2128 5064 tize
2158 5008 2349 5062 timere
2375 5021 2436 5060 ea
2464 5020 2582 5075 quae
2610 5019 2712 5058 non
2757 5010 2881 5056 sunt
2909 4999 3159 5063 timenda,
3191 5014 3253 5053 ea
3292 5015 3417 5052 vero
3443 4998 3619 5053 ridere

2039 5118 2158 5171 qum
2182 5100 2302 5168 jure
2333 5097 2562 5152 timenda
2590 5105 2732 5150 sunt.
2762 5093 2816 5148 In
2849 5093 2951 5150 hoc
2977 5092 3218 5146 homines
3251 5106 3278 5143 a
3312 5091 3487 5157 pueris
3513 5091 3618 5143 dif-

2041 5196 2237 5259 ferunt,
2269 5192 2410 5262 quod
2451 5191 2502 5245 hi
2544 5189 2777 5260 quidem,
2810 5195 2868 5242 ut
2893 5201 3118 5255 quorum
3146 5199 3247 5238 non
3279 5184 3348 5238 sit
3391 5183 3617 5251 perit-«tt

2040 5288 2213 5343 adhuc
2244 5283 2607 5354 intelligentia,
2641 5281 2814 5334 larvas
2843 5279 3048 5340 timent,
3076 5276 3418 5345 hominesque
3447 5278 3615 5329 saccis

2104 5482 2121 5514 ί
2157 5489 2274 5538 Vox,
2294 5477 2520 5542 primum,
2544 5475 2687 5524 deest
2707 5474 2754 5521 iu
2777 5471 2917 5521 Savil.
2946 5477 2997 5518 et
3019 5482 3068 5516 ιιι
3092 5479 3189 5515 uno
3211 5464 3396 5514 Codice.

2101 5564 2174 5624 (ιι)
2209 5570 2304 5610 Non
2328 5568 2472 5624 Syrus
2507 5557 2665 5612 modo,
2690 5555 2778 5604 sed
2819 5554 2964 5602 etiam
2995 5550 3228 5624 ttebraaus
3249 5551 3346 5624 γε.
3360 5559 3433 5604 ra,
3447 5546 3612 5624 habet.

2038 5616 2243 5685 Mox'bte
2266 5616 2430 5688 voces,
2455 5634 2594 5683 uno!
2618 5631 2752 5708 rapa
2774 5629 2870 5704 py,
2887 5619 3171 5684 signiﬁcant,
3195 5616 3419 5678 iniquitas
3453 5619 3616 5666 calca-

2037 5741 2231 5778 neorum
2254 5734 2464 5773 meorum
2479 5717 2809 5786 circumdabit
2821 5727 2896 5786 me
2911 5728 2928 5772 ;
2946 5714 3083 5775 juxta
3105 5710 3431 5786 Symmachum
3451 5717 3616 5759 autem

2040 5789 2291 5841 vertendae
2313 5795 2442 5845 sunt,
2471 5781 2694 5844 iniquitas
2717 5781 3016 5840 restigiormn
3034 5784 3264 5825 meorum.
