4108 6344
479 385 589 451 Ξειῗ

481 503 694 558 indutos
717 517 732 566 ;
759 509 962 572 patrem
991 504 1167 550 autem
1208 503 1300 547 aut
1343 502 1565 546 matrem
1593 491 1909 546 contumelia
1934 490 2052 544 alti-

481 610 604 648 cere
652 593 782 648 nihil
807 605 927 646 esse
967 586 1312 649 existimant;
1345 595 1400 640 ct
1443 584 1494 638 in
1526 584 1700 653 ignem
1748 580 1959 650 quidem
2002 589 2057 634 et

482 685 728 739 lucernas
766 680 1014 736 ardentes
1044 678 1294 740 insiliunt,
1324 673 1574 742 strepitus
1595 682 1770 726 autem
1799 670 2056 740 quosdam

485 774 703 828 minime
721 771 984 827 timendos
1003 769 1354 823 extimescunt
1379 783 1391 818 :
1415 764 1511 819 viri
1534 773 1706 818 autem
1726 761 1852 816 nihil
1868 763 2054 814 horum

484 874 693 921 curant.
722 864 852 931 Quia
883 875 1009 931 ergo
1036 859 1186 914 multi
1215 865 1340 910 sunt
1381 855 1558 924 pueris
1587 853 1876 916 stultiores,
1899 849 2058 904 tradit

485 956 622 1010 hanc
651 953 1061 1014 distinctionem,
1083 959 1138 1004 et
1160 949 1286 1002 dicit
1311 959 1551 1016 quamam
1581 943 1768 997 timere
1791 948 2053 1010 oporteat,

485 1067 588 1104 non
620 1065 680 1104 ea
709 1062 828 1117 qua:
871 1045 1047 1100 multis
1074 1040 1320 1096 videntur
1365 1036 1642 1098 terribilia.
1694 1041 2054 1103 paupertatem

486 1140 628 1205 dico,
662 1136 1021 1208 ignominiam,
1046 1142 1101 1188 et
1149 1131 1392 1187 morbum
1423 1129 1441 1199 (
1467 1127 1580 1182 haec
1621 1125 1760 1181 enim
1791 1139 1896 1178 non
1936 1130 2061 1176 sunt

485 1231 658 1284 solum
689 1229 866 1281 multis
896 1224 1170 1290 terribilia,
1203 1222 1295 1276 sed
1321 1223 1477 1276 etiam
1506 1219 1730 1273 molesta
1761 1225 1815 1270 et
1841 1213 2016 1284 gravia
2042 1230 2057 1279 ;

485 1332 538 1376 at
565 1320 694 1375 nihil
721 1320 906 1372 borum
934 1318 1035 1371 tale
1053 1329 1173 1370 esse
1199 1313 1424 1382 statuit),
1449 1310 1545 1366 sed
1571 1311 1738 1363 solum
1766 1316 2060 1378 peccatum:

487 1414 589 1467 hoc
616 1412 755 1466 enim
784 1408 883 1464 sibi
907 1408 1016 1461 vult
1044 1405 1190 1468 illud,
1221 1404 1470 1473 Iniquitas
1492 1400 1713 1454 calcanei
1737 1399 1833 1452 mei
1851 1398 2064 1450 circum-

485 1503 623 1556 dabit
667 1519 764 1556 me.
805 1500 917 1554 Hoc
944 1507 1026 1553 est
1068 1512 1194 1566 ergo
1238 1494 1407 1549 oratio
1451 1491 1800 1561 ienigniaticzi,
1844 1487 1945 1542 hoc
1982 1496 2064 1541 est

487 1611 656 1648 novus
687 1605 868 1661 tropus
896 1599 949 1644 et
987 1584 1334 1643 admirabilis.
1368 1582 1534 1637 Valde
1577 1581 1718 1635 enim
1765 1593 1955 1632 novum
1982 1577 2063 1630 vi-

490 1687 644 1740 detur
668 1699 787 1739 esse
827 1681 1006 1736 multis
1029 1688 1084 1734 et
1109 1676 1418 1732 admirabile
1456 1673 1654 1738 dicere,
1687 1687 1790 1726 non
1819 1679 2066 1739 oportere

491 1777 776 1845 quidquam
825 1773 1010 1826 timere
1055 1783 1237 1824 eorum
1267 1783 1386 1836 qum
1432 1764 1632 1819 suntin
1659 1764 1762 1817 vita
1807 1761 1984 1832 gravia
2014 1769 2067 1814 et

489 1868 729 1920 molesta.
783 1862 918 1930 Quid
962 1875 1090 1930 ergo
1147 1859 1364 1924 timebo,
1415 1856 1604 1926 inquit,
1654 1855 1706 1908 in
1755 1853 1843 1908 die
1885 1852 2065 1906 mala?

491 1959 664 2014 Unum
692 1966 920 2020 tantum,
942 1970 1009 2008 ne
1036 1952 1175 2007 forte
1202 1951 1302 2004 vim
1328 1964 1462 2004 mea:
1490 1957 1544 2002 et
1570 1947 1691 2000 vitae
1715 1944 1961 2014 iniquitas
1983 1958 2067 1998 me

491 2048 803 2104 circumdet.
851 2045 1000 2100 Solet
1042 2042 1314 2111 Scriptura
1376 2038 1613 2093 fraudem
1655 2051 1847 2092 vocare
1891 2034 2066 2088 ealea-

493 2157 648 2196 neum
683 2157 696 2192 :
732 2139 831 2204 Qui
856 2137 1028 2190 edebat
1053 2133 1215 2195 enim,
1240 2131 1426 2200 inquit,
1454 2144 1649 2182 mecum
1674 2141 1873 2197 partem,
1902 2134 2068 2177 sustu-

494 2235 549 2286 lit
573 2233 626 2285 in
663 2247 742 2284 me
778 2229 1066 2282 calcaneum
1093 2224 1262 2295 (Psal.
1305 2222 1393 2277 40.
1443 2218 1552 2292 10).
1595 2219 1661 2273 Et
1701 2217 1842 2271 Esau
1883 2228 2068 2268 rursus

495 2325 706 2380 dicebat
727 2322 793 2377 de
818 2319 984 2376 Jacob
1015 2336 1028 2372 :
1061 2316 1181 2372 Jam
1206 2313 1421 2370 secundo
1446 2329 1524 2365 me
1551 2308 1890 2380 supplantavit
1915 2305 2066 2376 (Gen.

493 2417 582 2471 27.
612 2413 727 2484 56).
777 2412 872 2466 Est
898 2410 1038 2465 enim
1083 2415 1358 2478 peccatum
1399 2419 1489 2459 res
1529 2399 1808 2471 ejusmodi,
1857 2396 2071 2452 fraudu-

496 2509 659 2568 lenta,
710 2511 768 2559 et
811 2512 934 2572 apta
976 2500 1045 2555 ad
1089 2496 1468 2568 arripiendum.
1499 2494 1632 2559 Hoc,
1665 2491 1852 2562 inquit,
1883 2503 2070 2544 vereor

498 2606 769 2669 peccatum
797 2593 939 2665 quod
970 2608 1056 2647 me
1083 2591 1300 2661 decipit,
1328 2588 1466 2659 quod
1504 2601 1591 2641 me
1615 2583 1926 2640 circumdat.

567 2689 622 2742 4.
653 2687 720 2740 Ει
741 2685 858 2739 ideo
877 2683 1070 2738 Paulus
1091 2681 1142 2735 id
1165 2689 1315 2734 vocat
1335 2677 1728 2732 circumsistens
1769 2671 1954 2743 (Hebr.
1981 2669 2068 2724 12.

498 2782 574 2847 1),
590 2779 909 2847 significans,
926 2775 974 2829 id
987 2773 1125 2844 quod
1142 2773 1409 2836 continue,
1424 2769 1565 2839 quod
1581 2769 1754 2834 facile,
1771 2765 1910 2837 quod
1929 2763 2072 2820 nullo

500 2871 664 2925 ambit
693 2880 744 2925 et
767 2867 1058 2923 circumdat
1084 2866 1312 2936 negotio.
1343 2865 1397 2917 In
1422 2863 1504 2916 his
1523 2877 1650 2930 ergo
1674 2859 1882 2929 judiciis
1908 2857 2074 2912 multa
2109 2881 2120 2889 -

501 2965 688 3018 timent
719 2961 982 3026 homines,
1007 2971 1060 3012 et
1084 2957 1190 3010 vim
1217 2971 1396 3025 opum,
1428 2964 1480 3009 et
1510 2953 1818 3023 potentiam,
1851 2958 1904 3003 et
1931 2947 2073 3018 inju-

500 3058 660 3122 riam,
688 3065 739 3108 et
765 3052 1002 3106 fraudem
1037 3066 1050 3102 :
1080 3049 1188 3102 illic
1209 3059 1381 3101 autem
1413 3045 1543 3099 nihil
1564 3053 1644 3099 est
1671 3040 1950 3111 ejusmodi,
1980 3039 2075 3094 sed

501 3155 775 3217 peccatum
817 3143 990 3196 solum
1033 3150 1113 3194 est
1142 3137 1397 3202 terribile,
1439 3135 1578 3206 quod
1619 3134 1852 3205 undique
1890 3131 2078 3186 circuit

501 3252 595 3291 eos
637 3240 725 3305 qui
774 3234 1070 3301 capiuntur,
1119 3229 1331 3299 gravius
1376 3243 1533 3297 quam
1577 3225 1748 3296 quivis
1790 3224 2074 3278 exercitus.

503 3328 636 3381 Sunt
677 3341 804 3392 ergo
831 3323 1005 3378 omnia
1046 3320 1268 3389 agenda,
1298 3328 1354 3372 ut
1383 3333 1488 3372 non
1515 3317 1582 3371 ab
1625 3317 1740 3386 ipso
1779 3314 2075 3368 circumde«

503 3432 659 3479 mur;
688 3425 964 3484 postquam
985 3419 1159 3464 autem
1181 3410 1464 3463 viderimus
1493 3406 1541 3460 id
1561 3420 1660 3461 nos
1685 3405 1826 3460 vello
1840 3418 2081 3470 compre-

508 3506 762 3569 hcndere,
795 3510 1005 3571 oportet
1045 3499 1162 3568 ejus
1207 3495 1514 3552 occasiones
1552 3495 1752 3565 fugere,
1784 3502 1840 3546 ut
1887 3492 2081 3545 faciunt

508 3597 703 3667 egregii
733 3594 930 3650 milites
960 3610 975 3645 :
1007 3590 1146 3661 quod
1172 3590 1216 3644 si
1243 3591 1400 3643 etiam
1444 3588 1580 3656 capti
1611 3586 1885 3648 fuerimus,
1917 3599 2079 3653 opor-

509 3703 582 3747 tet
623 3690 673 3744 id
700 3689 944 3743 celeritcr
989 3682 1313 3748 rescindere,
1344 3678 1786 3750 quemadmodum
1830 3676 1954 3739 fecit
1980 3677 2083 3729 Da-

507 3783 616 3850 vid,
652 3781 738 3851 qui
773 3795 866 3849 per
896 3776 1255 3848 paenitentiam
1283 3773 1421 3827 vires
1447 3772 1560 3841 ejus
1589 3770 1808 3825 abscidit
1837 3769 1913 3836 (2.
1950 3768 2078 3836 Reg.

512 3875 597 3932 η.
631 3874 744 3942 15).
773 3871 893 3925 Fuit
915 3869 1057 3924 enim
1101 3867 1167 3921 ab
1194 3881 1260 3920 eo
1279 3863 1656 3929 circumdatus,
1688 3860 1779 3916 sed
1813 3860 1862 3914 id
1907 3859 2082 3912 statim

511 3967 710 4036 effugit.
737 3963 836 4031 Qui
863 3961 964 4016 hoc
990 3958 1240 4021 timuerit,
1265 3956 1393 4010 nihil
1413 3955 1556 4009 aliud
1581 3968 1829 4022 umquam
1859 3949 2081 4011 timebit,

515 4058 608 4114 sed
655 4055 895 4110 irridebit
942 4067 1003 4106 ea
1032 4065 1150 4120 quae
1198 4049 1250 4102 in
1282 4046 1526 4117 praesenti
1568 4046 1671 4099 vita
1703 4045 1839 4098 bona
1866 4052 2006 4106 sunt,
2034 4048 2087 4094 et

515 4165 634 4220 qua:
661 4146 882 4201 molesta
926 4150 1049 4196 sunt
1087 4145 1410 4198 contemnet.
1439 4151 1557 4191 cum
1595 4136 1739 4190 solus
1786 4135 1872 4187 ille
1915 4143 2086 4186 melus

517 4241 629 4308 ejus
656 4246 887 4293 mentem
931 4234 1110 4304 agitet.
1141 4231 1281 4286 Nihil
1305 4229 1468 4292 enim,
1499 4227 1630 4282 nihil
1667 4236 1810 4280 certe
1838 4224 1978 4278 aliud
2008 4233 2088 4277 est

519 4333 568 4385 ei
601 4326 950 4391 formidabile,
998 4323 1086 4393 qui
1126 4331 1207 4375 est
1234 4321 1336 4374 hoc
1383 4321 1570 4372 timore
1613 4317 1863 4386 prteditus
1893 4331 1905 4365 :
1933 4322 2088 4381 atque

519 4423 722 4475 adeone
767 4419 877 4487 ipsa
915 4415 1126 4486 quidem
1153 4426 1320 4472 mors,
1348 4425 1464 4479 quae
1495 4417 1576 4462 est
1598 4416 1754 4477 caput
1780 4420 1955 4459 rerum
1988 4413 2091 4457 ter-

521 4513 772 4574 ribilium,
801 4509 901 4562 nisi
939 4508 1040 4560 hoc
1068 4519 1228 4558 unum
1255 4501 1443 4557 solum.
1489 4497 1807 4566 Quomodo?
1832 4495 2089 4564 Qu0niam

525 4603 682 4658 tradit
717 4601 994 4672 gehennm,
1021 4595 1266 4666 quoniam
1319 4591 1629 4645 transmittit
1673 4590 1736 4642 ad
1778 4587 2091 4642 immortalia

523 4693 793 4763 Supplicia.
825 4689 881 4746 Si
924 4688 1040 4756 quis
1069 4699 1251 4739 rursus
1278 4683 1329 4735 in
1370 4697 1436 4736 eo
1466 4695 1523 4734 se
1549 4687 1693 4734 recte
1731 4679 1974 4748 gesserit,
2007 4677 2086 4730 in-

527 4785 668 4838 ducit
693 4795 904 4836 onmem
936 4781 1200 4832 virtutem.
1241 4774 1426 4843 Cogita
1455 4773 1599 4826 enim
1628 4781 1821 4841 quanta
1863 4783 1948 4822 res
1989 4769 2090 4832 sit,

527 4892 626 4930 nec
665 4873 818 4927 bonis
859 4869 1016 4924 rebus
1057 4867 1435 4928 intumescere,
1463 4877 1563 4916 nec
1590 4862 1825 4915 molestis
1863 4860 2096 4912 animum

529 4963 826 5024 demittere,
853 4957 1189 5029 pracsentium
1207 4955 1400 5008 nullam
1424 4953 1680 5007 rationem
1695 4951 1907 5017 ducere,
1924 4949 2096 5002 futura

532 5055 819 5124 respicere,
851 5051 989 5104 diem
1031 5048 1178 5102 illum
1206 5054 1534 5114 exspectare,
1568 5043 1620 5096 in
1651 5041 1737 5095 tali
1784 5049 1923 5094 metu
1966 5039 2098 5092 assi-

530 5150 636 5206 due
651 5146 870 5202 versari.
902 5143 1000 5210 Qui
1025 5142 1143 5198 talis
1168 5148 1266 5205 est,
1292 5133 1393 5194 erit
1417 5137 1656 5208 angelus,
1683 5135 1768 5204 qui
1806 5133 1908 5187 hoc
1930 5132 2100 5185 solum

538 5241 772 5298 timuerit
799 5246 853 5292 et
891 5236 1020 5290 nihil
1063 5231 1203 5286 aliud
1231 5247 1244 5286 :
1278 5229 1409 5284 nihil
1451 5228 1591 5282 enim
1622 5225 1761 5279 aliud
1805 5221 2028 5285 timebit,
2056 5222 2101 5275 si

537 5335 640 5392 hoc
666 5347 826 5387 unum
849 5327 1080 5382 timuerit
1101 5334 1158 5378 ut
1181 5323 1363 5376 timere
1387 5327 1594 5388 oportet
1623 5335 1633 5368 :
1663 5312 2104 5385 quemadmodum

538 5426 626 5498 qui
653 5440 756 5479 non
801 5421 904 5475 hoc
934 5415 1183 5478 timuerit,
1209 5414 1253 5467 is
1277 5413 1377 5467 erit
1401 5409 1659 5464 obnoxius
1685 5408 1862 5461 multis
1890 5406 2102 5460 terrori-

543 5519 660 5573 bus.
692 5517 744 5571 7.
795 5513 892 5580 Qui
934 5510 1192 5577 conﬁdunt
1219 5507 1271 5559 in
1298 5505 1474 5557 uirtute
1500 5519 1592 5555 sua
1625 5510 1668 5554 et
1710 5501 1762 5553 in
1791 5499 2107 5552 multitudine

546 5609 828 5665 divitiarum
868 5617 1073 5656 suarum
1111 5597 1410 5669 gloriantur.
1438 5593 1610 5655 Alius,
1655 5591 2022 5660 Superbientes.
2052 5589 2104 5642 8.

549 5699 728 5755 Frater
751 5711 850 5748 non
875 5692 1091 5751 redimit,
1120 5687 1324 5740 redimet
1351 5682 1538 5736 homo?
1561 5680 1679 5735 Non
1708 5679 1842 5734 dabit
1874 5676 1976 5732 Deo
1997 5680 2110 5745 pla-

550 5792 793 5844 cationem
822 5800 982 5848 suam,
1010 5781 1062 5836 9.
1093 5789 1137 5833 et
1158 5779 1368 5848 pretium
1397 5775 1744 5843 redemptionis
1769 5772 1948 5824 animm
1984 5786 2105 5822 ua.

1166 383 1222 438 S.
1263 379 1538 437 JOANNlS
1572 377 2036 435 CllBYSOS‘l‘OMl
2078 378 2393 435 ARCHIBP.
2436 379 2973 436 CONSTANTINOP.

3635 387 3738 442 9.28

2167 490 2232 544 Et
2268 508 2512 561 quaenam
2541 503 2623 548 est
2651 495 2764 549 haec
2788 497 3213 565 consequentia?
3238 497 3431 554 dixerit
3457 499 3738 570 quispiam.

2163 583 2413 649 Pulchra,
2444 595 2500 640 et
2522 596 2667 641 recte
2686 587 2982 652 cohaerens,
3012 598 3066 644 et
3091 604 3411 659 magnopere
3435 591 3740 660 dependens

2163 690 2191 727 a
2217 675 2500 744 prioribus.
2538 677 2671 746 Quia
2701 680 2841 734 enim
2883 681 3196 748 laquebatur
3233 683 3300 737 de
3333 682 3552 752 judicio,
3595 694 3651 738 et
3674 685 3742 739 de

2165 765 2251 818 illa
2299 767 2517 822 terribili
2561 769 2830 824 reddenda
2878 771 3102 836 ratione,
3135 785 3189 826 et
3214 771 3283 828 de
3322 775 3583 828 sententia
3622 790 3740 842 quae

2165 859 2430 927 corrumpi
2455 874 2559 913 non
2584 871 2756 927 potest
2787 880 2800 916 :
2828 864 2981 916 multi
3007 873 3184 920 autem
3209 866 3260 918 in
3293 866 3357 920 iis
3379 881 3496 935 quae
3517 864 3604 920 hic
3620 880 3743 921 sunt

2162 945 2396 1015 judiciis,
2419 948 2683 1018 judicibus
2710 953 2920 1021 emptis,
2946 953 3032 1022 jus
3061 965 3428 1024 corruperunt,
3450 966 3502 1010 et
3530 972 3739 1026 poenam

2169 1037 2437 1104 vitarunt;
2493 1043 2807 1095 sententiam
2858 1044 2998 1097 illam
3046 1061 3164 1114 qua:
3208 1047 3427 1100 minime
3474 1049 3738 1118 corrumpi

2167 1137 2342 1197 potest
2368 1132 2684 1200 prmdicans,
2729 1146 2780 1187 et
2811 1151 2967 1202 quem
3011 1138 3154 1204 prius
3193 1139 3325 1192 dixit
3363 1139 3599 1192 timorem
3644 1156 3741 1192 au-

2165 1236 2316 1290 gens,
2343 1222 2454 1276 iure
2480 1223 2770 1291 subjunxit,
2790 1225 3079 1278 ostendens
3099 1241 3157 1279 se
3183 1238 3323 1281 recte
3341 1226 3561 1294 dixisse,
3585 1244 3740 1297 opor-

2172 1324 2286 1370 tere
2312 1331 2475 1369 unum
2500 1330 2620 1370 esse
2645 1317 2911 1379 timorem,
2943 1332 3134 1385 nempe
3158 1333 3277 1371 eum
3309 1319 3393 1386 qui
3423 1334 3487 1372 ex
3527 1332 3742 1387 peccato

2173 1407 2552 1476 proficiscitur,
2579 1415 2635 1460 et
2676 1407 2876 1461 nullum
2907 1409 3088 1462 aiium.
3135 1408 3228 1462 Jus
3253 1409 3392 1462 enim
3421 1424 3527 1463 non
3568 1419 3744 1479 potest

2174 1496 2282 1551 illic
2333 1497 2600 1566 corrumpi
2647 1498 2868 1566 pecunia
2903 1515 2915 1549 :
2949 1514 3048 1553 nec
3095 1499 3219 1554 licet
3260 1499 3414 1553 donis
3459 1500 3743 1568 seipsunte

2170 1589 2413 1659 gehenna
2447 1591 2653 1658 eripere
2683 1610 2695 1644 :
2729 1605 2828 1643 nec
2854 1591 3075 1643 salutem
3101 1589 3291 1644 afferre
3321 1598 3491 1658 potest
3513 1593 3740 1660 patroci-

2173 1681 2318 1736 nium
2345 1691 2395 1737 et
2418 1681 2642 1736 oratoris
2669 1680 2929 1745 defensio,
2958 1696 3057 1735 nec
3081 1681 3275 1751 aliquid
3301 1681 3467 1735 aliud.
3494 1681 3744 1748 Quamvis

2172 1777 2314 1830 enim
2346 1776 2419 1828 sis
2446 1775 2612 1834 dives,
2641 1774 2880 1843 quamvis
2911 1783 3116 1842 potens,
3144 1776 3382 1842 quamvis
3407 1773 3560 1828 alicui
3591 1787 3744 1830 notus

2177 1875 2227 1919 et
2254 1865 2546 1929 familiaris,
2571 1865 2683 1919 hinc
2708 1865 2888 1918 omnia
2913 1874 3034 1918 sunt
3063 1865 3167 1918 illic
3193 1864 3394 1918 inutilia
3417 1881 3431 1927 ;
3459 1864 3566 1918 illic
3587 1879 3738 1919 unus-

2175 1957 2396 2026 qn'sque
2422 1972 2486 2008 ex
2518 1954 2668 2008 factis
2694 1954 2775 2009 vel
2807 1955 3040 2024 punitur,
3069 1954 3148 2008 vel
3172 1965 3472 2009 coronatur.
3501 1954 3745 2021 Quando-

2176 2048 2385 2117 quidem
2419 2058 2472 2102 ct
2518 2048 2606 2116 qui
2653 2057 2767 2101 erat
2792 2056 2946 2102 aetate
2971 2046 3177 2110 Lazari,
3222 2047 3372 2100 valde
3400 2046 3545 2100 dives
3587 2057 3700 2102 erat
3727 2089 3740 2112 ,

2176 2139 2268 2191 sed
2317 2138 2446 2190 nihil
2491 2139 2538 2192 ei
2569 2139 2880 2207 profuerunt
2921 2138 3117 2192 divitiae
3164 2135 3313 2208 (Luc.
3363 2137 3452 2208 16)
3485 2156 3497 2192 :
3527 2147 3582 2191 et
3608 2147 3746 2192 nota:

2175 2236 2329 2282 erant
2371 2227 2602 2298 virgines
2631 2227 2941 2296 virginibus,
2971 2227 3064 2281 scd
3105 2226 3234 2280 nihil
3263 2241 3354 2281 eas
3375 2227 3511 2296 juvit
3552 2228 3636 2281 illa
3666 2228 3743 2280 fa-

2176 2320 2452 2374 miliaritas
2497 2318 2706 2391 (Matth.
2738 2320 2832 2389 9.5)
2865 2340 2878 2374 :
2910 2335 3069 2373 unum
3114 2329 3197 2374 est
3233 2320 3377 2374 enim
3423 2320 3531 2373 illic
3576 2321 3744 2373 solum

2177 2411 2318 2482 quod
2342 2412 2622 2480 quaeritur.
2649 2410 2758 2465 Vos
2783 2425 2931 2479 ergo,
2958 2409 3141 2480 inquit,
3172 2411 3259 2479 qui
3282 2411 3469 2479 Opibus
3496 2409 3670 2474 fiditis,
3694 2425 3747 2463 et

2177 2504 2307 2557 estis
2333 2502 2640 2556 circumdati
2666 2502 2921 2571 potentia,
2953 2499 3146 2555 frustra
3175 2501 3521 2554 intumescitis
3542 2521 3554 2554 :
3579 2516 3748 2570 neque

2179 2595 2324 2648 enim
2347 2593 2620 2648 vobiscum
2647 2593 3030 2646 transmittetur
3059 2591 3110 2645 in
3154 2591 3282 2645 illud
3307 2590 3560 2660 judicium
3588 2607 3744 2660 pecu-

2179 2687 2282 2740 niac
2324 2685 2664 2748 abundantia,
2712 2699 2810 2737 nec
2859 2684 2997 2738 vires
3046 2683 3331 2752 potentias;
3362 2681 3456 2736 sed
3504 2697 3602 2736 nec
3642 2681 3748 2736 ulta

2181 2777 2517 2831 necessitudo
2545 2785 2635 2838 aut
2674 2775 2939 2844 cognatio,
2990 2788 3087 2827 nec
3135 2772 3328 2843 aliquid
3368 2772 3628 2840 ejusmodi
3655 2789 3748 2827 vos

2181 2868 2288 2922 illic
2317 2868 2523 2936 eripiet.
2565 2866 2679 2920 Non
2712 2866 2838 2920 licet
2877 2866 2985 2918 illic
3011 2865 3196 2918 solutis
3238 2864 3495 2934 pecuniis,
3523 2872 3611 2918 aut
3645 2865 3749 2919 ulla

2181 2959 2502 3029 expiatione,
2533 2969 2623 3011 aut
2647 2957 2817 3028 pretio
2841 2956 3029 3009 animae
3061 2956 3224 3009 ullum
3254 2970 3500 3023 umquam
3529 2970 3745 3009 servari.

2187 3049 2331 3118 Quid.
2353 3064 2479 3117 ergo
2510 3057 2590 3102 cst
2616 3046 2754 3116 quod
2782 3045 2911 3100 dicit
2937 3045 3206 3113 Scriptura
3237 3065 3248 3098 :
3279 3042 3455 3096 Facite
3478 3043 3613 3098 vobis
3628 3048 3760 3101 ami-

2184 3157 2268 3196 cos
2294 3157 2356 3194 ea:
2396 3140 2568 3209 iniquo
2608 3154 2860 3202 mantona,
2888 3146 2942 3190 ut
2979 3153 3064 3190 vos
3102 3135 3344 3205 recipiant
3369 3136 3422 3187 in
3452 3147 3636 3188 teterna
3678 3145 3753 3186 ta-

2186 3231 2453 3287 bernacula
2505 3229 2652 3302 (Luc.
2698 3229 2786 3283 16.
2828 3227 2929 3298 9)?
2957 3227 3216 3294 Quidnam
3261 3237 3343 3281 est
3371 3227 3509 3296 quod
3555 3227 3750 3279 dictum

2183 3335 2266 3380 est
2286 3326 2308 3378 ?
2332 3323 2470 3380 Nihil
2517 3322 2858 3387 contrarium,
2892 3336 2990 3374 nec
3018 3333 3316 3388 repugnans
3344 3318 3618 3386 prioribus,
3661 3334 3751 3370 seu

2185 3415 2339 3470 valde
2409 3415 2565 3470 etiam
2630 3411 2987 3466 consentiens.
3035 3408 3089 3463 ln
3145 3410 3392 3478 praesenti
3459 3409 3598 3462 enim
3652 3409 3753 3460 vita

2185 3505 2410 3563 faciendi
2459 3515 2582 3560 sunt
2635 3504 2829 3568 amici,
2885 3501 3137 3557 solvendo
3189 3501 3472 3570 pecunias,
3529 3515 3752 3568 erogau-

2186 3599 2257 3654 do
2295 3614 2356 3652 ac
2394 3595 2754 3652 consumendo
2798 3593 3074 3648 facultates
3116 3591 3168 3645 in
3198 3606 3410 3661 egenos.
3466 3589 3604 3644 Nihil
3631 3605 3754 3658 ergo

2190 3694 2275 3746 hic
2315 3690 2456 3745 aliud
2502 3688 2780 3759 significat,
2808 3687 2910 3741 nisi
2956 3685 3154 3755 largam
3202 3695 3254 3737 et
3303 3684 3573 3752 copiosam
3617 3682 3756 3735 elec-

2189 3799 2488 3854 mosynam.
2534 3782 2588 3836 Si
2631 3781 2771 3836 enim
2802 3795 2923 3835 cum
2972 3776 3102 3832 nihil
3148 3791 3331 3830 eorum
3375 3774 3585 3838 feceris,
3636 3773 3758 3825 illuc

2190 3876 2428 3938 recedas,
2485 3888 2640 3927 nemo
2679 3883 2730 3928 te
2777 3869 3043 3926 defendet.
3101 3868 3280 3936 Neque
3320 3867 3460 3919 enim
3510 3880 3606 3918 nos
3662 3863 3756 3916 de-

2192 3968 2358 4022 fendit
2392 3967 2598 4020 illorum
2643 3963 2894 4029 amicitia,
2934 3960 3027 4016 sed
3053 3959 3192 4028 quod
3232 3974 3296 4012 ex
3338 3972 3579 4010 mamona
3606 3953 3759 4009 amici

2195 4067 2316 4122 facti
2360 4064 2557 4120 fuerint
2586 4081 2600 4120 :
2627 4070 2909 4132 pr0pterea
2939 4057 3150 4126 adjecit,
3178 4055 3376 4108 Amicos
3405 4069 3464 4106 ea:
3491 4068 3718 4104 mmnona
3744 4092 3757 4112 ,

2195 4170 2252 4215 ut
2280 4159 2415 4212 scias
2441 4154 2582 4226 quod
2611 4154 2724 4221 ipsa
2757 4162 2844 4206 tua
2887 4164 3048 4219 opera
3081 4147 3172 4200 tibi
3211 4152 3428 4214 parcent
3455 4143 3494 4204 ί,
3526 4143 3760 4195 eleemo-

2195 4267 2347 4322 syua,
2375 4247 2677 4307 clementia,
2706 4246 2760 4298 in
2784 4256 3041 4313 pauperes
3060 4236 3437 4293 munilicentia.
3464 4234 3592 4288 Nam
3625 4231 3759 4301 quod

2197 4321 2296 4396 nec
2324 4339 2594 4408 cognatio,
2625 4351 2724 4392 nec
2768 4331 3101 4388 necessitudo
3130 4329 3412 4399 quidquam
3440 4323 3603 4395 prosit
3643 4321 3762 4374 abs-

2197 4447 2302 4503 que
2330 4429 2598 4501 operibus,
2643 4425 2768 4481 audi
2805 4423 2948 4495 quod
2990 4423 3116 4476 dicit
3157 4419 3410 4488 propheta
3441 4433 3454 4469 :
3484 4414 3544 4470 Si
3580 4412 3764 4465 steterit

2202 4526 2338 4594 Noe,
2363 4535 2409 4580 et
2427 4523 2548 4588 Job,
2575 4533 2621 4576 et
2658 4519 2864 4585 Daniel,
2897 4518 3029 4588 ﬁlios
3055 4531 3172 4569 suos
3199 4523 3244 4566 et
3272 4512 3404 4580 ﬁlias
3423 4525 3540 4562 suas
3577 4523 3674 4559 non
3700 4505 3765 4557 li-

2200 4621 2437 4674 berabant
2469 4616 2678 4688 (Ezech.
2720 4616 2810 4669 14.
2844 4613 2933 4667 14.
2965 4611 3076 4679 18).
3106 4609 3172 4661 Et
3203 4605 3328 4675 quid
3368 4603 3488 4657 dico
3514 4603 3566 4655 in
3595 4600 3765 4652 futura

2202 4712 2329 4775 vita,
2356 4707 2566 4779 quando
2595 4719 2693 4760 nec
2721 4705 2775 4758 in
2821 4700 3068 4772 praesenti
3098 4698 3380 4768 quidquam
3404 4694 3554 4762 juvat
3580 4689 3766 4744 amici-

2203 4806 2273 4857 tia
2299 4803 2321 4856 ?
2359 4801 2621 4868 Quantum
2652 4797 2785 4852 luxit
2811 4805 2866 4850 et
2906 4795 3050 4848 flevit
3077 4789 3311 4854 Samuel,
3343 4796 3396 4842 et
3422 4786 3636 4841 Saulem
3662 4799 3770 4838 non

2203 4893 2400 4962 eripuit
2431 4891 2506 4962 (1.
2538 4889 2667 4958 Reg.
2702 4887 2787 4941 15.
2818 4885 2956 4956 35)?
2987 4891 3237 4952 quantum
3269 4894 3394 4934 vero
3420 4887 3665 4947 precatus
3689 4886 3769 4930 est

2206 4982 2483 5046 Jeremias,
2510 4988 2564 5046 et
2589 4977 2800 5034 Judzros
2826 4974 2957 5028 nihil
2980 4974 3115 5043 juvit
3142 4970 3270 5043 (Jer.
3305 4970 3390 5023 14.
3423 4969 3476 5021 7.
3510 4967 3636 5037 11)?
3666 4967 3771 5019 imo

2207 5076 2366 5130 etiam
2395 5074 2520 5126 dum
2547 5078 2725 5125 oraret
2753 5067 2851 5122 fuit
2892 5063 3267 5134 reprehensus.
3297 5060 3360 5113 Et
3389 5057 3514 5127 quid
3543 5057 3770 5122 miraris,

2208 5167 2253 5220 si
2279 5165 2410 5220 nihil
2447 5162 2643 5233 profuit
2667 5158 2947 5223 Jeremias,
2975 5151 3185 5225 quando
3214 5165 3310 5205 nec
3339 5149 3538 5202 Mosem
3563 5147 3774 5217 quidem

2210 5260 2306 5323 ait,
2347 5257 2389 5310 si
2416 5255 2604 5310 fuisset
2629 5254 2718 5306 illo
2752 5260 3012 5319 tempore,
3044 5259 3258 5300 servare
3284 5241 3518 5313 potuisse
3542 5240 3774 5304 Judzeos,

2211 5347 2639 5420 quandoquidem
2662 5357 2846 5399 eorum
2896 5339 3190 5393 invaluerat
3215 5332 3469 5403 nequitia,
3499 5346 3596 5384 nec
3620 5346 3684 5384 ex
3719 5345 3778 5384 se

2210 5442 2404 5512 aliquid
2435 5440 2720 5494 attulerant
2749 5433 2875 5505 (Jer.
2904 5432 2989 5486 15.
3023 5428 3116 5499 1)?

2281 5539 2335 5591 5.
2369 5534 2671 5590 Sanctorum
2697 5543 2894 5598 preces;
2925 5525 3105 5578 anima:
3141 5521 3390 5594 dignitas;
3431 5535 3582 5591 Opera
3612 5530 3778 5570 neces-

2279 5715 2294 5744 ι
2331 5717 2468 5758 Juxta
2491 5706 2693 5755 Boisium
2716 5703 2977 5765 legendum
2994 5709 3143 5760 esset,
3163 5705 3420 5762 protegent,
3444 5710 3546 5760 pro,
3569 5701 3779 5758 parcam.

2218 5776 2310 5824 sed
2329 5779 2548 5827 verbum,
2573 5774 2784 5831 parcent,
2801 5766 3018 5827 quadrat.
