4108 6344
343 389 450 453 237

342 515 470 586 δρες
496 511 671 566 οὐδενὶ¹
694 512 898 566 τούτων
925 513 1360 587 ἐπιστρέφονται.
1410 517 1563 573 Ἐπεὶ
1589 515 1679 575 οῦν
1726 520 1912 574 πολλοὶ

343 605 550 659 παίδων
578 606 716 658 εἰσὶν
748 606 1111 676 ἀνοητότεροι,
1141 607 1402 679 διαίρεσιν
1435 613 1664 665 ποιεῖται
1687 612 1911 682 ταύτην,

345 701 438 753 καὶ
464 698 612 766 λέγει
635 698 755 752 τίνα
769 697 872 770 χρὴ
896 697 1273 766 φοϐεῖσθαι,ὀὐ
1293 699 1361 753 τὰ
1382 701 1591 766 πολλοῖς
1608 702 1864 757 δοκοῦντα
1884 716 1912 746 ι

341 789 570 860 φοϐερὰ,
598 789 787 843 πενίαν
819 789 980 858 λέγω,
1018 791 1112 843 καὶ
1133 789 1368 856 ἀδοξίαν,
1403 793 1498 845 καὶ
1523 794 1675 848 νόσον
1721 795 1912 865 (ταῦτα

341 883 451 953 γὰρ
480 883 541 934 οὐ
577 881 738 950 μόνον
770 883 880 942 τοῖς
907 879 1119 944 πολλοῖς
1141 881 1364 952 φοϐερὰ,
1383 882 1517 938 ἀλλά
1549 885 1643 937 καὶ
1676 885 1908 957 ἐπαχθῆ,

343 974 436 1026 καὶ
473 973 738 1044 φορτικά·
768 972 882 1026 ἀλλ’
912 971 1063 1025 οὐδὲν
1089 972 1292 1026 τούτων
1315 973 1571 1045 τίθησιν),
1599 975 1714 1029 ἀλλ’
1743 978 1915 1048 ἁμαρ-

341 1059 462 1114 τίαν
495 1057 689 1130 μόνην·
731 1056 889 1111 τοῦτο
915 1057 1024 1129 γάρ
1051 1059 1224 1112 ἐστιν’
1267 1061 1328 1116 Ἠ
1348 1061 1563 1132 ἀνομία
1593 1062 1704 1134 τῆς
1737 1065 1914 1134 πτέρ-

339 1166 452 1217 νης
465 1169 586 1220 μου
611 1149 906 1205 κυκλώσει
933 1166 1030 1219 με.
1050 1150 1220 1204 Τοῦτο
1233 1147 1325 1204 οῦν
1350 1153 1496 1208 ἐστιν
1513 1156 1913 1226 αἰνιγματώδης

339 1243 515 1312 λόγος,
550 1241 708 1296 τοῦτο
753 1241 938 1304 καινὸς
969 1241 1064 1294 καὶ
1101 1243 1402 1313 παράδοξος
1431 1246 1648 1317 τρόπος.
1700 1248 1912 1318 Σφόδρα

339 1337 447 1407 γάρ
489 1334 674 1390 καινὸν
717 1334 813 1389 καὶ
847 1333 1150 1404 παράδοξον
1189 1338 1300 1398 τοῖς
1345 1337 1559 1402 πολλοῖς
1591 1335 1728 1392 εἶναι
1767 1339 1914 1394 δοκεί

336 1430 399 1482 τὸ
428 1428 624 1497 λέγειν,
653 1425 726 1498 μὴ
759 1426 868 1479 δεῖν
893 1442 948 1478 τι
980 1425 1260 1495 φοϐεῖσθαι
1280 1426 1390 1482 τῶν
1418 1429 1477 1481 ὲν
1507 1427 1586 1499 τῷ
1608 1429 1706 1500 βίῳ
1737 1430 1910 1502 λυπη-

338 1521 470 1594 ρῶν.
504 1520 571 1574 Τί
595 1517 689 1573 οὖν
727 1518 1018 1588 φοϐοῦμαι,
1065 1518 1250 1588 φησὶν,
1295 1521 1353 1572 ὲν
1390 1523 1458 1590 τῇ
1493 1521 1674 1592 ἡμέρᾳ
1715 1526 1780 1592 τῇ
1811 1541 1908 1578 πο.

340 1615 476 1684 νηρᾷ
493 1615 554 1680 1’;
584 1613 681 1666 Ἕν
705 1612 883 1682 μόνον,
901 1612 1108 1683 μήποτε
1135 1613 1168 1680 ή
1193 1612 1389 1681 ἀνομία
1416 1616 1516 1683 τῆς
1535 1614 1654 1667 ὀδοῦ
1686 1627 1786 1684 μου
1816 1619 1909 1671 καὶ

333 1707 427 1762 τοῦ
454 1706 568 1778 βίου
596 1723 694 1775 μου
724 1703 978 1776 κυκλώσῃ
1004 1720 1091 1774 με.
1114 1702 1234 1757 Οἷδε
1258 1704 1313 1756 δὲ
1334 1705 1428 1759 καὶ
1458 1707 1694 1778 πτέρναν
1727 1711 1908 1762 καλεῖν

333 1800 432 1871 τὴν
478 1798 693 1866 ἀπάτην
731 1799 764 1867 ή
801 1796 1011 1868 Γραφή.
1082 1795 1135 1846 Ὀ
1175 1795 1396 1850 ἐσθίων
1434 1797 1542 1868 γὰρ
1577 1799 1704 1867 μετ’
1740 1798 1905 1867 ἐμοῦ,

336 1892 530 1962 φησὶν,
573 1889 783 1956 ἄρτον,
838 1885 1059 1955 ἐπῆρεν
1097 1886 1189 1940 ἐπ’
1227 1886 1332 1956 ἐμὲ
1360 1891 1740 1958 πτερνισμόν.
1799 1892 1908 1944 Καὶ

335 1983 498 2036 πάλιν
527 1983 556 2034 ὁ
594 1978 762 2033 Ἠσαῦ
803 1977 988 2047 ἔλεγεν
1035 1977 1162 2049 περὶ
1198 1977 1290 2030 τοῦ
1337 1977 1528 2031 Ἰακώϐ
1553 1996 1566 2009 ·
1621 1981 1909 2050 Δεύτερον

333 2073 510 2127 τοῦτο
552 2070 861 2140 ἐπτέρνικέ
897 2087 975 2139 με
1005 2081 1050 2124 ο.
1119 2069 1370 2124 Τοιοῦτον
1419 2069 1528 2142 γὰρ
1569 2073 1600 2141 ἡ
1641 2074 1905 2143 ἁμαρτία,

332 2163 640 2235 ἀπατηλὸν,
682 2163 776 2215 καὶ
812 2161 992 2214 ἱκανὸν
1031 2162 1392 2224 συναρπάσαι.
1455 2162 1698 2234 Ταύτην,
1751 2165 1904 2233 φησὶ,

331 2257 549 2312 δέδοικα
591 2253 692 2325 τὴν
733 2251 1028 2307 ἀπατῶσάν
1082 2270 1150 2324 με
1191 2251 1502 2323 ἁμαρτίαν,
1555 2252 1652 2324 τὴν
1679 2253 1906 2308 κυκλοῦ-

335 2348 436 2402 σάν
468 2364 557 2418 με.

401 2463 465 2516 δ’.
485 2460 576 2514 Διδ
596 2459 691 2515 καὶ
707 2462 734 2513 6
763 2459 974 2524 Παῦλος
1010 2458 1178 2530 αὐτὴν
1205 2459 1588 2531 εὐπερίστατον
1610 2460 1784 2523 καλεῖ,
1806 2459 1904 2532 τὴν

335 2553 574 2624 συνεχῶς
602 2551 1030 2623 περιϐάλλουσαν
1059 2552 1253 2623 δηλῶν,
1279 2552 1376 2623 τὴν
1404 2553 1657 2616 εὐκόλως,
1680 2554 1778 2624 τὴν
1812 2555 1906 2625 ρᾳ-

332 2646 481 2716 δίως.
539 2645 628 2696 Ἐν
663 2644 761 2712 μὲν
802 2638 894 2696 οὖν
940 2643 1146 2706 τούτοις
1181 2645 1292 2706 τοῖς
1338 2643 1705 2713 δικαστηρίοις
1739 2641 1907 2698 πολλὰ

329 2735 632 2789 δεδοίκασιν
670 2734 719 2786 οἰ
761 2732 1068 2803 ἄνθρωποι,
1107 2732 1199 2785 καὶ
1238 2733 1533 2803 χρημάτων
1565 2734 1901 2801 περιουσίαν,

331 2827 426 2880 καί
453 2824 792 2889 δυναστείαν,
833 2824 926 2877 καὶ
962 2825 1244 2892 ἐπήρειαν,
1280 2824 1374 2878 καὶ
1412 2825 1626 2892 ἀπάτην
1649 2841 1662 2854 ·
1708 2827 1823 2878 ἐκεῖ
1849 2824 1905 2877 δὲ

332 2917 484 2971 οὐδὲν
511 2914 770 2978 τοιοῦτον,
804 2914 916 2968 ἀλλ’
959 2913 993 2984 ἢ
1022 2913 1262 2983 ἁμαρτία
1298 2912 1453 2983 μόνον
1486 2913 1734 2984 φοϐερὸν,
1769 2930 1904 2968 παν-

328 3009 499 3079 ταχοῦ
537 3007 813 3062 κυκλοῦσα
833 3007 960 3068 τοὺς
979 3004 1388 3075 ἁλισκομένους,
1413 3005 1504 3058 καὶ
1534 3005 1904 3077 στρατοπέδων

331 3099 732 3172 χαλεπώτερον.
781 3099 872 3151 Δεῖ
901 3097 998 3168 μὲν
1027 3090 1118 3150 οὖν
1147 3095 1326 3149 πάντα
1349 3097 1627 3168 πράττειν,
1654 3096 1796 3152 ὥστε
1829 3095 1904 3169 μὴ

330 3191 660 3248 κυκλοῦσθαι
684 3190 775 3244 ὑπ’
797 3188 988 3258 αὐτῆς,
1025 3187 1140 3242 ἀλλ’
1173 3187 1391 3242 ἐπειδὰν
1418 3187 1616 3259 ἴδωμεν
1647 3188 1904 3260 βουλομέ-

329 3304 428 3358 νην
451 3283 602 3358 [209]
630 3282 798 3353 αὐτὴν
831 3283 980 3353 ἡμᾶς
1021 3280 1361 3352 περιϐαλεῖν,
1393 3280 1702 3349 διαφεύγειν
1735 3282 1905 3352 αὐτῆς

327 3377 426 3441 τὰς
460 3376 650 3440 λαϐὰς,
687 3375 825 3445 ὅπερ
853 3375 900 3427 οἱ
943 3377 1177 3442 γενναῖοι
1202 3373 1309 3426 τῶν
1344 3373 1686 3444 στρατιωτῶν
1716 3373 1900 3428 ποιοῦ-

329 3485 441 3522 στν·
480 3467 548 3522 ἂν
578 3467 633 3520 δὲ
663 3466 757 3520 καὶ
789 3465 1025 3536 ἁλῶμεν,
1057 3464 1366 3518 διακόπτειν
1393 3465 1602 3534 ταχέως
1628 3465 1818 3536 αὐτὴν,
1845 3466 1902 3518 ὄ-

327 3579 438 3634 περ
470 3561 564 3614 καὶ
583 3562 612 3614 6
646 3558 808 3613 Δαυῖδ
839 3559 1080 3628 ἐποίησε,
1121 3557 1388 3628 διατεμὼν
1426 3557 1597 3628 αὐτῆς
1624 3559 1723 3629 τὴν
1751 3559 1903 3628 ἰσχὺν

327 3653 416 3706 διὰ
451 3655 553 3724 τῆς
591 3651 900 3724 μετανοίας.
954 3647 1266 3718 Ἐκυκλώθη
1317 3649 1412 3719 μὲν
1441 3650 1546 3720 γὰρ
1591 3649 1682 3702 ὑπ’
1710 3649 1898 3720 αὐτῆς,

327 3744 696 3816 ἀλλάςταχέως
719 3743 886 3814 αὐτὴν
918 3742 1190 3812 διέφυγεν.
1237 3739 1296 3795 Ὀ
1323 3740 1479 3793 τοῦτο
1509 3741 1777 3803 δεδοικὼς,
1807 3741 1900 3792 οὐ·

326 3839 416 3892 δὲν
435 3837 562 3892 ἄλλο
591 3835 953 3907 φοϐηθήσεταί
978 3851 1127 3898 ποτε,
1152 3831 1289 3886 ἀλλὰ
1317 3831 1677 3899 καταγελάσει
1708 3831 1816 3884 τῶν
1843 3832 1900 3884 ὲν

325 3928 407 4000 τῷ
437 3927 662 4000 παρόντι
689 3927 788 3997 βίῳ
814 3925 1086 3998 χρηστῶν,
1118 3923 1446 3996 ὑπερόψεται
1480 3921 1587 3975 τῶν
1619 3921 1898 3992 λυπηρῶν,

323 4019 420 4074 τοῦ
452 4018 616 4088 φόϐου
643 4019 802 4088 μόνον
828 4017 1037 4070 ἐκείνου
1069 4015 1448 4077 κατασείοντος
1472 4012 1636 4067 αὑτοῦ
1665 4012 1763 4083 τὴν
1785 4012 1901 4066 διά-

325 4126 496 4166 νοιαν.
543 4109 710 4163 Οὐδὲν
737 4107 866 4179 γὰρ,
920 4106 1070 4160 οὐδὲν
1094 4105 1204 4158 τῶν
1229 4104 1402 4159 ἀλλων
1426 4103 1652 4174 φοϐερὸν
1675 4102 1754 4172 τῷ
1777 4103 1900 4156 τοῦ-

324 4220 418 4256 τον
455 4199 776 4272 κεκτημένῳ
813 4199 906 4251 τὸν
941 4182 1124 4266 φόϐον,
1166 4195 1290 4248 οὐδὲ
1321 4195 1452 4249 αὐτὸ
1493 4194 1556 4247 τὸ
1601 4193 1896 4262 κεφάλαιον

324 4295 437 4349 τῶν
465 4293 728 4364 φοϐερῶν,
759 4293 788 4345 6
819 4291 1065 4354 θάνατος,
1114 4287 1226 4342 ἀλλ’
1269 4285 1302 4357 ἢ
1334 4286 1486 4338 τοῦτο
1526 4285 1701 4354 μόνον.
1737 4284 1894 4349 Πῶς;

326 4385 454 4440 ὀτι
483 4385 676 4457 γεέννῃ
720 4381 1105 4454 παραδίδωσιν,
1138 4379 1220 4432 ὅτι
1269 4376 1404 4447 πρὸς
1451 4374 1549 4438 τὰς
1598 4374 1896 4438 ἀθανάτους

325 4476 690 4548 παραπέμπει
712 4471 998 4542 τιμωρίας.
1029 4469 1198 4522 Τοῦτο
1219 4467 1381 4520 πάλιν
1404 4465 1740 4536 κατορθωθὲν
1756 4466 1898 4519 ἀπα-

327 4588 427 4626 σαν
457 4569 667 4635 εἰσάγει
708 4565 806 4636 τὴν
829 4566 1047 4637 ἀρετήν.
1099 4561 1380 4632 Ἐννόησον
1407 4558 1515 4630 γὰρ
1545 4558 1728 4629 ἡλίκον
1756 4558 1891 4624 ἐστὶ,

329 4661 408 4732 μὴ
447 4657 718 4728 φυσᾶσθαι
763 4658 873 4718 τοῖς
916 4654 1200 4726 χρηστοῖς,
1249 4651 1321 4721 μὴ
1360 4649 1740 4703 ταπεινοῦσθαι
1782 4652 1896 4713 τοῖς

324 4755 620 4824 λυπηροῖς,
676 4747 877 4819 μηδένα
914 4745 1021 4798 τῶν
1079 4743 1357 4813 παρόντων
1409 4741 1678 4798 ποιεῖσθαι
1715 4741 1889 4812 λόγον,

327 4845 463 4916 πρὸς
495 4842 560 4896 τὰ
593 4838 849 4911 μέλλοντα
881 4836 1034 4908 ὀρᾷν,
1069 4836 1166 4904 τὴν
1198 4835 1406 4906 ἡμέραν
1435 4834 1721 4905 ἀναμένειν
1753 4835 1894 4888 ἐκεί-

325 4951 445 5007 νην,
477 4931 698 5002 τοιούτῳ
731 4929 878 4998 φόϐῳ
907 4927 1093 4997 συζῇν.
1131 4927 1188 4980 Ὀ
1215 4923 1453 4989 τοιοῦτος
1475 4924 1702 4994 ἅγγελος
1741 4925 1892 4979 ἔσται

324 5027 484 5082 τοῦτο
513 5016 674 5095 μόνον
694 5019 966 5084 δεδοικὼς,
993 5017 1100 5071 τῶν
1132 5017 1188 5070 δὲ
1212 5017 1384 5070 ἄλλων
1418 5017 1610 5087 μηδέν·
1642 5016 1761 5072 οὐδὲ
1782 5016 1891 5089 γὰρ

323 5111 690 5187 φοϐηθήσεταί
722 5128 775 5164 τι
810 5109 918 5162 τῶν
957 5107 1150 5170 ἄλλων,
1187 5106 1254 5160 ἂν
1287 5107 1447 5161 τοῦτο
1475 5108 1634 5177 μόνον
1665 5104 1891 5181 ᾗδεδοισ-

324 5208 460 5273 κὼς,
480 5207 554 5270 ὡς
575 5203 870 5259 δεδοικέναι
900 5203 1025 5271 χρή⁶
1058 5199 1248 5272 ὥσπερ
1273 5197 1364 5254 οὖν
1391 5203 1421 5254 6
1453 5201 1527 5273 μὴ
1555 5200 1712 5254 τοῦτο
1737 5200 1894 5253 δεδοι-

322 5299 458 5362 κὼς,
497 5297 714 5358 πολλοῖς
745 5293 1094 5348 ὑποκείσεται
1137 5291 1406 5363 φοϐεροῖς.
1453 5294 1518 5345 Ol
1547 5292 1892 5358 πεποιθότες

320 5391 425 5446 ἐπὶ
438 5388 513 5458 τῇ
534 5385 782 5455 δυνάμει
797 5382 1012 5448 αὐτῶν,
1029 5383 1126 5436 καί
1146 5383 1244 5436 ἐπὶ
1261 5381 1340 5449 τῷ
1355 5384 1570 5451 πλήθει
1588 5383 1694 5437 τοῦ
1711 5385 1892 5438 πλού-

323 5495 432 5533 του
456 5474 653 5530 αὐτῶν
675 5471 1065 5541 καυχώμενοι.
1095 5471 1309 5537 Ἀλλος,
1351 5471 1889 5541 Ἀλαζονευόμενοι.

337 5565 626 5636 ’.ὶδελφὸς
657 5565 730 5617 οὺ
772 5562 1112 5630 λυτροῦται,
1149 5561 1515 5632 λυτρώσεται
1541 5564 1891 5634 ἀνθρωπος;

386 5741 412 5770 ⁸
427 5734 669 5787 Δοκοῦντα
689 5733 826 5782 deesl
840 5735 892 5781 in
917 5733 1088 5782 Morel.

384 5799 415 5842 δ
440 5799 608 5864 ηομ-ε).
631 5801 690 5864 τῇ
715 5797 907 5864 φοϐερᾷ,
932 5808 1040 5842 mss.
1055 5801 1102 5843 el
1130 5793 1278 5846 Savil.
1295 5801 1353 5861 τῇ
1380 5802 1580 5864 πονηρᾷ,
1591 5797 1795 5852 rectius.

384 5865 412 5896 °
431 5861 531 5915 Alii
562 5857 800 5918 ἑπτέρνισέ
824 5872 898 5917 με.

639 5939 912 6000 Pyram.
958 5937 1074 5999 (in.
1135 5939 1259 6002 LV.

1362 399 1726 458 EXPOSITIO
1763 402 1829 458 IN
1870 403 2200 462 PSALMUM
2241 400 2472 465 XLVIII.

3475 420 3581 475 9.28

2019 524 2101 576 Οὐ
2116 522 2292 578 δώσει
2312 524 2390 591 τῷ
2413 523 2533 591 Θεῷ
2549 526 2850 598 ἐξίλασμα
2877 531 3116 597 ἑαυτοῦ,
3148 533 3244 589 καί
3272 533 3385 603 τὴν
3405 536 3584 606 τιμὴν

2017 613 2117 682 τῆς
2142 618 2491 686 λυτρὼσεως
2513 619 2622 688 τῆς
2641 622 2851 692 ψυχῆς
2873 626 3078 681 αὐτοῦ.
3107 625 3208 681 Καὶ
3239 629 3365 682 ποία
3394 629 3532 700 αὕτη
3544 634 3576 704 ή

2011 704 2323 774 ἀκολουθία;
2357 708 2498 762 είποι
2525 726 2608 773 τις
2634 709 2717 763 ἄν.
2750 712 2926 784 Πολλὴ
2955 715 3051 785 μὲν
3077 712 3189 779 οὖν,
3211 721 3302 770 καὶ
3331 719 3578 790 συνεχὴς,

2012 796 2107 849 καὶ
2150 797 2352 870 σφόδρα
2400 799 2506 853 τῶν
2541 799 2850 872 ἔμπροσθεν
2889 805 3294 880 ὲκκρεμαμένη.
3362 809 3578 882 Ἐπειδὴ

2010 889 2118 960 γὰρ
2145 891 2270 960 περὶ
2292 891 2639 964 δικαστηρίου
2678 895 2706 946 ὁ
2743 894 2898 964 λόγος
2935 898 3103 969 αὐτῷ,
3141 900 3237 954 καὶ
3275 901 3383 955 τῶν
3417 903 3578 973 φοϐε-

2013 977 2121 1048 ρῶν
2143 978 2364 1032 ἐκείνων
2385 981 2642 1047 εὐθυνῶν,
2667 984 2874 1055 καὶτῆς
2895 987 3188 1042 ἀδεκάστου
3205 990 3388 1062 ψήφου
3404 1011 3418 1026 ο
3450 994 3581 1048 πολ·

2007 1069 2089 1122 λοὶ
2110 1069 2166 1122 δὲ
2189 1071 2246 1122 ὲν
2272 1073 2641 1145 δικαστηρίοις
2660 1079 2772 1140 τοῖς
2800 1071 2899 1132 ὧδε
2927 1079 2984 1133 τὸ
3013 1081 3220 1138 δίκαιον
3247 1083 3576 1158 διέφθειραν,

2008 1163 2103 1216 καὶ
2153 1165 2412 1234 δικαστὰς
2459 1169 2760 1242 ὠνήσαντο,
2818 1175 2909 1228 καὶ
2955 1175 3207 1246 διέφυγον
3246 1180 3346 1250 τὴν
3387 1181 3573 1251 δίκην·

2007 1256 2398 1329 ἀνακηρύττων
2435 1263 2649 1334 ἐκείνης
2679 1267 2780 1335 τῆς
2816 1265 2996 1338 ψήφου
3037 1267 3098 1322 τὸ
3141 1269 3454 1336 ἀδέκαστον,
3485 1274 3579 1328 καὶ

2008 1346 2098 1399 τὸν
2128 1349 2289 1417 φόϐον
2318 1351 2594 1418 αὓξων,ὂν
2619 1356 2882 1428 πρότερον
2905 1359 3117 1430 εἴρηκε,
3133 1359 3308 1414 ταῦτα
3333 1362 3578 1434 ἐπήγαγε

2007 1437 2240 1503 δεικνὺς,
2271 1443 2350 1496 ὄτι
2393 1445 2572 1509 καλῶς
2619 1446 2771 1500 εἶπεν
2813 1448 2909 1502 ἕνα
2963 1452 3127 1520 φόϐον
3171 1453 3452 1522 φοϐεῖσθαι
3487 1455 3580 1510 τὸν

2009 1530 2114 1584 ἀπὸ
2152 1534 2250 1602 τῆς
2293 1535 2588 1606 ἁμαρτίας,
2621 1539 2776 1594 ἄλλον
2808 1542 2862 1595 δὲ
2903 1542 3124 1614 μηδένα.
3185 1545 3260 1599 Οὐ
3293 1547 3402 1617 γάρ
3431 1547 3579 1600 ἔστιν

2008 1623 2124 1675 ἐκεῖ
2151 1625 2398 1696 χρήμασι
2436 1627 2654 1700 φθεῖραι
2687 1632 2749 1685 τὸ
2789 1633 3018 1697 δίκαιον,
3065 1635 3184 1690 οὐδὲ
3208 1638 3580 1694 καταϐαλόντα

2006 1711 2153 1782 δῶρα
2193 1714 2497 1785 ἐξαρπάσαι
2536 1719 2633 1790 τῆς
2664 1721 2887 1794 γεέννης
2925 1724 3146 1779 ἑαυτόν·
3191 1727 3314 1780 οὐδὲ
3341 1746 3579 1800 προστα-

2009 1803 2098 1856 σία
2143 1807 2236 1858 καὶ
2281 1810 2575 1881 συνηγορία
2621 1812 2812 1877 σώζει,
2861 1815 2978 1868 οὐδὲ
3020 1815 3144 1870 ἄλλο
3184 1818 3293 1871 τῶν
3324 1820 3580 1875 τοιούτων

2007 1894 2178 1950 οὐδέν.
2214 1897 2332 1951 Κᾶν
2359 1900 2466 1974 γὰρ
2495 1901 2745 1970 πλούσιος
2777 1901 2864 1980 ᾖς,
2889 1907 2988 1960 κᾶν
3015 1907 3300 1984 δυνάστης,
3337 1911 3438 1966 κᾶν
3471 1931 3578 1968 τινι

2005 1983 2297 2058 γνώριμος,
2340 1990 2516 2043 πάντα
2555 1993 2725 2048 ταῦτα
2767 1997 2891 2067 εἰκῆ
2935 2001 3026 2052 καὶ
3065 2000 3273 2072 μάτην·
3334 2003 3440 2058 ἀπὸ
3471 2007 3579 2062 τῶν

2006 2075 2184 2147 ἔργων
2212 2080 2441 2145 ἕκαστος
2469 2084 2588 2140 ἐκεῖ
2615 2087 2710 2140 καὶ
2758 2089 3042 2155 κολάζεται
3072 2094 3166 2148 καὶ
3195 2097 3577 2166 στεφανοῦται.

2019 2160 2288 2254 Ἐπεὶ-καὶ
2312 2164 2341 2215 ὁ
2498 2163 2590 2220 τοῦ
2621 2170 2874 2254 ᾼαζάρου
2919 2175 3123 2246 σφόδρα
3170 2160 3423 2244 πλούσιος
3472 2178 3573 2254 ἦν,

2006 2242 2120 2296 ἀλλ’
2144 2245 2292 2334 οὐδὲν
2332 2247 2494 2334 αῦτδν
2522 2251 2810 2334 όᾷπλοῦτος
2837 2253 3012 2328 ὢνησε
3038 2242 3065 2288 ’⁷
3089 2261 3181 2313 καὶ
3209 2262 3264 2314 αί
3316 2242 3586 2334 παρθένοίἶ

2005 2327 2483 2420 γνωρίμους-εἶχον
2515 2332 2614 2397 τὰς
2647 2327 2968 2420 παρθένους,
3023 2342 3137 2396 ἀλλ’
3168 2344 3318 2398 οῦδὲν
3345 2327 3511 2412 αύτὰς
3539 2351 3573 2420 ή

2005 2411 2276 2475 οἰκείωσις
2303 2412 2584 2484 ὠφέλησεν
2605 2435 2618 2448 ο
2649 2418 2707 2472 ἒν
2740 2420 2847 2492 γάρ
2864 2424 2976 2475 ἐστι
3007 2425 3067 2476 τὸ
3097 2425 3424 2498 ζητούμενον
3460 2433 3578 2486 ἐκεῖ

2009 2492 2186 2562 μόνον.
2211 2493 2401 2564 Ὑμεῖς
2414 2497 2612 2562 τοίνυν,
2632 2504 2816 2570 φησὶν,
2833 2507 2878 2556 οἱ
2896 2503 2974 2574 τῷ
2990 2492 3202 2580 πλούτιρ
3223 2492 3572 2584 θαρροῦντες,

2006 2576 2100 2628 καὶ
2129 2576 2448 2632 δυναστείαν
2485 2583 2958 2666 περιϐεϐλημένοι,
2991 2592 3112 2659 είκῆ
3142 2576 3237 2644 καὶ
3268 2576 3444 2664 μάτην
3472 2576 3576 2666 φυέ

2007 2659 2172 2712 σᾶσθε
2193 2677 2206 2690 ·
2239 2663 2359 2715 οὐδὲ
2385 2664 2493 2734 γὰρ
2525 2665 2839 2738 διαϐήσεται
2873 2672 2988 2740 μεθ’
3017 2674 3168 2744 ὑμῶν
3200 2659 3281 2740 εἰς
3320 2659 3494 2733 ἐκεῖνο
3517 2683 3576 2734 τὸ

2005 2744 2357 2835 δικαστήριον
2383 2749 2415 2818 ἡ
2439 2748 2546 2835 τῶν
2567 2754 2865 2835 χρημάτων
2895 2759 3178 2827 περιουσία
3196 2760 3384 2824 ει,οὺδὲ
3408 2767 3440 2834 ή
3473 2765 3574 2835 τῆς

2005 2828 2324 2892 δυναστείας
2348 2831 2501 2901 ἰσχύς
2522 2849 2537 2863 ·
2569 2834 2685 2887 ἀλλ’
2711 2836 2829 2890 οὐδὲ
2852 2839 3120 2912 οἰκειότης
3137 2845 3230 2897 καὶ
3265 2828 3576 2916 συγγένεια,

2000 2911 2123 2964 οὐδὲ
2149 2912 2275 2965 ἄλλο
2303 2913 2410 2966 τῶν
2443 2916 2698 2970 τοιούτων
2727 2921 2878 2972 οὐδὲν
2901 2923 3042 2991 ὑμᾶς
3061 2911 3426 2997 ἐξαιρήσεται.
3460 2911 3574 2984 Οὐκ

2003 2993 2150 3048 ἐστιν
2197 2997 2312 3049 ἐκεῖ
2358 2999 2734 3084 καταϐαλόντα
2771 3007 3044 3074 χρήματα,
3076 2993 3196 3062 οῦδὲ
3220 2993 3369 3084 [9101
3398 3015 3555 3080 ἐξιλαε

2005 3077 2166 3146 σμὸν,
2195 3079 2315 3132 οὐδὲ
2362 3082 2528 3150 τιμὴν
2571 3083 2766 3154 ψυχῆς,
2810 3088 3047 3158 σωθῆναί
3080 3077 3237 3146 ποτε..
3268 3094 3333 3146 Τί
3362 3077 3456 3150 οὖν
3491 3099 3575 3153 ὅτι

2005 3160 2170 3230 φησὶν
2190 3163 2221 3231 ή
2257 3163 2465 3233 Γραφὴ,
2494 3165 2790 3232 Ποιήσατε
2813 3169 2955 3238 ὑμῖν
2984 3174 3201 3240 φίλους
3222 3175 3290 3229 ἐκ
3313 3179 3417 3233 τοῦ
3443 3180 3573 3234 ἀδί-

2005 3261 2114 3300 κου
2133 3248 2403 3314 μαμωνᾶ,
2427 3248 2584 3314 ὅπως
2611 3250 2992 3315 εἰσδέξωνται
3021 3257 3176 3326 ὑμᾶς
3201 3262 3286 3326 είς
3319 3262 3423 3328 τὰς
3442 3267 3575 3318 αἰω-

2004 3328 2180 3393 νίους
2202 3331 2437 3397 σκηνάς
2458 3349 2477 3397 ;
2497 3332 2561 3384 Τί
2587 3333 2705 3386 ποτ’
2722 3331 2815 3388 οὖν
2840 3338 2955 3390 ἐστι
2975 3338 3036 3391 τὸ
3058 3341 3350 3410 εἰρημένον
3371 3361 3384 3408 ;
3405 3349 3574 3400 Οὐδὲν

2003 3411 2267 3475 ἐναντίον,
2300 3414 2423 3467 οὐδὲ
2458 3414 2765 3486 μαχόμενον
2805 3422 2919 3482 τοῖς
2959 3425 3264 3493 προτέροις,
3297 3426 3431 3480 ἀλλὰ
3479 3431 3574 3484 καὶ

2006 3493 2211 3565 σφόδρα
2243 3497 2584 3564 συμφωνοῦν.
2616 3499 2808 3564 Φίλους
2860 3503 2967 3574 γάρ
3006 3505 3237 3560 ἐνταῦθα
3275 3508 3356 3562 δεῖ
3399 3517 3574 3566 ποιεῖν

2003 3577 2062 3629 ὲν
2079 3576 2156 3648 τῷ
2183 3579 2410 3647 παρόντι
2441 3580 2558 3650 βίῳ,
2579 3584 2837 3654 χρήματα
2872 3588 3328 3654 καταϐάλλοντας.
3354 3592 3422 3646 τὰ
3444 3596 3574 3652 ὄντα

2001 3659 2352 3724 δαπανῶντας
2390 3664 2468 3727 είς
2505 3666 2630 3728 τοὺς
2655 3666 2953 3736 δεομένους.
2999 3672 3163 3725 Οὐδὲν
3189 3669 3280 3727 οὖν
3313 3675 3438 3731 ἄλλο
3482 3681 3571 3732 ἐν⁹

2001 3743 2223 3816 ταῦθαή
2244 3744 2612 3819 ἐλεημοσύνην
2630 3750 2825 3820 δαψιλῆ
2851 3753 3165 3809 αἰνίττεται.
3192 3757 3277 3822 Ὠς
3292 3760 3385 3814 ἐὰν
3407 3762 3572 3817 ἁπέλ-

2003 3825 2101 3899 θῃς
2121 3829 2254 3890 ἐκεῖ,
2281 3829 2446 3896 μηδὲν
2460 3830 2663 3886 τούτων
2682 3835 3072 3906 ἐργασάμενος,
3093 3838 3267 3903 οὐδείς
3312 3860 3406 3896 σου
3433 3863 3569 3917 προ-

2003 3910 2275 3980 στήσεται.
2308 3912 2440 3996 Οῦδὲ
2461 3914 2569 3985 γὰρ
2595 3916 2628 3986 ἡ
2651 3915 2802 3984 φιλία
2824 3919 3045 3974 ἐκείνων
3072 3923 3205 3992 ἡμῖν
3223 3910 3566 3996 προΐσταται,

2001 3991 2135 4046 ἀλλά
2161 3993 2222 4046 τὸ
2247 3996 2310 4046 ὲκ
2335 3995 2428 4048 τοῦ
2459 4001 2695 4068 μαμωνᾶ
2721 4001 2972 4068 γενέσθαι
3027 3991 3212 4072 φίλους
3231 4023 3246 4037 ⁸
3268 3991 3384 4063 -διὰ
3413 3991 3569 4067 τοῦτο

2000 4077 2328 4147 προσέθηκε,
2361 4081 2584 4147 Φίλους
2614 4083 2682 4137 ἐκ
2710 4084 2820 4138 τοῦ
2845 4087 3116 4154 μαμωνᾶ,
3148 4089 3234 4143 ἵνα
3261 4092 3458 4165 μάθῃς.
3485 4097 3568 4152 ὅτι

2000 4162 2138 4215 αὐτά
2171 4179 2264 4215 σου
2289 4162 2358 4215 τά
2386 4165 2521 4235 ἔργα
2544 4166 2788 4234 φείσεται
2815 4180 2858 4232 ο,
2881 4170 2912 4241 ή
2937 4170 3298 4242 ἐλεημοσύνη,
3328 4178 3359 4247 ἡ
3381 4162 3568 4246 φιλαν.

2001 4244 2233 4316 θρωπία,
2263 4247 2296 4314 ή
2332 4247 2410 4308 είς
2441 4249 2563 4310 τοὺς
2583 4248 2864 4318 δεομένους
2891 4252 3188 4324 φιλοτιμία.
3227 4244 3378 4313 Ἐπεὶ
3397 4244 3482 4316 δτι
3504 4282 3566 4334 γε

1998 4329 2120 4381 οὔτε
2137 4330 2446 4397 συγγένεια,
2480 4331 2603 4385 οὔτε
2621 4335 2888 4404 οἰκειότης
2909 4336 3170 4405 ὠφελεῖτι
3188 4345 3355 4413 χωρὶς
3366 4329 3563 4416 ἔργων,

1999 4412 2226 4465 ἄκουσον
2255 4413 2306 4466 τί
2340 4431 2502 4482 φησιν
2525 4417 2553 4468 ὁ
2587 4419 2870 4489 προφήτης
2892 4437 2905 4450 ·
2957 4422 3095 4475 Ἐὰν
3125 4425 3244 4494 στῇ
3275 4412 3564 4496 Νῶεςκαί

2010 4496 2148 4558 Ἰὼϐ,
2213 4496 2310 4548 καὶ
2343 4496 2588 4582 Δανιὴλ,
2633 4500 2802 4582 υἱοὺς
2838 4503 3033 4557 αὐτῶν
3079 4507 3176 4559 καὶ
3237 4514 3566 4582 θυγατέρας

1997 4579 2067 4631 οὐ
2094 4577 2179 4647 μὴ
2199 4580 2514 4646 ρὐονται.
2552 4581 2662 4633 Καὶ
2687 4583 2738 4634 τί
2771 4583 2912 4652 λέγω
2940 4589 2998 4638 ἐν
3025 4588 3104 4658 τῷ
3131 4577 3394 4658 μέλλοντι,
3426 4577 3560 4652 δπου

1995 4677 2058 4743 γε
2091 4662 2186 4714 καὶ
2214 4663 2273 4714 ἐν
2299 4661 2376 4731 τῷ
2407 4663 2634 4734 παρόντι
2673 4665 2771 4734 βίῳ
2799 4668 2948 4721 οὐδὲν
2978 4669 3155 4741 ὢνησε
3193 4674 3379 4743 φιλία;
3412 4681 3563 4736 Πόσα

1995 4740 2087 4797 οὖν
2116 4745 2442 4816 ἀπωδύρατο
2470 4747 2563 4799 καὶ
2606 4747 2901 4820 ἐθρήνησεν
2928 4755 2958 4804 6
2985 4740 3270 4826 Σαμουὴλ,
3323 4740 3418 4816 κάὶ
3468 4767 3562 4820 τὸν

1993 4830 2294 4916 Σαοὺλούκ
2327 4829 2637 4916 ὲξήρτωσε;
2678 4833 2819 4887 πόσα
2855 4835 2914 4888 δὲ
2952 4838 2981 4889 6
3017 4837 3284 4910 Ἱερεμίας
3319 4845 3519 4916 ηὔξατο
3540 4890 3558 4916 ,

1995 4914 2088 4967 καὶ
2120 4915 2243 4978 τοὺς
2284 4915 2569 4979 Ἰουδαίους
2595 4916 2746 4971 οὐδὲν
2779 4916 3026 4990 ὤνησεν,
3067 4923 3202 4980 ἀλλὰ
3238 4914 3351 4981 καί
3375 4914 3560 4986 ἀπετι.

1997 4997 2141 5068 μήθη
2182 4997 2512 5084 εύχόμενοςς
2548 4999 2658 5055 Καὶ
2707 5001 2762 5053 τί
2799 5001 3133 5074 θαυμάζεις,
3185 5011 3234 5063 εί
3292 5010 3562 5084 Ἱερεμίας

1992 5079 2143 5133 οὐδὲν
2167 5080 2422 5150 ὀνίνησιν,
2448 5082 2581 5163 δπου
2602 5099 2664 5151 γε
2683 5085 2804 5140 οὐδὲ
2823 5086 2915 5142 τὸν
2931 5089 3135 5146 Μωσέα
3167 5092 3334 5163 λέγει,
3365 5079 3412 5150 εί
3433 5079 3558 5151 κατ’

1993 5164 2169 5216 ἐκεῖνο
2205 5163 2399 5236 καιροῦ
2444 5160 2531 5236 ἧν,
2581 5166 2841 5224 δύνασθαι
2879 5171 3051 5227 σῶσαι
3095 5176 3222 5239 τοὺς
3267 5178 3389 5232 τότε
3431 5181 3560 5235 Ἰουο

1990 5244 2193 5309 δαίους,
2247 5248 2434 5318 ἐπειδὴ
2466 5247 2538 5301 τὰ
2561 5249 2662 5320 τῆς
2687 5253 2884 5318 κακίας
2916 5257 3207 5329 ἐκράτησε,
3259 5261 3352 5313 καὶ
3405 5263 3556 5318 οὐδὲν

1991 5329 2200 5383 οἴκοθεν
2225 5334 2544 5403 εἰσήνεγκαν
2567 5351 2582 5397 ;

2060 5413 2120 5466 ε’.
2155 5413 2304 5466 Πόσα
2326 5416 2454 5486 περὶ
2491 5417 2759 5474 Ἰουδαίων
2788 5422 2816 5473 6
2840 5421 3049 5486 Παῦλος
3079 5424 3324 5496 ἐθρήνει,
3355 5427 3553 5496 λέγων,

2053 5569 2081 5596 α
2103 5560 2252 5633 Savil_.
2279 5565 2334 5610 et
2355 5576 2483 5612 unus
2525 5566 2780 5628 χρημάτων
2808 5569 3096 5632 προστασία,
3137 5585 3247 5633 ηοω
3269 5574 3418 5625 lectio
3456 5589 3551 5624 non

1990 5623 2379 5759 81.)?r331czfénug
2399 5684 2664 5759 ῐῐρννείης,
2692 5690 2775 5759 (ιι.ιοί
2809 5690 2991 5751 λέγεται
3027 5705 3116 5754 pro
3138 5694 3347 5759 φείσεται
3370 5697 3553 5759 legisse

1992 5746 2208 5824 Videl'l‘ll‘xt
2231 5752 2284 5815 _ut
2305 5743 2428 5820 εοεαε
2452 5748 2578 5808 quod
2602 5743 3551 5824 Ιιαςαὶειιηιὶιντααόρεὶαίείεεοιοὲᾒιεα,

1992 5806 2303 5881 amponius
2326 5806 2533 5881 φείσεται
2562 5815 2698 5869 putat
2723 5823 2836 5860 esse
2871 5806 3171 5877 corruplbm,
3196 5806 3247 5867 ἐι
3271 5806 3358 5881 ρτο
3394 5806 3554 5871 οἰῖίὸί

1993 5867 2208 5931 gendum
2231 5867 2562 5930 προστήσεται.

3163 5957 3237 6022 ib
