4108 6344
346 366 449 424 2‘29

341 478 478 533 saria
516 485 652 531 sunt.
690 504 761 516 -—
801 474 1069 542 Quantum
1108 488 1204 544 pro
1244 472 1441 529 Judteis
1478 475 1798 529 lamentatus
1835 483 1920 530 est

341 570 556 637 Paulus,
584 569 768 624 dicens
799 587 814 623 :
846 567 1054 621 Fratres
1072 609 1087 632 ,
1118 566 1251 621 bona
1273 566 1473 637 quidem
1496 567 1725 620 voluntas
1753 566 1920 620 cordis

339 662 443 716 mei
470 670 523 715 es
546 660 818 714 obsecratio
851 659 921 712 ad
956 658 1121 713 Deum
1156 666 1228 712 est
1266 672 1359 727 pro
1400 657 1525 727 ipsis
1552 658 1569 689 ⁸
1607 656 1674 711 ad
1710 658 1921 711 salutem

340 751 367 825 (
386 753 537 807 Rom.
571 750 661 807 ιθ.
684 750 799 821 1)ἳ
822 750 962 819 Quid
983 764 1111 820 ergo
1136 748 1303 803 valuit
1330 748 1446 817 ejus
1475 749 1809 803 obsecratio?
1829 748 1916 803 Ni-

340 846 439 901 hil.
467 846 533 900 Et
557 844 684 915 quid
710 845 833 899 dico
860 844 1193 908 obsecratio,
1219 857 1341 897 eum
1365 856 1462 912 pro
1488 841 1566 896 eis
1600 855 1720 896 esse
1757 842 1919 895 etiam

338 937 622 993 anathema
648 937 910 1006 optaverit
936 934 1110 1007 (Rom.
1140 933 1194 989 9.
1227 934 1262 989 5
1281 933 1303 1004 )
1325 932 1350 987 2
1375 932 1515 1000 Quid
1539 933 1706 1002 ergo?
1730 942 1921 987 suntne

338 1042 748 1100 supervacanete
793 1036 1097 1082 sanctorum
1127 1038 1312 1095 preces
1337 1024 1361 1078 ?
1403 1022 1749 1093 Nequaquam
1778 1064 1792 1087 ,
1825 1021 1921 1077 sed

338 1134 557 1190 magnas
576 1119 736 1174 etiam
759 1118 901 1172 vires
926 1116 1143 1181 habent,
1170 1114 1384 1185 quando
1406 1124 1459 1169 tu
1486 1128 1696 1182 quoque
1724 1113 1803 1167 eis
1829 1127 1923 1166 au-

341 1211 526 1267 xilium
553 1209 757 1264 tuleris.
790 1207 866 1262 lta
893 1207 1055 1263 etiam
1085 1206 1274 1261 Petrus
1304 1204 1577 1260 suscitavit
1602 1203 1916 1265 Tabitham,

338 1318 445 1358 non
469 1301 642 1357 solum
663 1300 929 1366 oratione,
958 1297 1053 1353 sed
1075 1297 1236 1352 etiam
1262 1296 1401 1350 illius
1425 1295 1762 1365 eleemosyna
1781 1292 1919 1362 (Act.

338 1368 515 1450 9.36.
543 1390 738 1465 sum):
766 1392 837 1445 ita
862 1390 1031 1445 sancti
1057 1397 1271 1444 orantes
1308 1387 1442 1441 alios
1476 1385 1813 1456 adiuverunt.
1855 1383 1922 1437 Et

338 1487 441 1541 hoc
469 1486 682 1556 quidem
712 1484 817 1549 hic,
844 1485 931 1538 ubi
959 1482 1186 1537 stadium
1214 1489 1297 1536 est
1323 1489 1377 1535 et
1404 1479 1542 1533 lucta
1572 1495 1584 1531 :
1608 1477 1718 1533 illic
1740 1487 1918 1531 autem

338 1578 469 1633 nihil
498 1577 711 1640 horum,
742 1576 835 1631 sed
859 1582 942 1630 est
961 1589 1027 1629 ex
1051 1572 1176 1627 solis
1205 1571 1357 1627 factis
1382 1572 1544 1625 salus.
1576 1568 1803 1623 Pulchre
1826 1584 1921 1623 au-

338 1678 446 1723 tem
476 1667 561 1722 hic
595 1666 896 1721 ludificatur
925 1664 1115 1720 divites
1140 1702 1155 1727 ,
1184 1672 1241 1718 et
1281 1676 1375 1716 eos
1410 1660 1502 1730 qui
1542 1660 1916 1715 intumescunt.

338 1762 519 1833 Neque
554 1761 697 1816 enim
738 1759 908 1823 dixit,
941 1757 1041 1825 Qui
1086 1755 1283 1811 habent
1323 1753 1607 1824 pecunias,
1649 1766 1748 1806 nec
1770 1792 1785 1816 ,
1814 1750 1915 1819 Qui

336 1867 578 1922 magnam
623 1849 821 1905 habent
860 1846 1153 1919 potentiam
1184 1863 1199 1900 :
1230 1844 1360 1909 sed,
1409 1842 1510 1907 Qui
1556 1840 1819 1910 conﬁdunt
1860 1840 1915 1894 in

337 1944 655 1999 multitudine
677 1941 964 1996 divitiarum
986 1954 1214 2004 suarum,
1239 1945 1286 1991 et
1300 1936 1353 1989 in
1368 1936 1471 1988 suis
1486 1932 1671 1987 viribus
1686 1931 1916 2003 glorian-

336 2048 438 2103 tur,
462 2052 555 2092 eos
573 2034 800 2090 irridens
824 2042 878 2089 et
904 2034 1170 2087 insectans
1193 2071 1208 2096 ,
1234 2029 1373 2101 quod
1401 2028 1600 2083 umbris
1624 2027 1914 2093 conﬁdant,

338 2139 398 2184 et
436 2134 649 2198 propter
687 2125 888 2179 fumum
932 2138 991 2178 se
1017 2121 1308 2177 venditent.
1347 2120 1515 2176 Recte
1541 2126 1717 2173 autem
1740 2117 1910 2184 dixit,

339 2219 569 2275 Pretium
594 2217 948 2288 redemptionis
978 2216 1163 2269 animo:
1188 2228 1296 2268 sua:
1335 2227 1437 2266 non
1477 2209 1615 2264 dabit
1640 2225 1660 2263 :
1688 2210 1917 2278 pretium

335 2313 477 2368 enim
503 2311 694 2365 animae
719 2324 825 2364 non
842 2316 923 2363 est
943 2321 1012 2361 nc
1042 2305 1324 2360 universus
1342 2301 1557 2371 quidem
1577 2298 1824 2355 mundus.
1852 2297 1919 2353 Et

338 2403 459 2459 ideo
485 2401 697 2457 dicebat
727 2418 742 2455 :
775 2400 909 2467 Quid
932 2397 1133 2468 prodest
1157 2394 1347 2450 homini
1375 2394 1418 2447 si
1446 2392 1729 2447 uniuersum
1765 2406 1916 2443 mun-

335 2495 459 2548 dum
480 2496 730 2557 lucretur,
759 2491 941 2545 animo:
964 2497 1129 2542 autem
1167 2501 1272 2542 sum
1313 2484 1661 2539 detrimentum
1695 2481 1917 2553 patiatur

336 2587 548 2659 (Matth.
570 2586 656 2641 16.
679 2583 810 2656 26)?
829 2582 896 2639 Ut
917 2589 1093 2637 autem
1123 2580 1260 2636 scias
1280 2593 1348 2634 ne
1372 2578 1676 2632 universum
1702 2572 1915 2645 quidem

337 2678 590 2734 mundum
638 2691 757 2731 esse
795 2676 1020 2745 pretium
1062 2672 1254 2727 animas
1276 2711 1291 2737 ,
1334 2668 1457 2723 audi
1494 2666 1742 2739 quidnam
1773 2664 1917 2721 Pau-

342 2771 425 2824 lus
458 2770 599 2823 dicat
622 2767 688 2822 de
711 2766 831 2821 aliis
854 2765 1052 2821 sanctis
1080 2781 1095 2819 :
1127 2762 1489 2818 Circumierunt
1522 2761 1573 2814 in
1607 2756 1768 2816 ovinis
1789 2764 1836 2813 et
1862 2757 1919 2812 in

336 2860 556 2929 caprinis
580 2857 816 2927 pellibus,
839 2862 1062 2925 egentes,
1085 2854 1271 2924 pressi,
1298 2850 1467 2923 amicti
1483 2893 1498 2915 ,
1532 2849 1709 2916 quibus
1734 2848 1917 2919 dignus

337 2970 439 3007 non
465 2960 570 3006 erat
597 2949 817 3003 mundus
842 2947 1023 3018 (Hebr.
1049 2947 1133 3001 11.
1156 2944 1245 3000 57.
1274 2944 1384 3014 58).
1414 2940 1638 2997 Mundus
1661 2941 1803 2995 enim
1834 2948 1916 2994 est

337 3054 554 3116 propter
576 3043 826 3098 animam.
859 3035 1313 3107 Quemadmodum
1341 3047 1469 3105 ergo
1498 3047 1603 3087 non
1645 3030 1914 3100 acceperit

338 3144 489 3205 pater
505 3134 719 3189 domum
747 3146 843 3201 pro
861 3129 990 3196 ﬁlio,
1014 3130 1085 3184 ita
1108 3142 1207 3184 nec
1228 3128 1374 3183 Deus
1394 3123 1649 3180 mundum
1678 3137 1775 3191 pro
1798 3122 1914 3175 ani-

337 3240 464 3290 ma;
495 3222 591 3279 sed
615 3221 864 3295 operibus
900 3228 957 3274 et
995 3226 1140 3274 recte
1176 3216 1333 3272 factis
1361 3228 1495 3284 opus
1517 3222 1619 3268 est.
1651 3212 1743 3266 Vis
1777 3210 1916 3265 seire

334 3323 591 3385 quantum
639 3313 709 3369 sit
758 3310 981 3382 pretium
1031 3308 1324 3363 animarum
1376 3300 1717 3358 nostrarum?
1770 3298 1914 3354 Red-

336 3417 615 3476 empturus
641 3418 759 3460 eam
789 3400 1123 3472 Unigenitus,
1150 3414 1257 3455 non
1295 3394 1551 3451 mundum
1598 3391 1779 3457 dedit,
1807 3405 1913 3445 non

336 3498 627 3563 hominem,
648 3510 753 3550 non
776 3504 993 3560 terram,
1029 3505 1137 3547 non
1156 3503 1323 3556 mare,
1338 3486 1430 3543 sed
1452 3500 1603 3542 suum
1625 3484 1913 3553 pretiosum

337 3595 668 3662 sanguinem.
701 3588 958 3657 Quocirca
1002 3583 1212 3639 dicebat
1254 3580 1448 3636 Paulus
1492 3593 1507 3630 :
1550 3576 1723 3630 Pretio
1762 3575 1917 3644 empti

334 3685 472 3746 estis,
495 3682 650 3736 nolite
672 3679 782 3749 ﬁeri
799 3677 927 3732 servi
954 3676 1219 3755 hominum
1238 3673 1313 3741 (1.
1339 3670 1454 3725 Cor.
1476 3669 1528 3722 7.
1560 3667 1632 3721 25
1651 3666 1694 3739 ).
1726 3665 1914 3720 Vidisti

338 3773 748 3844 magnitudinem
773 3769 965 3841 pretii?
992 3758 1215 3835 Quando
1240 3778 1365 3833 ergo
1384 3777 1500 3816 eam
1531 3759 1659 3813 tanti
1682 3766 1913 3826 emptam

337 3865 667 3936 perdideris,
709 3860 973 3933 quomodo
1004 3858 1200 3928 poteris
1238 3870 1354 3912 eam
1395 3854 1647 3922 deinceps
1689 3849 1912 3906 emere?

336 3959 567 4015 Christus
593 3956 722 4010 enim
744 3971 777 4006 a
800 3951 1008 4006 mortuis
1027 3949 1312 4011 suscitatus,
1334 3962 1433 3999 non
1459 3943 1679 4013 amplius
1701 3940 1912 3994 moritur

334 4050 527 4122 (Rom.
554 4048 607 4104 6.
638 4044 733 4118 9).
765 4044 951 4100 Vidisti
987 4056 1144 4112 quam
1188 4040 1257 4093 sit
1303 4037 1533 4107 pretiosa
1586 4033 1760 4087 anima
1794 4070 1811 4097 ,
1860 4038 1915 4086 et

334 4151 529 4215 quanta
556 4141 630 4195 sit
664 4138 778 4207 ejus
812 4134 1077 4205 dignitas?
1112 4130 1192 4187 Ne
1234 4144 1352 4186 eam
1398 4142 1525 4198 ergo
1568 4125 1835 4215 negligas,
1862 4132 1915 4178 et

332 4214 599 4304 captivam
624 4229 843 4286 efﬁcias.
870 4226 938 4280 Et
964 4222 1205 4280 laborauit
1228 4223 1281 4275 in
1300 4229 1575 4283 teternum,
1600 4215 1688 4271 l0.
1719 4224 1765 4268 et
1789 4214 1916 4267 vivet

333 4328 389 4381 in
410 4328 580 4395 ﬁnem.
608 4322 756 4378 Alius
784 4320 1044 4389 interpres
1068 4315 1234 4379 dixit,
1267 4313 1333 4367 Et
1360 4311 1544 4379 quievit
1570 4311 1623 4363 in
1648 4308 1911 4363 saxulum.

339 4422 513 4487 Alius,
537 4419 665 4474 Cum
687 4414 886 4470 desierit
905 4413 1018 4465 huic
1037 4408 1244 4474 saeculo,
1270 4407 1395 4461 vivet
1414 4406 1467 4458 in
1486 4412 1743 4458 aeternum.
1763 4399 1911 4465 Quo-

335 4513 476 4568 niam
507 4511 648 4565 enim
674 4507 807 4561 dixit
828 4505 893 4560 de
918 4501 1192 4565 divitibus,
1217 4495 1469 4568 quoniam
1490 4493 1623 4549 dixit
1639 4492 1707 4546 de
1728 4499 1914 4561 poten-

334 4605 475 4659 tibus
494 4643 509 4667 ,
540 4609 597 4656 et
622 4596 854 4655 ostendit
880 4610 947 4651 ex
976 4593 1060 4647 his
1088 4590 1218 4646 nihil
1248 4587 1382 4643 lucri
1412 4585 1522 4641 ﬁeri
1556 4602 1571 4640 :
1604 4582 1733 4638 dicit
1755 4582 1910 4636 dein-

332 4708 459 4764 ceps
484 4692 551 4747 de
570 4691 636 4745 iis
654 4689 742 4761 qui
769 4688 1014 4742 vixerunt
1041 4683 1095 4738 in
1126 4681 1339 4743 virtute,
1368 4677 1437 4732 de
1465 4676 1530 4730 iis
1552 4674 1642 4745 qui
1665 4674 1910 4728 vixerunt

332 4786 386 4841 in
405 4763 687 4838 laboribus
715 4788 770 4835 et
795 4774 1170 4833 afﬂictionibus
1193 4812 1209 4838 ,
1253 4782 1450 4825 acuens
1477 4765 1703 4821 athletas
1730 4763 1910 4836 philo—

330 4874 556 4944 sophiae.
597 4871 715 4925 Noli
753 4870 894 4924 enim
933 4865 1033 4920 hoc
1072 4862 1202 4917 mihi
1240 4859 1453 4924 dicere,
1480 4856 1586 4922 ait,
1621 4868 1912 4909 aerumnam

333 4966 406 5022 illi
433 4980 497 5020 ac
520 4962 757 5017 laborem
780 4954 1152 5014 exantlandum
1183 4952 1377 5015 fuisse;
1411 4962 1595 5005 verum
1635 4944 1912 5000 considera

333 5057 585 5122 fructum,
608 5052 749 5124 quod
774 5050 935 5107 homo
955 5047 1025 5103 sit
1043 5041 1380 5106 immortalis,
1406 5037 1547 5110 quod
1566 5037 1673 5093 vita
1696 5036 1912 5090 immor-

333 5149 456 5204 talis
481 5146 739 5216 excipiat,
768 5144 875 5196 vita
900 5153 1019 5210 quas
1046 5138 1204 5193 linem
1232 5149 1340 5190 non
1366 5132 1543 5188 habet.
1575 5130 1785 5196 Quanto
1810 5128 1909 5198 igi-

334 5250 421 5295 tur
447 5239 517 5294 sit
544 5236 735 5292 melius
752 5274 768 5297 ,
798 5246 920 5288 cum
950 5230 1037 5284 hic
1063 5241 1249 5298 parum
1276 5221 1605 5279 laboraveris
1623 5261 1639 5286 ,
1670 5218 1907 5288 requiem

334 5342 586 5387 mternam
628 5326 840 5397 assequi
869 5366 884 5389 ,
914 5337 1072 5394 quam
1104 5335 1227 5376 cum
1264 5317 1352 5373 hic
1381 5316 1474 5371 tibi
1515 5327 1800 5385 parumper
1826 5313 1909 5366 in-

332 5422 584 5487 dulseris,
611 5426 867 5489 perpetuo
887 5413 1110 5469 cruciari
1130 5411 1153 5464 ?
1176 5408 1378 5466 Deinde
1403 5404 1689 5461 ostendens
1711 5417 1816 5457 non
1845 5402 1909 5456 il-

334 5515 401 5569 lic
424 5513 595 5568 solum
624 5523 744 5564 esse
770 5505 984 5577 prtemia
1012 5512 1067 5559 et
1084 5513 1310 5557 coronas
1334 5514 1349 5564 ;
1380 5496 1474 5552 sed
1495 5495 1653 5551 etiam
1682 5494 1767 5547 hic
1781 5505 1912 5561 quo-

334 5619 439 5676 que
464 5617 584 5657 esse
627 5598 878 5670 principia
914 5594 1254 5667 prmmiorum
1279 5631 1296 5655 ,
1337 5585 1640 5657 subiunxit:
1671 5585 1757 5640 11.
1792 5580 1910 5676 Non

334 5672 529 5749 uidebit
554 5692 809 5746 interitum
830 5730 847 5756 ,
879 5703 993 5741 cum
1030 5685 1201 5742 viderit
1245 5680 1495 5754 sapientes
1521 5676 1801 5733 morientes.
1834 5672 1911 5728 Ne

398 5828 420 5861 ⁸
456 5833 581 5877 Unus
600 5825 709 5875 Cod.
726 5860 740 5885 ,
765 5836 852 5888 pro
879 5821 1044 5874 Israel.

1437 360 1794 420 EXPOSITIO
1832 361 1896 418 lN
1935 360 2257 419 PSALMUM
2289 358 2517 416 XLVlll.

3500 365 3605 422 230

1992 475 2169 556 'enim
2201 474 2328 527 mihi
2367 473 2550 541 dicas,
2599 473 2943 532 Solummodo
2985 477 3160 534 futura
3206 481 3485 550 promittis.
3529 484 3605 539 Du

2027 566 2119 622 tibi
2147 565 2233 621 hic
2257 567 2416 623 etiam
2446 567 2665 638 pignora
2693 583 3006 624 coronarum
3035 609 3052 636 ,
3091 572 3198 626 imo
3229 588 3355 628 vero
3394 575 3604 632 arrham

2026 658 2194 728 ipsam
2219 666 2274 713 et
2301 659 2536 729 praemia.
2557 659 2850 728 Quomodo,
2874 670 2927 717 et
2945 677 3173 733 quanam
3198 666 3441 722 ratione?
3461 667 3600 737 Quo~

2025 750 2166 806 niam
2191 752 2280 822 qui
2310 751 2729 823 philosophatur,
2747 760 2802 809 et
2828 769 2924 823 spe
2951 753 3247 812 futurorum
3268 759 3509 829 erigitur,
3536 776 3606 817 ne

2024 853 2251 899 mortem
2272 844 2485 914 quidem
2509 852 2731 901 mortem
2751 860 2870 902 esse
2889 847 3091 917 putabit
3110 866 3124 902 :
3141 849 3235 905 sed
3259 850 3442 908 videns
3461 867 3603 907 mor-

2026 942 2171 987 tuum
2189 933 2454 1003 jacentem
2476 943 2599 990 ante
2618 935 2819 1002 oculos,
2839 950 2945 991 non
2967 936 3039 991 ita
3066 936 3327 994 afﬁcietur
3349 950 3407 995 ut
3428 941 3600 1007 multi,

2024 1038 2144 1079 cum
2162 1024 2300 1095 apud
2317 1040 2377 1081 se
2396 1034 2602 1097 reputet
2619 1041 2864 1093 coronas,
2883 1028 3123 1097 praemia,
3141 1028 3279 1083 bona
3295 1028 3601 1097 inetl'abilia,

2022 1130 2141 1184 quas
2164 1130 2335 1185 neque
2360 1118 2546 1171 oculus
2562 1117 2708 1183 vidit,
2728 1132 2827 1173 nec
2841 1118 2984 1174 auris
3002 1118 3203 1174 audivit
3225 1119 3301 1193 (2.
3319 1119 3504 1175 ϐακε.
3518 1120 3601 1194 9),

2023 1207 2183 1260 vitam
2209 1206 2352 1261 illam
2375 1246 2392 1273 ,
2415 1206 2709 1263 ducendam
2734 1222 2854 1263 cum
2877 1208 3077 1279 angelis
3101 1208 3375 1267 choream.
3401 1210 3602 1278 Quem-

2024 1298 2308 1354 admodum
2325 1315 2452 1371 ergo
2471 1302 2699 1371 agricola
2723 1317 2845 1357 cum
2866 1302 3010 1358 videt
3035 1300 3361 1361 frumentum
3382 1303 3601 1361 dissolvi

2024 1399 2079 1446 et
2106 1390 2341 1456 interire,
2369 1406 2474 1445 non
2496 1391 2677 1462 abjicit
2701 1393 2955 1460 animum,
2978 1406 3079 1448 nec
3098 1407 3330 1449 moerere
3350 1392 3598 1462 afﬁcitur,

2022 1480 2118 1535 sed
2159 1490 2284 1535 tunc
2327 1482 2555 1536 maxime
2591 1482 2820 1537 exsultat
2853 1491 2908 1537 et
2947 1484 3174 1550 lzetatur,
3201 1486 3377 1539 sciens
3406 1486 3518 1541 fore
3542 1495 3601 1541 ut

2021 1570 2113 1626 ille
2141 1570 2381 1626 interitus
2409 1572 2477 1626 sit
2500 1581 2650 1627 ortus
2679 1573 2915 1628 melioris
2944 1573 3260 1643 principium
3281 1614 3295 1638 ,
3327 1582 3382 1629 et
3410 1575 3600 1630 funda-

2023 1670 2259 1718 mentum
2289 1663 2506 1733 majoris
2533 1663 2816 1719 fertilitatis
2845 1681 2859 1717 :
2889 1664 2963 1719 ita
2992 1664 3148 1719 etiam
3172 1663 3366 1734 justus,
3394 1666 3483 1735 qui
3508 1682 3599 1721 re-

2023 1763 2109 1810 cte
2150 1755 2301 1810 factis
2328 1754 2618 1825 gloriatur,
2660 1762 2715 1810 et
2759 1769 2979 1825 regnum
3021 1755 3258 1825 quotidie
3284 1766 3599 1826 exspectat,

2022 1847 2235 1919 quando
2272 1848 2462 1903 viderit
2498 1857 2721 1903 mortem
2761 1848 2915 1903 sitam
2952 1858 3074 1903 ante
3103 1849 3285 1904 oculos
3307 1889 3325 1916 ,
3368 1865 3471 1905 non
3498 1866 3599 1906 an-

2022 1940 2181 2009 gitur,
2216 1952 2314 1994 nec
2337 1953 2397 1993 se
2425 1938 2643 1995 afﬂith
2669 1949 2726 1995 ut
2763 1940 2912 1995 multi
2936 1979 2953 2008 ,
2995 1956 3099 1995 non
3144 1949 3366 1997 vexatur
3390 1951 3445 1997 et
3479 1957 3600 2013 per-

2024 2030 2263 2085 turbatur
2286 2048 2299 2085 :
2323 2031 2423 2086 scit
2443 2030 2606 2096 enim,
2627 2042 2849 2087 mortem
2868 2032 2932 2086 iis
2947 2031 3036 2102 qui
3056 2042 3198 2088 recte
3216 2033 3460 2089 vixerunt
3477 2048 3599 2090 esse

2022 2120 2388 2192 migrationem
2416 2130 2472 2177 et
2499 2122 2775 2177 transitum
2815 2121 2883 2177 ad
2925 2122 3142 2178 meliora
3164 2164 3181 2191 ,
3206 2133 3261 2179 et
3287 2138 3499 2179 cursum
3528 2125 3597 2180 ad

2021 2212 2355 2284 accipiendas
2377 2227 2621 2269 coronas.
2648 2213 2914 2282 Quosnam
2939 2222 3115 2270 autem
3143 2214 3271 2270 dicit
3295 2216 3596 2286 sapientes?

2021 2303 2136 2360 Non
2156 2319 2250 2361 eos
2267 2304 2359 2375 qui
2379 2318 2503 2360 vere
2522 2312 2646 2359 sunt
2665 2305 2951 2374 sapientes,
2973 2305 3066 2361 sed
3086 2305 3175 2376 qui
3192 2305 3459 2377 sapientes
3477 2321 3598 2363 esse

2020 2395 2408 2451 existimantur.
2438 2395 2562 2451 Mihi
2590 2405 2769 2452 autem
2797 2395 3006 2452 videtur
3027 2397 3205 2454 dicere
3235 2406 3485 2455 externos
3511 2416 3598 2454 sa-

2019 2484 2246 2557 pientes,
2274 2501 2369 2542 eos
2395 2487 2513 2542 ideo
2539 2486 2766 2543 irridens
2784 2527 2799 2555 ,
2827 2486 2967 2558 quod
2995 2501 3115 2542 cum
3141 2486 3449 2544 viderentur
3476 2504 3596 2544 esse

2017 2577 2285 2647 sapientes
2306 2617 2322 2641 ,
2355 2578 2500 2633 stulti
2536 2577 2657 2633 facti
2678 2580 2814 2642 sint,
2837 2593 2956 2633 cum
2982 2577 3051 2635 de
3075 2580 3462 2635 resurrectione
3488 2594 3594 2635 non

2017 2670 2125 2723 sint
2149 2669 2503 2740 philosophati
2534 2670 2706 2742 (Rom.
2740 2671 2791 2725 1.
2820 2670 2951 2742 22).

2090 2760 2234 2816 Mors
2248 2760 2575 2817 substantiam
2590 2778 2689 2817 non
2709 2762 2969 2828 interimit;
2997 2764 3295 2818 resurrectio
3314 2765 3591 2819 communis

2016 2853 2259 2907 omnium.
2273 2882 2344 2892 ——
2358 2852 2578 2919 Quando
2599 2867 2725 2923 ergo
2751 2852 2935 2908 viderit
2954 2853 3075 2909 illos
3098 2853 3444 2925 philosophos
3463 2869 3588 2924 per-

2016 2953 2222 3010 euntes,
2235 2959 2356 2999 cum
2371 2944 2633 3009 lamentis,
2649 2944 2972 3015 lacrymis,et
2984 2944 3121 3000 lucta
3135 2945 3321 3011 elatos,
3337 2953 3461 3001 tunc
3474 2946 3489 3000 i
3495 2961 3590 3015 pse

2016 3034 2149 3089 nihil
2174 3034 2278 3090 tale
2305 3034 2549 3104 patietur,
2580 3033 2673 3089 sed
2699 3036 2800 3089 erit
2824 3034 2942 3090 telis
2970 3033 3226 3105 ejusmodi
3247 3036 3505 3105 superior,
3536 3046 3592 3092 ut

2016 3124 2106 3196 qui
2145 3123 2282 3180 bona
2316 3139 2411 3195 spe
2452 3124 2704 3196 erigatur,
2744 3132 2800 3181 et
2840 3126 2972 3181 sciat
3010 3127 3152 3182 hunc
3182 3127 3451 3183 interitum
3485 3144 3591 3183 non

2017 3216 2322 3273 interimere
2350 3216 2716 3283 substantiam,
2757 3217 2848 3273 sed
2887 3224 3089 3274 tantum
3117 3220 3511 3283 mortalitatem,
3540 3229 3593 3277 et

2015 3310 2406 3380 corruptionem
2437 3324 2769 3366 consumere.
2797 3310 2923 3367 llaec
2953 3311 3092 3367 enim
3118 3326 3261 3367 mors
3288 3327 3394 3367 non
3420 3312 3593 3382 perdit

2016 3416 2228 3473 corpus,
2260 3402 2353 3459 sed
2380 3402 2645 3458 consumit
2672 3403 3064 3474 corruptionem
3088 3420 3103 3459 :
3126 3402 3418 3459 substantia
3443 3398 3587 3460 enim

2015 3504 2230 3560 manet,
2254 3502 2308 3549 et
2332 3494 2558 3564 resurgit
2580 3508 2698 3549 cum
2725 3494 2910 3564 majori
2939 3503 2995 3550 et
3018 3494 3257 3566 ampliori
3282 3494 3470 3567 gloria,
3498 3495 3592 3552 sed

2017 3600 2123 3638 non
2150 3584 2408 3639 onmium.
2434 3584 2773 3640 Resurrectio
2801 3585 2943 3640 enim
2968 3585 3071 3640 erit
3094 3585 3329 3640 omnium
3354 3599 3593 3642 commu-

2016 3676 2100 3731 nis
2132 3693 2146 3729 :
2177 3676 2496 3731 resurrectio
2535 3685 2713 3731 autem
2754 3691 2873 3731 cum
2915 3677 3079 3747 gloria
3101 3717 3117 3742 ,
3157 3678 3453 3733 communis
3490 3678 3593 3734 erit

2016 3783 2199 3825 eorum
2236 3769 2324 3839 qui
2360 3778 2504 3824 recte
2549 3768 2813 3825 vixerunt.
2860 3768 3029 3824 Simul
3055 3769 3294 3837 insipiens
3332 3779 3379 3824 et
3406 3770 3593 3825 stultus

2016 3859 2277 3931 peribunt,
2309 3858 2394 3913 η.
2426 3867 2472 3913 et
2505 3858 2782 3928 relinquent
2809 3858 2985 3912 alienis
3012 3858 3211 3912 diuitias
3235 3874 3373 3913 suas.
3407 3857 3476 3912 Et
3500 3874 3586 3913 se-

2017 3953 2191 4023 pulcra
2234 3967 2405 4005 eorum
2451 3950 2628 4005 domus
2656 3952 2841 4005 eorum
2860 3950 2913 4003 in
2950 3959 3191 4007 aeternum
3220 3965 3240 4004 :
3268 3951 3590 4007 tabernacula

2015 4059 2188 4099 eorum
2211 4043 2262 4095 in
2288 4042 2573 4113 progeniem
2609 4050 2655 4094 et
2695 4041 2979 4111 progeniem
3006 4056 3025 4095 :
3057 4048 3353 4094 vocaverunt
3383 4042 3589 4095 nomina

2015 4152 2107 4191 sua
2125 4137 2177 4188 in
2204 4135 2347 4188 terris
2371 4134 2494 4188 suis.
2521 4133 2669 4188 Alius
2692 4132 2839 4199 dicit,
2872 4131 2996 4198 Qut:
3012 4141 3128 4186 sunt
3151 4132 3283 4186 intra
3305 4132 3482 4188 domos
3504 4148 3591 4186 eo-

1989 4218 2129 4281 ‘rum
2155 4226 2209 4281 in
2235 4234 2494 4281 aeternum.
2525 4225 2704 4292 Alius,
2736 4222 3082 4278 Habitationes
3107 4240 3278 4278 eorum
3300 4224 3354 4278 in
3376 4241 3591 4296 genera-

2017 4320 2199 4372 tionem
2223 4358 2239 4383 ,
2285 4318 2596 4372 nominantes
2631 4316 2912 4371 nominibus
2931 4315 3036 4370 suis
3074 4323 3232 4370 terras
3260 4315 3300 4370 ³.
3332 4315 3588 4373 Ηθιπωιις

2015 4420 2189 4466 autem
2211 4451 2224 4474 .
2255 4410 2346 4465 Ale
2381 4410 2654 4467 adamoth.

2088 4504 2141 4559 6.
2172 4502 2360 4558 Vidisti
2384 4500 2648 4572 quomodo
2672 4515 2775 4554 non
2799 4498 2967 4555 solum
2990 4514 3057 4555 ex
3082 4498 3294 4566 futuris,
3316 4497 3412 4555 sed
3436 4512 3501 4554 ex
3528 4498 3592 4553 iis

2014 4597 2173 4653 etiam
2196 4610 2313 4665 qua!
2335 4594 2421 4650 hic
2445 4592 2730 4657 eveniunt,
2747 4590 2960 4646 abducit
2977 4605 3008 4645 a
3034 4590 3160 4645 vitio
3178 4598 3235 4646 et
3254 4590 3321 4646 ab
3345 4589 3587 4656 avaritia,

2014 4697 2070 4745 et
2093 4686 2307 4743 deducit
2330 4684 2397 4740 ad
2423 4684 2690 4749 virtutem,
2721 4682 2775 4737 in
2802 4681 3039 4752 pecuniis
3063 4678 3415 4750 congerendis
3443 4679 3590 4735 insa-

2015 4779 2157 4836 niam
2177 4790 2429 4834 coercens
2445 4817 2459 4841 ,
2489 4783 2544 4830 et
2564 4789 2660 4831 eos
2679 4773 2769 4844 qui
2796 4771 3142 4842 praesentibus
3169 4770 3392 4839 inhiant,
3420 4784 3590 4841 eaque

2014 4872 2362 4937 admirantur,
2383 4868 2576 4924 stultos
2598 4880 2816 4933 vocans,
2845 4873 2900 4920 et
2924 4863 2976 4919 id
2998 4878 3093 4935 per
3119 4876 3208 4917 res
3233 4861 3377 4932 ipsas
3403 4870 3591 4917 osten-

2014 4963 2188 5021 dens?
2210 4960 2350 5028 Quid
2368 4967 2449 5016 est
2466 4957 2632 5023 enim,
2648 4955 2756 5022 die,
2786 4968 2989 5025 quaeso,
3019 4952 3233 5008 stultius
3258 4950 3473 5007 homine
3500 4951 3609 5021 quiv

2015 5058 2239 5122 laborat,
2267 5063 2320 5110 et
2346 5068 2405 5110 se
2430 5050 2719 5118 excruciat,
2748 5057 2804 5105 et
2828 5056 3000 5103 tantas
3025 5061 3153 5117 opes
3179 5053 3501 5116 congregat,
3534 5053 3593 5099 ut

2015 5164 2078 5206 ex
2107 5148 2223 5220 ejus
2247 5144 2517 5201 laboribus
2543 5142 2633 5197 alii
2661 5156 2721 5196 se
2748 5140 3014 5209 voluptate
3042 5137 3326 5208 expleant?
3355 5134 3481 5206 quid
3508 5146 3593 5190 est

2014 5241 2117 5297 hoc
2142 5238 2284 5296 inani
2311 5238 2493 5294 labore
2519 5233 2752 5291 deterius
2772 5275 2788 5300 ,
2816 5229 3026 5301 quando
3051 5231 3163 5300 ipse
3188 5227 3401 5298 quidem
3426 5225 3591 5281 sudo-

2015 5347 2103 5389 res
2128 5340 2182 5387 et
2207 5330 2416 5385 labores
2442 5338 2724 5398 perpessus
2749 5322 3068 5385 decesserit,
3096 5319 3213 5373 aliis
3250 5326 3427 5372 autem
3454 5315 3591 5373 divi-

2018 5427 2120 5480 tias
2149 5421 2397 5479 fruendas
2420 5419 2730 5490 reliquerit,
2762 5423 2817 5472 et
2840 5429 2939 5471 nec
2962 5412 3223 5483 aliquibus
3247 5408 3463 5480 quidem
3492 5423 3589 5463 ne-

2063 5578 2078 5608 ¹
2120 5574 2233 5623 Haec
2267 5571 2420 5622 lectio
2448 5574 2527 5619 est
2560 5566 2870 5628 Symmachi:
2902 5560 3114 5628 secunda
3135 5571 3272 5628 pars
3291 5551 3566 5628 Symmachi

1998 5617 2233 5685 ferttirvin
2262 5617 2499 5693 noiibus;
2523 5617 2704 5680 nostris
2723 5665 2735 5685 ,
2769 5626 2850 5675 ubi
2874 5626 3085 5685 legitur,
3129 5617 3446 5693 ὃνομάραντες
3494 5617 3566 5662 ἐπ’

1999 5723 2259 5836 ῗέομασίαν
2311 5721 2465 5770 αὐτῶν
2507 5720 2591 5774 τὰς
2630 5717 2783 5781 γαίας.
2834 5712 2986 5762 Hebr.
3037 5710 3224 5761 ΠΊὩἼΝ
3257 5681 3373 5765 ἦν,
3420 5716 3565 5767 super

2048 5798 2172 5835 ι’νιιδ.

2048 5798 2155 5835 Γνιιδ
2163 5822 2172 5831 .
