4108 6344
502 417 599 472 ἓὲἷι

497 526 744 582 cessariis
767 524 887 580 etei
918 521 1270 577 familiaritate
1290 517 1608 589 conjunctis,
1636 513 1729 571 sed
1753 527 1896 583 smpe
1918 510 2078 567 etiam

499 617 740 674 hostibus
764 623 818 670 et
844 612 1116 670 inimicis?
1142 611 1210 666 Et
1245 611 1370 666 ideo
1407 624 1515 664 non
1545 607 1716 672 dixit,
1743 604 1910 669 Aliis,
1951 601 2078 666 sed,

499 709 692 765 Alienis
717 706 995 772 relinquent
1020 703 1220 759 diuitias
1241 717 1377 758 suos.
1410 698 1549 768 Quid
1577 704 1660 754 est
1683 704 1880 763 autem,
1912 692 2084 750 Simul

498 799 741 870 insipiens
781 804 828 852 et
861 797 1047 853 stultus
1084 793 1357 866 peribunt?
1385 790 1554 848 Simul
1579 804 1701 844 cum
1733 787 1798 842 iis
1822 786 1912 856 qui
1941 787 2085 855 prius

501 892 629 948 dicti
653 898 812 955 sunt,
844 887 1033 958 inquit.
1076 887 1174 942 Hic
1207 884 1336 940 mihi
1363 883 1572 938 videtur
1609 879 1770 935 verba
1812 877 1989 933 facere
2016 875 2084 931 de

503 983 701 1053 impiis,
729 981 823 1052 qui
849 980 945 1036 toti
971 978 1136 1034 rebus
1162 974 1514 1046 praesentibus
1537 971 1681 1028 afﬁxi
1711 977 1855 1034 sunt,
1889 980 2087 1035 easque

505 1074 837 1144 suspiciunt,
863 1071 932 1127 de
955 1069 1145 1128 tuturis
1164 1075 1342 1126 autem
1370 1065 1501 1120 nihil
1529 1061 1990 1133 philosophantur,
2021 1072 2084 1112 ea

507 1166 757 1228 de‘eausa
783 1176 980 1218 vocans
1007 1173 1102 1216 eos
1126 1159 1454 1229 insipientes.
1485 1155 1542 1211 Si
1569 1154 1712 1210 enim
1743 1149 1961 1222 posthac
1983 1188 1998 1213 ,
2031 1155 2088 1202 ut

507 1265 679 1328 putas,
708 1254 843 1312 nihil
866 1254 991 1320 erit,
1019 1267 1115 1308 cur
1143 1250 1370 1320 teipsum
1399 1259 1561 1302 vexas
1584 1253 1643 1301 et
1669 1243 1962 1305 excrucies,
1987 1255 2088 1294 un-

504 1351 665 1421 dique
707 1347 957 1419 pecunias
995 1358 1291 1415 congerens
1313 1383 1330 1411 ,
1358 1349 1416 1398 et
1442 1341 1651 1396 labores
1679 1337 1892 1408 quidem
1921 1333 2086 1389 susti-

507 1455 662 1508 nens,
686 1439 913 1495 fructum
940 1445 1118 1492 autem
1148 1451 1253 1490 non
1281 1430 1621 1504 percipiens?
1647 1427 1715 1482 Et
1743 1426 1973 1497 sepulcra
1999 1439 2088 1479 eo.

505 1548 620 1587 rum
661 1530 841 1585 domus
876 1529 1084 1584 illorum
1109 1527 1164 1580 in
1192 1534 1452 1580 internum.
1499 1521 1609 1576 Hoc
1633 1518 1779 1584 dicit,
1812 1517 1948 1572 sicut
1975 1520 2091 1570 erat

507 1637 691 1678 eorum
732 1618 1072 1676 existimatio.
1119 1613 1464 1670 Tuber-uacula
1498 1627 1674 1666 eorum
1710 1610 1764 1664 in
1802 1606 2090 1678 progeniem

507 1722 556 1767 et
581 1716 908 1783 progeniem;
937 1716 1234 1764 accusarunt
1263 1706 1468 1759 nomina
1490 1720 1583 1758 sua
1610 1703 1663 1756 in
1693 1701 1836 1755 terris
1855 1699 1980 1753 suis.
2007 1695 2088 1766 (a)

507 1804 680 1879 [Alius
694 1812 870 1861 autem
887 1802 1033 1868 dicit,
1057 1801 1184 1868 Qua:
1201 1807 1317 1854 sunt
1335 1798 1470 1851 intra
1491 1796 1667 1852 domos
1685 1809 1856 1847 eorum
1873 1792 1926 1845 in
1941 1798 2090 1879 teterf

508 1878 648 1952 num.
673 1896 930 1954 Hebraeus
943 1881 1648 1957 autem,Careoamba~theinto
1663 1878 2090 1955 lahalom.]Quid

509 1988 610 2044 hac
642 1986 872 2042 amentia
911 1983 1079 2055 possit
1119 1996 1240 2042 esse
1276 1979 1510 2035 deterius
1533 2017 1550 2042 ,
1586 1990 1742 2046 quam
1783 1983 1966 2043 putare
1999 1986 2088 2027 se-

509 2077 691 2146 pulcra
718 2089 839 2134 esse
869 2074 1088 2130 domum
1116 2069 1467 2142 perpetuam?
1496 2069 1550 2122 in
1581 2067 1646 2123 iis
1670 2065 1896 2137 gloriam
1925 2061 2093 2120 ambio

512 2169 650 2225 tiose
679 2166 924 2237 persequi
946 2165 970 2219 ἱ)

585 2258 946 2327 Sepulororum
980 2257 1159 2326 fastu.
1190 2250 1363 2308 Virtus
1403 2264 1582 2304 nomen
1620 2243 1906 2304 immortale
1935 2244 2090 2314 parit.

516 2346 704 2408 Petrus
728 2347 948 2416 piscator
974 2343 1190 2400 [binum
1215 2341 1496 2410 occupavit.
1517 2367 1590 2378 -
1609 2337 1754 2392 Multi
1776 2343 1922 2392 certe
1949 2348 2092 2404 saepe

515 2441 760 2512 sepulcra
783 2443 1198 2497 construxerunt
1215 2431 1670 2503 magniﬁcentiora
1699 2427 1966 2486 domibus.
1994 2425 2093 2484 Vel

523 2533 668 2589 enim
702 2531 944 2586 hostibus
970 2527 1252 2591 laborant,
1278 2534 1334 2584 et
1360 2522 1701 2588 afﬁictantur,
1733 2519 1818 2575 vel
1843 2519 2010 2575 vermi
2040 2525 2095 2576 et

509 2622 707 2687 cineri,
731 2621 849 2676 hazc
866 2619 1027 2676 stulte
1055 2625 1452 2677 consumentes.
1482 2613 1626 2668 Talis
1649 2611 1790 2667 enim
1809 2619 1890 2665 est
1906 2623 2094 2665 eorum

507 2727 668 2768 .mens
685 2720 739 2766 et
758 2713 1038 2773 sententia,
1054 2709 1144 2779 qui
1169 2706 1238 2766 de
1260 2705 1454 2762 futuris
1471 2702 1602 2758 nihil
1622 2710 1855 2772 sperant.
1883 2699 1989 2756 Sed
2011 2699 2098 2758 hic

508 2803 647 2860 mihi
687 2802 834 2859 venit
860 2802 915 2857 in
945 2809 1178 2860 mentem
1207 2797 1487 2868 deplorare
1517 2834 1534 2859 ,
1564 2793 1704 2864 quod
1741 2792 1894 2848 multi
1935 2793 2096 2848 etiam

517 2907 728 2959 eorum,
766 2890 858 2966 qui
883 2896 1100 2962 sperant
1141 2889 1335 2953 futura,
1360 2886 1483 2940 illos
1512 2884 1687 2939 hacin
1711 2898 1769 2938 re
1799 2883 2094 2948 imitentur,

517 2984 605 3054 qui
633 2982 833 3044 nullam
862 2981 1059 3040 habent
1083 2993 1234 3049 spem
1273 2977 1570 3038 futurorum
1597 3014 1613 3040 ,
1655 2973 1898 3044 sepulcra
1923 2971 2098 3030 auditi.

511 3081 720 3138 cantes,
760 3081 816 3128 et
855 3071 1108 3142 praetera
1147 3068 1473 3124 monimenta
1501 3075 1890 3130 construentes,
1932 3072 1988 3123 et
2011 3078 2100 3118 au~

517 3179 638 3224 rum
677 3144 1018 3229 infodientes,
1047 3168 1102 3222 et,
1127 3173 1251 3216 suas
1273 3158 1553 3214 facultates
1577 3157 1646 3212 ad
1670 3157 1804 3213 alios
1831 3154 2102 3212 transmit~

520 3266 732 3314 tentes:
757 3256 847 3327 qui
870 3253 1084 3324 quidem
1110 3259 1236 3310 sunt
1259 3251 1359 3306 hac
1383 3251 1437 3306 in
1462 3265 1520 3306 re
1538 3249 1642 3305 illis
1666 3248 1976 3304 deteriores.
1997 3245 2098 3314 Qui

522 3349 665 3406 enim
685 3355 803 3417 post
827 3344 943 3398 haec
965 3341 1097 3398 nihil
1125 3347 1417 3410 eXSpectat,
1444 3338 1654 3395 etiamsi
1677 3337 1728 3392 id
1750 3336 1878 3392 facit
1903 3345 2098 3405 praeter
2113 3366 2138 3384 .

523 3440 803 3502 rationem,
821 3445 1054 3492 attamen
1074 3434 1196 3503 quia
1212 3431 1346 3492 nihil
1365 3437 1664 3501 eXSpectat,
1685 3444 1839 3486 suum
1863 3428 2102 3488 laborem

523 3542 577 3590 et
616 3529 927 3588 industriam
969 3523 1179 3582 confert
1217 3525 1270 3580 in
1321 3536 1410 3578 res
1453 3532 1762 3592 praesentes.
1791 3519 1873 3576 Tu
1899 3527 2104 3584 autem,

527 3619 826 3696 homo,‘qui
853 3617 991 3674 nosti
1017 3614 1184 3677 vitam
1212 3613 1463 3677 futuram,
1491 3621 1545 3668 et
1566 3610 1705 3665 bona
1731 3609 1819 3664 illa
1856 3608 2100 3664 ineﬁ‘abi-

525 3718 702 3780 lia,4et
726 3710 866 3782 quod
906 3726 972 3768 es
997 3709 1143 3764 dicto
1165 3705 1467 3777 evangelica
1489 3745 1505 3772 ,
1535 3702 1571 3756 Ι
1577 3703 1673 3757 usti
1700 3713 1817 3757 tunc
1843 3701 2102 3773 fulgebunt

524 3814 653 3868 sicut
684 3813 774 3868 rsol
805 3807 1015 3880 (Matth.
1045 3807 1139 3866 15.
1166 3805 1295 3874 45);
1325 3815 1484 3872 quam
1528 3798 1736 3854 veniam
1778 3798 2097 3866 assequeris,

527 3902 794 3976 quomodo
822 3909 877 3957 te
900 3898 1178 3963 defendes,
1208 3893 1354 3967 quod
1382 3908 1488 3950 non
1517 3891 1832 3961 supplicium
1857 3890 1978 3959 jure
2005 3904 2102 3958 pa-

527 3996 695 4065 tieris,
735 3993 828 4065 qui
852 3993 942 4048 hic
969 3989 1148 4046 omnia
1173 3999 1457 4044 consumas
1482 3985 1536 4039 in
1556 3983 1794 4052 pulvere,
1819 3982 1872 4035 in
1897 3981 2098 4047 cinere,

528 4088 583 4143 in
623 4084 999 4150 monumentis,
1033 4083 1088 4138 in
1115 4079 1379 4146 hostibus,
1411 4077 1463 4131 in
1485 4074 1756 4131 inimicis?
1796 4072 2108 4128 Vocaoerunt.

527 4179 734 4234 nomina
758 4191 853 4233 sua
888 4176 943 4230 in
970 4173 1113 4228 terris
1139 4171 1264 4226 suis.
1291 4169 1432 4224 Ecce
1459 4165 1604 4221 aliud
1645 4179 1812 4236 genus
1836 4164 2103 4231 amentiae,

528 4269 789 4334 aediﬁciis,
832 4267 976 4338 agris
1000 4273 1058 4320 et
1085 4261 1290 4320 balneis
1333 4275 1428 4316 sua
1473 4259 1687 4316 nomina
1715 4258 2027 4322 inscribere,
2051 4265 2106 4314 et

529 4368 719 4432 putare
758 4373 818 4415 se
854 4371 1100 4427 magnam
1125 4352 1540 4408 consolationem
1565 4365 1633 4406 ex
1669 4364 1736 4406 eo
1764 4350 2026 4419 accipere,
2053 4357 2110 4404 ct

533 4452 774 4508 umbram
792 4464 890 4521 pro
912 4449 991 4503 rei
1012 4447 1232 4502 veritate
1254 4444 1524 4516 persequi.
1555 4440 1612 4498 Si
1630 4443 1773 4498 enim
1791 4450 2110 4513 perpetuam

531 4543 848 4604 memoriam
886 4540 1180 4606 desideras,
1230 4552 1299 4594 ne
1341 4551 1557 4601 nomen,
1585 4552 1618 4592 o
1657 4534 1838 4601 homo,
1872 4535 2110 4592 aediﬁciis

533 4637 794 4694 inscribas
817 4675 834 4702 ,
867 4632 962 4689 sed
987 4643 1184 4701 tropaea
1209 4636 1357 4686 recte
1384 4628 1646 4687 factorum
1687 4628 1882 4697 erigas,
1899 4641 2030 4696 quae
2052 4633 2112 4686 et

535 4728 590 4782 in
635 4723 887 4796 praesenti
917 4723 1022 4778 vita
1051 4735 1245 4776 nomen
1275 4720 1370 4775 tibi
1397 4727 1735 4782 conservant,
1777 4727 1832 4776 et
1859 4719 1912 4772 in
1937 4716 2114 4777 futura

537 4819 645 4874 vita
683 4815 1038 4873 immortalem
1067 4813 1160 4869 tibi
1184 4811 1424 4881 requiem
1459 4817 1788 4879 comparant.
1818 4807 1874 4864 Si
1899 4807 1973 4864 sis
2003 4824 2117 4868 me-o

543 4908 729 4962 moriac
773 4905 1012 4976 cupidus,
1038 4917 1138 4973 ego
1180 4911 1233 4961 te
1273 4901 1444 4964 doceo
1469 4901 1607 4956 viam
1655 4914 1834 4962 veram
1863 4908 1918 4956 et
1961 4914 2115 4969 aper-

535 4999 802 5056 tissimam
831 4995 1078 5052 :virtutis
1105 5007 1290 5056 curam
1328 5007 1475 5061 gere.
1522 4989 1662 5048 Nihil
1686 4991 1831 5048 enim
1863 4990 1988 5046 facit
2016 5005 2117 5048 nos

547 5109 670 5150 men
695 5093 830 5148 adeo
854 5088 1175 5154 immortale,
1203 5096 1264 5142 ut
1282 5095 1471 5144 natura
1491 5084 1720 5138 virtutis.
1750 5083 1806 5142 ιιι
1829 5084 2118 5147 ostendunt

544 5196 829 5256 martyres,
870 5181 1156 5236 ostendunt
1194 5177 1555 5250 apostolorum
1598 5175 1859 5246 reliquiae,
1887 5177 2117 5234 ostendit

546 5275 804 5332 memoria
825 5287 1010 5329 eorum
1037 5271 1127 5342 qui
1149 5279 1292 5326 recte
1308 5277 1361 5322 et
1383 5268 1435 5322 in
1461 5267 1659 5322 virtute
1686 5267 1948 5321 vixerunt.
1979 5265 2120 5333 Quot

546 5383 699 5439 reges
723 5367 884 5422 urbes
910 5363 1278 5427 condiderunt,
1308 5369 1495 5431 portus
1517 5368 1911 5424 exstruxerunt,
1939 5370 1994 5413 et
2024 5375 2120 5412 no.

609 5492 682 5556 (a)
713 5500 826 5556 quae
857 5489 938 5556 hic
977 5487 1168 5556 uncinis
1210 5484 1500 5556 clauduntur
1543 5486 1593 5556 in
1632 5486 1863 5556 versione
1903 5483 2121 5556 (sentiant

547 5547 762 5609 ltmveti,
788 5564 883 5601 nec
898 5553 950 5600 in
971 5551 1116 5599 Editis
1138 5561 1234 5597 nec
1255 5549 1304 5596 in
1337 5553 1445 5596 Mss.
1488 5547 1743 5602 habentur,
1771 5559 1827 5594 ac
1848 5547 2122 5609 redundare

548 5607 805 5674 videntur;
830 5624 940 5676 quae
961 5619 1126 5661 autem
1147 5611 1227 5659 hic
1250 5610 1603 5676 exprimuntur_
1629 5609 1804 5676 latinis
1848 5607 2005 5657 literis
2026 5615 2122 5657 He-

549 5697 713 5746 bralea
733 5666 899 5752 verba,
920 5695 990 5743 sic
1012 5693 1062 5740 in
1085 5692 1290 5740 Hebraeo
1315 5666 1527 5746 exstant,
1549 5666 1714 5748 ξδ’-Μ’)
1741 5693 1909 5744 1mm
1931 5694 2083 5746 1:21:
2105 5731 2119 5755 ,

551 5787 749 5896 quastus
770 5787 1010 5836 convertit
1025 5785 1192 5834 nescio
1208 5783 1334 5846 quis,
1361 5783 1468 5845 qua:
1489 5788 1596 5833 sunt
1617 5780 1744 5832 intra
1781 5781 1943 5834 domos
1961 5795 2125 5834 orrum

551 5857 603 5895 νη
623 5859 668 5896 α’
686 5860 872 5896 cntum.

551 5857 603 5895 νη
623 5857 872 5899 αἰενηιυη.

1203 406 1268 462 S.
1309 403 1588 462 JOANNIS
1623 393 2102 456 CHRYSOSTOMI
2143 392 2462 454 ARCHIEP.
2501 392 3038 452 CONSTANTINOP.

3661 391 3770 446 9.32

2193 507 2427 564 minibus
2463 510 2574 564 suis
2614 510 2875 581 impositis
2915 508 3282 574 decesserunt,
3327 521 3424 562 nec
3473 517 3650 562 tamen
3692 511 3770 562 eis

2187 599 2475 670 quidquam
2522 599 2761 670 profuit,
2797 599 2893 660 sed
2927 599 3141 655 silentio
3170 607 3224 654 et
3257 599 3509 652 oblivioni
3537 598 3772 654 mandati

2187 702 2314 746 sunt
2343 695 2355 747 !
2407 693 2646 748 Piscator
2680 701 2863 747 autem
2894 693 3104 758 Petrus,
3133 691 3225 761 qui
3252 690 3384 744 nihil
3407 688 3536 744 fecit
3557 704 3768 755 eorum,

2189 787 2437 856 quoniam
2467 787 2714 841 virtutem
2746 794 2828 841 est
2857 792 3208 856 persequutus
3232 825 3248 850 ,
3277 791 3335 839 et
3362 783 3628 838 civitatem
3655 798 3764 837 ma-

2191 879 2332 930 xime
2363 876 2560 945 regiam
2587 876 2903 944 occupavit,
2932 874 3092 929 etiam
3122 882 3245 944 post
3276 883 3504 928 mortem
3531 877 3773 942 resplen-

2189 966 2277 1018 det
2303 965 2417 1021 sole
2437 967 2650 1020 clarius.
2683 965 2835 1033 Quod
2865 974 2920 1019 tu
2946 976 3124 1020 autem
3150 964 3281 1019 iacis
3306 1006 3321 1030 ,
3351 974 3434 1020 est
3462 963 3771 1032 ridiculum,

2189 1064 2244 1108 et
2273 1056 2488 1124 plenum
2519 1056 2825 1126 ignominia.
2870 1057 2992 1112 Hinc
3015 1056 3159 1112 enim
3186 1056 3514 1111 monimenta
3545 1070 3652 1111 non
3677 1069 3763 1111 so.

2194 1146 2304 1200 lum
2330 1163 2433 1202 non
2467 1159 2517 1203 te
2542 1149 2744 1203 clarum
2775 1148 3018 1216 reddent,
3048 1148 3142 1204 sed
3170 1149 3332 1203 etiam
3353 1147 3556 1204 facient
3578 1148 3776 1204 ridicu-

2192 1235 2324 1304 lum,
2351 1247 2409 1292 et
2449 1253 2543 1292 ora
2567 1238 2806 1292 omnium
2831 1239 3096 1310 aperient.
3121 1238 3366 1294 Ediﬁcia
3389 1239 3533 1294 enim
3560 1253 3666 1294 non
3696 1240 3775 1294 si-

2192 1338 2328 1384 nunt
2371 1339 2510 1384 tuam
2552 1331 2827 1384 avaritiam
2851 1371 2866 1395 ,
2912 1345 3031 1400 qum
3076 1330 3330 1386 oblivioni
3359 1330 3496 1385 tradi
3544 1340 3773 1399 poterat,

2194 1421 2451 1490 temporis
2475 1435 2702 1476 excursu
2729 1421 3030 1491 exstingui,
3059 1431 3112 1476 et
3150 1430 3295 1475 stant
3321 1421 3486 1477 veluti
3511 1422 3776 1476 columna

2189 1518 2248 1566 et
2292 1520 2488 1580 tropaea
2525 1521 2704 1567 erecta
2751 1512 3012 1567 adversus
3061 1513 3354 1567 avaritiam.
3388 1513 3477 1568 15.
3513 1511 3582 1566 Et
3624 1514 3777 1568 homo

2193 1616 2309 1655 cuni
2327 1602 2384 1655 in
2405 1603 2595 1656 honore
2617 1612 2759 1670 esset,
2789 1619 2888 1658 non
2918 1603 3160 1658 intellexit
3185 1620 3207 1658 :
3237 1615 3562 1676 comparatus
3587 1617 3662 1660 est
3678 1607 3774 1676 ju-

2195 1694 2373 1746 mentis
2396 1692 2764 1760 insipientibus,
2794 1704 2840 1748 et
2866 1695 3044 1750 similis
3070 1699 3235 1766 factus
3262 1695 3481 1751 catillis.
3511 1697 3612 1752 Hic
3641 1697 3774 1752 mihi

2193 1782 2402 1860 videtur
2445 1783 2699 1854 deinceps
2735 1785 2992 1855 propheta
3035 1786 3334 1855 deplorare,
3390 1788 3531 1858 quod
3580 1789 3776 1844 animal

2192 1876 2415 1930 rationis
2442 1877 2722 1947 particeps,
2748 1877 2834 1932 cui
2858 1877 2957 1932 fuit
2983 1877 3232 1932 traditum
3264 1894 3484 1949 regnum
3515 1880 3569 1934 in
3597 1882 3775 1944 terris,

2195 1983 2262 2022 co
2299 1967 2667 2037 declinaverit,
2695 1977 2754 2025 ut
2769 1979 2922 2026 esset
2948 1985 3052 2025 non
3080 1972 3258 2026 minus
3280 1972 3386 2027 vile
3411 1972 3772 2042 etabjectum,

2196 2075 2355 2131 quam
2381 2061 2570 2130 bruta,
2605 2061 2732 2117 dum
2761 2063 2814 2118 in
2853 2063 3013 2118 rebus
3039 2063 3191 2119 vanis
3220 2064 3441 2130 laborat,
3475 2073 3531 2120 et
3555 2080 3618 2120 ea
3657 2081 3778 2136 qua:

2196 2165 2322 2211 sunt
2364 2170 2476 2210 sua:
2522 2155 2678 2210 saluti
2708 2156 2982 2210 contraria
3025 2156 3260 2219 molitur,
3301 2156 3512 2212 inanem
3551 2156 3776 2227 gloriam

2197 2248 2553 2318 persequitur,
2581 2248 2802 2304 avaritia
2850 2258 3080 2316 tenetur,
3108 2251 3164 2304 in
3204 2249 3366 2305 rebus
3403 2251 3675 2306 inutilibus
3716 2266 3778 2306 se

2196 2346 2432 2392 exercet.
2466 2338 2644 2393 Virtus
2688 2339 2829 2393 enim
2865 2348 2948 2395 est
2985 2340 3155 2394 honor
3175 2339 3425 2407 hominis,
3446 2350 3501 2396 et
3527 2341 3595 2396 de
3619 2341 3778 2397 rebus

2197 2429 2392 2485 futuris
2431 2430 2816 2502 philosophari,
2846 2441 2900 2488 et
2927 2433 3105 2488 omnia
3134 2449 3443 2503 procnrare,
3474 2450 3592 2505 quas
3620 2437 3688 2489 ad
3714 2436 3780 2490 il-

2199 2521 2304 2577 lam
2329 2522 2491 2578 vitam
2520 2524 2808 2594 pertinent,
2841 2531 2896 2579 et
2925 2526 3207 2594 praesentia
3245 2525 3539 2596 negligere.
3583 2526 3778 2582 Bruto-

2203 2631 2324 2672 rum
2350 2619 2490 2672 enim
2516 2619 2620 2672 vita
2643 2618 2920 2687 praesentis
2948 2618 3070 2672 vitae
3099 2618 3356 2672 limitibus
3396 2619 3728 2675 concluditur
3751 2637 3778 2676 ξ

2199 2716 2379 2764 nostra
2405 2718 2579 2763 autem
2607 2709 2774 2765 tendit
2796 2709 2862 2764 ad
2889 2709 3044 2763 aliam
3083 2711 3378 2777 meliorem,
3403 2721 3458 2766 et
3485 2712 3634 2781 cujus
3661 2727 3773 2768 non

2199 2809 2283 2856 est
2312 2801 2451 2856 linis.
2482 2801 2586 2857 Sed
2616 2801 2671 2856 hi
2697 2801 2785 2872 qui
2805 2803 2873 2856 de
2901 2801 3090 2858 futuris
3116 2803 3245 2856 nihil
3275 2803 3469 2871 sciunt,
3500 2813 3624 2860 sunt
3643 2805 3773 2860 bru-

2199 2893 2271 2949 tis
2295 2892 2588 2949 deteriores
2621 2911 2635 2948 :
2665 2908 2766 2950 nec
2789 2893 2828 2951 ii
2849 2893 3022 2950 solum
3053 2935 3070 2963 ,
3100 2894 3194 2950 sed
3233 2895 3393 2950 etiam
3423 2896 3510 2966 qui
3545 2897 3782 2952 scelera-

2201 2994 2309 3039 tam
2356 2994 2410 3041 et
2455 2985 2712 3055 perditam
2736 2987 2900 3042 vitam
2939 2995 3123 3056 agunt,
3151 2995 3340 3057 utpme
3387 2989 3477 3058 qui
3510 2988 3634 3043 [iant
3660 3005 3780 3044 ser-

2203 3085 2409 3146 pentes,
2434 3077 2647 3147 scorpii,
2671 3085 2726 3134 et
2741 3077 2852 3148 lupi
2875 3087 3092 3148 propter
3108 3079 3526 3149 improbitatem,
3553 3081 3781 3140 etb0ves

2202 3178 2421 3238 propter
2445 3167 2770 3236 vecordiam,
2800 3178 2854 3224 et
2877 3184 3040 3226 canes
3067 3179 3286 3239 propter
3304 3170 3703 3240 impudentiam.

2272 3259 2324 3314 7.
2369 3259 2535 3314 Virtus
2555 3260 2665 3314 sola
2687 3261 2979 3315 memoriam
3007 3261 3278 3332 gloriosam
3303 3263 3473 3331 parit;
3495 3262 3781 3334 quam-glo-

2201 3353 2338 3406 riosa
2375 3361 2558 3406 natura
2597 3349 2815 3406 'Itomi‘nis
2832 3367 2855 3417 ,°
2895 3363 3085 3422 quanta
3126 3353 3286 3406 animi
3335 3353 3590 3424 dignitas;
3628 3355 3779 3410 homo

2203 3442 2360 3499 brutis
2380 3450 2720 3511 comparatus.
2743 3471 2816 3482 —
2837 3440 2971 3508 Quid
2993 3442 3156 3509 enim,
3184 3443 3298 3509 die,
3317 3455 3524 3509 quaeso,
3543 3448 3627 3496 est
3647 3440 3780 3496 insi-

2203 3533 2434 3603 pientius
2470 3533 2535 3588 iis
2559 3533 2649 3603 qui
2691 3531 2744 3587 in
2775 3533 3034 3603 sepulcris
3075 3542 3132 3588 et
3153 3533 3515 3588 monumentis
3559 3549 3778 3604 operam

2203 3637 2356 3679 suam
2378 3623 2660 3691 collocant,
2682 3632 2738 3679 et
2757 3623 2825 3678 ad
2849 3624 3072 3678 aliorum
3099 3623 3372 3678 nominum
3400 3624 3781 3695 appellationes

2204 3725 2348 3772 stant
2391 3716 2602 3772 hiantes
2647 3724 2704 3772 et
2747 3716 3088 3770 mirabundi?
3115 3714 3255 3770 Nihil
3285 3716 3426 3770 enim
3467 3718 3784 3773 memoriam

2205 3807 2368 3864 efficit
2395 3818 2743 3880 praeterquam
2775 3809 2887 3864 sola
2907 3810 3094 3876 virtus,
3126 3824 3229 3863 non
3255 3809 3416 3874 mdes,
3442 3824 3546 3864 non
3564 3819 3774 3875 statum,

2206 3913 2312 3952 non
2339 3898 2451 3962 filii,
2479 3913 2584 3953 non
2606 3897 2801 3967 aliquid
2822 3898 2964 3952 aliud
2984 3897 3263 3968 ejusmodi.
3294 3897 3459 3956 Edes
3480 3899 3622 3954 enim
3645 3911 3784 3969 Opus

2206 3997 2331 4044 sunt
2357 3989 2628 4044 architecti
2649 4029 2665 4055 ,
2711 3997 2897 4043 statuas
2937 3987 3214 4056 statuarii,
3248 3987 3338 4042 ﬁlii
3361 4003 3494 4044 vero
3532 3999 3780 4054 naturae;

2209 4083 2281 4138 tui
2321 4091 2499 4137 autem
2535 4096 2793 4152 nusquam
2822 4090 2904 4136 est
2927 4081 3198 4136 memoria.
3231 4080 3301 4135 Et
3336 4080 3456 4136 ideo
3481 4090 3637 4136 vocat
3659 4096 3784 4137 eum

2209 4175 2420 4230 brutum
2450 4175 2708 4245 propheta
2737 4191 2750 4226 :
2779 4175 3029 4244 quoniam
3062 4187 3183 4228 cum
3209 4173 3525 4243 insipientiast
3553 4188 3614 4228 se
3655 4175 3786 4243 jugo

2209 4267 2531 4332 submiserit,
2581 4267 2738 4321 bruto
2772 4266 3009 4322 deterius
3055 4264 3287 4320 ducitur.
3335 4264 3469 4320 Illud
3514 4266 3661 4321 enim
3703 4274 3788 4322 est

2207 4361 2339 4418 utile
2365 4370 2419 4416 et
2447 4369 2626 4430 aptum
2653 4359 2719 4414 ad
2749 4357 3124 4429 agriculturam
3149 4371 3166 4423 ;
3197 4357 3282 4412 hie
3323 4366 3523 4424 autem,
3551 4358 3642 4427 qui
3685 4372 3789 4413 se—

2212 4453 2384 4522 ipsum
2407 4451 2632 4520 subjecit
2651 4449 2989 4519 insipientior,
3009 4448 3098 4503 illo
3117 4447 3277 4503 etiam
3302 4448 3357 4502 in
3387 4447 3488 4503 hoc
3509 4447 3681 4504 factus
3705 4456 3787 4502 est

2213 4544 2467 4599 deterior.
2494 4543 2754 4611 Quoniam
2779 4542 2921 4598 enim
2940 4541 3184 4611 superius
3211 4541 3438 4607 dixerat,
3457 4555 3614 4612 quam
3642 4548 3792 4596 esset

2213 4651 2366 4691 mens
2384 4652 2571 4692 eorum
2595 4651 2788 4701 crassa,
2821 4644 3052 4698 terrena,
3082 4635 3203 4688 vilis
3228 4643 3284 4688 et
3307 4633 3532 4702 objecta,
3555 4641 3610 4688 et
3628 4648 3786 4703 (piam

2218 4727 2418 4781 inutilis
2447 4735 2589 4781 esset
2614 4727 2764 4781 labor
2788 4741 2970 4780 eorum
3005 4725 3057 4779 in
3093 4723 3350 4794 cogendis
3387 4723 3625 4792 pecuniis
3644 4740 3662 4776 :
3690 4739 3794 4776 vo-

2219 4819 2336 4873 lens
2375 4818 2696 4887 amplificare
2735 4831 2917 4871 eorum
2961 4816 3389 4880 accusationem,
3438 4814 3652 4870 adducit
3695 4813 3792 4868 Dei

2220 4911 2475 4967 beneﬁcia
2507 4929 2520 4965 :
2565 4909 2705 4980 quod
2731 4909 2905 4962 solent
2940 4923 3081 4976 saepe
3108 4906 3286 4962 facere
3308 4907 3598 4976 pr0phetee.
3631 4906 3796 4960 Isaias

2221 5006 2384 5068 enim,
2429 5017 2549 5058 cum
2595 5008 2738 5055 esset
2783 5013 2875 5054 eos
2901 5007 3262 5062 accusaturus,
3308 4997 3539 5066 primum
3579 4996 3795 5066 quidem

2222 5095 2351 5151 dicit
2376 5094 2632 5147 honorem
2658 5106 2762 5161 quo
2790 5089 2957 5146 Judzei
2983 5105 3011 5143 a
3043 5089 3154 5143 Deo
3194 5088 3368 5143 alecti
3388 5097 3534 5155 sunt,
3563 5089 3632 5142 ita
3656 5089 3796 5141 seri.

2223 5188 2387 5241 bens:
2412 5183 2574 5238 Filios
2600 5184 2781 5252 genui,
2812 5191 2859 5236 et
2898 5181 3118 5236 ementiri
3147 5195 3166 5234 :
3201 5181 3299 5248 ipsi
3321 5189 3488 5233 autem
3517 5193 3596 5231 me
3624 5177 3799 5230 nihili-

2225 5279 2446 5347 fecerunt
2473 5274 2623 5348 (Isai.
2655 5274 2706 5329 1.
2731 5271 2812 5343 2).
2841 5272 2954 5327 Hoc
2979 5272 3136 5342 igitur
3159 5272 3213 5325 in
3243 5271 3360 5325 loco
3386 5311 3401 5335 ,
3430 5284 3532 5323 una
3562 5269 3799 5323 dictione

2227 5368 2506 5423 declarans
2527 5367 2783 5423 beneficia
2811 5380 2931 5436 quae
2967 5365 3210 5420 homines
3237 5378 3268 5417 a
3294 5363 3404 5418 Deo
3434 5369 3754 5431 accepermit
3774 5401 3792 5427 ,

2235 5460 2418 5524 "omo,
2463 5459 2650 5528 inquit,
2700 5474 2814 5510 cum
2847 5457 2900 5510 in
2953 5455 3141 5509 honore
3185 5462 3332 5520 esset,
3381 5468 3485 5505 non
3531 5450 3796 5504 intelleait.

2227 5555 2521 5622 Quemnam
2567 5561 2742 5605 autem
2793 5547 2922 5604 dicit
2983 5547 3282 5601 honorem?
3335 5544 3470 5599 Audi
3529 5559 3649 5598 eum
3697 5543 3803 5596 alio

2228 5647 2439 5704 Psalmo
2465 5645 2726 5700 dicentem
2758 5659 2772 5697 :
2797 5639 3028 5696 Minuisti
3063 5655 3175 5693 eum
3201 5637 3354 5707 paulo
3376 5639 3541 5689 minus
3560 5633 3620 5687 ab
3645 5649 3804 5703 ange-

2233 5741 2313 5807 lis,
2342 5743 2503 5813 gloria
2530 5749 2575 5793 et
2600 5740 2788 5792 honore
2806 5733 3054 5788 coronasti
3075 5732 3220 5799 enm(
3250 5729 3391 5785 Psal.
3413 5731 3465 5783 8.
3489 5728 3578 5795 6).
3607 5726 3806 5780 Deinde

2236 5847 2508 5906 exponens
2535 5831 2817 5898 honorem,
2841 5823 3108 5897 sulijungit
3135 5864 3148 5878 .
3185 5822 3371 5879 Omnia
3414 5817 3671 5891 subjecisti
3714 5821 3807 5870 sub
