4108 6344
359 399 461 459 2-31

362 519 682 594 ἀπόλαυσιν,
705 518 798 571 καὶ
819 520 939 574 οὐδὲ
961 521 1180 584 οἰκείοις
1197 522 1308 574 τισὶ
1329 522 1420 577 καὶ
1440 524 1758 594 γνωρίμοις,
1801 521 1938 577 ἀλλά

363 611 461 664 καὶ
503 609 766 674 πολλάκις
789 613 1005 684 ἐχθροῖς
1043 615 1137 668 καὶ
1172 615 1482 686 πολεμίοις;
1519 615 1617 670 Διά
1644 613 1803 668 τοῦτο
1838 616 1938 670 οὐκ

363 699 538 765 εἶπεν,
554 702 814 775 Έτέροις,
836 705 972 770 ἀλλ’,
991 707 1346 776 Ἂλλοτρίοις
1375 705 1810 778 καταλείψουσι
1832 711 1939 764 τὸν

366 795 634 848 πλοῦτον
662 795 880 850 αὐτῶν.
922 797 987 850 Τί
1011 797 1070 850 δέ
1101 798 1268 864 ἐστιν,
1304 799 1435 853 Ἐπὶ
1461 800 1529 852 τό
1566 799 1711 854 αὐτὸ
1734 801 1938 868 ἄφρων

365 881 466 935 καὶ
483 879 668 948 ἄνους
687 884 1051 939 ἀπολοῦνται
1066 903 1085 950 ;
1102 883 1255 940 Μετὰ
1269 886 1375 942 τῶν
1392 888 1700 960 ἔμπροσθεν
1717 891 1835 960 εξρη
1846 891 1940 960 μέ-

368 989 496 1036 νων,
530 973 682 1043 φησί.
729 973 991 1030 Ἐνταῦθὰ
1023 995 1112 1046 μοι
1134 978 1224 1032 τὸν
1263 979 1392 1050 περὶ
1425 981 1533 1033 τῶν
1566 982 1776 1035 ἀσεϐῶν
1795 983 1940 1035 δοκεῖ

369 1064 536 1116 κινεῖν
563 1064 740 1132 λόγον,
771 1065 879 1118 τῶν
902 1067 1038 1138 πρὸς
1065 1069 1132 1122 τὰ
1173 1070 1414 1141 παρόντα
1443 1073 1608 1143 ὲπτοη
1619 1072 1812 1141 μένων,
1846 1075 1938 1126 καὶ

367 1152 521 1207 οὐδὲν
555 1156 682 1224 περὶ
717 1155 827 1208 τῶν
870 1159 1170 1227 μελλόντων
1200 1159 1652 1230 φιλοσοφούντων,
1683 1164 1940 1234 ἀνοήτους

367 1243 464 1296 καὶ
490 1243 736 1299 ἐντεῦθεν
762 1246 964 1301 καλῶν.
992 1249 1054 1302 Εἰ
1093 1251 1203 1322 γὰρ
1253 1251 1420 1321 μηδὲν
1460 1255 1568 1323 ήγῇ
1601 1252 1738 1323 μετά
1768 1254 1938 1308 ταῦτα

370 1328 531 1398 εἶναι,
565 1335 712 1399 τίνος
738 1336 929 1392 ἐνεκεν
969 1338 1164 1394 σαυτδν
1209 1342 1430 1406 κόπτεις
1465 1344 1558 1396 καὶ
1595 1344 1938 1417 ταλαιπωρῇ,

372 1426 542 1497 μυρία
580 1429 829 1498 συνάγων
863 1433 1199 1502 πανταχόθεν
1243 1436 1521 1506 χρήματα,
1548 1437 1642 1490 καὶ
1681 1438 1806 1502 τούς
1843 1439 1939 1509 μὲν

368 1517 560 1581 πόνους
573 1518 881 1589 ὑπομένων,
903 1523 999 1593 τῆς
1015 1523 1070 1577 δὲ
1087 1524 1437 1592 ἀπολαύσεως
1456 1527 1516 1580 οὐ
1539 1527 1779 1599 μετέχων
1797 1545 1811 1593 ;
1831 1529 1938 1582 Καὶ

367 1609 424 1660 οι
451 1605 627 1676 τάφοι
656 1609 881 1677 αὐτῶν,
901 1614 1058 1668 οἰκία
1083 1613 1282 1668 αὐτῶν
1306 1617 1392 1682 εἰς
1411 1617 1518 1670 τόν
1543 1615 1746 1671 αἰῶνα.
1773 1618 1943 1670 Τοῦτο

368 1696 511 1750 κατά
538 1699 636 1769 τὴν
663 1699 912 1755 ὑπόνοιαν
943 1703 1164 1758 ἐκείνων
1193 1707 1345 1776 φησί.
1384 1706 1538 1780 [215]
1576 1711 1942 1780 Σκηνώματα

367 1787 567 1844 αὐτῶν
596 1793 686 1858 εἰς
720 1793 935 1861 γενεὰν
973 1795 1072 1848 καί
1102 1797 1319 1867 γενεάν
1340 1817 1355 1831 ·
1382 1799 1830 1856 ἐπεκαλέσαντο
1867 1803 1938 1858 τὰ

369 1881 630 1951 ὀνόματα
652 1884 851 1938 αὐτῶν
875 1886 973 1940 ἐπὶ
1012 1888 1131 1942 τῶν
1168 1889 1350 1960 γενῶν
1383 1891 1600 1946 αὐτῶν.
1641 1894 1706 1946 Τί
1738 1895 1941 1964 ταύτης

369 1973 470 2044 τῆς
506 1975 690 2040 ἀνοίας
721 1979 913 2046 γένοιτ’
948 1979 1013 2033 ἂν
1050 1985 1250 2051 χεῖρον,
1283 1983 1344 2036 τὸ
1374 1985 1506 2049 τοὺς
1529 1985 1730 2056 τάφους
1766 1987 1942 2042 οἰκίαν

370 2065 611 2137 νομίζειν
641 2068 882 2140 διηνεκῆ,
913 2071 973 2124 τὸ
993 2071 1394 2142 φιλοτιμεῖσθαι
1419 2078 1548 2148 περὶ
1581 2078 1787 2145 ταῦτα;

439 2158 634 2212 Πολλοὶ
685 2161 814 2229 γοῦν
876 2163 1136 2226 πολλάκις
1177 2164 1305 2228 τοὺς
1359 2167 1562 2234 τάφους
1600 2169 1708 2222 τῶν
1757 2171 1942 2224 οἰκιῶν

371 2247 779 2322 λαμπροτέρους
836 2254 1178 2324 εἰργάσαντο.
1237 2255 1307 2306 Ἢ
1351 2255 1459 2327 γὰρ
1505 2261 1617 2321 τοῖς
1665 2260 1942 2330 πολεμίοις

371 2340 592 2394 πονοῦσι
633 2344 728 2396 καὶ
771 2343 1318 2418 ταλαιπωροῦνται,ἢ
1347 2347 1426 2418 τῷ
1463 2349 1702 2420 σκώληκι
1743 2353 1836 2404 καὶ
1873 2355 1939 2423 τῇ

372 2433 539 2496 κόνει,
564 2433 645 2495 εἰς
669 2433 822 2486 οὐδὲν
845 2435 1032 2488 δέοντα
1069 2438 1243 2492 ταῦτα
1279 2439 1676 2504 ἀναλίσκοντες.
1711 2443 1943 2516 Τοιαύτη

371 2522 481 2592 γὰρ
533 2524 641 2577 τῶν
690 2524 842 2578 οὐδὲν
879 2527 1006 2597 περὶ
1052 2527 1162 2580 τῶν
1208 2528 1507 2598 μελλόντων
1550 2531 1876 2596 ἐλπιζόντων
1910 2538 1946 2607 ή

371 2613 650 2685 φρόνησις.
689 2615 825 2668 Ἀλλ’
853 2617 1090 2672 ἐνταῦθά
1125 2637 1217 2691 μοι
1261 2621 1511 2686 στενάξαι
1566 2622 1773 2678 ἔπεισιν
1797 2665 1812 2690 ,
1860 2627 1942 2679 ὃτι

373 2706 558 2760 πολλοὶ
589 2705 682 2760 καὶ
705 2709 814 2762 τῶν
837 2709 905 2763 τὰ
927 2709 1188 2780 μέλλοντα
1223 2711 1571 2781 ἐλπιζόντων,
1597 2715 1740 2768 κατά
1779 2716 1940 2772 τοῦτο

373 2799 612 2863 ἐκείνους
635 2801 946 2870 μιμοῦνται,
981 2804 1108 2866 τοὺς
1131 2805 1387 2874 οὐδεμίαν
1435 2807 1561 2876 περὶ
1590 2808 1701 2861 τῶν
1726 2809 1947 2879 μελλόν-

373 2904 482 2942 των
544 2889 762 2959 ἔχοντας
806 2893 996 2946 ἐλπίδα
1019 2934 1035 2960 ,
1085 2895 1292 2964 τάφους
1351 2897 1754 2969 οἰκοδομοῦντες
1779 2941 1792 2961 ,
1849 2902 1947 2956 καὶ

374 2980 602 3052 λαμπρὰ
639 2983 857 3053 σήματα
888 2984 1186 3050 ποιοῦντες,
1225 2987 1318 3040 καὶ
1343 2987 1565 3058 χρυσίον
1592 2991 1948 3060 κατορύττον⁴

374 3091 484 3138 τες,
539 3075 634 3128 καὶ
673 3079 754 3138 είς
791 3075 1007 3146 ἐτέρους
1038 3076 1107 3131 τά
1137 3077 1266 3132 ὄντα
1300 3080 1779 3150 παραπέμποντες,
1807 3085 1944 3138 κατὰ

373 3163 532 3218 τοῦτο
561 3166 782 3220 ἐκείνων
805 3168 1018 3240 χείρους
1043 3169 1214 3234 ὄντες.
1243 3171 1303 3224 '0
1331 3171 1429 3242 μὲν
1462 3172 1570 3242 γὰρ
1602 3174 1753 3226 οὐδὲν
1783 3192 1946 3246 προσ-

373 3253 546 3309 δοκῶν
591 3257 730 3323 μετὰ
760 3258 950 3322 ταῦτα,
981 3262 1032 3313 εἰ
1066 3261 1161 3314 καὶ
1199 3261 1361 3325 αὐτὸς
1391 3262 1619 3332 ἀλόγως,
1652 3265 1767 3318 ἀλλ’
1795 3266 1943 3336 ὅμως

370 3346 462 3401 διά
504 3347 566 3410 τὸ
595 3349 759 3418 μηδὲν
787 3352 1110 3422 προσδοκᾷν,
1165 3353 1296 3423 περί
1323 3352 1392 3406 τὰ
1437 3356 1682 3425 παρόντα
1720 3356 1943 3426 φιλοπο-

370 3435 564 3490 νεῖταιο
596 3439 661 3492 σὺ
685 3439 742 3491 δὲ
781 3441 809 3492 ὁ
835 3441 934 3511 τὴν
960 3441 1256 3511 μέλλουσαν
1281 3443 1424 3516 ζωὴν
1462 3445 1636 3510 εἰδὼς.
1665 3447 1940 3520 ἄνθρωπε,

375 3528 468 3580 καὶ
493 3529 562 3582 τὰ
587 3530 765 3597 ἀγαθά
808 3533 992 3586 ἐκεῖνα
1020 3533 1089 3587 τὰ
1134 3536 1438 3608 ἀπόρρητα,
1471 3539 1612 3593 κατά
1638 3541 1740 3611 τὴν
1785 3542 1943 3613 ῥῆσιν

372 3620 587 3690 ἐκείνην
606 3620 704 3692 τὴν
731 3623 1106 3695 εὐαγγελικὴν,
1141 3627 1221 3680 ὅτι
1248 3629 1382 3682 Τότε
1409 3631 1462 3682 οἰ
1490 3630 1704 3684 δίκαιοι
1726 3631 1944 3703 ἐκλάμ-

372 3713 602 3778 ψουσιν
640 3715 721 3779 ὡς
745 3717 778 3768 ό
811 3715 1002 3783 ἣλιος,
1040 3718 1200 3772 ποίαν
1243 3718 1309 3773 ἂν
1355 3719 1540 3790 σχοίης
1581 3722 1939 3794 συγγνώμην;

372 3801 495 3855 τίνα
513 3804 844 3874 ἁπολογίανς
879 3808 1038 3862 ποίαν
1069 3809 1126 3862 δὲ
1154 3810 1254 3863 οὐκ
1279 3809 1344 3865 ἂν
1376 3812 1674 3885 ὑποσταίης
1719 3815 1943 3878 δικαίως

373 3893 614 3962 κόλασιν,
652 3899 827 3952 πάντα
854 3899 1087 3953 ἐνταῦθα
1113 3902 1505 3956 καταδαπανῶν
1534 3906 1612 3967 εἰς
1635 3905 1734 3972 τὴν
1767 3905 1940 3968 κόνιν,

371 3989 454 4050 εἰς
479 3988 578 4058 τὴν
599 3990 825 4061 τέφραν,
855 3993 936 4054 εἰς
975 3993 1045 4046 τὰ
1088 3995 1328 4064 σήματα,
1365 3996 1444 4059 εἰς
1469 3999 1595 4060 τούς
1635 3997 1941 4068 πολεμίους,

371 4080 454 4142 εἰς
469 4081 594 4144 τοὺς
610 4081 702 4151 ἐχθ
710 4083 856 4152 ρούς;
881 4084 1363 4140 Ἐπεκαλέσαντο
1381 4086 1455 4140 τὰ
1473 4089 1732 4157 ὀνόματα
1747 4090 1944 4144 αὐτῶν

371 4170 473 4224 ἐπὶ
492 4170 612 4224 τῶν
630 4171 815 4243 ταιῶν
842 4173 1062 4228 αὐτῶν.
1093 4175 1225 4229 Ἰδοὺ
1248 4177 1340 4230 καὶ
1357 4177 1549 4247 ἐτέρας
1571 4179 1754 4241 ἀνοίας
1779 4175 1938 4242 εἶδος,

369 4261 436 4314 τὸ
453 4263 786 4332 περιτιθέναι
811 4264 913 4328 τάς
929 4266 1302 4337 προσηγορίας
1320 4267 1500 4321 αὐτῶν
1525 4269 1777 4340 οἰκοδομή
1787 4287 1938 4340 μασι,

372 4352 470 4406 καὶ
518 4353 728 4423 ἀγροῖς,
780 4355 875 4406 καὶ
911 4353 1178 4427 λουτροῖς,
1232 4357 1325 4409 καὶ
1379 4357 1644 4428 μεγίστην
1692 4357 1942 4412 ἐντεῦθεν

372 4445 714 4514 καρποῦσθαι
757 4447 1109 4518 παραμυθίαν
1161 4448 1420 4519 νομίζειν,
1473 4452 1568 4505 καὶ
1622 4451 1722 4522 τὴν
1782 4451 1941 4506 σκιὰν

371 4534 586 4590 διώκειν
631 4537 750 4590 ἀντὶ¹
786 4538 885 4607 τῆς
930 4537 1202 4610 ἀληθείας.
1271 4540 1334 4593 Εἰ
1385 4542 1493 4611 γὰρ
1544 4542 1764 4612 μνήμης
1813 4543 1942 4614 ἐρᾷς

371 4623 696 4693 διηνεκοῦς,
759 4625 836 4697 μὴ
882 4627 1121 4696 ὀνόματα
1184 4629 1414 4700 ’κριθῆς
1469 4630 1893 4702 οἰκοδομήμασιν
1923 4673 1940 4697 ,

372 4712 650 4785 ἄνθρωπε,
679 4715 793 4768 ἀλλ’
819 4717 1120 4788 ἀνάστησον
1145 4717 1378 4788 τρόπαια
1410 4721 1848 4791 κατορθωμάτων
1867 4764 1881 4784 ,
1906 4721 1948 4776 ἃ.

374 4804 471 4857 καὶ
497 4806 555 4857 ἐν
582 4804 659 4876 τῷ
703 4807 929 4878 παρόντι
973 4825 1056 4862 σοι
1109 4809 1209 4880 βίῳ
1244 4811 1305 4863 τὸ
1351 4811 1518 4882 ὄνομα
1544 4813 1810 4884 διατηρεῖ,
1849 4817 1941 4868 καὶ

375 4894 513 4965 πρὸς
559 4895 655 4965 τὴν
693 4897 990 4966 μέλλουσαν
1037 4897 1183 4970 ζωὴν
1231 4899 1499 4953 ἀθάνατον
1545 4904 1940 4967 κατασκευάζει

377 5002 460 5038 σοι
487 4985 586 5058 τὴν
620 4987 946 5044 ἀνάπαυσιν.
978 4991 1042 5043 Εἰ
1087 4992 1304 5063 μνήμης
1345 4995 1478 5065 ἐρᾷς
1509 4994 1602 5046 καὶ
1633 4995 1938 5064 ἐπιθυμεῖς,

375 5076 487 5146 ἐγώ
537 5095 598 5131 σε
640 5079 874 5134 διδάσκω
897 5080 996 5152 τὴν
1022 5082 1199 5152 ἀληθῆ
1242 5085 1338 5137 καὶ
1388 5085 1728 5153 σαφεστάτην
1776 5085 1903 5139 ὁδόν
1924 5105 1939 5120 ο

375 5168 578 5239 ἀρετῆς
611 5170 892 5240 ἐπιμελοῦ.
933 5173 1099 5226 Οὐδὲν
1127 5173 1235 5246 γὰρ
1267 5175 1439 5238 οὓτως
1481 5174 1746 5228 ἀθάνατον
1773 5175 1942 5245 όνομα

376 5262 536 5324 ποιεῖ,
563 5260 638 5323 ὡς
661 5262 860 5332 ἀρετῆς
895 5263 1072 5332 φύσις.
1109 5265 1219 5317 Καὶ
1244 5264 1401 5318 τοῦτο
1436 5265 1686 5336 δηλοῦσιν
1712 5268 1760 5318 οἱ
1803 5267 1943 5336 μάρ-

371 5366 558 5420 τυρες,
605 5350 756 5420 δηλοῖ
788 5349 898 5403 τῶν
923 5351 1236 5405 ἀποστόλων
1276 5353 1346 5406 τά
1375 5352 1621 5422 λείψανα,
1662 5351 1810 5423 δηλοῖ
1836 5353 1943 5405 τῶν

375 5447 436 5498 ἐν
475 5446 643 5517 ἀρετῇ
683 5443 1021 5515 βεϐιωκότων
1058 5449 1093 5520 ή
1129 5449 1338 5520 μνήμη.
1383 5449 1542 5502 Πόσοι
1574 5448 1809 5519 βασιλεῖς
1849 5449 1945 5502 πός

375 5535 490 5599 λεις
528 5535 848 5608 ἀνέστησαν,
887 5537 1109 5610 λιμένας
1157 5539 1586 5603 κατεσκεύασαν,
1619 5540 1713 5594 καὶ
1736 5538 1803 5593 τά
1828 5539 1945 5593 όνό-

379 5648 525 5702 ματα
546 5632 821 5697 ἐπιθέντες
853 5633 1097 5705 ἀπῆλθον
1118 5653 1133 5702 ;
1155 5635 1270 5689 ἀλλ’
1293 5635 1460 5690 οὐδένι
1478 5634 1785 5698 ἀπώναντο,
1809 5635 1962 5690 ἀλλὰ·

377 5727 708 5798 σεσίγηνται,
759 5729 855 5783 καὶ
898 5728 1037 5802 λήθῃ
1097 5731 1519 5802 παραδέδονται.
1558 5731 1617 5784 '0
1658 5731 1716 5786 δὲ
1765 5730 1945 5794 ἁλιεὺς

379 5823 582 5896 Πέτρος
623 5826 776 5882 οὐδὲν
819 5825 1025 5884 τούτων
1071 5829 1478 5902 ἐργασάμενος,
1517 5829 1709 5904 ἐπειδὴ
1742 5827 1943 5903 ἀρετὴν

1429 401 1794 462 EXPOSITIO
1831 404 1900 461 IN
1939 405 2275 461 PSALMUM
2312 403 2540 460 XLVIII.

3488 405 3598 461 εστ

2044 521 2295 592 μετῆλθε,
2342 520 2437 573 καὶ
2487 519 2586 590 τὴν
2628 517 3062 588 βασιλικωτάτην
3110 517 3372 572 κατέλαϐε
3427 517 3602 584 πόλιν,

2039 610 2183 682 ὑπὲρ
2213 610 2305 664 τὸν
2337 610 2487 682 ἥλιον
2513 607 2720 680 λάμπει
2753 609 2849 662 καὶ
2884 607 3022 678 μετά
3044 609 3318 680 τελευτήν.
3363 608 3428 661 Ὃ
3456 607 3513 661 δὲ
3540 608 3605 663 οὐ

2037 705 2230 767 ποιεῖς,
2269 700 2669 770 καταγέλαστον
2708 700 2804 753 καὶ
2832 699 3091 770 αἰσχύνης
3141 699 3330 770 γέμον.
3373 698 3449 752 Οὐ
3499 699 3606 771 γὰρ

2041 793 2201 862 μόνον
2240 808 2300 844 σε
2325 790 2574 861 λαμπρὸν
2593 787 2764 842 ταῦτα
2786 789 2886 842 οὐκ
2915 789 3208 857 ἐργάσεται
3238 790 3307 843 τὰ
3341 793 3607 863 μνημεῖα,

2037 882 2171 936 ἀλλά
2213 883 2306 936 καὶ
2341 880 2778 950 καταγέλαστον,
2807 880 2903 933 καὶ
2923 879 2992 933 τὰ
3017 880 3231 934 πάντων
3253 881 3454 946 ἀνοίξει
3498 881 3607 935 στό·

2023 981 2205 1043 ματα.
2229 975 2293 1027 Αἰ
2319 974 2426 1044 γὰρ
2455 973 2738 1041 οἱκοδομαὶ
2761 971 2838 1042 τῷ
2859 971 3036 1042 χρόνῳ
3063 971 3366 1045 δυναμένην
3392 990 3487 1028 σου
3510 974 3608 1046 τὴν

2039 1066 2348 1132 πλεονεξίαν
2397 1066 2536 1137 λήθῃ
2578 1064 2964 1136 παραδοθῆναι,
3016 1063 3206 1135 ὥσπερ
3253 1066 3464 1137 στῆλαι,
3505 1067 3601 1120 καὶ

2036 1154 2274 1226 τρόπαιά
2294 1171 2386 1206 σου
2405 1155 2503 1224 τῆς
2521 1153 2830 1220 πλεονεξίας
2855 1155 3116 1226 ἑστήκασι
3137 1155 3412 1226 πανταχοῦ
3431 1168 3480 1209 α.
3499 1155 3604 1211 Καί

2039 1245 2345 1314 ἄνθρωπος
2363 1247 2432 1299 ἐν
2450 1245 2586 1315 τιμῇ
2605 1243 2710 1311 ὢν,
2726 1245 3049 1315 οὺσυνῆκε
3065 1263 3078 1274 ·
3103 1247 3608 1316 παρασυνεόῑλήθη

2040 1337 2164 1404 τοῖς
2193 1338 2442 1404 κτήνεσι
2476 1337 2600 1404 τοῖς
2622 1335 2922 1405 ἀνοήτοις,
2963 1337 3060 1391 καὶ
3087 1336 3353 1406 ὡμοιώθη
3383 1339 3608 1406 αὐτοῖς.

2054 1429 2316 1484 Ἑνταῦθά
2345 1429 2496 1503 [214]
2527 1447 2616 1500 μοι
2650 1428 2836 1483 λοιπὸν
2862 1428 3229 1499 ἀποδύρεσθαι
3256 1430 3285 1481 ό
3319 1430 3609 1501 Προφήτης

2039 1521 2204 1587 δοκεῖ,
2239 1523 2320 1576 ὅτι
2348 1523 2410 1576 τὸ
2451 1521 2589 1587 ζῶον
2611 1521 2672 1574 τὸ
2701 1521 2937 1590 λογικὸν,
2969 1521 3032 1574 τὸ
3064 1521 3158 1574 καὶ
3195 1522 3296 1593 τὴν
3332 1521 3610 1592 βασιλείαν

2038 1615 2135 1686 τὴν
2161 1615 2253 1668 ἐπὶ
2286 1614 2388 1685 γῆς
2423 1613 2783 1685 ἐγχειρισθὲν,
2817 1613 2954 1685 πρὸς
2998 1615 3098 1684 τὴν
3129 1612 3238 1667 τῶν
3266 1613 3474 1682 ἀλόγων
3525 1613 3605 1666 εύ⁶

2039 1705 2249 1760 τέλειαν
2277 1704 2532 1772 ἐξέκλινε,
2563 1705 2975 1776 ματαιοπονοῦν,
3016 1705 3232 1758 ἐναντία
3265 1707 3330 1776 τῇ
3369 1703 3610 1776 σωτηρίᾳ

2039 1800 2106 1869 τῇ
2143 1795 2336 1852 ἐαυτοῦ
2363 1796 2789 1863 κατασκευάζον,
2833 1796 3139 1861 κενοδοξίαν
3175 1796 3387 1863 διῶκον,
3420 1796 3612 1849 πλεον-

2041 1891 2188 1955 εξίαν
2225 1890 2424 1961 μετιὸν,
2467 1891 2707 1960 ἀνήνυτα
2734 1889 2946 1944 πονοῦν.
2995 1889 3141 1961 Τιμὴ
3171 1889 3278 1960 γὰρ
3321 1887 3607 1960 ἀνθρώπου

2041 1981 2231 2053 ἀρετὴ,
2260 1981 2354 2035 καὶ
2393 1979 2454 2034 τὸ
2495 1981 2621 2052 περὶ
2663 1979 2771 2033 τῶν
2819 1977 3118 2051 μελλόντων
3150 1979 3480 2050 φιλοσοφεῖν,
3516 1982 3611 2038 καὶ

2043 2073 2182 2145 πρὸς
2203 2072 2416 2142 ἐκείνην
2451 2071 2548 2142 τὴν
2577 2070 2720 2142 ζωὴν
2750 2071 2964 2125 ἅπαντα
2997 2071 3498 2142 πραγματεύεσθαι,
3517 2075 3612 2130 καὶ

2042 2165 2102 2218 τὸ
2127 2164 2234 2217 τῶν
2257 2163 2540 2235 παρόντων
2565 2163 2858 2234 ὐπερορᾷν.
2905 2163 2969 2216 Ἦ
2995 2164 3093 2232 μὲν
3120 2163 3230 2232 γὰρ
3267 2163 3376 2217 τῶν
3401 2165 3612 2233 ἀλόγων

2044 2258 2158 2328 ζωὴ
2187 2261 2348 2327 μέχρι
2387 2254 2482 2308 τοῦ
2531 2254 2794 2324 παρόντος
2833 2255 3252 2324 συγκέκλεισται
3292 2256 3407 2326 βίον
3431 2271 3446 2286 ’
3486 2259 3520 2326 ή
3552 2257 3610 2310 δὲ

2042 2347 2284 2419 ἡμετέρα
2309 2346 2446 2417 πρὸς
2474 2345 2666 2416 ἑτέραν
2700 2344 2875 2398 ὁδεύει
2927 2345 3140 2416 βελτίω,
3189 2347 3285 2400 καὶ
3330 2347 3480 2411 τέλος
3512 2347 3611 2400 οὐκ

2045 2440 2294 2510 ἔχουσαν.
2339 2437 2477 2491 Ἀλλ’
2517 2432 2663 2491 οῦτοι
2710 2438 2758 2491 οἱ
2811 2439 2941 2507 περὶ
2987 2438 3096 2491 τῶν
3130 2437 3431 2510 μελλόντων
3459 2439 3610 2492 οὐδὲν

2045 2532 2264 2594 εἰδότες,
2293 2529 2400 2582 τῶν
2424 2530 2632 2597 ἀλόγων
2650 2531 2862 2600 χείρους
2884 2531 3019 2584 εἰσίν
3035 2549 3048 2562 ο
3065 2531 3164 2602 οὐχ
3184 2525 3327 2584 οὗτοι
3353 2531 3409 2585 δὲ
3431 2532 3608 2602 μόνον,

2045 2623 2181 2677 ἀλλὰ
2213 2623 2308 2677 καὶ
2339 2623 2388 2676 οί
2416 2621 2516 2693 βίῳ
2549 2622 2924 2695 διεφθαρμένῳ
2955 2621 3244 2686 συζῶντες,
3275 2622 3427 2693 ὄφεις
3469 2623 3611 2692 γινό-

2049 2733 2198 2786 μενοι
2246 2716 2341 2770 καὶ
2395 2715 2646 2786 σκορπίοι
2703 2715 2799 2769 καὶ
2843 2714 2996 2768 λύκοι
3037 2713 3125 2769 διά
3175 2711 3275 2785 τῆς
3325 2715 3608 2785 πονηρίας,

2045 2809 2140 2860 καὶ
2170 2805 2289 2877 βόες
2314 2806 2401 2860 διὰ
2421 2805 2521 2876 τῆς
2555 2805 2758 2872 ἀνοίας,
2782 2808 2878 2860 καὶ
2897 2805 3055 2869 κύνες
3083 2805 3170 2860 διά
3196 2807 3293 2877 τῆς
3321 2807 3610 2876 ἀναισχυν-

2042 2897 2184 2960 τίας.

2114 2990 2180 3053 ς’.
2203 2989 2268 3042 Τί
2296 2989 2402 3059 γὰρ
2428 2987 2800 3062 ἀνοητότερον,
2826 2986 2948 3040 εἰπέ
2976 3004 3086 3058 μοι,
3119 2985 3226 3040 τῶν
3255 2986 3381 3056 περὶ
3405 2985 3611 3055 τάφους

2044 3081 2138 3132 καὶ
2161 3080 2415 3149 μνήματα
2441 3077 2665 3148 ἀσχολου
2675 3077 2976 3146 μένων,κιιλ⁸
2995 3077 3131 3148 πρὸς
3149 3075 3426 3146 ὀνομάτων
3449 3091 3612 3147 προσ-

2042 3171 2269 3242 ηγορίας
2288 3171 2486 3240 ἐτέρων
2512 3169 2845 3240 κεχηνότων;
2875 3168 3040 3221 Οὐδὲν
3067 3167 3173 3240 γὰρ
3204 3169 3422 3239 μνήμην
3443 3171 3608 3234 ποιεῖ,

2043 3264 2158 3317 ἀλλ’
2180 3263 2346 3334 ἀρετὴ
2371 3263 2400 3303 ι)
2434 3263 2590 3334 μόνη,
2616 3263 2718 3314 οὐκ
2749 3260 2916 3324 οἰκία,
2945 3261 3044 3314 οὐκ
3077 3259 3334 3330 ἀνδριὰς,
3375 3261 3436 3314 οὐ
3481 3277 3612 3315 παι-

2044 3355 2153 3416 διὰ,
2186 3356 2286 3409 οὐκ
2315 3353 2440 3409 ἄλλο
2479 3353 2586 3407 τῶν
2628 3351 2884 3407 τοιούτων
2912 3352 3086 3406 οὐδέν.
3129 3353 3195 3406 Ἦ
3225 3351 3324 3424 μὲν
3363 3353 3474 3424 γὰρ
3510 3354 3612 3425 τῆς

2045 3445 2140 3499 τοῦ
2159 3445 2409 3507 τέκτονος
2429 3445 2619 3514 σοφίας
2640 3445 2786 3498 ἐστὶν
2811 3443 2990 3516 ἔργον,
3004 3444 3033 3496 ὁ
3051 3443 3108 3498 δὲ
3132 3443 3234 3514 τῆς
3252 3443 3348 3496 τοῦ
3370 3444 3612 3514 ἀνδριαν-

2044 3537 2284 3603 τοποιοῦ,
2326 3537 2386 3592 τὸ
2418 3538 2474 3591 δὲ
2509 3537 2609 3606 τῆς
2648 3535 2862 3604 φύσεως
2891 3534 3085 3607 ἔργον·
3131 3536 3224 3590 σοῦ
3267 3537 3325 3590 δὲ
3371 3535 3608 3606 οὐδαμοῦ

2047 3629 2256 3699 μνήμη.
2279 3627 2376 3680 Διά
2396 3626 2460 3698 δὴ
2478 3621 2634 3679 τοῦτο
2665 3624 2859 3693 ἄλογον
2877 3625 3037 3680 αὐτὸν
3066 3621 3094 3676 ό
3123 3623 3408 3696 Προφήτης
3433 3625 3608 3679 καλεῖ·

2042 3722 2228 3791 ἐπειδὴ
2267 3720 2404 3792 πρὸς
2442 3719 2534 3773 τὸν
2576 3718 2678 3788 τῆς
2719 3717 2902 3780 ἀνοίας
2940 3717 3158 3780 ὑποθεὶς
3192 3716 3354 3785 ζυγὸν
3397 3718 3606 3781 ἐαυτὸν,

2041 3813 2234 3881 ἄγεται
2254 3811 2350 3864 τοῦ
2383 3810 2578 3878 ἀλόγου
2612 3813 2812 3882 χεῖρον.
2847 3809 3053 3862 Ἐκεῖνο
3077 3809 3171 3878 μὲν
3191 3808 3299 3879 γὰρ
3321 3810 3630 3879 χρήσιμον,

2042 3904 2136 3957 καὶ
2187 3904 2324 3974 πρὸς
2374 3903 2648 3972 γεωργίαν
2687 3900 3015 3970 ἐπιτήδειον·
3051 3891 3205 3962 οὗτος
3243 3899 3300 3951 δὲ
3345 3901 3411 3969 τῇ
3453 3898 3610 3970 ἀνοίᾳ

2042 3995 2236 4048 ἐαυτὸν
2281 3992 2590 4056 ὑποϐαλὼν,
2637 3992 2732 4045 καὶ
2760 3991 2969 4045 ἐκείνου
3009 3990 3207 4061 χείρων
3244 3989 3445 4059 γέγόνε-
3468 3990 3610 4044 κατά

2039 4087 2220 4142 τοῦτο.
2262 4085 2483 4156 Ἐπειδὴ
2513 4086 2622 4156 γὰρ
2649 4079 2802 4138 εἶπεν
2829 4082 3083 4154 ἀνωτέρω
3110 4082 3171 4135 τὸ
3197 4083 3342 4153 παχὺ
3375 4084 3472 4152 τῆς
3493 4081 3611 4135 δια-

2041 4179 2189 4240 νοίας
2210 4176 2410 4240 αὐτῶν,
2431 4176 2494 4230 τὸ
2515 4175 2734 4244 γεῶδες,
2755 4175 2816 4228 τὸ
2840 4173 3196 4245 χαμαίζηλον,
3235 4175 3330 4228 τὸν
3353 4175 3610 4243 ἀνόνητον

2043 4269 2171 4340 περὶ
2202 4267 2270 4321 τὰ
2299 4270 2552 4339 χρήματα
2573 4269 2756 4334 πόνον,
2783 4265 3012 4338 αὐξῆσαι
3046 4264 3364 4336 βουλόμενος
3393 4267 3485 4319 καὶ
3509 4265 3606 4337 τὴν

2043 4360 2378 4432 κατηγορίαν
2417 4357 2524 4411 τῶν
2564 4357 2842 4420 τοιούτων,
2882 4356 2976 4408 καὶ
3020 4356 3118 4418 τὰς
3161 4355 3313 4426 παρὰ
3342 4355 3434 4408 τοῦ
3474 4353 3608 4408 Θεοῦ

2041 4451 2252 4523 τίθησιν
2297 4449 2635 4521 εὐεργεσίας,
2675 4447 2813 4518 ὅπερ
2853 4445 3122 4516 πολλαχοῦ
3153 4448 3329 4499 ποιεῖν
3357 4445 3608 4500 εἰώθασιν

2041 4547 2090 4597 οἰ
2121 4544 2414 4615 προφῆται.
2432 4542 2583 4595 Ἐπεὶ
2604 4541 2697 4594 καὶ
2716 4543 2744 4594 ό
2775 4541 3001 4600 Ἡσαΐας
3027 4540 3232 4611 μέλλων
3259 4541 3440 4594 αὐτῶν
3473 4559 3607 4595 κατ-

2045 4637 2286 4706 ηγορεῖν,
2318 4633 2530 4706 πρῶτον
2557 4633 2704 4701 λέγει
2725 4634 2828 4704 τὴν
2864 4632 3015 4704 παρά
3052 4632 3146 4686 τοῦ
3175 4635 3308 4687 Θεοῦ
3341 4633 3504 4704 τιμὴν
3529 4635 3610 4698 εἰς

2040 4726 2166 4788 τοὺς
2197 4725 2482 4787 Ἰουδαίους
2519 4725 2911 4794 γεγενημένην,
2952 4723 3096 4778 οὕτω
3132 4724 3360 4796 γράφων
3383 4741 3397 4755 ⁸
3439 4725 3611 4792 Υίοὺς

2039 4811 2364 4879 ἐγέννησα,
2376 4810 2474 4864 καὶ
2493 4811 2711 4878 ὕψωσα
2727 4827 2748 4842 ι
2766 4812 2938 4867 αὐτοὶ
2966 4812 3036 4867 δέ
3045 4830 3124 4880 με
3155 4813 3478 4882 ἠθέτησαν.
3497 4816 3608 4870 Καὶ

2040 4901 2270 4956 ἐνταῦθα
2288 4901 2464 4956 τοίνυν
2476 4902 2563 4956 διὰ
2583 4905 2710 4974 μιᾶς
2727 4903 2926 4970 λέξεως
2938 4905 3006 4958 τά
3024 4905 3352 4977 ὑπηργμένα
3368 4907 3447 4978 τῷ
3461 4907 3608 4975 γένει

2040 4993 2149 5048 τῶν
2176 4991 2477 5063 ἀνθρώπων
2496 4993 2648 5065 παρὰ
2675 4993 2772 5046 τοῦ
2797 4994 2933 5048 Θεοῦ
2965 4995 3167 5066 δηλῶν,
3188 4998 3520 5065 Ἀνθρωπος
3537 4997 3610 5051 ἐν

2042 5086 2182 5154 τιμῇ
2211 5084 2297 5137 ὢν
2323 5087 2394 5138 οὐ
2419 5083 2674 5151 συνῆκε,
2700 5085 2848 5157 φησί.
2881 5087 2990 5141 Καὶ
3019 5088 3357 5158 ποίαν.·λέγει
3377 5138 3380 5142 .
3403 5090 3605 5160 τιμήνς

2045 5179 2310 5230 ’Ἄκουσον
2326 5175 2493 5229 αὐτοῦ
2524 5178 2582 5229 ἐν
2609 5178 2782 5249 ἑτέρῳ
2799 5178 3002 5250 ψαλμῷ
3033 5180 3302 5250 λέγοντος·
3320 5182 3609 5236 Ἠλάττω-

2041 5283 2159 5331 σας
2200 5267 2387 5321 αὑτὸν
2425 5268 2625 5337 ,ϐραχύ
2671 5287 2727 5323 τι
2763 5271 2898 5339 παρ’
2935 5273 3266 5342 ἀγγέλους,
3314 5275 3461 5344 δόξῃ
3509 5277 3606 5329 καί

2042 5357 2182 5426 τιμῇ
2231 5357 2658 5427 ἐστεφάνωσας
2701 5363 2905 5417 αὐτόν.
2942 5362 3074 5419 Εἶτα
3115 5364 3476 5436 ἐξηγούμενος
3509 5365 3608 5435 τὴν

2043 5448 2227 5519 τιμὴν,
2265 5451 2486 5518 ἐπάγειο
2520 5450 2722 5506 Πάντα
2767 5453 3069 5522 ὑπέταξας
3095 5457 3372 5510 ὑποκάτω
3409 5455 3610 5510 ποδῶν

2044 5540 2252 5607 αὐτοῦ,
2279 5544 2558 5609 πρόϐατα,
2597 5543 2695 5598 καί
2716 5545 2873 5613 ,βόας
2896 5546 3138 5615 ἁπάσας
3156 5565 3172 5581 ο
3200 5547 3289 5602 έτι
3313 5546 3381 5601 δὲ
3414 5548 3513 5602 καί
3539 5549 3610 5604 τὰ

2106 5715 2292 5788 {1.1.09.5
2312 5715 2430 5788 λήθη
2451 5717 2799 5788 παραδοῖέγᾳειτ
2826 5722 3091 5788 πλεονεξίας
3113 5724 3321 5788 ἑστῶσαι
3345 5723 3604 5788 πανταχοῦ-

2109 5776 2140 5849 εο
2161 5776 2336 5849 κοιίιιρ
2364 5776 2622 5849 ισςοτόιμτ
2641 5782 2744 5849 ἀλλ’
2764 5784 2796 5841 ἢ
2816 5784 2978 5849 ἀρετή.
2994 5776 3105 5836 moi
3127 5785 3278 5845 Savil.
3292 5793 3344 5836 et
3362 5776 3626 5840 ςοοοῖὶιι.

2048 5839 2252 5903 ἀνδριὰς,
2273 5839 2327 5888 οὐ
2351 5839 2500 5903 πόλις,
2525 5844 2579 5892 οὐ
2604 5839 2794 5894 παιδία.
2852 5839 2863 5849 ’
2948 5839 2958 5844 ⁷
3251 5839 3280 5884 ’.
