4108 6344
337 424 446 483 εδδ

340 539 548 611 pedibus
592 537 700 608 ejus
724 575 737 599 ,
769 548 900 598 oues,
925 541 971 585 et
1007 530 1156 584 bores
1192 525 1481 587 universas;
1506 524 1714 592 insuper
1740 527 1785 574 et
1812 534 1902 589 pe-

336 648 455 685 cora
491 629 675 698 campi,
702 626 925 680 volucres
949 622 1059 676 caeli
1084 629 1131 675 et
1165 619 1320 688 pisces
1345 616 1498 669 maris
1521 614 1607 683 qui
1640 611 1906 681 perambu-

336 723 444 776 lant
468 720 669 775 semitas
696 716 859 770 maris
878 715 896 783 (
918 712 1051 766 Ibid.
1081 728 1127 765 υ.
1158 710 1209 765 8.
1235 708 1312 778 9).
1343 707 1438 760 Hic
1465 713 1546 759 est
1570 704 1711 758 enim
1740 701 1909 754 honor

336 814 494 883 longe
518 809 799 873 maximus,
829 806 877 860 ei
908 806 958 858 in
986 802 1162 856 omnia
1191 814 1309 871 quae
1330 798 1577 851 videntur
1600 792 1907 864 permisisse

339 901 700 963 dominatum,
729 897 886 966 idque
933 909 1052 949 cum
1089 890 1221 945 nihil
1262 898 1405 944 recte
1453 885 1724 956 gessisset.
1773 883 1906 937 Cum

340 994 483 1049 etaim
511 1006 633 1047 eum
663 989 898 1043 nondum
930 985 1191 1050 ﬁnxisset,
1218 981 1388 1037 dixit:
1421 978 1694 1033 Faciamus
1739 972 1904 1027 homi-

339 1102 453 1140 nem
468 1085 534 1137 ad
555 1083 822 1153 imaginem
858 1089 904 1133 et
919 1075 1296 1132 similitudinem
1311 1080 1534 1125 nostram
1554 1066 1707 1140 (Gen.
1729 1067 1778 1121 l.
1794 1064 1906 1136 26).

347 1174 547 1231 Deinde
576 1174 934 1243 interpretans
956 1167 1085 1222 illud
1108 1208 1125 1234 ,
1148 1165 1226 1219 Ad
1261 1163 1566 1231 imaginem,
1594 1157 1866 1225 subiunxit
1889 1196 1905 1221 ,

340 1268 408 1321 Et
434 1266 638 1335 praesint
663 1261 880 1334 piscibus
917 1260 1070 1313 maris
1089 1298 1105 1322 ,
1132 1266 1178 1311 et
1197 1253 1481 1310 volatilibus
1504 1250 1613 1306 caeli
1629 1292 1645 1316 ,
1667 1258 1715 1303 et
1742 1247 1908 1301 bestiis

338 1368 502 1410 terrae.
531 1356 597 1409 Et
637 1355 775 1408 hunc
807 1352 1055 1415 brevem,
1082 1344 1433 1401 tricubitalem
1464 1342 1560 1413 (a),
1609 1348 1664 1395 et
1706 1338 1908 1391 viribus

339 1446 581 1517 Corporis
607 1445 776 1499 brutis
818 1442 978 1511 longe
1012 1439 1315 1494 inferiorem
1339 1478 1354 1498 ,
1400 1434 1621 1490 rationis
1648 1430 1907 1486 afﬁnitate

343 1538 467 1592 fecit
491 1535 695 1590 cunctis
722 1524 1093 1593 excelsiorem,
1124 1529 1354 1582 animam
1382 1524 1692 1580 rationalem
1715 1521 1762 1575 ei
1795 1519 1905 1575 lar-

341 1632 483 1698 gitus
510 1646 525 1683 :
551 1625 691 1698 quod
733 1624 946 1695 quidem
977 1630 1059 1678 est
1089 1619 1310 1674 honoris
1347 1619 1554 1686 signum
1596 1612 1907 1667 maximum.

342 1722 444 1777 Per
464 1733 585 1775 eum
609 1716 749 1772 enim
769 1715 1008 1771 civitates
1024 1710 1279 1774 condidit,
1310 1723 1455 1763 mare
1479 1707 1669 1771 secuit,
1700 1712 1905 1759 terram.

335 1812 520 1877 coluit,
540 1819 682 1866 artes
708 1806 909 1863 invenit
938 1802 1368 1867 innumerabiles,
1396 1798 1683 1881 ferociores
1704 1795 1909 1851 belluas

339 1902 627 1973 superavit,
661 1908 715 1955 et
733 1898 872 1969 quod
898 1906 981 1953 est
1001 1896 1235 1952 omnium
1263 1894 1549 1948 maximum
1577 1899 1631 1946 et
1654 1890 1910 1961 primum,

339 1995 532 2061 Deum,
554 1993 644 2062 qui
673 1991 798 2047 fecit
824 1990 992 2059 ipsum
1012 2029 1028 2054 ,
1059 1985 1333 2057 cognovit,
1365 1993 1419 2039 et
1447 1982 1782 2038 advirtutem
1807 1980 1907 2034 de-

341 2087 534 2143 ductus
574 2095 675 2149 est,
698 2083 948 2152 novitque
975 2079 1102 2152 quid
1129 2080 1198 2137 sit
1218 2079 1435 2143 bonum,
1464 2075 1587 2148 quid
1614 2089 1789 2131 secus.
1809 2074 1909 2130 So-

338 2179 421 2234 lus
447 2194 519 2234 ex
546 2178 613 2232 iis
635 2191 755 2247 quae
779 2174 1045 2240 videntur,
1070 2173 1235 2227 Deum
1265 2178 1409 2234 orat;
1442 2168 1793 2224 revelationes
1817 2179 1907 2221 ac-

342 2272 522 2341 cepit,
551 2269 706 2339 idque
733 2268 881 2323 solus
903 2280 1089 2323 rursus
1120 2281 1134 2319 :
1175 2263 1422 2334 cognovit
1442 2262 1824 2317 multa-arcana
1853 2268 1913 2316 et

341 2361 646 2424 ineffabilia,
676 2359 1161 2429 didicibquaa-sunt
1188 2357 1240 2411 in
1280 2356 1463 2419 caelis;
1494 2362 1709 2424 propter
1735 2354 1906 2422 ipsum

342 2463 515 2520 terra,
539 2461 760 2522 propter
786 2451 958 2520 ipsum
981 2449 1189 2513 cautim,
1214 2457 1429 2516 propter
1450 2445 1620 2516 ipsum
1645 2442 1727 2498 sol
1756 2452 1809 2497 et
1831 2442 1906 2497 si-

340 2546 488 2609 dera,
515 2551 737 2615 pr0pter
759 2543 930 2612 ipsum
970 2541 1110 2595 lunte
1134 2553 1341 2605 cursus,
1369 2544 1745 2607 tempestatum
1774 2548 1904 2589 con-

338 2636 748 2704 versionumque
766 2631 1151 2688 vicissitudines
1168 2631 1221 2697 ¹;
1247 2639 1463 2699 pr0pter
1485 2628 1655 2697 ipsum
1683 2625 1908 2692 fructus,

337 2728 557 2783 arbores
581 2735 635 2781 et
656 2734 730 2779 tot
752 2739 942 2794 genera
966 2721 1333 2786 animantium;
1359 2730 1574 2789 pr0pter
1590 2719 1760 2787 ipsum
1792 2717 1908 2772 dies

339 2829 395 2873 et
442 2833 585 2883 nox;
636 2826 851 2887 propter
880 2816 1049 2885 ipsum
1087 2812 1234 2867 missi
1272 2820 1395 2867 sunt
1421 2810 1644 2881 apostoli
1694 2819 1747 2865 et
1788 2823 1911 2879 pro-

339 2912 534 2983 phetze,
565 2920 783 2980 propter
825 2910 993 2979 ipsmn
1021 2922 1164 2976 saepe
1193 2905 1340 2960 missi
1378 2913 1502 2959 sunt
1529 2904 1723 2975 angeli.
1770 2902 1909 2971 Quid

341 3000 580 3071 pluribus
599 3015 734 3069 opus
758 2998 880 3053 est?
920 2996 1102 3067 Neque
1126 2997 1269 3052 enim
1302 2994 1417 3050 ﬁeri
1447 3003 1622 3065 potest
1646 3004 1704 3049 ut
1727 2994 1912 3049 omnia

342 3105 741 3162 persequamur.
770 3089 993 3157 Propter
1040 3087 1211 3156 ipsum
1260 3086 1560 3157 unigenitus
1602 3085 1697 3141 Dei
1743 3085 1909 3141 Filius

343 3184 505 3236 homo
532 3180 702 3236 factus
725 3187 829 3244 est,
857 3177 1163 3243 cruciﬁxus,
1182 3184 1237 3233 et
1262 3178 1502 3248 sepultus
1520 3218 1536 3241 ,
1567 3185 1622 3233 et
1649 3175 1905 3231 terribilia

343 3272 432 3328 illa
454 3272 705 3327 miracula
729 3270 863 3326 facta
891 3278 1017 3326 sunt
1045 3278 1165 3339 post
1191 3269 1654 3324 resurrectionem.
1686 3268 1919 3338 Propter.

340 3366 515 3434 ipsum
542 3366 659 3433 lex,
690 3372 905 3434 propter
943 3362 1112 3434 ipsum
1140 3362 1446 3430 paradisus,
1494 3372 1708 3431 propter
1734 3362 1907 3431 ipsum

343 3456 629 3513 diluvium.
658 3456 791 3511 Nam
832 3455 935 3510 hoc
956 3469 1165 3525 quoque
1192 3464 1274 3508 est
1299 3454 1586 3509 maximum
1612 3468 1780 3523 genus
1813 3454 1908 3508 ho-

341 3551 509 3617 noris,
540 3564 661 3604 eum
703 3556 758 3603 et
782 3546 1054 3602 beneﬁciis
1081 3555 1135 3603 et
1160 3547 1334 3618 poenis
1358 3547 1642 3616 corrigere.
1684 3546 1910 3616 PrOpter

343 3641 515 3710 ipsum
541 3639 685 3694 omni
706 3638 870 3709 priori
899 3647 1139 3708 tempore
1165 3638 1527 3693 inumerabilia
1553 3646 1701 3708 gesta
1728 3646 1783 3693 et
1810 3636 1907 3692 ad-

341 3731 639 3786 ministrata
665 3738 814 3784 sunt.
860 3729 1026 3784 Porro
1049 3729 1222 3799 ipsum
1252 3744 1464 3799 quoque
1502 3727 1734 3783 futurum
1763 3728 1923 3799 judi-g

341 3823 483 3877 cium
509 3821 566 3876 ﬁt
592 3830 808 3891 propter
831 3820 948 3890 ejus
981 3821 1258 3877 honorem.
1290 3820 1546 3887 Quocirca
1572 3820 1673 3877 Job
1701 3837 1910 3893 quoque

343 3913 473 3971 dicit
504 3933 519 3969 :
551 3912 687 3982 Quid
710 3921 783 3967 est
829 3913 978 3967 homo
1015 3912 1148 3983 quod
1197 3913 1387 3967 duxisti
1414 3929 1528 3967 eum
1567 3915 1621 3967 in
1654 3914 1909 3985 judicium

344 4008 364 4076 (
391 4004 490 4059 Job
520 4006 606 4059 ﬂ.
654 4006 686 4058 5
710 4006 767 4070 )‘t
817 4004 1260 4073 quemadmodum
1306 4004 1430 4058 alibi
1461 4004 1587 4058 dicit
1615 4005 1728 4074 ipse
1765 4006 1910 4073 psal-

343 4100 500 4151 Iuista
524 4114 537 4150 :
569 4096 701 4160 Quid
722 4105 793 4148 est
819 4094 966 4148 homo
992 4094 1126 4165 quod
1145 4111 1332 4149 memor
1358 4111 1411 4149 es
1434 4097 1543 4164 ejus
1569 4094 1739 4165 (Psal.
1758 4097 1811 4150 8.
1830 4096 1911 4166 5)?

343 4189 568 4257 Propter
592 4189 763 4257 ipsum
788 4201 972 4241 rursus
999 4188 1174 4242 veniet
1199 4186 1511 4257 Unigenitus
1535 4187 1742 4243 donans
1772 4189 1909 4244 bona

341 4280 764 4335 innumerabilia.
788 4279 903 4333 Alia
930 4278 1072 4333 enim
1093 4279 1201 4349 jam
1233 4278 1380 4334 dedit
1418 4294 1515 4349 per
1548 4280 1865 4349 baptismum
1892 4320 1909 4347 ,

342 4378 400 4426 et
418 4378 845 4436 sacramenta,et;
859 4369 1133 4441 mysticam
1169 4369 1324 4424 aliam
1346 4370 1693 4426 initiationem
1719 4372 1909 4427 collata

343 4463 482 4519 bona
501 4503 518 4530 ,
550 4472 606 4519 et
631 4463 749 4518 aliis
776 4462 1047 4519 miraculis
1081 4473 1275 4518 terram
1303 4464 1538 4534 implevit
1557 4467 1576 4496 ¹
1601 4480 1615 4517 :
1646 4466 1746 4519 alia
1777 4481 1905 4520 vero

345 4569 408 4610 se
431 4553 677 4609 daturum
714 4563 799 4609 est
822 4554 1112 4636 .pollicitus
1136 4596 1150 4621 ,
1194 4569 1413 4625 regnum
1446 4556 1714 4621 cmlorum,
1746 4556 1908 4611 vitam

347 4656 601 4701 attemam
625 4687 642 4714 ,
685 4645 948 4701 facturum
996 4661 1124 4702 suos
1167 4646 1411 4714 heredes,
1446 4647 1675 4718 illosque
1700 4664 1820 4704 cum
1849 4664 1915 4705 eo

346 4746 657 4807 mgnaturos
682 4737 701 4809 (
727 4736 878 4791 Rom.
907 4736 1120 4809 8.17).
1157 4738 1413 4804 Quocirca
1462 4738 1658 4794 Paulus
1705 4754 1917 4811 quoque

348 4827 596 4883 dicebat:
631 4826 693 4884 Si
712 4829 1033 4894 sustinemus,
1071 4838 1117 4882 et
1147 4829 1553 4899 conregnabimus
1575 4830 1594 4901 (
1616 4829 1670 4884 2.
1697 4829 1825 4885 Tim.
1857 4830 1912 4885 2.

350 4918 483 4991 η).
511 4918 634 4975 Haec
658 4936 785 4989 ergo
803 4920 980 4974 omnia
1004 4919 1348 4975 considerans
1387 4920 1641 4991 propheta
1680 4937 1772 4977 eos
1798 4923 1917 4991 jure

348 5009 521 5065 brutis
539 5019 827 5080 comparat,
860 5011 951 5080 qui
985 5020 1182 5065 tantam
1220 5010 1545 5066 nobilitatem
1586 5012 1721 5067 vitio
1742 5013 1919 5082 prodi-

350 5102 565 5169 derunt,
594 5108 650 5157 et
684 5102 749 5156 ad
801 5100 1105 5156 affectiones
1156 5102 1364 5156 illorum
1406 5101 1765 5158 desciverunt.
1799 5104 1912 5159 Hoc

349 5194 527 5263 ipsum
571 5206 715 5263 sape
740 5193 937 5249 faciunt
963 5194 1053 5248 alii
1084 5209 1292 5264 quoque
1318 5195 1608 5265 prophetas,
1641 5197 1917 5266 impuden-

350 5297 458 5341 tem
483 5285 780 5341 auditorem
817 5286 1059 5341 volentes
1095 5302 1194 5356 per
1239 5290 1687 5357 comparationem
1717 5291 1917 5360 pudore

351 5378 675 5434 suifundere.
726 5377 796 5432 Et
823 5378 913 5432 ille
949 5379 1163 5449 quidem
1213 5378 1383 5447 dicit,
1428 5378 1580 5450 Equi.
1610 5382 1665 5435 in
1706 5382 1920 5451 feminas

411 5516 427 5545 ι
449 5512 696 5580 _sic__savil.
740 5520 793 5564 et
824 5521 930 5563 Mss.
957 5520 1006 5580 tn
1040 5514 1207 5580 Morel.
1228 5524 1409 5577 autem,
1434 5523 1479 5567 et
1502 5523 1827 5580 tempestatum
1852 5518 1919 5569 ri-

347 5574 665 5634 cissitudines,
695 5580 740 5625 et
762 5575 1115 5625 conversionum
1138 5577 1350 5628 chorus.

949 5636 1176 5701 implerit,
1210 5639 1387 5689 desunt
1425 5640 1473 5689 in
1508 5640 1635 5689 Colh.
1664 5648 1714 5690 et
1747 5641 1919 5704 Savil.;

413 5701 496 5745 het
512 5707 672 5747 autem
697 5706 811 5759 Reg.
835 5701 943 5748 655.
1905 5701 1912 5704 ⁷

413 5760 854 5826 (a):'t‘_ricu_hitalem
880 5761 1119 5826 hominem
1157 5760 1275 5812 dicit
1315 5762 1466 5812 etiam
1498 5764 1807 5826 Geographus
1829 5771 1918 5815 Nu-

347 5819 533 5872 hteusis
550 5821 812 5873 inclimate
837 5824 996 5872 tertio.

347 5696 496 5746 habet
512 5707 672 5747 autem
697 5706 726 5745 tt

1415 401 1771 470 EXPOSITIO
1797 398 1861 455 IN
1901 396 2220 457 PSALMUM
2264 400 2489 459 XLVIII.

3482 406 3585 466 234

2009 510 2311 566 insanientes
2333 514 2452 583 facti
2492 522 2610 568 sunt
2635 515 2655 585 (
2681 514 2789 570 θεν.
2821 516 2874 571 5.
2902 516 2935 572 8
2962 516 3016 588 );
3043 516 3131 574 hic
3157 532 3283 575 vero
3310 519 3587 591 :Cognaui‘t

2011 601 2098 656 bos
2141 619 2476 673 possessorem
2517 621 2663 660 suum
2689 648 2705 674 ,
2760 610 3007 663 et‘asinus
3033 626 3256 681 prtesepe
3290 613 3480 667 domini
3502 615 3581 668 sui

2016 693 2169 765 (lsai.
2207 696 2258 749 l.
2290 693 2405 767 5),
2457 697 2700 752 acerbius
2725 712 2888 769 quam
2930 700 3096 755 David
3143 702 3386 773 loquens.
3425 705 3588 761 David

2011 787 2151 841 enim
2184 786 2349 842 dicit:
2381 787 2711 860 Comparatus
2752 800 2824 845 est
2856 793 3103 861 jumentis
3133 794 3478 866 insipientibus
3502 840 3516 865 ,
3544 809 3591 853 et

2010 877 2189 931 similis
2228 878 2391 947 factus
2417 879 2555 948 illis;
2586 880 2675 935 ille
2720 891 2898 937 autem
2930 883 3059 939 dicit
3099 900 3192 941 eos
3220 886 3392 945 fuisse
3422 892 3591 960 magis

2009 980 2257 1036 eXpertes
2306 970 2527 1025 rationis
2554 986 2713 1042 quam
2761 973 2961 1028 bruta:
3003 976 3090 1031 illa
3140 979 3322 1045 enim,
3374 982 3590 1050 inquit,

2008 1070 2367 1127 cognoverunt
2394 1078 2775 1132 possessorem,
2799 1061 2964 1121 Israel
2980 1083 3206 1136 vero,me
3224 1087 3323 1126 non
3341 1075 3588 1144 cognovit.

2085 1149 2139 1204 8.
2170 1151 2308 1205 Alibi
2337 1167 2552 1223 quoque
2581 1155 2715 1210 alius
2749 1156 2964 1225 quidam
2993 1158 3075 1212 vir
3114 1161 3329 1230 sapiens
3351 1204 3366 1229 ,
3410 1174 3591 1219 osten-

2014 1238 2148 1295 dens
2181 1241 2267 1297 vel
2292 1242 2529 1299 formicis
2555 1259 2675 1301 esse
2722 1245 3043 1305 deteriorem
3087 1252 3259 1306 virum
3299 1255 3504 1324 pigrum
3536 1265 3592 1313 et

2014 1329 2251 1387 desidem
2272 1374 2287 1399 ,
2324 1342 2379 1390 et
2422 1336 2533 1391 otio
2556 1336 2896 1408 languentem
2920 1381 2938 1408 ,
2982 1356 3107 1396 eum
3152 1343 3277 1399 illuc
3303 1345 3503 1413 mittit,
3534 1356 3593 1401 ut

2009 1421 2181 1478 discat
2199 1438 2319 1480 esse
2358 1425 2652 1483 laboriosus
2683 1446 2697 1483 :
2736 1427 2896 1497 Vade,
2916 1430 3120 1499 dicens,
3152 1434 3222 1488 ad
3249 1435 3495 1504 fornicum
3514 1478 3529 1503 ,
3556 1454 3587 1492 ο

2012 1515 2152 1585 piger
2171 1556 2186 1582 ,
2217 1525 2265 1570 et
2289 1517 2491 1573 imitare
2512 1520 2620 1575 vias
2644 1521 2755 1591 eius
2780 1521 2801 1595 (
2822 1521 2981 1578 Prov.
3014 1525 3068 1581 6.
3098 1526 3255 1598 6-8).
3283 1527 3390 1583 Illa
3436 1532 3588 1599 enim,

2012 1619 2127 1658 cum
2153 1622 2242 1660 nec
2265 1623 2445 1678 agrum
2472 1612 2666 1665 cultum
2696 1612 2875 1667 habeat
2892 1655 2908 1681 ,
2934 1632 3026 1670 nec
3061 1617 3124 1671 sit
3143 1618 3229 1686 qui
3257 1635 3368 1673 eam
3405 1631 3589 1691 cogat,

2013 1714 2103 1752 nec
2126 1698 2316 1753 domini
2345 1702 2555 1771 imperio
2577 1713 2784 1774 pareat,
2815 1717 2963 1776 parat
2997 1719 3169 1764 aestate
3188 1711 3480 1766 alimentum
3498 1754 3512 1779 ,
3544 1723 3593 1768 et

2015 1799 2235 1860 tempore
2283 1794 2453 1848 messis
2491 1797 2651 1850 multa
2697 1800 2915 1869 reponit.
2966 1800 3172 1858 Rursus
3217 1812 3392 1859 autem
3439 1806 3592 1875 jubet

2015 1879 2095 1935 ire
2122 1880 2188 1936 ad
2217 1897 2371 1952 apem
2404 1899 2420 1937 :
2452 1882 2791 1956 Proﬁciscere
2808 1891 2877 1943 ad
2905 1907 3082 1962 apem,
3124 1900 3176 1947 et
3216 1893 3349 1949 disce
3375 1894 3513 1967 quod
3532 1912 3592 1951 ea

2015 1973 2080 2027 sit
2097 1975 2347 2043 operaria.
2391 1976 2532 2030 Nam
2580 1979 2885 2052 principium
2928 1981 3194 2037 dulcorum
3218 1988 3413 2058 fructus
3441 1987 3551 2058 ejus
3574 2029 3589 2051 ,

2011 2065 2154 2134 cujus
2200 2066 2394 2122 labores
2439 2085 2581 2141 reges
2632 2079 2680 2125 et
2730 2073 2911 2141 privati
2943 2074 3012 2127 ad
3050 2076 3317 2131 sanitatem
3368 2077 3592 2145 afferunt

2012 2154 2215 2224 (Ereti.
2260 2159 2349 2214 il.
2391 2160 2427 2214 5
2455 2158 2495 2231 ).
2523 2162 2676 2217 Alius
2701 2177 2830 2218 vero
2864 2163 3021 2220 dicit:
3046 2165 3312 2239 Principes
3344 2172 3417 2224 tui
3444 2180 3593 2225 tam-

2011 2262 2163 2316 quam
2197 2247 2304 2318 lupi
2332 2250 2531 2305 Arabiaz
2571 2251 2847 2323 (Sophon.
2890 2256 2946 2310 5.
2993 2258 3027 2313 5
3056 2258 3099 2327 ).
3148 2259 3216 2313 Et
3250 2261 3385 2315 alius
3423 2279 3438 2315 :
3478 2262 3594 2318 Se—

2015 2336 2140 2391 disti
2162 2339 2215 2392 in
2250 2340 2445 2395 deserto
2466 2383 2480 2407 ,
2510 2351 2765 2411 tamquam
2787 2348 2967 2402 cornia:
2992 2348 3125 2422 (Jer.
3143 2350 3196 2405 5.
3212 2350 3291 2422 2).
3318 2351 3589 2409 Zachariae

2012 2436 2189 2483 autem
2230 2429 2371 2485 ﬁlius
2398 2431 2529 2487 dicit
2567 2450 2580 2486 :
2616 2434 2917 2505 Serpentes,
2963 2440 3217 2509 genimina
3262 2443 3586 2513 viperarum,

2011 2520 2122 2590 quis
2149 2520 2532 2577 vobisostendit
2560 2528 2783 2596 fugerea
2814 2537 3024 2583 uentura
3046 2533 3128 2585 ira
3157 2534 3176 2603 (
3206 2532 3392 2588 Mettius
3418 2535 3469 2589 5.
3489 2536 3543 2606 7)
3566 2537 3599 2590 ?-

2013 2608 2083 2664 Et
2106 2610 2242 2667 alius
2276 2627 2503 2668 rursus:
2543 2614 2653 2670 Ova
2692 2619 2931 2688 aspidem
2971 2632 3219 2692 ruperunt
3242 2664 3259 2691 ,
3301 2636 3349 2680 et
3393 2642 3601 2682 aranete-

2014 2700 2164 2756 telam
2189 2712 2367 2758 texunt
2392 2703 2544 2778 (Isai.
2572 2706 2662 2762 59.
2689 2707 2770 2779 5).
2799 2709 2937 2764 Alibi
2964 2721 3140 2768 autem
3161 2714 3300 2769 idem
3332 2719 3589 2785 propheta

2013 2791 2138 2847 dicit
2161 2811 2174 2846 :
2212 2792 2463 2850 Venenum
2480 2797 2717 2870 aspidum
2731 2799 2822 2854 sub
2839 2799 2986 2856 labiis
3002 2818 3171 2857 eorum
3186 2804 3352 2876 (Psal.
3368 2808 3491 2862 1'59.
3506 2808 3588 2877 Δ).

2013 2885 2083 2940 Et
2103 2902 2285 2942 rursus
2301 2903 2319 2942 :
2334 2885 2426 2942 Ira
2452 2892 2527 2945 eis
2549 2892 2621 2944 ad
2634 2891 3017 2947 similitudinem
3034 2899 3276 2965 serpentis
3301 2898 3473 2971 (Psal.
3496 2902 3584 2957 57.

2016 2975 2100 3049 ε).
2121 2977 2251 3033 Tale
2275 2988 2358 3035 est
2386 2981 2527 3035 enim
2557 2982 2739 3037 vitium
2768 3000 2783 3038 :
2810 2998 2935 3039 eum
2959 2986 3048 3056 qui
3076 2987 3198 3043 talis
3219 2999 3303 3044 est
3319 2999 3372 3045 et
3393 3000 3585 3060 tantus,

2013 3076 2200 3138 totque
2223 3068 2611 3129 diadematibus
2632 3084 2938 3143 coronatus,
2969 3079 3272 3152 eoaredigit,
3300 3090 3359 3137 ut
3385 3083 3456 3139 sit
3482 3099 3589 3140 non

2014 3162 2189 3216 minus
2215 3162 2460 3233 ignobilis
2487 3179 2647 3235 quam
2667 3166 2843 3223 bruta.
2863 3167 2933 3223 Et
2959 3155 3082 3225 ideo.
3100 3170 3150 3226 in
3179 3175 3430 3242 prmsenti
3458 3191 3591 3246 quo-

2014 3269 2118 3325 que
2144 3254 2356 3311 Psalmo
2400 3272 2521 3311 cum
2572 3258 2819 3329 elegisset
2844 3260 2952 3316 duo
2986 3262 3098 3318 vitii
3129 3279 3321 3335 genera
3345 3306 3361 3332 ,
3391 3275 3446 3322 et
3485 3268 3607 3325 alia;

2013 3347 2339 3403 auditoribus
2358 3348 2659 3419 reliquisset
2680 3351 2997 3423 colligenda,
3029 3370 3122 3410 eos
3145 3357 3237 3427 qui
3270 3358 3381 3413 illis
3404 3366 3603 3415 tenem

2014 3447 2102 3493 tur
2129 3439 2200 3494 ita
2232 3441 2434 3510 pungit.
2486 3441 2621 3509 Quid
2656 3443 2797 3497 enim
2844 3442 3004 3500 fuerit
3040 3461 3077 3500 a
3118 3448 3324 3504 ratione
3368 3450 3593 3505 alienius

2015 3530 2247 3595 homine,
2276 3532 2368 3602 qui
2395 3541 2597 3589 temere
2620 3542 2674 3588 et
2697 3548 2817 3589 cum
2846 3536 2927 3589 sui
2950 3536 3139 3607 capitis
3161 3538 3301 3593 malo
3326 3554 3388 3594 ac
3404 3540 3592 3596 discri-

2015 3621 2161 3678 mine
2189 3621 2371 3679 orbem
2404 3630 2561 3677 terrae
2587 3625 2868 3692 percurrit,
2901 3635 2955 3681 et
2982 3627 3394 3684 innumerabiles
3424 3646 3589 3701 pecu-

2015 3716 2133 3771 nias
2158 3715 2378 3786 colligit,
2414 3730 2521 3773 non
2564 3716 2688 3783 sibi,
2722 3717 2815 3772 sed
2853 3718 2971 3773 aliis
2994 3710 3104 3775 'sibi
3130 3737 3236 3775 non
3267 3722 3425 3791 notis,
3448 3737 3607 3794 saepe-

2014 3818 2191 3863 autem
2255 3810 2495 3865 hostibus
2563 3822 2619 3867 et
2672 3810 3130 3867 insidiatoribus?
3171 3814 3335 3869 Recte
3410 3828 3585 3871 autem

2016 3899 2149 3954 dixit
2178 3916 2191 3951 :
2223 3899 2525 3972 Relinquent
2562 3904 2741 3957 alienis
2773 3902 2975 3958 divitias
3001 3920 3137 3959 suas.
3168 3904 3301 3970 Quid
3339 3915 3421 3960 est
3447 3908 3588 3961 enim

2017 3990 2250 4056 Stultius,
2284 4007 2444 4061 quam
2486 4002 2545 4047 ut
2586 3994 2641 4048 hi
2683 3994 2901 4061 faciunt,
2923 3993 3134 4052 labores
3156 3995 3365 4068 quidem
3390 4007 3443 4050 et
3469 4012 3590 4067 pec-

2018 4091 2157 4148 cata,
2190 4096 2309 4151 quae
2338 4082 2392 4137 iu
2429 4082 2514 4138 bis
2550 4085 2861 4156 colligendis
2886 4088 3252 4156 admittuntur,
3284 4090 3587 4162 suscipere,

2020 4173 2212 4229 alienis
2248 4189 2376 4229 vero
2408 4190 2598 4231 eorum
2644 4178 2919 4234 usufructu
2968 4180 3198 4236 cedere?
3225 4182 3426 4239 Deinde
3467 4200 3609 4239 cum-

2019 4279 2204 4321 amore
2233 4267 2472 4336 pecunia:
2501 4268 2713 4323 inanem
2741 4285 2950 4340 quoque
2991 4272 3212 4343 gloriam
3242 4274 3509 4330 adducens
3535 4277 3587 4331 in

2018 4354 2274 4423 medium,
2302 4370 2396 4411 eos
2435 4359 2619 4428 pungit
2644 4359 3129 4428 vehementissime,
3160 4363 3382 4418 dicens:
3424 4364 3600 4420 Voca--~

2018 4456 2191 4502 verunt
2212 4451 2417 4503 nomina
2438 4467 2530 4505 sua
2556 4451 2609 4505 in
2630 4453 2773 4506 terris
2793 4455 2918 4509 suis.
2957 4453 3206 4521 Quidrhis
3236 4472 3419 4511 rursus
3445 4467 3526 4512 est
3552 4473 3581 4511 a

2018 4542 2225 4596 ratione
2245 4542 2491 4610 alienius,
2518 4542 2607 4613 qui
2624 4544 2899 4615 lapidibus
2927 4546 3165 4615 et-alignis
3192 4556 3248 4601 et
3285 4547 3589 4603 inanimatze

2021 4635 2258 4691 materia:
2283 4649 2433 4690 suam
2467 4637 2806 4692 committunt
2839 4640 3152 4695 memoriam
3173 4681 3188 4707 ,
3230 4648 3287 4695 et
3322 4644 3589 4711 pr0priam

2022 4726 2248 4783 credunt
2272 4728 2539 4798 gloriam?
2570 4730 2792 4799 Aliquos
2809 4730 2951 4785 enim
2982 4731 3137 4786 bonis
3164 4734 3409 4788 omnibus
3434 4749 3589 4789 ever-

2025 4825 2220 4883 terunt,
2260 4819 2442 4875 viduas
2484 4820 2821 4889 spoliarunt,
2852 4833 2907 4877 et
2948 4823 3268 4893 pupillorum
3316 4823 3597 4881 facultates

2023 4911 2379 4980 diripuerunt,
2402 4920 2460 4965 ut
2488 4914 2655 4967 vermi
2684 4913 2899 4969 domum
2938 4915 3176 4971 facerent
3216 4917 3547 4987 splendidam
3571 4961 3587 4985 ,

2024 5001 2285 5071 tiuezeque
2310 5010 2367 5056 et
2391 5002 2716 5073 corruptioni
2752 5005 3064 5075 magniﬁcos
3095 5007 3322 5063 ambitus
3360 5009 3591 5064 aediﬁca-

2022 5099 2158 5157 rent,
2178 5092 2320 5162 quod
2346 5093 2652 5149 existiment
2673 5110 2824 5151 suam
2853 5111 2948 5166 per
2967 5112 3029 5151 ea
3057 5096 3297 5153 futuram
3316 5099 3590 5154 immorta-

2022 5180 2126 5237 lem
2154 5184 2623 5255 memoriam,qu:e
2650 5201 2904 5257 neparvo
2928 5187 3137 5258 quidem
3163 5199 3433 5246 momento
3458 5200 3589 5245 tem-

2022 5275 2169 5345 poris
2207 5285 2492 5345 potuerunt
2528 5292 2750 5348 corpora
2790 5279 3041 5337 retinere.
3073 5281 3158 5336 M.
3193 5281 3319 5336 Herc
3354 5284 3435 5337 via
3475 5283 3590 5337 illo-

2022 5381 2135 5418 rum
2163 5364 2457 5419 scandalum
2471 5367 2627 5437 ipsis.
2655 5367 2906 5435 Quaenam
2935 5380 3047 5436 est,
3079 5387 3259 5441 quaeso
3283 5413 3297 5437 ,
3332 5372 3443 5427 hanc
3468 5373 3590 5427 via?

2023 5452 2264 5512 Studium
2293 5457 2433 5526 quod
2454 5458 2505 5511 in
2532 5472 2620 5513 res
2639 5458 2895 5527 ejusmodi
2918 5460 3207 5527 confertur,
3227 5477 3391 5517 vanus
3417 5462 3588 5533 labor,

2025 5545 2210 5601 insana
2242 5548 2478 5617 pecunia:
2520 5548 2778 5605 habendas
2807 5552 3098 5622 cupiditas,
3141 5554 3451 5610 insatiabilis
3476 5557 3585 5628 gloo

2024 5638 2122 5694 ria:
2146 5638 2375 5695 ebrietas
2403 5657 2419 5700 :
2441 5651 2497 5697 et
2522 5652 2645 5699 ante
2666 5641 2922 5708 futurum,
2951 5645 3140 5714 inquit,
3172 5647 3481 5718 supplicium
3505 5648 3588 5705 hic

2028 5728 2087 5784 ﬁt
2109 5730 2188 5785 eis
2207 5731 2515 5788 scandalum
2545 5746 2599 5789 et
2624 5734 3075 5804 impedimentum.
3103 5736 3217 5791 Non
3248 5753 3468 5807 parvum
3494 5740 3589 5811 igi-

2030 5832 2115 5878 tur
2141 5823 2511 5883 oﬂ'endiculum
2539 5868 2554 5897 ,
2602 5842 2708 5884 non
2733 5841 2954 5899 parvum
2984 5826 3453 5900 impedimentum,
3473 5844 3601 5889 non:
