4108 6344
508 377 614 436 235

515 505 734 567 parvum
760 486 1092 544 obstaculum
1116 482 1234 540 haec
1259 483 1343 537 via
1367 490 1452 537 est
1478 480 1548 536 ad
1567 479 1935 551 operationem
1975 478 2084 532 vir-

515 585 661 641 tutis.
693 582 757 638 Et
785 580 905 637 ideo
927 579 1076 646 dicit,
1107 575 1232 632 Hac
1254 576 1336 630 uia
1358 575 1567 632 illorum
1608 572 1904 627 scandalum
1941 571 2086 642 ipsis.

519 678 687 732 iiecte
719 681 897 728 autem
940 671 1074 726 dixit
1100 669 1236 724 hanc
1262 668 1403 722 viam
1440 680 1560 722 esse
1602 665 1730 735 ipsis
1756 665 2085 719 scandalum.

511 766 758 836 Sibiipsis
774 763 985 819 vincula
1015 760 1278 831 injiciunt,
1301 758 1506 827 seipsos
1527 756 1838 826 impediunt.
1863 754 1931 808 Et
1951 765 2090 824 posto

513 878 573 918 ea
597 860 651 914 in
676 874 764 913 ore
788 873 878 913 suo
903 853 1297 926 complacebunt.
1321 851 1433 906 iloc
1469 850 1610 921 quod
1653 850 1823 916 dixit,
1853 858 1936 904 est
1971 863 2091 919 gra-

509 952 787 1020 vissimum
815 989 832 1016 ,
865 957 919 1006 et
947 961 1106 1003 causa
1140 954 1456 1001 cmterorum
1507 944 1791 1000 malorum.
1819 943 1919 1012 Qui
1945 942 2086 999 enim

515 1045 569 1100 in
601 1043 685 1102 his
713 1049 962 1112 peccant,
987 1049 1040 1094 et
1059 1037 1396 1108 delinquunt,
1422 1046 1474 1091 et
1497 1035 1633 1090 adeo
1663 1035 1966 1106 desipiunt,
1998 1049 2088 1090 sed

511 1138 659 1206 ipsos
702 1136 886 1192 felices
933 1147 998 1189 ac
1047 1132 1235 1188 beatos
1294 1145 1416 1186 esse
1469 1129 1702 1195 ducunt,
1751 1129 2088 1184 aemulatione

512 1227 721 1298 dignos,
753 1233 808 1280 et
835 1224 899 1280 iis
941 1239 1060 1294 qua:
1115 1222 1252 1278 ﬁunt
1279 1221 1611 1277 delectantur
1641 1238 1655 1275 :
1689 1221 1873 1276 vitium
1911 1231 2088 1276 autem

511 1317 656 1388 quod
683 1316 928 1372 laudatur
944 1317 1013 1371 ab
1042 1316 1110 1370 iis
1136 1317 1227 1386 qui
1251 1330 1317 1370 eo
1338 1315 1600 1381 laborant,
1618 1315 1895 1369 considera
1922 1330 2089 1385 quan:

510 1421 620 1464 tam
643 1409 764 1465 facit
791 1409 1151 1464 accessionem
1171 1409 1326 1462 malae
1353 1407 1672 1476 cupiditatis.
1704 1407 1762 1462 Si
1790 1407 1932 1463 enim
1961 1408 2089 1462 dum

511 1501 880 1570 vituperatur,
911 1499 1039 1554 dum
1083 1498 1294 1569 probris
1336 1497 1601 1563 afﬁcitur,
1631 1496 1759 1552 dum
1810 1498 2088 1567 arguitur,

513 1595 641 1651 dum
668 1595 735 1651 ab
763 1594 878 1665 ejus
907 1593 997 1664 qui
1031 1593 1195 1648 sobrii
1222 1591 1454 1647 hominis
1477 1593 1849 1662 cogitationem
1876 1605 2092 1661 paruma

512 1703 610 1756 per
643 1686 884 1756 suscipit,
911 1683 1238 1741 conscientia
1285 1683 1597 1754 ﬂagellatur,
1634 1683 1765 1738 dum
1803 1683 2086 1748 laceratur,

515 1786 573 1834 et
605 1777 728 1832 odio
775 1776 1036 1844 habetur,
1081 1774 1216 1830 adeo
1262 1785 1439 1831 tamen
1487 1774 1824 1844 impudenter
1849 1774 2008 1845 viget,
2035 1779 2090 1829 et

511 1866 807 1933 invalescit,
833 1876 888 1922 et
913 1867 964 1922 in
988 1867 1103 1922 dies
1118 1875 1340 1936 augetur
1368 1883 1383 1920 :
1413 1864 1625 1936 quando
1651 1878 1755 1920 non
1783 1865 1956 1920 solum
1981 1879 2091 1921 non

510 1960 708 2015 fuerint
733 1974 852 2029 quae
882 1957 1221 2030 prohibeant,
1247 1972 1440 2028 nempe
1469 1954 1738 2012 accusatio
1759 1995 1774 2022 ,
1813 1956 2092 2011 conscien-

509 2053 600 2108 ti:e
627 2051 1002 2121 reprehensio,
1029 2057 1301 2120 gestorum
1328 2048 1596 2117 correptio
1616 2088 1631 2113 ,
1664 2047 1734 2102 de
1769 2046 2090 2102 facinoribus

508 2143 840 2214 poenitentia,
866 2141 1050 2208 rubor,
1078 2139 1270 2211 pudor,
1289 2139 1444 2195 ﬁctus
1465 2153 1528 2194 ac
1556 2139 1829 2209 lacrymat,
1853 2136 1945 2193 sed
1975 2153 2092 2193 om-

512 2235 640 2288 nino
670 2242 876 2297 contra,
897 2233 1104 2302 seipsos
1132 2231 1294 2286 etiam
1325 2229 1541 2284 laudant
1563 2229 1653 2298 qui
1675 2228 1968 2293 faciunt,et
1991 2229 2090 2284 sibi

509 2324 750 2379 encomia
775 2330 1124 2392 componunt,
1155 2331 1210 2377 et
1229 2337 1294 2375 eo
1317 2321 1433 2390 ipso
1463 2334 1522 2374 se
1545 2320 1666 2376 aliis
1690 2319 1945 2375 meliores
1971 2333 2092 2375 esse

509 2413 730 2481 ducunt,
757 2423 810 2468 et
827 2421 1104 2483 postquam
1130 2411 1375 2480 fecerint,
1394 2411 1608 2465 laudant
1630 2425 1694 2465 ea
1708 2425 1827 2480 quae
1857 2410 2094 2466 fecerunt

511 2511 530 2576 (
562 2509 663 2564 hoc
699 2509 843 2565 enim
893 2509 995 2564 sibi
1038 2509 1151 2564 vult
1188 2508 1316 2563 illud
1340 2549 1356 2574 ,
1388 2507 1455 2562 Et
1483 2510 1537 2562 in
1566 2523 1652 2563 ore
1677 2523 1768 2562 suo
1806 2509 2091 2579 complace-

510 2599 661 2671 bunt)
695 2619 709 2656 :
741 2616 847 2671 quo
895 2614 1001 2655 non
1028 2600 1064 2654 ii
1103 2599 1468 2655 deﬁexerint?
1511 2599 1645 2655 Sunt
1667 2600 1806 2654 enim
1841 2607 1986 2654 tanto
2010 2599 2094 2654 1⁵η-

509 2709 633 2750 rore
658 2693 866 2764 perciti,
908 2700 962 2747 et
989 2692 1123 2748 adeo
1145 2701 1338 2748 emota:
1365 2693 1584 2758 mentis,
1615 2701 1673 2747 ut
1697 2693 1856 2748 etiam
1882 2694 2093 2764 quando

514 2801 663 2844 suam
690 2787 960 2844 libidinem
987 2785 1340 2857 expleverint,
1362 2785 1572 2857 quando
1601 2799 1693 2841 eos
1719 2786 1960 2842 videntes
1989 2787 2094 2841 ini-

510 2880 764 2948 quitatem
793 2886 1062 2950 Oporteret
1092 2878 1426 2942 erubescere,
1458 2878 1743 2946 exsultant,
1762 2893 1820 2934 se
1844 2877 2090 2946 efferunt,

511 2971 580 3032 de
615 2971 848 3026 facinore
886 2970 1236 3025 delectantur.
1261 2969 1391 3024 Tale
1419 2979 1500 3024 est
1532 2970 1673 3025 enim
1704 2977 1977 3039 peccatum
1997 3009 2012 3032 ,
2035 2977 2094 3024 ut

509 3062 812 3134 priusquam
835 3060 1027 3116 factum
1059 3061 1148 3128 sit,
1164 3075 1313 3116 suam
1335 3061 1473 3116 velet
1497 3061 1892 3131 turpitudinem,
1915 3061 2091 3116 ebrie-

509 3163 617 3209 tate
658 3153 944 3223 voluptatis
985 3167 1134 3206 suam
1160 3153 1414 3222 obtegens
1459 3152 1904 3208 abominationem
1942 3169 1957 3206 :
1997 3152 2092 3209 sed

508 3253 788 3314 postquam
829 3243 1021 3298 factum
1049 3242 1226 3310 fuerit,
1251 3254 1307 3298 et
1343 3243 1572 3298 libidinis
1613 3244 1824 3314 quidem
1848 3244 2092 3314 voluptas

511 3348 797 3403 parumper
840 3334 1097 3400 cesserit,
1125 3334 1465 3389 conscientia:
1491 3344 1670 3390 autem
1697 3337 1965 3391 accusatio
2005 3336 2088 3390 in-

510 3424 751 3491 vaserit,
799 3424 995 3479 nudam
1039 3425 1300 3479 rationem
1345 3425 1654 3495 ﬁagellans,
1689 3435 1815 3481 tunc
1855 3428 2089 3484 maxime

510 3515 752 3570 cernitur
781 3530 939 3584 quam
985 3515 1054 3570 sit
1097 3515 1475 3585 perniciosum.
1524 3517 1590 3572 Hi
1634 3525 1810 3573 autem
1841 3531 1940 3574 nec
1967 3529 2090 3576 tunc

513 3607 727 3674 quidem
757 3615 1035 3676 postquam
1065 3623 1123 3661 se
1153 3608 1520 3677 expleverint,
1555 3609 1648 3665 sed
1694 3621 1973 3682 postquam
2004 3613 2088 3666 vi-

512 3699 688 3752 derint
725 3714 854 3770 opes
904 3710 1279 3767 coacervatas,
1331 3702 1573 3769 sepulcra
1611 3703 1866 3771 excitata,
1913 3705 2090 3760 inania

517 3790 740 3844 a-diticia
772 3790 1048 3860 perfecta,
1093 3807 1215 3846 cum
1252 3803 1524 3861 oporteret
1570 3809 1663 3849 eos
1706 3799 1984 3867 compungi
2027 3812 2091 3854 ac

516 3881 733 3946 deﬂere,
763 3891 883 3951 post
911 3881 1027 3937 haec
1053 3883 1237 3950 etiam,
1268 3883 1372 3939 hoc
1395 3893 1476 3939 est
1497 3894 1614 3955 post
1637 3900 1790 3956 opus,
1811 3901 2089 3958 pOStquam

513 3986 600 4026 res
643 3969 803 4028 fuerit
843 3971 1161 4042 adimpleta,
1210 3981 1338 4029 tunc
1386 3974 1560 4029 adhuc
1595 3978 1763 4046 magis
1807 3987 2088 4048 aagrotant.

513 4061 802 4132 Postquam
848 4077 975 4134 ergo
1026 4064 1157 4118 nihil
1203 4066 1282 4120 eis
1334 4066 1580 4122 relictum
1623 4078 1706 4122 est
1735 4085 1800 4124 ex
1831 4071 1960 4141 ipsis
1999 4087 2088 4127 re-

511 4153 695 4219 medii,
725 4165 850 4209 tunc
877 4163 1045 4209 restat
1063 4156 1273 4210 utDeus
1300 4166 1622 4226 exsequatur
1643 4159 1783 4228 quod
1811 4171 1963 4215 suum
1985 4171 2087 4216 est.

585 4245 641 4300 9.
670 4244 1132 4310 Quemadmodum
1151 4246 1293 4302 enim
1313 4247 1405 4316 qui
1425 4248 1630 4317 seipsos
1647 4249 2003 4306 condemnant
2020 4253 2090 4308 ob

518 4346 738 4406 peccata
770 4353 801 4392 a
830 4353 888 4392 se
909 4337 1162 4404 admissa,
1180 4354 1300 4408 qua:
1326 4354 1356 4392 a
1395 4339 1505 4395 Deo
1535 4341 1754 4397 ferenda
1794 4351 1938 4398 esset
1963 4360 2089 4399 sen-

516 4428 734 4482 tentiam
760 4428 1112 4497 anticipantes
1131 4431 1352 4497 evitant,
1367 4433 1504 4486 sicut
1528 4433 1690 4488 etiam
1711 4434 1839 4490 dicit
1859 4436 2085 4490 Paulus:

521 4519 585 4573 Si
609 4520 740 4573 enim
767 4524 998 4588 nosipaos
1012 4520 1383 4591 judicarcmtta,
1414 4539 1514 4577 non
1542 4525 1710 4596 utique
1751 4526 2091 4587 iudicaremur

525 4610 602 4679 (l.
630 4607 748 4664 Cor.
773 4610 860 4664 11.
878 4609 971 4679 51)
1000 4626 1013 4663 :
1037 4611 1110 4666 ita
1136 4625 1361 4680 quorum
1391 4620 1500 4667 tam
1527 4616 1703 4684 gravis
1725 4624 1808 4671 est
1831 4618 2046 4674 morbus
2068 4659 2086 4685 ,

529 4710 591 4756 ut
610 4700 754 4756 nulla
775 4701 1035 4755 ducantur
1065 4701 1383 4772 pauitantia
1409 4743 1423 4769 ,
1453 4712 1509 4759 et
1537 4716 1816 4774 peccantes
1838 4721 1932 4763 sua
1961 4722 2088 4778 pec-

521 4803 637 4850 cata
664 4806 770 4847 non
795 4791 1182 4858 condemnem,
1210 4793 1304 4848 Dei
1334 4793 1388 4848 in
1415 4808 1476 4850 se
1498 4797 1812 4866 supplicium
1833 4811 1956 4854 cum
1977 4815 2090 4855 ma-

519 4884 663 4938 xima
706 4882 1043 4938 vehementia
1089 4883 1386 4939 attrahunt.
1430 4885 1691 4954 Quoniam
1747 4903 1875 4959 ergo
1915 4891 1951 4946 ii
1999 4891 2090 4962 qui

521 4975 696 5031 aliena
733 4975 966 5046 rapiunt,
996 4977 1082 5032 vel
1119 4978 1210 5048 qui
1256 4992 1353 5035 sua
1403 4987 1603 5037 temere
1646 4982 2006 5052 profundunt,
2037 4993 2093 5041 et

523 5081 642 5136 quas
667 5065 720 5121 in
751 5080 1014 5136 pauperes
1038 5081 1261 5139 erogare
1285 5079 1578 5139 Oporteret,
1615 5072 1667 5126 in
1688 5075 1950 5142 sepulcra,
1972 5092 2093 5132 ver-

522 5170 639 5212 mes
659 5166 714 5213 et
735 5157 906 5212 tineas
924 5169 1277 5226 consumunt,
1308 5168 1364 5216 et
1394 5176 1495 5217 nec
1517 5177 1702 5218 eorum
1730 5165 1942 5236 quidem
1973 5184 2090 5238 qua:

525 5247 771 5302 fecerunt
813 5247 919 5302 ulla
964 5256 1252 5318 tanguntur
1279 5250 1610 5320 paenitentia,
1641 5253 1733 5309 sed
1777 5265 1992 5311 manent
2018 5272 2088 5310 ai-

521 5337 661 5405 groti
685 5336 1144 5394 immedicabiliter
1175 5357 1187 5394 :
1223 5340 1348 5396 audi
1375 5342 1502 5411 quid
1527 5343 1780 5416 deinceps
1807 5345 1917 5400 flat.
1954 5347 2090 5414 Quid

523 5444 652 5498 ergo
690 5429 790 5484 ﬁt?
833 5430 876 5484 Α
908 5431 1023 5488 Deo
1053 5431 1334 5488 traduntur
1374 5436 1671 5505 supplicio;
1717 5448 1771 5493 et
1818 5431 2093 5496 ideo'sub—

520 5520 696 5588 junxit
741 5538 756 5574 :
803 5521 890 5577 l5.
942 5521 1088 5577 Sicut
1126 5538 1243 5577 oues
1285 5523 1339 5577 in
1377 5523 1576 5595 inferno
1609 5528 1756 5597 positi
1783 5539 1930 5596 sunt;
1959 5546 2092 5588 mora

523 5612 756 5682 deposcet
788 5631 918 5670 eos:
955 5631 1061 5672 non
1115 5616 1204 5673 hic
1248 5620 1706 5679 mansuetudinem
1751 5637 1848 5695 per
1895 5640 2087 5684 nomen

525 5719 702 5761 ovium
729 5706 1030 5777 significans
1065 5708 1082 5778 (
1121 5709 1246 5780 quid
1291 5711 1434 5767 enim
1485 5715 1653 5782 possit
1704 5715 1808 5772 illis
1846 5729 1965 5776 esse
1995 5736 2094 5777 sa:-

522 5793 662 5865 vius,
690 5797 776 5868 qui
800 5812 1090 5871 pauperum
1113 5800 1325 5872 quidem
1365 5803 1506 5861 nuda
1537 5821 1759 5878 corpora
1795 5819 1849 5866 ct
1876 5823 2087 5872 ventres

1199 368 1257 424 S.
1295 364 1576 424 JOANNIS
1609 361 2091 421 CHRYSOSTOMI
2129 354 2459 419 ARCHIEP.
2481 364 3014 424 CONSTANTl-NOP.

3655 375 3765 432 238

2195 477 2337 537 fame
2383 491 2602 538 enectos
2639 483 2956 554 despiciunt,
2985 485 3176 541 domos
3211 497 3388 544 autem
3417 495 3764 566 corruptioni,

2193 573 2360 627 vermi
2402 581 2456 628 et
2495 576 2650 630 tineae
2692 577 2970 647 magnifice
3010 581 3398 652 exstruunt?),
3428 583 3523 638 sed
3559 585 3767 644 facilem

2193 681 2378 721 eorum
2409 667 2702 734 interitum,
2730 672 3066 740 repentinum
3092 672 3333 740 exitium,
3361 685 3417 728 et
3439 691 3595 744 quam
3617 676 3758 736 facilt

2191 758 2304 826 capi
2331 759 2537 828 possint
2559 759 2627 814 ab
2649 761 2728 815 eis
2751 764 2842 832 qui
2863 763 2970 818 illis
2996 764 3331 820 insidiantur.
3362 766 3503 822 Nihil
3524 778 3608 824 est
3630 772 3766 826 enitr

2193 849 2510 906 imbecillius
2539 851 2775 920 homine,
2798 857 2889 923 qui
2918 855 2971 909 in
2991 856 3118 910 vitio
3141 857 3299 911 vitam
3330 860 3590 930 transigit.
3621 861 3762 927 Quoc

2191 941 2277 998 his
2305 959 2515 1014 quoque
2543 947 2753 1001 eveniet
2784 965 2797 1002 :
2828 955 2883 1002 et
2923 949 2994 1002 ita
3024 950 3403 1016 concidentur,
3439 953 3509 1006 ita
3541 953 3769 1010 funditus

2193 1033 2464 1103 peribunt,
2487 1044 2543 1090 et
2570 1047 2674 1090 tam
2702 1035 2858 1092 facile
2881 1037 3170 1094 devenient
3193 1039 3260 1094 ad
3286 1039 3504 1106 inferos,
3529 1049 3634 1097 tam
3654 1044 3770 1099 bre-

2191 1127 2362 1191 viter,
2405 1137 2510 1181 tam
2553 1128 2832 1198 expedite,
2864 1139 2969 1183 tam
3000 1130 3147 1185 nullo
3185 1132 3432 1202 negotio,
3462 1149 3620 1204 quam
3647 1150 3769 1190 oves

2195 1233 2314 1288 qua:
2334 1227 2652 1274 mactantur.
2681 1219 2793 1275 Hoc
2817 1229 2898 1276 est
2923 1237 3086 1288 mors,
3112 1223 3220 1276 imo
3242 1239 3371 1278 vero
3391 1239 3479 1279 res
3502 1234 3582 1279 est
3603 1237 3774 1282 morte

2192 1310 2454 1365 acerbior.
2481 1310 2610 1366 Post
2639 1311 2800 1366 talem
2835 1313 2976 1366 enim
3006 1323 3230 1368 mortem
3261 1329 3355 1369 eos
3381 1329 3526 1370 mors
3555 1316 3775 1371 immor-

2195 1403 2315 1457 talis
2343 1403 2590 1473 excipiet,
2620 1413 2675 1459 et
2704 1404 2824 1459 ideo
2853 1419 3113 1476 nusquam
3145 1407 3199 1460 in
3231 1407 3380 1462 sinus
3400 1409 3645 1475 Abrahzc,
3675 1426 3779 1467 nec

2193 1495 2249 1549 in
2278 1494 2439 1549 ullam
2469 1496 2625 1550 aliam
2655 1497 2925 1565 regionem
2966 1507 3256 1566 cernuntur
3283 1500 3534 1556 recedere
3553 1542 3568 1567 ,
3599 1500 3692 1556 sed
3721 1503 3774 1556 in

2192 1586 2453 1642 infernum
2479 1604 2493 1640 :
2519 1586 2620 1641 hoc
2646 1601 2836 1657 pmnte,
2862 1588 2964 1643 hoc
2988 1589 3251 1659 supplicii,
3280 1589 3382 1645 hoc
3409 1592 3601 1646 summi
3626 1592 3773 1646 exitii

2196 1693 2389 1734 nomen
2419 1689 2520 1733 est.
2553 1679 2622 1734 Et
2649 1680 2734 1734 hic
2760 1680 2907 1735 mors
2937 1697 3121 1737 eorum
3147 1683 3266 1737 vilis
3307 1693 3416 1746 est,
3445 1694 3500 1738 et
3533 1695 3773 1740 contem-

2192 1770 2365 1826 nenda
2397 1788 2410 1825 :
2441 1781 2496 1826 et
2537 1771 2644 1826 illic
2673 1772 2726 1827 in
2755 1772 3014 1842 supplicio
3042 1783 3278 1829 manent.
3323 1773 3397 1828 Ita
3433 1776 3592 1830 etiam
3631 1778 3774 1831 sole-

2192 1877 2311 1918 mus
2339 1862 2516 1918 dicere
2542 1863 2608 1918 de
2635 1864 2702 1918 iis
2729 1865 2819 1934 qui
2859 1864 3014 1920 facile
3058 1873 3284 1934 pereunt
3314 1882 3328 1919 :
3358 1865 3457 1921 ilic
3497 1867 3637 1921 sicut
3659 1867 3772 1922 ovis

2193 1954 2400 2008 occisus
2426 1965 2527 2009 est.
2558 1954 2691 2022 Quia
2721 1954 2862 2010 enim
2897 1957 3035 2011 sicut
3060 1956 3212 2011 bruta
3240 1956 3502 2023 vixerunt,
3534 1958 3689 2012 etiam
3719 1968 3773 2012 ut

2191 2045 2346 2100 bruta
2373 2055 2622 2115 pereunt,
2652 2062 2756 2101 non
2785 2046 3040 2102 habentes
3067 2047 3263 2102 bonam
3288 2064 3437 2118 spem
3458 2049 3525 2104 de
3548 2049 3771 2106 futuris:

2192 2151 2295 2192 nec
2319 2137 2421 2192 hoc
2447 2137 2619 2192 solum
2638 2179 2654 2203 ,
2697 2139 2794 2195 sed
2821 2139 2984 2195 etiam
3013 2153 3205 2211 magno
3233 2154 3418 2196 eorum
3445 2140 3606 2196 malo.
3632 2142 3774 2197 Mora

2192 2227 2425 2296 depascet
2451 2245 2556 2282 eos.

2266 2318 2444 2375 Perire
2467 2321 2687 2374 animam
2711 2320 2852 2392 quid.
2892 2321 3171 2376 Avartmtm
3196 2323 3410 2393 punitio.
3432 2352 3505 2363 —
3524 2323 3621 2378 Hic
3646 2325 3770 2380 mihi
3833 2375 3836 2378 .

2193 2410 2402 2467 videtur
2431 2422 2655 2467 mortem
2683 2413 2862 2467 dicere
2887 2412 3156 2467 interitum
3181 2414 3272 2484 qui
3303 2415 3409 2470 illic
3432 2424 3532 2480 est,
3563 2426 3618 2471 et
3644 2431 3772 2488 sup.

2194 2504 2434 2575 plicium,
2462 2503 2909 2575 quemadmodum
2933 2505 3091 2560 etiam
3115 2506 3238 2561 alibi
3263 2507 3391 2563 dicit
3420 2525 3434 2562 :
3457 2510 3638 2564 Anima
3663 2526 3776 2581 qua:

2196 2605 2402 2668 peccat,
2431 2598 2542 2667 ipsa
2571 2597 2750 2666 peribit
2775 2596 2793 2668 (
2815 2596 2998 2650 Επειδὴ.
3024 2597 3111 2653 18.
3137 2597 3244 2667 20)
3271 2617 3286 2654 :
3317 2615 3423 2654 non
3449 2612 3649 2656 natura:
3675 2617 3771 2657 ex.

2196 2687 2533 2742 stinctionem
2556 2728 2571 2752 ,
2612 2688 2708 2743 sed
2737 2703 2948 2758 paenam
2977 2689 3296 2760 significans.
3331 2691 3573 2746 Persistit
3597 2704 3774 2747 autem

2197 2780 2253 2834 in
2281 2779 2608 2849 metaphora.
2637 2779 2900 2847 Quoniam
2929 2781 3071 2835 enim
3099 2779 3233 2835 dixit
3257 2795 3403 2847 oves,
3435 2797 3616 2838 eorum
3643 2799 3777 2854 quo.

2197 2884 2301 2942 que
2331 2880 2598 2942 pastorem
2626 2872 2880 2927 ostendit.
2921 2871 3052 2940 Quis
3079 2882 3258 2928 autem
3287 2871 3376 2927 hic
3415 2872 3539 2928 est?
3567 2873 3773 2928 Verinis

2193 2975 2525 3030 venenatus,
2570 2965 2804 3020 tenebrae
2849 2980 3137 3036 numquam
3195 2974 3520 3034 cessaturae,
3569 2968 3774 3023 vincula

2194 3070 2315 3126 quae
2343 3055 2477 3110 solvi
2507 3065 2812 3124 nequeunt,
2845 3057 3044 3112 stridor
3079 3058 3341 3113 dentium.
3368 3057 3499 3114 Vide
3527 3074 3654 3130 ergo
3680 3075 3774 3114 eos

2195 3146 2427 3216 undique
2449 3147 2642 3216 puniri.
2673 3147 2730 3201 ln
2751 3147 2880 3214 vita,
2902 3148 3150 3218 quoniam
3175 3149 3254 3204 eis
3278 3149 3344 3202 ad
3371 3150 3617 3204 virtutem
3644 3150 3775 3203 alla-

2195 3245 2307 3293 tum
2336 3245 2421 3294 est
2448 3238 2884 3308 impedimentum
2905 3281 2921 3306 ,
2952 3240 3204 3310 quoniam
3231 3241 3341 3294 vitii
3367 3241 3507 3296 Servi
3538 3250 3590 3296 et
3619 3255 3772 3296 man-

2192 3331 2330 3400 cipia
2359 3330 2480 3385 facti
2510 3342 2653 3395 sunt,
2677 3342 2732 3386 et
2756 3346 3204 3402 supervacaneum
3226 3333 3606 3404 ridiculumqne
3635 3335 3784 3389 tabo-

2191 3438 2306 3478 rem
2327 3435 2707 3494 susceperunt;
2739 3426 2790 3478 in
2812 3434 3003 3491 morte,
3026 3426 3278 3496 quoniam
3298 3426 3397 3481 fuit
3422 3442 3568 3482 mors
3586 3441 3774 3482 eorum

2192 3516 2427 3586 vulgaris
2463 3527 2518 3572 et
2553 3517 2814 3588 ingloria;
2860 3519 2914 3573 in
2947 3527 3187 3588 tempore
3227 3529 3454 3572 mortem
3496 3529 3770 3588 sequente.

2192 3608 2440 3679 quoniam
2466 3620 2750 3680 perpetuus
2771 3623 2865 3664 eos
2889 3618 3035 3664 tenet
3058 3609 3321 3665 interitus.
3351 3608 3418 3665 Et
3443 3609 3774 3664 dominabun-

2193 3708 2276 3753 tur
2298 3715 2470 3754 eorum
2486 3701 2618 3770 justi
2640 3701 2692 3753 in
2714 3701 2976 3754 matutino.
3000 3700 3261 3768 Quoniam
3287 3702 3435 3756 multi
3459 3702 3769 3764 crassiores.

2194 3797 2250 3845 et
2276 3806 2383 3845 non
2412 3790 2531 3860 plus
2571 3805 2733 3846 sensu
2763 3791 2969 3861 praediti
2997 3806 3155 3862 quam
3181 3791 3415 3862 lapides,
3446 3806 3550 3846 non
3581 3792 3774 3847 habent

2193 3890 2394 3937 certam
2422 3891 2477 3936 et
2506 3881 2702 3936 claram
2743 3897 2892 3952 spem
2919 3882 2987 3938 de
3024 3883 3214 3938 futuris
3233 3923 3248 3949 ,
3279 3882 3374 3938 sed
3413 3882 3479 3938 iis
3502 3895 3621 3953 quae
3648 3895 3772 3938 sunt

2193 3975 2475 4045 praesentia
2500 4015 2515 4040 ,
2549 3983 2604 4030 et
2629 3990 2748 4044 qua:
2776 3974 3022 4030 videntur
3047 3975 3288 4042 inhiant,
3321 3990 3414 4030 eos
3443 3975 3774 4044 acnigmatice

2195 4067 2380 4136 tangit.
2403 4066 2602 4122 Deinde
2621 4082 2740 4121 cum
2763 4067 2944 4137 paucis
2964 4067 3137 4123 futura
3158 4068 3384 4123 obscure
3399 4068 3768 4138 signiﬁcasset,

2193 4160 2403 4214 confert
2443 4175 2628 4214 rursus
2670 4160 2966 4216 orationem
3006 4160 3074 4215 ad
3103 4170 3462 4231 contemptum
3506 4175 3688 4215 eorum
3719 4170 3773 4215 et

2195 4267 2405 4322 poenam
2431 4251 2486 4307 in
2513 4253 2618 4306 vita
2654 4253 2903 4322 prmsenti
2921 4292 2936 4319 ,
2969 4252 3256 4308 ostendens
3283 4267 3440 4324 quam
3466 4252 3572 4307 sint
3600 4251 3771 4307 imbe-

2193 4343 2300 4397 cilli
2321 4383 2337 4409 ,
2368 4342 2501 4398 viles
2521 4382 2536 4406 ,
2575 4341 2982 4409 contemnendi,
3013 4351 3066 4399 et
3095 4343 3236 4413 quod
3275 4343 3398 4398 licet
3438 4343 3546 4397 sint
3579 4343 3774 4398 millies

2193 4434 2406 4500 divites,
2431 4443 2487 4489 et
2510 4449 2701 4505 magna
2725 4436 2831 4490 sint
2851 4435 3105 4491 succincti
3131 4436 3390 4506 potentia,
3414 4436 3482 4492 ab
3506 4437 3572 4492 iis
3593 4445 3770 4492 tamen

2193 4526 2283 4596 qui
2311 4525 2558 4581 virtutem
2587 4535 2840 4581 exercent
2861 4567 2877 4594 ,
2906 4526 3168 4583 habentur
3197 4540 3304 4598 pro_
3320 4529 3490 4583 servis
3537 4535 3593 4584 et
3615 4544 3771 4584 man-

2195 4618 2368 4688 cipiis.
2396 4618 2522 4674 Ideo
2546 4617 2676 4674 dicit
2693 4660 2709 4686 ,
2742 4617 3146 4674 Dominabuntur
3175 4634 3345 4674 eorum
3361 4621 3494 4691 justi
3520 4622 3573 4674 in
3600 4632 3768 4675 matu-

2196 4711 2300 4765 tino
2327 4726 2346 4764 :
2372 4710 2474 4766 hoc
2518 4719 2633 4776 est,
2664 4711 2946 4780 celeriter,
2984 4711 3237 4767 continuo
3257 4751 3272 4778 ,
3301 4721 3356 4768 et
3393 4727 3492 4768 nec
3533 4724 3770 4782 tempore

2194 4801 2410 4872 quidem
2435 4813 2569 4872 opus
2593 4801 2895 4869 habebunt,
2923 4817 3023 4858 nec
3048 4801 3228 4858 labore
3246 4843 3262 4868 ,
3289 4817 3388 4858 nec
3418 4819 3587 4859 mora.
3627 4804 3772 4858 Talis

2194 4901 2280 4949 est
2323 4893 2466 4949 enim
2516 4907 2697 4948 rerum
2744 4903 2966 4958 natura,
3012 4902 3070 4949 ut
3104 4894 3289 4948 vitium
3327 4895 3508 4948 virtuti
3550 4894 3768 4958 serviat,

2195 4998 2422 5054 eamque
2463 4982 2711 5039 formidet
2746 4998 2809 5039 ac
2836 4983 3206 5053 pertimescat,
3239 4983 3364 5039 licet
3399 4984 3529 5039 illud
3557 4983 3769 5055 quidem

2196 5079 2267 5132 sit
2295 5077 2417 5132 fuco
2443 5085 2498 5131 et
2526 5077 2810 5146 pigmentis
2838 5077 3134 5133 innumeris
3161 5078 3432 5133 obtectum
3458 5095 3474 5134 :
3503 5077 3620 5132 hare
3643 5091 3772 5132 vero

2195 5161 2335 5222 nuda
2355 5207 2370 5232 ,
2411 5175 2467 5222 et
2506 5181 2602 5236 per
2629 5167 2854 5237 seipsam
2884 5167 3184 5223 decertans.
3223 5165 3383 5238 Atqui
3409 5178 3593 5224 contra
3617 5168 3773 5224 vide-

2195 5272 2315 5312 mus
2351 5258 2522 5313 malos
2563 5257 2802 5314 obtinere
2843 5259 3171 5315 dominatum
3217 5261 3272 5315 in
3317 5260 3506 5316 bonos.
3557 5259 3660 5317 Sed
3703 5276 3772 5316 ne

2196 5350 2594 5406 consideremus
2635 5366 2870 5407 errorem
2913 5355 3189 5409 sententiae
3218 5354 3358 5424 vulgi
3398 5373 3413 5410 :
3458 5355 3504 5410 is
3531 5356 3672 5410 enim
3697 5371 3769 5410 ex

2197 5440 2328 5498 falsa
2352 5442 2602 5512 opinione
2631 5443 2835 5511 oritur;
2875 5443 2970 5500 sed
2993 5454 3139 5501 recto
3164 5461 3251 5502 res
3274 5445 3474 5516 judicio
3499 5447 3771 5503 discerna-

2197 5549 2352 5602 mus,
2381 5545 2435 5589 et
2460 5535 2668 5591 videbis
2705 5536 2760 5591 in
2788 5536 2930 5607 quod
2967 5537 3090 5593 dico
3116 5552 3238 5594 esse
3273 5540 3648 5595 certissimum.
3691 5538 3774 5595 Sit

2198 5627 2341 5682 enim
2370 5626 2562 5698 aliquis
2600 5628 2770 5682 malus
2807 5627 3089 5697 dominus,
3120 5639 3175 5686 et
3198 5629 3371 5686 bonus
3405 5643 3625 5697 servus;
3665 5632 3770 5699 vel,

2199 5719 2246 5775 si
2272 5720 2466 5782 mavis,
2487 5719 2554 5774 ad
2582 5719 2724 5774 aliud
2747 5708 2918 5788 majus
2943 5721 3120 5790 potius
3142 5722 3441 5792 exemplum
3467 5738 3580 5778 rem
3607 5722 3774 5778 dedu-

2203 5830 2404 5873 camus.
2436 5815 2514 5870 Sit
2549 5829 2641 5870 rex
2672 5814 2840 5871 malus
2863 5853 2878 5881 ,
2910 5824 2963 5871 et
2998 5816 3232 5886 privatus
3262 5815 3462 5885 bonus,
3495 5815 3768 5873 videamus
