4108 6344
332 393 441 448 135

333 511 475 564 ὁδόν.
521 505 779 568 Ἑαυτοὺς
849 503 1162 574 δεσμοῦσιν,
1217 502 1445 564 ἑαυτοὺς
1500 501 1907 572 συμποδίζουσι.

335 589 448 646 Καὶ
486 591 635 659 μετὰ
673 587 860 643 ταῦτα
896 587 966 638 ἐν
1004 584 1084 651 τῷ
1112 587 1361 654 στόματι
1398 584 1547 656 [217i
1594 583 1790 638 αὐτῶν
1822 585 1918 636 εὑο

336 671 694 740 ὄσκήσουσι.
739 671 813 723 Τὸ
861 668 1268 740 χαλεπώτατον,
1315 669 1408 720 καὶ
1451 667 1559 720 τῶν
1595 665 1796 719 λοιπῶν
1832 664 1919 717 αἴ-

335 775 452 811 τιον
480 755 587 808 τῶν
619 755 826 813 κακῶν,
865 753 1025 806 τοῦτό
1061 753 1228 814 ἐστιν,
1265 752 1401 821 ὅπερ
1446 751 1684 821 εἴρηκεν.
1718 749 1779 802 Οἱ
1813 747 1920 815 γὰρ

338 837 563 894 τοιαῦτα
598 836 1024 907 ἁμαρτάνοντες,
1065 837 1158 887 καὶ
1209 834 1655 904 πλημμελοῦντες
1702 832 1798 885 καὶ
1830 829 1921 882 οῦ-

339 939 450 985 τως
477 921 883 990 ἀνοηταίνοντες
907 961 922 985 ,
958 917 1350 989 μακαρίζουσιν
1383 920 1628 980 ἑαυτοὺς,
1671 918 1764 970 καὶ
1793 916 1922 968 θαυ-

344 1003 596 1075 μάζουσι,
623 1004 714 1056 καὶ
748 1001 1022 1073 ζηλωτοὺς
1055 1003 1282 1062 ἑαυτοὺς
1317 997 1453 1052 εἷναί
1490 1017 1644 1070 φασι,
1672 1000 1764 1052 καὶ
1796 999 1922 1068 άρέ·

343 1103 564 1140 σκονται
597 1089 707 1149 τοῖς
743 1085 1140 1156 πραττομένοις
1168 1103 1181 1114 ·
1229 1085 1397 1136 κακία
1443 1084 1498 1134 δέ
1550 1084 1918 1151 ἐπαινουμένη

340 1169 438 1222 καὶ
476 1170 602 1239 παρ’
641 1168 819 1220 αὐτῶν
858 1166 968 1220 τῶν
1010 1166 1392 1238 ἐργαζομένων
1437 1167 1688 1236 ἐννόησον
1727 1165 1923 1235 ἡλίκην

342 1251 608 1322 λαμϐάνει
657 1251 757 1320 τῆς
821 1252 1064 1321 πονηρᾶς
1117 1249 1408 1316 ἐπιθυμίας
1477 1249 1812 1321 προσθήκην.
1867 1249 1925 1299 Εἰ

343 1336 453 1404 γὰρ
480 1332 832 1403 κακιζομένη,
877 1335 925 1386 εί
960 1335 1067 1405 γὰρ
1096 1333 1445 1403 ὑϐριζομένη,
1483 1335 1530 1384 εί
1572 1330 1680 1402 γάρ
1709 1331 1928 1400 ἐλεγχο-

351 1414 510 1485 μένη,
536 1418 584 1468 εἰ
614 1415 722 1485 γὰρ
766 1415 869 1468 ὑπὸ
908 1415 1003 1469 τοῦ
1042 1415 1382 1478 συνειδότοςυ
1418 1415 1524 1468 τῶν
1576 1413 1928 1484 ὁπωσδήποτε

348 1498 627 1568 νηφόντων
685 1500 1128 1570 μαστιγουμένη,
1199 1496 1482 1568 ξαινομένη
1510 1537 1524 1560 ,
1592 1496 1930 1566 μισουμένη,

347 1581 520 1646 οὓτως
572 1581 942 1651 ἀναισχύντως
1006 1583 1192 1646 ἀνθεῖ,
1247 1583 1340 1635 καὶ
1388 1581 1508 1633 καθ’
1557 1581 1790 1649 ἑκάστην
1835 1577 1931 1632 αὖ·

351 1664 500 1731 ξεται
545 1665 643 1735 τὴν
709 1665 954 1735 ἡμέραν·
1010 1666 1138 1718 ὅταν
1191 1665 1264 1736 μὴ
1307 1664 1487 1734 ,μόνον
1529 1663 1600 1716 τὰ
1654 1661 1931 1716 κωλύοντα

351 1747 521 1818 αὐτὴν
560 1747 636 1819 μὴ
687 1743 755 1821 ᾗ,
797 1743 907 1800 οἷον
953 1750 986 1818 ή
1030 1748 1358 1818 κατηγορία,
1410 1746 1504 1800 τοῦ
1570 1745 1861 1809 συνειδότος
1905 1747 1933 1797 ὁ

351 1828 593 1899 ἐλεγχος,
634 1829 697 1883 τδ
727 1830 1189 1900 ἐπιλαμϐάνεσθαι
1220 1830 1328 1883 τῶν
1373 1829 1692 1900 γινομένων,
1726 1828 1787 1880 τὸ
1835 1844 1931 1898 με-

349 1914 560 1965 τανοεῖν
608 1915 668 1966 ἐν
710 1916 824 1978 τοῖς
876 1915 1302 1985 πραττομένοις,
1343 1914 1400 1966 τὸ
1455 1909 1840 1974 καταδύεσθαι,
1873 1911 1935 1962 τὸ

351 1993 820 2063 ἐγκαλύπτεσθαι.
871 1997 931 2051 τὸ
988 1996 1212 2059 στένειν,
1244 1997 1306 2049 τὸ
1349 1996 1584 2068 θρηνεῖν,
1634 1992 1770 2048 ἀλλὰ
1816 1995 1937 2046 τοῦ·

353 2076 565 2131 ναντίον
595 2076 761 2142 ἅπαν,
810 2079 904 2132 καὶ
935 2079 1230 2132 ἐπαινῶσιν
1275 2080 1498 2141 ἑαυτοὺς
1529 2080 1578 2130 οἱ
1628 2075 1934 2147 ἐργαζόμε-

352 2175 456 2223 νοι,
499 2159 591 2214 καὶ
644 2160 896 2232 ἐγκώμια
937 2163 1142 2214 ἑαυτῶν
1177 2162 1461 2231 ὑφαίνωσι,
1496 2163 1590 2215 καὶ
1626 2161 1734 2214 τῶν
1762 2159 1936 2214 ἄλλων

355 2241 597 2311 βελτίους
632 2244 776 2297 κατά
812 2244 969 2297 τοῦτο
1011 2243 1143 2298 αὐτὸ
1180 2240 1320 2297 εἶναι
1357 2240 1638 2314 νομίζωσι,
1671 2242 1764 2296 καὶ
1799 2245 1937 2310 μετά

353 2325 414 2377 τὸ
442 2324 646 2394 πρᾶξαι
685 2327 956 2380 ἐπαινῶσι
984 2329 1053 2381 τά
1079 2329 1420 2399 γεγενημένα
1451 2327 1628 2397 (τοῦτο
1655 2326 1764 2396 γάρ
1795 2328 1933 2387 ἐστι,

356 2408 466 2462 Καὶ
498 2411 649 2478 μετὰ
676 2410 865 2464 ταῦτα
901 2411 971 2464 ἐν
1008 2410 1088 2475 τῷ
1137 2414 1388 2478 στόματι
1450 2409 1649 2463 αὐτῶν
1683 2406 1937 2474 εὐδοκή-

357 2491 610 2564 σουσι)·
652 2493 754 2546 ποῦ
802 2493 903 2546 οῦκ
950 2495 1016 2547 ἂν
1056 2495 1413 2562 ἐκτραπείεν;
1466 2491 1622 2545 Οῦτω
1669 2492 1776 2563 γάρ
1833 2494 1938 2543 εἰσι

359 2575 736 2645 παραπλῆγες,
763 2575 909 2629 οὕτω
954 2576 1376 2647 παραπαίουσιν,
1404 2577 1480 2639 ῶς
1523 2577 1618 2629 καὶ
1660 2576 1800 2645 μετά
1840 2574 1934 2644 τὴν

359 2658 641 2730 πλήρωσιν
670 2660 769 2729 τῆς
806 2659 1120 2731 ἐπιθυμίας,
1163 2661 1248 2713 ὅτε
1294 2661 1527 2728 μάλιστα
1559 2658 1801 2730 ὁρῶντας
1838 2660 1937 2728 τὴν

361 2743 708 2812 παρανομίαν
731 2743 1080 2813 αἰσχύνεσθαι
1107 2744 1232 2805 ἔδει,
1264 2744 1614 2816 γαυροῦντ-αι,
1642 2741 1938 2814 κορυφοῦν-

359 2841 480 2886 ται,
527 2824 852 2896 ἀρέσκονται
902 2825 979 2895 τῷ
1031 2828 1404 2896 γεγενημένῳ.
1454 2825 1703 2879 Τοιοῦτον
1756 2825 1864 2896 γάρ
1906 2826 1938 2884 ἡ

363 2907 606 2978 ἁμαρτία
626 2921 638 2934 ·
668 2908 776 2979 πρὸ
807 2909 904 2979 μὲν
935 2909 1028 2961 τοῦ
1063 2909 1391 2981 πραχθῆναι,
1424 2909 1708 2971 συσκιάζει
1737 2908 1936 2976 ἑαυτῆς

361 2990 425 3041 τὸ
453 2989 707 3060 εἰδεχθὲς,
739 2995 804 3062 τῇ
847 2992 985 3064 μέθῃ
1015 2991 1114 3062 τῆς
1152 2994 1343 3061 ἡδονῆς
1386 2993 1809 3064 περιστέλλουσα
1843 2993 1941 3043 αύ-

363 3073 466 3142 τῆς
505 3073 564 3126 τὸ
621 3074 901 3144 βδελυρόν·
950 3077 1168 3128 ἐπειδάν
1212 3076 1268 3128 δὲ
1316 3077 1570 3146 πραχθῇ,
1618 3075 1713 3128 καὶ
1759 3077 1791 3146 ἡ
1842 3074 1941 3144 μὲν
1996 3075 2000 3078 ⁷

365 3158 524 3228 ἡδονὴ
555 3157 655 3226 τῆς
689 3159 982 3229 ἐπιθυμίας
1023 3160 1165 3212 κατά
1199 3161 1394 3230 μικρὸν
1436 3161 1786 3230 ἀναχωρήσῃ,
1816 3161 1848 3227 ή
1886 3157 1941 3208 δέ

369 3241 460 3294 τοῦ
504 3243 802 3305 συνειδότος
853 3244 1154 3312 κατηγορία
1199 3241 1424 3313 ἐπέλθῃ,
1473 3244 1710 3311 γυμνοὺς
1749 3239 1944 3311 μαστί-

370 3321 536 3387 ζουσα
565 3327 688 3388 τοὺς
721 3325 1040 3396 λογισμοὺς,
1070 3327 1190 3379 τότε
1229 3326 1462 3396 μάλιστα
1493 3327 1740 3394 φαίνεται
1771 3324 1943 3392 αὐτῆς

368 3407 430 3460 τὺ
455 3406 714 3478 βλαϐερόν
736 3409 785 3460 1).
813 3406 969 3464 Οὗτοι
997 3410 1051 3462 δέ
1081 3412 1200 3462 οῦδέ
1228 3411 1364 3481 μετά
1389 3410 1449 3462 τὸ
1485 3409 1801 3479 πληρῶσαι,
1830 3408 1940 3460 ἀλλ’

371 3491 497 3544 ὅταν
548 3491 697 3544 ἴδωσι
753 3493 842 3544 τὸν
896 3491 1121 3544 πλοῦτον
1174 3492 1520 3560 όγκωθέντα,
1568 3493 1696 3554 τοὺς
1743 3491 1943 3560 τάφους

373 3575 792 3646 ἐγηγερμένους,
814 3575 910 3637 τὰς
936 3593 1008 3645 μα
1020 3576 1166 3638 παίας
1192 3577 1476 3646 οἰκοδομὰς
1507 3577 1941 3646 ἀπηρτισμένας,

372 3657 487 3710 δέον
518 3659 638 3711 τότε
665 3659 794 3727 γοῦν
831 3662 1196 3729 κατανυγῆναι
1237 3662 1330 3712 καὶ
1375 3660 1648 3724 στενάξαι,
1683 3663 1731 3712 oi
1767 3661 1821 3712 δέ
1855 3663 1946 3713 καὶ

379 3742 516 3809 μετά
564 3743 759 3809 ταῦτα,
801 3744 940 3813 μετά
987 3743 1046 3796 τὸ
1081 3744 1261 3814 ἔργον.
1315 3745 1453 3813 μετά
1491 3745 1589 3810 τὴν
1643 3743 1942 3813 πλήρωσιν,

373 3824 494 3878 τότε
540 3825 618 3879 ἔτι
653 3827 917 3898 μειζόνως
944 3830 1209 3881 νοσοῦσιν.
1253 3828 1406 3879 Ἐπεὶ
1449 3824 1542 3880 οῦν
1575 3828 1643 3880 τά
1687 3829 1817 3898 παρ’
1849 3830 1947 3881 αῦ-

377 3907 484 3960 τῶν
514 3909 738 3979 οἴχεται,
767 3911 955 3964 ἕπεται
989 3911 1173 3964 λοιπὸν
1206 3911 1274 3963 τά
1307 3910 1458 3981 παρά
1492 3909 1584 3962 τοῦ
1616 3910 1769 3962 Θεοῦ.

453 3990 740 4065 θ’.“Ωσπερ
795 3995 902 4067 γὰρ
932 3997 981 4048 οί
1012 3995 1430 4065 κατακρίνοντες
1489 3996 1711 4056 ἑαυτοὺς
1751 3995 1834 4062 ἐφ’
1869 3987 1951 4056 οἷς

381 4074 774 4144 ἁμαρτάνουσι,
793 4078 1260 4148 προλαμϐάνοντες
1281 4076 1669 4147 ἀποκρούονται
1687 4076 1782 4146 τὴν
1804 4079 1951 4147 παρά

386 4157 479 4210 τοῦ
510 4159 643 4212 Θεοῦ
672 4160 866 4230 ψῆφον,
898 4164 1146 4232 καθάπερ
1175 4163 1268 4214 καὶ
1297 4160 1505 4222 Παῦλός
1537 4177 1723 4230 φησιν·
1749 4164 1817 4213 Εἰ
1842 4161 1952 4229 γὰρ

383 4239 635 4308 ἑαυτοὺς
668 4245 1000 4314 ἐκρίνομεν,
1033 4249 1141 4298 οὐκ
1187 4243 1262 4298 ἂν
1290 4245 1664 4311 ἐκρινόμεθα·
1698 4242 1868 4306 οὕτως
1905 4245 1953 4295 οἱ

378 4324 654 4390 νοσοῦντες
682 4329 1043 4399 ἀμετανόητα,
1075 4330 1167 4381 καὶ
1208 4328 1630 4398 ἁμαρτάνοντες,
1671 4327 1744 4397 μὴ
1789 4344 1955 4380 κατα-

379 4409 736 4476 γινώσκοντες
770 4413 824 4464 δέ
850 4407 923 4465 ὢν
964 4412 1416 4482 ἐπλημμέλησαν,
1453 4411 1589 4481 μετά
1633 4412 1831 4480 πολλῆς
1857 4411 1956 4480 τῆς

384 4494 742 4566 σφοδρότητος
776 4498 1116 4549 ἐπισπῶνται
1156 4497 1254 4565 τὴν
1288 4495 1437 4565 παρά
1479 4495 1572 4548 τοῦ
1599 4495 1734 4548 Θεοῦ
1780 4513 1954 4566 τιμω-

385 4577 505 4646 ρίαν
533 4579 766 4642 ἐαυτοῖς.
805 4581 958 4635 Ἐπεὶ
995 4577 1086 4633 οῦν
1119 4582 1212 4633 καὶ
1244 4574 1387 4632 οὗτοι
1415 4577 1446 4648 ἢ
1478 4579 1547 4630 τὰ
1576 4578 1832 4648 ἀλλότρια
1863 4581 1958 4650 ἀρ-

386 4661 667 4726 πάζοντες,
700 4663 732 4733 ἢ
763 4663 832 4716 τὰ
863 4666 1034 4716 οἰκεῖα
1071 4664 1246 4734 μάτην
1288 4663 1380 4715 καὶ
1423 4663 1546 4731 εἰκῆ
1592 4662 1954 4725 δαπανῶντες,

387 4747 530 4817 ἆπερ
560 4749 639 4810 εἰς
667 4747 906 4818 πένητας
933 4748 1243 4802 ἀναλίσκειν
1270 4747 1459 4818 ἐχρῆν,
1485 4749 1565 4809 εἰς
1601 4748 1827 4814 τάφους,
1864 4749 1958 4799 καὶ

389 4830 694 4900 σκώληκας,
732 4836 825 4886 καὶ
861 4834 1025 4904 σῆτας
1053 4831 1350 4896 δαπανῶσι,
1387 4833 1479 4884 καὶ
1507 4831 1567 4883 ού
1612 4829 1958 4900 μετανοοῦσιν

387 4915 480 4968 ἐπὶ
502 4915 608 4968 τῶν
633 4918 1012 4988 γεγενημένων
1038 4927 1086 4980 ο,
1116 4916 1254 4970 ἀλλά
1279 4915 1472 4968 ἀνίατα
1503 4915 1723 4985 μένουσι
1752 4913 1961 4968 νοσοῦν-

387 5024 498 5071 τες,
525 5009 753 5064 ἄκουσον
795 5013 846 5064 τί
885 5013 1090 5081 γίνεται
1129 5010 1334 5065 λοιπόν.
1369 5010 1432 5062 Τί
1472 5009 1536 5079 δὴ
1579 5005 1672 5062 οὖν
1715 5010 1958 5076 γίνεται;

390 5091 639 5163 Τιμωρίᾳ
664 5097 728 5165 τῇ
763 5096 912 5165 παρά
950 5093 1043 5147 τοῦ
1071 5095 1204 5149 Θεοῦ
1245 5094 1501 5147 δίδονται·
1533 5093 1612 5145 διὸ
1648 5094 1956 5162 ἐπήγαγεν·

394 5175 543 5248 [218]
583 5176 677 5244 Ὡς
716 5178 977 5245 πρόϐατα
1011 5177 1081 5230 ἐν
1121 5178 1233 5246 ᾅδῃ
1275 5176 1509 5230 ἔθεντο·
1546 5174 1800 5242 θάνατος
1833 5193 1963 5231 ποι-

389 5260 569 5327 μανεῖ
594 5262 842 5327 αὐτούς·
874 5262 934 5313 οῦ
966 5261 1027 5314 τὸ
1067 5261 1272 5332 ἥμερον
1308 5260 1538 5314 ἐνταῦθα
1573 5261 1660 5313 διὰ
1698 5262 1960 5332 ὀνόματος

393 5353 500 5405 τῶν
544 5353 828 5424 προϐάτων
875 5351 1047 5423 δηλῶν
1092 5353 1162 5421 (τί
1195 5353 1301 5426 γὰρ
1355 5353 1577 5405 ἐκείνων
1627 5353 1962 5426 ἀγριώτερον

395 5435 586 5502 γένοιτ’
639 5435 724 5499 ἂν,
775 5435 883 5488 τῶν
939 5425 1299 5506 παρορώντων
1356 5436 1456 5506 μὲν
1497 5435 1679 5504 γυμνά
1737 5425 1962 5507 σώματα

393 5520 662 5588 πενήτων,
698 5521 792 5574 καὶ
837 5521 1110 5593 γαστέρας
1155 5521 1458 5592 τηκομένας
1490 5520 1653 5592 λιμῷ,
1692 5522 1963 5578 καλλωπι-

456 5693 485 5754 f‘
509 5694 590 5743 Sic
611 5707 725 5743 mss.
748 5700 801 5744 el
819 5695 970 5744 Savil.
995 5695 1167 5746 Morel.
1193 5696 1288 5745 ἀπὸ
1313 5693 1400 5744 τοῦ
1434 5696 1717 5754 συνειδότος.

456 5751 490 5794 δ
510 5758 657 5821 Savil-
683 5765 737 5806 et.
761 5759 844 5806 alii
863 5759 921 5805 τὸ
949 5759 1191 5821 βδελυρόν.

459 5827 486 5857 ε
519 5819 666 5870 Sam.
689 5825 743 5870 el.
769 5833 895 5870 unus
915 5819 1022 5871 ωδ.
1059 5819 1132 5871 ἐπὶ
1152 5820 1248 5877 τοῖς
1269 5821 1605 5883 γεγενημένοις.

1434 381 1807 438 EXPOSLTIO
1855 378 1921 434 IN
1959 375 2296 434 PSALMUM
2338 371 2566 428 XLVIII.

3488 361 3601 420 ,π

2027 495 2228 561 ζόντων
2255 495 2311 548 δέ
2351 495 2531 555 οἴκους
2562 490 2758 562 φθορᾷ,
2800 488 2896 543 καὶ
2941 485 3205 556 σκὼληκι,
3252 484 3342 540 καὶ
3379 482 3595 553 σητίς),

2021 580 2158 634 ἀλλά
2185 580 2247 632 τὸ
2276 576 2496 631 εὔκολον
2541 574 2720 628 αὐτῶν
2755 574 2854 643 τῆς
2900 569 3207 632 ἀπωλείας,
3237 569 3335 638 τὴν
3383 568 3441 633 ἐξ
3476 569 3599 619 ἐπι-

2023 662 2228 732 δρομῆς
2281 657 2678 728 πανωλεθρίαν,
2726 656 2787 708 τὸ
2839 653 3162 724 εὐχείρωτον
3206 653 3318 714 τοῖς
3376 650 3597 702 ἐπιϐουο

2023 731 2290 796 λεύουσιν.
2326 743 2488 796 Οὐδὲν
2520 741 2629 810 γὰρ
2675 738 3059 808 ἀσθενέστερον
3101 733 3388 806 ἀνθρώπου
3433 731 3602 803 κακίᾳ

2030 827 2317 890 συζῶντος.
2345 827 2521 896 Ὅπερ
2560 824 2653 876 καὶ
2689 815 2837 875 οὗτοι
2867 821 3172 873 πείσονται·
3206 817 3298 871 καὶ
3327 815 3467 868 οῦτω
3498 832 3600 866 κα-

2029 922 2449 989 τακοπησονται,
2477 916 2646 977 οὕτως
2679 912 3002 966 ἀπολοῦνται
3056 909 3246 980 ἄρδην,
3279 908 3370 960 καὶ
3403 909 3482 967 είς
3513 906 3602 957 τὸν

2030 1001 2162 1073 ᾅδην
2195 999 2583 1053 ἀπελεύσονται
2618 998 2833 1068 ῥᾳδίως.
2862 993 3116 1055 εὐκόλως,
3147 991 3442 1060 συντόμως,
3470 989 3604 1040 ἀπο-

2030 1089 2170 1154 νητὶ,
2195 1085 2393 1136 ὡσανεὶ
2415 1082 2661 1151 πρόϐατα
2682 1076 3151 1145 κατακοπτόμενα.
3168 1073 3334 1124 Τοῦτο
3355 1071 3599 1131 θάνατος.

2036 1153 2233 1239 μᾶλλον
2259 1169 2314 1221 δὲ
2337 1169 2568 1238 πρᾶγμα
2604 1165 2832 1218 θανάτου
2865 1161 2997 1213 πολὺ
3024 1156 3426 1228 χαλεπώτερον.
3452 1153 3604 1207 Μετά

2033 1254 2138 1321 γὰρ
2154 1253 2251 1323 τὴν
2271 1252 2528 1317 τοιαύτην
2550 1249 2802 1317 τελευτὴν
2823 1244 3085 1306 ἀθάνατος
3102 1243 3295 1304 αὐτοὺς
3311 1239 3606 1303 διαδέξεται

2035 1321 2382 1401 θάνατος,διά
2409 1334 2565 1387 τοῦτο
2581 1328 2812 1400 οὐδαμοῦ
2839 1331 2916 1389 εἰς
2944 1327 3177 1387 κόλπους
3206 1323 3472 1393 Ἀϐραὰμ,
3487 1321 3608 1374 οὐδὲ

2035 1420 2113 1481 εἰς
2137 1417 2263 1472 ἄλλο
2289 1417 2485 1487 χωρίον
2509 1414 2786 1484 φαίνονται
2811 1411 3080 1471 ἀπιόντες,
3103 1406 3213 1458 ἀλλ’
3235 1409 3311 1468 εἰς
3335 1404 3426 1456 τὸν
3454 1403 3606 1474 ᾅδην,

2033 1503 2095 1554 τὸ
2128 1502 2227 1572 τῆς
2265 1500 2553 1571 τιμωρίας,
2598 1499 2658 1550 τὺ
2692 1497 2792 1565 τῆς
2826 1494 3118 1555 κολάσεως,
3150 1491 3208 1544 τὸ
3241 1490 3339 1558 τῆς
3373 1487 3614 1540 πανωλε-

2037 1587 2195 1657 θρίας
2229 1586 2418 1654 ὄνομα.
2447 1583 2556 1637 Καὶ
2580 1585 2612 1652 ἡ
2638 1577 2869 1634 ἐνταῦθα
2910 1577 3083 1630 αὐτῶν
3112 1574 3334 1642 τελευτὴ
3369 1571 3610 1641 εὐτελὴς,

2037 1672 2133 1724 καὶ
2181 1667 2670 1740 εὐκαταφρόνητος,
2714 1665 2807 1717 καὶ
2833 1665 2866 1732 ἡ
2900 1662 3016 1713 ἐκεῖ
3064 1657 3309 1730 διατριϐὴ
3340 1655 3614 1719 κολάσεως

2037 1757 2298 1826 γέμουσα.
2345 1751 2501 1806 Οῦτω
2545 1751 2637 1803 καὶ
2673 1751 2804 1820 ἡμῖν
2848 1746 2965 1808 ἔθος
2997 1745 3180 1813 λέγειν
3219 1741 3480 1813 περὶτῶν
3525 1741 3617 1792 εύ-

2038 1844 2210 1905 κόλως
2255 1838 2672 1908 ἀπολλυμένων·
2718 1837 2808 1898 Ὠς
2843 1832 3111 1904 πρόϐατον
3140 1833 3167 1882 δ
3201 1830 3346 1883 δεῖνα
3377 1827 3613 1898 ἐσφάγη.

2053 1925 2270 1993 Ἐπειδὴ
2304 1923 2412 1993 γάρ
2451 1923 2526 1984 ὡς
2576 1921 2743 1987 ἄλογα
2791 1917 2947 1982 ἔζων,
2999 1915 3095 1969 καὶ
3136 1914 3211 1977 ὼς
3248 1913 3414 1980 ἄλογα
3445 1911 3613 1964 ἀπόλ-

2039 2004 2246 2072 λυνται,
2271 2009 2370 2060 οὐκ
2394 2006 2607 2076 ἔχοντες
2636 2003 2764 2074 περὶ
2794 2002 2904 2054 τῶν
2937 1999 3234 2071 μελλόντων
3268 1995 3455 2048 ἐλπίδα
3485 2010 3618 2064 χρη-

2042 2093 2206 2163 στήν·
2245 2090 2339 2143 καὶ
2367 2075 2431 2141 ού
2463 2087 2621 2140 τοῦτο
2661 2087 2839 2156 μόνον,
2885 2081 2997 2136 ἀλλ’
3048 2083 3131 2134 ὅτι
3163 2080 3257 2133 καὶ
3291 2078 3384 2131 ἐπὶ
3419 2075 3575 2146 κακῷ
3599 2092 3614 2106 ·

2043 2177 2308 2240 Θάνατος
2345 2171 2623 2241 ποιμανεῖ
2646 2170 2886 2234 αὐτούς.

2124 2259 2388 2313 Ἐνταῦθα
2437 2275 2524 2327 μοι
2567 2257 2659 2308 τὸν
2692 2255 2921 2306 θάνατον
2954 2251 3101 2303 δοκεῖ
3144 2247 3343 2315 λέγειν,
3381 2244 3478 2315 τὴν
3511 2245 3620 2327 an:

2039 2345 2236 2397 ὠλειαν
2261 2342 2358 2412 τὴν
2387 2324 2522 2402 ἐκεῖ,
2549 2340 2647 2410 τὴν
2674 2337 2966 2407 τιμωρίαν,
2994 2332 3245 2402 καθάπερ
3267 2330 3361 2383 καὶ
3385 2324 3618 2412 ἀλλαχοῦ

2040 2444 2205 2498 φησι·
2257 2409 2434 2494 Ψὺχὴ
2480 2425 2518 2491 ἠ
2569 2409 3024 2492 ἁμαρτάνουσα,
3073 2415 3224 2483 αὕτη
3271 2409 3616 2498 ἀπολεῖται·

2039 2494 2114 2563 0O—
2128 2511 2226 2580 τὴν
2251 2508 2344 2562 τοῦ
2379 2504 2518 2560 εἶναι
2552 2505 2856 2574 ἀναίρεσιν,
2902 2500 3038 2554 ἀλλά
3078 2498 3176 2570 τὴν
3215 2494 3484 2566 τιμωρίαν
3517 2510 3621 2547 πα-

2045 2577 2310 2663 ραδηλῶν.
2363 2591 2474 2644 Καὶ
2524 2590 2771 2658 ἐπιμένει
2811 2588 2880 2656 τῇ
2931 2583 3210 2654 μεταφορᾷ
3257 2580 3354 2650 τῆς
3402 2577 3617 2663 λέξεως.

2055 2675 2270 2745 Ἐπειδὴ
2318 2674 2425 2744 γὰρ
2459 2667 2581 2726 εἷπε
2616 2671 2884 2742 πρόϐατα,
2932 2667 3127 2730 ἔδειξεν
3179 2664 3356 2718 αὐτῶν
3389 2661 3484 2714 καὶ
3528 2659 3620 2711 τὸν

2042 2743 2294 2828 ποιμένα.
2313 2743 2408 2819 Τίς
2437 2756 2493 2808 δέ
2515 2749 2698 2817 οὗτος
2729 2755 2784 2805 ’0
2815 2749 3029 2818 σκώληξ
3052 2752 3080 2802 ό
3111 2748 3332 2809 ἱοϐόλος,
3349 2743 3409 2797 τὸ
3435 2743 3621 2805 σκότος

2042 2841 2101 2896 τὸ
2140 2827 2515 2910 ἀτελεύτητον,
2541 2837 2609 2890 τὰ
2637 2837 2811 2906 δεσμά
2841 2834 2911 2887 τά
2940 2835 3129 2896 ἄλυτα,
3173 2835 3201 2884 ὁ
3242 2830 3484 2901 βρυγμὸς
3514 2827 3622 2880 τῶν

2043 2925 2289 2977 ὀδόντων.
2316 2923 2460 2994 Ὅρα
2486 2921 2662 2974 τοίνυν
2690 2919 2887 2981 αὐτοὺς
2916 2915 3178 2970 πάντοθεν
3201 2911 3620 2980 κολαζομένους.

2056 3009 2144 3061 Ἐν
2175 3009 2240 3076 τῇ
2276 3007 2407 3073 ζωῇ,
2434 3007 2515 3057 ὃτι
2552 3003 2688 3074 πρὸς
2720 3001 2918 3072 ἀρετὴν
2949 2997 3390 3066 ἐνεποδίσθησαν,
3415 2997 3496 3046 ὅτι
3525 3010 3626 3076 κα-

2043 3092 2167 3153 κίας
2197 3075 2443 3157 ἐγένοντο
2477 3087 2674 3148 δοῦλοι,
2718 3086 2811 3138 καὶ
2843 3081 3197 3153 αἰχμάλωτοι,
3225 3079 3318 3131 καὶ
3367 3075 3622 3147 περιττὸν

2044 3175 2315 3244 ἐπόνησαν
2358 3173 2517 3224 πόνον
2559 3170 2652 3222 καὶ
2699 3167 3129 3236 καταγέλαστον·
3163 3164 3221 3215 ἐν
3264 3163 3331 3232 τῇ
3373 3160 3621 3228 τελευτῇ,

2045 3260 2127 3312 ὅτι
2172 3241 2357 3319 ἀπλῶς
2399 3257 2492 3307 καὶ
2529 3254 2603 3317 ὼς
2650 3252 2837 3322 ἔτυχεν
2888 3249 3195 3304 ἀπώλοντο·
3238 3248 3295 3298 ἐν
3325 3245 3403 3314 τῷ
3449 3241 3628 3313 καιρῷ

2045 3340 2124 3411 τῷ
2165 3339 2304 3410 μετά
2348 3339 2445 3408 τὴν
2477 3337 2754 3406 τελευτὴν,
2783 3336 2863 3387 ὅτι
2896 3331 3187 3394 διαπαντὸς
3235 3328 3341 3382 ὑπὸ
3378 3328 3476 3396 τῆς
3520 3326 3626 3378 ἀπ-

2047 3425 2241 3486 ωλείας
2275 3407 2611 3492 κατέχονται.
2655 3420 2764 3472 Καὶ
2815 3416 3390 3482 κατακυριεύσουσιν
3429 3407 3630 3464 αὐτῶν

2049 3512 2102 3561 ot
2129 3507 2320 3572 εὐθεῖς
2363 3491 2428 3558 τὸ
2465 3503 2631 3571 πρωΐ.
2678 3501 2894 3570 Ἐπειδὴ
2923 3499 3106 3552 πολλοὶ
3138 3496 3244 3549 τῶν
3286 3491 3625 3564 παχυτέρων,

2050 3594 2144 3644 καὶ
2177 3589 2311 3660 πρὸς
2338 3586 2690 3657 ἀναισθησίαν
2717 3584 2876 3636 λίθων
2902 3581 3298 3651 ἐκϐεϐηκότων,
3325 3580 3423 3630 ούκ
3449 3576 3630 3646 ἔχουσι

2051 3676 2178 3746 περὶ
2219 3659 2325 3725 τῶν
2362 3671 2658 3742 μελλόντων
2692 3668 2882 3721 ἐλπίδα
2927 3666 3096 3736 σαφῆ,
3129 3665 3251 3718 οῦτε
3284 3659 3630 3732 τετρανωμέ·

2051 3745 2166 3828 νην,
2212 3757 2346 3810 ἀλλά
2395 3756 2530 3826 πρὸς
2568 3754 2634 3806 τὰ
2678 3753 2919 3823 παρόντα
2959 3752 3220 3820 κεχήνασι
3253 3749 3346 3801 καὶ
3389 3745 3524 3817 πρὸς
3561 3745 3632 3798 τὰ

2051 3841 2322 3912 ὁρώμενα,
2372 3837 2740 3907 καταπλήττει
2786 3836 2913 3898 τοὺς
2951 3833 3223 3894 τοιούτους
3288 3833 3627 3896 αἰνιγματω-

2052 3928 2176 3990 δῶς.
2207 3922 2339 3979 Εἶτα
2367 3925 2453 3977 διὰ
2501 3923 2747 3993 βραχέων
2774 3919 2801 3959 ἀ
2846 3920 2913 3972 τὰ
2965 3917 3222 3988 μέλλοντα
3262 3912 3626 3982 αἰνιξάμενος,

2054 4011 2215 4064 πάλιν
2249 4010 2340 4061 ἐπὶ
2373 4008 2471 4078 τὴν
2503 3992 2560 4058 ἐν
2591 4004 2670 4075 τῷ
2713 4005 2939 4074 παρόντι
2989 4001 3088 4071 βίῳ
3131 3996 3419 4068 γινομένην
3449 3992 3630 4047 αὐτῶν

2054 4094 2328 4147 εὐτέλειαν
2357 4076 2448 4144 καὶ
2473 4088 2736 4160 τιμωρίαν
2765 4085 3081 4158 μετατίθησι
3101 4084 3190 4136 τὸν
3215 4082 3390 4148 λόγον,
3415 4076 3628 4137 δεικνὺς

2057 4177 2236 4232 αὐτῶν
2266 4177 2326 4227 τὸ
2371 4173 2624 4234 ἀσθενὲς,
2655 4171 2714 4223 τὸ
2764 4169 2996 4232 εὐτελὲς,
3044 4167 3104 4220 τδ
3135 4163 3628 4233 εὐκαταφρόνητον,

2057 4261 2152 4315 καὶ
2178 4261 2258 4312 ὅτι
2285 4259 2388 4311 κᾶν
2428 4255 2686 4326 μυριάκις
2729 4252 3020 4314 πλουτῶσι,
3057 4251 3159 4304 κᾶν
3189 4245 3502 4302 δυναστείαν
3529 4239 3630 4299 ῶσι

2062 4341 2543 4414 περιϐεϐλημένοι,
2598 4341 2654 4390 ἐν
2698 4336 2848 4401 τάξει
2899 4335 3098 4388 δούλων
3146 4335 3239 4386 καὶ
3285 4327 3633 4401 ἀνδραπόδων

2061 4412 2170 4489 τοῖς
2195 4425 2393 4496 ἀρετὴν
2431 4420 2704 4492 μετιοῦσίν
2742 4422 2897 4473 εἰσιν.
2940 4418 3030 4472 Διό
3060 4434 3212 4488 φησι,
3242 4412 3634 4480 Κατακιφιεύ-

2063 4525 2284 4564 σουσιν
2311 4507 2508 4560 αὐτῶν
2528 4509 2580 4558 οὶ
2603 4503 2794 4570 εὐθεῐς
2819 4505 2884 4557 τὸ
2912 4503 3080 4570 πρωῒ,
3111 4499 3372 4558 τουτέστι,
3399 4496 3631 4567 ταχέως,

2061 4592 2342 4663 διηνεκῶς,
2377 4591 2469 4642 καὶ⁵
2510 4588 2630 4642 ούδέ
2679 4588 2871 4658 χρόνου
2921 4587 3238 4656 δεήσονται,
3279 4582 3398 4636 οῦδὲ
3447 4580 3631 4644 πόνου,

2063 4678 2183 4731 οὐδὲ
2221 4671 2528 4746 μελλήσεῶς
2557 4689 2720 4734 τινος.
2762 4669 2994 4741 Τοιαύτη
3029 4669 3134 4739 γὰρ
3169 4671 3203 4740 ή
3234 4667 3342 4720 τῶν
3379 4663 3635 4736 πραγμά-

2063 4780 2170 4816 των
2204 4759 2385 4828 ιρύσις,
2419 4760 2484 4827 τῇ
2517 4756 2684 4827 ἀρετῇ
2715 4755 2812 4826 τὴν
2845 4755 3042 4806 κακίαν
3071 4750 3362 4817 δουλεύειν,
3391 4751 3484 4802 καὶ
3508 4746 3635 4818 τρέε

2067 4861 2187 4916 μειν
2209 4843 2398 4912 αὐτὴν,
2429 4840 2523 4893 καὶ
2555 4839 2845 4892 δεδοικέναι
2865 4853 2907 4900 σ,
2940 4837 3042 4890 κᾶν
3071 4835 3236 4906 μυρία
3255 4833 3635 4904 ἐπιτρίμματα

2065 4914 2205 4997 αὕτη
2236 4927 2354 4997 ἔχῃ,
2386 4925 2480 4978 καὶ
2519 4921 2670 4993 [ειν]
2707 4920 2903 4983 πολλὰς
2935 4919 3032 4982 τάς
3077 4916 3418 4988 ὑπογραφάς,
3450 4914 3634 4984 ἐκείνη

2065 5014 2121 5068 δὲ
2165 5010 2346 5081 γυμνὴ
2395 5007 2464 5082 ᾗ,
2518 5006 2639 5060 καθ’
2681 5007 2879 5078 ἑαυτὴν
2928 5004 3322 5074 ἀγωνιζομένη.
3373 5000 3483 5055 Καὶ
3528 4998 3633 5070 μὴν

2066 5097 2370 5155 τούναντίον
2393 5093 2632 5164 ὁρῶμεν,
2666 5096 2820 5162 φησὶ,
2863 5090 3080 5153 τούτους
3116 5090 3337 5143 ἐκείνων
3371 5085 3636 5158 κρατοῦν-

2067 5201 2183 5246 τας.
2223 5178 2386 5232 Ἀλλά
2427 5178 2500 5248 μὴ
2530 5177 2590 5230 τὸ
2621 5175 2839 5245 σφάλμα
2871 5174 2971 5245 τῆς
3015 5173 3123 5227 τῶν
3158 5171 3368 5226 πολλῶν
3396 5170 3637 5232 διανοίας

2071 5268 2298 5337 ἴδωμεν·
2332 5261 2487 5314 τοῦτο
2516 5261 2624 5334 γὰρ
2673 5259 3096 5330 πεπλανημένης
3147 5255 3470 5326 ὑπολήψεως
3518 5257 3637 5308 ἐστι

2067 5354 2242 5422 ψῆφος
2262 5367 2273 5379 ·
2309 5348 2423 5401 ἀλλ’
2448 5348 2616 5418 αὐτὴν
2639 5347 2747 5399 τῶν
2773 5345 3112 5416 πραγμάτων
3135 5344 3233 5414 τὴν
3259 5342 3426 5412 ὀρθὴν
3455 5339 3637 5410 κρίσιν

2068 5434 2552 5504 διευκρινήσωμεν,
2590 5433 2683 5485 καὶ
2715 5429 2834 5500 ὄψει
2881 5428 3068 5482 τοῦτον
3099 5427 3399 5498 κρατοῦντα
3428 5425 3518 5479 τὸν
3550 5423 3637 5478 λό-

2068 5537 2184 5589 γον.
2219 5519 2399 5571 Ἔστω
2427 5517 2536 5588 γάρ
2576 5533 2660 5579 τις
2700 5515 2931 5588 πονηρὸς
2958 5511 3255 5582 δεσπότης,
3295 5510 3389 5563 καὶ
3420 5507 3636 5578 οἰκέτης

2132 5687 2159 5726 d
2188 5687 2269 5738 Sic
2291 5701 2405 5736 mss.
2431 5693 2480 5737 et
2507 5688 2676 5743 Savil.,
2700 5685 2870 5735 Morel.
2897 5697 3016 5734 vero
3039 5683 3120 5731 καὶ
3150 5682 3233 5743 διά-
3251 5679 3466 5742 βραχέων

2139 5771 2162 5798 ο
2191 5753 2306 5802 Post
2345 5751 2603 5799 δεδοικέναι
2645 5741 2811 5797 Morel.
2841 5747 2974 5798 addit
3002 5741 3373 5809 παρεσκεύασεν,
3392 5753 3505 5804 qua
3541 5749 3638 5792 vox

2074 5830 2174 5868 non
2199 5822 2277 5866 est
2297 5813 2346 5866 in
2369 5827 2481 5863 mss.
2507 5825 2600 5864 nec
2632 5811 2682 5862 in
2708 5813 2856 5863 Savxl.
