4080 6340
465 353 568 412 εστ

465 466 730 540 χρηστός·
791 465 992 535 μᾶλλον
1024 464 1101 529 δέ,
1148 465 1199 517 εἰ
1231 461 1440 534 βούλει,
1490 462 1574 530 ἐφ’
1619 461 1804 531 ἕτερον
1856 460 2040 533 μεῖζον

469 554 769 622 ὑπόδειγμα
802 554 889 606 τὸν
913 553 1068 620 λόγον
1094 552 1385 622 ἀνάγωμεν
1406 568 1419 581 ·
1452 551 1636 604 Ἔστω
1661 549 1912 620 βασιλεὺς
1947 566 2046 602 πορ-

467 643 652 714 νηρός,
683 644 778 695 καὶ
813 641 1028 712 ἰδιώτης
1056 642 1310 712 χρηστὸς,
1338 641 1538 711 ἴδωμεν
1567 640 1651 703 τίς
1678 639 1820 702 τίνος
1857 638 2045 708 κύριός

465 733 603 793 ἐστι,
634 731 726 783 καὶ
775 729 876 782 ποῦ
926 730 995 784 τά
1027 731 1124 800 τῆς
1157 729 1472 791 δεσποτείας
1515 727 1845 796 διαλάμπει·
1889 727 1974 788 τίς
2017 729 2046 780 ό

466 817 709 887 κρατῶν,
761 819 856 870 καὶ
905 817 989 880 τίς
1035 819 1064 870 6
1121 815 1512 887 κρατούμενος.
1569 815 1692 878 Πῶς
1755 810 1848 866 οὖν
1903 813 2047 866 εἰσό-

469 904 608 974 μεθα
637 905 826 970 τοῦτο;
866 905 1229 958 Ἐπιταττέτω
1265 903 1342 975 τῷ
1378 903 1560 975 ἰδιώτῃ
1602 905 1630 956 6
1666 902 1918 970 βασιλεὺς
1950 917 2044 952 πο-

463 991 629 1064 νηρόν
671 1009 723 1046 τι
765 995 996 1063 πρᾶγμα
1042 993 1138 1046 καὶ
1187 990 1564 1062 πλημμελείας
1605 990 1804 1058 γέμον·
1854 989 1907 1042 τί
1951 984 2044 1040 οὖν

462 1083 494 1134 6
534 1080 770 1151 χρηστὸς
810 1067 1021 1149 ἰδιώτης
1067 1080 1160 1133 καὶ
1193 1080 1461 1150 ύπήκοος;
1495 1078 1568 1131 Οὐ
1618 1077 1776 1146 μόνον
1820 1076 1920 1130 οὐκ
1967 1076 2046 1128 εί-

471 1166 573 1232 ξει,
596 1167 714 1220 οὐδέ
746 1167 1132 1230 ὑπακούσεται,
1159 1167 1294 1220 ἀλλά
1329 1165 1646 1238 πειράσεται
1680 1164 1774 1218 καὶ
1806 1164 1895 1218 τὸν
1925 1165 2044 1216 ἐπι-

462 1255 724 1307 τάττοντα
772 1257 1082 1322 ἀπαγαγεῖν
1115 1253 1208 1307 τοῦ
1265 1253 1650 1325 προκειμένου,
1685 1252 1791 1306 κᾶν
1839 1251 2043 1305 ἀποθακ

461 1345 573 1394 νεῖν
601 1341 716 1414 δὲῃ.
745 1343 841 1406 Τίς
865 1338 957 1396 οὖν
995 1342 1305 1413 ἐλεύθεροςς
1343 1343 1371 1394 6
1404 1340 1570 1394 ποιῶν
1596 1340 1624 1393 6
1655 1340 1920 1411 βούλεται.
1951 1340 2042 1392 καὶ

467 1425 599 1496 μηδὲ
630 1428 720 1479 τὸν
758 1425 985 1495 βασιλέα
1021 1425 1300 1489 δεδοικώς·
1335 1424 1368 1496 ἢ
1411 1427 1438 1479 6
1487 1425 1639 1496 παρά
1675 1425 1769 1478 τοῦ
1803 1424 2042 1494 ὑπηκόου

464 1513 1014 1583 καταφρονούμενος;
1057 1514 1169 1566 Καὶ
1216 1514 1302 1566 ἵνα
1358 1513 1432 1585 μὴ
1475 1513 1566 1566 ἐπὶ
1604 1513 2044 1583 παραδείγματος

461 1601 760 1671 ἀδιορίστου
803 1601 893 1654 τὸν
941 1600 1098 1669 λόγον
1139 1601 1565 1670 προαγάγωμεν,
1615 1602 1646 1671 ή
1693 1599 1786 1653 τοῦ
1841 1601 2041 1652 Πεντε-

464 1690 573 1760 φρῆ
615 1688 750 1760 γυνὴ
781 1691 812 1758 ἡ
851 1689 1124 1758 Αἰγυπτία
1155 1689 1276 1759 οὐχὶ
1321 1688 1530 1758 βασιλὶς
1556 1684 1669 1758 ἦν;
1710 1689 1830 1758 οὐχὶ
1863 1689 2044 1756 πάσης

461 1778 737 1846 Αἰγύπτου
783 1778 1031 1849 ἐκράτεις
1082 1777 1204 1847 οὐχὶ
1235 1777 1483 1830 σύνοικον
1525 1773 1636 1848 εἶχε
1673 1777 1938 1846 βασιλέας
1982 1777 2041 1828 οὐ

463 1865 660 1936 πολλὴν
693 1864 1077 1937 περιεϐάλλετο
1103 1863 1454 1928 δυναστείανς
1485 1863 1550 1917 Τί
1580 1864 1637 1918 δέ
1659 1865 1688 1917 6
1717 1865 1946 1935 Ἰωσήφς
1981 1865 2042 1916 ού

462 1954 673 2018 δοῦλος;
714 1955 813 2006 οὐκ
843 1953 1215 2023 αἰχμάλιιντοςς
1243 1953 1344 2009 οὐκ
1374 1952 1762 2023 ἀργυρώνητος
1793 1953 2041 2022 οἰκέτης;

460 2043 521 2094 οὐ
573 2042 712 2112 μετά
765 2042 944 2110 πάσης
988 2040 1089 2111 τῆς
1141 2039 1504 2110 παρατάξεως
1551 2040 1720 2108 αὐτῆς
1769 2039 2046 2092 ὼπλίσατο

462 2129 604 2184 κατὰ
631 2129 724 2183 τοῦ
761 2128 1063 2194 νεανίσκου,
1095 2129 1192 2198 οὐχ
1223 2129 1394 2199 ἑτέρῳ
1437 2127 1527 2180 τὸν
1580 2127 1817 2196 πόλεμον
1862 2129 2045 2198 ἐγχει-

463 2219 697 2290 ρίσασα,
743 2219 857 2272 ἀλλ’
901 2219 1038 2290 αὐτὴ
1074 2221 1210 2290 πρὸς
1261 2219 1360 2290 τὴν
1409 2216 1716 2289 παράταξιν
1767 2217 2036 2284 ἐλθοῦσα;

462 2306 560 2371 Τίς
605 2303 696 2362 οὖν
729 2309 786 2361 ἐν
813 2308 1028 2380 δουλείᾳ
1059 2309 1179 2362 τότε
1213 2303 1303 2379 ἦν,
1345 2309 1428 2371 τίς
1460 2307 1518 2359 δὲ
1547 2309 1607 2360 ἐν
1651 2306 1970 2379 ἐλευθερίᾳξ
2008 2307 2042 2378 ἡ

462 2395 707 2466 δεομένη,
736 2397 830 2450 καὶ
863 2395 1276 2468 παρακαλοῦσα,
1300 2397 1394 2450 καὶ
1425 2395 1763 2457 ἱκετεύουσα,
1799 2397 1894 2448 καὶ
1925 2396 2046 2450 οὐδὲ

463 2485 781 2557 ἀνθρώπου,
827 2486 964 2540 ἀλλά
1016 2487 1386 2558 πονηροτάτου
1441 2487 1650 2550 πάθους
1702 2487 2047 2558 αἰχμάλωτος

461 2573 756 2644 γενομένη·
789 2573 821 2645 ή
850 2575 878 2627 6
902 2573 1260 2644 καταφρονῶν
1287 2576 1381 2628 καὶ
1409 2574 1762 2644 διαδήματος,
1795 2573 1892 2628 καὶ
1923 2575 2048 2645 σκή-

462 2678 655 2732 πτρου,
685 2661 777 2714 καὶ
811 2661 1145 2731 ἀλουργίδος,
1194 2663 1289 2714 καὶ
1334 2661 1434 2730 τῆς
1485 2662 1785 2730 φαντασίας
1831 2661 2048 2731 ἐκείνης

462 2749 700 2819 ἀπάσης,
731 2749 824 2802 καὶ
851 2749 1172 2803 ἀνακόπτων
1203 2749 1371 2818 αὐτῆς
1395 2750 1464 2802 τά
1501 2750 1904 2820 μηχανήματα;
1936 2750 2048 2819 Οὐχ

463 2839 498 2907 ἡ
547 2837 644 2906 μὲν
696 2835 912 2906 ἀπῆλθε
957 2837 1472 2908 παρακρουσθεῖσα,
1524 2838 1616 2890 καὶ
1668 2837 1837 2909 ἑτέρῳ
1886 2837 2048 2890 πάλιν

464 2925 624 2980 πάθει
654 2926 919 2996 γενομένη
950 2926 1134 2998 δούλη,
1169 2925 1246 2996 τῷ
1277 2926 1433 2998 θυμῷ
1465 2925 1542 2996 τῷ
1571 2927 1770 2996 ἀλόγῳ,
1806 2929 1870 2998 τῇ
1904 2944 2050 2998 μιαι-

464 3013 656 3085 φονίᾳ·
691 3016 719 3068 6
747 3014 803 3068 δέ
833 3014 1023 3084 ἐξῆλθε
1066 3015 1295 3084 μυρίους
1341 3015 1640 3082 στεφάνους
1677 3016 1770 3068 ἐπὶ
1809 3014 1909 3083 τῆς
1953 3032 2047 3068 κε-

466 3103 646 3174 φαλῆς
672 3102 830 3174 ἔχων,
861 3103 956 3156 καὶ
996 3103 1053 3154 ἐν
1084 3104 1222 3174 αὐτῇ
1251 3105 1318 3174 τῇ
1348 3102 1565 3175 δουλείᾳ
1605 3102 1704 3173 τὴν
1736 3101 2048 3175 ἐλευθερίαν

466 3190 728 3262 μειζόνως
754 3190 1162 3260 διαλάμπουσαν
1195 3190 1444 3255 δεικνύς;

539 3299 590 3354 ι’.
613 3300 779 3354 υύδέν
797 3299 906 3371 γάρ
929 3299 1100 3364 οὕτως
1127 3299 1411 3371 ἐλεύθερον
1431 3300 1510 3364 ὡς
1530 3299 1720 3371 ἀρετὴ,
1735 3299 1888 3354 οὐδὲν
1906 3299 2050 3354 οὔτω

464 3387 648 3442 δοῦλον
681 3388 756 3451 ὡς
795 3387 984 3444 κακία.
1024 3387 1124 3440 Διά
1165 3386 1324 3440 τοῦτο
1353 3388 1448 3442 καὶ
1492 3387 1724 3458 ἀλλαχοῦ
1761 3390 1892 3458 φησί
1933 3405 2045 3452 τις·

465 3475 664 3545 Σοφὸς
718 3474 949 3542 οἰκέτης
1005 3477 1292 3542 κρατήσει
1361 3474 1675 3530 δεσποτῶν
1749 3477 2044 3545 ἀφρόνων.

471 3567 686 3634 Ὥσπερ
714 3566 822 3633 γὰρ
879 3564 1244 3635 αἰχμάλωτος,
1297 3565 1400 3619 κᾶν
1451 3567 1642 3637 μυρίον
1672 3565 1772 3637 ἔχῃ
1797 3566 2046 3634 πλοῦτον,

466 3653 533 3706 δι’
567 3653 698 3708 αὐτὸ
747 3653 903 3706 τοῦτο
950 3652 1180 3722 μάλιστα
1209 3653 1374 3708 πᾶσίν
1402 3655 1550 3706 ἐστιν
1581 3654 1870 3718 εὐάλωτος·
1907 3653 2047 3708 οὓτω

468 3747 564 3800 καὶ
593 3749 622 3800 ό
656 3745 760 3798 ὐπὸ
791 3745 900 3798 τῶν
945 3745 1132 3799 παθῶν
1171 3745 1544 3817 ἁλισκόμενος,
1604 3746 1848 3818 ἀράχνης
1902 3747 2048 3798 ἐστὶν

469 3838 863 3908 εὐτελέστερος.
895 3837 960 3889 Τί
985 3838 1039 3890 δὲ
1064 3839 1119 3890 ἐν
1147 3837 1402 3909 πολέμῳ;
1433 3838 1554 3908 οὐχί
1578 3838 1802 3901 τούτους
1831 3837 2049 3909 ὁρῶμεν

470 3928 835 4001 κρατοῦνταςς
867 3927 1014 3980 Τίδέ
1042 3928 1100 3980 ἐν
1137 3927 1426 3998 πράγμασι
1463 3929 1558 3980 καὶ
1597 3928 1843 3997 βουλαῖς;
1878 3930 1937 3981 οὐ
1980 3928 2048 3982 τὰ

468 4019 670 4074 τούτων
693 4019 912 4088 ἕστηκε,
941 4017 1044 4071 κᾶν
1079 4018 1264 4089 μηδεὶς
1305 4021 1334 4072 6
1365 4019 1684 4090 πειθόμενος
1713 4017 1778 4094 ᾖς
1814 4021 1879 4073 Τί
1909 4021 2048 4075 δὲέν

468 4115 581 4176 τοῖς
610 4111 747 4183 μετά
777 4111 980 4172 ταύτας
1012 4111 1110 4181 οὐχ
1140 4111 1168 4162 6
1191 4112 1288 4181 μὲν
1310 4109 1583 4174 πλούσιος,
1603 4111 1853 4184 καθάπερ
1883 4130 2049 4185 προσ-

470 4202 646 4274 αίτης,
689 4201 921 4270 σταγόνα
951 4201 1094 4271 ᾔτει,
1124 4201 1219 4253 καὶ
1256 4201 1356 4254 οὐκ
1387 4201 1784 4271 ἐπετύγχανεν;
1809 4205 1837 4255 6
1861 4203 1918 4255 δὲ
1952 4203 2050 4256 πέ-

471 4309 588 4364 νης,
616 4291 801 4362 ἐπειδὴ
842 4291 1126 4354 σπουδαῖος
1155 4290 1250 4343 καὶ
1286 4290 1537 4362 ἐνάρετος
1562 4287 1650 4362 ἦν,
1679 4293 1778 4345 οὐκ
1807 4293 1866 4346 ἐν
1894 4294 2048 4364 μεγί-

475 4401 576 4456 στῃ
593 4385 868 4457 εὐπραγία
890 4379 1093 4455 ἧν,τὴν
1122 4383 1290 4455 αὐτὴν
1323 4384 1401 4455 τῷ
1431 4385 1680 4456 Ἀϐραὰμ
1702 4384 1853 4455 λῆξιν
1879 4386 2045 4457 ἔχων;

471 4472 626 4546 [2‘20]
654 4473 718 4525 Τί
751 4472 807 4524 δὲ
834 4473 926 4524 ἐπὶ
972 4471 1082 4530 ,τῶν
1129 4471 1473 4538 ἀποστόλωνς
1523 4473 1640 4544 οὐχί
1668 4473 2045 4545 δεσμούμενοι,

475 4562 915 4632 μαστιγούμενοι,
973 4560 1141 4630 μυρία
1188 4560 1488 4629 πάσχοντες
1519 4559 1690 4622 δεινὰ,
1725 4561 1834 4614 τῶν
1877 4563 2048 4617 ταῦτα

475 4647 768 4702 ποιούντων
795 4647 1192 4719 περιεγίνοντο;
1228 4647 1507 4718 Ἐννόησον
1540 4646 1670 4714 γοῦν
1690 4649 1768 4711 εἰς
1795 4650 1926 4721 ὅσην
1953 4651 2051 4704 αὐ-

472 4738 598 4799 τοὺς
636 4735 868 4806 ἀπορίαν
898 4734 1173 4798 ἐνέϐαλον,
1193 4733 1267 4797 ὼς
1288 4733 1528 4798 ἐκείνους
1567 4732 1764 4802 λέγειν·
1799 4736 1861 4788 Τί
1879 4735 2045 4801 ποιήο

473 4841 663 4893 σομεν
683 4822 807 4890 τοῖς
833 4822 1166 4892 ἀνθρώποις
1195 4824 1461 4888 τούτοις;
1498 4823 1691 4875 Καίτοι
1731 4822 2046 4893 δεδεμένους

473 4907 639 4981 εἰχον,
665 4911 760 4963 καὶ
783 4911 840 4962 ἐν
870 4914 1018 4981 μέσῳ
1042 4908 1408 4981 δικαστηρίων
1447 4910 1926 4981 συνειλημμένους·
1951 4913 2046 4966 καὶ

472 4999 523 5051 οἰ
566 4999 665 5068 μὲν
706 4999 765 5053 ἐν
791 4997 940 5061 τάξει
987 4997 1278 5060 δικαστῶν,
1335 4997 1428 5050 καὶ⁸
1475 4996 1772 5065 ἀρχόντων,
1807 4999 1857 5051 οἰ
1894 4999 1951 5052 δὲ
1989 5002 2046 5053 ἐν

472 5087 623 5151 τάξει
654 5086 1018 5156 δικαζομένων
1041 5083 1409 5155 εἱστήκεισαν,
1441 5082 1557 5136 ἀλλ’
1583 5084 1732 5153 ὅμως
1763 5079 1909 5139 οὗτοι
1932 5086 2049 5140 τού-

471 5191 580 5228 των
609 5175 938 5246 ἐκράτησαν.
960 5173 1070 5226 Καὶ
1098 5169 1392 5241 πανταχοῦ,
1420 5171 1474 5224 εί
1495 5188 1579 5235 τις
1609 5171 1746 5241 μετά
1763 5173 2047 5243 ἀκριϐείας

474 5261 677 5324 ἐπεξίοι
725 5262 803 5331 τῷ
834 5261 996 5331 λόγῳ,
1023 5258 1114 5312 τὸν
1167 5259 1418 5329 ἐνάρετον
1454 5257 1642 5328 ὄψεται
1684 5259 1776 5312 τοῦ
1807 5262 2042 5332 πονηροῦ

474 5349 800 5421 κρατοῦντα,
854 5351 954 5417 τὴν
997 5347 1203 5416 κυρίως
1237 5357 1263 5385 ι
1309 5346 1595 5417 κράτησιν,
1626 5346 1686 5399 οὐ
1721 5347 1920 5420 ταύτην
1946 5351 2046 5421 τὴν

474 5436 581 5489 τῶν
614 5435 820 5490 πολλῶν
855 5436 951 5489 καὶ
978 5433 1179 5504 ψευδῆ,
1213 5433 1311 5502 τὴν
1351 5432 1776 5506 πεπλανημένην
1808 5436 1904 5489 καὶ
1950 5439 2048 5510 ρᾳ-

473 5523 601 5587 δίως
641 5523 1005 5593 ἐλεγχομένην
1024 5560 1039 5584 ,
1076 5520 1190 5574 ἀλλ’
1219 5519 1434 5591 ἐκείνην
1471 5521 1572 5593 τὴν
1604 5526 1920 5593 πεπηγυῖαν
1953 5526 2048 5580 καὶ

475 5610 748 5682 ἀκίνητον.
778 5611 888 5664 Καί
919 5611 958 5679 η
978 5609 1232 5679 βοήθεια
1243 5607 1440 5663 αὐτῶν
1465 5611 1946 5682 παλαιωθήσεται
1978 5615 2048 5670 ἐν

539 5789 569 5819 ⁸
590 5790 674 5840 Sic
694 5796 834 5842 recte
849 5805 960 5841 mss.
989 5797 1044 5841 el.
1067 5792 1216 5842 Savil.
1241 5791 1412 5845 Morel.
1435 5796 1613 5860 κυρίαν.

1099 350 1160 408 S.
1199 346 1486 405 JOANNIS
1521 341 2016 402 CHRYSOSTOMI
2053 342 2377 403 ARCHIEP.
2417 349 2966 410 CONSTANTINOP.

3600 347 3714 406 ΞΜ

2148 461 2228 528 τῷ
2255 462 2392 532 ᾄδῃ·
2443 467 2737 531 τουτέστιν,
2788 469 3098 536 ἀσθενήσει.
3144 469 3211 521 Ὃ
3249 465 3306 520 δέ
3337 464 3505 533 λέγει,
3560 462 3717 515 τοῦτό

2145 552 2318 606 ἐστιν·
2346 553 2427 607 Οὐ
2449 555 2609 624 μόνον
2632 556 2865 611 ἐνταῦθα
2887 559 3201 628 εὐχείρωτοι
3227 555 3460 616 ἐσονται,
3488 551 3713 622 μηδενὸς

2144 639 2464 708 ἀμύνοντος.
2517 641 2740 713 μηδενὸς
2771 647 2929 715 χεῖρα
2969 644 3276 715 ὀρέγοντος,
3320 643 3453 695 πᾶσι
3488 639 3714 710 προκεί-

2148 744 2320 796 μενοι,
2376 729 2512 784 ἀλλά
2542 732 2635 783 καὶ
2680 731 2741 784 τὸ
2793 731 3191 802 χαλεπώτερον,
3223 730 3344 783 οὐδέ
3374 730 3490 782 ἐκεῖ
3533 724 3712 790 ἱξουσί

2142 832 2263 867 τινα
2292 814 2384 868 τὸν
2430 818 2858 888 παριστάμενον,
2913 820 3008 873 καὶ
3049 816 3370 889 βοηθοῦντα,
3424 814 3519 868 καί
3558 815 3714 883 χεῖρα

2141 901 2424 973 ὀρέγοντα,
2459 905 2552 958 καὶ
2582 905 3068 977 παραμυθούμενον
3088 903 3265 958 αὐτῶν
3295 902 3391 974 τὴν
3421 901 3710 972 τιμωρίαν.

2143 990 2299 1043 Οῦτω
2344 993 2474 1060 γοῦν
2517 992 2640 1046 οὐτε
2692 995 2749 1048 αἰ
2795 993 3053 1064 παρθένοι
3099 994 3154 1046 αἰ
3195 992 3446 1062 φρόνιμοι
3507 990 3716 1058 μωραῖς

2147 1079 2408 1152 βοηθῆσαι
2455 1082 2701 1152 ἴσχυσαν,
2732 1084 2830 1153 οὐχ
2877 1084 2906 1134 ό
2969 1081 3218 1154 Ἀϐραὰμ
3258 1080 3336 1152 τῷ
3365 1077 3621 1148 πλουσίῳ,
3651 1076 3710 1127 οὐ

2144 1168 2290 1230 Νῶε,
2327 1171 2420 1224 καὶ
2457 1170 2598 1235 Ἰὼϐ,
2623 1171 2718 1224 καὶ
2751 1170 2966 1241 Δανιὴλ,
2992 1170 3127 1233 υἱοῖς
3157 1169 3249 1222 καὶ
3274 1166 3596 1236 θυγατράσι.
3639 1166 3715 1218 T6

2153 1258 2282 1329 γάρ,
2306 1260 2813 1328 Παλαιωθήσεται,
2845 1259 3132 1329 ἀσθενήσει
3158 1254 3712 1324 ἐστὶν,,ἀφανισθήσε-

2144 1361 2252 1398 ται·
2296 1345 2365 1399 T6
2393 1346 2502 1418 γὰρ
2532 1347 2976 1416 παλαιούμενον
3022 1345 3120 1398 καί
3154 1345 3482 1412 γηράσκον,
3533 1340 3713 1411 ἐγγὺς

2144 1437 2507 1508 ἀφανισμοῦ.
2545 1439 2638 1492 Ἐκ
2657 1437 2770 1507 τῆς
2798 1437 2983 1506 δόξης
3006 1435 3202 1491 αὐτῶν
3227 1433 3606 1502 ἐξώσθησαν.

2215 1563 2296 1624 Οὐ
2325 1569 2558 1642 μάλιστα
2592 1569 2919 1641 ἐπεθύμουν,
2948 1569 3015 1623 δι’
3053 1568 3082 1622 6
3127 1567 3304 1620 πάντα
3353 1566 3566 1619 ἐποίουν
3619 1563 3719 1616 καὶ·

2145 1659 2648 1730 ἐπραγματεύοντο,
2674 1657 2817 1712 ὥστε
2845 1659 2938 1712 καὶ
2964 1656 3104 1727 μετὰ
3122 1653 3377 1724 τελευτὴν
3403 1653 3558 1722 δόξης
3578 1652 3714 1704 ἀπο-

2145 1747 2340 1801 λαῦσαι
2366 1747 2587 1815 πολλῆς,
2602 1746 2690 1800 διά
2717 1747 2824 1801 τῶν
2847 1747 3164 1818 χρημάτων,
3192 1743 3281 1796 διά
3297 1741 3405 1795 τῶν
3433 1740 3714 1810 οἰκοδομη-

2149 1837 2355 1908 μάτων,
2377 1837 2466 1889 διά
2486 1835 2594 1889 τῶν
2623 1837 2829 1906 τάφων,
2863 1835 2953 1888 διὰ
2999 1833 3106 1887 τῶν
3139 1832 3416 1904 ὀνομάτων
3447 1829 3556 1882 τῶν
3596 1832 3714 1882 ἐπι·

2145 1924 2413 1995 κειμένων
2442 1927 2557 1987 τοῖς
2579 1924 2790 1993 τάφοις·
2815 1923 2910 1976 καὶ
2943 1922 3156 1988 τούτου,
3211 1921 3394 1992 φησιν,
3424 1916 3714 1972 ἐκπεσοῦν⁹

2144 2030 2264 2074 ται,
2314 2011 2342 2063 6
2391 2012 2625 2082 μάλιστα
2680 2012 2878 2075 αὐτοὺς
2926 2010 3111 2064 ἐλύπει
3163 2009 3371 2074 ζῶντας
3410 2008 3505 2060 καὶ
3543 2005 3720 2058 ταῦτα

2148 2098 2538 2170 μανθάνοντας.
2562 2099 2627 2150 Αἰ
2660 2099 2770 2169 γὰρ
2801 2099 3049 2153 τοιαῦται
3080 2097 3358 2168 οἰκοδομαὶ
3392 2092 3720 2166 κατηγορίαι

2143 2188 2256 2241 τῶν
2280 2185 2621 2240 ἀπελθόντων
2659 2187 2788 2242 εἰσί.
2819 2186 2946 2240 Κάν
2970 2186 3080 2258 γὰρ
3100 2186 3160 2240 τὸ
3191 2185 3349 2257 σῶμα
3387 2187 3452 2255 τῇ
3489 2184 3559 2252 γῇ
3583 2181 3716 2253 κρύ-

2147 2291 2370 2346 πτηται,
2415 2273 2528 2328 ἀλλ’
2561 2275 2713 2344 ὅμως
2740 2275 2789 2327 οἰ
2815 2273 2950 2327 λίθοι
2980 2274 3162 2344 φωνὴν
3183 2274 3398 2342 ἀφιᾶσι,
3428 2271 3547 2325 καθ’
3585 2270 3717 2324 ἐκά-

2147 2381 2279 2434 στην
2296 2361 2474 2416 αὐτῶν
2495 2361 2927 2434 κατηγοροῦντες
2953 2361 3162 2432 ἡμέραν
3186 2361 3287 2430 τῆς
3304 2359 3604 2431 ὠμότητος,
3619 2358 3718 2426 τῆς

2145 2451 2550 2522 ἀναισχυντίας,
2576 2451 2703 2514 τούς
2741 2451 2954 2512 κοινοὺς
2977 2450 3203 2520 ἐχθροὺς
3230 2447 3715 2519 ἀνακηρύττοντες,

2145 2544 2272 2606 τοὺς
2296 2542 2590 2614 παριόντας
2613 2540 2699 2593 ἀεὶ
2721 2540 2799 2604 εἰς
2828 2539 2968 2611 ἀράς
2993 2537 3380 2609 ἐπισπώμενοι,
3401 2536 3495 2590 καὶ
3531 2535 3718 2605 ἐγκλή-

2151 2648 2314 2700 ματα,
2351 2631 2445 2683 καὶ
2475 2628 2744 2691 διαϐολάς.
2799 2628 2933 2682 Ποία
2960 2624 3053 2682 οὖν
3089 2627 3226 2697 αὐτη
3253 2625 3399 2692 δόξα,
3448 2624 3718 2694 καταλιμ-

2149 2719 2340 2773 πάνειν
2371 2719 2672 2788 κατήγορον
2699 2717 2772 2788 μὴ
2795 2716 3048 2785 σιγῶντα,
3069 2716 3204 2770 ἀλλὰ
3226 2715 3312 2770 διὰ
3340 2716 3436 2784 τῆς
3456 2715 3629 2784 ὅψεως
3652 2715 3726 2767 τάξ

2148 2809 2363 2862 πάντων
2408 2807 2688 2875 ἀνοίγοντα
2729 2806 2992 2875 στόματα,
3021 2806 3113 2858 καὶ
3147 2803 3281 2876 πρὸς
3324 2805 3449 2867 τοὺς
3477 2803 3718 2874 ὁρῶντας

2148 2896 2396 2959 ἅπαντας
2424 2896 2518 2949 καί
2541 2894 2840 2966 παριόντας
2871 2893 3238 2965 σφοδροτάτην
3274 2892 3592 2962 ποιούμενον
3617 2891 3731 2960 τὴν

2148 2984 2398 3054 ἐντυχίαν
2431 2982 2572 3037 κατά
2605 2982 2712 3037 τῶν
2733 2981 3274 3053 οἰκοδομησαμένωνς
3309 2980 3375 3033 Τί
3385 2981 3592 3050 ’ταύτης
3621 2980 3718 3047 τῆς

2148 3072 2333 3135 ἀνοίας
2373 3070 2569 3140 γένοιτ’
2597 3069 2662 3123 ἂν
2714 3071 2856 3135 ίσον,
2885 3070 3015 3122 ὅταν
3061 3069 3284 3122 ποιῶσιν
3320 3059 3516 3137 ἀφ”ὧν
3560 3066 3718 3120 1:016:1-

2150 3157 2354 3223 ζονται,
2397 3158 2488 3226 ἀφ’
2521 3152 2596 3210 ὧν
2629 3156 3100 3228 καταισχύνονται,
3132 3156 3224 3226 ἀφ’
3251 3149 3327 3208 ὧν
3356 3153 3718 3225 κατηγοροῦν»

2147 3264 2257 3310 ται,
2295 3247 2388 3316 ἀφ’
2413 3243 2488 3299 ὧν
2509 3247 2602 3298 καὶ
2626 3246 2764 3316 μετὰ
2786 3244 3041 3316 τελευτὴν
3064 3244 3213 3316 παρά
3252 3242 3460 3296 πολλῶν
3497 3242 3719 3312 ἀνορύτι-

2149 3355 2351 3394 τονται·
2382 3339 2478 3408 ἀφ’
2514 3332 2589 3392 ὧν
2613 3339 2797 3400 αὐτοῖς
2821 3338 2972 3408 ἀραὶ,
3001 3338 3095 3390 καὶ
3109 3335 3371 3400 διαϐολαὶ,
3403 3333 3721 3402 καϊέγκλή-

2154 3445 2301 3499 ματα
2337 3427 2526 3497 μυρία,
2578 3427 2674 3480 καῖ
2707 3425 2866 3496 παρά
2889 3425 2999 3480 τῶν
3054 3425 3420 3494 ἠδικημένων,
3461 3423 3554 3476 κα)⁸
3611 3422 3724 3474 τῶν

2150 3515 2250 3569 οὐκ
2297 3515 2670 3585 ήδικημένων;
2701 3513 2873 3581 Πλὴν
2917 3517 2951 3568 ό
3001 3513 3142 3579 Θεὸς
3202 3511 3562 3580 λυτρώσηαι
3604 3509 3720 3576 τὴν

2149 3604 2362 3674 ψυχήν
2384 3621 2503 3672 μου
2551 3603 2621 3657 ἐκ
2672 3603 2869 3672 χειρὸς
2917 3603 3086 3670 ᾅδου,
3133 3602 3279 3656 ὅταν
3313 3599 3582 3669 λαμϐάνῃ
3619 3616 3722 3667 ys;

2149 3690 2334 3745 Εἰπὼν
2359 3690 2465 3744 τῶν
2500 3690 2750 3760 πονηρῶν
2783 3693 2852 3744 τὰ
2895 3690 3169 3761 ἐπίχειρα,
3197 3690 3296 3760 τῆς
3339 3689 3608 3760 ἁμαρτίας
3651 3687 3722 3741 τὰ

2149 3778 2384 3848 ὀψώνια,
2411 3777 2558 3846 λέγει
2580 3779 2675 3832 καὶ
2705 3777 2775 3831 τὰ
2795 3777 2902 3831 τῶν
2931 3777 3184 3850 χρηστῶν
3202 3777 3431 3832 ἔπαθλα·
3449 3776 3478 3829 6
3509 3777 3599 3830 καὶ
3621 3777 3722 3829 αὐ-

2152 3865 2230 3936 τῷ
2261 3867 2355 3920 καὶ
2385 3866 2592 3937 ἐτέροις
2621 3865 2941 3937 προφήταις.
2970 3868 3142 3918 ποιεῖν
3175 3865 3327 3928 ἔθος..
3361 3864 3501 3918 ῶστε
3534 3863 3724 3917 ἐκατέι

2155 3953 2324 4026 ρωθεν
2359 3953 2640 4025 ῥυθμίζειν
2676 3953 2766 4006 τὸν
2800 3953 3094 4025 ἀκροατὴν,
3119 3953 3213 4007 καὶ
3233 3954 3300 4006 ἐκ
3316 3955 3414 4024 τῆς
3449 3951 3724 4015 κολάσεως

2149 4042 2257 4095 τῶν
2287 4039 2720 4111 ἁμαρτημάτων,
2751 4040 2844 4092 καὶ
2869 4041 2934 4093 ἐκ
2964 4039 3072 4092 τῶν
3097 4039 3344 4093 ἐπάθλων
3372 4039 3468 4110 τῆς
3497 4038 3720 4109 ἀρετῆς;

2149 4129 2229 4183 Τά
2260 4128 2410 4202 [221]
2447 4129 2542 4200 μὲν
2593 4124 2685 4182 οὖν
2738 4128 2962 4181 ἐκείνων
3003 4127 3248 4191 τοιαῦτα,
3285 4127 3467 4197 φησίν·
3503 4126 3720 4194 ἀτιμίαε,

2151 4217 2528 4288 ματαιοπονία,
2579 4217 2754 4279 ἀνοια,
2809 4215 3002 4284 γέλως,
3063 4215 3314 4286 αἰσχύνη,
3355 4213 3720 4283 πανωλεθρία,

2149 4305 2396 4368 θάνατος,
2415 4305 2674 4376 τιμωρία,
2692 4303 2910 4366 κόλασις
2926 4302 3193 4374 διηνεκὴς,
3210 4304 3272 4357 τὸ
3297 4303 3719 4373 εὐεπηρέαστον,

2147 4394 2207 4446 τὸ
2240 4392 2331 4446 καὶ
2357 4392 2516 4462 δόξης
2545 4391 2638 4444 καί⁵
2673 4391 2974 4460 ἀσφαλείας
3002 4389 3436 4452 ἐκπεπτωκέναι,
3463 4390 3555 4443 καὶ
3578 4388 3721 4452 ζῶν-

2145 4498 2243 4543 τας
2267 4480 2361 4534 καὶ
2385 4478 2773 4541 τελευτῶντας,
2803 4478 2865 4531 τὸ
2894 4476 3296 4538 διαϐάλλεσθαι,
3316 4477 3380 4530 τὸ
3398 4478 3724 4547 κατηγορεῖὲ

2149 4568 2294 4631 σθαι,
2326 4567 2385 4620 τὸ
2410 4566 2678 4638 μηδεμίαν
2710 4565 2984 4637 εὐρίσκειν
3010 4564 3362 4636 παραμυθίαν
3408 4563 3608 4617 κακῶν.
3635 4563 3726 4616 Τὰ

2147 4654 2202 4708 δέ
2234 4655 2476 4724 ἡμέτερα
2532 4653 2840 4707 τούναντίον
2890 4652 3054 4718 ἅπαν,
3099 4650 3388 4722 ἀπαλλαγὴ
3422 4649 3736 4716 κολάσεως,

2149 4739 2428 4810 ἐλευθερία
2452 4737 2650 4808 ψυχῆς,
2680 4736 2969 4805 ἀσφάλεια,
3001 4735 3148 4802 δόξα,
3185 4735 3342 4806 τιμή.
3387 4733 3570 4790 Ταῦτα
3609 4733 3721 4802 γάρ

2149 4827 2325 4880 πάντα
2347 4824 2586 4897 ᾐνίξατο,
2645 4824 2842 4879 εἰπών·
2886 4824 3059 4888 Πλὴν
3105 4822 3317 4888 δ’Θεὸς
3356 4821 3737 4890 λυτρώσεταει

2147 4914 2264 4982 τὴν
2283 4913 2495 4983 ψυχήν
2515 4930 2634 4981 μου
2649 4912 2717 4966 ὲκ
2735 4911 2932 4982 χειρὸς
2963 4911 3130 4978 ᾅδου,
3167 4910 3312 4964 ὅταν
3328 4909 3600 4978 λαμϐάνῃ
3615 4925 3717 4977 με·

2149 5003 2281 5076 ᾲδην
2325 5000 2556 5054 ἐνταῦθα
2610 5000 2708 5070 τὴν
2755 4999 2978 5053 κόλασιν
3026 4998 3219 5066 λέγων,
3278 4996 3378 5061 τὰς
3409 4998 3720 5068 ἀφορήτους

2151 5089 2363 5152 ἐκείνας
2383 5087 2595 5151 ὀδύνας.
2623 5087 2903 5157 Ἐννόησον
2929 5085 2986 5139 δὲ
3015 5086 3110 5140 καῖ
3135 5085 3298 5156 ἡλίκα
3317 5084 3386 5138 τὰ
3411 5083 3657 5155 τῆςτιμῆ
3668 5101 3735 5148 ;,.

2148 5180 2210 5232 οὐ
2229 5177 2398 5247 ταύτῃ
2436 5176 2615 5246 μόνον,
2653 5175 2786 5230 ἀλλά
2813 5173 3006 5242 καὶτῷ
3040 5174 3383 5242 ἐπαγομένῳ.
3414 5174 3580 5226 Ὀταν
3607 5171 3719 5240 γὰρ

2147 5265 2397 5336 λαμϐάνῃ
2436 5280 2523 5334 με,
2548 5264 2702 5333 φησί,
2749 5263 2870 5315 τότε
2915 5261 3078 5315 αὐτὸν
3107 5260 3492 5332 ἀκριϐέστερον
3517 5259 3719 5328 δψομαι

2149 5353 2322 5425 ἢνῦν.
2361 5352 2475 5405 Νῦν
2523 5350 2633 5422 γὰρ
2658 5349 2745 5403 διά
2791 5347 3024 5411 πίστεως
3067 5344 3492 5418 περιπατοῦμεν,
3530 5345 3589 5397 οὐ
3627 5343 3721 5397 διὰ

2149 5440 2340 5506 είδους,
2370 5439 2490 5492 τότε
2510 5438 2566 5492 δέ
2597 5437 2886 5509 πρόσωπον
2935 5434 3077 5488 κατά
3120 5434 3148 5473 δ
3183 5432 3488 5505 πρόσωπον.
3527 5429 3717 5501 Τῆςδὲ

2145 5528 2327 5600 ψυχῆς
2375 5525 2770 5598 λυτρουμένης,
2809 5523 2902 5577 καὶ
2932 5521 2994 5574 τὸ
3042 5521 3200 5592 σῶμα
3250 5519 3565 5588 κοινωνήσει
3605 5515 3730 5571 tib“;

2145 5616 2384 5687 ἀγαθῶν.
2413 5613 2509 5682 Μὴ
2537 5611 2749 5682 φοϐοῦ,
2777 5610 2922 5666 ὅταν
2953 5607 3270 5679 πλουτήσῃ
3306 5606 3646 5676 ἄνθρωπος,
3674 5607 3734 5677 ἦν

2211 5798 2239 5842 ιι
2263 5795 2411 5850 Savil.
2438 5801 2489 5846 cl
2509 5792 2594 5844 alii
2615 5793 2757 5858 πρὸς.
