4108 6344
382 355 488 412 2757

382 467 502 539 quis
530 466 599 522 sit
622 463 871 521 dominus
899 462 1149 527 alterius,
1188 472 1244 517 et
1271 461 1487 517 ubinam
1531 460 1834 532 resplendet
1863 461 1962 515 do-

381 559 654 621 minatus;
683 557 803 626 quis
829 556 898 611 sit
925 554 1014 626 qui
1042 555 1306 624 imperat,
1337 562 1391 608 et
1417 555 1535 623 quis
1565 562 1714 622 paret
1743 553 1964 608 alterius

382 649 628 721 imperio.
659 647 938 715 Quomodo
965 661 1095 716 ergo
1131 646 1231 700 hoc
1255 645 1528 700 sciemus?
1567 645 1678 699 Rex
1710 660 1821 698 rem
1851 661 1962 698 ma-

382 745 488 799 lam
530 751 586 799 et
628 742 830 797 scelere
857 740 1070 812 plenam
1099 740 1302 810 privato
1332 741 1587 808 imperet;
1638 739 1762 809 quid
1811 739 1968 810 igitur

382 835 557 890 bonus
591 833 678 888 ille
721 833 956 902 privatus
988 841 1042 886 et
1069 831 1158 900 qui
1203 831 1254 886 ei
1300 829 1617 898 subjicitur?
1660 829 1774 884 Non
1807 829 1965 884 modo

383 944 491 983 non
514 926 818 997 acquiescet
838 967 852 988 ,
883 940 981 979 nec
1009 924 1254 986 obediet,
1284 923 1378 978 sed
1407 939 1527 978 eum
1552 926 1712 978 etiam
1743 923 1831 992 qui
1862 923 1962 976 im-

383 1027 574 1088 perat,
620 1018 898 1072 conabitur
924 1015 1190 1071 abducere
1232 1015 1300 1070 ab
1345 1016 1620 1082 instituto,
1664 1016 1786 1070 licet
1828 1014 1961 1070 mori

381 1119 644 1180 Oporteat.
692 1110 822 1178 Quis
867 1118 950 1164 est
994 1124 1120 1178 ergo
1169 1107 1348 1162 liber?
1390 1108 1506 1162 isne
1550 1109 1639 1178 qui
1682 1107 1824 1177 quod
1855 1108 1965 1162 vult

383 1206 542 1271 facit,
571 1214 625 1261 et
653 1221 720 1259 ne
749 1219 927 1274 regem
955 1202 1169 1273 quidem
1209 1201 1395 1256 metuit
1424 1217 1436 1252 :
1465 1216 1532 1254 an
1564 1201 1654 1270 qui
1693 1216 1724 1255 a
1753 1199 1963 1256 subdito

381 1313 481 1354 suo
503 1295 905 1353 contemnitur?
937 1295 1005 1349 Et
1048 1310 1117 1348 ne
1161 1294 1215 1348 in
1245 1292 1448 1346 incerto
1475 1292 1718 1361 exemplo
1761 1292 1963 1362 prolixa

382 1399 596 1445 utamur
623 1388 866 1442 oratione
903 1404 916 1440 :
958 1400 1091 1440 uxor
1121 1385 1436 1454 Pentephrte
1461 1383 1710 1454 ngyptia
1737 1422 1752 1446 ,
1784 1397 1961 1436 annon

383 1491 498 1538 erat
523 1481 704 1551 regina
732 1477 806 1550 (ιι)
831 1479 854 1532 ?
881 1493 1057 1533 annon
1099 1478 1192 1531 toti
1222 1476 1455 1547 Egypto
1482 1475 1746 1545 prteerat?
1783 1489 1961 1530 annon

382 1571 612 1629 habebat
646 1587 827 1642 regem
857 1569 1176 1640 conjugem?
1209 1584 1385 1623 annon
1418 1568 1704 1624 maximam
1734 1568 1963 1625 habebat

383 1672 696 1734 potestatem
725 1661 876 1732 (Gen.
906 1661 995 1718 '59.
1024 1660 1134 1730 7)?
1163 1659 1298 1726 Quid
1337 1659 1464 1714 vero
1498 1658 1738 1728 Joseph?
1781 1675 1962 1716 nonne

383 1754 611 1812 servus?
655 1768 834 1808 nonne
863 1752 1144 1822 captivus?
1185 1765 1361 1805 nonne
1389 1748 1620 1805 famulus
1646 1751 1961 1822 emptitius?

382 1864 558 1905 nonne
597 1848 683 1902 illa
726 1847 981 1902 adversus
1019 1845 1408 1900 adolescentem
1436 1860 1650 1899 omnem
1675 1846 1846 1899 aciem
1875 1845 1960 1899 in-

381 1941 612 2006 struxit,
647 1953 750 1993 non
793 1938 881 1991 alii
928 1937 1050 1992 belli
1097 1951 1277 1991 curam
1307 1937 1682 2001 committens,
1725 1937 1816 1992 sed
1848 1937 1961 2007 ipsa

381 2034 710 2091 descendens
738 2033 794 2089 in
822 2033 1033 2088 aciem?
1079 2032 1210 2098 Quis
1249 2047 1376 2102 ergo
1423 2040 1551 2086 tunc
1592 2040 1708 2088 erat
1751 2045 1958 2095 servus,

381 2130 502 2200 quis
531 2128 707 2183 liber?
736 2127 894 2182 illane
923 2142 1042 2196 qua:
1068 2125 1404 2196 precabatur,
1437 2127 1653 2189 orabat,
1681 2133 1735 2180 et
1760 2125 1962 2196 suppli-

382 2221 556 2285 cabat,
581 2228 637 2275 et
661 2234 770 2274 non
798 2219 1020 2282 homini,
1044 2219 1138 2273 sed
1164 2218 1557 2287 improbissimo
1581 2218 1740 2272 animi
1771 2218 1962 2274 morbo

383 2309 646 2365 serviebat
669 2326 682 2363 :
705 2324 776 2364 an
800 2309 844 2364 is
869 2309 956 2380 qui
982 2308 1356 2364 contemnebat
1374 2307 1640 2374 diadema,
1666 2318 1956 2378 sceptrum,

383 2418 707 2473 purpuram,
750 2411 806 2458 et
850 2417 1062 2457 omnem
1106 2402 1246 2456 illam
1291 2411 1567 2456 externam
1620 2402 1852 2472 speciem
1898 2417 1962 2458 ac

384 2509 652 2565 pompam,
682 2503 736 2549 et
766 2493 1102 2549 rescindebat
1125 2492 1241 2564 ejus
1264 2492 1748 2549 machinationem?
1774 2493 1962 2549 Nonne

383 2585 469 2640 illa
497 2585 710 2656 quidem
733 2585 996 2656 repulsam
1026 2600 1177 2655 passa
1203 2585 1443 2652 recessit,
1466 2594 1517 2639 et
1538 2585 1627 2639 alii
1650 2600 1834 2640 rursus
1853 2587 1962 2641 ani-

383 2679 454 2733 mi
476 2679 662 2734 morbo
680 2679 974 2748 mancipata
994 2687 1095 2744 est,
1125 2693 1316 2749 nempe
1346 2678 1459 2746 irin,
1484 2693 1602 2748 quae
1622 2678 1827 2734 ratione
1851 2694 1960 2733 non

384 2770 602 2840 regitur,
632 2779 684 2824 et
719 2757 1004 2835 vindictae}
1048 2769 1138 2824 hic
1165 2785 1294 2824 vero
1329 2769 1458 2824 exiit
1498 2769 1670 2838 capite
1714 2769 1961 2825 redimito

384 2861 595 2917 coronis
640 2861 955 2927 innumeris,
1003 2869 1058 2916 et
1101 2861 1152 2914 in
1199 2861 1312 2930 ipsa
1357 2861 1615 2916 servitute
1661 2860 1960 2917 libertatem

384 2953 556 3024 magis
592 2952 1023 3022 resplendentem
1065 2951 1400 3007 ostendens?

454 3046 543 3100 10.
578 3043 748 3099 Virtus
773 3044 966 3108 libera;
989 3043 1164 3097 vitium
1189 3059 1406 3097 seruum.
1433 3073 1504 3082 —
1531 3043 1671 3098 Nihil
1697 3052 1780 3101 est
1816 3045 1959 3100 enim

384 3153 536 3205 teque
557 3138 778 3192 liberum
805 3147 863 3193 ut
887 3138 1072 3204 virtus,
1105 3137 1232 3191 nihil
1257 3153 1408 3208 aeque
1433 3152 1646 3193 servum
1673 3147 1732 3192 ut
1753 3138 1958 3192 vitium.

385 3230 456 3285 Et
498 3231 616 3285 ideo
663 3230 793 3285 dicit
835 3230 996 3286 etiam
1039 3229 1164 3284 alibi
1207 3230 1469 3300 quispiam
1501 3246 1514 3283 :
1545 3229 1763 3299 Sapiens
1790 3245 1962 3285 servus

386 3324 617 3378 obtinebit
645 3323 957 3378 dominatum
995 3322 1048 3376 in
1076 3323 1303 3376 dominos
1331 3323 1621 3394 insipientes
1648 3321 1840 3393 (Prov.
1870 3324 1956 3377 17.

385 3415 482 3485 2).
526 3414 980 3482 Quemadmodum
1025 3415 1166 3469 enim
1205 3416 1483 3485 captivus,
1527 3415 1627 3469 etsi
1672 3415 1962 3470 immensas

386 3504 576 3561 habeat
600 3504 830 3568 divitias,
878 3519 945 3560 eo
992 3504 1106 3574 ipso
1145 3503 1301 3561 facile
1347 3508 1463 3575 capi
1511 3512 1684 3576 potest
1711 3515 1766 3561 et
1791 3520 1960 3576 expu-

383 3596 531 3666 gnari
557 3596 625 3651 ab
652 3596 899 3650 omnibus
927 3614 940 3649 :
968 3597 1039 3652 ita
1068 3597 1226 3650 etiam
1254 3597 1340 3667 qui
1383 3597 1451 3651 ab
1478 3597 1639 3651 animi
1679 3597 1959 3666 perturba-

386 3687 617 3742 tionibus
639 3695 826 3757 captus
854 3695 937 3743 est
954 3727 971 3753 ,
997 3695 1080 3743 est
1107 3689 1210 3743 tela
1238 3702 1447 3742 aranea:
1471 3687 1647 3742 vilior.
1669 3688 1804 3756 Quid
1835 3704 1960 3743 vero

385 3779 439 3834 in
469 3779 610 3835 bello
631 3780 655 3833 ?
679 3795 856 3835 annon
881 3795 976 3836 eos
1003 3779 1243 3835 videmus
1261 3781 1522 3838 vincere?
1557 3781 1694 3849 Quid
1722 3781 1774 3834 in
1801 3781 1960 3836 rebus

384 3870 674 3926 tractandis
711 3881 764 3925 et
791 3871 1196 3926 consultandis?
1236 3886 1410 3925 annon
1453 3887 1573 3941 qua:
1601 3871 1784 3926 dicunt
1810 3871 1960 3926 ﬁrma

384 3971 508 4016 sunt
534 3971 588 4017 et
617 3963 824 4018 stabilia
847 4003 863 4025 ,
906 3963 1005 4018 etsi
1036 3963 1211 4016 nullus
1239 3965 1464 4032 pareat?
1509 3964 1645 4029 Quid
1686 3974 1865 4018 autem
1907 3965 1960 4017 in

384 4055 449 4109 iis
475 4070 594 4125 qua:
622 4055 757 4110 hanc
783 4058 945 4110 vitam
987 4056 1427 4126 consequuntur?
1464 4072 1642 4110 annon
1683 4057 1834 4112 dives
1873 4056 1963 4111 ille

384 4157 650 4219 tamquam
681 4149 955 4203 mendicus
991 4158 1190 4219 guttam
1223 4149 1393 4218 petiit,
1437 4164 1536 4203 nec
1562 4164 1678 4203 eam
1706 4149 1963 4218 impetra-

383 4239 500 4292 vit?
541 4253 741 4308 pauper
765 4248 971 4303 autem,
1017 4239 1265 4308 quoniam
1296 4248 1411 4292 erat
1450 4239 1619 4293 bonus
1661 4247 1715 4293 et
1755 4239 1963 4293 virtutis

384 4327 673 4394 studiosus,
703 4343 878 4381 annon
909 4329 961 4382 in
993 4329 1221 4382 maxima
1248 4328 1344 4382 fuit
1382 4329 1648 4391 felicitate,
1687 4338 1742 4383 et
1775 4329 1962 4384 eadem

383 4423 433 4477 ei
461 4437 579 4477 sors
605 4437 723 4492 quae
748 4422 975 4476 Abrahae
1002 4421 1189 4492 obtigit
1217 4419 1367 4492 (Luc.
1397 4422 1482 4476 I6.
1505 4419 1576 4475 24
1595 4422 1661 4492 )?
1698 4421 1833 4489 Quid
1862 4438 1960 4476 au-

385 4523 494 4568 tem
524 4513 575 4568 in
606 4512 903 4583 apostolis?
944 4527 1118 4567 annon
1161 4514 1322 4568 vincti
1346 4554 1361 4578 ,
1405 4513 1582 4584 ﬂagris
1613 4516 1733 4568 (εωεί
1757 4555 1771 4579 ,
1805 4514 1962 4567 innu-

384 4621 532 4660 mera
562 4605 697 4661 mala
727 4605 890 4676 passi,
921 4620 1015 4660 eos
1039 4605 1360 4675 superabant
1387 4606 1478 4676 qui
1517 4606 1636 4659 illos
1662 4606 1814 4661 malis
1845 4605 1964 4660 afﬁ-

385 4697 597 4752 ciebant
633 4693 808 4766 (Rom.
838 4695 891 4752 8.
909 4696 1018 4762 57.;
1035 4694 1089 4748 2.
1113 4693 1235 4750 Cor.
1259 4695 1312 4749 4.
1333 4693 1427 4767 8)?
1446 4694 1631 4767 Cogita
1656 4711 1783 4768 ergo
1805 4711 1963 4766 quam

384 4787 546 4841 animi
588 4786 780 4842 dubios
821 4795 876 4842 et
919 4785 1204 4857 perplexos
1233 4802 1326 4841 eos
1367 4785 1698 4853 reddebant,
1745 4787 1880 4842 adeo
1910 4798 1967 4843 ut

384 4879 626 4936 dicerent
652 4896 666 4934 :
702 4880 836 4946 Quid
863 4880 1106 4950 faciemus
1136 4881 1212 4934 Itis
1252 4879 1535 4934 hominibus
1561 4880 1581 4950 (
1595 4880 1708 4934 Act.
1736 4881 1789 4935 4.
1818 4880 1967 4951 16)7

384 4970 546 5041 Atqui
573 4971 823 5026 tenebant
847 4983 940 5025 eos
963 4971 1190 5033 vinctos,
1216 4979 1271 5024 et
1297 4970 1348 5024 in
1374 4971 1564 5026 mediis
1578 4971 1792 5041 judiciis
1813 4987 1966 5026 com-

388 5062 714 5132 prehensos;
743 5069 800 5118 et
827 5061 1140 5118 obtinebant
1177 5061 1250 5116 illi
1287 5062 1499 5132 quidem
1532 5063 1702 5118 locum
1726 5063 1966 5133 judicum

385 5163 443 5208 et
467 5153 869 5223 magistratuum
891 5194 906 5222 ,
952 5153 1006 5208 hi
1034 5169 1160 5209 vero
1191 5162 1456 5224 tamquam
1487 5156 1563 5209 rei
1603 5155 1709 5211 illic
1734 5155 1964 5220 stabant,

389 5253 443 5300 et
473 5244 525 5297 hi
565 5252 742 5299 tatnen
781 5244 901 5300 illos
929 5244 1189 5300 vicerunt.
1221 5244 1429 5316 Ubique
1467 5245 1698 5317 denique
1719 5287 1734 5309 ,
1775 5247 1820 5302 si
1849 5249 1968 5318 quis

387 5335 671 5406 diligenter
698 5337 1037 5404 consideret,
1077 5338 1278 5393 videbit
1318 5340 1487 5395 virum
1529 5339 1726 5396 bonum
1755 5343 1970 5398 vincere

388 5428 560 5482 virum
586 5428 887 5499 improbum
917 5448 931 5484 :
961 5445 1129 5499 eaque
1158 5446 1284 5486 vere
1313 5440 1397 5486 est
1425 5432 1642 5486 victoria
1666 5473 1682 5497 ,
1723 5448 1828 5488 non
1853 5433 1970 5488 vul-

387 5521 530 5590 garis
561 5520 648 5575 illa
673 5535 791 5590 qua:
817 5520 949 5575 falsa
974 5531 1055 5577 est
1083 5530 1139 5577 et
1169 5522 1338 5577 fucata
1356 5563 1372 5587 ,
1413 5537 1477 5577 ac
1503 5538 1622 5593 quae
1659 5525 1812 5580 facile
1836 5540 1969 5580 con-

452 5624 526 5686 (a)
558 5631 674 5674 Cum
695 5627 764 5676 ait
785 5626 1077 5693 Petephren,
1123 5639 1216 5677 seu
1250 5627 1559 5693 Putipharem
1592 5627 1756 5693 fuisse,
1778 5642 1970 5693 regem,

392 5685 597 5750 ejusQue
614 5700 820 5754 uxorem
841 5685 1080 5754 reginam,
1099 5695 1238 5752 tropo
1253 5685 1495 5754 modoque
1529 5689 1760 5754 loquendi
1783 5685 1877 5740 non
1904 5685 1974 5742 in;

390 5751 727 5872 gﬁdugjnitur,
749 5763 849 5814 quo
869 5751 961 5802 rex
983 5752 1159 5803 dicitur
1182 5751 1228 5802 is
1243 5753 1326 5817 qui
1359 5751 1609 5814 potestate
1619 5761 1670 5804 et
1686 5756 1975 5807 auctoritate

1468 345 1823 404 EXPOSITIO
1864 342 1926 398 IN
1968 343 2287 404 PSALHUM
2325 352 2553 411 XLVIII.

3545 371 3652 426 258

2071 463 2339 537 vincitur,
2377 471 2472 525 sed
2515 471 2606 527 illa
2648 473 2832 537 ﬁrma.
2871 478 3112 543 stabilis,
3152 492 3206 537 et
3249 482 3551 541 immobilis.
3584 489 3650 542 Et

2067 560 2317 614 auxilium
2359 577 2532 618 eorum
2575 574 2841 622 veterascet
2884 570 2938 624 in
2981 572 3180 644 inferno
3208 589 3228 628 :
3259 574 3360 632 hoc
3399 586 3503 643 est,
3547 581 3650 634 erit

2067 651 2412 709 imbecillum.
2457 657 2610 723 Quod
2653 669 2833 716 autem
2878 661 3038 732 dicit,
3063 673 3145 720 est
3187 666 3448 736 ejusmodi
3483 687 3498 726 :
3529 670 3645 726 Non

2065 741 2237 796 solum
2285 742 2372 798 hic
2411 746 2562 802 l’acile
2587 750 2704 818 capi
2737 761 3021 820 poterunt,
3053 756 3200 811 nullo
3227 772 3384 828 opem
3418 759 3645 827 ferente,

2066 832 2213 887 nullo
2244 850 2458 891 manum
2486 839 2777 908 prmbente,
2802 844 3048 899 omnibus
3073 849 3318 915 expositi,
3349 849 3456 905 imo
3483 852 3646 908 etiam

2065 925 2204 993 quod
2233 936 2317 981 est
2344 929 2591 998 gravius,
2634 946 2704 988 ne
2746 933 2854 989 illic
2881 935 3093 1004 quidem
3125 937 3394 996 habebunt
3431 943 3521 1013 qui
3549 942 3630 999 de

2064 1017 2266 1092 fendat,
2298 1035 2454 1090 Opem
2482 1021 2650 1089 ferat,
2686 1040 2898 1080 manum
2926 1027 3193 1097 praebeat,
3222 1041 3278 1087 et
3304 1047 3488 1088 eorum
3514 1049 3638 1105 sup-

2065 1107 2280 1178 plicium
2332 1114 2657 1168 consoletur.
2700 1115 2883 1186 Itaque
2933 1134 3033 1174 nec
3078 1120 3308 1191 virgines
3356 1125 3644 1194 prudentes

2063 1202 2242 1257 stultis
2288 1219 2444 1274 opem
2491 1204 2633 1262 ferre
2678 1217 2964 1277 potuerunt
3009 1211 3232 1281 (Matth.
3257 1214 3345 1270 25.
3376 1214 3492 1285 9),
3537 1233 3643 1272 non

2063 1292 2331 1347 Abraham
2357 1294 2506 1350 diviti
2535 1296 2708 1367 (Luc.
2734 1298 2822 1354 l6.
2849 1299 2920 1356 25
2940 1301 2988 1370 ),
3020 1317 3125 1358 non
3161 1302 3274 1360 Noe
3295 1345 3310 1370 ,
3340 1313 3396 1360 et
3415 1305 3550 1375 Job,
3583 1318 3639 1364 et

2065 1382 2249 1439 Daniel
2280 1385 2402 1440 ﬁliis
2438 1388 2496 1436 et
2535 1384 2755 1445 ﬁliabus
2792 1388 3015 1460 (Ezeclt.
3047 1392 3134 1447 ﬂ.
3162 1393 3288 1464 20).
3318 1395 3450 1452 Illud
3475 1398 3640 1465 enim,

2073 1474 2376 1544 Veterascet,
2405 1486 2509 1544 est,
2537 1479 2638 1533 erit
2667 1480 3008 1548 imbecillum,
3039 1495 3322 1541 evanescet
3347 1502 3411 1542 ac
3435 1487 3640 1544 delebi-

2063 1573 2152 1620 tur
2179 1583 2194 1620 :
2227 1565 2376 1633 Quod
2403 1569 2545 1622 enim
2579 1572 2832 1624 veterascit
2875 1589 2936 1626 ac
2973 1577 3312 1641 consenescit,
3358 1594 3461 1631 non
3495 1578 3644 1648 longe

2062 1659 2200 1714 abest
2235 1660 2298 1714 ab
2333 1662 2554 1716 interitu.
2595 1663 2639 1716 A
2675 1663 2843 1735 gloria
2869 1682 2962 1721 sua
2999 1669 3248 1724 exturbati
3289 1680 3406 1724 sunt
3436 1671 3640 1743 (Hebr.

2062 1752 2116 1808 8.
2147 1753 2214 1806 15
2231 1754 2274 1820 ).

2112 1843 2438 1898 Monumenta
2455 1847 2670 1916 superba
2689 1850 3031 1905 accusationes
3057 1861 3388 1908 mortuorum.
3402 1885 3474 1894 —
3489 1854 3641 1922 Quod

2063 1937 2294 1992 maxime
2318 1938 2716 2005 desiderabant,
2747 1950 2966 2012 pr0pter
2983 1943 3124 2014 quod
3150 1946 3326 2000 omnia
3355 1947 3639 2012 faciebant,

2062 2039 2117 2084 et
2164 2029 2298 2084 nihil
2339 2047 2445 2086 non
2489 2032 2870 2102 moliebantur,
2918 2051 3109 2107 nempe
3153 2046 3211 2093 ut
3249 2049 3369 2109 post
3410 2051 3638 2097 mortem

2062 2137 2310 2193 magnam
2353 2123 2453 2178 sibi
2497 2135 2746 2194 pararent
2784 2128 3004 2197 gloriam
3030 2169 3047 2196 ,
3086 2144 3182 2199 per
3217 2131 3504 2200 pecunias,
3548 2149 3644 2203 per

2062 2216 2309 2280 aediﬁcia,
2341 2231 2437 2286 per
2459 2219 2724 2288 sepulcra,
2751 2235 2850 2290 per
2871 2221 3084 2275 nomina
3111 2221 3363 2293 inscripta
3386 2225 3436 2278 in
3463 2225 3643 2295 sepul-

2061 2309 2207 2374 cris;
2247 2306 2317 2362 ab
2341 2322 2428 2374 eo,
2457 2309 2648 2378 inquit,
2679 2310 2953 2377 excident,
2982 2311 3124 2382 quod
3149 2328 3243 2368 eos
3270 2314 3497 2370 maxima
3528 2330 3645 2370 mo-

2061 2396 2213 2453 lestia
2242 2398 2508 2455 afﬁciebat
2535 2399 2661 2455 dum
2701 2401 2980 2469 viverent,
3018 2412 3072 2458 et
3096 2403 3211 2459 hmo
3237 2405 3456 2461 scirent.
3492 2405 3641 2460 Talia

2061 2489 2205 2544 enim
2249 2489 2472 2545 aediﬁcia
2523 2501 2650 2546 sunt
2694 2493 3068 2550 accusationes
3115 2504 3467 2552 mortuorum.
3511 2496 3642 2552 Nam

2062 2582 2161 2637 etsi
2187 2597 2385 2652 corpus
2415 2591 2554 2638 terra
2582 2591 2806 2656 tegatur,
2840 2585 3042 2656 lapides
3071 2595 3246 2641 tamen
3274 2601 3461 2644 vocem
3490 2589 3644 2644 emit-

2064 2682 2200 2742 tunt,
2247 2689 2432 2729 eorum
2479 2675 2847 2732 crudelitatem
2893 2687 2948 2732 et
2987 2678 3365 2749 impudentiam
3408 2681 3644 2751 quotidie

2061 2775 2393 2833 accusantes,
2435 2784 2748 2824 communes
2776 2785 2868 2825 eos
2894 2769 3075 2825 hostes
3103 2771 3521 2839 proclamantes,
3548 2788 3644 2828 eos

2060 2859 2150 2930 qui
2179 2868 2524 2929 praetereunt,
2551 2869 2610 2915 ut
2635 2875 2727 2915 eos
2756 2859 2887 2916 diris
2915 2869 2968 2916 et
2996 2861 3291 2916 maledictis
3321 2877 3642 2933 persequan-

2063 2959 2148 3005 tur
2173 2960 2227 3006 et
2253 2961 2546 3018 accusent,
2582 2952 2888 3008 invitantes.
2933 2953 3188 3021 Qumnam
3230 2962 3313 3009 est
3356 2969 3484 3025 ergo
3526 2954 3642 3010 hzec

2059 3042 2263 3112 gloria,
2302 3052 2665 3098 accusatorem
2711 3043 3013 3114 relinquere
3057 3057 3162 3098 non
3205 3051 3506 3111 tacentem,
3547 3045 3641 3100 sed

2062 3133 2180 3189 solo
2206 3145 2422 3204 aspectu
2450 3150 2544 3189 ora
2571 3135 2810 3190 omnium
2839 3135 3188 3204 aperientem,
3216 3146 3271 3189 et
3294 3134 3434 3206 apud
3455 3150 3642 3192 omnes

2061 3227 2154 3296 qui
2183 3225 2364 3281 vident
2400 3234 2455 3282 et
2495 3227 2796 3292 accedunt,
2827 3241 2920 3281 eos
2949 3226 3042 3297 qui
3068 3226 3400 3282 mdilicarunt
3435 3228 3641 3298 gravis-

2061 3320 2198 3374 sime
2223 3319 2626 3389 increpantem?
2651 3319 2915 3388 Quidnam
2943 3328 3118 3389 potest
3140 3335 3262 3375 cum
3289 3319 3390 3375 hac
3411 3319 3641 3375 conferri

2063 3411 2307 3476 stultitia,
2335 3410 2548 3480 quando
2575 3425 2637 3466 ea
2664 3410 2866 3467 faciunt
2889 3409 2958 3465 de
2984 3411 3176 3480 quibus
3203 3411 3512 3481 puniuntur,
3545 3426 3643 3481 pro

2062 3502 2253 3573 quibus
2281 3511 2602 3558 accusantur
2621 3545 2636 3570 ,
2674 3509 2894 3574 propter
2921 3517 3041 3572 qua:
3069 3502 3231 3557 etiam
3271 3511 3391 3572 post
3415 3511 3641 3558 mortem

2061 3613 2092 3651 a
2119 3596 2298 3652 multis
2321 3595 2642 3652 effodiuntur
2668 3615 2680 3649 :
2710 3611 2773 3650 ex
2803 3595 2993 3666 quibus
3021 3595 3434 3662 exsecrationes,
3463 3611 3643 3666 repre-

2063 3689 2348 3744 hensiones
2377 3696 2432 3742 et
2457 3688 2618 3742 multa
2645 3687 2868 3742 crimina
2901 3687 3143 3742 oriuntur
3163 3728 3177 3754 ,
3208 3697 3313 3742 tam
3339 3685 3410 3742 ab
3449 3687 3527 3742 eis
3551 3687 3640 3757 qui

2062 3780 2254 3850 injuria
2277 3778 2450 3834 affecti
2476 3787 2618 3843 sunt,
2640 3793 2798 3849 quam
2820 3778 2908 3848 qui
2937 3792 3041 3832 non
3066 3776 3240 3832 aﬁ‘ecti
3265 3778 3420 3832 sunt?
3443 3776 3530 3832 16.
3548 3776 3641 3830 Ve-

2061 3881 2341 3925 rumtamen
2364 3868 2503 3923 Deus
2524 3869 2730 3922 redimet
2750 3869 2972 3922 animam
2995 3883 3154 3921 meam
3177 3867 3240 3920 de
3261 3883 3414 3920 manu
3434 3867 3640 3940 inferni,

2061 3965 2265 4037 quando
2285 3965 2529 4034 acceperit
2555 3979 2653 4016 me.
2687 3962 2971 4032 Postquam
2996 3961 3128 4015 dixit
3154 3959 3454 4016 mercedem
3477 3960 3644 4014 maleo

2062 4072 2180 4111 rum
2206 4098 2221 4123 ,
2253 4065 2306 4110 et
2331 4053 2652 4124 stipendium
2685 4053 2906 4122 peccati,
2948 4052 3077 4107 dicit
3111 4052 3270 4124 etiam
3297 4050 3514 4120 praemia
3544 4050 3644 4104 bo-

2064 4163 2256 4203 norum
2289 4166 2304 4201 :
2335 4146 2476 4218 quod
2505 4155 2559 4201 et
2583 4145 2698 4215 ipse
2725 4156 2780 4200 et
2813 4145 2901 4199 alii
2930 4143 3202 4214 prOphette
3241 4143 3418 4199 facere
3445 4143 3640 4210 solent,

2063 4249 2122 4296 ut
2166 4256 2230 4296 ex
2274 4248 2500 4310 utroque
2542 4237 2845 4293 auditorum
2891 4236 3189 4301 instituant,
3241 4250 3432 4306 nempe
3475 4243 3530 4290 et
3571 4251 3638 4290 ex

2065 4334 2241 4404 panis
2266 4342 2606 4404 peccatorum
2631 4372 2644 4397 ,
2678 4343 2732 4388 et
2761 4347 2826 4386 ex
2865 4329 3098 4402 praemiis
3121 4329 3351 4384 virtutis.
3398 4328 3474 4383 Ita
3516 4343 3644 4398 ergo

2065 4440 2124 4479 se
2151 4425 2348 4479 habent
2371 4439 2458 4479 res
2484 4424 2718 4488 illorum,
2748 4420 2985 4487 infamia,
3009 4421 3158 4475 labor
3180 4419 3373 4484 inanis,
3397 4419 3642 4486 stultitia,

2066 4518 2225 4580 risus,
2253 4515 2485 4571 dedecus
2505 4556 2520 4581 ,
2551 4514 2826 4579 interitus,
2856 4527 3001 4568 mors
3021 4554 3036 4581 ,
3065 4521 3410 4579 tormentum,
3447 4526 3643 4583 perpe-

2066 4617 2217 4662 tuum
2261 4607 2615 4678 supplicium,
2663 4605 2922 4660 molestiis
2969 4604 3264 4674 expositum
3309 4619 3340 4658 a
3379 4604 3547 4674 gloria
3591 4614 3646 4660 et

2066 4698 2355 4755 securitate
2391 4697 2681 4763 excidisse,
2708 4698 2858 4751 vivos
2886 4704 2941 4750 et
2978 4704 3246 4762 mortuos,
3279 4696 3561 4767 vituperari
3592 4705 3650 4752 et

2068 4789 2330 4854 accusari,
2363 4788 2563 4842 nullum
2590 4787 2834 4842 invenire
2859 4785 3122 4841 malorum
3149 4785 3416 4841 solatium.
3457 4785 3648 4842 Nostra

2068 4891 2246 4936 autem
2272 4887 2459 4935 contra
2488 4893 2548 4934 se
2575 4878 2778 4934 habent
2803 4876 3004 4945 omnia,
3041 4877 3285 4932 Iiberatio
3310 4892 3341 4932 a
3365 4877 3646 4948 supplicio,

2069 4973 2285 5027 libertas
2313 4971 2540 5038 animae,
2577 4970 2870 5037 securitas,
2903 4969 3110 5036 honor,
3135 4969 3321 5042 gloria.
3355 4971 3480 5026 Haec
3505 4971 3648 5026 enim

2069 5065 2248 5118 omnia
2275 5063 2647 5131 subindicavit,
2673 5078 2793 5118 cum
2815 5063 2976 5118 dixit:
2992 5062 3344 5120 Verumtamen
3367 5063 3506 5118 Deus
3533 5062 3652 5118 red-

2069 5159 2189 5211 imet
2229 5158 2452 5212 animam
2480 5173 2641 5212 meam
2669 5157 2733 5211 de
2757 5174 2912 5212 manu
2942 5159 3151 5229 inferni,
3175 5159 3380 5228 quando
3403 5158 3652 5228 acceperit

2070 5265 2149 5302 me
2183 5265 2202 5303 :
2230 5250 2426 5304 inferos
2464 5248 2553 5304 hic
2596 5249 2781 5304 dicens
2824 5249 3138 5320 supplicium
3163 5290 3179 5318 ,
3225 5250 3492 5305 cruciatus
3533 5250 3652 5305 illos

2074 5343 2457 5399 intolerabiles.
2506 5341 2797 5397 Considera
2845 5353 3022 5397 autem
3065 5350 3293 5412 quantus
3337 5342 3409 5396 sit
3456 5341 3649 5408 honor,

2077 5450 2184 5490 non
2217 5444 2434 5506 propter
2458 5434 2561 5490 hoc
2591 5443 2794 5490 tantum
2816 5476 2831 5501 ,
2863 5435 2958 5490 sed
3001 5436 3162 5490 etiam
3187 5443 3406 5506 propter
3434 5434 3488 5490 id
3508 5435 3652 5505 quod

2075 5527 2431 5598 subiungitur.
2471 5527 2603 5582 Cum
2643 5527 2803 5594 enim,
2848 5526 3037 5597 inquit,
3077 5526 3345 5596 acceperit
3377 5540 3493 5592 me,
3529 5534 3654 5582 tunc

2075 5619 2250 5690 ipsum
2287 5618 2479 5674 videbo
2520 5618 2720 5674 clarius
2759 5634 2918 5689 quam
2967 5631 3126 5672 nunc.
3168 5614 3322 5670 Nunc
3367 5616 3510 5671 enim
3558 5631 3655 5686 per

2077 5712 2236 5768 ﬁdem
2263 5712 2616 5776 ambulamus,
2641 5727 2746 5765 non
2765 5723 2865 5776 per
2890 5707 3146 5778 speciem,
3169 5716 3297 5763 tunc
3320 5718 3498 5763 autem
3521 5707 3656 5766 facie

2081 5805 2146 5862 ad
2172 5805 2359 5862 faciem
2395 5805 2479 5877 (t.
2502 5802 2622 5859 Cor.
2657 5802 2736 5858 l5.
2771 5799 2890 5873 l2).
2915 5798 3209 5872 Redempta
3237 5808 3414 5857 autem
3450 5799 3654 5868 anima,
