4108 6344
482 369 589 425 239

482 496 676 551 corpus
702 494 911 556 quoque
933 479 1037 534 erit
1057 477 1320 534 bonorum
1341 478 1626 549 particeps.
1650 476 1741 532 Π.
1769 474 1855 530 Ne
1878 475 2055 528 timue-

482 576 554 626 ris
578 584 695 626 eum
715 571 851 625 diues
879 573 1045 642 factus
1071 569 1227 638 fuerit
1249 569 1399 622 homo
1418 608 1435 635 ,
1474 567 1554 622 vel
1577 582 1693 620 cum
1718 565 2060 635 multiplicata

485 664 634 734 fuerit
658 662 822 733 gloria
846 661 1026 714 domas
1053 660 1179 728 eius.
1207 659 1334 715 Haec
1359 672 1479 715 cum
1505 656 1576 713 ita
1602 671 1662 713 se
1689 658 1935 720 habeant,
1970 656 2053 710 in.

483 754 618 824 quit,
648 753 771 824 quid
799 755 956 809 times
982 754 1262 822 praesentia
1284 750 1314 806 ?
1349 751 1477 822 quid
1513 758 1568 805 te
1610 748 1750 803 male
1775 747 1935 803 habet
1971 747 2056 802 in-

482 844 642 915 opial
685 842 812 915 quid
856 843 1108 898 formidas
1154 841 1413 898 divitem?
1454 839 1712 895 Audivisti
1755 851 1874 908 quae
1916 836 2055 892 dicta

483 943 606 990 sunt
650 934 717 990 de
758 935 1171 999 resurrectione,
1213 932 1280 987 de
1320 932 1583 987 bonorum
1627 929 1948 995 hereditate,
1987 927 2056 982 de

480 1026 745 1097 supplicio
772 1023 1075 1080 malorum?
1107 1024 1242 1093 Quid
1274 1023 1490 1077 umbras
1513 1021 1763 1090 deinceps
1798 1020 2055 1090 pertinac-

479 1117 632 1174 scis‘l
673 1117 768 1174 llla
794 1117 934 1172 enim
962 1125 1086 1170 sunt
1116 1117 1265 1169 lirma
1290 1129 1353 1170 ac
1376 1114 1607 1178 stabilia,
1637 1112 1753 1167 haec
1778 1127 1908 1168 vero
1932 1118 2058 1166 sunt

481 1208 675 1262 similia
701 1206 920 1263 ﬂoribus
950 1206 1038 1276 qui
1077 1204 1414 1260 ﬂaccescent.
1451 1203 1708 1259 Omnibus
1736 1202 1915 1273 itaque
1939 1202 2057 1257 aliis

484 1298 888 1369 praetermissis,
914 1312 1090 1352 arcem
1118 1297 1379 1351 malorum
1417 1295 1647 1360 invasit,
1686 1307 1878 1364 nempe
1913 1293 2053 1348 divi-

482 1391 672 1444 tiarum
712 1389 1057 1459 cupiditatem
1094 1406 1109 1442 :
1147 1402 1211 1443 ea
1253 1387 1397 1442 enim
1442 1386 1617 1441 diruta
1641 1426 1657 1453 ,
1701 1386 1805 1440 alia
1842 1396 2055 1456 quoque

480 1480 638 1535 simul
668 1481 1037 1536 destruuntur.

551 1570 637 1625 11.
680 1570 748 1623 Ει
770 1570 1037 1640 quomodo
1065 1585 1169 1623 non
1199 1568 1397 1623 timebo
1416 1609 1430 1633 ,
1461 1567 1666 1638 inquit,
1696 1581 1791 1622 eos
1814 1566 1902 1637 qui
1931 1576 2053 1621 tan-

482 1669 590 1713 tum
635 1660 903 1728 possunt?
944 1658 1184 1714 Potentia
1218 1668 1300 1713 est
1341 1658 1406 1712 ad
1449 1657 1614 1713 breve
1657 1667 1889 1726 tempus,
1917 1657 2054 1711 vires

479 1749 637 1805 unius
685 1752 828 1805 horae
854 1791 868 1813 ,
909 1751 1097 1805 transit
1149 1765 1323 1804 rerum
1376 1763 1684 1815 successus,
1735 1749 1952 1803 umbras
2001 1756 2056 1804 et

478 1841 684 1895 somnia
714 1841 984 1895 imitantur
1011 1840 1278 1910 pecuniae,
1309 1839 1536 1907 divitiae,
1563 1848 1618 1894 et
1645 1838 1819 1893 honor
1848 1847 2050 1905 tantus,

479 1941 533 1986 et
557 1932 678 1987 ideo
709 1932 981 2002 subjunxit
1007 1952 1022 1986 :
1053 1933 1141 1988 l8.
1181 1932 1433 1999 Quoniam
1473 1948 1589 1985 cum
1628 1931 1904 1999 interierit,
1952 1946 2055 1985 non

477 2032 638 2076 suntet
683 2023 886 2089 omnia,
933 2039 1092 2090 neque
1130 2022 1392 2077 descendet
1430 2039 1546 2076 cum
1588 2039 1646 2077 eo
1692 2022 1856 2092 gloria
1899 2023 2054 2093 ejus:

476 2114 802 2184 subjungens
820 2130 1053 2179 causam,
1081 2129 1174 2169 cur
1195 2130 1300 2168 non
1322 2114 1505 2169 timeat
1529 2129 1647 2184 quae
1668 2123 1792 2168 sum
1812 2128 2054 2169 momen-

481 2214 655 2261 tauea.
680 2205 833 2261 Venit
852 2221 1018 2273 mors,
1041 2206 1274 2262 radicem
1292 2206 1534 2271 abscidit,
1559 2216 1612 2262 et
1633 2206 1881 2261 universa
1900 2220 2054 2261 coma

479 2294 674 2352 decidit
716 2311 839 2352 cum
884 2295 1047 2364 foliis,
1091 2305 1147 2352 et
1181 2297 1371 2352 domus
1413 2296 1568 2353 facile
1602 2297 1720 2366 capi
1767 2304 1943 2367 potest
1987 2297 2056 2351 ab

400 2390 405 2395 ’
479 2388 747 2444 omnibus.
788 2388 1241 2456 Quemadmodum
1285 2404 1416 2460 ergo
1456 2405 1585 2445 oves
1630 2398 1686 2446 et
1720 2405 1895 2459 capra:
1933 2392 2056 2461 post

479 2479 769 2535 sectionem
808 2480 1071 2550 jacentem
1097 2481 1342 2537 arborem
1370 2480 1655 2536 invadunt:
1698 2481 1766 2536 ita
1796 2482 1957 2536 etiam
2001 2481 2055 2535 in

479 2571 547 2626 iis
583 2572 674 2642 qui
727 2571 834 2628 hoc
874 2572 1037 2628 modo
1080 2582 1205 2629 sunt
1240 2574 1451 2640 divites,
1496 2574 1645 2628 multi
1680 2574 1858 2637 amici,
1902 2573 2055 2627 multi

480 2676 668 2719 eorum
691 2678 825 2734 quos
845 2663 1116 2719 beneﬁciis
1134 2664 1445 2732 affecerunt,
1474 2664 1811 2719 inveniuntur
1831 2679 1919 2719 res
1939 2664 2058 2718 illo-

483 2769 599 2809 rum
629 2754 849 2824 perdere
877 2766 929 2810 et
953 2764 1232 2820 evertere;
1260 2765 1315 2811 et
1338 2756 1427 2827 qui
1458 2765 1535 2811 tot
1560 2764 1615 2811 et
1640 2763 1779 2810 tanta
1810 2754 2052 2826 posside-

482 2846 591 2911 bat,
620 2855 697 2902 tot
724 2846 1060 2916 pocillatores
1080 2887 1095 2913 ,
1127 2854 1205 2901 tot
1230 2861 1428 2916 coquos
1451 2888 1469 2912 ,
1503 2854 1740 2901 crateres
1767 2861 1959 2901 aureos
2001 2854 2057 2900 et

480 2946 761 3007 argenteos
791 2938 1037 3001 habebat,
1066 2946 1140 2992 tot
1168 2947 1224 2992 et
1248 2947 1391 2993 tanta
1422 2946 1575 2993 terra:
1598 2936 1781 3007 jugera
1801 2978 1818 3002 ,
1843 2936 2052 3002 domos,

482 3031 765 3099 mancipia,
794 3046 993 3100 equos,
1023 3031 1217 3096 mulos,
1248 3031 1481 3086 camelos
1498 3073 1513 3097 ,
1540 3042 1713 3086 castra
1738 3045 2011 3085 servorum
2035 3068 2052 3098 ,

480 3123 625 3178 solus
645 3122 773 3187 abit,
795 3135 849 3179 et
872 3139 1029 3179 nemo
1057 3140 1177 3179 cum
1199 3139 1265 3180 eo
1287 3124 1528 3187 discedit,
1552 3139 1650 3179 nec
1674 3124 1817 3193 ipsas
1840 3123 2053 3193 quidem

481 3223 657 3268 vestes
684 3228 917 3268 sumens.
945 3215 1061 3281 Quo
1089 3215 1230 3270 enim
1260 3214 1421 3270 fuerit
1448 3214 1775 3283 splendidius
1814 3213 2052 3281 indutus,

482 3310 629 3358 tanto
656 3303 933 3358 lautiorem
959 3319 1195 3360 mensam
1224 3305 1390 3359 vermi
1419 3318 1608 3374 parans
1635 3303 1856 3371 recedit,
1886 3314 1940 3358 et
1965 3319 2054 3358 se-

482 3398 785 3467 pulcrorum
815 3396 1155 3451 eﬂ'ossoribus
1180 3397 1491 3468 ampliorem
1521 3396 1862 3466 cupiditatem
1883 3435 1898 3462 ,
1923 3407 1976 3450 et
2000 3396 2053 3451 in

482 3488 737 3543 miserum
760 3502 953 3556 corpus
976 3488 1204 3556 majores
1230 3487 1467 3543 insidias.
1496 3487 1612 3554 Quo
1637 3488 1777 3542 enim
1802 3504 1861 3542 se
1886 3488 2055 3558 magis

480 3589 705 3634 exornat
727 3621 740 3640 .
769 3595 835 3634 eo
864 3580 914 3632 in
960 3594 1020 3634 se
1045 3581 1299 3648 majorem
1330 3580 1700 3635 contumeliam
1742 3591 2051 3650 comparat,

480 3687 670 3727 manus
696 3686 882 3726 eorum
906 3672 995 3742 qui
1023 3671 1207 3727 thecas
1232 3670 1488 3725 effodiunt
1506 3686 1717 3725 armans
1746 3672 1797 3725 in
1820 3673 2050 3741 seipsth

480 3773 537 3819 et
579 3764 829 3819 invitans.
858 3762 926 3818 Et
967 3762 1094 3834 quid
1141 3764 1293 3817 tum?
1332 3764 1576 3832 inquies:
1616 3773 1669 3818 at
1716 3763 1805 3818 hic
1841 3763 2051 3836 quidem

480 3865 624 3911 certe
652 3871 710 3911 se
725 3856 907 3929 jactat,
928 3858 1205 3927 gloriatur,
1226 3863 1279 3911 et
1302 3855 1603 3910 intumescit
1628 3870 1794 3925 usque
1819 3855 1882 3909 ad
1906 3872 2052 3910 mor-

480 3955 608 4003 tem.
628 3946 737 4001 lmo
752 3963 878 4001 vero
897 3946 1048 4001 multi
1068 3961 1136 4002 ne
1153 3945 1220 4000 ad
1239 3957 1463 4001 mortem
1486 3944 1727 4016 quidem;
1755 3945 1846 4001 sed
1864 3947 1916 4001 in
1939 3947 2054 3999 illos

477 4038 678 4093 coortis
712 4037 1126 4105 insidiatoribus,
1173 4037 1443 4107 quibusvis
1479 4038 1584 4092 reis
1623 4037 1865 4107 graviora
1913 4037 2051 4107 passi

479 4138 623 4193 sunt,
656 4131 873 4199 pecunia
902 4129 1142 4199 spoliati,
1173 4128 1391 4184 infamia
1415 4130 1602 4195 notati,
1636 4130 1688 4184 in
1713 4144 1928 4187 carcere
1953 4129 2052 4185 ha-

478 4220 728 4277 bitantes.
755 4220 857 4288 Qui
901 4221 1042 4276 enim
1084 4220 1199 4276 heri
1237 4221 1294 4276 in
1335 4235 1513 4284 curru,
1544 4221 1701 4277 hodie
1740 4222 1795 4276 in
1837 4230 2053 4290 catt-na;

478 4313 571 4382 qui
601 4314 711 4369 heri
742 4313 1125 4369 observabatur
1149 4313 1218 4368 ab
1242 4313 1621 4379 adulatoribus,
1654 4330 1794 4370 nunc
1816 4330 1847 4369 a
1875 4316 2052 4370 carni-

482 4405 668 4460 licibus
707 4403 1014 4471 obsidetur;
1059 4405 1150 4475 qui
1195 4415 1461 4475 unguenta
1517 4406 1726 4473 elebat,
1778 4422 1921 4461 nunc
1971 4416 2052 4462 est

482 4509 758 4563 respersus
782 4495 1064 4565 sanguine;
1083 4496 1170 4565 qui
1200 4495 1256 4550 in
1286 4495 1429 4550 molli
1449 4494 1587 4551 lecto
1607 4497 1968 4563 accumbebat,
2000 4498 2051 4551 in

482 4586 619 4640 duro
642 4586 759 4641 solo
779 4586 958 4656 jacet;
991 4587 1078 4657 qui
1104 4587 1173 4642 ab
1197 4586 1443 4641 omnibus
1466 4587 1757 4655 colebatur,
1779 4588 1848 4641 ab
1876 4589 2051 4642 omni-

481 4679 582 4734 bus
607 4680 979 4735 contemnitur.
1011 4683 1079 4734 At
1112 4679 1165 4733 in
1193 4689 1363 4734 morte
1388 4681 1504 4746 ejus
1531 4688 1655 4734 sunt
1687 4678 1976 4750 magniﬁcae
2001 4689 2054 4735 et

480 4770 771 4842 splendidae
789 4771 1074 4841 exsequias.
1097 4771 1164 4826 Et
1181 4771 1305 4842 quid
1331 4770 1398 4826 ad
1422 4771 1589 4837 illum,
1619 4772 1708 4842 qui
1732 4788 1836 4827 non
1856 4772 2055 4828 sentit?

477 4862 645 4932 Major
670 4863 844 4927 fmtor,
875 4863 1045 4932 major
1069 4861 1278 4925 horror,
1307 4861 1498 4916 invidia
1530 4863 1932 4919 vehementior:
1971 4871 2056 4918 est

477 4955 622 5011 enim
666 4952 789 5009 filiis
829 4968 949 5007 cum
988 4962 1202 5008 mortuo
1246 4952 1443 5009 bellum
1486 4964 1794 5024 perpetuum
1836 4963 2054 5025 propter

480 5048 626 5105 illam
667 5045 1131 5118 magnificentiam.
1173 5044 1309 5100 Vide
1340 5055 1519 5101 autem
1540 5061 1699 5116 quam
1728 5047 1800 5102 sit
1834 5047 2053 5102 verbum

473 5149 728 5196 accurate
762 5137 989 5208 positum
1011 5177 1026 5199 .
1053 5145 1109 5192 et
1148 5152 1306 5208 quam
1353 5138 1424 5193 sit
1459 5152 1646 5209 magna
1698 5139 2052 5210 philosophia.

476 5230 595 5287 Non
622 5229 796 5286 solum
819 5231 960 5284 enim
984 5243 1108 5283 eum
1134 5243 1205 5283 ex
1226 5243 1291 5283 eo
1312 5228 1621 5295 insectatur,
1652 5229 1793 5298 quod
1822 5243 1929 5285 non
1950 5245 2051 5285 una

478 5320 752 5388 recedant,
780 5319 875 5376 sed
899 5319 1057 5375 etiam
1082 5334 1204 5375 eum
1230 5317 1318 5374 hic
1333 5320 1476 5374 omni
1505 5333 1697 5389 pompa
1721 5329 1774 5374 et
1800 5330 2051 5391 apparatu

480 5413 694 5485 spoliat,
715 5422 773 5470 et
804 5427 905 5471 nec
938 5411 1148 5467 divitias
1169 5409 1381 5482 quidem
1408 5425 1528 5466 esse
1563 5410 1815 5478 ostendit,
1843 5412 2053 5480 quando

477 5519 665 5562 carum
704 5502 1039 5576 possessione
1076 5502 1363 5558 fruebatur.
1401 5500 1516 5556 Non
1544 5501 1677 5557 dixit
1711 5502 1888 5567 enim,
1917 5499 2051 5556 Cum

476 5596 821 5669 multiplicata
850 5595 1009 5652 inerit
1030 5596 1195 5666 gloria
1218 5593 1354 5665 ejus,
1379 5594 1493 5661 sed,
1526 5592 1703 5650 Gloria
1724 5596 1902 5648 domus
1920 5594 2048 5663 ejus.

480 5688 609 5745 Haec
630 5689 771 5745 enim
790 5688 989 5756 omnia,
1013 5703 1133 5758 quae
1156 5688 1477 5749 enumeravi,
1508 5686 1698 5750 fontes,
1723 5686 2049 5751 ambulacro,

473 5780 720 5848 porticus
734 5789 788 5836 et
813 5779 1019 5846 balnea,
1045 5794 1231 5834 aurum
1256 5786 1309 5835 et
1342 5787 1650 5849 argentum,
1671 5792 1792 5848 equi
1816 5786 1871 5833 et
1899 5776 2045 5844 muli,

1186 364 1246 421 S.
1283 362 1562 420 JOANNIS
1596 357 2067 417 CHRYSOSTOMI
2105 359 2420 415 ARClllEP.
2458 362 2987 421 CONSTANTINOP.

3632 370 3747 428 240'

2165 473 2410 543 stragula:
2437 486 2610 532 vestes
2636 484 2689 531 et
2714 476 3039 544 indumenta,
3063 488 3187 533 suat
3211 479 3377 550 gloria
3405 482 3611 549 domus,
3632 502 3735 541 non

2161 562 2392 621 hominis
2415 567 2507 637 qui
2535 568 2749 623 domum
2778 568 2997 625 habitat.

2236 653 2469 711 Hominis
2510 658 2672 729 gloria
2707 660 2879 715 uirtus.
2902 691 2978 702 —
3000 660 3241 717 Hominis
3278 667 3420 719 enim
3454 666 3616 737 gloria
3653 675 3743 723 est

2159 748 2324 803 virtus
2343 790 2359 814 ,
2389 750 2529 805 unde
2557 750 2713 805 etiam
2739 751 2885 807 vadit
2912 766 3017 807 una
3042 767 3163 807 cum
3199 767 3527 824 possessore.
3559 756 3735 812 Manet

2159 847 2332 894 autem
2360 840 2471 910 ipsa
2491 841 2680 897 domus
2702 842 2868 913 gloria
2893 859 2909 908 ;
2934 844 3039 897 imo
3063 859 3191 899 vero
3211 862 3277 901 ne
3299 854 3476 902 manet
3499 848 3737 917 quidem,

2159 929 2253 983 sed
2281 932 2439 984 etiam
2465 945 2569 986 una
2592 948 2712 987 cum
2751 934 2912 989 domo
2938 935 3247 991 dissolvitur
3268 978 3284 1005 ,
3321 954 3420 993 nec
3448 940 3741 1010 quidquam

2158 1021 2207 1075 ei
2237 1021 2432 1090 profuit
2473 1024 2562 1093 qui
2600 1023 2652 1078 in
2681 1040 2744 1079 ea
2776 1027 3123 1082 versabatur:
3153 1044 3325 1098 neque
3361 1029 3502 1085 enim
3528 1040 3642 1086 erat
3669 1032 3736 1086 il-

2158 1109 2281 1166 lius.
2311 1113 2398 1167 19.
2445 1113 2575 1180 Quia
2611 1116 2781 1169 anima
2821 1118 2932 1186 ejus
2968 1117 3022 1171 in
3061 1120 3161 1172 vita
3203 1120 3364 1188 ipsius
3395 1117 3727 1176 benedicetttr.

2160 1205 2444 1276 Postquam
2466 1207 2598 1261 dixit
2621 1207 2691 1263 de
2718 1208 2835 1276 ejus
2858 1209 3024 1277 gloria
3050 1218 3106 1264 et
3128 1211 3343 1275 divitiis,
3377 1225 3518 1268 nunc
3542 1214 3737 1268 transit

2158 1297 2222 1352 ad
2252 1297 2530 1353 dicendum
2560 1298 2628 1354 de
2654 1299 2916 1354 laudibus.
2946 1300 3083 1368 Quia
3106 1302 3246 1355 enim
3275 1301 3467 1357 divites
3492 1302 3594 1358 hoc
3618 1318 3735 1357 ma—

2158 1402 2263 1458 gno
2304 1388 2479 1443 studio
2523 1399 2944 1460 persequuntur,
2998 1392 3407 1447 assentationem
3462 1393 3518 1447 in
3568 1389 3735 1460 foro,

2156 1478 2549 1533 observantiam
2574 1491 2603 1533 a
2636 1480 2849 1549 populo,
2881 1479 3116 1549 publicas
3141 1481 3491 1548 laudationes,
3512 1483 3729 1538 simula-

2158 1566 2302 1623 tione
2339 1568 2534 1622 relierta
2573 1570 2833 1635 encomia,
2872 1584 3224 1641 magnumque
3266 1586 3386 1627 esse
3431 1573 3641 1629 videtur
3673 1575 3731 1630 in

2158 1658 2408 1727 theatris,
2437 1658 2491 1715 in
2533 1660 2825 1725 conviviis,
2856 1661 2908 1716 in
2945 1661 3161 1731 judiciis
3204 1662 3391 1733 plausu
3419 1664 3588 1735 excipi
3612 1706 3628 1730 ,
3658 1666 3739 1722 ab

2157 1754 2404 1809 omnibus
2421 1753 2720 1824 praedicari.
2741 1753 2953 1809 beatum
2974 1755 3260 1810 existimari
3283 1772 3297 1809 :
3323 1755 3443 1810 vide
3460 1757 3737 1826 quomoda

2158 1844 2261 1900 hoc
2285 1859 2497 1916 quoque
2522 1844 2755 1900 detrahit
2778 1860 2844 1902 ex
2887 1852 3141 1914 tempore.
3177 1846 3244 1901 In
3269 1848 3371 1902 vita
3405 1849 3550 1903 enim
3575 1850 3686 1913 eius
3705 1888 3731 1915 ,

2157 1934 2356 2005 inquit,
2401 1934 2502 1990 hoc
2540 1943 2641 1999 est,
2686 1935 2800 1991 btec
2827 1935 3179 2004 observantia,
3227 1944 3285 1993 et
3320 1937 3441 2002 hoc,
3488 1939 3739 1994 laudibus

2156 2025 2318 2093 allici,
2357 2034 2441 2080 est
2480 2026 2551 2080 ad
2597 2036 2910 2096 praesentem
2950 2040 3119 2097 usque
3156 2027 3316 2082 vitam
3355 2045 3369 2083 :
3401 2044 3504 2083 una
3550 2036 3738 2084 autem

2156 2132 2280 2173 cum
2307 2118 2424 2172 aliis
2442 2116 2542 2173 hoc
2561 2132 2774 2188 quoque
2792 2118 3114 2184 dissolvitur,
3139 2127 3196 2172 ut
3214 2118 3354 2188 quod
3377 2118 3447 2172 sit
3469 2118 3735 2174 caducum

2155 2219 2214 2266 et
2234 2219 2688 2265 momemancum.
2724 2207 2831 2266 Sed
2858 2210 3020 2265 etiam
3055 2209 3269 2279 quando
3302 2209 3355 2264 id
3391 2210 3670 2265 exhibetur
3694 2227 3735 2266 a

2158 2299 2528 2368 laudantibus,
2575 2309 2696 2370 post
2743 2311 2967 2356 mortem
3013 2300 3216 2356 recedit
3265 2301 3319 2356 in
3372 2303 3724 2367 cultrarium,

2158 2393 2371 2465 quando
2394 2395 2537 2449 larva
2577 2403 2750 2450 metus
2777 2394 3011 2449 detracta
3040 2392 3221 2449 fuerit.
3249 2392 3575 2464 Conﬁtebitur
3600 2394 3687 2448 tibi
3708 2435 3725 2459 ,

2159 2501 2271 2538 cum
2292 2484 2588 2555 benefeceris
2612 2484 2677 2538 ei.
2703 2482 2835 2538 Vide
2852 2482 3119 2553 quomodo
3140 2492 3351 2538 accusat
3367 2483 3526 2539 etiam
3544 2498 3737 2539 eorum

2157 2573 2434 2630 beneﬁcia.
2466 2573 2545 2629 Tu
2577 2574 2719 2630 enim
2740 2573 3028 2629 assentaris
3057 2580 3115 2629 et
3136 2573 3420 2642 observas,
3447 2573 3737 2645 quamdam

2158 2666 2226 2722 ad
2253 2675 2461 2737 tempus
2500 2666 2888 2722 observantiam
2918 2666 3209 2721 simulans:
3237 2666 3326 2722 ille
3362 2677 3538 2723 autem
3569 2667 3730 2722 habe-

2158 2760 2238 2813 bit
2256 2760 2414 2815 etiam
2438 2759 2529 2815 tibi
2553 2759 2769 2830 gratias,
2798 2775 2825 2812 a
2854 2766 2905 2814 te
2931 2754 3141 2824 emens,
3160 2765 3217 2812 ut
3238 2774 3356 2830 quae
3372 2768 3497 2814 sunt
3509 2759 3558 2814 ei
3581 2768 3737 2829 grata

2158 2850 2341 2916 facias,
2368 2860 2424 2907 et
2440 2867 2631 2920 magno
2653 2850 2704 2905 id
2728 2864 2929 2913 emens,
2961 2858 3086 2906 tunc
3110 2850 3222 2913 tibi,
3241 2850 3440 2922 inquit,
3459 2861 3578 2920 aget
3600 2865 3729 2922 gra-

2160 2942 2278 2998 tias.
2307 2942 2419 2998 Hoc
2443 2943 2586 2998 enim
2606 2942 2704 2996 sibi
2726 2942 2832 2997 vult
2857 2940 2983 2996 illud
3009 2961 3023 2996 :
3051 2939 3376 3009 Conﬁtebitur
3395 2940 3505 3006 tibi,
3529 2941 3729 3010 quando

2158 3033 2452 3103 benefeceris
2489 3032 2607 3104 ipsi.
2647 3031 2765 3087 Non
2806 3031 2957 3098 dixit,
2997 3030 3219 3096 Quando
3264 3028 3456 3086 feceris
3491 3031 3633 3102 quod
3660 3030 3730 3085 sit

2160 3128 2308 3193 utile,
2335 3125 2544 3196 quando
2574 3123 2898 3179 benefeceris
2917 3164 2932 3189 ,
2962 3122 3056 3177 sed
3080 3164 3095 3188 ,
3125 3122 3349 3190 Quando
3383 3137 3504 3192 qua:
3527 3126 3651 3176 sunt
3677 3121 3737 3177 ei

2157 3216 2327 3282 cordi,
2354 3225 2408 3271 et
2430 3230 2546 3286 quae
2571 3229 2634 3269 ex
2664 3214 2780 3283 ejus
2799 3213 2959 3268 animi
2987 3214 3267 3278 sententia,
3296 3212 3521 3268 feceris:
3551 3220 3728 3267 osten-

2158 3307 2290 3362 dens
2317 3306 2560 3376 utrinque
2587 3318 2706 3361 esse
2728 3304 2978 3359 damnum
2995 3345 3007 3367 .
3033 3313 3087 3359 et
3114 3319 3181 3357 ex
3208 3302 3324 3358 (icta
3350 3303 3726 3368 assentatione,

2157 3407 2212 3454 et
2238 3414 2304 3453 ex
2337 3398 2631 3467 pernicioso
2661 3396 2971 3451 ministerio.
3006 3395 3081 3468 (α)
3110 3394 3201 3448 20.
3231 3393 3465 3448 Inlroibit
3492 3410 3650 3461 usque
3676 3394 3737 3448 in

2159 3490 2416 3560 progenies
2441 3497 2639 3557 patrum
2663 3502 2887 3552 suorum,
2914 3502 3068 3552 usque
3090 3487 3141 3539 in
3163 3496 3401 3539 attentum
3427 3502 3526 3539 non
3550 3484 3737 3538 videbit

2158 3580 2344 3635 lumen.
2377 3581 2463 3634 3|.
2490 3577 2556 3633 Et
2583 3579 2730 3633 Itomo
2759 3594 2871 3631 cum
2896 3577 2949 3631 in
2975 3578 3160 3630 honore
3181 3586 3303 3631 esset
3323 3592 3422 3629 non
3446 3575 3689 3629 intellexit
3709 3591 3729 3629 :

2155 3681 2477 3741 comparatus
2504 3680 2577 3726 est
2601 3670 2840 3743 iumentis
2876 3668 3220 3738 insipientibus
3237 3707 3257 3734 ,
3275 3676 3325 3721 et
3347 3667 3525 3720 similis
3562 3666 3731 3736 factus

2156 3774 2230 3819 est
2253 3763 2376 3819 illis.
2405 3761 2661 3826 luti-cibit,
2684 3761 2795 3816 sive
2819 3759 3110 3814 imitabitur
3134 3768 3338 3826 patrum
3369 3755 3559 3822 zelum,
3588 3764 3643 3809 et
3660 3772 3725 3811 ex

2159 3854 2414 3925 improbis
2455 3863 2628 3918 natus,
2681 3850 3072 3919 improbitatem
3130 3849 3182 3900 in
3229 3856 3429 3902 sortem
3453 3840 3685 3912 accipiet
3705 3862 3733 3911 ;,

2158 3947 2241 4000 vel
2281 3947 2360 4001 sic
2392 3945 2689 4014 intelligas:
2731 3942 2843 3997 Nisi
2877 3940 3002 4011 quid
3053 3939 3173 3995 boni
3206 3937 3410 4004 fecerit,
3442 3953 3506 3993 ex
3524 3941 3741 4001 divitiis

2157 4040 2288 4094 nihil
2312 4037 2513 4093 fructus
2539 4035 2843 4107 percepisse
2863 4032 3321 4103 deprehendetur:
3349 4031 3611 4100 relinquet
3633 4046 3729 4084 au-

2160 4139 2267 4186 tem
2294 4129 2522 4198 majores
2548 4142 2673 4182 suos
2696 4126 2749 4180 in
2775 4125 2992 4196 pulvere
3017 4138 3179 4193 usque
3212 4122 3280 4177 ad
3312 4121 3601 4190 judicium:
3633 4136 3731 4176 nvo

2156 4221 2448 4276 secundum
2508 4226 2708 4272 naturae
2761 4217 2927 4286 legem
2985 4216 3155 4270 lucem
3215 4214 3457 4282 aspicere
3516 4212 3727 4281 poterit.

2162 4312 2360 4367 Deinde
2390 4311 2614 4365 resumit
2642 4312 2828 4363 iterum
2859 4322 2925 4361 ea
2945 4321 3063 4375 quae
3090 4306 3233 4375 prius
3261 4303 3485 4365 dixerat,
3515 4304 3580 4358 iis
3608 4319 3735 4358 ver.

2158 4404 2279 4459 bis:
2310 4402 2373 4456 Et
2401 4405 2549 4456 homo
2573 4417 2687 4456 cum
2712 4401 2765 4454 in
2790 4401 2979 4453 honore
3003 4408 3130 4453 esset
3158 4413 3257 4452 non
3284 4396 3566 4451 intellexit:
3590 4413 3726 4451 com-

2159 4504 2366 4565 paratus
2391 4502 2462 4548 est
2489 4491 2733 4562 jumentis
2769 4487 3142 4558 insipientibus,
3188 4495 3233 4540 et
3265 4485 3443 4540 similis
3471 4489 3631 4556 factus
3658 4495 3730 4539 est

2157 4586 2280 4642 illis.
2317 4586 2427 4650 Ille,
2454 4585 2644 4653 inquit,
2670 4583 2757 4652 qui
2787 4583 2855 4636 ita
2887 4591 3127 4636 mortuus
3149 4589 3253 4645 est,
3283 4595 3381 4634 nec
3408 4578 3653 4648 pecunias
3675 4587 3739 4635 ut

2160 4696 2254 4750 par
2280 4689 2397 4735 erat
2422 4676 2767 4748 dispensavit,
2797 4674 2925 4729 nihil
2949 4689 2976 4727 a
3003 4673 3159 4729 bruto
3183 4671 3411 4736 differet,
3439 4680 3620 4742 utpote
3640 4673 3729 4739 qui

2157 4788 2190 4827 a
2244 4773 2353 4827 Deo
2387 4779 2661 4840 acceptum
2710 4768 2965 4823 honorem
3013 4780 3117 4820 non
3160 4766 3496 4832 cognoverit;
3544 4764 3743 4820 similis.

2160 4863 2330 4918 factus
2358 4871 2441 4917 est
2460 4860 2738 4930 jumentis,
2767 4872 2993 4928 quorum
3022 4856 3144 4909 vitae
3176 4853 3295 4908 linis
3324 4869 3424 4908 una
3456 4868 3604 4907 mors
3626 4865 3726 4910 est.

2161 4954 2205 5008 Α
2224 4952 2412 5024 quibus
2433 4951 2629 5005 utinam
2650 4948 2957 5010 liberemur,
2976 4955 3080 4999 tam
3100 4944 3364 5014 discipuli,
3386 4959 3542 5013 quam
3556 4943 3740 4998 docto-

2161 5059 2265 5104 res.
2292 5044 2342 5097 in
2370 5041 2580 5097 Christo
2606 5039 2730 5095 Jesu
2763 5036 2989 5092 Domino
3017 5047 3217 5099 nostro,
3245 5036 3331 5091 cui
3357 5035 3524 5105 gloria
3552 5044 3606 5090 et
3630 5035 3730 5088 int-

2163 5137 2361 5205 perium
2393 5136 2442 5187 in
2465 5132 2654 5188 saecula
2685 5130 3020 5184 stt-culorum.
3048 5131 3239 5182 Amen.

2614 5242 2677 5297 IN
2725 5238 3042 5296 PSALMUM
3086 5238 3269 5294 XLIX.

2164 5344 2213 5396 1.
2235 5340 2366 5394 Dens
2386 5340 2588 5393 deorum
2618 5337 2862 5390 Dominus
2883 5334 3119 5405 loquutus
3140 5346 3231 5401 est,
3253 5343 3300 5386 et
3312 5333 3500 5387 vocarit
3525 5342 3729 5393 terram;

2511 5448 2541 5484 a
2568 5428 2686 5483 solis
2716 5440 2827 5482 ortu
2853 5442 3007 5493 usque
3033 5427 3102 5480 ad
3128 5440 3377 5479 occasum.

2230 5525 2281 5580 1.
2300 5522 2416 5592 Ipse
2438 5537 2641 5592 quoque
2660 5520 2793 5575 dixit
2808 5518 2935 5573 alibi
2951 5536 2964 5573 :
2981 5517 3116 5572 Deus
3133 5517 3267 5572 stetit
3283 5516 3337 5569 in
3352 5514 3739 5584 congregatione

2221 5659 2295 5721 (tt)
2325 5665 2439 5721 Quae
2478 5663 2760 5721 sequuntur_
2786 5653 2846 5704 ad
2881 5650 3027 5703 ﬁnem
3069 5661 3223 5721 usque
3247 5648 3570 5721 Erpositionis

2156 5709 2325 5773 Psabiii
2342 5709 2525 5768 desunt
2542 5709 2590 5766 i'u
2618 5715 2802 5779 Morel.,
2821 5724 2969 5780 atque
2992 5727 3058 5766 ex
3081 5709 3221 5765 savii.
3248 5718 3301 5763 et
3318 5709 3385 5763 'ex
3408 5709 3579 5760 codice
3601 5717 3727 5758 υιυ-

2158 5784 2315 5833 uieusi
2334 5781 2587 5842 desumpta
2611 5786 2739 5829 sunt.
