4108 6344
300 389 416 448 259

307 504 456 556 ὅταν
480 497 797 568 ,πληθυνθῇ
825 500 863 569 ἢ
901 499 1050 563 δόξα
1077 497 1182 552 τοῦ
1218 496 1388 552 οῖκου
1426 496 1639 551 αὑτοῦ.
1673 494 1890 550 Τούτων

305 586 481 648 οὕτως
519 583 772 654 ἐχόντων,
802 583 955 652 φησὶ,
982 581 1034 633 τί
1059 581 1304 642 δέδοικας
1331 579 1401 634 τά
1433 580 1711 651 παρόντα;
1751 577 1804 631 τί
1833 594 1892 630 σε

305 670 470 724 λυπεῖ
496 667 684 732 πενίας
716 666 768 720 τί
793 665 930 738 φοϐῇ
962 665 1051 718 τὸν
1079 662 1341 734 εὐπορονς
1377 665 1650 726 Ἤκουσας
1671 662 1739 714 τα
1764 661 1893 732 περὶ

304 755 405 824 τῆς
458 751 828 813 ἀναστάσεως,
863 751 951 804 καὶ
1003 749 1104 818 τῆς
1131 747 1238 802 τῶν
1285 747 1504 814 ἀγαθῶν
1541 745 1766 810 λήξεως,
1798 748 1893 798 καὶ

307 837 409 906 τῆς
472 835 580 888 τῶν
638 832 888 903 πονηρῶν
934 830 1237 902 τιμωρίας;
1287 830 1351 881 Τί
1411 830 1588 882 τοίνυν
1649 828 1892 889 δέδοικας

305 919 495 970 λοιπὸν
547 918 644 981 τὰς
681 917 871 980 σκιάς;
928 913 1008 966 Τά
1052 915 1149 983 μὲν
1183 914 1291 984 γὰρ
1341 912 1544 983 μόνιμα
1583 911 1676 964 καὶ
1717 927 1894 980 πεπη-

307 1005 464 1072 γότα,
499 1004 713 1056 ἐκεῖνα·
742 1001 916 1053 ταῦτα
945 999 1022 1064 δὲ,
1058 998 1245 1051 ἀνθεσι
1280 996 1695 1067 μαραινομένοις
1728 996 1892 1048 ἔοικε.

311 1089 406 1140 Διὸ
431 1087 525 1140 καὶ
554 1085 729 1139 πάντα
753 1085 819 1138 τὰ
841 1083 976 1138 ἀλλα
1004 1084 1188 1150 ἀφεὶς,
1228 1083 1319 1134 ἐπὶ
1348 1081 1443 1151 τὴν
1467 1081 1762 1150 ἀκρόπολιν
1787 1079 1896 1132 τῶν

314 1169 500 1224 κακῶν
517 1169 752 1240 ὲπήδησε
770 1180 818 1230 τι,
845 1167 938 1220 τοῦ
965 1166 1194 1219 πλούτου
1225 1165 1324 1235 τήν
1353 1163 1667 1232 ἐπιθυμίαν·
1692 1162 1896 1232 ταύτης

312 1256 423 1324 γὰρ
458 1251 913 1322 καταϐληθείσης,
937 1250 1032 1305 καὶ
1065 1249 1134 1302 τὰ
1162 1249 1297 1304 ἀλλα
1320 1247 1778 1317 συγκαταλύεται.

389 1393 474 1448 ια’.
488 1394 595 1447 Kal
615 1393 730 1456 πῶς
751 1392 824 1464 μὴ
844 1390 1082 1462 φοϐηθῶ,
1106 1388 1258 1458 φησὶ,
1277 1387 1510 1441 τοσαῦτα
1531 1387 1898 1457 δυναμένουςς

313 1481 656 1550 Πρόσκαιρος
704 1477 736 1547 ή
789 1475 1111 1537 δυναστεία,
1159 1473 1490 1543 μονόωροςὴ
1543 1473 1714 1540 ἰσχὺς,
1761 1489 1900 1540 παρ-

315 1564 558 1617 οδεύεται
583 1564 614 1632 ή
654 1560 940 1630 εὐημερία,
969 1558 1126 1622 σκιάς
1157 1561 1402 1628 μιμεῖται
1435 1557 1528 1610 καὶ
1554 1558 1808 1628 ὀνείρατα
1833 1558 1902 1609 τὰ

315 1651 594 1718 χρήματα,
643 1644 737 1697 καὶ
767 1644 798 1695 ὁ
847 1641 1095 1704 πλοῦτος,
1125 1642 1220 1694 καὶ
1255 1644 1285 1712 ἡ
1334 1642 1570 1710 τοσαύτη
1624 1641 1794 1710 τιμή·
1823 1639 1904 1692 διὸ

315 1731 410 1782 καὶ
439 1730 716 1798 ἐπήγαγεν
740 1744 754 1758 ·
789 1727 917 1779 Ὅτι
939 1727 1050 1778 οὐκ
1074 1726 1144 1778 ἐν
1172 1723 1253 1789 τῷ
1278 1722 1692 1789 ἀποθνήσκειν
1715 1723 1906 1776 αὑτὸν

314 1813 575 1880 λήψεται
606 1812 679 1864 τὰ
706 1809 922 1872 πάντα,
955 1808 1098 1861 οὐδὲ
1128 1807 1654 1877 οὐΤκατείδήσέτίλῑι
1682 1804 1843 1870 αὐτῷ
1865 1807 1904 1875 ἡ

315 1898 467 1959 δόξα
492 1895 679 1950 αὐτοῦ
703 1911 716 1924 ·
746 1895 845 1964 τήν
873 1893 1054 1948 αἰτίαν
1082 1892 1252 1955 τιθεὶς
1278 1891 1372 1945 τοῦ
1404 1891 1478 1962 μὴ
1497 1891 1798 1944 δεδοικέναι
1837 1890 1908 1944 τά

317 1981 649 2051 πρόσκαιρα.
679 1974 882 2031 ’Ἦλθεν
909 1979 937 2030 6
963 1977 1210 2040 θάνατος,
1237 1977 1390 2046 φησὶ,
1417 1977 1514 2046 τὴν
1539 1977 1693 2048 ῥίζαν
1721 1975 1903 2046 ἔτεμε,

322 2067 416 2119 καὶ
447 2066 478 2137 ή
533 2065 674 2135 κόμη
725 2064 861 2133 μετά
895 2063 1001 2116 τῶν
1048 2062 1260 2131 φύλλων
1293 2061 1479 2116 ἅπασα
1516 2060 1822 2132 κατηνέχθη
1854 2062 1905 2126 δ,

318 2151 414 2202 καὶ
448 2150 611 2202 πᾶσιν
634 2148 957 2218 εὐχείρωτος
981 2149 1014 2217 η
1047 2147 1216 2200 οἰκία.
1236 2147 1502 2218 Καθάπερ
1527 2142 1620 2200 οὖν
1660 2145 1910 2216 πρόϐατα

320 2233 415 2285 καὶ
446 2229 599 2301 αἶγες
641 2230 972 2284 ἐπιτίθενται
1001 2230 1201 2302 δένδρῳ
1241 2230 1478 2300 κειμένῳ
1520 2228 1663 2299 μετά-
1689 2231 1787 2299 τὴν
1817 2244 1907 2280 το-

322 2316 450 2388 μὴν,
488 2315 628 2372 οῦτω
663 2316 726 2386 δὴ
761 2317 854 2369 καὶ
898 2316 991 2368 ἐπὶ
1039 2316 1144 2369 τῶν
1178 2313 1320 2368 οὕτω
1369 2313 1742 2368 πλουτούντων
1774 2313 1907 2367 πολ-

320 2401 401 2453 λοι
427 2400 535 2451 τῶν
565 2399 656 2470 ὲχθ
665 2399 795 2472 ρῶν,
829 2398 1013 2452 πολλοὶ
1039 2398 1148 2450 τῶν
1185 2399 1373 2468 φίλων,
1408 2399 1592 2452 πολλοὶ
1620 2400 1727 2452 τῶν
1755 2401 1909 2470 εὐερ-

321 2484 661 2555 γετηθέντων
711 2483 778 2536 τά
829 2483 1050 2535 ἐκείνων
1097 2481 1476 2552 λυμαινόμενοι
1525 2483 1909 2554 εὑρίσκονται·

322 2570 414 2622 καὶ
444 2571 471 2621 6
507 2565 747 2621 τοσαῦτα
781 2565 1262 2638 περιϐεϐλημένος,
1313 2568 1406 2618 καὶ
1433 2567 1720 2630 τοσούτους
1765 2569 1909 2622 οίνο-

322 2652 500 2722 χόους,
539 2652 851 2721 μαγείρους,
901 2655 1184 2721 κρατῆρας
1216 2650 1493 2720 ἀργυροῦς
1535 2651 1628 2702 καὶ
1678 2651 1913 2722 χρυσοῦς

323 2737 482 2806 ἔχων,
523 2735 733 2804 πλέθρα
762 2733 865 2804 γῆς
893 2735 1026 2786 τόσα
1047 2735 1141 2787 καὶ
1170 2733 1323 2796 τόσα,
1349 2733 1544 2798 οἰκίας,
1584 2733 1911 2804 ἀνδράποδα,

324 2821 544 2884 ἵππους,
597 2819 876 2891 ἡμιόνους,
932 2819 1232 2889 καμήλους,
1287 2818 1627 2888 στρατόπεδα
1664 2817 1910 2884 οἰκετῶν,

324 2907 512 2959 ἄπεισι
547 2905 726 2974 μόνος,
778 2904 872 2956 καὶ
905 2904 1079 2966 οὐδεὶς
1127 2902 1276 2973 αὐτῷ
1329 2903 1748 2973 συναπέρχεται,
1795 2902 1912 2958 ἀλλ’

325 2991 446 3043 οὐδὲ
471 2990 609 3042 αὐτά
641 2987 932 3059 λαμϐάνων
961 2987 1149 3042 ἄπεισι
1176 2987 1246 3039 τά
1268 2987 1478 3057 ἱμάτια.
1511 2988 1620 3040 Καὶ
1647 2986 1756 3058 γάρ
1779 2989 1916 3057 ὅσῳ-

327 3092 433 3146 περ
465 3075 530 3128 ἂν
562 3085 586 3112 ο
623 3072 852 3144 λαμπρὰ
884 3072 1232 3142 περικέηται,
1259 3070 1498 3142 τοσούτῳ
1527 3071 1915 3143 δαψιλεστέραν

328 3157 514 3211 ἄπεισι
543 3155 979 3229 παρασκευάζων
1002 3153 1078 3225 τῷ
1105 3152 1344 3224 σκώληκι
1373 3153 1470 3224 τὴν
1495 3155 1794 3224 τράπεζαν.
1822 3155 1917 3210 καὶ

330 3242 547 3295 πλείονα
584 3245 698 3303 τοῖς
745 3237 1122 3311 τυμϐωρύχοις
1179 3237 1498 3308 ἐπιθυμίαν.
1545 3239 1638 3291 καὶ
1693 3239 1916 3311 μείζονα

330 3327 468 3379 κατά
492 3325 585 3378 τοῦ
627 3325 808 3378 ἀθλίου
848 3323 1096 3394 σώματος
1124 3323 1221 3392 τὴν
1249 3321 1560 3390 ἐπιϐουλήν.
1589 3321 1668 3374 Δι’
1695 3316 1770 3374 ὧν
1806 3325 1916 3396 γάρ

331 3407 659 3472 καλλωπίζει
685 3407 964 3478 μειζόνως,
992 3405 1081 3458 διά
1117 3404 1320 3458 τούτων
1346 3404 1662 3476 ὑϐρίζεσθαι
1691 3408 1916 3478 σφοδρό-

331 3510 484 3564 τερον
523 3491 683 3544 αὐτὸν
717 3490 1163 3554 κατασκευάζων,
1199 3488 1298 3552 τάς
1329 3493 1515 3560 χεῖρας
1545 3490 1652 3542 τῶν
1693 3492 1918 3562 ἀνορυτ-

334 3576 528 3629 τόντων
544 3577 640 3638 τὰς
657 3575 826 3645 θήκας
853 3575 936 3642 ἐφ’
957 3572 1148 3626 ἑαυτὸν
1166 3573 1403 3638 ὁπλίζων
1427 3574 1521 3626 καὶ
1542 3574 1739 3627 καλῶν.
1763 3574 1916 3647 [2:22]

336 3661 442 3714 Kal
470 3658 523 3712 τί
547 3656 732 3722 τοῦτο;
761 3657 953 3727 φησίν·
980 3656 1093 3709 ἀλλ’
1125 3656 1356 3709 ἐνταῦθα
1383 3657 1594 3727 μεγάλα
1618 3659 1914 3728 κομπάζει.

337 3743 427 3795 καί
460 3742 603 3811 φυσᾷ
657 3741 816 3811 μέχρι
846 3739 946 3810 τῆς
993 3738 1269 3809 τελευτῆς.
1311 3739 1560 3793 Μάλιστα
1594 3741 1692 3810 μὲν
1737 3740 1918 3794 πολλοὶ

332 3826 452 3881 οὐδὲ
487 3826 646 3895 μέχρι
673 3825 774 3892 τῆς
794 3824 1050 3894 τελευτῆς
1073 3841 1086 3854 ·
1119 3822 1232 3876 ἀλλ’
1266 3823 1566 3876 ἐπιϐούλων
1610 3825 1770 3876 τινῶν
1799 3827 1919 3878 ἐπι-

335 3909 578 3977 φυέντων
606 3907 808 3970 αὐτοῖς,
841 3907 1049 3978 μυρίων
1078 3907 1384 3960 καταδίκων
1413 3907 1766 3979 χαλεπώτερα
1795 3909 1921 3964 ἑπα-

335 3995 448 4054 θον,
479 3993 572 4047 καὶ
598 3991 666 4045 τά
696 3992 948 4062 χρήματα
986 3989 1388 4060 ἀφαιρεθέντες.
1416 3991 1508 4043 καὶ
1547 3991 1740 4062 ἀτιμία
1767 4009 1920 4065 περι-

335 4076 646 4148 ϐληθέντες,
693 4074 787 4127 καὶ
829 4074 1198 4144 δεσμωτήριον
1232 4074 1570 4144 οἰκήσαντες.
1606 4075 1714 4126 Kal
1752 4075 1860 4148 γὰρ
1891 4078 1921 4130 6

335 4159 462 4230 χθὲς
493 4161 550 4211 ὲν
583 4159 839 4228 ὀχήματι,
870 4157 1110 4227 σήμερον
1140 4158 1198 4211 ὲν
1230 4155 1450 4209 ἀλύσει·
1486 4157 1514 4208 ὁ
1546 4156 1672 4226 χίὲς
1699 4157 1802 4210 ὐπὸ
1831 4176 1923 4212 κο-

337 4246 522 4299 λάκων
561 4242 1014 4313 θεραπευόμενος,
1061 4241 1166 4292 ὑπὸ
1198 4239 1407 4309 δημίων
1448 4240 1741 4294 κυκλοῦται
1786 4241 1918 4296 νῦν·

340 4332 371 4383 6
399 4328 583 4400 μύρων
626 4327 785 4389 δζων,
821 4325 1013 4394 αἵματι
1050 4325 1420 4394 περιρρεῖται·
1457 4327 1485 4377 6
1530 4325 1922 4395 κατακείμενος

343 4413 440 4466 ἐπὶ
489 4408 777 4482 στρωμνῆς
820 4406 1055 4476 ἁπαλῆς,
1086 4409 1172 4460 ἐπ’
1202 4406 1434 4473 ἐδάφους
1474 4407 1727 4478 ἔρριπται
1757 4409 1922 4480 σκλη-

345 4496 440 4566 ροῦ
465 4513 478 4525 ·
512 4497 539 4546 6
573 4491 722 4563 παρά
764 4491 979 4544 πάντων
1025 4489 1482 4560 θεραπευόμενος,
1515 4491 1665 4560 παρά
1707 4492 1922 4546 πάντων

342 4579 780 4647 καταφρονεῖται.
825 4573 985 4626 Ἀλλά
1031 4574 1126 4625 καὶ
1171 4572 1333 4644 μέχρι
1373 4572 1630 4642 τελευτῆς
1666 4573 1733 4627 τά
1785 4575 1923 4644 πρὸς

341 4660 562 4732 κηδείαν
611 4657 760 4727 αὐτῷ
793 4655 1021 4727 λαμπρὰ
1055 4657 1150 4709 καὶ
1196 4655 1493 4726 περιφανῆ.
1543 4656 1652 4709 Kal
1690 4656 1742 4708 τί
1789 4656 1924 4727 πρὸς

342 4746 549 4797 ἐκεῖνον
591 4742 682 4794 τὸν
723 4742 823 4794 οὐκ
877 4739 1293 4808 αἰσθανόμενον;
1339 4738 1545 4792 Πλείων
1587 4740 1621 4809 ή
1668 4739 1921 4805 δυσωδία,

347 4828 548 4897 μείζων
580 4827 614 4895 ή
649 4823 960 4894 βδελυγμία,
989 4821 1344 4892 σφοδρότερος
1374 4823 1402 4874 6
1436 4821 1628 4890 φθόνος
1651 4839 1664 4852 ·
1694 4823 1788 4875 καὶ
1817 4823 1924 4894 γὰρ

342 4909 725 4979 τελευτήσαντι
766 4907 1020 4978 διηνεκὴς
1057 4908 1169 4969 τοῖς
1209 4905 1441 4968 παιδίοις
1477 4907 1507 4959 6
1553 4906 1786 4976 πόλεμος
1819 4909 1926 4961 ἀπὸ

343 4995 446 5064 τῆς
478 4993 822 5056 πολυτελείας
856 4992 1090 5061 ἐκείνης,
1118 4991 1227 5043 Kal
1256 4990 1358 5061 ὅρα
1383 4990 1480 5060 τὴν
1509 4990 1800 5062 ἀκρίϐειαν
1830 4991 1924 5044 τοῦ

351 5081 614 5150 ῥήματος,
643 5076 738 5130 καί¹
775 5078 875 5145 τὴν
906 5074 1152 5126 ἐπίτασιν
1198 5073 1295 5142 τῆς
1333 5073 1669 5143 φιλοσοφίας.
1709 5075 1782 5126 Οὐ
1816 5074 1925 5144 γὰρ

353 5163 511 5233 μόνον
545 5161 706 5213 αὐτὸν
735 5160 800 5212 ὲκ
826 5159 920 5212 τοῦ
951 5159 1024 5229 μὴ
1064 5157 1460 5226 συναποδημεῖν
1511 5157 1756 5228 πλήττει,
1792 5158 1927 5211 ἀλλά

351 5245 445 5300 καὶ
473 5243 704 5298 ἐνταῦθα
731 5242 892 5296 αὐτὸν
935 5243 1113 5312 πάσης
1149 5243 1347 5311 γυμνοῖ
1376 5241 1474 5311 τῆς
1504 5242 1926 5310 φαντασίας,κα“ι

350 5329 468 5382 οὐδὲ
507 5327 734 5382 πλοῦτον
767 5327 895 5379 ὄντα
923 5325 1212 5385 δείκνυσιν,
1237 5324 1343 5376 οὐδ’
1373 5324 1500 5378 ὅταν
1545 5327 1792 5399 ἀπολαύῃ
1826 5328 1926 5380 αὐ-

351 5411 445 5464 τοῦ
483 5413 512 5464 6
550 5410 902 5482 κεκτημένος.
939 5411 1011 5461 Οὐ
1048 5408 1156 5478 γὰρ
1179 5403 1353 5468 εἶπεν,
1380 5408 1547 5462 Ὅταν
1582 5411 1854 5482 πληθυνθῇ
1894 5412 1927 5480 ἡ

352 5493 479 5560 δόξα
511 5494 699 5558 αὐτοῦ,
726 5493 863 5557 ἀλλ’,
905 5491 974 5546 Ἠ
1001 5491 1149 5555 δόξα
1175 5491 1280 5545 τοῦ
1313 5493 1484 5546 οἵκου
1509 5493 1714 5549 αὐτοῦ.
1747 5493 1932 5548 Ταῦτα

418 5632 449 5662 δ
472 5631 553 5678 Sic
572 5643 723 5691 marg.
747 5627 1124 5691 Saviltldemjp
1149 5633 1285 5676 textu
1312 5633 1364 5675 et
1387 5626 1469 5676 alii
1493 5627 1621 5691 ἦλθε.

413 5691 446 5734 ιδ
475 5689 700 5809 mss}
725 5697 779 5740 et
795 5689 946 5740 Savil.
976 5692 1042 5740 At
1063 5689 1278 5750 Morel._ﬁ
1306 5691 1432 5751 κόμη
1451 5691 1547 5737 τῶν
1565 5689 1751 5749 φύλλων
1768 5691 1932 5740 ἅπασα

413 5771 474 5802 [τε
494 5771 528 5800 .υ
596 5788 606 5800 .

356 5771 587 5804 κατελυτπι
596 5788 606 5800 ο

420 5817 446 5848 ε
462 5817 553 5861 'Sic
569 5826 692 5876 mss.
721 5819 774 5861 et
797 5813 947 5865 Savi].
972 5813 1024 5863 In
1051 5813 1218 5864 Morel,
1251 5811 1594 5876 συναπέρχεται
1619 5811 1731 5861 οὐδὲ
1749 5812 1930 5865 αὐτὰ...

357 5879 538 5934 ἱμάτια,
558 5875 661 5923 ἀλλ’
684 5877 802 5937 ὅσῳ.

1449 383 1816 442 EXFOSITIO
1853 379 1920 436 IN
1960 378 2294 436 PSALMUM
2324 375 2515 432 XLIX.

3468 365 3574 424 2N

1990 491 2100 566 γάρ
2129 491 2366 553 ἅπαντα,
2394 489 2538 558 ἀπερ
2575 485 3074 560 ἀπηριθμησάμην,
3111 481 3310 556 πηγαὶ,
3354 481 3448 534 καὶ
3477 500 3579 535 πεο

1993 577 2233 646 ρίπατοι,
2269 575 2362 628 καὶ
2406 573 2686 641 βαλανεῖα,
2719 571 2944 642 χρυσίον
2976 569 3072 623 καὶ
3101 567 3385 638 ἀργύριον,
3420 566 3580 619 ἵπποι

1989 660 2085 710 καὶ
2115 657 2345 727 ἡμίονοι,
2376 657 2470 709 καὶ
2491 655 2732 724 τάπητες
2762 654 2855 706 καὶ
2885 652 3092 723 ίμάτια,
3133 649 3225 705 τοῦ
3254 649 3401 702 οἴκου
3431 647 3579 714 δόξα,

1992 741 2052 794 οὐ
2073 741 2164 793 τοῦ
2189 740 2279 792 τὸν
2315 735 2462 791 οἷκον
2497 736 2772 800 οἰκοῦντος
2802 735 3108 807 ἀνθρώπου.

2077 817 2388 890 ’Λνθρῶπου
2419 820 2526 890 γὰρ
2555 818 2681 882 δόξα
2711 820 2743 889 ή
2779 819 2968 888 ἀρετὴ,
3001 818 3121 870 ὅθεν
3152 814 3248 868 καὶ
3281 812 3582 882 συναποδη-

1999 911 2089 977 μεῖ
2105 905 2180 976 τῷ
2199 923 2364 973 κεκτη
2376 904 2540 973 μένῳ.
2563 902 2710 974 Λῦτη
2733 902 2787 954 δὲ
2812 903 2960 954 οἴκου
2977 899 3103 964 δόξα
3122 899 3290 968 μένει·
3309 896 3506 966 μᾶλλον
3526 894 3583 947 δὲ

1994 992 2113 1044 οὐδὲ
2148 989 2317 1060 μένει,
2347 987 2480 1041 ἀλλά
2509 987 2647 1057 μετά
2694 985 2788 1038 τοῦ
2838 986 2988 1038 οἴκου
3012 984 3105 1036 καὶ
3131 979 3581 1049 συγκαταλύεται,

1995 1074 2146 1126 οὐδὲν
2170 1073 2260 1125 τὸν
2281 1073 2336 1122 ἐν
2360 1070 2508 1139 αὐτῴ
2529 1069 2945 1139 ἀναστραφέντα
2965 1065 3313 1135 ὠφελήσασα·
3337 1063 3583 1132 οὐδὲγὰρ

1994 1151 2062 1224 ἦν
2080 1153 2266 1206 αὐτοῦ.
2279 1155 2395 1205 Ὅτι
2409 1153 2445 1220 ἡ
2464 1151 2636 1221 ψυχὴ
2652 1151 2837 1205 αὑτοῦ
2850 1148 3000 1216 ἑντῇ
3019 1146 3131 1215 (cui;
3144 1145 3329 1198 αὐτοῦ
3343 1147 3588 1213 εὐλογη-

1997 1238 2264 1302 θήσεται.
2312 1235 2490 1288 Εἰπὼν
2547 1235 2676 1306 περὶ
2715 1232 2810 1286 τοῦ
2869 1232 3098 1286 πλούτου
3151 1228 3315 1281 αὐτοῦ
3353 1229 3447 1281 καὶ
3484 1227 3586 1297 τῆς

1997 1321 2188 1391 δόξης,
2248 1321 2342 1370 ἐπὶ
2401 1319 2493 1372 τὸν
2552 1318 2660 1372 τῶν
2719 1315 3005 1386 εὐφημιῶν
3080 1312 3347 1367 διαϐαίνει
3406 1310 3582 1378 λόγον.

2011 1404 2228 1474 Ἐπειδὴ
2284 1405 2393 1473 γάρ
2453 1405 2547 1456 καὶ
2620 1402 2779 1455 τοῦτο
2843 1402 3078 1472 μάλιστα
3136 1401 3248 1461 τοῖς
3311 1395 3589 1458 πλουσίοις

2002 1486 2490 1558 περισπούδαστον,
2526 1487 2579 1538 al
2615 1487 2673 1537 ὲν
2703 1486 2875 1554 ἀγορᾷ
2910 1484 3209 1545 κολακεῖαι,
3237 1481 3292 1534 αἱ
3320 1478 3472 1549 παρά
3493 1477 3590 1532 τοῦ

1999 1570 2170 1641 δήμου
2198 1570 2508 1640 θεραπεῖαι.
2536 1572 2591 1622 αἱ
2617 1567 2933 1638 δημοτελεῖς
2953 1566 3240 1636 εὐφημίαι,
3269 1567 3340 1620 τά
3366 1563 3592 1634 ὑποκρί-

2002 1669 2138 1715 σεως
2167 1653 2405 1722 γέμοντα
2437 1651 2711 1720 ἐγκώμια,
2746 1651 2841 1703 καὶ
2876 1651 3016 1720 μέγα
3057 1646 3195 1702 εἶναι
3226 1650 3374 1703 δοκεῖ
3407 1648 3467 1701 16
3499 1647 3594 1700 καὶ

2001 1737 2058 1788 ἐν
2093 1734 2360 1806 θεάτροις,
2390 1735 2450 1786 τὸ
2479 1733 2573 1787 καὶ
2603 1736 2659 1786 ἐν
2685 1733 3026 1802 συμποσίοις,
3058 1732 3120 1785 16
3149 1733 3244 1784 καὶ
3265 1734 3321 1784 ὲν
3343 1733 3595 1800 δικαστη-

2007 1818 2139 1889 ρίοις
2162 1817 2495 1889 κροτεῖσθαι,
2538 1816 2692 1887 παρά
2725 1817 2942 1870 πάντων
2976 1814 3466 1885 ἀνακηρύττεσθαι,
3499 1812 3595 1882 ζηο

2002 1901 2205 1963 λωτοὺς
2232 1897 2372 1953 εἶναι
2400 1899 2739 1970 νομίζεσθαι,
2767 1901 2868 1971 ὅρα
2893 1899 2986 1951 καὶ
3012 1898 3169 1951 τοῦτο
3199 1898 3313 1961 πῶς
3343 1895 3596 1965 καθαιρεῖ

2005 1985 2166 2037 πάλιν
2191 1983 2298 2037 ἀπὸ
2324 1983 2416 2037 τοῦ
2447 1985 2661 2056 χρόνου.
2708 1985 2806 2036 Ἐν
2826 1982 2934 2052 γὰρ
2967 1980 3041 2048 τῇ
3066 1980 3179 2048 ζωῇ
3202 1980 3410 2042 αὐτοῦ,
3439 1978 3592 2048 φησὶ,

2003 2067 2300 2131 τουτέστιν,
2336 2063 2496 2121 αῦται
2547 2069 2602 2120 αἰ
2651 2068 2960 2138 θεραπεῖαι,
2991 2067 3085 2118 καὶ
3128 2065 3188 2118 τὸ
3243 2060 3300 2117 εὖ
3342 2061 3595 2130 λέγεσθαι

2005 2153 2188 2217 αὐτὸν,
2225 2154 2386 2223 μέχρι
2419 2151 2512 2206 τοῦ
2543 2152 2808 2224 παρόντος
2837 2151 2952 2221 βίου
2976 2167 2990 2181 ·
3027 2148 3166 2218 μετὰ
3194 2149 3250 2201 δὲ
3283 2147 3391 2200 τῶν
3419 2144 3596 2201 ἀλλων

2005 2237 2101 2290 καὶ
2137 2236 2294 2290 τοῦτο
2340 2237 2791 2306 συγκαταλύεται,
2827 2236 2901 2298 ὡς
2939 2233 3290 2306 πρόσκαιρον,
3340 2232 3434 2285 καὶ
3477 2229 3596 2282 ἐπί·

2006 2338 2196 2391 κηρον.
2238 2321 2397 2374 Ἀλλά
2423 2322 2516 2375 καὶ
2550 2320 2710 2390 ήνίκα
2735 2321 2800 2373 ἂν
2827 2319 3042 2389 γίνηται
3067 2317 3130 2370 ὲκ
3161 2316 3410 2386 παροχῆς
3431 2312 3456 2353 ά
3488 2311 3596 2366 τῶν

2007 2404 2420 2475 εὐφημούντων,
2449 2406 2586 2474 μετά
2608 2402 2864 2472 τελευτὴν
2895 2404 2973 2464 εἰς
3006 2400 3314 2454 τούναντίον
3346 2397 3602 2469 μεθίστα-

2005 2505 2117 2549 ται,
2148 2490 2275 2541 ὃταν
2309 2488 2368 2540 τὸ
2392 2488 2487 2540 τοῦ
2511 2488 2674 2555 φόϐου
2700 2487 3043 2556 προσωπεῖον
3082 2483 3423 2555 περιαιρεθῇ.
3466 2477 3599 2544 Ἐξ-

2008 2571 2449 2642 ομολογήσετιιί
2476 2589 2593 2633 σοι,
2615 2570 2761 2623 ὅταν
2785 2570 3093 2638 ἀγαθύνῃς
3111 2565 3291 2632 αὐτῷ.
3312 2567 3455 2636 Ὅρα
3483 2563 3600 2626 πῶς

2009 2657 2229 2718 καὶτὰς
2260 2655 2578 2724 εὐεργεσίας
2609 2652 2790 2706 αὐτῶν
2817 2652 3114 2706 διαϐάλλει.
3147 2651 3218 2704 Σὺ
3253 2649 3351 2721 μὲν
3378 2648 3484 2719 γάρ
3516 2663 3602 2700 κο-

2007 2738 2262 2801 λακεύεις
2299 2740 2392 2790 καὶ
2427 2737 2772 2808 θεραπεύεις,
2804 2738 3229 2807 ὑποκρινόμενος
3267 2730 3600 2805 πρόσκαιρόν

2008 2841 2129 2877 τινα
2175 2823 2469 2895 θεραπείαν
2515 2824 2610 2876 καὶ
2653 2822 2994 2893 ὑποκρίσεως
3040 2821 3340 2889 γέμουσαν·
3396 2818 3601 2878 ἐκεῖνος

2008 2907 2066 2962 δὲ
2095 2908 2198 2961 κᾶν
2227 2908 2453 2978 χάριτάς
2483 2924 2565 2960 σοι
2589 2906 2897 2978 ὁμολογήσῃ
2920 2918 2965 2970 ε,
2993 2904 3297 2974 ὠνούμενος
3324 2901 3473 2972 παρα
3505 2898 3599 2952 σοῦ

2009 2991 2073 3044 16
2091 2991 2158 3043 τὰ
2174 2991 2476 3062 ἀρέσκοντα
2498 2991 2647 3060 αὐτῷ
2669 2993 2863 3053 ποιεῖν,
2907 2990 3000 3042 καὶ
3030 2986 3225 3040 πολλοῦ
3247 2984 3403 3038 τοῦτο
3431 2983 3600 3035 ὠνού-

2016 3092 2196 3146 μενος,
2229 3076 2351 3127 τότε
2387 3075 2769 3146 εὐχαριστήσει
2799 3090 2900 3138 σοι,
2924 3073 3076 3142 φησί.
3109 3071 3182 3124 Τὸ
3211 3070 3338 3141 γὰρ,
3367 3067 3601 3136 Ἐξομο-

2011 3159 2357 3227 λογήσεται,
2389 3157 2547 3210 τοῦτό
2575 3161 2742 3221 ἐστιν,
2779 3156 2926 3209 ὅταν
2955 3157 3264 3223 ἀγαθύνῃς
3280 3150 3456 3218 αὐτῷ.
3488 3151 3603 3204 Οὐκ

2013 3240 2185 3308 εἶπεν,
2217 3242 2386 3296 Ὅταν
2409 3259 2461 3294 τι
2487 3242 2756 3312 χρήσιμον
2795 3240 3024 3312 ἐργάσῃ,
3057 3240 3182 3291 ὅταν
3211 3235 3600 3308 εὐεργετήσης,

2013 3325 2151 3383 ἀλλ’.
2189 3328 2355 3377 Ὅταν
2383 3325 2453 3377 τὰ
2494 3324 2701 3395 ἀρεστά
2734 3323 2904 3393 αὐτῷ,
2933 3323 3027 3376 καὶ
3069 3323 3208 3375 κατά
3242 3315 3519 3392 γνώμηνῇ
3557 3317 3600 3384 ί,

2015 3408 2166 3481 [225]
2197 3409 2290 3462 καὶ
2323 3407 2464 3461 κατά
2495 3407 2620 3460 νοῦν
2666 3407 3019 3477 ὐπηρετήσῃς
3039 3423 3053 3436 ·
3084 3405 3318 3468 δεικνὺς,
3363 3404 3444 3456 ὅτι
3483 3403 3610 3456 ἐκα-

2014 3492 2302 3563 τέρωθενή
2327 3491 2520 3562 βλάϐη,
2546 3491 2655 3544 ἀπό
2681 3507 2734 3543 τε
2760 3489 2859 3561 τῆς
2877 3489 3267 3558 πεπλασμένης
3289 3485 3602 3549 κολακείας.

2015 3576 2112 3629 καὶ
2147 3575 2254 3628 ἀπὸ
2299 3576 2397 3646 τῆς
2444 3572 2774 3637 ἐπιϐλαϐοῦς
2826 3573 3123 3635 διακονίας.
3174 3569 3607 3626 Εἰσελεύσεται

2013 3658 2125 3726 ἕως
2153 3657 2365 3727 γενεᾶς
2390 3657 2659 3726 πατέρων
2697 3655 2904 3722 αὐτοῦ,
2933 3655 3046 3722 ἕως
3072 3654 3288 3720 αἰῶνος
3310 3656 3422 3707 οὐκ
3456 3653 3602 3722 ὄψε-

2013 3758 2109 3796 ται
2141 3739 2286 3810 φῶς.
2322 3742 2426 3794 Καὶ
2467 3739 2780 3807 ἅνθρωπος
2802 3741 2876 3793 ἐν
2911 3737 3052 3807 τιμῇ
3091 3737 3177 3791 ὢν
3215 3740 3288 3792 οὐ
3337 3734 3606 3802 συνῆκε·

2015 3823 2522 3891 «aptium-56.1661]
2563 3823 2688 3888 τοῖς
2713 3822 2962 3888 κτήνεσι
2998 3819 3123 3886 τοῖς
3158 3818 3462 3886 ἀνοήτοις,
3505 3817 3604 3870 καί

2015 3909 2279 3977 ὡμοιώοη
2327 3906 2552 3972 αὐτοῖς.
2602 3906 3051 3970 Είσελεύσεται,
3088 3904 3257 3974 ῆγουν
3311 3903 3606 3973 μιμήσεται

2015 3993 2108 4046 τὸν
2145 3992 2254 4044 τῶν
2285 3989 2536 4062 πατέρων
2569 3987 2751 4058 ζῆλον,
2787 3989 2881 4042 καὶ
2916 3989 2980 4042 ἐκ
3023 3985 3274 4056 πονηρῶν
3298 3983 3394 4047 ὢν,
3439 4000 3608 4054 πονη-

2024 4075 2143 4145 ρίαν
2169 4073 2496 4139 διαδέξεται·
2526 4075 2560 4145 ἢ
2595 4073 2714 4126 ἀντί
2736 4071 2850 4134 τοῦ,
2872 4072 2934 4124 Εἰ
2969 4071 3042 4142 μὴ
3065 4069 3275 4140 πράξας
3299 4085 3349 4120 τι
3382 4066 3606 4136 ἀγαθὸν,

2020 4158 2374 4230 εὑρεθήσεται
2411 4158 2475 4208 ὲκ
2509 4155 2601 4208 τοῦ
2639 4154 2866 4207 πλούτου
2909 4153 3059 4206 οὐδὲν
3085 4149 3489 4221 ὠφελούμενος·
3514 4166 3610 4202 κα-

2018 4241 2330 4308 ταλείψεται
2356 4240 2412 4292 δὲ
2433 4241 2558 4301 τοὺς
2596 4238 2702 4308 πρὸ
2729 4236 2892 4290 αὐτοῦ
2918 4235 3200 4305 κειμένους
3228 4236 3286 4288 ὲν
3303 4235 3447 4288 κόνει
3479 4234 3608 4304 ἄχρι

2019 4326 2118 4395 τῆς
2152 4321 2405 4394 κρίσεως,
2437 4322 2557 4374 οὐδὲ
2587 4321 2702 4389 φῶς
2736 4320 2862 4372 ἰδεῖν
2895 4319 3192 4388 δυνάμενος
3219 4316 3360 4370 κατά
3395 4316 3485 4371 τὸν
3508 4315 3610 4386 τῆς

2022 4407 2234 4475 φύσεως
2271 4405 2452 4475 νόμον.
2491 4401 2622 4456 Εἶτα
2653 4403 2812 4456 πάλιν
2847 4400 3288 4471 έπαναλαμϐἀνει
3332 4400 3396 4453 τά
3427 4417 3610 4471 προει-

2025 4489 2232 4561 ρημένα
2267 4488 2438 4556 λέγων
2462 4504 2474 4516 ·
2505 4487 2612 4540 Καὶ
2651 4487 2959 4553 ἅνθρωπος
2985 4486 3055 4537 ἐν
3079 4483 3214 4552 τιμῇ
3251 4483 3341 4536 ὢν
3362 4485 3434 4538 οὐ
3462 4499 3612 4537 συνο

2021 4575 2159 4642 νῆχε·
2217 4571 2726 4640 παρασυνεϐλὴθη
2768 4569 2892 4634 τοῖς
2939 4569 3188 4637 κτήνεσι
3259 4567 3380 4634 τοῖς
3430 4565 3612 4634 ἀνοή-

2023 4676 2166 4722 τοις,
2218 4656 2316 4709 καὶ
2362 4653 2625 4723 ὡμοιώθη
2672 4653 2892 4718 αὐτοῖς.
2935 4653 2992 4706 '0
3041 4652 3302 4716 τοιοῦτος,
3358 4654 3543 4722 φησὶν,
3581 4655 3608 4705 ὁ

2023 4740 2192 4801 οὕτως
2214 4737 2520 4812 ἀποθανὼν,
2541 4737 2570 4787 6
2598 4736 2672 4806 μὴ
2689 4736 2967 4806 διοικήσας
2986 4735 3212 4792 δεόντως
3235 4734 3302 4788 τὰ
3330 4737 3605 4806 χρήματα.

2022 4823 2174 4876 οὐδὲν
2189 4822 2372 4874 διοίσει
2395 4820 2613 4888 ἀλόγου,
2637 4820 2712 4882 ὡς
2745 4819 2818 4890 μὴ
2843 4820 3100 4886 ἐπιγνοὺς
3121 4819 3186 4890 ἢν
3206 4817 3424 4883 ἐδέξατο
3444 4836 3494 4870 τι
3502 4818 3609 4890 μὴν

2023 4908 2088 4959 ἐκ
2130 4904 2286 4967 Θεοῦ,
2341 4903 2705 4975 ἀφομοιωθεὶς
2747 4905 2860 4964 τοῖς
2905 4905 3178 4972 κτήνεσιν,
3215 4897 3298 4965 οἷς
3333 4903 3396 4955 16
3436 4903 3608 4973 πέρας

2023 4991 2140 5042 ἐστὶ
2172 4989 2272 5058 τῆς
2303 4986 2446 5060 ζωῆς
2490 4988 2721 5050 θάνατος
2762 4986 2921 5056 μόνον
2941 5001 2954 5016 ·
2987 4979 3061 5039 ὧν
3096 4985 3426 5057 ῥυσθείημεν
3454 4987 3508 5039 οῖ
3544 5003 3604 5038 τε

2027 5073 2387 5141 μανθάνοντες
2434 5071 2606 5125 ταῦτα
2654 5069 2748 5124 καὶ
2784 5071 2832 5122 oi
2877 5069 3236 5133 διδάσκοντες,
3290 5070 3348 5122 ὲν
3389 5069 3609 5141 Χριστῷ

2037 5157 2210 5230 Ἰησοῦ
2239 5157 2317 5226 τῷ
2348 5153 2532 5226 Κυρίῳ
2563 5153 2741 5224 ήμῶν,
2774 5145 2818 5219 ᾧ
2846 5153 2880 5221 ἡ
2909 5151 3035 5216 δόξα
3067 5153 3163 5206 καὶ
3191 5153 3250 5206 16
3279 5151 3495 5224 κράτος,
3527 5153 3608 5215 είς

2023 5246 2149 5304 τοὺς
2179 5241 2376 5302 αἰῶνας
2401 5238 2506 5291 τῶν
2545 5237 2773 5290 αἰώνων.
2815 5237 3008 5306 ’Δμήν.

2430 5342 2538 5394 ΕΙΣ
2577 5340 2710 5394 ΤΟΝ
2747 5340 2857 5394 ΜΘ¹
2887 5341 3205 5394 ΨΛΛΜΟΝ.

2030 5435 2169 5502 Θεὸς
2201 5433 2350 5489 θεῶν
2380 5433 2594 5497 Κύριος
2611 5431 2896 5502 alliance,
2923 5432 3020 5502 καὶ
3045 5429 3440 5502 ἐκάλεσε-τὴν
3461 5427 3600 5500 γῆν,

2239 5503 2358 5558 ἀπὸ
2386 5499 2698 5556 ἀνατολῶν
2725 5501 2902 5563 ἡλίου
2923 5501 3099 5569 μέχρι
3126 5500 3393 5567 δυσμῶν.

2103 5611 2172 5666 α’.
2205 5611 2314 5664 Kal
2340 5606 2570 5677 ἀλλαχοῦ
2595 5621 2758 5674 φησιν
2788 5607 2818 5658 ὁ
2852 5605 3044 5667 αὐτός·
3091 5605 3153 5657 '0
3184 5605 3326 5672 Θεὸς
3358 5604 3508 5674 ἐστ-η
3540 5602 3612 5656 ἐν

2092 5754 2116 5786 ο
2141 5745 2302 5797 Codex
2331 5755 2458 5791 unus
2474 5741 2658 5802 γίνηται
2680 5741 2769 5787 οὐκ
2789 5739 2884 5788 ἀπὸ
2909 5744 3081 5803 ψυχῆς.

2100 5823 2122 5847 ε
2151 5809 2300 5856 Savil.
2329 5812 2381 5852 el
2403 5804 2538 5853 Colb.
2561 5803 2868 5862 ὁμολογήσει.

2104 5870 2123 5909 ι
2153 5871 2274 5931 Reg.
2304 5874 2356 5917 et
2379 5864 2529 5916 Savll.
2549 5861 2580 5925 ᾖ
2600 5861 2839 5914 οωὶιιυιιι
2850 5877 2866 5926 ;
2880 5861 3030 5913 habet
3046 5861 3180 5914 ωδ.
