4108 6344
479 375 579 434 2M

478 491 798 562 συναγοηῇ
825 489 992 546 θεῶν.
1015 490 1125 543 Kal
1155 491 1334 545 πάλιν·
1380 490 1527 560 Ἐγὼ
1553 491 1711 544 εἶπα·
1732 491 1864 545 Θεοί
1885 491 2046 545 ἐστε.

478 579 590 633 Kal
611 579 640 631 6
671 577 905 641 Παῦλοςο
937 578 1043 631 Καὶ
1079 578 1190 648 γὰρ
1221 579 1388 646 ειπερ
1419 579 1538 633 εισι
1567 579 1877 648 λεγόμενοι
1905 578 2048 643 θεοὶ,

479 666 580 718 καὶ
618 667 805 732 κύριοι
828 665 1065 719 πολλοί.
1103 667 1211 719 Kal
1241 667 1269 718 6
1299 666 1567 736 Μωῦσῆςο
1613 665 1794 732 Θεοὺς
1834 667 1906 718 οὐ
1948 683 2052 719 κα-

480 753 860 822 κολογήσεις.
900 753 1009 806 Kal
1067 752 1332 823 ἀλλαχοῦ⁹
1384 753 1640 819 Ἰδόντες
1688 756 1742 806 οἱ
1786 752 1899 806 υἱοὶ
1947 752 2052 805 τοῦ

1156 375 1220 428 S.
1259 369 1544 428 JOANNIS
1581 369 2076 428 CHRYSOSTOMI
2111 367 2432 430 ARCHIEP.
2467 373 3017 433 CONSTANTIROP.

3621 373 3732 435 ω

2153 484 2249 547 καὶ
2279 492 2521 557 πλείονος
2551 496 2583 564 ἡ
2593 495 2683 564 μίν
2713 493 2794 547 δεῖ
2826 495 2926 562 τῆς
2977 490 3271 564 προσοχῆς.
3301 489 3456 544 non?
3479 488 3538 543 δέ
3568 490 3725 545 τοῦτο

2151 585 2246 637 καὶ
2275 584 2460 654 ἔτερος
2493 585 2796 655 προφήτης,
2845 583 2940 636 καὶ
2968 581 3176 649 εἰσάγει
3205 580 3298 633 τὸν
3339 579 3474 633 Θεὸν
3509 578 3728 643 δικαζό-

2155 685 2334 733 μενον,
2367 669 2461 722 καὶ
2501 670 2558 721 ἐν
2602 668 2752 732 τάξει
2791 667 3058 722 δικαστῶν
3087 666 3266 736 τίθησι
3310 668 3411 728 τάς
3434 664 3728 734 φάραγγας

2153 757 2245 810 καὶ
2273 757 2340 810 τά
2369 757 2594 828 θεμέλια
2629 759 2728 828 τῆς
2761 758 2884 827 γῆς.
2928 757 3242 811 Ἀκούσατε
3275 754 3403 826 γάρ,
3431 753 3584 825 φησὶ,
3611 752 3721 821 φάο

483 841 631 894 Θεοῦ
660 844 766 906 τὰς
790 841 1118 909 θυγατέρας
1159 840 1278 893 τῶν
1309 841 1653 909 ἀνθρώπων.
1685 843 1797 894 Kal
1837 840 1997 893 πάλιν
2027 842 2055 893 6
2145 862 2366 914 ραγγες
2397 845 2495 899 καὶ
2532 845 2772 914 θεμέλια
2803 844 2912 914 τῆς
2941 844 3054 915 τῆς
3078 861 3092 874 ο
3132 843 3222 897 ὅτι
3252 845 3448 910 κρίσις
3477 841 3558 908 τῷ
3603 839 3724 905 Θεῷ

482 928 670 992 αὐτός·
715 929 770 980 '0
800 929 1212 997 καταρώμενος
1247 929 1414 992 Θεὸν,
1437 930 1728 998 ἁμαρτίαν
1756 928 2019 997 λήψεται
2039 945 2051 958 ·

483 1020 517 1068 ὁ
553 1015 621 1068 δὲ
653 1015 951 1085 ὀνομάζων
979 1017 1046 1069 τὸ
1089 1017 1274 1086 ὄνομα
1317 1018 1557 1085 Κυρίου,
1601 1015 2061 1083 λιθοϐοληθήσε-

483 1121 598 1157 ται.
624 1104 734 1156 Kal
764 1104 924 1157 πάλιν
945 1121 959 1136 ·
989 1105 1140 1168 Θεοί,
1167 1105 1224 1159 οἳ
1257 1104 1362 1158 τὸν
1383 1105 1645 1172 οὐρανὸν
1671 1106 1767 1159 καὶ
1798 1105 1913 1172 τὴν
1940 1103 2058 1173 γῆν

484 1193 597 1244 οὐκ
626 1190 940 1259 ἐποίησαν,
974 1191 1414 1246 ἀπολέσθωσαν
1435 1192 1712 1246 ὑποκάτω
1741 1193 1846 1246 τοῦ
1882 1194 2059 1259 οὐρα-

485 1278 597 1332 νοῦ
623 1293 670 1334 ι.
705 1279 865 1343 Τίνας
910 1276 1002 1333 οὖν
1042 1281 1192 1349 δηλοῖ
1221 1279 1308 1334 διά
1337 1279 1430 1333 τοῦ
1479 1281 1738 1351 ὀνόματος
1769 1280 1957 1334 τούτου
1999 1280 2057 1333 ἐν

486 1366 722 1431 ἐκείναις
775 1370 893 1430 ταῖς
939 1368 1282 1439 μαρτυρίαις,
1319 1369 1411 1422 καὶ
1445 1368 1596 1431 τίνας
1633 1368 1865 1422 ἐνταῦθα
1909 1368 2058 1436 λέγει

488 1453 672 1518 θεούς;
699 1457 836 1519 Τοὺς
865 1455 1146 1526 ἄρχοντας.
1175 1457 1265 1509 Διὸ
1294 1459 1386 1510 καὶ
1408 1458 1626 1525 ἐπάγει·
1655 1458 1835 1522 Θεοὺς
1858 1460 1928 1511 οὐ
1957 1476 2058 1511 κα-

487 1542 864 1612 κολογήσεις,
897 1543 994 1597 καὶ
1019 1544 1279 1612 ἄρχοντα
1303 1544 1409 1598 τοῦ
1437 1545 1588 1598 λαοῦ
1622 1560 1738 1599 σου
1767 1547 1876 1598 οὐκ
1902 1544 2057 1614 ἐρεῖς

488 1629 702 1695 κακῶς.
739 1630 897 1699 Λέγει
932 1631 1025 1683 καὶ
1059 1633 1182 1696 τοὺς
1214 1633 1278 1684 ἐκ
1313 1632 1574 1703 προγόνου
1624 1633 1765 1695 τινὸς
1801 1635 2055 1703 ἐναρέτου

487 1719 936 1788 γεγεννημένους.
981 1719 1194 1791 Ἐπειδὴ
1225 1721 1331 1791 γάρ
1360 1723 1388 1774 6
1427 1721 1592 1785 Ἐνὼς
1633 1721 1831 1793 πολλὴν
1862 1723 2058 1792 ἀρετὴν

487 1803 910 1876 ἐπιδειξάμενος,
940 1807 1142 1877 ἐκλήθη
1171 1807 1248 1877 τῷ
1275 1808 1496 1878 ὀνόματι
1524 1809 1618 1862 τοῦ
1643 1809 1777 1863 Θεοῦ
1795 1827 1808 1841 ο
1841 1812 1889 1863 οἱ
1916 1810 1970 1862 δὲ
2003 1809 2061 1874 ἐξ

488 1891 697 1945 ἐκείνου
730 1893 946 1956 πάντες,
983 1896 1075 1947 καὶ
1113 1894 1161 1947 οἱ
1205 1895 1415 1964 ἔκγονοι
1443 1895 1538 1948 τοῦ
1586 1896 1814 1965 ἀδελφοῦ
1850 1897 2057 1950 ἐκείνου

489 1979 737 2050 ἀλλήλοις
780 1980 1086 2050 ἐμίγνυντο,
1126 1984 1276 2046 υἱοὺς
1305 1983 1398 2036 τοῦ
1438 1983 1571 2037 Θεοῦ
1606 1985 1762 2038 καλεῖ
1809 1986 1934 2048 τοὺς
1964 1983 2058 2038 τοῦ

491 2067 766 2136 ἐναρέτου.
798 2069 1093 2136 Ἤρξαντο
1141 2071 1266 2142 γάρ.
1301 2072 1480 2141 φησὶν,
1540 2072 1951 2126 ἐπικαλεῖσθαι
1982 2070 2062 2136 τῷ

493 2154 734 2222 ὀνόματι
760 2156 866 2209 τοῦ
886 2158 1031 2211 Θεοῦ
1047 2158 1095 2210 δ.
1111 2159 1273 2226 Λέγει
1295 2161 1386 2212 καὶ
1403 2159 1490 2212 τὸν
1511 2160 1617 2211 τῶν
1633 2160 1901 2213 Ἰουδαίων
1915 2159 2061 2224 λαὸν,

491 2240 663 2314 ταύτῃ
689 2245 988 2314 τιμηθέντα
1010 2249 1076 2317 τῇ
1109 2247 1447 2318 προσηγορίᾳ
1470 2249 1527 2299 ἐν
1559 2247 1636 2317 τῷ
1668 2248 1845 2317 λέγειν
1865 2267 1878 2280 ο
1919 2250 2065 2318 Ἐγὼ

493 2325 649 2382 εἶπα·
696 2331 828 2383 Θεοί
863 2332 1021 2395 ἐστε,
1049 2333 1148 2386 καὶ
1178 2333 1294 2386 υἱοί
1337 2334 1591 2401 Ἰσραήλ.
1625 2333 1729 2387 Kal
1757 2334 1864 2406 γάρ
1895 2334 2065 2397 οὕτως

495 2415 676 2468 ἐκάλει
721 2417 902 2471 αὐτῶν
942 2420 1034 2472 τὸν
1079 2419 1249 2490 δῆμον
1298 2421 1362 2474 δι’
1386 2421 1591 2475 οἰκείαν
1633 2421 2062 2496 φιλανθρωπίαν.

497 2500 653 2554 Οὕτω
681 2505 773 2556 καὶ
805 2505 978 2558 ἐκεῖνο
1022 2505 1204 2559 λύεται
1250 2507 1331 2572 τὸ,
1363 2506 1512 2579 [224]
1555 2508 1618 2561 Ὀ
1659 2509 2069 2578 καταρώμενος

498 2587 667 2651 Θεὸν,
682 2588 989 2670 ,ἁμαρτίαν
1010 2593 1269 2661 λήψεται
1291 2611 1303 2624 ο
1333 2595 1628 2657 τουτέστιν,
1650 2599 1707 2652 Ὀ
1718 2597 1808 2650 τὸν
1834 2598 2068 2667 ἄρχοντα

499 2675 683 2738 κακῶς
705 2677 896 2745 λέγων,
920 2679 1240 2753 ἁμαρτάνει.
1277 2680 1339 2735 '0
1362 2681 1429 2735 δὲ
1458 2683 1754 2753 ὀνομάζων
1788 2684 1854 2737 τὸ
1882 2686 2070 2754 ὄνομα

498 2759 723 2829 Κυρίου
740 2766 1290 2833 λιθοϐοληθήσεται·
1318 2769 1616 2836 τουτέστιν,
1649 2772 1676 2824 6
1703 2774 1814 2834 τοῖς
1845 2772 1918 2843 μὴ
1953 2769 2069 2826 οὖσι

499 2849 828 2919 προσάπτων
853 2850 912 2902 τὸ
932 2852 1024 2904 τοῦ
1051 2855 1200 2920 ὄντος
1223 2855 1354 2908 Θεοῦ
1380 2855 1566 2927 ὄνομα.
1602 2858 1657 2909 Ἐ
1669 2860 1752 2910 uel
1777 2859 1884 2930 γάρ
1909 2859 2072 2927 ἀσύγ-

497 2953 735 3004 γνωστον
765 2938 825 2991 τὸ
863 2939 1180 3012 ἁμάρτημα.
1213 2943 1305 2995 καὶ
1338 2945 1371 3015 ὴ
1411 2945 1498 2996 ἐπ’
1531 2945 1679 3016 αὐτῷ
1716 2947 1948 3018 τιμωρία
1976 2966 2072 3018 χα-

497 3023 815 3096 λεπωτάτηο
863 3026 1108 3094 λέγονται
1144 3030 1237 3082 καὶ
1281 3032 1331 3082 οἰ
1379 3031 1486 3085 τῶν
1526 3033 1792 3104 Ἑλλήνων
1832 3036 1963 3099 θεοὶ,
2009 3036 2070 3089 οὐ

499 3112 640 3166 κατὰ
670 3114 854 3184 τιμὴν,
894 3113 1016 3168 οὔτε
1061 3117 1242 3188 χάριτι
1273 3122 1658 3190 προσηγορίας,
1689 3121 1822 3175 ἀλλά
1853 3121 1942 3177 ὸιά
1973 3126 2072 3194 τὴν

499 3201 716 3262 ἀπάτην
745 3203 852 3255 τῶν
883 3202 1281 3275 πλανηθέντων,
1316 3207 1409 3261 καὶ
1455 3208 1622 3272 οὕτως
1670 3211 1864 3274 αὐτοὺς
1910 3211 2071 3265 καλεο

502 3288 729 3342 σάντων.
759 3289 856 3342 Διά
878 3289 1032 3343 τοῦτο
1054 3292 1147 3344 καὶ
1170 3295 1198 3345 6
1221 3293 1431 3357 Παῦλός
1454 3313 1586 3365 φησι
1605 3314 1619 3328 ⁸
1649 3298 1757 3351 Καὶ
1781 3297 1889 3367 γὰρ
1909 3299 2073 3367 εἴπερ
2126 3320 2127 3323 η

497 3375 620 3429 εἰσὶ
648 3379 957 3446 λεγόμενοι
977 3381 1119 3444 θεοὶ,
1152 3379 1328 3450 δηλῶν
1349 3383 1429 3435 ὅτι
1458 3383 1556 3436 οὐκ
1590 3384 1737 3448 ὄντες
1763 3386 1881 3439 οὐδὲ
1913 3387 2074 3458 μέχρι

503 3463 873 3533 προσηγορίας
899 3465 999 3534 τῆς
1026 3466 1168 3520 κατά
1209 3470 1393 3539 τιμήν.
1430 3470 1692 3525 Ἐνταῦθα
1721 3469 1812 3526 οὖν
1844 3476 1971 3545 περὶ
1997 3475 2076 3528 τί·

501 3567 608 3606 νων
633 3550 798 3620 λέγει,
835 3553 978 3620 Θεὸς
1011 3553 1196 3619 θεῶν;
1239 3557 1391 3627 Ἐμοί
1415 3558 1561 3613 δοκεῖ
1577 3560 1683 3614 τῶν
1724 3562 2070 3634 Ἑλληνικῶν,

501 3639 601 3709 οὐχ
637 3639 710 3703 ὡς
763 3639 949 3706 ὄντων,
1000 3641 1115 3695 ἀλλ’
1161 3643 1237 3706 ὼς
1287 3644 1438 3716 παρά
1485 3650 1596 3710 τοῖς
1643 3649 2077 3721 πεπλανημένοις

503 3727 977 3800 ὑποπτευομένων.
1022 3730 1174 3785 Ἐπεὶ
1226 3733 1334 3804 γὰρ
1378 3733 1456 3786 ἐτι
1506 3737 1802 3808 παχύτεροι
1848 3734 1988 3810 ἦσαν
2027 3742 2076 3793 οἰ

515 3814 776 3880 Ἰουδαῖοι,
815 3818 910 3870 καὶ
952 3819 1013 3871 οὐ
1042 3820 1219 3892 πάντη
1257 3822 1696 3892 εἰδωλολατρείας
1724 3826 2078 3898 ἀπηλλαγμέ-

503 3919 582 3956 νοι
612 3915 658 3966 ο,
699 3903 835 3958 ἀλλά
864 3906 1153 3976 κεχηνότες
1193 3910 1328 3979 πρὸς
1375 3911 1442 3963 τά
1477 3910 1690 3974 εἴδωλα,
1729 3915 1824 3966 καὶ
1850 3914 2076 3984 λείψανα

505 3988 674 4044 πολλά
710 3993 807 4061 τῆς
844 3996 1189 4064 παρανομίας
1223 3996 1454 4066 ἔχοντες,
1495 3999 1590 4051 καὶ
1625 4000 1870 4054 ἐντεῦθεν
1898 4002 2077 4056 αὐτῶν

504 4078 801 4150 καθαιρεῖά
835 4081 904 4134 τά
941 4084 1282 4153 φρονήματα,
1320 4085 1532 4150 δεικνὺς
1561 4089 1644 4140 ὅτι
1691 4090 1954 4144 κάκείνων
1984 4095 2079 4145 Δε-

509 4167 711 4236 σπότης
748 4167 881 4220 ἐστί.
927 4169 1037 4222 Kal
1067 4169 1175 4239 γάρ
1221 4171 1315 4224 καὶ
1358 4171 1466 4226 τῶν
1509 4174 1776 4245 δαιμόνων
1804 4179 2078 4250 Δεσπότης

508 4255 674 4320 ἐστὶν,
704 4255 880 4310 αὐτῶν
907 4257 1013 4311 τῶν
1040 4259 1236 4314 οὐσιῶν
1275 4259 1449 4330 λέγω·
1481 4264 1535 4316 αἰ
1567 4263 1674 4334 γὰρ
1703 4267 1918 4337 γνῶμαι
1947 4271 2076 4340 παρ’

507 4343 686 4396 αὐτῶν
731 4345 866 4397 εἰσιν
913 4349 1348 4420 εἰσενηνεγμέναι
1403 4351 1496 4405 καὶ
1552 4354 1584 4422 ἡ
1628 4355 1859 4427 πονηρία
1905 4360 2073 4414 πᾶσα.

507 4434 665 4486 Δοκεῖ
698 4433 754 4486 δέ
787 4452 881 4510 ,μοι
924 4437 1017 4488 καὶ
1058 4437 1210 4502 οὗτος
1257 4438 1472 4508 ἔχεσθαι
1504 4441 1596 4494 τοῦ
1642 4445 1906 4516 προτέρου
1939 4447 2078 4516 ψαλ-

510 4521 634 4592 μοῦ.
663 4521 771 4574 Kal
791 4523 897 4594 γὰρ
921 4525 1014 4578 καὶ
1038 4525 1263 4580 ἐνταῦθα
1283 4527 1502 4599 ἔλεγχος
1527 4531 1621 4584 καὶ
1646 4536 1946 4605 κατηγορία
1971 4538 2079 4589 τῶν

507 4608 1052 4680 πεπλημμεληκὸτων
1079 4613 1411 4684 γέγραπται’
1444 4617 1559 4670 ἀλλ’
1602 4619 1720 4672 ἐκεῖ
1749 4621 1846 4689 μὲν
1875 4622 1971 4692 τὴν
2001 4625 2077 4676 οὶ-

509 4696 780 4768 κουμένην
808 4698 990 4752 ἐκάλει
1008 4702 1186 4754 πᾶσαν
1208 4703 1286 4764 εἰς
1305 4704 1586 4773 ἀκρόασιν,
1609 4707 1841 4762 ἐνταῦθα
1864 4709 1920 4762 δὲ
1940 4710 2080 4764 αὑτά

507 4782 577 4837 τά
604 4787 837 4854 στοιχεῖα
869 4786 938 4840 τά
964 4787 1083 4870 καθ’
1102 4787 1228 4859 ὅλης
1255 4791 1586 4862 ἐκτεταμένα
1610 4796 1708 4864 τῆς
1733 4798 2073 4870 οἰκουμένης.

513 4870 675 4925 ’Ἄλλο
724 4871 947 4943 θέατρον
978 4867 1077 4928 ὧδε
1127 4877 1222 4930 καὶ
1266 4876 1392 4931 ἄλλο
1434 4881 1821 4952 ἀκροατήριον·
1857 4867 1974 4939 ἐκεῖ
2009 4867 2075 4940 τά

508 4955 656 5028 ἔθνη,
707 4960 756 5012 οἰ
793 4964 1062 5031 γηγενεῖς,
1105 4963 1134 5015 6
1168 4963 1438 5029 πλούσιος,
1475 4968 1503 5019 6
1550 4969 1750 5039 πένης’
1794 4972 2026 5027 ἐνταῦθα
2049 4977 2077 5029 6

506 5045 733 5116 οὐρανὸς
765 5049 859 5101 καὶ
891 5051 924 5120 ή
963 5050 1054 5119 γῆ,
1079 5052 1174 5104 καὶ
1214 5052 1374 5107 αὑτὸν
1413 5053 1620 5122 εἰσάγει
1653 5057 1744 5110 τὸν
1771 5057 1901 5113 Θεὸν
1928 5061 2078 5116 δικα-

511 5132 755 5203 ξάμενον,
791 5136 885 5189 καὶ
923 5136 1196 5201 τοιούτους
1237 5141 1378 5192 κινεῖ
1405 5139 1595 5208 λόγους
1638 5142 1770 5213 παρ’
1803 5147 1965 5201 αὑτοῦ
1999 5149 2076 5201 δι-

509 5221 954 5294 καιολογουμένου
996 5227 1132 5296 πρὸς
1167 5225 1258 5280 τὸν
1297 5227 1466 5298 δῆμον
1514 5229 1620 5282 τῶν
1670 5231 1955 5288 Ἰουδαίων.
1987 5236 2077 5289 Διὸ

507 5405 757 5516 οῢςίἒξξο,
779 5411 1005 5460 ὑποκάτω
1023 5411 1108 5460 τοῦ
1132 5412 1349 5475 οὐρανοῦ,
1373 5415 1554 5466 desunt
1576 5418 1624 5466 in
1651 5418 1801 5471 SaVil.
1832 5424 1954 5472 etin
1981 5439 2076 5474 uno

532 5592 546 5611 ρ
764 5531 889 5611 φίλη.
913 5533 966 5604 ᾖ,
989 5531 1050 5581 26
1072 5548 1083 5581 :
1122 5534 1259 5592 οὗτος
1279 5536 1479 5594 ἤλπισεν
1502 5540 1822 5593 ἐπικαλεῖσθαι
1841 5545 1897 5593 τὸ
1928 5547 2076 5611 ὄνομα

506 5593 684 5651 Καρίου
707 5593 792 5642 τοῦ
817 5594 958 5643 Θεοῦ.

573 5661 598 5729 ξ
622 5654 771 5729 ξυνίει..
794 5663 850 5729 et_
867 5657 992 5705 alius
1013 5657 1274 5729 παχύτερον
1295 5660 1639 5729 διέκειντολοῐ...
1672 5664 1794 5724 ἦσαν
1815 5669 1987 5729 ἀπηλλ.

574 5717 599 5755 d
630 5717 777 5765 Savil.
806 5724 858 5765 et
882 5731 1007 5784 unus
1047 5717 1205 5766 αὐτῶν
1239 5721 1438 5784 ἐπαίρει,
1471 5727 1632 5776 minus
1654 5717 1790 5778 récle
1819 5751 1830 5778 :
1861 5717 1987 5781 nimv
2011 5746 2072 5782 ex

507 5778 748 5830 diametro
773 5782 1038 5842 oppositam
1059 5778 1362 5831 sententiam‘
1379 5778 1545 5836 efﬁcit.

2153 935 2305 1004 πρὸς
2336 937 2444 989 τὸν
2471 937 2627 990 λαὸν
2657 937 2866 1000 αὐτοῦ,
2901 936 2999 990 καὶ
3020 935 3170 1006 μετὰ
3207 935 3314 989 τοῦ
3339 934 3492 989 λαοῦ
3524 933 3722 987 διαλε-

2155 1027 2462 1095 χθήσεται.
2495 1027 2604 1080 Kal
2635 1028 2826 1081 πάλινο
2857 1025 3212 1095 Κριθήσεται
3246 1025 3394 1092 πρὸς
3419 1022 3594 1092 ὑμᾶς,
3625 1021 3722 1075 καὶ

2155 1124 2306 1186 πρὸς
2332 1120 2472 1184 τοὺς
2509 1121 2768 1188 πατέρας
2794 1117 2980 1188 ὑμῶν.
3009 1119 3118 1172 Kal
3148 1115 3413 1186 πολλαχοῦ
3451 1115 3560 1169 τῶν
3585 1116 3727 1184 Γρα-

2157 1211 2272 1279 φῶν
2306 1211 2403 1264 ῐδοι
2435 1228 2519 1274 τις
2557 1210 2620 1264 ἂν
2650 1210 2805 1264 τοῦτο
2835 1211 2896 1264 τὸ
2935 1211 3139 1280 σχῆμα,
3167 1211 3302 1279 ὅπερ
3342 1207 3460 1260 ἐστὶ
3495 1206 3727 1276 μάλιστα
3827 1251 3830 1255 .

2157 1300 2621 1372 πληκτικώτατον,
2643 1302 2849 1371 καὶτῆς
2869 1299 3274 1372 φιλανθρωπίας
3294 1298 3387 1351 τοῦ
3409 1297 3541 1351 Θεοῦ
3559 1296 3724 1362 ἀξιον.

2158 1395 2269 1447 Kal
2317 1395 2428 1467 γάρ
2479 1394 2576 1466 τὴν
2621 1395 2823 1464 ἄφατον
2874 1393 3038 1448 αὑτοῦ
3094 1393 3361 1445 δείκνυσιν
3397 1389 3726 1459 ἀγαθότητα,

2159 1488 2409 1540 τοσοῦτον
2437 1487 2874 1548 καταϐαίνοντος,
2900 1484 3039 1539 ὥστε
3069 1483 3348 1554 κρίνεσθαι
3374 1481 3509 1552 μετά
3529 1480 3733 1553 ἀνθρώ·

2163 1597 2300 1633 πων.
2349 1581 2450 1632 Ἐκ
2482 1579 2633 1633 Σιὼν
2665 1579 2703 1646 ἡ
2749 1575 3067 1646 εὐπρέπεια
3100 1573 3209 1642 τῆς
3253 1574 3607 1642 ὡραιότητος
3635 1575 3735 1624 αὑ-

2163 1673 2290 1727 τοῦ.
2330 1672 2480 1742 Ἔχει
2513 1671 2608 1741 μέν
2638 1689 2688 1725 τι
2723 1671 2815 1724 καὶ
2854 1669 3208 1739 προφητικὸν,
3239 1666 3352 1736 ἔχει
3382 1665 3438 1718 δὲ
3477 1665 3570 1718 καὶ
3592 1665 3727 1716 [crto-

2167 1764 2338 1836 ρικὸν,
2366 1764 2428 1818 τὸ
2450 1765 2734 1834 εἰρημένον
2752 1780 2765 1794 ο
2791 1765 2982 1832 γέγονε
3007 1763 3104 1832 μὲν
3126 1761 3235 1832 γάρ
3261 1759 3354 1812 καὶ
3382 1757 3474 1811 ἐπὶ
3501 1759 3598 1827 τῆς
3623 1757 3734 1809 Πα-

2163 1853 2319 1918 λαιᾶς
2363 1855 2572 1908 ἐκεῖθεν
2619 1853 2781 1907 αὑτοῦ
2820 1856 2852 1924 ή
2883 1853 3201 1924 εὐπρέπεια.
3234 1852 3344 1903 Kal
3377 1849 3485 1920 γάρ
3527 1849 3555 1901 6
3586 1847 3731 1909 ναὸς.

2163 1947 2232 2001 τὰ
2263 1949 2431 2015 Ἀγια
2451 1947 2558 2002 τῶν
2587 1947 2834 2017 ἀγίων,ὴ
2870 1944 3094 2015 λατρεία
3125 1945 3274 1996 πᾶσα
3301 1942 3395 1994 καὶ
3425 1943 3460 2010 ἡ
3495 1939 3736 1992 πολιτεία

2165 2041 2262 2111 τῆς
2289 2041 2522 2103 παλαιᾶς
2567 2039 2904 2110 νομοθεσίας,
2935 2039 3029 2092 καὶ
3076 2037 3262 2107 ἱερέων
3288 2034 3349 2088 τὸ
3391 2033 3613 2104 πλῆθος,
3642 2030 3738 2084 καὶ

2167 2133 2365 2196 θυσίαι,
2399 2131 2494 2184 καὶ
2522 2130 2929 2192 ὁλοκαυτώσεις,
2959 2131 3052 2183 καὶ
3087 2129 3244 2200 ὕμνοι
3271 2127 3404 2198 ἱεροὶ
3441 2125 3535 2179 καὶ
3558 2123 3738 2194 ψαλμ-

2166 2222 2338 2293 ῳδίαι,
2380 2223 2474 2274 καὶ
2505 2222 2681 2275 πάντα
2728 2222 2952 2286 ἐκεῖθεν,
2993 2219 3087 2274 καὶ
3123 2219 3231 2273 τῶν
3271 2217 3567 2289 μελλόντων
3595 2216 3740 2266 ἐκεί-

2167 2319 2257 2372 θεν
2286 2317 2314 2368 6
2336 2313 2505 2378 τύπος
2547 2313 3031 2384 προδιεγέγραπτο.
3072 2308 3289 2380 Ἐπειδὴ
3319 2309 3375 2361 δὲ
3413 2306 3507 2360 xal
3536 2307 3569 2375 ἡ
3603 2305 3737 2375 ἀλή-

2167 2413 2286 2466 θεια
2315 2409 2702 2482 παραγέγονεν,
2740 2407 2948 2461 ἐκεῖθεν
2990 2405 3150 2458 πάλιν
3193 2403 3291 2474 τὴν
3325 2400 3498 2472 ἀρχὴν
3529 2397 3737 2452 ἐλαῦεν.

2168 2503 2320 2576 [225]
2358 2502 2594 2557 Ἐκεῖθεν
2626 2505 2654 2555 6
2693 2500 2923 2570 σταυρὸς
2959 2496 3226 2568 ἔλαμψεν
3252 2493 3459 2547 ἐκεῖθεν
3481 2491 3548 2545 τά
3576 2489 3740 2560 μυρία

2169 2598 2590 2668 κατορθώματα.
2622 2595 2720 2649 Διά
2750 2595 2814 2667 δὴ
2853 2593 3009 2647 τοῦτο
3042 2594 3135 2647 καὶ
3164 2592 3291 2664 περὶ
3314 2589 3408 2644 τοῦ
3439 2591 3602 2659 νόμου
3633 2605 3739 2657 φη-

2172 2693 2255 2746 σὶν
2280 2695 2308 2745 6
2342 2693 2568 2754 Ἡσαΐας
2589 2690 2686 2759 τῆς
2709 2691 2915 2758 Καινῆς
2937 2686 3209 2757 Διαθήκης
3229 2686 3454 2756 γράφων
3469 2701 3482 2715 ο
3513 2684 3606 2735 Ἐκ
3633 2681 3739 2750 γάρ

2171 2783 2324 2837 Σιὼν
2370 2782 2752 2846 ἐξελεύσεται
2794 2780 2996 2848 νόμος,
3043 2777 3141 2830 καὶ
3185 2776 3364 2843 λόγος
3413 2772 3632 2840 Κυρίου
3669 2768 3736 2835 ἐξ

2183 2873 2587 2942 Ἰερουσαλὴμ,
2619 2873 2715 2926 καὶ
2762 2871 2956 2939 κρινεῖ
2999 2869 3114 2922 ἀνὰ
3137 2868 3333 2936 μέσον
3370 2865 3490 2918 τῶν
3530 2861 3735 2919 ἐθνῶν.

2174 2967 2312 3020 Σιὼν
2355 2967 2462 3037 γὰρ
2497 2965 2729 3018 ἐνταῦθα
2778 2963 3068 3033 ὁλόκληρον
3112 2960 3259 3028 λέγει
3306 2959 3366 3012 τὸ
3397 2958 3612 3028 χωρίον,
3648 2957 3741 3010 καὶ

2172 3061 2272 3132 τὴν
2307 3059 2458 3113 πόλιν
2488 3059 2584 3130 τὴν
2619 3054 3030 3128 παρακειμένην
3066 3053 3234 3123 αὐτῷ,
3267 3053 3366 3122 τὴν
3411 3049 3739 3122 μητρόπολιν

2173 3152 2281 3206 τῶν
2340 3150 2624 3204 Ἰουδαίων.
2676 3147 2912 3202 Ἐκεῖθεν
2940 3147 3049 3218 γὰρ
3095 3145 3346 3214 καθάπερ
3391 3145 3454 3196 ἐκ
3502 3141 3740 3213 βαλϐἰδηες

2174 3262 2316 3306 τινος
2349 3242 2622 3306 εὺσκελεῖς
2659 3243 2813 3294 ἵπποι
2847 3240 2895 3293 οἱ
2927 3238 3213 3292 ἀπόστολοι
3243 3238 3321 3300 εἰς
3352 3236 3449 3306 τὴν
3495 3233 3743 3303 οἰκουμέ-

2174 3353 2270 3406 νην
2297 3336 2577 3404 ἀφέθησαν
2615 3335 2829 3388 ἆπασαν
2853 3351 2866 3363 ·
2908 3332 3114 3386 ἐκεῖθεν
3153 3331 3220 3384 τά
3267 3333 3468 3401 σημεῖα
3513 3329 3743 3399 ἧρξαντο

2177 3430 2347 3479 ποιεῖν
2373 3441 2385 3454 '
2420 3427 2536 3478 ἐκεῖ
2566 3426 2788 3493 γέγονεν
2825 3426 2858 3496 ἡ
2887 3424 3203 3486 ἀνάστασις,
3236 3424 3353 3476 ἐκεῖ
3379 3423 3411 3492 ἡ
3459 3420 3741 3490 ἀνάληψις,

2177 3518 2295 3572 ἐκεῖ
2314 3519 2382 3570 τὰ
2407 3518 2664 3588 προοίμια
2689 3517 2782 3571 καὶ
2813 3519 2846 3587 ἡ
2876 3517 3017 3588 ἀρχὴ
3051 3516 3152 3586 τῆς
3182 3515 3453 3585 σωτηρίας
3480 3514 3576 3584 τῆς
3605 3512 3744 3581 ἠμε-

2175 3611 2339 3681 τέρας
2363 3626 2375 3638 ·
2399 3612 2516 3664 ἐκεῖ
2529 3610 2595 3664 τὰ
2620 3611 2905 3681 ἀπόρρητα
2925 3609 3168 3680 δόγματα
3191 3606 3552 3679 κηρύττεσθαι
3573 3607 3747 3678 ἀρχὴν

2175 3703 2387 3756 ἐλαϐεν.
2439 3704 2584 3755 Ἐκεῖ
2617 3702 2831 3772 πρῶτον
2878 3701 3233 3771 ἀπεκαλύφθη
3264 3701 3292 3753 6
3335 3699 3542 3770 Πατὴρ,
3578 3700 3747 3767 ἐγνω-

2179 3793 2338 3865 ρίσθη
2384 3795 2411 3846 6
2443 3792 2769 3863 Μονογενὴς,
2813 3793 2906 3845 καὶ
2955 3791 3109 3862 ἐδόθη
3155 3789 3389 3859 τοσαύτη
3434 3789 3746 3860 Πνεύματος

2177 3884 2354 3954 χάρις.
2374 3883 2485 3936 Kal
2500 3882 2591 3935 τὸν
2613 3899 2677 3934 πε
2687 3884 2737 3954 pl
2759 3882 2865 3935 τῶν
2885 3883 3188 3952 ἀσωμάτων
3212 3882 3328 3934 ἐκεῖ
3344 3881 3497 3948 λόγον
3519 3881 3749 3952 ἐγύμνα-

2178 3977 2268 4042 ζον
2301 3977 2350 4029 οἰ
2396 3975 2700 4039 ἀπόστολοι,
2750 3974 2859 4027 τῶν
2903 3973 3141 4045 δωρεῶν,
3178 3973 3272 4026 καὶ
3304 3973 3606 4043 δυνάμεων,
3653 3971 3749 4025 καὶ

2178 4069 2284 4124 τῶν
2311 4069 2607 4140 μελλόντων
2629 4066 2845 4136 ἀγαθῶν
2858 4067 2955 4137 τῆς
2975 4065 3321 4135 ἐπαγγελίας.
3338 4065 3515 4135 "Amp
3534 4063 3748 4117 ἅπαντα

2180 4161 2373 4216 ἐννοῶν
2407 4164 2434 4214 6
2472 4160 2778 4232 Προφήτης,
2808 4157 3114 4230 ὡραιότητα
3151 4157 3314 4211 αὐτοῦ
3343 4155 3514 4210 καλεῖ.
3558 4155 3746 4224 Κάλλη

2179 4255 2287 4326 γάρ
2320 4252 2454 4306 Θεοῦ
2483 4251 2578 4307 καὶ
2603 4251 2930 4323 ὡραιότηςὴ
2965 4250 3234 4320 άγαθότης
3268 4250 3411 4315 καὶὴ
3447 4247 3749 4317 φιλανθρω-

2181 4347 2299 4411 πία,
2335 4347 2426 4399 καὶ
2459 4346 2492 4416 ἡ
2521 4347 2600 4407 εἰς
2634 4345 2878 4407 ἅπαντας
2923 4343 3226 4414 εὐεργεσία.
3270 4341 3334 4393 '0
3379 4340 3519 4405 Θεὸς
3566 4341 3748 4408 ἐμφα-

2178 4437 2297 4502 νῶς
2329 4437 2487 4504 ἣξει,
2519 4438 2552 4490 ὁ
2585 4437 2727 4500 Θεὸς
2753 4435 2939 4504 ἡμῶν,
2970 4434 3066 4487 καὶ
3097 4435 3167 4486 οὐ
3202 4429 3744 4499 παρασιωπήσεται.

2189 4531 2351 4600 Ὁρᾷς
2394 4527 2510 4591 πῶς
2553 4526 2755 4596 προῖὼν
2801 4527 3105 4596 ἀπογυμνοῖ
3138 4524 3227 4576 τὸν
3257 4524 3431 4592 λόγον,
3469 4524 3562 4576 καὶ
3612 4525 3747 4578 ἀπο-

2177 4622 2442 4675 καλύπτει
2473 4621 2564 4674 τὸν
2593 4619 2883 4690 θησαυρὸν,
2916 4618 3010 4672 καὶ
3039 4616 3395 4686 φαιδροτέραν
3428 4615 3618 4686 ἀφίησι
3651 4615 3746 4685 τὴν

2177 4716 2391 4777 ἀκτῖνα,
2438 4713 2640 4781 λέγων’
2684 4712 2736 4764 '0
2768 4711 2910 4776 Θεὸς
2946 4707 3221 4780 ἐμφανῶς
3262 4709 3411 4776 ἥξει.
3446 4709 3581 4762 Πότε
3638 4709 3747 4780 γάρ

2177 4807 2275 4860 οὐκ
2315 4805 2574 4876 ἐμφανῶς
2618 4804 2988 4877 παραγέγονε;
3031 4803 3203 4867 Πότε;
3240 4803 3317 4873 Τῇ
3367 4803 3604 4873 προτέρᾳ
3651 4821 3747 4855 πα-

2179 4901 2366 4976 ρουσίᾳ
2389 4916 2402 4928 ·
2434 4898 2670 4969 ἀψοφητὶ
2719 4897 2825 4969 γάρ
2852 4893 2980 4968 ἦλθε
3017 4897 3142 4958 τοὺς
3193 4895 3414 4958 πολλοὺς
3468 4894 3744 4965 κρύπτων,

2177 4993 2272 5046 καὶ
2302 4991 2460 5062 μέχρι
2495 4989 2687 5043 πολλοῦ
2732 4988 3024 5042 λανθάνων.
3057 4987 3122 5040 Τί
3159 4987 3300 5055 λέγω
3341 4988 3464 5051 τοὺς
3497 4987 3742 5048 πολλοὺς,

2177 5086 2307 5139 ὃπου
2347 5101 2409 5153 γε
2443 5083 2562 5137 οὐδὲ
2592 5083 2727 5153 αὐτὴ
2757 5084 2790 5153 ἡ
2822 5080 3162 5154 κυοφοροῦσα
3209 5081 3478 5150 Παρθένος
3511 5080 3622 5150 ᾔδει
3651 5079 3744 5132 τοῦ

2183 5175 2478 5245 μυστηρίου
2523 5185 2547 5213 ε
2580 5173 2641 5227 τὸ
2681 5174 3012 5244 ἀπόρρητον,
3069 5173 3188 5225 οὐδὲ
3239 5173 3287 5225 οἰ
3322 5171 3536 5239 ἀδελφοὶ
3583 5157 3745 5223 αὑτοῦ

2178 5267 2457 5318 ἐπίστευον
2497 5266 2575 5328 εἰς
2603 5265 2782 5327 αὑτὸν,
2814 5262 2932 5315 οὐδὲ
2963 5263 2992 5315 6
3017 5263 3185 5316 δοκῶν
3219 5259 3357 5316 εἶναι
3390 5261 3568 5333 πατὴρ
3603 5263 3746 5331 μέγα

2177 5375 2230 5412 τι
2253 5357 2583 5428 ἐφαντάζετο
2617 5373 2682 5409 πε
2693 5355 2744 5426 pl
2772 5353 2970 5418 αὑτοῦ;

2249 5451 2312 5522 β’.
2343 5451 2454 5504 Kal
2471 5449 2522 5502 τί
2549 5449 2691 5518 λέγω
2707 5445 3026 5517 ἀνθρώπους
3046 5462 3060 5508 ;
3081 5445 3190 5498 Kal
3206 5444 3364 5497 αὐτὸν
3390 5443 3478 5494 τὸν
3503 5440 3745 5496 διάϐολον

2175 5543 2498 5600 ἐλάνθανεν’
2530 5541 2650 5594 οὐδὲ
2697 5539 2806 5612 γάρ
2835 5539 2922 5601 ἂν,
2967 5538 3121 5608 εἴπερ
3171 5536 3303 5606 ᾔδει,
3347 5534 3534 5606 ἠρώτα
3583 5534 3746 5586 αὑτὸν

2177 5631 2312 5702 μετά
2337 5629 2586 5684 τοσοῦτον
2616 5628 2805 5700 χρόνον
2852 5628 2944 5680 ἐπὶ
2969 5625 3062 5680 τοῦ
3093 5625 3268 5697 ὅρους,
3305 5625 3368 5677 El
3400 5622 3529 5688 Υἱὸς
3557 5619 3616 5676 εἷ
3640 5623 3746 5676 τοῦ

2241 5793 2262 5820 ε
2286 5789 2368 5838 Sic
2391 5802 2502 5838 mss.
2528 5795 2581 5838 el
2605 5788 2750 5838 Savil.
2777 5785 2874 5836 Τοῦ
2899 5785 3154 5850 μυστηρίου
3174 5784 3344 5831 deem
3373 5783 3426 5831 in
3447 5780 3620 5829 Morel.
