4108 6344
315 419 412 472 w

310 540 545 585 siderum.
578 530 643 585 Et
671 528 826 599 paulo
843 535 973 597 post
1001 544 1015 580 :
1050 522 1162 596 Ego
1188 522 1317 589 dimi,
1340 520 1433 575 Dii
1454 521 1570 575 estis
1601 517 1783 591 (Psal.
1810 517 1901 572 8|.

317 629 370 682 1.
403 637 448 680 et
478 626 569 694 6).
594 624 657 678 Et
679 621 876 677 Paulus
904 638 917 674 :
950 619 1061 673 Etsi
1109 618 1240 671 enim
1266 624 1383 670 sunt
1423 614 1507 685 qui
1548 614 1786 667 dicuntur
1834 612 1907 665 dii

314 728 368 772 et
396 716 587 771 domini
616 715 758 768 multi
806 713 896 783 (1.
943 711 1061 765 Cor.
1088 710 1141 764 8.
1193 709 1283 777 5).
1323 706 1391 761 Et
1413 705 1587 760 Moses
1621 722 1635 759 :
1661 702 1777 758 Diis
1805 720 1908 757 non

318 809 586 864 maledicos
613 809 630 876 (
665 804 830 860 Exod.
860 803 950 857 22.
972 800 1100 872 28).
1128 800 1191 855 El
1221 798 1346 853 alibi
1379 815 1393 853 :
1432 794 1667 851 Videntes
1690 795 1784 863 ﬁlii
1812 793 1909 847 Dei

321 902 454 965 ﬁlias
495 899 753 952 hominum
796 894 817 960 (
835 894 961 950 Gen.
998 893 1052 947 6.
1100 891 1198 954 2).
1239 890 1309 944 Et
1350 903 1535 943 rursus
1575 886 1714 941 idem
1765 884 1908 950 :Qni

319 999 609 1044 exsecratur
658 986 837 1050 Deum,
887 992 1144 1053 peccatum
1164 980 1413 1049 accipiet:
1441 978 1527 1045 qui
1550 986 1718 1031 autem
1747 976 1909 1029 nomi-

321 1090 409 1134 nat
444 1094 625 1132 nomen
663 1074 894 1140 Domini,
924 1071 1177 1144 lapidibus
1205 1070 1441 1125 obruetur
1470 1066 1667 1139 (Leuit.
1697 1065 1787 1121 24.
1819 1065 1906 1119 15.

326 1172 439 1241 16).
472 1172 538 1225 Et
566 1184 748 1224 rursus
775 1186 789 1222 :
822 1165 929 1232 Dii,
952 1165 1037 1234 qui
1066 1164 1245 1218 caelum
1264 1171 1309 1217 et
1335 1171 1521 1216 terram
1544 1175 1645 1213 non
1664 1162 1907 1229 fecerunt,

325 1274 530 1336 pereant
560 1262 649 1317 sub
686 1261 810 1315 εωιο
840 1262 856 1291 ¹
886 1257 1030 1332 (Jer.
1066 1257 1153 1313 10.
1186 1256 1310 1326 11).
1360 1255 1630 1321 Quosnam
1658 1265 1787 1322 ergo
1834 1250 1909 1305 si-

324 1356 543 1428 gniﬁcat
563 1370 656 1424 per
682 1352 783 1407 hoc
804 1366 995 1406 nomen
1017 1350 1070 1404 in
1092 1349 1196 1403 illis
1220 1346 1558 1410 testimoniis,
1577 1350 1631 1399 et
1649 1356 1908 1413 quosnam

326 1448 412 1503 hic
442 1448 571 1503 dicit
612 1445 775 1500 deos?
819 1444 1111 1512 Principes.
1157 1438 1415 1509 Quocirca
1455 1436 1765 1507 subjungit:
1796 1434 1911 1489 Diis

324 1557 427 1594 non
471 1538 771 1602 maledices,
817 1550 907 1589 nec
965 1532 1184 1604 principi
1231 1529 1408 1601 populi
1458 1529 1533 1583 tui
1585 1528 1720 1582 dices
1779 1528 1913 1581 male

318 1630 531 1703 (Exod.
558 1629 647 1683 22.
677 1627 806 1698 28).
833 1627 971 1681 Dicit
998 1625 1156 1680 etiam
1189 1638 1283 1679 eos
1311 1621 1397 1692 qui
1442 1636 1510 1676 ex
1547 1628 1765 1692 parente
1815 1619 1912 1673 ali-

326 1738 432 1790 quo
458 1724 652 1775 virtute
677 1719 900 1789 praedito
935 1717 1193 1787 originem
1244 1715 1536 1770 duxerunt.
1590 1711 1725 1779 Quia
1762 1710 1910 1764 enim

319 1814 492 1877 Euos,
524 1814 614 1883 qui
659 1825 922 1867 summam
951 1807 1187 1864 ostendit
1231 1806 1503 1870 virtutem,
1557 1803 1652 1859 Dei
1691 1802 1912 1857 nomine

328 1913 545 1959 vocatus
601 1911 685 1957 est
721 1920 734 1955 :
776 1902 865 1972 qui
923 1910 1101 1955 autem
1118 1913 1193 1953 ex
1223 1897 1313 1952 illo
1336 1896 1444 1951 nati
1473 1905 1596 1950 sunt
1616 1908 1827 1958 omnes,
1859 1900 1914 1946 ct

329 2004 551 2066 nepotes
598 1994 774 2049 fratris
800 1994 962 2058 illius,
991 1992 1130 2046 inter
1153 2004 1214 2045 se
1252 1986 1744 2057 conjungebantur,
1776 1983 1913 2039 ﬁlios

329 2089 421 2143 Dei
446 2094 624 2151 vocat,
674 2086 763 2156 qui
793 2102 859 2141 ex
904 2085 1018 2138 viro
1044 2083 1185 2138 bono
1213 2094 1380 2152 genus
1417 2079 1699 2134 duxerant.
1739 2076 1913 2145 Crepe-

326 2191 443 2234 runt
467 2180 631 2245 enim,
662 2178 849 2249 inquit,
880 2175 1048 2230 vocari
1086 2175 1286 2229 nomine
1328 2171 1427 2226 Dei
1470 2170 1635 2243 (Gen.
1683 2170 1738 2224 4.
1776 2168 1911 2240 26).

329 2272 466 2327 Dicit
487 2271 646 2325 etiam
670 2269 923 2340 populum
950 2266 1254 2323 Judzeorum
1280 2306 1296 2331 ,
1325 2264 1414 2334 qui
1440 2263 1540 2318 hac
1565 2262 1916 2332 appellatione

330 2364 642 2419 honestatus
669 2373 770 2427 est,
798 2361 924 2416 dum
955 2360 1084 2415 dicit
1115 2378 1129 2416 :
1161 2357 1273 2430 Ego
1302 2358 1429 2423 diri,
1455 2356 1543 2410 Dii
1577 2355 1720 2419 estis,
1743 2363 1790 2408 et
1819 2354 1915 2422 ﬁlii

330 2456 535 2522 Excelsi
563 2470 732 2509 omnes
758 2452 943 2525 (Psal.
972 2453 1061 2508 81.
1103 2450 1201 2522 6).
1231 2452 1297 2505 Ει
1322 2450 1457 2504 alius
1488 2467 1502 2503 :
1531 2446 1699 2501 Filius
1724 2446 1916 2516 primo-

333 2550 530 2620 genitus
560 2566 699 2603 meus
726 2546 890 2602 Israel
916 2544 1128 2617 (Exod.
1171 2545 1226 2599 ι.
1252 2540 1380 2616 22).
1415 2541 1503 2597 Sic
1520 2540 1665 2596 enim
1694 2539 1916 2593 vocabat

329 2658 517 2698 eorum
537 2641 786 2710 populum
808 2650 1025 2710 propter
1050 2653 1201 2694 suam
1219 2636 1617 2706 benignitatem.
1642 2632 1730 2687 Sic
1754 2632 1915 2687 etiam

331 2735 552 2790 solvitur
572 2733 742 2788 illud:
775 2734 875 2800 Qui
918 2741 1205 2787 exsecratur
1251 2729 1438 2796 Deum,
1488 2736 1743 2799 peccatum
1784 2726 1917 2780 acci-

336 2828 434 2897 piet
462 2842 482 2881 :
518 2827 623 2880 hoc
664 2836 781 2889 est,
822 2824 911 2894 qui
954 2822 1179 2894 principi
1221 2821 1526 2887 maledicit,
1569 2828 1771 2889 peccat.
1817 2816 1917 2882 Qui

332 2928 498 2973 autem
545 2919 773 2972 nominat
811 2932 991 2970 nomen
1033 2913 1150 2980 Dei,
1201 2914 1442 2969 obruetur
1472 2912 1725 2981 lapidibus
1753 2908 1915 2982 (Leo.

331 3011 528 3081 ειΑες)
556 3027 569 3063 :
605 3010 706 3064 hoc
730 3016 833 3074 est,
865 3008 953 3077 qui
976 3007 1041 3061 iis
1065 3007 1156 3077 qui
1185 3021 1291 3061 non
1328 3012 1472 3069 sunt,
1504 3003 1621 3072 ejus
1659 3004 1747 3072 qui
1774 3002 1917 3057 Deus

333 3113 415 3159 est
444 3117 639 3157 nomen
667 3101 869 3155 tribuit.
900 3099 1032 3168 Quia
1056 3099 1198 3155 enim
1226 3112 1331 3151 non
1359 3104 1534 3166 potest
1558 3095 1675 3164 ejus
1700 3102 1918 3163 peccato

335 3195 555 3266 ignosci,
604 3194 656 3248 in
701 3193 878 3261 ipsum
921 3190 1292 3261 gravissimum
1315 3186 1658 3241 constitutum
1685 3192 1767 3240 est
1789 3199 1918 3252 sup.

327 3286 570 3355 ,plicium.
613 3284 870 3338 Dicuntur
919 3282 1082 3337 etiam
1124 3280 1197 3334 dii
1243 3279 1503 3349 gentium,
1549 3291 1656 3331 non
1700 3285 1920 3346 propter

338 3379 615 3440 honorem,
670 3389 770 3429 nec
810 3372 949 3445 quod
998 3373 1069 3427 ita
1097 3370 1205 3427 sint
1228 3368 1550 3441 appellandi,
1580 3367 1674 3423 sed
1704 3378 1920 3438 propter

328 3483 523 3524 reorum
544 3466 633 3536 qui
678 3464 886 3535 decepti
922 3470 1067 3529 sunt,
1098 3472 1152 3517 et
1197 3461 1319 3516 illos
1354 3461 1427 3516 ita
1455 3467 1737 3524 vocarunt,
1768 3472 1920 3512 erro-

340 3574 473 3615 rem.
501 3559 834 3628 Quapmpter
861 3556 986 3610 dicit
1011 3569 1224 3625 quoque
1249 3552 1447 3608 Paulus
1475 3569 1489 3606 :
1523 3550 1662 3605 Nam
1689 3550 1781 3604 etsi
1802 3558 1921 3604 sunt

337 3652 424 3722 qui
448 3651 683 3705 dicuntur
728 3648 798 3701 dii
821 3647 841 3721 (
864 3648 917 3701 1.
962 3645 1082 3702 Cor.
1133 3645 1188 3701 8.
1219 3645 1322 3716 5),
1347 3642 1651 3715 signiﬁcans
1690 3656 1783 3697 eos
1813 3656 1920 3695 non

337 3757 457 3799 esse
480 3741 631 3801 deos.
661 3756 727 3795 ne
753 3738 1120 3811 appellationis
1158 3736 1370 3808 quidem
1399 3735 1600 3789 honore
1624 3744 1798 3789 tenus.
1823 3732 1923 3787 llic

340 3849 470 3904 ergo
498 3834 565 3888 de
590 3833 910 3903 quibusnam
938 3830 1086 3897 dicit,
1114 3828 1253 3883 Deus
1287 3826 1682 3882 deorum?Mihi
1708 3825 1919 3881 videtur

338 3926 518 3982 dicere
540 3924 607 3979 de
626 3924 728 3978 diis
750 3922 1009 3993 gentium,
1036 3935 1143 3975 non
1165 3928 1222 3974 ut
1245 3918 1334 3989 qui
1358 3918 1486 3984 sint,
1511 3917 1607 3973 sed
1637 3925 1694 3971 ut
1728 3914 1818 3985 qui
1850 3916 1922 3969 ita

338 4016 710 4072 existimentur
757 4014 826 4069 ab
876 4014 942 4069 iis
988 4012 1078 4083 qui
1129 4011 1183 4066 in
1231 4024 1469 4065 errorem
1517 4006 1730 4064 abducti
1776 4015 1920 4061 sunt.

337 4108 600 4176 Quoniam
621 4107 763 4162 enim
783 4104 1074 4161 crassiores
1096 4112 1248 4159 erant
1269 4102 1441 4158 Judaei
1459 4110 1514 4158 et
1531 4117 1563 4156 a
1586 4100 1730 4156 cultu
1757 4099 1924 4155 idolo-

338 4214 457 4254 rum
489 4213 593 4253 non
614 4206 767 4252 erant
796 4197 1018 4252 omnino
1064 4195 1237 4261 liberi,
1289 4194 1384 4249 sed
1426 4192 1708 4247 simulacra
1753 4190 1927 4259 suspi-

339 4291 545 4345 cientes
607 4289 890 4354 colebant,
946 4296 1001 4343 et
1059 4286 1258 4342 multas
1311 4284 1610 4354 iniquitatis
1659 4281 1925 4338 habebant

341 4381 598 4451 reliquias
628 4398 641 4435 :
668 4380 754 4435 vel
781 4395 847 4436 ex
872 4394 937 4435 eo
963 4380 1079 4447 ipso
1118 4393 1303 4433 eorum
1335 4376 1543 4431 animos
1584 4374 1834 4445 deprimit
1860 4376 1879 4405 ²
1903 4414 1921 4440 ,

341 4472 632 4528 ostendens
654 4472 802 4526 illum
829 4485 1016 4526 eorum
1032 4485 1152 4525 esse
1170 4469 1467 4524 dominum.
1490 4468 1627 4523 Nam
1669 4477 1754 4523 est
1785 4467 1925 4536 ipso-

342 4580 461 4619 rum
501 4578 711 4634 quoque
757 4563 1058 4617 dzemonum
1111 4560 1358 4616 dominus
1387 4576 1403 4615 :
1431 4561 1619 4630 loquor
1674 4558 1741 4613 de
1797 4560 1925 4628 ipsis

342 4655 688 4719 substantiis;
720 4656 855 4710 mala
883 4656 1023 4711 enim
1045 4669 1196 4710 mens
1223 4662 1278 4709 et
1302 4670 1460 4709 omne
1484 4654 1674 4707 vitium
1701 4651 1769 4707 ab
1799 4653 1927 4722 ipsis

347 4748 554 4803 invecta
581 4756 724 4802 sunt.
757 4747 977 4802 Videtur
995 4757 1172 4801 autem
1193 4744 1323 4801 mihi
1350 4744 1436 4799 hic
1453 4759 1665 4816 quoque
1685 4742 1928 4798 Psalmus

346 4838 620 4895 cohazrere
645 4838 832 4909 priori.
862 4836 994 4894 Nam
1019 4839 1075 4893 in
1100 4838 1201 4893 hoc
1246 4851 1456 4908 quoque
1492 4837 1689 4906 scripta
1731 4845 1814 4892 est
1839 4850 1928 4890 re-

350 4929 638 5000 prehensio
683 4940 738 4983 et
771 4930 1043 4984 accusatio
1091 4944 1279 4985 eorum
1307 4929 1397 4998 qui
1433 4927 1804 4999 deliquerunt:
1832 4927 1928 4982 sed

348 5019 459 5074 illic
508 5018 723 5089 quidem
758 5027 931 5075 totum
958 5019 1145 5075 orbem
1184 5028 1340 5073 terrae
1365 5019 1591 5074 vocabat
1617 5017 1682 5073 ad
1711 5016 1931 5072 audien—

346 5110 498 5176 dum,
524 5109 613 5165 hic
638 5121 814 5165 autem
847 5110 960 5179 ipsa
986 5109 1272 5175 elementa,
1295 5124 1414 5179 quae
1440 5118 1661 5165 extensa
1682 5116 1811 5164 sunt
1836 5123 1932 5179 per

349 5205 655 5259 universum
697 5204 903 5258 orbem.
933 5202 1091 5257 Aliud
1115 5213 1198 5258 est
1242 5201 1329 5257 hic
1373 5202 1661 5269 theatrum,
1692 5210 1748 5257 et
1788 5201 1931 5257 aliud

349 5294 691 5349 auditorium.
718 5293 829 5347 lllic
851 5301 974 5348 sunt
1001 5300 1209 5363 gentes,
1254 5293 1555 5363 terrigenae,
1601 5292 1773 5359 dives,
1804 5308 1934 5363 pau-

350 5399 448 5453 per
475 5401 488 5437 :
516 5382 605 5438 hic
633 5384 822 5439 caelum
849 5391 905 5437 et
928 5392 1067 5437 terra
1092 5399 1108 5435 :
1139 5383 1310 5452 ipsum
1335 5397 1545 5453 quoque
1573 5381 1739 5437 Deum
1763 5384 1932 5438 intro-

350 5474 498 5531 ducit
520 5476 929 5548 disceptantem,
986 5484 1042 5529 et
1081 5476 1130 5531 ci
1175 5475 1361 5530 tribuit
1404 5475 1700 5530 orationem
1747 5474 1935 5531 defen-

350 5568 512 5624 dendi
531 5584 749 5625 causam
768 5583 920 5623 suam
948 5566 1087 5638 apud
1113 5568 1363 5637 populum
1381 5566 1708 5623 Judmorum.
1737 5569 1938 5639 Maiore

416 5726 436 5760 ⁸
469 5732 597 5783 nec,
621 5724 708 5777 sub
731 5724 869 5785 caelo,
886 5724 1067 5775 desunt
1090 5726 1137 5775 in
1161 5724 1322 5781 Savil.,
1348 5732 1400 5774 et
1422 5726 1471 5773 in
1501 5738 1599 5776 uno
1619 5726 1810 5777 Codice.

415 5789 437 5820 ’
470 5788 609 5837 Savil.
636 5797 687 5837 et
716 5801 859 5844 unus,
903 5787 1100 5842 excitat.
1150 5802 1251 5849 pro,
1298 5787 1542 5849 deprimit.
1568 5791 1727 5839 minus
1765 5796 1935 5841 recte:

360 5860 471 5896 nam
486 5850 800 5901 exdiametru
823 5852 1088 5913 oppositam
1111 5852 1404 5901 sententiam
1431 5849 1595 5901 efﬁcit.

1406 401 1775 461 EXPOSI'I‘IO
1813 399 1877 456 IN
1917 399 2236 460 PSA-LMUM
2275 405 2460 463 XLIX.

3488 409 3595 467 262

2011 523 2190 589 itaque
2209 524 2362 581 nobis
2385 524 2681 581 attentione
2700 540 2835 597 opus
2858 535 2960 581 est.
2992 525 3105 582 Hoc
3134 526 3294 582 etiam
3320 526 3443 581 facit
3459 528 3595 583 alius

2014 614 2305 685 propheta;
2333 614 2621 671 introducit
2645 616 2815 671 Deum
2834 632 3051 673 causam
3078 632 3233 673 suam
3253 629 3517 689 agentem,
3541 632 3597 675 «ιι

2012 706 2566 775 statuitlocojudicum
2582 708 2849 763 convalles
2862 718 2916 765 et
2931 708 3270 765 fundamenta
3289 721 3463 766 teme.
3488 714 3596 765 Aa-

2013 797 2115 852 dite
2129 798 2291 865 enim,
2302 799 2487 870 inquit,
2503 800 2752 855 convalles
2760 810 2808 856 et
2824 803 3150 873 fundamenta
3165 813 3311 858 teme
3323 820 3341 857 :
3356 806 3593 875 quoniam

2005 892 2262 963 judicium
2288 901 2358 945 est
2380 891 2489 945 Deo
2505 909 2617 945 cum
2640 893 2829 963 populo
2845 910 2938 948 suo
2967 904 3012 948 et
3041 911 3157 948 cum
3185 897 3373 966 populo
3390 897 3597 950 disseret

2015 985 2215 1055 (Mich.
2249 984 2301 1039 6.
2329 983 2426 1056 2).
2458 984 2526 1038 Et
2552 1000 2737 1041 rursus
2768 1004 2781 1041 :
2812 985 3017 1040 Judicio
3043 989 3301 1042 contendet
3323 989 3596 1054 vobiscum,

2014 1087 2059 1129 et
2086 1093 2200 1130 cum
2230 1076 2455 1147 patribus
2478 1078 2652 1131 vestris
2678 1077 2820 1148 (Jer.
2853 1077 2908 1132 2.
2940 1078 2975 1135 9
3014 1078 3057 1150 ).
3099 1076 3154 1133 In
3198 1080 3378 1135 multis
3420 1090 3596 1133 autem

2016 1168 2146 1223 locis
2174 1168 2463 1240 Scriptum
2483 1178 2661 1238 potest
2686 1168 2851 1225 videri
2876 1169 2992 1225 haec
3028 1170 3192 1240 ﬁgura
3221 1188 3234 1223 :
3286 1172 3424 1241 quod
3479 1172 3595 1239 qni-

2015 1259 2138 1314 dem
2193 1269 2275 1316 est
2312 1260 2366 1314 in
2395 1260 2581 1330 primis
2610 1260 2940 1326 admirabile,
2987 1270 3040 1317 et
3080 1261 3296 1330 dignum
3322 1261 3414 1316 Dei
3444 1261 3599 1316 beni-

2012 1352 2237 1422 gnitate.
2277 1351 2519 1407 Ostendit
2567 1353 2708 1407 enim
2758 1352 2874 1422 ejus
2923 1352 3241 1408 inetl'abilem
3285 1353 3595 1421 bonitatem,

2015 1445 2105 1514 qui
2131 1460 2190 1499 se
2214 1445 2348 1500 adeo
2374 1444 2670 1511 demiserit,
2696 1454 2755 1499 ut
2774 1460 2894 1500 cum
2918 1444 3219 1500 hominibus
3234 1445 3435 1515 judicio
3463 1461 3599 1499 con-

2018 1536 2214 1591 tendat.
2246 1535 2305 1591 2.
2329 1534 2414 1590 Ea:
2443 1536 2570 1592 Sion
2590 1538 2778 1606 species
2815 1537 3007 1591 decoris
3033 1538 3162 1607 ejus.
3204 1536 3375 1591 Habet
3400 1536 3597 1607 aliquid

2016 1628 2403 1700 propheticum,
2462 1628 2622 1683 habet
2658 1630 2819 1684 etiam
2862 1629 3190 1694 historicum,
3221 1629 3360 1699 quod
3398 1628 3599 1684 dictum

2020 1731 2105 1777 est
2134 1740 2149 1776 :
2183 1721 2279 1776 fuit
2321 1722 2463 1777 enim
2488 1731 2542 1778 et
2586 1723 2639 1777 in
2686 1722 2863 1777 Veteri
2885 1738 2948 1778 ex
2970 1722 3064 1777 illo
3085 1722 3201 1791 ejus
3233 1722 3414 1777 decor.
3438 1721 3601 1777 Tom-

2018 1813 2161 1883 plum
2175 1811 2342 1878 enim,
2360 1820 2548 1867 sancta
2565 1820 2902 1880 sanctorum,
2917 1813 3296 1879 omniscultus,
3321 1814 3602 1883 omnisque

2020 1906 2187 1959 forma
2216 1919 2279 1959 ac
2316 1904 2449 1959 ritus
2496 1904 2625 1974 legis
2641 1904 2856 1967 veteris.
2913 1904 3197 1959 multitudo
3225 1905 3598 1974 sacerdotum,

2019 1999 2278 2055 sacriﬁcia
2321 2007 2377 2054 et
2415 1999 2741 2063 holocausta,
2788 1998 2925 2055 sacri
2981 1998 3203 2070 hymni,
3247 1999 3556 2069 psalmodiae
3582 2040 3598 2064 ,

2019 2091 2195 2146 omnia
2224 2091 2369 2145 illinc
2397 2090 2886 2166 proﬁciscebantur,
2915 2099 2969 2145 et
2994 2101 3146 2162 typus
3168 2089 3462 2145 futurorum
3495 2090 3603 2145 illic

2020 2192 2143 2239 ante
2170 2184 2467 2255 descriptus
2495 2183 2685 2239 fuerat.
2722 2184 3007 2253 Postquam
3042 2192 3219 2239 autem
3250 2183 3447 2240 veritas
3472 2199 3606 2255 quo-

2020 2294 2125 2349 que
2170 2277 2355 2342 adfuit,
2411 2292 2475 2332 ea
2517 2292 2705 2332 rursus
2760 2277 2905 2331 illinc
2947 2290 3159 2346 quoque
3193 2277 3337 2347 cepit
3369 2276 3599 2330 initium.

2021 2368 2168 2424 Illinc
2191 2370 2333 2424 enim
2350 2384 2479 2423 crux
2504 2367 2865 2438 resplenduit;
2895 2367 3040 2421 illinc
3061 2366 3461 2422 innumerabilia
3484 2382 3603 2437 qua:

2019 2463 2276 2534 prteclare
2318 2470 2463 2533 gesta
2499 2471 2643 2516 sunt.
2684 2462 2748 2515 Et
2795 2461 2916 2515 ideo
2944 2460 3107 2516 Isaias
3129 2475 3340 2531 quoque
3364 2460 3604 2514 scribens

2022 2554 2089 2609 de
2115 2554 2232 2623 lege
2255 2553 2387 2608 Novi
2413 2552 2761 2617 Testamenti,
2797 2553 2926 2607 dicit
2967 2570 2979 2606 :
3024 2551 3108 2605 Ea:
3154 2552 3282 2606 Sion
3327 2553 3607 2622 egredietur

2023 2646 2122 2703 lex.
2151 2655 2198 2700 et
2224 2645 2425 2699 verbum
2464 2644 2667 2698 Domini
2696 2661 2757 2699 ex
2800 2642 3119 2709 Jerusalem,
3168 2655 3215 2697 et
3255 2644 3505 2713 judicnbit
3553 2644 3606 2695 in

2022 2738 2185 2791 medio
2228 2737 2451 2807 gentium
2480 2735 2640 2809 (Isai.
2681 2736 2736 2790 2.
2784 2736 2836 2790 5.
2891 2734 2979 2807 4).
3022 2733 3152 2789 Sion
3190 2735 3332 2789 enim
3363 2733 3451 2788 hic
3478 2733 3606 2787 dicit

2024 2830 2199 2885 locum
2223 2831 2576 2900 integrum,et
2599 2829 2863 2883 civitatem
2888 2844 3005 2898 quae
3025 2827 3171 2896 juxta
3200 2826 3344 2881 illum
3373 2824 3472 2879 sita
3498 2834 3602 2891 est,

2021 2924 2322 2980 Iudaeorum
2350 2924 2707 2994 metrOpolim.
2735 2921 2882 2976 Illinc
2918 2920 3057 2975 enim
3089 2931 3355 2989 tamquam
3396 2934 3459 2973 ex
3488 2919 3602 2988 qui-

2022 3018 2244 3074 busdam
2290 3017 2596 3072 carceribus
2643 3015 2855 3071 veloces
2909 3014 3053 3083 equi,
3112 3028 3303 3081 nempe
3342 3012 3602 3080 apostoli,

2022 3111 2204 3167 emissi
2245 3108 2445 3165 suntin
2476 3116 2639 3162 totum
2669 3106 2852 3161 orbem
2901 3115 3087 3169 terrm;
3140 3104 3284 3158 illinc
3329 3111 3605 3171 emperqu

2024 3202 2171 3271 signa
2198 3200 2373 3256 facere
2405 3217 2419 3255 :
2452 3199 2558 3254 illic
2584 3199 2680 3253 fuit
2707 3196 3048 3263 resurrectio,
3078 3195 3184 3250 illic
3209 3198 3470 3260 ascensio,
3500 3194 3607 3248 illic

2024 3296 2283 3366 prooemia
2327 3301 2382 3349 et
2440 3293 2587 3348 initia
2635 3300 2830 3346 nostrae
2875 3290 3100 3354 salutis;
3152 3289 3258 3343 illic
3298 3302 3486 3342 arcana
3517 3288 3605 3347 illa

2023 3394 2300 3457 coeperunt
2320 3384 2592 3457 praedicari
2619 3384 2863 3454 dogmata
2889 3398 2951 3438 ac
2974 3382 3209 3437 decreta.
3244 3379 3354 3435 Illic
3380 3380 3605 3448 primum

2026 3480 2186 3535 Pater
2211 3479 2475 3535 revelatus
2499 3485 2615 3544 est,
2642 3476 2887 3546 cognitus
2934 3482 3015 3529 est
3045 3472 3381 3543 Unigenitus,
3413 3481 3465 3524 et
3484 3469 3605 3523 data

2028 3578 2112 3625 est
2158 3577 2300 3624 tanta
2345 3568 2511 3639 gratia
2562 3566 2809 3638 Spiritus.
2858 3565 2969 3619 Illic
3016 3562 3244 3634 apostoli
3300 3560 3611 3616 revelarunt

2025 3675 2328 3716 sermonem
2353 3659 2420 3715 de
2441 3658 2600 3714 rebus
2625 3656 2969 3727 incorporeis,
2991 3654 3059 3710 de
3084 3655 3259 3721 donis,
3288 3653 3355 3709 de
3377 3664 3611 3724 potesta-

2027 3754 2204 3820 tibus,
2235 3752 2302 3809 de
2349 3752 2646 3807 futurorum
2692 3750 2951 3803 bonorum
2995 3745 3453 3817 promissionibus.
3480 3744 3609 3810 Quae

2027 3849 2204 3902 omnia
2233 3845 2491 3916 propheta
2534 3843 2878 3899 considerans
2897 3883 2913 3909 ,
2938 3840 2990 3895 id
3016 3850 3170 3895 vocat
3199 3840 3315 3909 ejus
3334 3838 3605 3892 decorem.

2028 3940 2123 3995 Dei
2149 3940 2289 3993 enim
2310 3938 2514 4008 species
2538 3951 2602 3991 ac
2626 3936 2788 3990 decor
2815 3942 2897 3989 est
2919 3934 3036 4001 ejus
3057 3932 3266 3987 bonitas
3284 3945 3347 3985 ac
3372 3930 3613 4000 benigni-

2030 4043 2129 4099 tas,
2158 4042 2210 4087 et
2236 4032 2289 4087 in
2318 4045 2505 4086 omnes
2533 4029 2900 4085 beneﬁcentia.
2951 4028 3005 4081 ὅ.
3059 4025 3198 4080 Deus
3234 4025 3497 4095 manifeste
3521 4038 3608 4076 ve-

2028 4126 2150 4185 niet.
2173 4122 2311 4178 Deus
2333 4133 2520 4189 noster,
2543 4132 2590 4176 et
2630 4139 2736 4175 non
2769 4121 2953 4178 silebit.

2100 4217 2355 4272 Adventus
2394 4216 2580 4271 Christi
2609 4216 2747 4286 prior
2773 4214 3019 4268 occultus.
3046 4243 3119 4255 ——
3146 4212 3307 4268 Vides
3339 4211 3608 4283 quomodo

2030 4310 2325 4383 procedens
2365 4309 2535 4380 aperit
2562 4322 2899 4371 sermonem,
2941 4318 2994 4361 et
3032 4305 3233 4361 revelat
3279 4305 3607 4370 thesaurum,

2030 4415 2087 4460 et
2124 4405 2381 4459 [ditiorem
2426 4402 2621 4457 emittit
2649 4400 2853 4456 radium
2874 4441 2888 4465 ,
2917 4400 3103 4455 dicens
3135 4417 3149 4451 :
3186 4398 3322 4453 Deus
3351 4399 3613 4468 manifeste

2031 4500 2208 4553 veniet.
2239 4496 2463 4565 Quando
2501 4495 2643 4550 enim
2674 4508 2779 4548 non
2803 4494 2950 4547 venit
2978 4491 3302 4547 manifeste?
3348 4490 3611 4560 Quando?

2031 4591 2088 4646 In
2126 4590 2292 4663 priori
2331 4588 2561 4643 adventu
2596 4606 2611 4642 ε
2640 4586 2789 4642 venit
2818 4585 2964 4642 enim
2995 4584 3197 4654 absque
3223 4584 3334 4639 ullo
3360 4584 3608 4652 strepitu,

2031 4683 2228 4739 multos
2245 4681 2442 4747 celans,
2473 4679 2630 4736 etdiu
2653 4679 2843 4734 latens.
2869 4676 3004 4745 Quid
3026 4677 3144 4732 dico
3167 4676 3378 4739 multos,
3401 4675 3613 4744 quando

2032 4786 2132 4831 nec
2163 4776 2275 4847 ipsa
2321 4774 2534 4845 quidem
2580 4770 2772 4841 Virgo,
2823 4786 2942 4840 qua:
2986 4784 3107 4823 eum
3152 4778 3307 4822 utero
3349 4766 3611 4837 gestabat,

2033 4876 2256 4923 noverat
2279 4879 2532 4921 arcanum
2573 4863 2809 4936 mysterii
2839 4863 2855 4893 ί
2873 4904 2889 4930 ,
2923 4877 3022 4917 nec
3048 4861 3165 4931 ejus
3204 4859 3394 4914 fratres
3420 4858 3613 4913 crede-

2034 4964 2159 5019 bant
2181 4963 2233 5017 in
2256 4961 2449 5033 ipsum,
2470 4975 2569 5015 nec
2589 4959 2634 5013 is
2657 4957 2744 5029 qui
2764 4955 3043 5012 videbatur
3060 4969 3180 5011 esse
3197 4960 3345 5025 pater
3365 4966 3612 5022 magnum

2037 5057 2162 5129 quid
2193 5056 2260 5111 de
2295 5071 2361 5111 eo
2390 5051 2764 5125 concipiebat?

2107 5149 2164 5203 2.
2195 5149 2263 5203 Et
2290 5146 2416 5217 quid
2448 5146 2570 5201 dico
2597 5143 2878 5201 homines?
2907 5141 3084 5212 Ipsum
3114 5156 3323 5213 quoque
3343 5139 3613 5195 diabolum

2038 5241 2191 5297 latuit
2221 5257 2235 5294 :
2264 5253 2438 5309 neque
2461 5239 2605 5292 enim
2633 5237 2677 5292 si
2703 5236 2950 5291 scivisset
2975 5274 2990 5299 ,
3032 5243 3181 5288 tanto
3224 5241 3345 5302 post
3375 5240 3532 5300 tempc
3557 5247 3616 5285 re

2042 5336 2093 5389 in
2121 5341 2301 5389 monte
2323 5347 2445 5388 eum
2470 5331 2888 5402 interrogasset,
2918 5343 2987 5383 an
3015 5334 3158 5383 esset
3184 5325 3275 5380 Dei
3302 5324 3489 5390 Filius,
3516 5338 3616 5378 ne-

2106 5539 2120 5570 ¹
2158 5539 2232 5586 sic
2253 5543 2360 5587 Mss.
2380 5542 2431 5585 et
2453 5534 2591 5585 savil.
2611 5541 2729 5592 vox,
2753 5527 2984 5596 mysterii,
3008 5528 3251 5596 deeratin
3272 5525 3453 5586 Morel.,
3477 5536 3527 5577 et
3550 5529 3622 5578 sic

2042 5600 2163 5649 infra
2185 5598 2393 5648 subinde
2431 5596 2650 5659 quedam
2672 5591 2823 5645 νοοεέ
2842 5592 3133 5659 necessariae
3166 5591 3393 5659 deerant,
3422 5602 3530 5651 quae
3556 5602 3618 5638 ex

2042 5669 2146 5711 Mss.
2160 5661 2428 5722 desumpta:
2449 5652 2579 5722 sunt.
2608 5659 2772 5706 Mirum
2785 5653 2913 5722 quod
2936 5654 3015 5722 hic
3034 5652 3153 5702 dicit
3171 5652 3544 5722 Chl‘ySOSmela,
3559 5664 3621 5698 ne

2045 5738 2194 5787 ipsam
2212 5715 2410 5787 quidem
2436 5721 2681 5784 Virginem
2704 5715 2829 5787 quae
2849 5715 3085 5764 Christum
3122 5722 3265 5765 utero
3284 5715 3516 5787 gestabat.
3539 5726 3623 5787 no-

2045 5773 2174 5896 v'islse
2198 5773 2498 5846 mysterium.
2515 5773 2736 5832 Roverat'
2753 5780 2882 5829 enim
2917 5786 3170 5840 postquam
3205 5773 3410 5839 angelus
3431 5775 3521 5839 ipsi
3543 5786 3625 5826 reo

2046 5862 2111 5896 ve
2130 5858 2311 5896 averut.
2658 5888 2661 5891 .

2046 5863 2073 5898 ν
2080 5858 2154 5897 BI‘J
2161 5862 2184 5898 ν
2191 5858 2311 5898 erat.
2658 5888 2661 5891 ,
