4108 6344
495 401 605 458 Erl-5

491 535 597 588 quc
628 516 678 571 id
715 515 914 579 semei,
946 524 998 569 ct
1040 512 1120 567 bis
1145 554 1158 576 ,
1200 520 1257 568 ct
1299 513 1458 568 tertio
1503 511 1719 566 fecisset
1765 510 1980 580 (Matth.
2013 510 2069 566 4.

490 612 545 665 5.
579 610 656 680 6).
702 609 770 664 Et
795 607 912 661 ideo
938 605 1073 660 dixit
1097 603 1288 661 Joanni
1315 618 1438 659 eum
1480 603 1722 659 revelare
1749 602 2022 672 incipienti
2054 618 2069 656 :

489 704 615 757 Sine
664 701 813 755 modo
856 697 969 768 (Id.
994 697 1048 754 5.
1079 697 1218 766 £5);
1271 696 1372 750 hoc
1429 704 1540 760 est,
1572 694 1714 749 Tace
1760 707 1901 748 nunc
1930 710 1942 746 :
1973 707 2073 747 ne-

486 810 590 864 que
621 793 772 850 enim
813 800 1027 857 tempus
1065 797 1147 844 est
1188 797 1247 842 ut
1293 787 1560 843 reveletur
1605 801 1858 842 arcanum
1897 783 2072 839 carnis

485 895 748 956 susceptae
787 883 1104 947 consilium;
1158 881 1281 936 volo
1329 879 1507 933 adhuc
1549 877 1714 933 latere
1756 877 2068 932 diabolum:

486 989 602 1032 tace
623 992 771 1047 ergo,
798 975 967 1046 inquit
993 991 1006 1004 θ
1035 972 1123 1028 Ita
1139 973 1274 1027 enim
1296 989 1388 1026 nos
1415 970 1574 1029 decet.
1601 971 1669 1026 Et
1695 984 1814 1026 cum
1841 985 1871 1023 a
1892 977 2073 1025 monte

484 1069 888 1135 descendisset,
921 1065 1206 1135 praecepit,
1250 1067 1308 1118 ut
1335 1063 1506 1132 ipsum
1532 1076 1652 1118 esse
1674 1057 1947 1116 Christum
1977 1075 2071 1116 ne-

485 1162 614 1216 mini
669 1161 908 1218 dicerent
959 1156 1066 1228 (Id.
1101 1157 1188 1212 i7.
1216 1155 1296 1223 9).
1335 1154 1484 1210 Tunc
1523 1153 1666 1208 enim
1704 1153 1850 1210 venit
1882 1161 1941 1206 ut
1979 1166 2073 1221 pa-

487 1262 600 1306 stor
619 1251 708 1322 qui
735 1249 1006 1320 quaerebat
1029 1255 1297 1302 errantem
1320 1259 1472 1298 ovem
1499 1252 1553 1298 et
1577 1244 1666 1313 qui
1687 1249 2071 1312 repugnantem

487 1341 657 1397 feram
686 1340 868 1396 venari
895 1339 1107 1393 volebat
1136 1355 1149 1391 :
1184 1348 1237 1391 et
1267 1334 1389 1390 ideo
1413 1335 1649 1404 seipsum
1693 1333 2072 1388 adumbrabat.

489 1433 639 1488 Sicut
664 1434 805 1488 enim
845 1431 1085 1485 medicus
1116 1443 1221 1483 non
1258 1442 1378 1483 sese
1421 1427 1665 1496 protinus
1693 1433 1894 1495 a-groto
1919 1424 2072 1479 terri~

488 1525 649 1580 bilem
695 1523 942 1586 exhibet,
990 1521 1058 1577 ita
1099 1535 1197 1574 nec
1242 1519 1358 1588 ipse
1408 1518 1460 1572 in
1511 1517 1769 1586 principio
1809 1531 1868 1570 se
1904 1515 2074 1572 voluit

489 1617 850 1680 manifestare,
875 1613 966 1668 sed
991 1611 1244 1682 paulatim
1271 1620 1324 1665 et
1347 1611 1564 1664 sensim.
1586 1609 1736 1666 liunc
1763 1609 1936 1678 itaque
1955 1609 2072 1675 ejus

488 1709 777 1766 adventum
801 1748 818 1772 ,
859 1707 946 1776 qui
991 1704 1092 1760 fuit
1117 1705 1321 1772 absque
1360 1703 1582 1772 strepitu
1605 1743 1620 1768 ,
1652 1702 1956 1770 significans
1986 1700 2074 1756 hic

489 1801 602 1870 ipse
633 1799 912 1868 propheta,
945 1795 1075 1851 dicit
1102 1806 1281 1865 postea
1310 1812 1324 1848 :
1356 1793 1628 1847 Descendet
1658 1803 1915 1862 tamquam
1946 1792 2070 1861 plu-

488 1895 641 1949 viain
671 1892 829 1946 vellus
850 1933 864 1954 ,
893 1899 938 1944 et
962 1899 1217 1959 tamquam
1251 1886 1387 1940 stilla
1414 1900 1528 1955 qua:
1555 1884 1768 1938 distillat
1792 1901 1944 1953 super
1972 1893 2074 1936 ter.

486 2003 599 2040 ram
627 1983 796 2055 (Psal.
822 1984 909 2038 7i.
934 1982 1009 2052 6).
1038 1980 1220 2050 Neque
1242 1979 1385 2034 enim
1408 1978 1552 2032 venit
1580 1977 1860 2045 strepitum
1882 1975 2068 2040 edens,

489 2094 596 2132 non
623 2076 838 2132 turbans
864 2089 925 2128 ac
953 2073 1303 2134 tumultuans,
1331 2086 1437 2124 non
1465 2080 1658 2124 terram
1691 2083 1932 2133 movens,
1967 2082 2074 2124 non

489 2169 698 2239 fulgura
729 2167 1009 2232 amittens,
1052 2180 1158 2219 non
1187 2163 1374 2218 caelum
1405 2161 1741 2225 concutiens,
1775 2176 1880 2215 non
1911 2174 2075 2230 ange-

491 2259 666 2314 lorum
705 2267 905 2311 turmas
944 2256 1255 2317 immittcns,
1289 2267 1393 2307 non
1423 2252 1653 2306 medium
1680 2252 2076 2306 firmamentum

489 2351 866 2419 disrumpens,
916 2358 969 2402 et
1017 2348 1088 2400 ita
1135 2360 1298 2414 super
1340 2345 1507 2398 nubes
1557 2342 1925 2408 descendens;
1980 2341 2075 2400 sed

489 2442 694 2512 absque
721 2440 946 2510 strepitu
974 2454 1070 2509 per
1110 2445 1318 2492 uterum
1347 2434 1598 2505 Virginis,
1627 2449 1747 2489 cum
1779 2449 1844 2489 ea
1884 2448 2076 2487 novem

491 2533 768 2588 mensibus
791 2532 938 2585 illum
965 2531 1209 2594 tulisset,
1243 2537 1510 2598 tamquam
1541 2526 1672 2583 fabri
1701 2527 1846 2581 filius
1867 2527 1918 2581 in
1940 2541 2079 2595 prae-

491 2624 604 2693 sepi
633 2622 866 2694 paritur,
914 2621 969 2676 in
1000 2620 1193 2675 vilibus
1221 2618 1401 2673 fasciis
1429 2617 1634 2672 insidiis
1659 2617 1926 2686 appetitur
1948 2657 1964 2682 ,
1993 2615 2077 2670 fu-

491 2717 568 2789 git
603 2732 724 2772 cum
772 2723 942 2770 matre
973 2715 1025 2768 in
1056 2699 1377 2784 {Egyptuml
1426 2711 1627 2766 Deinde
1671 2720 1794 2782 post
1846 2719 2078 2768 mortem

491 2809 608 2879 ejus
636 2808 724 2878 qui
753 2807 982 2860 maxima
1017 2806 1218 2860 scelera
1247 2803 1574 2869 admiserat,
1609 2813 1735 2857 tunc
1766 2803 2076 2868 revertitur,

492 2913 548 2956 et
577 2901 680 2957 huc
709 2899 832 2954 illuc
853 2900 1170 2953 circumiens
1192 2939 1208 2962 ,
1261 2897 1440 2951 habitu
1471 2912 1686 2966 semper
1715 2905 1829 2951 crat
1854 2905 1913 2950 ut
1942 2912 2078 2952 unus

497 3009 564 3049 ex
595 2993 751 3064 plebe
775 3033 791 3058 ,
823 3002 879 3046 et
907 2999 1023 3046 erat
1068 2989 1144 3042 illi
1176 2987 1339 3043 vestis
1365 2989 1485 3042 vilis
1510 3029 1526 3055 ,
1573 2995 1627 3042 et
1669 3001 1853 3042 mensa
1890 2984 2078 3050 vilior;

493 3095 782 3158 perpetuus
825 3085 1090 3147 incessus,
1121 3090 1176 3136 et
1206 3083 1274 3135 ita
1303 3089 1626 3151 perpetuus,
1672 3088 1730 3134 ut
1772 3095 1842 3135 ex
1888 3078 2080 3135 itinere

493 3180 653 3234 etiam
683 3177 1082 3247 defatigaretur.
1120 3174 1312 3230 Verum
1338 3188 1446 3228 non
1472 3183 1598 3228 tunc
1633 3172 1710 3227 sic
1737 3173 1915 3228 veniet
1939 3209 1956 3238 ,
1982 3170 2080 3228 sed

494 3272 629 3325 adeo
653 3268 933 3323 manifeste
955 3309 970 3334 ,
1001 3275 1059 3321 ut
1085 3282 1151 3320 ne
1183 3266 1290 3320 ullo
1324 3264 1538 3335 quidem
1569 3279 1704 3334 opus
1731 3264 1924 3318 habeat
1943 3304 1960 3329 ,
1989 3263 2083 3333 qui

496 3362 613 3433 ejus
628 3361 912 3415 adventum
939 3357 1237 3412 annuntiet.
1261 3357 1548 3426 Pr0pterea
1569 3356 1680 3424 ipse
1701 3370 1910 3426 quoque
1928 3368 2082 3408 suam

495 3453 794 3509 claritatem
838 3451 1176 3522 significans,
1205 3449 1415 3505 dicebat
1447 3467 1463 3504 :
1491 3448 1551 3502 Si
1596 3448 1856 3501 audieritis
1884 3462 1988 3502 esse
2026 3446 2083 3500 in

499 3545 851 3616 penetralibus,
883 3544 1036 3598 nolite
1061 3544 1250 3596 intrare
1279 3557 1297 3594 :
1327 3542 1370 3596 si
1411 3541 1466 3594 in
1492 3540 1704 3608 deserto,
1733 3540 1887 3593 nolite
1922 3539 2080 3594 exire.

500 3636 644 3697 Sicut
687 3637 820 3689 enim
862 3635 1037 3709 fulgur
1071 3635 1175 3690 exit
1216 3633 1277 3684 ab
1321 3632 1510 3686 oriente
1548 3641 1593 3684 et
1621 3632 1808 3684 relucet
1835 3646 1990 3701 usque
2012 3627 2082 3684 ad

498 3728 804 3784 occidentem
829 3743 848 3781 .'
876 3727 949 3780 ita
994 3726 1086 3779 erit
1129 3723 1374 3778 adventus
1418 3721 1546 3778 Filii
1591 3722 1806 3776 hominis
1850 3721 2080 3794 (Matth.

499 3821 593 3877 24.
614 3821 704 3876 26.
734 3821 801 3874 27
823 3820 841 3892 )
865 3859 880 3885 ,
933 3819 1046 3890 ipse
1071 3818 1303 3887 seipsum
1325 3817 1615 3871 ostendens
1633 3855 1650 3882 ,
1683 3822 1738 3868 et
1764 3813 2082 3884 praedicans.

501 3913 634 3968 Nam
663 3912 764 3968 hoc
786 3912 948 3968 etiam
990 3910 1042 3964 in
1073 3907 1280 3979 fulgure
1309 3908 1506 3971 evenit,
1539 3921 1640 3962 nec
1664 3920 1799 3976 opus
1825 3904 2085 3960 habemus

501 4008 678 4078 aliquo
703 4006 791 4076 qui
818 4004 1120 4068 annuntiet,
1144 4001 1239 4056 sed
1265 4002 1423 4056 simul
1445 4010 1604 4070 atque
1630 3999 1895 4069 apparuit,
1925 3997 2086 4053 simul

503 4098 752 4152 omnibus
770 4096 1041 4166 cognitum
1067 4093 1186 4148 fuit.
1220 4092 1292 4147 ita
1314 4092 1474 4146 etiam
1511 4091 1640 4146 dicit
1670 4091 1868 4145 Paulus
1896 4104 1912 4143 :
1945 4088 2084 4153 Quo-

503 4192 642 4245 niam
670 4191 778 4261 ipse
816 4188 1064 4243 Dominus
1104 4188 1159 4241 in
1199 4187 1386 4257 jussu,
1428 4187 1482 4240 in
1524 4201 1642 4240 voce
1678 4184 2003 4254 archangeli,
2031 4183 2086 4236 in

504 4294 726 4337 extrema
772 4281 888 4336 tuba
929 4281 1190 4335 descendet
1225 4279 1287 4332 de
1311 4280 1435 4333 ccclo
1466 4278 1540 4350 (1.
1569 4276 1750 4332 Thess.
1778 4278 1832 4332 4.
1867 4273 1978 4348 15).
2009 4275 2089 4330 Ita

505 4379 666 4432 etiam
697 4376 952 4446 propheta
981 4373 1114 4428 vidit
1136 4387 1256 4426 eum
1286 4370 1411 4426 ferri
1443 4385 1604 4441 super
1650 4371 1820 4424 nubes
1843 4410 1858 4434 ,
1905 4378 1959 4422 et
1984 4367 2085 4423 ﬂu-

503 4470 648 4523 vium
669 4477 791 4522 ante
807 4481 928 4520 eum
950 4464 1081 4520 trahi
1105 4475 1159 4518 et
1187 4463 1416 4518 tribunal
1438 4462 1694 4526 terribile,
1721 4469 1774 4516 et
1789 4459 2088 4514 reddendas

505 4562 629 4616 vitae
656 4560 892 4614 rationes
921 4574 1038 4628 qua:
1079 4557 1236 4611 vitari
1276 4573 1381 4611 non
1428 4567 1671 4628 possunt.
1730 4555 1881 4610 Tunc
1918 4553 2084 4620 enim,

506 4663 638 4710 tunc
673 4652 874 4722 judicio
900 4661 954 4704 et
983 4650 1243 4705 sententia
1274 4663 1408 4719 opus
1435 4659 1516 4703 est
1549 4667 1564 4704 :
1596 4657 1652 4703 et
1682 4649 1802 4704 ideo
1841 4663 1944 4704 non
1975 4662 2089 4704 am-

506 4749 647 4818 plius
697 4755 754 4799 ut
778 4743 1044 4808 medicus,
1083 4743 1179 4797 sed
1210 4750 1267 4796 ut
1284 4741 1444 4811 judex
1475 4749 1714 4810 apparet.
1767 4739 1952 4796 Daniel
1982 4739 2084 4795 ita-

505 4853 614 4908 que
635 4845 692 4891 et
719 4834 965 4889 thronum
990 4833 1104 4902 ejus
1132 4830 1292 4894 videt,
1323 4839 1377 4886 et
1400 4831 1614 4886 fluvium
1647 4831 1735 4900 qui
1763 4839 1889 4885 ante
1917 4830 2088 4885 tribu-

508 4927 596 4983 nal
629 4925 858 4982 trahitur
877 4965 890 4985 .
921 4933 975 4978 et
993 4923 1170 4977 omnia
1198 4923 1270 4979 illi
1310 4922 1473 4992 ignita
1503 4922 1875 4985 ostenduntur,
1899 4937 2088 4978 currus

507 5027 566 5072 et
591 5025 724 5070 rotze
776 5013 933 5085 (Dan.
967 5014 1018 5067 7.
1043 5013 1095 5069 9.
1130 5012 1238 5083 10).
1284 5013 1390 5068 Sed
1431 5029 1534 5067 non
1566 5013 1617 5068 in
1659 5013 1952 5083 principio,
1990 5029 2091 5068 nec

505 5106 724 5180 quando
758 5105 809 5159 in
837 5104 1009 5175 primo
1039 5103 1269 5159 adventu
1290 5104 1433 5159 venit
1461 5105 1476 5135 ⁸
1505 5143 1521 5168 ,
1555 5104 1660 5158 tale
1685 5104 1808 5173 quid
1832 5101 2086 5167 ostendit,

512 5217 620 5257 non
653 5201 845 5270 ignem,
871 5213 975 5252 non
1003 5196 1238 5261 ﬂuvium,
1267 5213 1370 5250 non
1396 5197 1593 5267 aliquid
1620 5196 1761 5252 aliud
1791 5195 2087 5266 ejusmodi;

512 5291 609 5348 sed
636 5306 871 5361 pra'sepe
893 5333 908 5350 .
940 5289 1322 5354 diversorium,
1352 5289 1639 5357 tugurium,
1669 5298 1720 5342 et
1741 5287 1950 5359 inopem
1978 5303 2092 5342 ma-

512 5395 668 5440 trem.
697 5384 1030 5452 Quamquam
1053 5379 1251 5448 alioqui
1271 5394 1335 5432 ex
1361 5379 1463 5435 hoc
1490 5381 1723 5435 ostendit
1759 5397 1880 5435 eum
1912 5395 2031 5436 esse
2058 5396 2088 5436 a

511 5475 860 5532 conversione
898 5481 952 5526 et
995 5471 1290 5526 mutatione
1332 5471 1586 5527 alienum.
1639 5473 1900 5541 Quoniam
1944 5475 2088 5530 enim

513 5569 648 5625 dixit
674 5583 794 5624 eum
832 5567 921 5637 qui
945 5564 1162 5621 sedebat
1192 5580 1354 5635 super
1390 5564 1638 5621 thronqu
1663 5607 1679 5633 ,
1724 5567 1974 5623 habuisse
2001 5583 2091 5624 ca-

511 5666 698 5739 pillum
728 5663 1008 5720 candidum
1054 5673 1110 5719 ut
1153 5663 1328 5719 lanam
1352 5705 1368 5730 ,
1401 5675 1456 5720 et
1481 5676 1682 5722 vestem
1713 5669 1850 5724 sicut
1873 5670 2090 5725 nivem:

579 5780 596 5812 ι
629 5775 771 5848 savii.
797 5786 851 5848 e_t
876 5776 1006 5848 (mlh.
1031 5779 1244 5848 sequuti.
1268 5778 1499 5848 verbum,
1522 5780 1663 5844 venit,
1689 5783 2088 5848 interposuimus,

513 5841 642 5906 quod
664 5841 805 5894 deest
827 5841 875 5890 in
898 5847 1012 5904 Heg.
1040 5838 1202 5890 Morel.
1232 5846 1284 5891 et
1305 5841 1497 5892 stontef.

1231 400 1293 455 S.
1331 397 1610 455 JOANNlS
1649 395 2119 453 LHRYSOSTOMI
2147 395 2473 455 ARCHIEP.
2506 399 3041 465 CONSTANTINOP.

3660 422 3766 479 214

2183 527 2250 566 ne
2297 513 2431 581 pilos
2468 524 2740 572 vestemve
2781 521 3150 586 existimares,
3201 523 3294 578 sed
3334 526 3670 596 splendorem
3700 549 3764 591 ac

2177 603 2460 673 puritatem
2487 647 2501 671 ,
2555 607 2730 678 ignem
2784 611 2978 681 ubique
3024 629 3144 669 esse
3189 615 3317 672 dicit
3345 637 3357 672 :
3385 618 3528 691 Ignis
3563 624 3616 676 in
3641 642 3762 680 con-

2178 705 2350 762 spectu
2390 698 2502 767 ejus
2528 701 2815 755 exardescet
2836 743 2852 768 ,
2906 714 2953 757 et
2995 705 3049 758 in
3096 707 3310 762 circuitu
3347 712 3457 781 ejus
3497 724 3764 785 tempestas

2176 786 2346 840 valida
2385 788 2548 858 (Dan.
2596 791 2648 845 7.
2696 792 2775 859 9).
2825 793 2900 847 lta
2943 797 3101 850 etiam
3145 797 3233 854 hic
3276 802 3433 856 simul
3471 819 3593 859 eum
3641 822 3762 864 esse

2176 879 2456 935 mutationi
2485 889 2539 936 et
2562 887 2896 940 conversioni
2915 888 3132 944 minime
3155 889 3464 960 obnoxium,
3499 895 3760 952 lucidum-

2176 983 2279 1039 que
2329 978 2384 1024 et
2435 971 2760 1028 inaccessum
2809 978 3047 1032 ostendit
3091 995 3187 1049 per
3222 981 3320 1036 has
3363 983 3758 1043 similitudines.

2176 1059 2360 1129 Neque
2398 1076 2528 1117 vero
2560 1063 2700 1118 sistit
2724 1065 2791 1119 ad
2816 1066 2992 1136 ignem
3021 1085 3205 1139 usque,
3238 1072 3332 1126 sed
3357 1073 3545 1130 volens
3574 1087 3762 1132 osten-

2177 1150 2304 1206 dere
2333 1152 2722 1211 vehementiam
2751 1161 3014 1229 supplicii,
3047 1163 3320 1235 subjungit
3348 1165 3533 1222 dicens
3565 1187 3580 1224 :
3610 1169 3762 1224 Tem-

2178 1255 2344 1314 pestas
2383 1246 2572 1302 ualida.
2626 1249 2722 1305 Est
2765 1261 2940 1308 autem
2983 1268 3236 1324 καταινῑς,
3280 1260 3363 1314 vel
3408 1261 3760 1320 intolerabilis

2177 1352 2351 1392 massa
2399 1340 2573 1407 nivis,
2626 1358 2744 1412 quae
2775 1343 2826 1398 in
2873 1347 3094 1416 quodvis
3136 1349 3382 1407 inciderit
3414 1356 3670 1423 pcrtrahit
3708 1366 3763 1413 et

2177 1429 2386 1497 evertit,
2416 1432 2499 1485 vel
2529 1432 2818 1490 vehemens
2839 1446 3120 1494 ventorum
3141 1440 3389 1510 impetus,
3419 1447 3505 1514 qui
3530 1445 3760 1516 idipsum

2176 1521 2372 1589 efficit,
2404 1533 2567 1580 etest
2603 1527 2668 1581 iis
2692 1544 2813 1598 quae
2841 1541 3127 1588 occurrunt
3162 1533 3526 1604 intolerabilis.
3563 1538 3761 1600 Volens

2178 1613 2338 1684 igitur
2376 1617 2659 1674 ostendere
2705 1619 2832 1674 illud
2876 1623 3192 1692 supplicium
3234 1641 3353 1682 esse
3401 1629 3756 1698 intolerabile,

2177 1706 2397 1760 adduxit
2424 1706 2518 1762 has
2561 1709 2953 1766 similitudines.
3000 1715 3053 1769 4.
3077 1715 3350 1770 Advocabit
3377 1721 3554 1772 cwlum
3582 1721 3762 1775 desur-

2177 1811 2288 1850 sum
2314 1839 2328 1862 ,
2373 1808 2420 1852 et
2467 1808 2686 1866 terram,
2727 1802 3008 1858 discernere
3051 1805 3295 1875 populum
3338 1825 3506 1862 suum.
3557 1811 3760 1867 Rursus

2178 1889 2420 1942 meminit
2455 1890 2841 1946 elementorum
2865 1937 2878 1960 ,
2911 1911 3008 1965 per
3031 1912 3150 1966 qua:
3187 1898 3325 1953 bona
3357 1899 3758 1958 innumerabilia

2177 1980 2243 2032 ad
2272 1993 2438 2048 genus
2465 1980 2736 2038 hominum
2764 1997 3134 2053 pervenerunt,
3170 2003 3276 2042 non
3306 1991 3476 2044 solum
3507 1992 3572 2045 ad
3601 1993 3759 2047 vitam

2179 2073 2231 2118 et
2257 2066 2690 2122 constitutionem
2733 2071 2972 2139 corporis
2996 2110 3012 2136 ,
3048 2072 3142 2126 sed
3170 2075 3326 2127 etiam
3357 2075 3422 2128 ad
3454 2075 3543 2128 Dei
3574 2079 3760 2147 cogni-

2181 2155 2402 2211 tionem.
2447 2158 2877 2216 Pulchritudiues
2915 2163 3091 2229 enim,
3133 2173 3188 2220 et
3227 2167 3657 2235 magnitudines,
3705 2179 3762 2222 et

2177 2250 2411 2306 rationes
2453 2252 2648 2306 situum
2669 2294 2684 2319 ,
2730 2264 2783 2309 et
2816 2255 3159 2326 substantiae,
3206 2273 3271 2314 ex
3299 2260 3490 2330 quibus
3519 2272 3764 2318 constant

2179 2340 2294 2400 huic
2323 2345 2585 2400 elementa
2611 2386 2626 2412 ,
2655 2355 2709 2400 et
2733 2364 2853 2418 quae
2877 2364 2944 2404 ex
2969 2352 3048 2404 eis
3078 2351 3226 2415 fiunt,
3260 2367 3322 2407 ac
3346 2369 3466 2423 quae
3495 2356 3759 2426 generali-

2181 2445 2262 2490 ter
2287 2437 2433 2490 omni
2460 2447 2696 2508 tempore
2721 2481 2736 2504 ,
2770 2441 2856 2496 vel
2885 2456 3026 2510 stupe
3051 2443 3319 2513 sigillatim
3345 2447 3615 2512 eveniunt,
3649 2447 3762 2501 haec

2180 2526 2358 2581 omnia
2395 2543 2616 2598 corpora
2665 2533 2817 2586 alunt
2842 2542 2897 2587 et
2927 2536 3286 2600 constituunt,
3337 2545 3390 2590 et
3435 2537 3501 2590 ad
3544 2539 3762 2608 Opificis

2179 2621 2534 2690 cognitionem
2560 2621 2846 2677 deducunt.
2905 2625 2971 2678 Et
3007 2625 3127 2681 ideo
3152 2626 3284 2681 dixit
3305 2627 3502 2682 Paulus
3529 2646 3542 2683 :
3573 2627 3764 2684 Invisi-

2181 2713 2303 2768 bilia
2343 2715 2453 2784 ejus
2493 2731 2555 2768 ea:
2587 2726 2817 2770 creatura
2866 2720 3040 2770 mundi
3082 2720 3314 2789 operibus
3358 2722 3608 2775 intellecta
3650 2739 3764 2791 per-

2181 2807 2495 2872 spiciuntur,
2527 2819 2810 2878 internoque
2845 2811 2954 2878 ejus
2980 2820 3204 2880 potestas
3233 2828 3292 2864 ac
3321 2811 3554 2865 divinitas
3581 2812 3758 2879 (Rom.

2183 2898 2235 2952 1.
2266 2897 2380 2968 9.0).
2435 2899 2501 2952 Et
2543 2915 2729 2954 rursus
2753 2941 2768 2965 ,
2827 2900 2958 2966 Quia
2998 2903 3129 2954 enim
3169 2903 3221 2955 in
3260 2904 3506 2972 sapientia
3536 2903 3630 2956 Dei
3661 2920 3762 2958 non

2181 2993 2410 3062 cognouit
2435 2992 2652 3047 mundus
2683 3011 2772 3063 per
2791 2995 3086 3063 sapientiam
3110 2994 3270 3048 Deum
3302 2996 3378 3064 (1.
3409 2993 3526 3050 Cor.
3561 2996 3610 3050 1.
3643 2995 3758 3064 2i),

2184 3081 2288 3138 hoc
2311 3093 2395 3138 est
2417 3125 2432 3149 ,
2479 3099 2570 3152 per
2615 3083 2956 3153 sapientiam,
2995 3101 3113 3154 qua:
3136 3087 3372 3140 cernitur
3401 3085 3452 3140 in
3482 3087 3760 3151 creaturis,

2183 3185 2241 3230 ut
2279 3191 2396 3245 qua:
2425 3192 2532 3230 non
2558 3176 2629 3230 sit
2655 3192 2812 3245 parva
2838 3219 2852 3242 ,
2891 3177 2982 3232 sed
3013 3178 3097 3232 vel
3133 3179 3360 3231 maxima
3387 3189 3440 3233 ct
3465 3178 3762 3232 clarissima

2182 3267 2440 3324 doctrina.
2491 3269 2568 3323 Ae
2609 3284 2726 3338 quae
2773 3269 3006 3338 quotidie
3047 3269 3260 3338 quidem
3313 3286 3406 3339 per
3445 3284 3565 3323 eum
3608 3269 3760 3336 fiunt,

2183 3359 2389 3414 etiamsi
2416 3358 2696 3414 videantur
2715 3359 2830 3414 fieri
2859 3369 3060 3414 naturae
3087 3361 3464 3429 consequentia
3485 3401 3501 3426 ,
3534 3361 3647 3429 ipsa
3675 3369 3756 3412 ta-

2184 3465 2306 3506 men
2351 3451 2508 3506 etiam
2547 3449 2801 3520 Opificem
2830 3451 3138 3521 praedicant.
3181 3451 3367 3520 Opifex
3395 3451 3536 3505 enim
3563 3459 3642 3506 est
3670 3465 3764 3505 na-

2185 3551 2318 3599 turae
2343 3544 2616 3598 Dominus.

2256 3637 2309 3691 3.
2341 3637 2421 3689 Ne
2443 3634 2650 3689 mireris
2666 3643 2842 3688 autem
2865 3633 2908 3687 si
2929 3632 2994 3688 ad
3012 3633 3224 3689 Judtcos
3243 3633 3434 3703 dirigat
3448 3633 3764 3698 orationem,

2185 3726 2253 3782 de
2275 3726 2508 3797 generali
2531 3725 2728 3796 judicio
2750 3726 3040 3781 disserens.
3067 3725 3144 3779 lta
3165 3727 3305 3778 enim
3335 3726 3527 3779 Paulus
3553 3738 3762 3794 quoque

2185 3819 2316 3874 dicit
2348 3836 2361 3871 ε
2397 3817 2486 3871 Ira
2523 3829 2570 3872 et
2614 3818 2929 3889 indignatio,
2961 3815 3218 3870 tribulatio
3253 3827 3302 3870 et
3337 3817 3570 3887 angustia
3613 3832 3764 3885 super

2186 3926 2385 3964 omnem
2411 3910 2631 3964 animum
2661 3910 2877 3962 hominis
2906 3908 3160 3978 operantis
3185 3908 3375 3960 malum
3393 3948 3408 3972 ,
3453 3905 3622 3960 Judtei
3659 3906 3769 3976 pri-

2186 4018 2324 4055 mum
2351 4011 2397 4055 et
2423 3998 2787 4070 Graciﬂlom.
2815 3999 2870 4054 2.
2904 3999 2957 4054 8.
2987 3999 3065 4068 9).
3098 3998 3159 4055 Et
3189 4013 3373 4052 rursus
3407 4016 3420 4052 :
3454 3997 3766 4066 Quicumque

2186 4096 2295 4150 sine
2337 4095 2444 4165 lege
2475 4103 2743 4165 peccaram
2761 4135 2778 4161 ,
2818 4093 2927 4146 sine
2954 4091 3062 4162 lege
3084 4101 3131 4145 et
3157 4092 3386 4162 peribunt
3414 4107 3432 4143 :
3458 4100 3503 4143 et
3531 4090 3766 4160 quicum-

2187 4202 2281 4256 que
2300 4187 2354 4239 in
2383 4185 2489 4256 lege
2510 4193 2800 4256 peccarunt,
2829 4201 2916 4254 per
2940 4185 3093 4254 legem
3112 4185 3478 4252 judicabuntur
3523 4181 3682 4252 (Ibid.
3713 4197 3764 4234 υ.

2189 4277 2300 4349 12).
2332 4277 2386 4332 5.
2419 4277 2726 4348 Congregate
2753 4275 2829 4329 illi
2855 4287 3054 4330 sanctos
3080 4277 3207 4343 ejus,
3236 4277 3320 4348 qui
3348 4275 3580 4328 ordinant
3611 4283 3770 4327 testa-

2189 4381 2410 4423 mentum
2437 4369 2545 4438 ejus
2585 4385 2736 4437 super
2771 4369 3040 4436 sacriﬁcia.
3089 4365 3198 4423 Cur
3221 4383 3352 4437 quos
3380 4377 3462 4422 est
3486 4377 3765 4420 accusatu-

2190 4476 2301 4525 rus,
2331 4470 2384 4515 et
2407 4475 2541 4529 quos
2568 4459 3040 4523 condemnaturus,
3077 4469 3289 4514 sanctos
3316 4457 3416 4512 hoc
3447 4458 3564 4512 loco
3583 4456 3769 4526 appel-

2191 4552 2302 4606 lat?
2347 4549 2750 4606 Accusationem
2781 4563 3001 4619 augens,
3032 4558 3088 4605 et
3113 4549 3369 4604 honorem
3401 4549 3672 4618 adjiciens,
3699 4547 3768 4601 ad

2190 4643 2447 4713 majorem
2475 4641 2912 4712 significationem
2941 4640 3204 4710 supplicii.
3235 4641 3308 4694 lta
3331 4640 3487 4694 etiam
3515 4653 3614 4694 nos
3633 4653 3770 4708 quo-

2190 4752 2296 4807 que
2316 4752 2439 4790 cum
2468 4735 2709 4792 videmus
2749 4736 2954 4804 aliquos
2997 4748 3244 4803 peccasse
3265 4775 3279 4800 ,
3311 4745 3365 4787 et
3407 4733 3650 4786 volumus
3674 4746 3776 4786 eos

2203 4829 2557 4884 vehementius
2597 4828 2878 4893 insectari,
2931 4841 3050 4881 cum
3080 4841 3266 4881 eorum
3305 4825 3654 4895 dignitatibus
3677 4839 3773 4879 eos

2193 4935 2445 4973 vocamus
2468 4959 2482 4982 ,
2512 4929 2571 4973 ut
2592 4919 2889 4988 graviorem
2924 4917 3208 4973 reddamus
3240 4918 3653 4982 accusationem,
3685 4915 3776 4970 di-

2192 5020 2380 5064 centes
2407 5026 2418 5061 :
2458 5009 2599 5084 Voca
2625 5010 2905 5064 diaconum
2927 5051 2943 5076 ,
2973 5010 3057 5064 vel
3094 5010 3481 5081 presbyterum.
3511 5009 3770 5076 Quoniam

2192 5117 2320 5173 ergo
2346 5103 2399 5156 hi
2430 5119 2644 5174 quoque
2667 5105 3066 5174 appellabantur
3091 5104 3269 5174 regale
3297 5104 3651 5158 sacerdotium
3677 5145 3692 5166 ,
3722 5113 3777 5158 et

2196 5196 2420 5266 populus
2445 5195 2745 5265 peculiaris.
2770 5207 2823 5249 et
2843 5211 2908 5250 eo
2929 5198 3144 5251 nomine
3166 5197 3266 5251 sibi
3287 5195 3441 5250 valde
3462 5196 3774 5265 placebant:

2194 5303 2261 5342 cx
2305 5302 2374 5343 eo
2412 5288 2528 5356 ipso
2571 5288 2806 5342 contexit
2853 5288 3134 5342 criminum
3186 5287 3622 5357 magnitudinem.
3678 5285 3780 5353 Qui

2195 5379 2430 5432 ordinant
2472 5387 2812 5431 testamentum
2854 5380 2962 5451 ejus
3014 5395 3165 5448 super
3201 5379 3470 5447 sacriﬁcia.
3516 5379 3780 5446 Quoniam

2196 5484 2317 5523 cum
2345 5469 2476 5522 mala
2509 5469 2913 5524 innumerabilia
2938 5471 3233 5531 auderent.
3264 5479 3319 5525 et
3349 5479 3426 5524 tot
3454 5469 3504 5523 in
3533 5484 3592 5524 se
3617 5469 3776 5522 vitio-

2196 5578 2314 5616 rum
2343 5576 2539 5632 gencra
2567 5563 2933 5632 susciperent,
2973 5562 3273 5633 rapientes,
3307 5562 3361 5615 in
3385 5561 3524 5616 bona
3551 5561 3779 5614 aliorum

2199 5669 2293 5724 per
2334 5654 2607 5708 avaritiam
2650 5653 3000 5721 invadentes,
3046 5654 3368 5718 occidentes,
3397 5651 3776 5715 adulterantes,

2198 5749 2508 5818 sanguinem
2536 5747 2792 5817 sanguine
2812 5748 3118 5814 miscentes,
3136 5746 3510 5803 existimabant
3525 5746 3780 5813 pra-clare

2202 5855 2260 5897 se
2297 5854 2518 5912 gerere,
2560 5846 2617 5895 et
2660 5838 2830 5910 legem
2859 5852 2922 5895 ac
2959 5846 3329 5894 testamentum
3364 5834 3687 5908 adimplere,
3734 5832 3782 5891 si
