4108 6344
519 374 629 430 2L5

520 485 704 551 αὐτοῖς
732 487 1003 556 ἐντεῦθεν,
1044 492 1139 546 καὶ
1176 492 1458 565 κωμῳδῶν
1508 491 1707 556 αὐτούς
1743 507 1912 562 φησι·
1955 489 2102 556 Τοὺς

519 569 968 640 διατιθεμένους
1005 575 1121 644 τὴν
1158 575 1454 644 διαθήκην
1483 574 1671 628 αὐτοῦ
1703 574 1802 627 ἐπὶ
1830 574 2099 638 θυσίαις’

520 653 788 718 τουτέστι,
811 657 936 720 τοὺς
959 650 1283 728 νομίζοντας
1307 659 1492 722 αὐτοῖς
1515 659 1703 730 ἀρκεῖν
1724 659 1804 720 εἰς
1830 655 2104 727 σωτηρίαν

524 735 586 787 τὸ
618 738 912 792 καταθύειν
961 741 1170 810 ἀλόγων
1206 741 1456 812 σώματα.
1493 742 1604 795 Καὶ
1659 739 2103 810 ἁναττελοῦσιν

521 820 577 870 οἱ
604 821 848 887 οὐρανοὶ
876 821 992 891 τὴν
1015 823 1415 893 δικαιοσύνην
1436 825 1643 879 αὑτοῦ.
1679 825 1846 879 Πάλιν
1871 822 2102 878 ἐνταῦθα

520 900 580 952 τὸ
610 899 914 972 διαλάμπον
940 905 1108 959 αὐτοῦ
1140 908 1240 977 τῆς
1268 907 1636 979 δικαιοσύνης,
1672 908 1732 961 τὸ
1765 906 2008 978 φαιδρὸν,
2042 905 2104 958 τὸ

523 985 713 1053 σαφὲς,
755 987 814 1039 τὸ
877 987 1290 1062 ἀναντίρρητον,
1348 992 1416 1045 τὸ
1463 992 1884 1063 ὡμολογημένον
1934 990 2103 1057 δεῖξαι

525 1066 869 1138 βουλόμενος,
905 1073 1115 1142 εἰσάγει
1151 1075 1220 1128 τά
1251 1075 1551 1146 ἀναίσθητα
1586 1078 1845 1147 στοιχεῖα,
1894 1077 2103 1146 ἀνακη-

525 1149 786 1218 ρύττοντα
809 1154 979 1226 αὐτὴν
1007 1157 1148 1211 κατά
1166 1159 1226 1212 τὸ
1254 1159 1386 1211 αὐτὸ
1405 1160 1612 1230 σχῆμα,
1630 1161 1768 1230 ὅπερ
1798 1159 2104 1230 ἔμπροσθεν

522 1232 728 1301 ἔλεγενο
764 1236 894 1290 Ὀτι
932 1241 966 1292 ὀ
1004 1241 1148 1307 Θεὸς
1173 1242 1383 1310 κριτής
1409 1244 1560 1298 ἐστι.
1592 1244 1672 1296 Τά
1699 1244 1881 1298 δίκαια
1909 1243 2105 1314 ὁρίζων

523 1315 758 1399 ἑκάστῳ,
791 1319 975 1388 φησίν.
1009 1323 1143 1376 υύδὲ
1171 1325 1280 1396 γὰρ
1306 1325 1493 1389 άπλῶς
1521 1327 1583 1379 τὸ
1622 1327 1828 1399 κρίνειν
1872 1327 2106 1380 ἐνταῦθα

521 1398 787 1466 τέθεικεν,
819 1402 934 1455 ἀλλ’
965 1405 1053 1458 ἵνα
1075 1406 1317 1480 δηλώσῃ,
1354 1410 1438 1462 ὅτι
1471 1411 1569 1464 καὶ
1607 1398 1815 1474 δίκαιός
1849 1412 1988 1477 ἐστι,
2012 1412 2107 1464 καὶ

522 1480 731 1564 ἑτέροις
759 1484 917 1538 τοῦτο
952 1489 1201 1558 παρέχει.
1247 1491 1372 1546 Ἐπὶ
1415 1493 1524 1564 7&9
1558 1494 1652 1547 τοῦ
1687 1494 1822 1548 Θεοῦ
1851 1494 1932 1557 τὸ,
1969 1499 2108 1562 Km-

521 1561 652 1630 τὴς,
698 1565 818 1618 ἀντὶ
854 1567 948 1621 τοῦ
969 1612 981 1631 ,
1010 1571 1249 1637 δίκαιος,
1285 1561 1565 1645 εἴληπται,
1599 1577 1742 1631 καθά
1770 1579 1864 1631 καὶ
1897 1561 2106 1641 Παύλος

521 1646 654 1698 αὐτὸ
684 1648 895 1703 τέθεικε
929 1653 1124 1722 λέγων’
1177 1658 1337 1712 Ἐπεὶ
1373 1659 1500 1724 πῶς
1530 1661 1720 1728 κρινεῖ
1758 1665 1791 1716 ὁ
1823 1661 1967 1729 Θεὸς
1999 1661 2108 1715 τὸν

521 1730 787 1816 κόσμον;
824 1735 994 1789 Τοῦτο
1044 1737 1192 1811 [228]
1244 1742 1352 1812 γὰρ
1410 1743 1645 1811 μάλιστα
1689 1746 1903 1816 κρίσις,
1949 1744 2107 1798 τοῦτο

523 1813 760 1883 μάλιστα
799 1820 1009 1891 κριτὴς,
1053 1823 1114 1875 ού
1159 1823 1221 1876 τὸ
1259 1825 1601 1895 ψηφίσασθαι
1637 1813 1844 1897 ἁπλῶς,
1874 1829 2009 1884 ἀλλά
2046 1829 2107 1882 τὸ

519 1900 740 1963 δικαίως
770 1902 1133 1973 ψηφίσασθαι.
1159 1909 1526 1980 Κριθήσονται
1554 1913 1610 1965 δὲ
1645 1915 1902 1979 Ἰουδαῖοι,
1940 1917 2032 1968 καὶ
2055 1916 2104 1967 οἱ

519 1984 664 2068 τότε,
711 1987 805 2038 καὶ⁷
843 1989 890 2040 οἱ
942 1990 1081 2058 μετὰ
1114 1991 1289 2046 ταῦτα
1341 1998 1832 2067 παρανομήσαντες
1861 2001 1956 2053 ἐπὶ
2004 1999 2106 2068 τῆς

520 2067 726 2138 Καινῆς
747 2083 760 2096 ⁸
795 2071 992 2124 ἐκεῖνοι
1043 2075 1141 2141 μὲν
1173 2077 1274 2146 τὴν
1323 2078 1482 2146 φύσιν
1533 2081 1626 2133 καὶ
1657 2081 1748 2134 τὸν
1783 2083 1945 2152 νόμον
1975 2100 2105 2135 κατ-

519 2151 718 2222 ήγορον
739 2153 975 2222 ἔχοντες,
1003 2153 1148 2212 οὗτοι
1167 2160 1223 2212 δὲ
1257 2161 1396 2231 μετὰ
1420 2163 1624 2216 τούτων
1641 2166 1734 2218 καὶ
1752 2166 1820 2219 τά
1840 2166 1990 2236 παρά
2010 2165 2103 2219 τοῦ

519 2234 755 2320 ξριστοῦ
789 2241 1130 2310 γεγενημένα
1172 2245 1252 2306 είς
1291 2245 1508 2309 αὐτούς.
1558 2247 1623 2299 Τί
1651 2247 1760 2320 γὰρ
1792 2250 1886 2302 καὶ
1921 2234 2106 2320 -έχοιεν

521 2315 587 2369 ἂν
621 2319 816 2382 εἰπεῖν,
853 2320 885 2389 ἢ
931 2323 1089 2376 ποίαν
1131 2327 1499 2396 προϐαλέσθαι
1532 2315 1742 2393 αἰτίαν,⁷
1775 2333 1842 2386 δι’
1891 2315 2106 2404 ήνηούκ

521 2401 876 2487 ἐπίστευσαν;
918 2405 1078 2460 Ἀλλά
1103 2411 1398 2481 προσέχετε
1429 2416 1540 2477 τοῖς
1569 2401 2106 2487 λεγομένοιςξπαρα-

520 2484 688 2572 καλῶ,
725 2487 812 2540 ἵνα
839 2489 1075 2560 δύνησθε
1117 2495 1243 2557 τοὺς
1286 2496 1669 2565 ἀντιλέγοντας
1704 2484 2099 2572 ἐπιστομίζειν.

521 2567 736 2654 βέλτιον
768 2571 877 2640 7&9
906 2574 1103 2638 αὐτοὺς
1134 2580 1266 2648 παρ’
1294 2580 1450 2648 ἡμῶν
1479 2582 1810 2652 ἡττηθέντας
1836 2567 1930 2637 νῦν
1959 2584 2105 2654 διορο

519 2651 778 2722 θωθῆναι,
810 2654 842 2725 ἦ
878 2658 1198 2726 νομίζοντας
1243 2663 1397 2732 νικᾷν
1427 2651 1682 2717 ἀπελθεῖν
1722 2667 1855 2726 ἐκεῖ,
1880 2666 1974 2718 καὶ
2004 2651 2104 2719 κα-

519 2737 847 2807 τακριθῆναι
867 2741 1018 2811 παρά
1041 2743 1132 2795 τοῦ
1157 2747 1337 2799 κοινοῦ
1358 2747 1456 2816 τῆς
1477 2749 1804 2818 οἰκουμένης
1823 2751 2098 2806 δικαστοῦ.

519 2820 584 2871 Τί
632 2821 812 2874 τοίνυν
861 2823 927 2876 ἂν
967 2824 1140 2895 ἔχοιεν
1170 2830 1344 2883 εἰπεῖν
1403 2832 1665 2892 Ἰουδαῖοι,
1719 2833 1865 2898 τίνος
1917 2835 2102 2890 ἕνεκεν

519 2902 727 2989 ἀνεῖλον
749 2907 844 2989 τὸν
866 2905 1128 2978 Χριστόν;
1152 2912 1204 2963 τί
1230 2911 1425 2983 μικρὸν
1448 2914 1480 2985 ἢ
1511 2914 1656 2985 μέγα
1675 2916 1926 2985 ἐγκαλεῖν
1949 2918 2102 2989 ἔχον-

519 3002 646 3073 τες)
703 2988 825 3073 ᾭτι
869 2991 1049 3073 ἐποίει
1098 2993 1290 3046 ἐαυτὸν
1337 2994 1490 3060 Θεὸν,
1529 2998 1681 3068 φησί.
1736 2999 1845 3053 Καὶ
1882 2988 2007 3073 μὴν
2039 3002 2102 3054 οὐ

523 3068 699 3156 ταῦτα
727 3066 796 3142 ἦν
825 3071 892 3125 τὰ
921 3075 1144 3146 ῥήματα
1169 3077 1226 3130 ἐν
1254 3077 1331 3148 τῷ
1366 3080 1544 3151 καιρῷ
1575 3066 1670 3134 τοῦ
1702 3066 1956 3156 σταυροῦ,
1987 3085 2103 3138 ἀλλ’

518 3151 683 3222 ἕτερά
722 3171 862 3210 τινα.
899 3158 973 3209 Οὐ
1021 3158 1128 3229 γὰρ
1168 3158 1371 3228 ἔλεγον,
1411 3162 1470 3216 '0
1502 3165 1670 3218 ποιῶν
1705 3151 1898 3220 ἑαυτὸν
1945 3169 2098 3235 Θεὸν,

518 3235 653 3321 ἀλλ’,
696 3237 748 3289 Ὀ
781 3239 970 3293 ποιῶν
1003 3241 1224 3296 ἑαυτὸν
1255 3245 1542 3311 βασιλέα,
1583 3251 1693 3302 οὐκ
1741 3252 1873 3304 ἐστι
1922 3251 2104 3321 φίλος

520 3319 627 3404 τοῦ
663 3321 986 3404 Καίσαρος.
1029 3323 1216 3380 Καίτοι
1258 3343 1321 3396 γε
1350 3329 1610 3394 πολλάκις
1644 3319 2102 3404 ὴθέλησανήαύτὸν

522 3400 747 3470 βασιλέα
779 3407 1175 3478 χειροτονῆσαι⁹,
1197 3411 1292 3463 καὶ
1321 3411 1541 3481 ἔφυγεν.
1577 3400 1735 3469 Ἀλλά
1757 3400 1861 3487 πρὸ
1888 3418 2100 3483 τούτου,

523 3487 710 3553 φησιν,
753 3489 1062 3555 ἐνεκάλουν,
1112 3492 1196 3545 ὅτι
1246 3495 1418 3549 ἐποίει
1463 3498 1654 3551 ἐαυτὸν
1693 3499 1846 3554 Θεόν.
1895 3503 2004 3555 Καὶ
2049 3504 2104 3556 τί

522 3567 712 3636 τοῦτο;
747 3571 808 3623 Εἰ
841 3571 942 3642 μὲν
973 3574 1085 3644 7&9
1116 3574 1327 3644 ψευδῶς
1363 3579 1456 3632 καὶ
1489 3580 1711 3646 ἀδίκως,
1739 3584 1834 3636 καὶ
1872 3585 1972 3638 οὐκ
2005 3584 2100 3649 ὢν,

524 3649 682 3737 λόγον
712 3652 774 3704 τὸ
802 3653 1054 3726 ἔγκλημα
1078 3655 1192 3728 εἶχε
1212 3676 1226 3689 ·
1263 3661 1312 3712 εί
1331 3660 1387 3713 δέ
1415 3661 1655 3729 δικαίως,
1681 3667 2103 3737 προσκυνεῖσθαι

527 3735 706 3824 αὑτὸν*
725 3737 913 3824 ἐχρῆν,
953 3741 1014 3792 οὐ
1048 3743 1436 3813 σταυροῦσθαι.
1475 3747 1704 3818 Ἷδωμεν
1728 3735 1915 3804 τοίνυν
1948 3753 1996 3804 εί
2028 3753 2103 3824 μὴ

522 3818 654 3883 Θεὸς
679 3818 752 3872 ὢν
777 3821 948 3885 ὅντως
969 3835 1018 3888 ι,
1047 3825 1220 3879 ἐποίει
1243 3829 1435 3883 ἑαυτὸν
1465 3829 1619 3896 Θεὸν,
1648 3837 1945 3902 τουτέστιν,
1971 3818 2106 3892 ἐδείλ

523 3919 624 3988 κνυ
651 3905 744 3956 καὶ
772 3905 1059 3974 ἐπέφαινε.
1089 3909 1262 3964 Πόθεν
1285 3907 1378 3965 οὖν
1403 3912 1580 3983 βούλει
1610 3918 1837 3988 μαθεῖν;
1868 3922 1976 3975 ἀπὸ
1996 3922 2104 3975 τῶν

521 3985 678 4071 τότε;
715 3988 823 4041 ἀπὸ
867 3989 976 4043 τῶν
1015 3991 1144 4058 νῦν;
1180 3993 1288 4048 ἀπὸ
1315 3995 1424 4050 τῶν
1456 3985 1622 4070 παράή
1649 4001 1739 4056 τὸν
1768 3985 1959 4071 τό’κον;
2008 4006 2105 4071 Τίς

522 4063 616 4122 οὖν
640 4071 751 4157 ύπὸ
783 4071 1054 4142 παρθένου
1092 4076 1223 4128 ποτὲ
1252 4079 1446 4150 ἐτέχθη
1471 4098 1484 4146 ;
1515 4063 1596 4147 τίς
1619 4083 1675 4137 δὲ
1703 4085 1907 4157 ἀστέρα
1935 4063 2103 4154 έδειξε

521 4154 794 4240 τοιοῦτονς
836 4157 920 4220 τίς
949 4158 1005 4211 δὲ
1042 4161 1254 4229 μάγους
1283 4165 1553 4236 τοσαύτην
1595 4169 1712 4222 ὁδὸν
1745 4154 1972 4240 ἤγαγεν,
2003 4176 2105 4229 ούκ

522 4239 740 4328 ἀνάγκη
781 4241 876 4328 καὶζ
908 4243 1018 4312 βίᾳ,
1049 4244 1184 4298 ἀλλά
1215 4246 1511 4302 πειθοῖκαὶ
1535 4239 1902 4324 ἀποκαλύψει;
1943 4257 2104 4328 Ὁρᾷς

524 4322 625 4390 τὴν
652 4325 829 4376 κτίσιν
852 4324 1070 4380 ἃπασαν
1095 4329 1422 4398 ἐπιγνοῦσαν
1445 4335 1536 4387 τὸν
1566 4322 1843 4409 Δεσπότην
1863 4322 1895 4404 ;ν
1919 4342 1980 4393 Ἠ

525 4420 610 4488 σις
639 4405 829 4477 πρώτη
865 4415 1206 4481 παραχωρεῖ,
1243 4418 1334 4468 καὶ
1377 4416 1476 4468 οὐκ
1511 4405 1809 4488 ἀντιλέγει,
1839 4423 1960 4476 οὐδὲ
2008 4405 2104 4479 ἀν-

524 4487 771 4576 θίσταται
795 4489 1022 4576 λέγουσα
1038 4510 1049 4522 ·
1081 4497 1154 4549 Οὐ
1185 4497 1295 4551 λύω
1315 4499 1414 4563 τὰς
1439 4501 1634 4566 ώδῖνας
1655 4521 1668 4536 ’
1691 4487 1789 4557 οὐκ
1810 4505 2010 4576 ἔμαθον
2040 4511 2105 4561 ἐκ

525 4572 739 4641 μήτρας
765 4574 1102 4660 παρθενικῆς
1132 4581 1343 4634 παιδίον
1366 4585 1664 4657 προφέρειν
1682 4605 1695 4619 ’
1737 4572 1979 4644 ούκνοῖδα
2007 4593 2106 4660 γά-

482 4682 490 4690 ·
525 4670 627 4724 μου
655 4657 823 4746 χωρὶς
840 4661 1067 4746 μητέρα
1102 4667 1279 4718 ποιεῖν
1300 4683 1314 4697 ο
1347 4666 1464 4720 ἀλλ’
1499 4667 1689 4742 ἐξέστη
1727 4673 1820 4725 καὶ
1850 4657 2102 4746 παρεχώ-

524 4752 658 4808 ρησε
676 4739 1019 4825 τῶνοίκείων
1035 4747 1176 4816 ὅρων
1193 4763 1205 4775 ⁶
1224 4748 1314 4802 τὸν
1346 4751 1453 4822 γὰρ
1478 4753 1648 4825 αὐτῆς
1671 4739 1886 4825 ἐπέγνω
1903 4739 2106 4814 Ᾰεσπό-

521 4839 640 4908 την.
673 4823 716 4873 Τ
720 4823 966 4908 εχθέντος
1017 4829 1194 4895 πάλιν,
1241 4833 1461 4902 ἄγγελοι
1497 4823 1885 4908 παρεγένοντο,
1916 4844 2010 4897 τὸν
2045 4846 2104 4897 ἐν

522 4904 770 4998 ούρανοῖς
940 4911 1053 4998 γῆς-
1085 4913 1402 4984 μηνύοντες,
1434 4921 1530 4972 καὶ
1567 4904 1796 4992 οὐρανὸς
1832 4904 2039 4993 ἐγίνετο
2067 4931 2100 4998 ή

523 4988 617 5082 γῆ,
643 4987 736 5041 ἆτε
758 4991 850 5082 τοῦ
877 4990 1132 5061 βασιλέως
1153 4997 1388 5060 ἐνταῦθα
1420 5003 1592 5070 ὄντος,
1618 4987 1712 5059 καὶ
1735 4987 1908 5077 Μάγοι
1935 4987 2092 5082 προσλ

524 5071 770 5162 εκύνουν,
801 5075 864 5128 ἐκ
911 5079 1165 5133 τοσούτου
1201 5082 1570 5156 διαστήματος
1617 5071 2103 5162 ἀφικόμενοι-’καὶ

524 5154 583 5250 τὸ
607 5156 1060 5250 μὲνκπαιδίονέπὶ
1085 5165 1291 5250 φάτνης
1319 5154 1494 5222 ἔκειτο
1513 5172 1570 5224 ἐν
1596 5154 1952 5250 Παλαιστίνῃ,
1975 5182 2023 5232 οἱ
2049 5181 2103 5234 δὲ

525 5239 632 5332 ἀπὸ
658 5242 757 5311 τῆς
791 5241 1065 5332 βαρϐάρου
1093 5247 1275 5319 χώρας
1303 5254 1568 5325 τοσαύτην
1597 5259 1762 5329 τιμὴν
1813 5239 2102 5332 καὶηθερα-

526 5325 687 5417 πείαν
728 5329 1020 5417 προσῆγον,
1064 5333 1196 5417 δσην
1238 5337 1386 5400 εἰκὸς
1419 5337 1540 5410 Θεῷ
1579 5325 1896 5412 προσάγειν.
1946 5325 2103 5401 Ἀλλά

523 5411 695 5461 ταῦτα
731 5411 829 5478 μὲν
854 5411 982 5476 ἴσως
1021 5416 1082 5468 οὐ
1125 5419 1539 5488 παραδέξονται,
1569 5411 1730 5497 ἕτερα
1753 5427 1807 5479 δὲ
1835 5428 2102 5502 ἐπιζητή-

526 5507 678 5577 σου-σι
714 5497 934 5577 σημεῖα,
978 5497 1046 5551 τά
1088 5501 1230 5554 κατὰ
1264 5504 1362 5572 τὴν
1390 5506 1672 5576 παροῦσαν
1701 5513 1913 5577 γενεάν.
1961 5497 2101 5567 Ἀλλ’

519 5572 643 5626 οὐδὲ
681 5575 886 5629 τούτων
925 5579 1297 5654 ἀπορήσομεν.
1343 5572 1596 5643 Τοιούτον
1630 5572 1799 5664 γάρή
1844 5595 2099 5668 ἀλήθεια⁹

591 5785 621 5814 ⁸
643 5784 814 5838 Morel.
835 5787 962 5836 male
987 5789 1152 5847 οὕτως.

1193 379 1248 434 S.
1290 377 1577 436 JOANNIS
1613 373 2103 433 CHRYSOSTOMI
2144 373 2464 438 ARCHIEP.
2511 381 3060 442 CONSTANTINOP.

3677 383 3782 443 266

2209 499 2552 568 περιρῤεῖται
2580 502 2692 564 τοῖς
2717 501 3074 570 δικαιώμασι.
3110 496 3363 552 Μάλιστα
3395 497 3496 569 μὲν
3525 495 3634 570 γάρ
3659 498 3782 552 οὐδὲ

2201 582 2432 638 ἐνταῦθα
2465 586 2648 656 ἔχουσί
2677 605 2798 641 τινα
2832 587 3143 657 ἀντιλογίας
3175 587 3332 640 σκιάν
3358 588 3554 640 εἰπεῖν.
3581 587 3645 640 EI
3673 585 3782 657 γάρ

2201 673 2294 726 καὶ
2331 674 2406 744 μὴ
2439 677 2640 747 παρῆς,
2676 679 2766 731 ὅτε
2805 680 2870 731 ἐκ
2914 677 3184 748 παρθένου
3225 676 3486 739 ἐτίκτετο,
3519 675 3597 746 τῷ
3645 692 3777 746 προσ

2202 764 2349 836 φήτῃ
2391 765 2666 819 πιστεύειν
2693 766 2800 820 ἔδει
2838 767 2916 838 τῷ
2943 768 3186 836 λέγοντι’
3220 766 3365 821 Ἰδοὺ
3403 766 3442 833 ἢ
3487 765 3779 833 παρθένος

2199 851 2270 906 ἐν
2295 855 2506 922 γαστρὶ
2535 855 2680 918 ἔξει,
2708 855 2808 908 καὶ
2843 856 3072 920 τέξεται
3106 857 3271 910 υἱόν·
3305 853 3405 908 καὶ
3446 852 3778 908 καλέσουσι

2201 941 2266 994 τὸ
2311 941 2499 1010 ὄνομα
2553 943 2741 997 αὑτοῦ
2780 943 3183 1014 Ἐμμανουήλ.
3230 943 3292 996 Εἰ
3328 941 3402 1013 μὴ
3442 941 3644 1012 παρῆς,
3687 941 3778 994 ὅτε

2207 1028 2389 1099 σάρκα
2422 1028 2574 1102 [229]
2606 1031 2992 1103 περικείμενος
3039 1029 3356 1102 περιεπόλει
3403 1029 3498 1099 τὴν
3527 1029 3655 1099 γῆν,
3683 1030 3780 1082 καὶ

2204 1119 2664 1190 συνανεστρέφετο
2701 1122 2813 1183 τοῖς
2846 1120 3052 1182 δούλοις
3089 1121 3117 1173 ό
3152 1120 3448 1191 Δεσπότης,
3487 1118 3672 1188 ἔντυχε
3700 1117 3780 1188 τῷ

2213 1205 2475 1276 Ἱερεμίᾳ,
2507 1209 2759 1271 κάκεῖνός
2795 1217 2878 1260 σοι
2915 1208 3217 1273 διαλέξεται
3247 1207 3389 1260 οὕτω
3412 1207 3586 1276 λέγων
3607 1222 3620 1236 ⁸
3663 1199 3778 1260 Οὗ-

2202 1310 2306 1360 τος
2331 1297 2364 1348 d
2405 1296 2548 1361 Θεὸς
2580 1295 2776 1365 ήμῶν-ο
2809 1299 2882 1352 οὐ
2924 1297 3354 1365 λογισθήσεται
3385 1295 3585 1364 ἔτερος
3631 1294 3780 1363 πρὸς

2204 1383 2410 1437 αὐτόν.
2458 1383 2698 1453 Ἐξεῦρε
2728 1383 2936 1438 πᾶσαν
2963 1384 3106 1438 ὁδὸν
3129 1383 3487 1454 ἐπιστήμης,
3514 1384 3609 1437 καὶ
3638 1382 3782 1436 ἔδω-

2203 1490 2313 1526 κεν
2355 1474 2550 1542 αὐτὴν
2589 1475 2790 1530 Ἰακὼϐ
2815 1473 2896 1541 τῷ
2938 1476 3104 1529 παιδὶ
3139 1475 3342 1540 αὐτοῦ,
3391 1475 3490 1528 καὶ
3540 1475 3778 1543 Ἰσραὴλ

2203 1559 2284 1624 τῷ
2319 1563 2682 1631 ἠγαπημένῳ
2728 1565 2829 1618 ὑπ’
2857 1563 3064 1617 αὑτοῦ.
3095 1565 3256 1616 Μετὰ
3299 1563 3485 1616 ταῦτα
3524 1561 3621 1614 ἐπὶ
3665 1559 3779 1630 τῆς

2205 1647 2316 1718 γῆς
2347 1649 2538 1718 ὤφθη,
2567 1649 2665 1704 καὶ
2694 1651 2817 1718 τοῖς
2843 1651 3167 1720 ἀνθρώποις
3201 1649 3684 1720 συνανεστρὰφη.

2273 1789 2337 1845 δ’.
2363 1791 2474 1844 Καὶ
2491 1791 2584 1845 ἐπὶ
2611 1791 2718 1844 τῶν
2732 1791 2906 1845 ἄλλων
2933 1791 2988 1845 δὲ
3019 1792 3273 1846 ἁπάντων
3296 1792 3415 1862 δψει
3437 1795 3559 1858 τοὺς
3577 1791 3778 1865 προφή-

2205 1896 2325 1943 τας,
2361 1871 2435 1933 ὧν
2463 1879 2530 1932 τά
2571 1879 2750 1950 βιϐλία
2776 1882 2895 1951 εἰκῆ
2935 1881 3097 1952 μέχρι
3130 1883 3367 1954 σήμερον
3396 1883 3778 1952 περιστρέφεις

2205 1970 2299 2022 καὶ
2337 1967 2594 2038 ἐνοχλεῖς,
2626 1967 2832 2038 ταύτης
2873 1967 3062 2022 ἕνεκεν
3102 1972 3199 2040 τῆς
3239 1969 3545 2033 ὑποθέσεως
3593 1969 3778 2036 σανρῶς

2203 2055 2679 2127 ἀνακηρύττοντας
2710 2057 2941 2110 ἅπαντα.
2991 2056 3129 2108 Ἀλλ’
3171 2058 3216 2108 οἱ
3256 2057 3354 2127 μὲν
3397 2057 3531 2127 πρὸς
3558 2057 3777 2120 τούτους

2203 2143 2414 2211 ἀγῶνες
2439 2144 2533 2197 καὶ
2572 2144 2820 2215 εἴρηνται
2852 2143 3112 2208 πολλάκις
3139 2146 3291 2214 ἡμῖν,
3311 2146 3406 2198 καὶ
3431 2146 3775 2216 ρηθήσονται’

2201 2233 2339 2295 τέως
2376 2233 2433 2285 δέ
2479 2233 2585 2286 τῶν
2625 2234 3001 2304 προκειμένων
3035 2233 3289 2304 ἐχώμεθα
3319 2233 3368 2287 δ.
3399 2233 3507 2287 Καὶ
3540 2237 3780 2301 (tramae.

2201 2321 2424 2375 λοῦσιν
2457 2325 2512 2374 οἱ
2541 2323 2783 2390 οἰφανοὶ
2815 2321 2928 2389 τὴν
2960 2321 3356 2390 δικαιοσύνην
3384 2323 3590 2384 αὑτοῦ,
3627 2321 3712 2374 ὅτι
3746 2324 3780 2375 ό

2206 2412 2351 2476 Θεὸς
2386 2410 2592 2479 κριτής
2621 2413 2810 2465 ἐστιν.
2856 2411 3121 2466 Ἐνταῦθά
3167 2430 3255 2482 μοι
3309 2413 3406 2481 τὴν
3436 2411 3780 2481 δικαιοσύνην

2203 2498 2382 2568 λέγειν
2415 2499 2578 2564 δοκεῖ,
2609 2499 2706 2571 τήν
2731 2499 2930 2571 πολλὴν
2976 2500 3141 2554 αὑτοῦ
3187 2501 3532 2571 κηδεμονίαν,
3563 2500 3660 2569 τὴν
3690 2519 3780 2568 φι-

2203 2589 2552 2658 λανθρωπίαν
2584 2589 2681 2660 τὴν
2709 2591 2786 2653 είς
2815 2590 3011 2654 αὐτοὺς
3041 2590 3300 2652 ἐκείνους,
3332 2589 3430 2658 τὴν
3468 2591 3548 2652 εἰς
3573 2591 3780 2652 πάντας

2202 2677 2524 2751 ἀνθρώπους
2543 2679 2793 2750 πολυειδῆ
2817 2697 2938 2732 τινα
2963 2680 3275 2748 οἰκονομίαν
3305 2680 3398 2732 καὶ
3421 2678 3778 2748 πολύτροπον,

2202 2766 2300 2836 τὴν
2331 2766 2422 2820 διά
2445 2768 2546 2838 τῆς
2573 2768 2826 2833 κτίσεως,
2855 2767 2954 2837 τὴν
2985 2767 3073 2821 διά
3101 2767 3194 2820 τοῦ
3230 2767 3414 2836 νόμου,
3449 2769 3546 2837 τὴν
3573 2767 3657 2819 διὰ
3680 2766 3780 2835 τῆς

2201 2856 2445 2926 χάριτος,
2478 2858 2576 2926 τὴν
2609 2856 2700 2910 διὰ
2731 2857 2842 2910 τῶν
2867 2857 3186 2927 ὁρωμένων,
3221 2857 3321 2925 τὴν
3351 2857 3438 2910 διὰ
3473 2856 3581 2908 τῶν
3616 2855 3782 2925 ἀορά-

2200 2960 2328 3007 των,
2361 2944 2460 3015 τὴν
2498 2944 2586 2997 διὰ
2628 2963 2735 2997 των
2766 2943 3087 3014 προφητῶν,
3119 2945 3219 3013 τὴν
3248 2944 3334 2998 διά
3371 2945 3479 2996 τῶν
3511 2944 3775 3011 ἀγγέλων,

2199 3031 2297 3100 τὴν
2338 3031 2426 3084 διά
2456 3031 2566 3085 τῶν
2593 3032 2929 3094 ἀποστόλων,
2963 3032 3060 3103 τὴν
3089 3030 3178 3084 διά
3215 3031 3324 3084 τῶν
3357 3031 3650 3094 κολάσεων,
3682 3032 3780 3102 τὴν

2199 3121 2286 3174 διὰ
2317 3121 2425 3174 τῶν
2473 3121 2828 3193 εὐεργεσιῶν,
2863 3121 2961 3192 τὴν
2999 3121 3086 3174 διά
3118 3121 3226 3173 τῶν
3260 3121 3517 3185 ἀπειλῶν,
3550 3121 3647 3192 τὴν
3690 3121 3780 3176 διὰ

2198 3208 2308 3260 τῶν
2342 3207 2707 3276 ἐπαγγελιῶν,
2745 3209 2846 3278 τὴν
2893 3207 2982 3261 διὰ
3021 3208 3118 3278 τῆς
3148 3207 3351 3273 τάξεως
3388 3209 3488 3278 τῆς
3519 3209 3660 3262 κατά
3689 3209 3778 3262 τὸν

2205 3296 2412 3365 χρόνον.
2462 3296 2784 3357 Ἀκουσον,
2831 3295 2981 3362 λαός
3021 3313 3162 3364 μου,
3208 3296 3305 3348 καὶ
3351 3296 3606 3364 λαλήσω
3657 3314 3778 3359 σοι,

2213 3381 2474 3450 Ἰσραὴλ,
2532 3383 2630 3436 καὶ
2671 3382 3136 3452 διαμαρτύρομαι
3181 3397 3281 3437 σοι
3331 3394 3379 3434 ο.
3426 3382 3570 3454 Ὅρα
3617 3385 3779 3438 πάλιν

2201 3470 2501 3524 ἐπιείκειαν
2531 3471 2623 3524 καὶ
2646 3470 2928 3541 πραότητα
2949 3470 3006 3535 ἐξ
3039 3470 3204 3523 αὐτοῦ
3230 3468 3323 3523 τοῦ
3350 3472 3656 3542 προοιμίου,
3692 3473 3780 3536 Ὠς

2201 3559 2311 3629 7&9
2330 3559 2394 3611 ἂν
2426 3558 2474 3610 εί
2497 3557 2782 3628 ἄνθρωπος
2808 3558 2942 3630 πρὸς
2969 3557 3254 3629 ἄνθρωπον
3279 3559 3421 3612 εἴποι
3448 3559 3781 3630 θορυϐοῦντα

2202 3647 2298 3699 καὶ
2327 3647 2692 3717 ταράττοντα,
2731 3645 2856 3700 Ἐὰν
2888 3645 3114 3718 ἀκούῃς,
3143 3645 3287 3699 λαλῶ
3307 3661 3320 3674 ⁸
3358 3647 3452 3700 ἐὰν
3485 3647 3778 3717 προσέχῃς,

2202 3734 2311 3804 ἐρῶ
2333 3753 2345 3764 ·
2380 3731 2522 3786 οὕτω
2563 3735 2655 3788 καὶ
2689 3733 2824 3804 πρὸς
2846 3735 2972 3797 τοὺς
3016 3733 3232 3796 δούλους
3261 3736 3290 3788 ὁ
3320 3735 3617 3805 Δεσπότης,
3652 3735 3780 3788 Ἐὰν

2202 3821 2408 3894 ἀκούῃς
2444 3839 2568 3891 μου,
2609 3823 2793 3893 φησὶν,
2824 3820 2954 3893 ἐρῶ.
2989 3822 3098 3874 Καὶ
3123 3821 3232 3893 γὰρ
3261 3817 3400 3892 ἦσαν
3426 3821 3659 3893 ρᾴθυμοι
3687 3825 3781 3876 καὶ

2201 3909 2686 3973 ἀναπεπτωκότες,
2735 3909 2826 3962 καὶ
2857 3908 2978 3963 οὐδὲ
3024 3909 3117 3962 ἐπὶ
3153 3908 3348 3980 μικρὸν
3383 3909 3521 3980 μετά
3550 3910 3780 3981 ἡσυχίας

2203 3997 2465 4064 παρεῖχον
2492 3997 2557 4065 τῇ
2579 3995 2688 4048 τῶν
2710 3996 2890 4066 νόμων
2913 3995 3217 4064 ἀναγνώσει
3241 3997 3338 4067 τὴν
3357 3997 3642 4068 ἀκρόασιν.
3671 3997 3782 4050 Καὶ

2203 4081 2360 4136 τοῦτο
2383 4082 2557 4152 δηλῶν
2581 4100 2664 4144 τις
2685 4085 2970 4154 προφήτης
2993 4083 3177 4150 ἔλεγεν
3200 4085 3228 4136 ὁ
3250 4086 3306 4137 ἐν
3331 4085 3553 4155 Περσίδι
3579 4084 3780 4156 διατρίε

2205 4172 2346 4224 ϐων·
2379 4174 2635 4240 Ἕσομαι
2678 4171 2885 4238 αὐτοῖς
2927 4173 3008 4238 ὡς
3042 4172 3212 4241 φωνὴ
3255 4173 3592 4242 ψαλτηρίου
3631 4172 3779 4240 ἡδυ-

2205 4259 2406 4328 φώνου
2424 4276 2436 4289 ·
2469 4261 2562 4312 καὶ
2597 4259 2834 4329 συνεχῶς
2861 4258 3043 4328 ἔλεγον
3067 4263 3180 4323 τοῖς
3212 4263 3518 4330 προφήταις
3549 4259 3624 4332 μὴ
3648 4277 3781 4332 προ-

2204 4347 2479 4416 φητεύειν,
2518 4347 2716 4418 μᾶλλον
2761 4347 2816 4399 δὲ
2853 4349 2946 4400 καὶ
2980 4347 3321 4418 διεκρούοντο
3352 4347 3378 4387 ά
3412 4349 3629 4412 αὐτοὺς,
3684 4348 3781 4400 καὶ

2204 4435 2537 4506 ἐνοχλεῖσθαι
2575 4436 2813 4490 ἐδόκουν.
2863 4436 2973 4489 Καὶ
3023 4435 3273 4505 βασιλεὺς
3311 4436 3469 4490 τοῦτο
3528 4437 3779 4506 φαίνεται

2203 4523 2442 4576 ἀπειλῶν
2493 4525 2748 4596 προφήτῃ
2799 4525 2906 4577 τινὶ
2950 4525 3044 4578 καὶ
3093 4525 3473 4596 προστάσσων,
3511 4525 3649 4577 ὥστε
3703 4525 3780 4596 μὴ

2203 4612 2556 4681 ὀχλαγωγεῖν.
2608 4611 2660 4663 '0
2707 4611 2850 4676 Θεὸς
2895 4615 2928 4666 ό
2974 4613 3118 4678 ego".
3161 4630 3277 4667 σου
3330 4613 3448 4683 ειμι
3485 4614 3617 4682 ἐγώ.
3667 4615 3780 4684 οὐχ

2206 4699 2391 4763 ἁπλῶς
2407 4703 2436 4750 ὁ
2459 4699 2854 4768 διπλασιασμὸς
2872 4703 3066 4763 κεῖται,
3087 4701 3219 4755 ἀλλά
3237 4703 3358 4754 ἐπεὶ
3375 4702 3510 4773 πρὸς
3526 4700 3781 4770 ἀναισθή-

2202 4806 2329 4852 τους
2360 4787 2561 4846 ἐλάλει,
2590 4789 2683 4840 καὶ
2712 4789 3172 4858 πεπωρωμένους,
3200 4790 3294 4842 καὶ
3322 4789 3776 4860 κεκωφωμένους,

2202 4878 2294 4931 τὸν
2329 4877 2460 4948 περὶ
2497 4877 2596 4947 τῆς
2637 4876 2956 4938 δεσποτείας
2984 4877 3150 4929 αὑτοῦ
3197 4880 3339 4929 κινεῖ
3379 4877 3558 4943 λόγον,
3605 4876 3779 4946 ἀρχὴν
3813 4935 3818 4939 _

2202 4967 2433 5036 ἀρίστην
2463 4968 2529 5036 τῇ
2564 4965 2701 5035 μετά
2730 4964 2900 5018 ταῦτα
2923 4965 3172 5034 διηγήσει
3199 4964 3374 5027 διδοὺς
3398 4963 3665 5026 ἐντεῦθεν,
3684 4964 3779 5018 καὶ

2201 5054 2416 5116 δεικνὺς
2438 5054 2518 5106 ὅτι
2535 5052 2843 5122 ὀφείλουσιν
2872 5052 3134 5122 αὐτῷτὴν
3161 5051 3492 5122 ἐλευθερίαν,
3514 5053 3606 5105 καὶ
3622 5053 3780 5122 χρέος

2204 5141 2270 5194 ἂν
2307 5136 2416 5193 εἷεν
2448 5141 2645 5194 δίκαιοι
2697 5140 3010 5193 καταθεῖναι
3061 5142 3136 5202 ὼς
3185 5140 3433 5210 Δεσπότῃ
3472 5140 3666 5204 δοῦλοι,
3706 5142 3779 5204 ώς

2200 5229 2532 5302 Δημιουργῷ
2558 5229 2716 5299 ἔργα,
2737 5230 2812 5293 ώς
2836 5229 2905 5282 τά
2933 5232 3166 5300 μέγιστα
3195 5230 3660 5301 εὐεργετηθέντες,
3692 5233 3782 5284 καὶ

2201 5319 2468 5390 τοσαύτην
2509 5319 2832 5388 τιμηθέντες
2871 5321 3060 5389 τιμήν.
3092 5321 3212 5373 vim
3247 5318 3348 5372 ἐπὶ
3380 5319 3507 5385 ταῖς
3540 5321 3782 5384 θυσίαις

2263 5505 2291 5543 b
2307 5505 2401 5567 Alii
2423 5505 2518 5552 τῶν
2541 5504 2776 5565 ἐχομένων
2798 5505 3111 5567 ἀψώμεθα,ει
3137 5506 3208 5554 sic
3232 5505 3400 5555 Morel.
3424 5505 3610 5555 habuit.
3629 5508 3780 5556 Savil.

2203 5574 2252 5616 et
2278 5566 2524 5627 reliquiul
2549 5568 2598 5613 in
2628 5573 2783 5614 lexlu.

2268 5632 2290 5659 ο
2320 5629 2470 5678 Haec.‘
2489 5627 2701 5692 Ἰσραὴλ,
2725 5629 2805 5692 καί
2829 5629 3202 5692 διαμαρτύρομαί
3227 5647 3322 5688 σοι,
3349 5631 3557 5679 deerant
3577 5630 3629 5678 in
3655 5630 3778 5678 edit.

2205 5689 2379 5738 Morel.
2411 5697 2461 5738 el
2496 5689 2647 5738 Sux'il.
2674 5689 2772 5737 Sed
2797 5689 3042 5738 habentiu-
3065 5689 3112 5739 iu
3139 5706 3252 5738 mss.

2265 5750 2291 5789 d
2327 5752 2409 5815 Sic
2451 5764 2566 5800 mss.
2610 5757 2654 5800 el
2706 5752 2886 5812 Savil.;
2915 5751 3088 5802 Morel.
3136 5765 3248 5802 vero
3290 5749 3618 5815 προφητεύειν,
3655 5751 3783 5801 ἀλλὰ

2206 5813 2518 5876 διεκρούοντο.
