  <div class='ocr_page' id='page_1' title='image "/cluster/home/n/w/nwhite01/storage/ocr_20150623/55/nnc1.0046980016/236.png"; bbox 0 0 4108 6344; ppageno 0'>
   <div class='ocr_carea' id='block_1_1' title="bbox 353 441 460 498">
    <p class='ocr_par' dir='ltr' id='par_1_1' title="bbox 353 441 460 498">
     <span class='ocr_line' id='line_1_1' title="bbox 353 441 460 498; baseline -0.019 0"><span class='ocrx_word' id='word_1_1' title='bbox 353 441 460 498; x_wconf 65' lang='grc' dir='ltr'><strong>ὶ45</strong></span> 
     </span>
    </p>
   </div>
   <div class='ocr_carea' id='block_1_2' title="bbox 355 554 1927 629">
    <p class='ocr_par' dir='ltr' id='par_1_2' title="bbox 355 554 1927 629">
     <span class='ocr_line' id='line_1_2' title="bbox 355 554 1927 629; baseline 0.001 -17"><span class='ocrx_word' id='word_1_2' title='bbox 355 570 482 612; x_wconf 82' lang='lat' dir='ltr'><strong>oves</strong></span> <span class='ocrx_word' id='word_1_3' title='bbox 518 564 574 610; x_wconf 90' lang='lat' dir='ltr'><strong>et</strong></span> <span class='ocrx_word' id='word_1_4' title='bbox 612 554 803 610; x_wconf 76' lang='lat' dir='ltr'><strong>vitulos</strong></span> <span class='ocrx_word' id='word_1_5' title='bbox 840 556 1198 610; x_wconf 77' lang='lat' dir='ltr'><strong>sacrificarent</strong></span> <span class='ocrx_word' id='word_1_6' title='bbox 1228 573 1241 608; x_wconf 90' lang='lat'>:</span> <span class='ocrx_word' id='word_1_7' title='bbox 1269 555 1386 611; x_wconf 90' lang='lat' dir='ltr'><strong>ideo</strong></span> <span class='ocrx_word' id='word_1_8' title='bbox 1425 558 1618 625; x_wconf 89' lang='lat' dir='ltr'><strong>probra</strong></span> <span class='ocrx_word' id='word_1_9' title='bbox 1645 558 1747 618; x_wconf 92' lang='lat' dir='ltr'><strong>illis</strong></span> <span class='ocrx_word' id='word_1_10' title='bbox 1778 558 1927 629; x_wconf 88' lang='lat' dir='ltr'><strong>inge-</strong></span> 
     </span>
    </p>
   </div>
   <div class='ocr_carea' id='block_1_3' title="bbox 355 645 1920 716">
    <p class='ocr_par' dir='ltr' id='par_1_3' title="bbox 355 645 1920 716">
     <span class='ocr_line' id='line_1_3' title="bbox 355 645 1920 716; baseline 0.002 -15"><span class='ocrx_word' id='word_1_11' title='bbox 355 662 496 710; x_wconf 83' lang='lat' dir='ltr'><strong>rens,</strong></span> <span class='ocrx_word' id='word_1_12' title='bbox 519 661 717 716; x_wconf 87' lang='lat' dir='ltr'><strong>eosque</strong></span> <span class='ocrx_word' id='word_1_13' title='bbox 745 647 972 701; x_wconf 83' lang='lat' dir='ltr'><strong>irridens</strong></span> <span class='ocrx_word' id='word_1_14' title='bbox 999 647 1147 712; x_wconf 92' lang='lat' dir='ltr'><strong>dicit,</strong></span> <span class='ocrx_word' id='word_1_15' title='bbox 1193 645 1292 714; x_wconf 85' lang='lat' dir='ltr'><strong>Qui</strong></span> <span class='ocrx_word' id='word_1_16' title='bbox 1316 647 1550 701; x_wconf 84' lang='lat' dir='ltr'><strong>ordinant</strong></span> <span class='ocrx_word' id='word_1_17' title='bbox 1574 659 1920 704; x_wconf 76' lang='lat' dir='ltr'><strong>testamentum</strong></span> 
     </span>
    </p>
   </div>
   <div class='ocr_carea' id='block_1_4' title="bbox 352 739 1930 811">
    <p class='ocr_par' dir='ltr' id='par_1_4' title="bbox 352 739 1930 811">
     <span class='ocr_line' id='line_1_4' title="bbox 352 739 1930 811; baseline 0.003 -18"><span class='ocrx_word' id='word_1_18' title='bbox 352 757 462 811; x_wconf 74' lang='lat' dir='ltr'><strong>ejus</strong></span> <span class='ocrx_word' id='word_1_19' title='bbox 485 756 638 810; x_wconf 80' lang='lat' dir='ltr'><strong>super</strong></span> <span class='ocrx_word' id='word_1_20' title='bbox 664 740 913 807; x_wconf 71' lang='lat' dir='ltr'><strong>sacriﬁcia</strong></span> <span class='ocrx_word' id='word_1_21' title='bbox 932 755 951 793; x_wconf 90' lang='lat'><strong><em>:</em></strong></span> <span class='ocrx_word' id='word_1_22' title='bbox 979 739 1080 793; x_wconf 86' lang='lat' dir='ltr'><strong>hoc</strong></span> <span class='ocrx_word' id='word_1_23' title='bbox 1106 749 1209 806; x_wconf 90' lang='lat' dir='ltr'><strong>est,</strong></span> <span class='ocrx_word' id='word_1_24' title='bbox 1238 740 1326 810; x_wconf 90' lang='lat' dir='ltr'><strong>qui</strong></span> <span class='ocrx_word' id='word_1_25' title='bbox 1346 740 1412 793; x_wconf 91' lang='lat' dir='ltr'><strong>ad</strong></span> <span class='ocrx_word' id='word_1_26' title='bbox 1432 741 1653 796; x_wconf 82' lang='lat' dir='ltr'><strong>salutem</strong></span> <span class='ocrx_word' id='word_1_27' title='bbox 1680 741 1930 798; x_wconf 88' lang='lat' dir='ltr'><strong>sufﬁcere</strong></span> 
     </span>
    </p>
   </div>
   <div class='ocr_carea' id='block_1_5' title="bbox 352 829 1920 898">
    <p class='ocr_par' dir='ltr' id='par_1_5' title="bbox 352 829 1920 898">
     <span class='ocr_line' id='line_1_5' title="bbox 352 829 1920 898; baseline 0.001 -13"><span class='ocrx_word' id='word_1_28' title='bbox 352 831 691 894; x_wconf 81' lang='lat' dir='ltr'><strong>existimant,</strong></span> <span class='ocrx_word' id='word_1_29' title='bbox 735 831 780 884; x_wconf 89' lang='lat' dir='ltr'><strong>si</strong></span> <span class='ocrx_word' id='word_1_30' title='bbox 820 844 1042 898; x_wconf 90' lang='lat' dir='ltr'><strong>corpora</strong></span> <span class='ocrx_word' id='word_1_31' title='bbox 1081 829 1354 884; x_wconf 92' lang='lat' dir='ltr'><strong>brutorum</strong></span> <span class='ocrx_word' id='word_1_32' title='bbox 1389 831 1706 886; x_wconf 89' lang='lat' dir='ltr'><strong>sacriﬁcent.</strong></span> <span class='ocrx_word' id='word_1_33' title='bbox 1755 833 1808 888; x_wconf 87' lang='lat'><strong>6.</strong></span> <span class='ocrx_word' id='word_1_34' title='bbox 1850 833 1920 887; x_wconf 85' lang='lat' dir='ltr'><strong>Et</strong></span> 
     </span>
    </p>
   </div>
   <div class='ocr_carea' id='block_1_6' title="bbox 351 921 1926 992">
    <p class='ocr_par' dir='ltr' id='par_1_6' title="bbox 351 921 1926 992">
     <span class='ocr_line' id='line_1_6' title="bbox 351 921 1926 992; baseline 0.005 -20"><span class='ocrx_word' id='word_1_35' title='bbox 351 921 722 973; x_wconf 84' lang='lat' dir='ltr'><strong>annuntiabunt</strong></span> <span class='ocrx_word' id='word_1_36' title='bbox 758 921 869 975; x_wconf 60' lang='lat' dir='ltr'><strong>caeli</strong></span> <span class='ocrx_word' id='word_1_37' title='bbox 901 922 1152 990; x_wconf 77' lang='lat' dir='ltr'><strong>justitiam</strong></span> <span class='ocrx_word' id='word_1_38' title='bbox 1196 923 1323 992; x_wconf 85' lang='lat' dir='ltr'><strong>ejus.</strong></span> <span class='ocrx_word' id='word_1_39' title='bbox 1371 921 1569 976; x_wconf 79' lang='lat' dir='ltr'><strong>Valens</strong></span> <span class='ocrx_word' id='word_1_40' title='bbox 1613 923 1699 978; x_wconf 86' lang='lat' dir='ltr'><strong>hic</strong></span> <span class='ocrx_word' id='word_1_41' title='bbox 1737 940 1926 981; x_wconf 86' lang='lat' dir='ltr'><strong>rursus</strong></span> 
     </span>
    </p>
   </div>
   <div class='ocr_carea' id='block_1_7' title="bbox 349 1010 1926 1085">
    <p class='ocr_par' dir='ltr' id='par_1_7' title="bbox 349 1010 1926 1085">
     <span class='ocr_line' id='line_1_7' title="bbox 349 1010 1926 1085; baseline 0.004 -22"><span class='ocrx_word' id='word_1_42' title='bbox 349 1011 632 1065; x_wconf 88' lang='lat' dir='ltr'><strong>ostendere</strong></span> <span class='ocrx_word' id='word_1_43' title='bbox 657 1010 772 1079; x_wconf 88' lang='lat' dir='ltr'><strong>ejus</strong></span> <span class='ocrx_word' id='word_1_44' title='bbox 797 1010 1052 1080; x_wconf 86' lang='lat' dir='ltr'><strong>justitiam</strong></span> <span class='ocrx_word' id='word_1_45' title='bbox 1084 1026 1204 1068; x_wconf 86' lang='lat' dir='ltr'><strong>esse</strong></span> <span class='ocrx_word' id='word_1_46' title='bbox 1229 1011 1449 1077; x_wconf 89' lang='lat' dir='ltr'><strong>claram,</strong></span> <span class='ocrx_word' id='word_1_47' title='bbox 1479 1012 1699 1067; x_wconf 84' lang='lat' dir='ltr'><strong>nitidam</strong></span> <span class='ocrx_word' id='word_1_48' title='bbox 1721 1055 1736 1081; x_wconf 97' lang='lat'><strong>,</strong></span> <span class='ocrx_word' id='word_1_49' title='bbox 1765 1029 1926 1085; x_wconf 85' lang='lat' dir='ltr'><strong>aper-</strong></span> 
     </span>
    </p>
   </div>
   <div class='ocr_carea' id='block_1_8' title="bbox 351 1100 1926 1173">
    <p class='ocr_par' dir='ltr' id='par_1_8' title="bbox 351 1100 1926 1173">
     <span class='ocr_line' id='line_1_8' title="bbox 351 1100 1926 1173; baseline 0.005 -20"><span class='ocrx_word' id='word_1_50' title='bbox 351 1109 480 1164; x_wconf 85' lang='lat' dir='ltr'><strong>tam,</strong></span> <span class='ocrx_word' id='word_1_51' title='bbox 511 1101 599 1155; x_wconf 91' lang='lat' dir='ltr'><strong>eui</strong></span> <span class='ocrx_word' id='word_1_52' title='bbox 623 1100 913 1156; x_wconf 88' lang='lat' dir='ltr'><strong>contradici</strong></span> <span class='ocrx_word' id='word_1_53' title='bbox 944 1117 1050 1156; x_wconf 90' lang='lat' dir='ltr'><strong>non</strong></span> <span class='ocrx_word' id='word_1_54' title='bbox 1078 1101 1282 1172; x_wconf 82' lang='lat' dir='ltr'><strong>possit,</strong></span> <span class='ocrx_word' id='word_1_55' title='bbox 1331 1113 1387 1158; x_wconf 91' lang='lat' dir='ltr'><strong>et</strong></span> <span class='ocrx_word' id='word_1_56' title='bbox 1426 1117 1546 1173; x_wconf 66' lang='lat' dir='ltr'><strong>quas</strong></span> <span class='ocrx_word' id='word_1_57' title='bbox 1585 1104 1636 1158; x_wconf 92' lang='lat' dir='ltr'><strong>in</strong></span> <span class='ocrx_word' id='word_1_58' title='bbox 1678 1104 1926 1160; x_wconf 88' lang='lat' dir='ltr'><strong>confesso</strong></span> 
     </span>
    </p>
   </div>
   <div class='ocr_carea' id='block_1_9' title="bbox 348 1190 1921 1263">
    <p class='ocr_par' dir='ltr' id='par_1_9' title="bbox 348 1190 1921 1263">
     <span class='ocr_line' id='line_1_9' title="bbox 348 1190 1921 1263; baseline 0.003 -20"><span class='ocrx_word' id='word_1_59' title='bbox 348 1191 438 1256; x_wconf 86' lang='lat' dir='ltr'><strong>sit,</strong></span> <span class='ocrx_word' id='word_1_60' title='bbox 467 1190 753 1245; x_wconf 90' lang='lat' dir='ltr'><strong>introducit</strong></span> <span class='ocrx_word' id='word_1_61' title='bbox 779 1191 1040 1246; x_wconf 89' lang='lat' dir='ltr'><strong>elementa</strong></span> <span class='ocrx_word' id='word_1_62' title='bbox 1066 1191 1389 1247; x_wconf 89' lang='lat' dir='ltr'><strong>insensibilia</strong></span> <span class='ocrx_word' id='word_1_63' title='bbox 1414 1207 1531 1247; x_wconf 89' lang='lat' dir='ltr'><strong>eam</strong></span> <span class='ocrx_word' id='word_1_64' title='bbox 1561 1193 1921 1263; x_wconf 66' lang='lat' dir='ltr'><strong>praedicanda,</strong></span> 
     </span>
    </p>
   </div>
   <div class='ocr_carea' id='block_1_10' title="bbox 348 1282 1926 1356">
    <p class='ocr_par' dir='ltr' id='par_1_10' title="bbox 348 1282 1926 1356">
     <span class='ocr_line' id='line_1_10' title="bbox 348 1282 1926 1356; baseline 0.001 -18"><span class='ocrx_word' id='word_1_65' title='bbox 348 1283 557 1348; x_wconf 89' lang='lat' dir='ltr'><strong>eadem,</strong></span> <span class='ocrx_word' id='word_1_66' title='bbox 579 1299 736 1352; x_wconf 88' lang='lat' dir='ltr'><strong>quam</strong></span> <span class='ocrx_word' id='word_1_67' title='bbox 761 1284 907 1352; x_wconf 91' lang='lat' dir='ltr'><strong>prius</strong></span> <span class='ocrx_word' id='word_1_68' title='bbox 927 1283 1078 1347; x_wconf 81' lang='lat' dir='ltr'><strong>dixit,</strong></span> <span class='ocrx_word' id='word_1_69' title='bbox 1109 1282 1296 1354; x_wconf 83' lang='lat' dir='ltr'><strong>ﬁgura.</strong></span> <span class='ocrx_word' id='word_1_70' title='bbox 1330 1283 1582 1348; x_wconf 77' lang='lat' dir='ltr'><strong>Quoniam</strong></span> <span class='ocrx_word' id='word_1_71' title='bbox 1609 1283 1744 1338; x_wconf 87' lang='lat' dir='ltr'><strong>Deus</strong></span> <span class='ocrx_word' id='word_1_72' title='bbox 1761 1285 1926 1356; x_wconf 81' lang='lat' dir='ltr'><strong>judea:</strong></span> 
     </span>
    </p>
   </div>
   <div class='ocr_carea' id='block_1_11' title="bbox 349 1377 1924 1450">
    <p class='ocr_par' dir='ltr' id='par_1_11' title="bbox 349 1377 1924 1450">
     <span class='ocr_line' id='line_1_11' title="bbox 349 1377 1924 1450; baseline 0.003 -19"><span class='ocrx_word' id='word_1_73' title='bbox 349 1387 437 1431; x_wconf 79' lang='lat' dir='ltr'><strong>est.</strong></span> <span class='ocrx_word' id='word_1_74' title='bbox 469 1377 584 1444; x_wconf 85' lang='lat' dir='ltr'><strong>Jus,</strong></span> <span class='ocrx_word' id='word_1_75' title='bbox 623 1378 812 1447; x_wconf 89' lang='lat' dir='ltr'><strong>inquit,</strong></span> <span class='ocrx_word' id='word_1_76' title='bbox 845 1378 1128 1448; x_wconf 88' lang='lat' dir='ltr'><strong>unicuique</strong></span> <span class='ocrx_word' id='word_1_77' title='bbox 1150 1378 1426 1434; x_wconf 86' lang='lat' dir='ltr'><strong>deﬁniens.</strong></span> <span class='ocrx_word' id='word_1_78' title='bbox 1455 1379 1640 1450; x_wconf 86' lang='lat' dir='ltr'><strong>Neque</strong></span> <span class='ocrx_word' id='word_1_79' title='bbox 1663 1381 1804 1435; x_wconf 91' lang='lat' dir='ltr'><strong>enim</strong></span> <span class='ocrx_word' id='word_1_80' title='bbox 1837 1379 1924 1436; x_wconf 86' lang='lat' dir='ltr'><strong>hic</strong></span> 
     </span>
    </p>
   </div>
   <div class='ocr_carea' id='block_1_12' title="bbox 350 1467 1916 1537">
    <p class='ocr_par' dir='ltr' id='par_1_12' title="bbox 350 1467 1916 1537">
     <span class='ocr_line' id='line_1_12' title="bbox 350 1467 1916 1537; baseline 0.004 -19"><span class='ocrx_word' id='word_1_81' title='bbox 350 1476 549 1522; x_wconf 87' lang='lat' dir='ltr'><strong>temere</strong></span> <span class='ocrx_word' id='word_1_82' title='bbox 577 1468 772 1536; x_wconf 88' lang='lat' dir='ltr'><strong>posuit,</strong></span> <span class='ocrx_word' id='word_1_83' title='bbox 803 1467 951 1530; x_wconf 90' lang='lat' dir='ltr'><strong>illud,</strong></span> <span class='ocrx_word' id='word_1_84' title='bbox 971 1468 1233 1537; x_wconf 80' lang='lat' dir='ltr'><strong>judicare,</strong></span> <span class='ocrx_word' id='word_1_85' title='bbox 1264 1468 1357 1523; x_wconf 87' lang='lat' dir='ltr'><strong>sed</strong></span> <span class='ocrx_word' id='word_1_86' title='bbox 1381 1478 1439 1524; x_wconf 91' lang='lat' dir='ltr'><strong>ut</strong></span> <span class='ocrx_word' id='word_1_87' title='bbox 1464 1470 1768 1525; x_wconf 86' lang='lat' dir='ltr'><strong>ostenderet</strong></span> <span class='ocrx_word' id='word_1_88' title='bbox 1792 1485 1916 1526; x_wconf 91' lang='lat' dir='ltr'><strong>eum</strong></span> 
     </span>
    </p>
   </div>
   <div class='ocr_carea' id='block_1_13' title="bbox 346 1556 1916 1629">
    <p class='ocr_par' dir='ltr' id='par_1_13' title="bbox 346 1556 1916 1629">
     <span class='ocr_line' id='line_1_13' title="bbox 346 1556 1916 1629; baseline 0.003 -20"><span class='ocrx_word' id='word_1_89' title='bbox 346 1558 503 1609; x_wconf 89' lang='lat' dir='ltr'><strong>etiam</strong></span> <span class='ocrx_word' id='word_1_90' title='bbox 533 1571 652 1612; x_wconf 90' lang='lat' dir='ltr'><strong>esse</strong></span> <span class='ocrx_word' id='word_1_91' title='bbox 671 1556 872 1626; x_wconf 90' lang='lat' dir='ltr'><strong>justum</strong></span> <span class='ocrx_word' id='word_1_92' title='bbox 891 1596 907 1623; x_wconf 93' lang='lat'><strong>,</strong></span> <span class='ocrx_word' id='word_1_93' title='bbox 935 1566 990 1612; x_wconf 89' lang='lat' dir='ltr'><strong>et</strong></span> <span class='ocrx_word' id='word_1_94' title='bbox 1014 1558 1132 1612; x_wconf 92' lang='lat' dir='ltr'><strong>aliis</strong></span> <span class='ocrx_word' id='word_1_95' title='bbox 1168 1557 1391 1612; x_wconf 89' lang='lat' dir='ltr'><strong>reddere</strong></span> <span class='ocrx_word' id='word_1_96' title='bbox 1414 1558 1555 1628; x_wconf 91' lang='lat' dir='ltr'><strong>quod</strong></span> <span class='ocrx_word' id='word_1_97' title='bbox 1589 1558 1790 1629; x_wconf 93' lang='lat' dir='ltr'><strong>justum</strong></span> <span class='ocrx_word' id='word_1_98' title='bbox 1814 1568 1916 1614; x_wconf 91' lang='lat' dir='ltr'><strong>est.</strong></span> 
     </span>
    </p>
   </div>
   <div class='ocr_carea' id='block_1_14' title="bbox 347 1646 1916 1718">
    <p class='ocr_par' dir='ltr' id='par_1_14' title="bbox 347 1646 1916 1718">
     <span class='ocr_line' id='line_1_14' title="bbox 347 1646 1916 1718; baseline 0.004 -19"><span class='ocrx_word' id='word_1_99' title='bbox 347 1646 404 1700; x_wconf 91' lang='lat' dir='ltr'><strong>In</strong></span> <span class='ocrx_word' id='word_1_100' title='bbox 433 1647 541 1701; x_wconf 90' lang='lat' dir='ltr'><strong>Deo</strong></span> <span class='ocrx_word' id='word_1_101' title='bbox 571 1647 711 1702; x_wconf 90' lang='lat' dir='ltr'><strong>enim</strong></span> <span class='ocrx_word' id='word_1_102' title='bbox 752 1647 879 1701; x_wconf 88' lang='lat' dir='ltr'><strong>illud</strong></span> <span class='ocrx_word' id='word_1_103' title='bbox 903 1688 919 1712; x_wconf 96' lang='lat'><strong>,</strong></span> <span class='ocrx_word' id='word_1_104' title='bbox 949 1647 1121 1701; x_wconf 78' lang='lat' dir='ltr'><strong>Judex</strong></span> <span class='ocrx_word' id='word_1_105' title='bbox 1143 1688 1157 1712; x_wconf 94' lang='lat'><strong>,</strong></span> <span class='ocrx_word' id='word_1_106' title='bbox 1200 1662 1298 1716; x_wconf 88' lang='lat' dir='ltr'><strong>pro</strong></span> <span class='ocrx_word' id='word_1_107' title='bbox 1337 1647 1481 1717; x_wconf 89' lang='lat' dir='ltr'><strong>justo</strong></span> <span class='ocrx_word' id='word_1_108' title='bbox 1507 1660 1774 1718; x_wconf 91' lang='lat' dir='ltr'><strong>sumptum</strong></span> <span class='ocrx_word' id='word_1_109' title='bbox 1814 1660 1916 1717; x_wconf 90' lang='lat' dir='ltr'><strong>est,</strong></span> 
     </span>
    </p>
   </div>
   <div class='ocr_carea' id='block_1_15' title="bbox 344 1738 1919 1810">
    <p class='ocr_par' dir='ltr' id='par_1_15' title="bbox 344 1738 1919 1810">
     <span class='ocr_line' id='line_1_15' title="bbox 344 1738 1919 1810; baseline 0.003 -18"><span class='ocrx_word' id='word_1_110' title='bbox 344 1738 785 1807; x_wconf 88' lang='lat' dir='ltr'><strong>quemadmodum</strong></span> <span class='ocrx_word' id='word_1_111' title='bbox 808 1739 999 1793; x_wconf 89' lang='lat' dir='ltr'><strong>Paulus</strong></span> <span class='ocrx_word' id='word_1_112' title='bbox 1025 1739 1076 1793; x_wconf 91' lang='lat' dir='ltr'><strong>id</strong></span> <span class='ocrx_word' id='word_1_113' title='bbox 1104 1755 1315 1810; x_wconf 92' lang='lat' dir='ltr'><strong>quoque</strong></span> <span class='ocrx_word' id='word_1_114' title='bbox 1341 1741 1515 1810; x_wconf 86' lang='lat' dir='ltr'><strong>posuit</strong></span> <span class='ocrx_word' id='word_1_115' title='bbox 1535 1743 1719 1797; x_wconf 90' lang='lat' dir='ltr'><strong>dicens</strong></span> <span class='ocrx_word' id='word_1_116' title='bbox 1742 1759 1756 1794; x_wconf 92' lang='lat'><strong>:</strong></span> <span class='ocrx_word' id='word_1_117' title='bbox 1778 1741 1919 1796; x_wconf 87' lang='lat' dir='ltr'><strong>Nam</strong></span> 
     </span>
    </p>
   </div>
   <div class='ocr_carea' id='block_1_16' title="bbox 342 1830 1916 1904">
    <p class='ocr_par' dir='ltr' id='par_1_16' title="bbox 342 1830 1916 1904">
     <span class='ocr_line' id='line_1_16' title="bbox 342 1830 1916 1904; baseline 0.004 -22"><span class='ocrx_word' id='word_1_118' title='bbox 342 1833 590 1898; x_wconf 87' lang='lat' dir='ltr'><strong>quomodo</strong></span> <span class='ocrx_word' id='word_1_119' title='bbox 619 1831 871 1896; x_wconf 83' lang='lat' dir='ltr'><strong>judicabit</strong></span> <span class='ocrx_word' id='word_1_120' title='bbox 909 1830 1046 1885; x_wconf 88' lang='lat' dir='ltr'><strong>Deus</strong></span> <span class='ocrx_word' id='word_1_121' title='bbox 1089 1831 1334 1884; x_wconf 74' lang='lat' dir='ltr'><strong>mundum</strong></span> <span class='ocrx_word' id='word_1_122' title='bbox 1380 1830 1553 1902; x_wconf 85' lang='lat' dir='ltr'><strong>(Rom.</strong></span> <span class='ocrx_word' id='word_1_123' title='bbox 1581 1834 1635 1888; x_wconf 93' lang='lat'><strong>5.</strong></span> <span class='ocrx_word' id='word_1_124' title='bbox 1665 1832 1765 1904; x_wconf 86' lang='lat'><strong>6)?</strong></span> <span class='ocrx_word' id='word_1_125' title='bbox 1806 1834 1916 1888; x_wconf 82' lang='lat' dir='ltr'><strong>Hoc</strong></span> 
     </span>
    </p>
   </div>
   <div class='ocr_carea' id='block_1_17' title="bbox 342 1921 1914 1992">
    <p class='ocr_par' dir='ltr' id='par_1_17' title="bbox 342 1921 1914 1992">
     <span class='ocr_line' id='line_1_17' title="bbox 342 1921 1914 1992; baseline 0.001 -16"><span class='ocrx_word' id='word_1_126' title='bbox 342 1932 426 1976; x_wconf 87' lang='lat' dir='ltr'><strong>est</strong></span> <span class='ocrx_word' id='word_1_127' title='bbox 453 1923 595 1976; x_wconf 89' lang='lat' dir='ltr'><strong>enim</strong></span> <span class='ocrx_word' id='word_1_128' title='bbox 621 1923 849 1976; x_wconf 81' lang='lat' dir='ltr'><strong>maxime</strong></span> <span class='ocrx_word' id='word_1_129' title='bbox 874 1921 1126 1991; x_wconf 86' lang='lat' dir='ltr'><strong>judicium</strong></span> <span class='ocrx_word' id='word_1_130' title='bbox 1147 1962 1163 1987; x_wconf 88' lang='lat'><strong>,</strong></span> <span class='ocrx_word' id='word_1_131' title='bbox 1197 1922 1296 1976; x_wconf 91' lang='lat' dir='ltr'><strong>hoc</strong></span> <span class='ocrx_word' id='word_1_132' title='bbox 1319 1931 1402 1977; x_wconf 90' lang='lat' dir='ltr'><strong>est</strong></span> <span class='ocrx_word' id='word_1_133' title='bbox 1426 1925 1656 1978; x_wconf 80' lang='lat' dir='ltr'><strong>maxime</strong></span> <span class='ocrx_word' id='word_1_134' title='bbox 1684 1939 1802 1979; x_wconf 89' lang='lat' dir='ltr'><strong>esse</strong></span> <span class='ocrx_word' id='word_1_135' title='bbox 1822 1926 1914 1992; x_wconf 90' lang='lat' dir='ltr'><strong>ju-</strong></span> 
     </span>
    </p>
   </div>
   <div class='ocr_carea' id='block_1_18' title="bbox 343 2012 1916 2084">
    <p class='ocr_par' dir='ltr' id='par_1_18' title="bbox 343 2012 1916 2084">
     <span class='ocr_line' id='line_1_18' title="bbox 343 2012 1916 2084; baseline 0.003 -18"><span class='ocrx_word' id='word_1_136' title='bbox 343 2013 512 2067; x_wconf 89' lang='lat' dir='ltr'><strong>dicem</strong></span> <span class='ocrx_word' id='word_1_137' title='bbox 537 2055 553 2078; x_wconf 94' lang='lat'><strong>,</strong></span> <span class='ocrx_word' id='word_1_138' title='bbox 597 2028 702 2067; x_wconf 91' lang='lat' dir='ltr'><strong>non</strong></span> <span class='ocrx_word' id='word_1_139' title='bbox 745 2013 916 2067; x_wconf 91' lang='lat' dir='ltr'><strong>solum</strong></span> <span class='ocrx_word' id='word_1_140' title='bbox 946 2012 1088 2068; x_wconf 89' lang='lat' dir='ltr'><strong>ferre</strong></span> <span class='ocrx_word' id='word_1_141' title='bbox 1114 2015 1428 2068; x_wconf 89' lang='lat' dir='ltr'><strong>sententiam</strong></span> <span class='ocrx_word' id='word_1_142' title='bbox 1455 2055 1470 2082; x_wconf 91' lang='lat'><strong>,</strong></span> <span class='ocrx_word' id='word_1_143' title='bbox 1515 2014 1607 2070; x_wconf 91' lang='lat' dir='ltr'><strong>sed</strong></span> <span class='ocrx_word' id='word_1_144' title='bbox 1635 2030 1749 2070; x_wconf 85' lang='lat' dir='ltr'><strong>eam</strong></span> <span class='ocrx_word' id='word_1_145' title='bbox 1775 2015 1916 2084; x_wconf 87' lang='lat' dir='ltr'><strong>juste</strong></span> 
     </span>
    </p>
   </div>
   <div class='ocr_carea' id='block_1_19' title="bbox 340 2103 1910 2176">
    <p class='ocr_par' dir='ltr' id='par_1_19' title="bbox 340 2103 1910 2176">
     <span class='ocr_line' id='line_1_19' title="bbox 340 2103 1910 2176; baseline 0.001 -17"><span class='ocrx_word' id='word_1_146' title='bbox 340 2104 500 2159; x_wconf 87' lang='lat' dir='ltr'><strong>ferre.</strong></span> <span class='ocrx_word' id='word_1_147' title='bbox 551 2105 931 2160; x_wconf 84' lang='lat' dir='ltr'><strong>Judicabuntur</strong></span> <span class='ocrx_word' id='word_1_148' title='bbox 956 2115 1128 2159; x_wconf 90' lang='lat' dir='ltr'><strong>autem</strong></span> <span class='ocrx_word' id='word_1_149' title='bbox 1155 2103 1324 2160; x_wconf 78' lang='lat' dir='ltr'><strong>Judzci</strong></span> <span class='ocrx_word' id='word_1_150' title='bbox 1348 2145 1364 2172; x_wconf 93' lang='lat'><strong>,</strong></span> <span class='ocrx_word' id='word_1_151' title='bbox 1392 2115 1443 2159; x_wconf 91' lang='lat' dir='ltr'><strong>et</strong></span> <span class='ocrx_word' id='word_1_152' title='bbox 1469 2107 1557 2176; x_wconf 92' lang='lat' dir='ltr'><strong>qui</strong></span> <span class='ocrx_word' id='word_1_153' title='bbox 1587 2117 1711 2161; x_wconf 90' lang='lat' dir='ltr'><strong>tunc</strong></span> <span class='ocrx_word' id='word_1_154' title='bbox 1739 2118 1910 2174; x_wconf 89' lang='lat' dir='ltr'><strong>erant,</strong></span> 
     </span>
    </p>
   </div>
   <div class='ocr_carea' id='block_1_20' title="bbox 338 2195 1913 2267">
    <p class='ocr_par' dir='ltr' id='par_1_20' title="bbox 338 2195 1913 2267">
     <span class='ocr_line' id='line_1_20' title="bbox 338 2195 1913 2267; baseline 0 -15"><span class='ocrx_word' id='word_1_155' title='bbox 338 2209 390 2252; x_wconf 90' lang='lat' dir='ltr'><strong>et</strong></span> <span class='ocrx_word' id='word_1_156' title='bbox 415 2196 502 2266; x_wconf 86' lang='lat' dir='ltr'><strong>qui</strong></span> <span class='ocrx_word' id='word_1_157' title='bbox 539 2205 719 2266; x_wconf 88' lang='lat' dir='ltr'><strong>postea</strong></span> <span class='ocrx_word' id='word_1_158' title='bbox 759 2196 812 2249; x_wconf 89' lang='lat' dir='ltr'><strong>in</strong></span> <span class='ocrx_word' id='word_1_159' title='bbox 841 2195 988 2250; x_wconf 87' lang='lat' dir='ltr'><strong>Novo</strong></span> <span class='ocrx_word' id='word_1_160' title='bbox 1013 2195 1358 2251; x_wconf 87' lang='lat' dir='ltr'><strong>Testamento</strong></span> <span class='ocrx_word' id='word_1_161' title='bbox 1385 2197 1402 2226; x_wconf 82' lang='grc'>¹</span> <span class='ocrx_word' id='word_1_162' title='bbox 1433 2210 1493 2251; x_wconf 89' lang='lat' dir='ltr'><strong>se</strong></span> <span class='ocrx_word' id='word_1_163' title='bbox 1531 2197 1710 2266; x_wconf 89' lang='lat' dir='ltr'><strong>inique</strong></span> <span class='ocrx_word' id='word_1_164' title='bbox 1733 2212 1913 2267; x_wconf 86' lang='lat' dir='ltr'><strong>gesse-</strong></span> 
     </span>
    </p>
   </div>
   <div class='ocr_carea' id='block_1_21' title="bbox 338 2287 1911 2357">
    <p class='ocr_par' dir='ltr' id='par_1_21' title="bbox 338 2287 1911 2357">
     <span class='ocr_line' id='line_1_21' title="bbox 338 2287 1911 2357; baseline 0.001 -15"><span class='ocrx_word' id='word_1_165' title='bbox 338 2299 462 2343; x_wconf 91' lang='lat' dir='ltr'><strong>runt</strong></span> <span class='ocrx_word' id='word_1_166' title='bbox 493 2307 507 2342; x_wconf 91' lang='lat'>:</span> <span class='ocrx_word' id='word_1_167' title='bbox 552 2289 626 2343; x_wconf 87' lang='lat' dir='ltr'><strong>illi</strong></span> <span class='ocrx_word' id='word_1_168' title='bbox 670 2298 724 2343; x_wconf 90' lang='lat' dir='ltr'><strong>et</strong></span> <span class='ocrx_word' id='word_1_169' title='bbox 765 2299 1005 2342; x_wconf 81' lang='lat' dir='ltr'><strong>natumut</strong></span> <span class='ocrx_word' id='word_1_170' title='bbox 1042 2296 1096 2342; x_wconf 92' lang='lat' dir='ltr'><strong>et</strong></span> <span class='ocrx_word' id='word_1_171' title='bbox 1125 2287 1294 2357; x_wconf 82' lang='lat' dir='ltr'><strong>legem</strong></span> <span class='ocrx_word' id='word_1_172' title='bbox 1326 2287 1580 2342; x_wconf 89' lang='lat' dir='ltr'><strong>habentes</strong></span> <span class='ocrx_word' id='word_1_173' title='bbox 1621 2289 1911 2343; x_wconf 89' lang='lat' dir='ltr'><strong>accusatri-</strong></span> 
     </span>
    </p>
   </div>
   <div class='ocr_carea' id='block_1_22' title="bbox 337 2379 1909 2450">
    <p class='ocr_par' dir='ltr' id='par_1_22' title="bbox 337 2379 1909 2450">
     <span class='ocr_line' id='line_1_22' title="bbox 337 2379 1909 2450; baseline -0.001 -15"><span class='ocrx_word' id='word_1_174' title='bbox 337 2398 488 2447; x_wconf 89' lang='lat' dir='ltr'><strong>cem;</strong></span> <span class='ocrx_word' id='word_1_175' title='bbox 543 2381 596 2434; x_wconf 92' lang='lat' dir='ltr'><strong>hi</strong></span> <span class='ocrx_word' id='word_1_176' title='bbox 642 2392 820 2435; x_wconf 91' lang='lat' dir='ltr'><strong>autem</strong></span> <span class='ocrx_word' id='word_1_177' title='bbox 860 2389 1053 2450; x_wconf 69' lang='lat' dir='ltr'><strong>prazter</strong></span> <span class='ocrx_word' id='word_1_178' title='bbox 1101 2379 1230 2446; x_wconf 90' lang='lat' dir='ltr'><strong>illa,</strong></span> <span class='ocrx_word' id='word_1_179' title='bbox 1275 2380 1433 2433; x_wconf 89' lang='lat' dir='ltr'><strong>etiam</strong></span> <span class='ocrx_word' id='word_1_180' title='bbox 1463 2394 1526 2434; x_wconf 90' lang='lat' dir='ltr'><strong>ea</strong></span> <span class='ocrx_word' id='word_1_181' title='bbox 1555 2395 1673 2449; x_wconf 69' lang='lat' dir='ltr'><strong>qua:</strong></span> <span class='ocrx_word' id='word_1_182' title='bbox 1699 2379 1909 2434; x_wconf 90' lang='lat' dir='ltr'><strong>illorum</strong></span> 
     </span>
    </p>
   </div>
   <div class='ocr_carea' id='block_1_23' title="bbox 336 2470 1910 2543">
    <p class='ocr_par' dir='ltr' id='par_1_23' title="bbox 336 2470 1910 2543">
     <span class='ocr_line' id='line_1_23' title="bbox 336 2470 1910 2543; baseline -0.001 -16"><span class='ocrx_word' id='word_1_183' title='bbox 336 2476 502 2543; x_wconf 75' lang='lat' dir='ltr'><strong>gratia</strong></span> <span class='ocrx_word' id='word_1_184' title='bbox 541 2473 783 2528; x_wconf 82' lang='lat' dir='ltr'><strong>Christus</strong></span> <span class='ocrx_word' id='word_1_185' title='bbox 819 2473 958 2527; x_wconf 91' lang='lat' dir='ltr'><strong>fecit.</strong></span> <span class='ocrx_word' id='word_1_186' title='bbox 1000 2470 1135 2538; x_wconf 84' lang='lat' dir='ltr'><strong>Quid</strong></span> <span class='ocrx_word' id='word_1_187' title='bbox 1159 2471 1302 2526; x_wconf 89' lang='lat' dir='ltr'><strong>enim</strong></span> <span class='ocrx_word' id='word_1_188' title='bbox 1331 2481 1576 2541; x_wconf 90' lang='lat' dir='ltr'><strong>poterunt</strong></span> <span class='ocrx_word' id='word_1_189' title='bbox 1599 2471 1796 2536; x_wconf 84' lang='lat' dir='ltr'><strong>dicere,</strong></span> <span class='ocrx_word' id='word_1_190' title='bbox 1824 2472 1910 2527; x_wconf 85' lang='lat' dir='ltr'><strong>vel</strong></span> 
     </span>
    </p>
   </div>
   <div class='ocr_carea' id='block_1_24' title="bbox 335 2562 1906 2635">
    <p class='ocr_par' dir='ltr' id='par_1_24' title="bbox 335 2562 1906 2635">
     <span class='ocr_line' id='line_1_24' title="bbox 335 2562 1906 2635; baseline 0.001 -20"><span class='ocrx_word' id='word_1_191' title='bbox 335 2583 490 2635; x_wconf 87' lang='lat' dir='ltr'><strong>quam</strong></span> <span class='ocrx_word' id='word_1_192' title='bbox 521 2581 732 2620; x_wconf 81' lang='lat' dir='ltr'><strong>causam</strong></span> <span class='ocrx_word' id='word_1_193' title='bbox 759 2564 968 2628; x_wconf 76' lang='lat' dir='ltr'><strong>afferre,</strong></span> <span class='ocrx_word' id='word_1_194' title='bbox 992 2578 1154 2634; x_wconf 83' lang='lat' dir='ltr'><strong>quare</strong></span> <span class='ocrx_word' id='word_1_195' title='bbox 1181 2578 1284 2617; x_wconf 91' lang='lat' dir='ltr'><strong>non</strong></span> <span class='ocrx_word' id='word_1_196' title='bbox 1309 2562 1667 2617; x_wconf 84' lang='lat' dir='ltr'><strong>crediderint?</strong></span> <span class='ocrx_word' id='word_1_197' title='bbox 1695 2563 1798 2618; x_wconf 87' lang='lat' dir='ltr'><strong>Sed</strong></span> <span class='ocrx_word' id='word_1_198' title='bbox 1822 2577 1906 2628; x_wconf 90' lang='lat' dir='ltr'><strong>ea,</strong></span> 
     </span>
    </p>
   </div>
   <div class='ocr_carea' id='block_1_25' title="bbox 333 2657 1906 2729">
    <p class='ocr_par' dir='ltr' id='par_1_25' title="bbox 333 2657 1906 2729">
     <span class='ocr_line' id='line_1_25' title="bbox 333 2657 1906 2729; baseline -0.002 -16"><span class='ocrx_word' id='word_1_199' title='bbox 333 2676 533 2728; x_wconf 71' lang='lat' dir='ltr'><strong>quaeso,</strong></span> <span class='ocrx_word' id='word_1_200' title='bbox 565 2675 683 2729; x_wconf 74' lang='lat' dir='ltr'><strong>qua:</strong></span> <span class='ocrx_word' id='word_1_201' title='bbox 710 2659 955 2714; x_wconf 91' lang='lat' dir='ltr'><strong>dicuntur</strong></span> <span class='ocrx_word' id='word_1_202' title='bbox 974 2657 1229 2712; x_wconf 89' lang='lat' dir='ltr'><strong>attendite</strong></span> <span class='ocrx_word' id='word_1_203' title='bbox 1249 2698 1264 2722; x_wconf 96' lang='lat'><strong>,</strong></span> <span class='ocrx_word' id='word_1_204' title='bbox 1293 2665 1350 2710; x_wconf 93' lang='lat' dir='ltr'><strong>ut</strong></span> <span class='ocrx_word' id='word_1_205' title='bbox 1379 2657 1590 2726; x_wconf 89' lang='lat' dir='ltr'><strong>possitis</strong></span> <span class='ocrx_word' id='word_1_206' title='bbox 1610 2672 1704 2711; x_wconf 90' lang='lat' dir='ltr'><strong>ora</strong></span> <span class='ocrx_word' id='word_1_207' title='bbox 1723 2673 1906 2712; x_wconf 90' lang='lat' dir='ltr'><strong>eorum</strong></span> 
     </span>
    </p>
   </div>
   <div class='ocr_carea' id='block_1_26' title="bbox 333 2747 1909 2820">
    <p class='ocr_par' dir='ltr' id='par_1_26' title="bbox 333 2747 1909 2820">
     <span class='ocr_line' id='line_1_26' title="bbox 333 2747 1909 2820; baseline -0.001 -17"><span class='ocrx_word' id='word_1_208' title='bbox 333 2751 420 2820; x_wconf 91' lang='lat' dir='ltr'><strong>qui</strong></span> <span class='ocrx_word' id='word_1_209' title='bbox 443 2750 812 2804; x_wconf 83' lang='lat' dir='ltr'><strong>contradicunt</strong></span> <span class='ocrx_word' id='word_1_210' title='bbox 837 2749 1133 2804; x_wconf 89' lang='lat' dir='ltr'><strong>obstruere.</strong></span> <span class='ocrx_word' id='word_1_211' title='bbox 1160 2747 1335 2803; x_wconf 91' lang='lat' dir='ltr'><strong>Satius</strong></span> <span class='ocrx_word' id='word_1_212' title='bbox 1359 2757 1440 2802; x_wconf 90' lang='lat' dir='ltr'><strong>est</strong></span> <span class='ocrx_word' id='word_1_213' title='bbox 1465 2747 1606 2801; x_wconf 90' lang='lat' dir='ltr'><strong>enim</strong></span> <span class='ocrx_word' id='word_1_214' title='bbox 1637 2761 1730 2801; x_wconf 89' lang='lat' dir='ltr'><strong>eos</strong></span> <span class='ocrx_word' id='word_1_215' title='bbox 1753 2762 1783 2800; x_wconf 93' lang='lat' dir='ltr'><strong>a</strong></span> <span class='ocrx_word' id='word_1_216' title='bbox 1811 2762 1909 2802; x_wconf 91' lang='lat' dir='ltr'><strong>no-</strong></span> 
     </span>
    </p>
   </div>
   <div class='ocr_carea' id='block_1_27' title="bbox 333 2837 1908 2910">
    <p class='ocr_par' dir='ltr' id='par_1_27' title="bbox 333 2837 1908 2910">
     <span class='ocr_line' id='line_1_27' title="bbox 333 2837 1908 2910; baseline -0.006 -12"><span class='ocrx_word' id='word_1_217' title='bbox 333 2843 414 2898; x_wconf 86' lang='lat' dir='ltr'><strong>bis</strong></span> <span class='ocrx_word' id='word_1_218' title='bbox 443 2845 609 2897; x_wconf 87' lang='lat' dir='ltr'><strong>victos</strong></span> <span class='ocrx_word' id='word_1_219' title='bbox 639 2856 780 2896; x_wconf 90' lang='lat' dir='ltr'><strong>nunc</strong></span> <span class='ocrx_word' id='word_1_220' title='bbox 822 2841 1052 2909; x_wconf 76' lang='lat' dir='ltr'><strong>corrigi,</strong></span> <span class='ocrx_word' id='word_1_221' title='bbox 1101 2854 1259 2910; x_wconf 91' lang='lat' dir='ltr'><strong>quam</strong></span> <span class='ocrx_word' id='word_1_222' title='bbox 1305 2853 1364 2892; x_wconf 90' lang='lat' dir='ltr'><strong>se</strong></span> <span class='ocrx_word' id='word_1_223' title='bbox 1406 2837 1618 2892; x_wconf 87' lang='lat' dir='ltr'><strong>vincere</strong></span> <span class='ocrx_word' id='word_1_224' title='bbox 1665 2846 1908 2906; x_wconf 85' lang='lat' dir='ltr'><strong>putantes</strong></span> 
     </span>
    </p>
   </div>
   <div class='ocr_carea' id='block_1_28' title="bbox 333 2925 1907 2989">
    <p class='ocr_par' dir='ltr' id='par_1_28' title="bbox 333 2925 1907 2989">
     <span class='ocr_line' id='line_1_28' title="bbox 333 2925 1907 2989; baseline -0.005 -1"><span class='ocrx_word' id='word_1_225' title='bbox 333 2935 460 2989; x_wconf 93' lang='lat' dir='ltr'><strong>illuc</strong></span> <span class='ocrx_word' id='word_1_226' title='bbox 509 2933 654 2988; x_wconf 89' lang='lat' dir='ltr'><strong>abire</strong></span> <span class='ocrx_word' id='word_1_227' title='bbox 695 2943 750 2987; x_wconf 90' lang='lat' dir='ltr'><strong>et</strong></span> <span class='ocrx_word' id='word_1_228' title='bbox 787 2931 1129 2986; x_wconf 90' lang='lat' dir='ltr'><strong>condemnari</strong></span> <span class='ocrx_word' id='word_1_229' title='bbox 1159 2945 1188 2983; x_wconf 89' lang='lat' dir='ltr'><strong>a</strong></span> <span class='ocrx_word' id='word_1_230' title='bbox 1225 2927 1493 2983; x_wconf 89' lang='lat' dir='ltr'><strong>communi</strong></span> <span class='ocrx_word' id='word_1_231' title='bbox 1535 2925 1719 2982; x_wconf 84' lang='lat' dir='ltr'><strong>Judice</strong></span> <span class='ocrx_word' id='word_1_232' title='bbox 1761 2925 1907 2982; x_wconf 71' lang='lat' dir='ltr'><strong>orbis</strong></span> 
     </span>
    </p>
   </div>
   <div class='ocr_carea' id='block_1_29' title="bbox 331 3017 1906 3093">
    <p class='ocr_par' dir='ltr' id='par_1_29' title="bbox 331 3017 1906 3093">
     <span class='ocr_line' id='line_1_29' title="bbox 331 3017 1906 3093; baseline -0.004 -14"><span class='ocrx_word' id='word_1_233' title='bbox 331 3036 509 3079; x_wconf 74' lang='lat' dir='ltr'><strong>terrm.</strong></span> <span class='ocrx_word' id='word_1_234' title='bbox 541 3023 674 3091; x_wconf 88' lang='lat' dir='ltr'><strong>Quid</strong></span> <span class='ocrx_word' id='word_1_235' title='bbox 699 3037 828 3093; x_wconf 87' lang='lat' dir='ltr'><strong>ergo</strong></span> <span class='ocrx_word' id='word_1_236' title='bbox 869 3031 1114 3092; x_wconf 92' lang='lat' dir='ltr'><strong>poterunt</strong></span> <span class='ocrx_word' id='word_1_237' title='bbox 1140 3020 1318 3076; x_wconf 85' lang='lat' dir='ltr'><strong>dicere</strong></span> <span class='ocrx_word' id='word_1_238' title='bbox 1342 3017 1530 3083; x_wconf 65' lang='lat' dir='ltr'><strong>Judaei,</strong></span> <span class='ocrx_word' id='word_1_239' title='bbox 1561 3018 1906 3088; x_wconf 88' lang='lat' dir='ltr'><strong>quamobrem</strong></span> 
     </span>
    </p>
   </div>
   <div class='ocr_carea' id='block_1_30' title="bbox 331 3110 1903 3181">
    <p class='ocr_par' dir='ltr' id='par_1_30' title="bbox 331 3110 1903 3181">
     <span class='ocr_line' id='line_1_30' title="bbox 331 3110 1903 3181; baseline -0.006 -9"><span class='ocrx_word' id='word_1_240' title='bbox 331 3118 600 3172; x_wconf 82' lang='lat' dir='ltr'><strong>Christum</strong></span> <span class='ocrx_word' id='word_1_241' title='bbox 651 3113 1052 3170; x_wconf 78' lang='lat' dir='ltr'><strong>interfecerint?</strong></span> <span class='ocrx_word' id='word_1_242' title='bbox 1098 3113 1363 3181; x_wconf 87' lang='lat' dir='ltr'><strong>quodnam</strong></span> <span class='ocrx_word' id='word_1_243' title='bbox 1410 3126 1628 3180; x_wconf 91' lang='lat' dir='ltr'><strong>parvum</strong></span> <span class='ocrx_word' id='word_1_244' title='bbox 1670 3110 1754 3164; x_wconf 87' lang='lat' dir='ltr'><strong>vel</strong></span> <span class='ocrx_word' id='word_1_245' title='bbox 1784 3124 1903 3163; x_wconf 83' lang='lat' dir='ltr'><strong>ma-</strong></span> 
     </span>
    </p>
   </div>
   <div class='ocr_carea' id='block_1_31' title="bbox 330 3198 1903 3277">
    <p class='ocr_par' dir='ltr' id='par_1_31' title="bbox 330 3198 1903 3277">
     <span class='ocr_line' id='line_1_31' title="bbox 330 3198 1903 3277; baseline -0.008 -14"><span class='ocrx_word' id='word_1_246' title='bbox 330 3225 490 3277; x_wconf 88' lang='lat' dir='ltr'><strong>gmnn</strong></span> <span class='ocrx_word' id='word_1_247' title='bbox 538 3209 740 3261; x_wconf 88' lang='lat' dir='ltr'><strong>crimen</strong></span> <span class='ocrx_word' id='word_1_248' title='bbox 769 3207 816 3262; x_wconf 88' lang='lat' dir='ltr'><strong>ei</strong></span> <span class='ocrx_word' id='word_1_249' title='bbox 864 3213 1085 3274; x_wconf 89' lang='lat' dir='ltr'><strong>possunt</strong></span> <span class='ocrx_word' id='word_1_250' title='bbox 1124 3202 1394 3273; x_wconf 74' lang='lat' dir='ltr'><strong>obiicere?</strong></span> <span class='ocrx_word' id='word_1_251' title='bbox 1445 3198 1593 3270; x_wconf 84' lang='lat' dir='ltr'><strong>Quod</strong></span> <span class='ocrx_word' id='word_1_252' title='bbox 1637 3215 1695 3255; x_wconf 91' lang='lat' dir='ltr'><strong>se</strong></span> <span class='ocrx_word' id='word_1_253' title='bbox 1739 3201 1903 3254; x_wconf 87' lang='lat' dir='ltr'><strong>Deum</strong></span> 
     </span>
    </p>
   </div>
   <div class='ocr_carea' id='block_1_32' title="bbox 331 3289 1906 3368">
    <p class='ocr_par' dir='ltr' id='par_1_32' title="bbox 331 3289 1906 3368">
     <span class='ocr_line' id='line_1_32' title="bbox 331 3289 1906 3368; baseline -0.006 -14"><span class='ocrx_word' id='word_1_254' title='bbox 331 3300 556 3356; x_wconf 78' lang='lat' dir='ltr'><strong>faciebat</strong></span> <span class='ocrx_word' id='word_1_255' title='bbox 589 3297 763 3368; x_wconf 80' lang='lat' dir='ltr'><strong>(Joan.</strong></span> <span class='ocrx_word' id='word_1_256' title='bbox 792 3296 876 3351; x_wconf 88' lang='grc'><strong>10.</strong></span> <span class='ocrx_word' id='word_1_257' title='bbox 907 3296 1033 3366; x_wconf 84' lang='lat'><strong>55),</strong></span> <span class='ocrx_word' id='word_1_258' title='bbox 1065 3295 1250 3364; x_wconf 85' lang='lat' dir='ltr'><strong>inquit.</strong></span> <span class='ocrx_word' id='word_1_259' title='bbox 1282 3292 1441 3363; x_wconf 86' lang='lat' dir='ltr'><strong>Atqui</strong></span> <span class='ocrx_word' id='word_1_260' title='bbox 1475 3306 1577 3345; x_wconf 91' lang='lat' dir='ltr'><strong>non</strong></span> <span class='ocrx_word' id='word_1_261' title='bbox 1612 3299 1763 3345; x_wconf 87' lang='lat' dir='ltr'><strong>erant</strong></span> <span class='ocrx_word' id='word_1_262' title='bbox 1791 3289 1906 3344; x_wconf 69' lang='lat' dir='ltr'><strong>hinc</strong></span> 
     </span>
    </p>
   </div>
   <div class='ocr_carea' id='block_1_33' title="bbox 331 3381 1898 3460">
    <p class='ocr_par' dir='ltr' id='par_1_33' title="bbox 331 3381 1898 3460">
     <span class='ocr_line' id='line_1_33' title="bbox 331 3381 1898 3460; baseline -0.007 -16"><span class='ocrx_word' id='word_1_263' title='bbox 331 3393 488 3446; x_wconf 85' lang='lat' dir='ltr'><strong>verba</strong></span> <span class='ocrx_word' id='word_1_264' title='bbox 519 3407 623 3460; x_wconf 89' lang='lat' dir='ltr'><strong>quo</strong></span> <span class='ocrx_word' id='word_1_265' title='bbox 651 3402 889 3458; x_wconf 89' lang='lat' dir='ltr'><strong>tempore</strong></span> <span class='ocrx_word' id='word_1_266' title='bbox 916 3387 1201 3442; x_wconf 82' lang='lat' dir='ltr'><strong>cruciﬁxus</strong></span> <span class='ocrx_word' id='word_1_267' title='bbox 1238 3394 1352 3449; x_wconf 90' lang='lat' dir='ltr'><strong>est,</strong></span> <span class='ocrx_word' id='word_1_268' title='bbox 1385 3382 1477 3439; x_wconf 90' lang='lat' dir='ltr'><strong>sed</strong></span> <span class='ocrx_word' id='word_1_269' title='bbox 1504 3382 1744 3452; x_wconf 62' lang='lat' dir='ltr'><strong>quaedam</strong></span> <span class='ocrx_word' id='word_1_270' title='bbox 1773 3381 1898 3434; x_wconf 92' lang='lat' dir='ltr'><strong>alia.</strong></span> 
     </span>
    </p>
   </div>
   <div class='ocr_carea' id='block_1_34' title="bbox 329 3473 1901 3550">
    <p class='ocr_par' dir='ltr' id='par_1_34' title="bbox 329 3473 1901 3550">
     <span class='ocr_line' id='line_1_34' title="bbox 329 3473 1901 3550; baseline -0.01 -8"><span class='ocrx_word' id='word_1_271' title='bbox 329 3488 443 3542; x_wconf 76' lang='lat' dir='ltr'><strong>Non</strong></span> <span class='ocrx_word' id='word_1_272' title='bbox 469 3488 610 3540; x_wconf 91' lang='lat' dir='ltr'><strong>enim</strong></span> <span class='ocrx_word' id='word_1_273' title='bbox 636 3484 884 3539; x_wconf 87' lang='lat' dir='ltr'><strong>dicebant</strong></span> <span class='ocrx_word' id='word_1_274' title='bbox 917 3501 927 3534; x_wconf 93' lang='lat'>:</span> <span class='ocrx_word' id='word_1_275' title='bbox 957 3481 1057 3550; x_wconf 88' lang='lat' dir='ltr'><strong>Qui</strong></span> <span class='ocrx_word' id='word_1_276' title='bbox 1099 3480 1221 3534; x_wconf 80' lang='lat' dir='ltr'><strong>facit</strong></span> <span class='ocrx_word' id='word_1_277' title='bbox 1260 3479 1493 3547; x_wconf 88' lang='lat' dir='ltr'><strong>seipsum</strong></span> <span class='ocrx_word' id='word_1_278' title='bbox 1539 3476 1742 3540; x_wconf 88' lang='lat' dir='ltr'><strong>Deum,</strong></span> <span class='ocrx_word' id='word_1_279' title='bbox 1787 3473 1901 3540; x_wconf 89' lang='lat' dir='ltr'><strong>sed,</strong></span> 
     </span>
    </p>
   </div>
   <div class='ocr_carea' id='block_1_35' title="bbox 332 3560 1901 3649">
    <p class='ocr_par' dir='ltr' id='par_1_35' title="bbox 332 3560 1901 3649">
     <span class='ocr_line' id='line_1_35' title="bbox 332 3560 1901 3649; baseline -0.01 -18"><span class='ocrx_word' id='word_1_280' title='bbox 332 3579 430 3642; x_wconf 83' lang='lat' dir='ltr'><strong>Qui</strong></span> <span class='ocrx_word' id='word_1_281' title='bbox 459 3577 579 3649; x_wconf 77' lang='lat' dir='ltr'><strong>facit</strong></span> <span class='ocrx_word' id='word_1_282' title='bbox 599 3576 814 3643; x_wconf 86' lang='lat' dir='ltr'><strong>seipsum</strong></span> <span class='ocrx_word' id='word_1_283' title='bbox 840 3589 1023 3644; x_wconf 84' lang='lat' dir='ltr'><strong>regem,</strong></span> <span class='ocrx_word' id='word_1_284' title='bbox 1051 3587 1151 3624; x_wconf 85' lang='lat' dir='ltr'><strong>non</strong></span> <span class='ocrx_word' id='word_1_285' title='bbox 1196 3579 1268 3623; x_wconf 87' lang='lat' dir='ltr'><strong>est</strong></span> <span class='ocrx_word' id='word_1_286' title='bbox 1314 3569 1503 3620; x_wconf 83' lang='lat' dir='ltr'><strong>amicus</strong></span> <span class='ocrx_word' id='word_1_287' title='bbox 1529 3565 1743 3620; x_wconf 70' lang='lat' dir='ltr'><strong>Cazsaris</strong></span> <span class='ocrx_word' id='word_1_288' title='bbox 1792 3560 1901 3634; x_wconf 97' lang='lat' dir='ltr'><strong>(Id.</strong></span> 
     </span>
    </p>
   </div>
   <div class='ocr_carea' id='block_1_36' title="bbox 335 3655 1900 3738">
    <p class='ocr_par' dir='ltr' id='par_1_36' title="bbox 335 3655 1900 3738">
     <span class='ocr_line' id='line_1_36' title="bbox 335 3655 1900 3738; baseline -0.009 -16"><span class='ocrx_word' id='word_1_289' title='bbox 335 3669 417 3724; x_wconf 84' lang='grc'><strong>19.</strong></span> <span class='ocrx_word' id='word_1_290' title='bbox 451 3667 563 3738; x_wconf 75' lang='grc' dir='ltr'><strong>1Ξ).</strong></span> <span class='ocrx_word' id='word_1_291' title='bbox 611 3665 768 3736; x_wconf 84' lang='lat' dir='ltr'><strong>Atqui</strong></span> <span class='ocrx_word' id='word_1_292' title='bbox 796 3665 1072 3718; x_wconf 89' lang='lat' dir='ltr'><strong>voluerant</strong></span> <span class='ocrx_word' id='word_1_293' title='bbox 1112 3675 1232 3716; x_wconf 90' lang='lat' dir='ltr'><strong>eum</strong></span> <span class='ocrx_word' id='word_1_294' title='bbox 1271 3673 1414 3728; x_wconf 69' lang='lat' dir='ltr'><strong>Saepe</strong></span> <span class='ocrx_word' id='word_1_295' title='bbox 1460 3671 1641 3727; x_wconf 80' lang='lat' dir='ltr'><strong>regem</strong></span> <span class='ocrx_word' id='word_1_296' title='bbox 1683 3655 1900 3724; x_wconf 81' lang='lat' dir='ltr'><strong>eligere,</strong></span> 
     </span>
    </p>
   </div>
   <div class='ocr_carea' id='block_1_37' title="bbox 327 3746 1903 3827">
    <p class='ocr_par' dir='ltr' id='par_1_37' title="bbox 327 3746 1903 3827">
     <span class='ocr_line' id='line_1_37' title="bbox 327 3746 1903 3827; baseline -0.01 -11"><span class='ocrx_word' id='word_1_297' title='bbox 327 3772 383 3816; x_wconf 89' lang='lat' dir='ltr'><strong>et</strong></span> <span class='ocrx_word' id='word_1_298' title='bbox 409 3759 626 3827; x_wconf 80' lang='lat' dir='ltr'><strong>aufugit.</strong></span> <span class='ocrx_word' id='word_1_299' title='bbox 659 3757 764 3812; x_wconf 90' lang='lat' dir='ltr'><strong>Sed</strong></span> <span class='ocrx_word' id='word_1_300' title='bbox 791 3765 944 3810; x_wconf 88' lang='lat' dir='ltr'><strong>antea</strong></span> <span class='ocrx_word' id='word_1_301' title='bbox 969 3796 985 3820; x_wconf 91' lang='lat'><strong>,</strong></span> <span class='ocrx_word' id='word_1_302' title='bbox 1017 3753 1205 3822; x_wconf 86' lang='lat' dir='ltr'><strong>inquit,</strong></span> <span class='ocrx_word' id='word_1_303' title='bbox 1237 3751 1284 3805; x_wconf 91' lang='lat' dir='ltr'><strong>ei</strong></span> <span class='ocrx_word' id='word_1_304' title='bbox 1311 3749 1518 3804; x_wconf 88' lang='lat' dir='ltr'><strong>crimini</strong></span> <span class='ocrx_word' id='word_1_305' title='bbox 1546 3747 1742 3802; x_wconf 88' lang='lat' dir='ltr'><strong>dabant</strong></span> <span class='ocrx_word' id='word_1_306' title='bbox 1763 3746 1903 3816; x_wconf 90' lang='lat' dir='ltr'><strong>quod</strong></span> 
     </span>
    </p>
   </div>
   <div class='ocr_carea' id='block_1_38' title="bbox 325 3836 1904 3911">
    <p class='ocr_par' dir='ltr' id='par_1_38' title="bbox 325 3836 1904 3911">
     <span class='ocr_line' id='line_1_38' title="bbox 325 3836 1904 3911; baseline -0.009 -6"><span class='ocrx_word' id='word_1_307' title='bbox 325 3869 384 3906; x_wconf 87' lang='lat' dir='ltr'><strong>se</strong></span> <span class='ocrx_word' id='word_1_308' title='bbox 418 3851 581 3905; x_wconf 88' lang='lat' dir='ltr'><strong>Deum</strong></span> <span class='ocrx_word' id='word_1_309' title='bbox 612 3849 841 3904; x_wconf 87' lang='lat' dir='ltr'><strong>fecisset.</strong></span> <span class='ocrx_word' id='word_1_310' title='bbox 886 3845 1021 3911; x_wconf 83' lang='lat' dir='ltr'><strong>Quid</strong></span> <span class='ocrx_word' id='word_1_311' title='bbox 1055 3843 1155 3898; x_wconf 91' lang='lat' dir='ltr'><strong>hoc</strong></span> <span class='ocrx_word' id='word_1_312' title='bbox 1178 3841 1240 3896; x_wconf 91' lang='lat' dir='ltr'><strong>ad</strong></span> <span class='ocrx_word' id='word_1_313' title='bbox 1273 3839 1427 3896; x_wconf 86' lang='lat' dir='ltr'><strong>rem?</strong></span> <span class='ocrx_word' id='word_1_314' title='bbox 1450 3839 1503 3894; x_wconf 91' lang='lat' dir='ltr'><strong>Si</strong></span> <span class='ocrx_word' id='word_1_315' title='bbox 1530 3836 1671 3893; x_wconf 91' lang='lat' dir='ltr'><strong>enim</strong></span> <span class='ocrx_word' id='word_1_316' title='bbox 1693 3836 1824 3891; x_wconf 87' lang='lat' dir='ltr'><strong>falso</strong></span> <span class='ocrx_word' id='word_1_317' title='bbox 1849 3845 1904 3891; x_wconf 90' lang='lat' dir='ltr'><strong>et</strong></span> 
     </span>
    </p>
   </div>
   <div class='ocr_carea' id='block_1_39' title="bbox 323 3930 1901 4012">
    <p class='ocr_par' dir='ltr' id='par_1_39' title="bbox 323 3930 1901 4012">
     <span class='ocr_line' id='line_1_39' title="bbox 323 3930 1901 4012; baseline -0.009 -15"><span class='ocrx_word' id='word_1_318' title='bbox 323 3945 518 4012; x_wconf 88' lang='lat' dir='ltr'><strong>injuria</strong></span> <span class='ocrx_word' id='word_1_319' title='bbox 545 3984 559 4006; x_wconf 95' lang='lat'><strong>,</strong></span> <span class='ocrx_word' id='word_1_320' title='bbox 589 3952 640 3996; x_wconf 92' lang='lat' dir='ltr'><strong>et</strong></span> <span class='ocrx_word' id='word_1_321' title='bbox 669 3956 788 3995; x_wconf 87' lang='lat' dir='ltr'><strong>cmn</strong></span> <span class='ocrx_word' id='word_1_322' title='bbox 818 3955 944 3994; x_wconf 85' lang='lat' dir='ltr'><strong>vere</strong></span> <span class='ocrx_word' id='word_1_323' title='bbox 973 3953 1077 3992; x_wconf 91' lang='lat' dir='ltr'><strong>non</strong></span> <span class='ocrx_word' id='word_1_324' title='bbox 1103 3946 1278 4001; x_wconf 91' lang='lat' dir='ltr'><strong>esset,</strong></span> <span class='ocrx_word' id='word_1_325' title='bbox 1306 3934 1446 4003; x_wconf 87' lang='lat' dir='ltr'><strong>juste</strong></span> <span class='ocrx_word' id='word_1_326' title='bbox 1472 3932 1568 3986; x_wconf 91' lang='lat' dir='ltr'><strong>fuit</strong></span> <span class='ocrx_word' id='word_1_327' title='bbox 1593 3931 1792 3986; x_wconf 90' lang='lat' dir='ltr'><strong>crimen</strong></span> <span class='ocrx_word' id='word_1_328' title='bbox 1822 3930 1901 3984; x_wconf 94' lang='lat' dir='ltr'><strong>in-</strong></span> 
     </span>
    </p>
   </div>
   <div class='ocr_carea' id='block_1_40' title="bbox 326 4023 1901 4098">
    <p class='ocr_par' dir='ltr' id='par_1_40' title="bbox 326 4023 1901 4098">
     <span class='ocr_line' id='line_1_40' title="bbox 326 4023 1901 4098; baseline -0.009 -9"><span class='ocrx_word' id='word_1_329' title='bbox 326 4042 585 4089; x_wconf 86' lang='lat' dir='ltr'><strong>tentatum</strong></span> <span class='ocrx_word' id='word_1_330' title='bbox 619 4033 710 4093; x_wconf 6' lang='lat' dir='ltr'><strong>:tsi</strong></span> <span class='ocrx_word' id='word_1_331' title='bbox 742 4041 917 4084; x_wconf 88' lang='lat' dir='ltr'><strong>autem</strong></span> <span class='ocrx_word' id='word_1_332' title='bbox 954 4029 1097 4098; x_wconf 86' lang='lat' dir='ltr'><strong>juste</strong></span> <span class='ocrx_word' id='word_1_333' title='bbox 1121 4068 1136 4092; x_wconf 92' lang='lat'><strong>,</strong></span> <span class='ocrx_word' id='word_1_334' title='bbox 1186 4040 1306 4080; x_wconf 88' lang='lat' dir='ltr'><strong>eum</strong></span> <span class='ocrx_word' id='word_1_335' title='bbox 1334 4023 1616 4089; x_wconf 89' lang='lat' dir='ltr'><strong>adorasse,</strong></span> <span class='ocrx_word' id='word_1_336' title='bbox 1649 4036 1753 4075; x_wconf 91' lang='lat' dir='ltr'><strong>non</strong></span> <span class='ocrx_word' id='word_1_337' title='bbox 1779 4036 1901 4076; x_wconf 83' lang='lat' dir='ltr'><strong>cru-</strong></span> 
     </span>
    </p>
   </div>
   <div class='ocr_carea' id='block_1_41' title="bbox 323 4111 1899 4191">
    <p class='ocr_par' dir='ltr' id='par_1_41' title="bbox 323 4111 1899 4191">
     <span class='ocr_line' id='line_1_41' title="bbox 323 4111 1899 4191; baseline -0.008 -12"><span class='ocrx_word' id='word_1_338' title='bbox 323 4125 555 4179; x_wconf 76' lang='lat' dir='ltr'><strong>ciﬁxisse</strong></span> <span class='ocrx_word' id='word_1_339' title='bbox 580 4122 829 4191; x_wconf 82' lang='lat' dir='ltr'><strong>Oportnit.</strong></span> <span class='ocrx_word' id='word_1_340' title='bbox 875 4116 1162 4174; x_wconf 78' lang='lat' dir='ltr'><strong>Videamus</strong></span> <span class='ocrx_word' id='word_1_341' title='bbox 1189 4130 1315 4186; x_wconf 88' lang='lat' dir='ltr'><strong>ergo</strong></span> <span class='ocrx_word' id='word_1_342' title='bbox 1337 4111 1611 4183; x_wconf 90' lang='lat' dir='ltr'><strong>numquid,</strong></span> <span class='ocrx_word' id='word_1_343' title='bbox 1641 4127 1762 4166; x_wconf 92' lang='lat' dir='ltr'><strong>cum</strong></span> <span class='ocrx_word' id='word_1_344' title='bbox 1793 4127 1899 4166; x_wconf 92' lang='lat' dir='ltr'><strong>non</strong></span> 
     </span>
    </p>
   </div>
   <div class='ocr_carea' id='block_1_42' title="bbox 321 4204 1896 4278">
    <p class='ocr_par' dir='ltr' id='par_1_42' title="bbox 321 4204 1896 4278">
     <span class='ocr_line' id='line_1_42' title="bbox 321 4204 1896 4278; baseline -0.008 -8"><span class='ocrx_word' id='word_1_345' title='bbox 321 4227 466 4270; x_wconf 90' lang='lat' dir='ltr'><strong>esset</strong></span> <span class='ocrx_word' id='word_1_346' title='bbox 503 4229 632 4268; x_wconf 83' lang='lat' dir='ltr'><strong>vere</strong></span> <span class='ocrx_word' id='word_1_347' title='bbox 677 4214 850 4278; x_wconf 87' lang='lat' dir='ltr'><strong>Deus,</strong></span> <span class='ocrx_word' id='word_1_348' title='bbox 900 4211 1066 4266; x_wconf 90' lang='lat' dir='ltr'><strong>Deum</strong></span> <span class='ocrx_word' id='word_1_349' title='bbox 1106 4209 1336 4278; x_wconf 88' lang='lat' dir='ltr'><strong>seipsum</strong></span> <span class='ocrx_word' id='word_1_350' title='bbox 1387 4206 1619 4270; x_wconf 86' lang='lat' dir='ltr'><strong>faceret,</strong></span> <span class='ocrx_word' id='word_1_351' title='bbox 1668 4204 1771 4259; x_wconf 91' lang='lat' dir='ltr'><strong>hoc</strong></span> <span class='ocrx_word' id='word_1_352' title='bbox 1795 4214 1896 4272; x_wconf 89' lang='lat' dir='ltr'><strong>est,</strong></span> 
     </span>
    </p>
   </div>
   <div class='ocr_carea' id='block_1_43' title="bbox 321 4300 1898 4370">
    <p class='ocr_par' dir='ltr' id='par_1_43' title="bbox 321 4300 1898 4370">
     <span class='ocr_line' id='line_1_43' title="bbox 321 4300 1898 4370; baseline -0.006 -7"><span class='ocrx_word' id='word_1_353' title='bbox 321 4309 628 4363; x_wconf 76' lang='lat' dir='ltr'><strong>ostenderet</strong></span> <span class='ocrx_word' id='word_1_354' title='bbox 655 4317 709 4361; x_wconf 88' lang='lat' dir='ltr'><strong>et</strong></span> <span class='ocrx_word' id='word_1_355' title='bbox 736 4306 1145 4361; x_wconf 86' lang='lat' dir='ltr'><strong>demonstraret.</strong></span> <span class='ocrx_word' id='word_1_356' title='bbox 1202 4301 1474 4356; x_wconf 86' lang='lat' dir='ltr'><strong>Undenam</strong></span> <span class='ocrx_word' id='word_1_357' title='bbox 1516 4315 1644 4370; x_wconf 89' lang='lat' dir='ltr'><strong>ergo</strong></span> <span class='ocrx_word' id='word_1_358' title='bbox 1685 4301 1764 4353; x_wconf 86' lang='lat' dir='ltr'><strong>vis</strong></span> <span class='ocrx_word' id='word_1_359' title='bbox 1796 4300 1898 4354; x_wconf 92' lang='lat' dir='ltr'><strong>hoc</strong></span> 
     </span>
    </p>
   </div>
   <div class='ocr_carea' id='block_1_44' title="bbox 320 4390 1898 4470">
    <p class='ocr_par' dir='ltr' id='par_1_44' title="bbox 320 4390 1898 4470">
     <span class='ocr_line' id='line_1_44' title="bbox 320 4390 1898 4470; baseline -0.006 -16"><span class='ocrx_word' id='word_1_360' title='bbox 320 4399 682 4470; x_wconf 73' lang='lat' dir='ltr'><strong>cognoscere?</strong></span> <span class='ocrx_word' id='word_1_361' title='bbox 702 4397 768 4450; x_wconf 91' lang='lat' dir='ltr'><strong>ab</strong></span> <span class='ocrx_word' id='word_1_362' title='bbox 798 4397 861 4450; x_wconf 89' lang='lat' dir='ltr'><strong>iis</strong></span> <span class='ocrx_word' id='word_1_363' title='bbox 885 4411 1001 4466; x_wconf 73' lang='lat' dir='ltr'><strong>qua:</strong></span> <span class='ocrx_word' id='word_1_364' title='bbox 1022 4404 1146 4448; x_wconf 90' lang='lat' dir='ltr'><strong>tunc</strong></span> <span class='ocrx_word' id='word_1_365' title='bbox 1173 4392 1308 4446; x_wconf 88' lang='lat' dir='ltr'><strong>facta</strong></span> <span class='ocrx_word' id='word_1_366' title='bbox 1329 4402 1471 4455; x_wconf 90' lang='lat' dir='ltr'><strong>sunt,</strong></span> <span class='ocrx_word' id='word_1_367' title='bbox 1505 4407 1570 4444; x_wconf 91' lang='lat' dir='ltr'><strong>an</strong></span> <span class='ocrx_word' id='word_1_368' title='bbox 1596 4390 1662 4444; x_wconf 88' lang='lat' dir='ltr'><strong>ab</strong></span> <span class='ocrx_word' id='word_1_369' title='bbox 1691 4390 1754 4444; x_wconf 90' lang='lat' dir='ltr'><strong>iis</strong></span> <span class='ocrx_word' id='word_1_370' title='bbox 1781 4406 1898 4458; x_wconf 77' lang='lat' dir='ltr'><strong>qua:</strong></span> 
     </span>
    </p>
   </div>
   <div class='ocr_carea' id='block_1_45' title="bbox 321 4481 1892 4557">
    <p class='ocr_par' dir='ltr' id='par_1_45' title="bbox 321 4481 1892 4557">
     <span class='ocr_line' id='line_1_45' title="bbox 321 4481 1892 4557; baseline -0.008 -11"><span class='ocrx_word' id='word_1_371' title='bbox 321 4507 464 4546; x_wconf 90' lang='lat' dir='ltr'><strong>nunc</strong></span> <span class='ocrx_word' id='word_1_372' title='bbox 489 4490 661 4544; x_wconf 85' lang='lat' dir='ltr'><strong>ﬁunt?</strong></span> <span class='ocrx_word' id='word_1_373' title='bbox 689 4489 755 4542; x_wconf 93' lang='lat' dir='ltr'><strong>ab</strong></span> <span class='ocrx_word' id='word_1_374' title='bbox 782 4487 845 4543; x_wconf 88' lang='lat' dir='ltr'><strong>iis</strong></span> <span class='ocrx_word' id='word_1_375' title='bbox 871 4502 988 4557; x_wconf 76' lang='lat' dir='ltr'><strong>qua:</strong></span> <span class='ocrx_word' id='word_1_376' title='bbox 1009 4486 1059 4540; x_wconf 90' lang='lat' dir='ltr'><strong>in</strong></span> <span class='ocrx_word' id='word_1_377' title='bbox 1093 4495 1241 4554; x_wconf 88' lang='lat' dir='ltr'><strong>partu</strong></span> <span class='ocrx_word' id='word_1_378' title='bbox 1269 4483 1402 4536; x_wconf 89' lang='lat' dir='ltr'><strong>facta</strong></span> <span class='ocrx_word' id='word_1_379' title='bbox 1425 4481 1589 4535; x_wconf 87' lang='lat' dir='ltr'><strong>sunt?</strong></span> <span class='ocrx_word' id='word_1_380' title='bbox 1613 4481 1742 4548; x_wconf 89' lang='lat' dir='ltr'><strong>Quis</strong></span> <span class='ocrx_word' id='word_1_381' title='bbox 1773 4497 1892 4534; x_wconf 92' lang='lat' dir='ltr'><strong>um-</strong></span> 
     </span>
    </p>
   </div>
   <div class='ocr_carea' id='block_1_46' title="bbox 320 4572 1898 4654">
    <p class='ocr_par' dir='ltr' id='par_1_46' title="bbox 320 4572 1898 4654">
     <span class='ocr_line' id='line_1_46' title="bbox 320 4572 1898 4654; baseline -0.008 -16"><span class='ocrx_word' id='word_1_382' title='bbox 320 4601 478 4654; x_wconf 84' lang='lat' dir='ltr'><strong>quam</strong></span> <span class='ocrx_word' id='word_1_383' title='bbox 497 4595 652 4636; x_wconf 89' lang='lat' dir='ltr'><strong>natus</strong></span> <span class='ocrx_word' id='word_1_384' title='bbox 664 4593 741 4636; x_wconf 88' lang='lat' dir='ltr'><strong>est</strong></span> <span class='ocrx_word' id='word_1_385' title='bbox 756 4597 822 4635; x_wconf 89' lang='lat' dir='ltr'><strong>ex</strong></span> <span class='ocrx_word' id='word_1_386' title='bbox 839 4578 1078 4649; x_wconf 78' lang='lat' dir='ltr'><strong>virgine?</strong></span> <span class='ocrx_word' id='word_1_387' title='bbox 1099 4575 1383 4646; x_wconf 86' lang='lat' dir='ltr'><strong>quistalem</strong></span> <span class='ocrx_word' id='word_1_388' title='bbox 1404 4572 1610 4627; x_wconf 87' lang='lat' dir='ltr'><strong>stellam</strong></span> <span class='ocrx_word' id='word_1_389' title='bbox 1633 4572 1857 4626; x_wconf 89' lang='lat' dir='ltr'><strong>ostendit</strong></span> <span class='ocrx_word' id='word_1_390' title='bbox 1875 4573 1898 4626; x_wconf 83' lang='lat'><strong>?</strong></span> 
     </span>
    </p>
   </div>
   <div class='ocr_carea' id='block_1_47' title="bbox 321 4663 1897 4746">
    <p class='ocr_par' dir='ltr' id='par_1_47' title="bbox 321 4663 1897 4746">
     <span class='ocr_line' id='line_1_47' title="bbox 321 4663 1897 4746; baseline -0.008 -17"><span class='ocrx_word' id='word_1_391' title='bbox 321 4676 441 4746; x_wconf 87' lang='lat' dir='ltr'><strong>quis</strong></span> <span class='ocrx_word' id='word_1_392' title='bbox 486 4683 663 4727; x_wconf 89' lang='lat' dir='ltr'><strong>autem</strong></span> <span class='ocrx_word' id='word_1_393' title='bbox 721 4685 905 4740; x_wconf 89' lang='lat' dir='ltr'><strong>magos</strong></span> <span class='ocrx_word' id='word_1_394' title='bbox 935 4679 1082 4722; x_wconf 91' lang='lat' dir='ltr'><strong>tanto</strong></span> <span class='ocrx_word' id='word_1_395' title='bbox 1130 4667 1280 4720; x_wconf 84' lang='lat' dir='ltr'><strong>duxit</strong></span> <span class='ocrx_word' id='word_1_396' title='bbox 1325 4664 1552 4729; x_wconf 90' lang='lat' dir='ltr'><strong>itinere,</strong></span> <span class='ocrx_word' id='word_1_397' title='bbox 1599 4677 1704 4717; x_wconf 91' lang='lat' dir='ltr'><strong>non</strong></span> <span class='ocrx_word' id='word_1_398' title='bbox 1731 4663 1779 4715; x_wconf 93' lang='lat' dir='ltr'><strong>vi</strong></span> <span class='ocrx_word' id='word_1_399' title='bbox 1806 4671 1897 4716; x_wconf 90' lang='lat' dir='ltr'><strong>aut</strong></span> 
     </span>
    </p>
   </div>
   <div class='ocr_carea' id='block_1_48' title="bbox 321 4753 1896 4828">
    <p class='ocr_par' dir='ltr' id='par_1_48' title="bbox 321 4753 1896 4828">
     <span class='ocr_line' id='line_1_48' title="bbox 321 4753 1896 4828; baseline -0.008 -8"><span class='ocrx_word' id='word_1_400' title='bbox 321 4767 660 4828; x_wconf 86' lang='lat' dir='ltr'><strong>necessitate,</strong></span> <span class='ocrx_word' id='word_1_401' title='bbox 683 4762 776 4817; x_wconf 90' lang='lat' dir='ltr'><strong>sed</strong></span> <span class='ocrx_word' id='word_1_402' title='bbox 798 4761 1048 4816; x_wconf 89' lang='lat' dir='ltr'><strong>suasione</strong></span> <span class='ocrx_word' id='word_1_403' title='bbox 1072 4774 1132 4812; x_wconf 89' lang='lat' dir='ltr'><strong>ac</strong></span> <span class='ocrx_word' id='word_1_404' title='bbox 1159 4757 1481 4812; x_wconf 86' lang='lat' dir='ltr'><strong>revelatione</strong></span> <span class='ocrx_word' id='word_1_405' title='bbox 1503 4753 1778 4825; x_wconf 59' lang='lat' dir='ltr'><strong>(Muttine.</strong></span> <span class='ocrx_word' id='word_1_406' title='bbox 1804 4755 1896 4824; x_wconf 81' lang='lat' dir='ltr'><strong>l)?</strong></span> 
     </span>
    </p>
   </div>
   <div class='ocr_carea' id='block_1_49' title="bbox 322 4847 1896 4917">
    <p class='ocr_par' dir='ltr' id='par_1_49' title="bbox 322 4847 1896 4917">
     <span class='ocr_line' id='line_1_49' title="bbox 322 4847 1896 4917; baseline -0.01 -4"><span class='ocrx_word' id='word_1_407' title='bbox 322 4858 482 4913; x_wconf 80' lang='lat' dir='ltr'><strong>Vides</strong></span> <span class='ocrx_word' id='word_1_408' title='bbox 506 4859 804 4910; x_wconf 87' lang='lat' dir='ltr'><strong>universam</strong></span> <span class='ocrx_word' id='word_1_409' title='bbox 825 4861 1120 4908; x_wconf 89' lang='lat' dir='ltr'><strong>creaturam</strong></span> <span class='ocrx_word' id='word_1_410' title='bbox 1149 4849 1430 4903; x_wconf 90' lang='lat' dir='ltr'><strong>Dominum</strong></span> <span class='ocrx_word' id='word_1_411' title='bbox 1453 4847 1896 4917; x_wconf 79' lang='lat' dir='ltr'><strong>cognoscentem?</strong></span> 
     </span>
    </p>
   </div>
   <div class='ocr_carea' id='block_1_50' title="bbox 320 4945 1902 5012">
    <p class='ocr_par' dir='ltr' id='par_1_50' title="bbox 320 4945 1902 5012">
     <span class='ocr_line' id='line_1_50' title="bbox 320 4945 1902 5012; baseline -0.009 -9"><span class='ocrx_word' id='word_1_412' title='bbox 320 4949 498 5004; x_wconf 86' lang='lat' dir='ltr'><strong>Prima</strong></span> <span class='ocrx_word' id='word_1_413' title='bbox 526 4947 666 5002; x_wconf 89' lang='lat' dir='ltr'><strong>cedit</strong></span> <span class='ocrx_word' id='word_1_414' title='bbox 689 4956 896 5009; x_wconf 90' lang='lat' dir='ltr'><strong>natura,</strong></span> <span class='ocrx_word' id='word_1_415' title='bbox 921 4957 1018 4996; x_wconf 89' lang='lat' dir='ltr'><strong>nec</strong></span> <span class='ocrx_word' id='word_1_416' title='bbox 1042 4949 1217 5012; x_wconf 84' lang='lat' dir='ltr'><strong>potest</strong></span> <span class='ocrx_word' id='word_1_417' title='bbox 1244 4953 1556 5008; x_wconf 89' lang='lat' dir='ltr'><strong>repugnare,</strong></span> <span class='ocrx_word' id='word_1_418' title='bbox 1579 4952 1678 4991; x_wconf 89' lang='lat' dir='ltr'><strong>nec</strong></span> <span class='ocrx_word' id='word_1_419' title='bbox 1694 4945 1902 4991; x_wconf 73' lang='lat' dir='ltr'><strong>contra~</strong></span> 
     </span>
    </p>
   </div>
   <div class='ocr_carea' id='block_1_51' title="bbox 318 5029 1894 5107">
    <p class='ocr_par' dir='ltr' id='par_1_51' title="bbox 318 5029 1894 5107">
     <span class='ocr_line' id='line_1_51' title="bbox 318 5029 1894 5107; baseline -0.007 -12"><span class='ocrx_word' id='word_1_420' title='bbox 318 5041 533 5107; x_wconf 87' lang='lat' dir='ltr'><strong>dicere,</strong></span> <span class='ocrx_word' id='word_1_421' title='bbox 562 5040 745 5093; x_wconf 89' lang='lat' dir='ltr'><strong>dicens</strong></span> <span class='ocrx_word' id='word_1_422' title='bbox 776 5053 790 5090; x_wconf 86' lang='lat'><strong>:</strong></span> <span class='ocrx_word' id='word_1_423' title='bbox 823 5037 1036 5090; x_wconf 89' lang='lat' dir='ltr'><strong>Partum</strong></span> <span class='ocrx_word' id='word_1_424' title='bbox 1069 5049 1174 5088; x_wconf 91' lang='lat' dir='ltr'><strong>non</strong></span> <span class='ocrx_word' id='word_1_425' title='bbox 1201 5031 1425 5101; x_wconf 86' lang='lat' dir='ltr'><strong>expedio</strong></span> <span class='ocrx_word' id='word_1_426' title='bbox 1458 5049 1470 5082; x_wconf 90' lang='lat'><strong>:</strong></span> <span class='ocrx_word' id='word_1_427' title='bbox 1499 5046 1603 5084; x_wconf 90' lang='lat' dir='ltr'><strong>non</strong></span> <span class='ocrx_word' id='word_1_428' title='bbox 1641 5029 1798 5091; x_wconf 83' lang='lat' dir='ltr'><strong>didici</strong></span> <span class='ocrx_word' id='word_1_429' title='bbox 1829 5046 1894 5084; x_wconf 80' lang='lat' dir='ltr'><strong>ex</strong></span> 
     </span>
    </p>
   </div>
   <div class='ocr_carea' id='block_1_52' title="bbox 320 5120 1894 5199">
    <p class='ocr_par' dir='ltr' id='par_1_52' title="bbox 320 5120 1894 5199">
     <span class='ocr_line' id='line_1_52' title="bbox 320 5120 1894 5199; baseline -0.007 -14"><span class='ocrx_word' id='word_1_430' title='bbox 320 5141 474 5186; x_wconf 89' lang='lat' dir='ltr'><strong>utero</strong></span> <span class='ocrx_word' id='word_1_431' title='bbox 522 5128 740 5199; x_wconf 82' lang='lat' dir='ltr'><strong>virginis</strong></span> <span class='ocrx_word' id='word_1_432' title='bbox 790 5125 1044 5181; x_wconf 90' lang='lat' dir='ltr'><strong>infantem</strong></span> <span class='ocrx_word' id='word_1_433' title='bbox 1092 5123 1144 5177; x_wconf 92' lang='lat' dir='ltr'><strong>in</strong></span> <span class='ocrx_word' id='word_1_434' title='bbox 1193 5123 1363 5177; x_wconf 87' lang='lat' dir='ltr'><strong>lucem</strong></span> <span class='ocrx_word' id='word_1_435' title='bbox 1413 5120 1754 5190; x_wconf 89' lang='lat' dir='ltr'><strong>producere:</strong></span> <span class='ocrx_word' id='word_1_436' title='bbox 1787 5135 1894 5174; x_wconf 92' lang='lat' dir='ltr'><strong>non</strong></span> 
     </span>
    </p>
   </div>
   <div class='ocr_carea' id='block_1_53' title="bbox 320 5211 1892 5284">
    <p class='ocr_par' dir='ltr' id='par_1_53' title="bbox 320 5211 1892 5284">
     <span class='ocr_line' id='line_1_53' title="bbox 320 5211 1892 5284; baseline -0.008 -8"><span class='ocrx_word' id='word_1_437' title='bbox 320 5221 444 5276; x_wconf 88' lang='lat' dir='ltr'><strong>novi</strong></span> <span class='ocrx_word' id='word_1_438' title='bbox 471 5229 693 5274; x_wconf 88' lang='lat' dir='ltr'><strong>matrem</strong></span> <span class='ocrx_word' id='word_1_439' title='bbox 715 5217 889 5272; x_wconf 89' lang='lat' dir='ltr'><strong>facere</strong></span> <span class='ocrx_word' id='word_1_440' title='bbox 919 5217 1118 5284; x_wconf 87' lang='lat' dir='ltr'><strong>absque</strong></span> <span class='ocrx_word' id='word_1_441' title='bbox 1142 5213 1420 5282; x_wconf 91' lang='lat' dir='ltr'><strong>conjugio;</strong></span> <span class='ocrx_word' id='word_1_442' title='bbox 1450 5212 1543 5266; x_wconf 83' lang='lat' dir='ltr'><strong>sed</strong></span> <span class='ocrx_word' id='word_1_443' title='bbox 1569 5211 1679 5266; x_wconf 90' lang='lat' dir='ltr'><strong>suis</strong></span> <span class='ocrx_word' id='word_1_444' title='bbox 1704 5226 1892 5266; x_wconf 87' lang='lat' dir='ltr'><strong>exces-</strong></span> 
     </span>
    </p>
   </div>
   <div class='ocr_carea' id='block_1_54' title="bbox 318 5303 1892 5374">
    <p class='ocr_par' dir='ltr' id='par_1_54' title="bbox 318 5303 1892 5374">
     <span class='ocr_line' id='line_1_54' title="bbox 318 5303 1892 5374; baseline -0.008 -5"><span class='ocrx_word' id='word_1_445' title='bbox 318 5316 390 5370; x_wconf 86' lang='lat' dir='ltr'><strong>sit</strong></span> <span class='ocrx_word' id='word_1_446' title='bbox 417 5312 671 5368; x_wconf 88' lang='lat' dir='ltr'><strong>limitibus</strong></span> <span class='ocrx_word' id='word_1_447' title='bbox 700 5328 714 5365; x_wconf 74' lang='grc' dir='ltr'>ε</span> <span class='ocrx_word' id='word_1_448' title='bbox 743 5309 1021 5364; x_wconf 91' lang='lat' dir='ltr'><strong>Dominum</strong></span> <span class='ocrx_word' id='word_1_449' title='bbox 1051 5308 1191 5362; x_wconf 92' lang='lat' dir='ltr'><strong>enim</strong></span> <span class='ocrx_word' id='word_1_450' title='bbox 1222 5321 1374 5360; x_wconf 90' lang='lat' dir='ltr'><strong>suum</strong></span> <span class='ocrx_word' id='word_1_451' title='bbox 1401 5315 1742 5374; x_wconf 88' lang='lat' dir='ltr'><strong>cognoverat.</strong></span> <span class='ocrx_word' id='word_1_452' title='bbox 1775 5303 1892 5359; x_wconf 85' lang='lat' dir='ltr'><strong>Jam</strong></span> 
     </span>
    </p>
   </div>
   <div class='ocr_carea' id='block_1_55' title="bbox 317 5394 1890 5470">
    <p class='ocr_par' dir='ltr' id='par_1_55' title="bbox 317 5394 1890 5470">
     <span class='ocr_line' id='line_1_55' title="bbox 317 5394 1890 5470; baseline -0.009 -10"><span class='ocrx_word' id='word_1_453' title='bbox 317 5413 497 5460; x_wconf 80' lang='lat' dir='ltr'><strong>autem</strong></span> <span class='ocrx_word' id='word_1_454' title='bbox 537 5413 663 5456; x_wconf 89' lang='lat' dir='ltr'><strong>nato</strong></span> <span class='ocrx_word' id='word_1_455' title='bbox 702 5400 873 5470; x_wconf 86' lang='lat' dir='ltr'><strong>angeli</strong></span> <span class='ocrx_word' id='word_1_456' title='bbox 919 5397 1234 5463; x_wconf 88' lang='lat' dir='ltr'><strong>adfuerunt,</strong></span> <span class='ocrx_word' id='word_1_457' title='bbox 1267 5411 1387 5450; x_wconf 92' lang='lat' dir='ltr'><strong>eum</strong></span> <span class='ocrx_word' id='word_1_458' title='bbox 1419 5396 1509 5465; x_wconf 91' lang='lat' dir='ltr'><strong>qui</strong></span> <span class='ocrx_word' id='word_1_459' title='bbox 1539 5404 1621 5450; x_wconf 91' lang='lat' dir='ltr'><strong>est</strong></span> <span class='ocrx_word' id='word_1_460' title='bbox 1647 5395 1696 5448; x_wconf 92' lang='lat' dir='ltr'><strong>in</strong></span> <span class='ocrx_word' id='word_1_461' title='bbox 1724 5394 1890 5460; x_wconf 82' lang='lat' dir='ltr'><strong>caelis,</strong></span> 
     </span>
    </p>
   </div>
   <div class='ocr_carea' id='block_1_56' title="bbox 318 5485 1892 5562">
    <p class='ocr_par' dir='ltr' id='par_1_56' title="bbox 318 5485 1892 5562">
     <span class='ocr_line' id='line_1_56' title="bbox 318 5485 1892 5562; baseline -0.006 -12"><span class='ocrx_word' id='word_1_462' title='bbox 318 5510 438 5550; x_wconf 87' lang='lat' dir='ltr'><strong>esse</strong></span> <span class='ocrx_word' id='word_1_463' title='bbox 461 5496 512 5548; x_wconf 92' lang='lat' dir='ltr'><strong>in</strong></span> <span class='ocrx_word' id='word_1_464' title='bbox 544 5503 682 5548; x_wconf 86' lang='lat' dir='ltr'><strong>terra</strong></span> <span class='ocrx_word' id='word_1_465' title='bbox 708 5492 1063 5562; x_wconf 84' lang='lat' dir='ltr'><strong>signiﬁcantes</strong></span> <span class='ocrx_word' id='word_1_466' title='bbox 1106 5487 1256 5561; x_wconf 89' lang='lat' dir='ltr'><strong>(Luc.</strong></span> <span class='ocrx_word' id='word_1_467' title='bbox 1285 5487 1340 5541; x_wconf 72' lang='grc'><strong>2.</strong></span> <span class='ocrx_word' id='word_1_468' title='bbox 1373 5487 1426 5541; x_wconf 89' lang='lat'><strong>9.</strong></span> <span class='ocrx_word' id='word_1_469' title='bbox 1451 5485 1610 5556; x_wconf 85' lang='lat' dir='ltr'><strong>seqq.)</strong></span> <span class='ocrx_word' id='word_1_470' title='bbox 1648 5504 1661 5540; x_wconf 89' lang='lat'><strong>:</strong></span> <span class='ocrx_word' id='word_1_471' title='bbox 1699 5495 1754 5541; x_wconf 90' lang='lat' dir='ltr'><strong>et</strong></span> <span class='ocrx_word' id='word_1_472' title='bbox 1789 5502 1892 5540; x_wconf 69' lang='lat' dir='ltr'><strong>ca:-</strong></span> 
     </span>
    </p>
   </div>
   <div class='ocr_carea' id='block_1_57' title="bbox 320 5577 1890 5650">
    <p class='ocr_par' dir='ltr' id='par_1_57' title="bbox 320 5577 1890 5650">
     <span class='ocr_line' id='line_1_57' title="bbox 320 5577 1890 5650; baseline -0.006 -11"><span class='ocrx_word' id='word_1_473' title='bbox 320 5586 429 5639; x_wconf 83' lang='lat' dir='ltr'><strong>lutn</strong></span> <span class='ocrx_word' id='word_1_474' title='bbox 457 5595 594 5637; x_wconf 87' lang='lat' dir='ltr'><strong>terra</strong></span> <span class='ocrx_word' id='word_1_475' title='bbox 621 5582 759 5636; x_wconf 86' lang='lat' dir='ltr'><strong>facta</strong></span> <span class='ocrx_word' id='word_1_476' title='bbox 779 5590 879 5644; x_wconf 88' lang='lat' dir='ltr'><strong>est,</strong></span> <span class='ocrx_word' id='word_1_477' title='bbox 895 5589 1078 5650; x_wconf 85' lang='lat' dir='ltr'><strong>utpote</strong></span> <span class='ocrx_word' id='word_1_478' title='bbox 1099 5594 1220 5633; x_wconf 91' lang='lat' dir='ltr'><strong>eum</strong></span> <span class='ocrx_word' id='word_1_479' title='bbox 1243 5593 1335 5632; x_wconf 84' lang='lat' dir='ltr'><strong>rex</strong></span> <span class='ocrx_word' id='word_1_480' title='bbox 1363 5577 1447 5630; x_wconf 90' lang='lat' dir='ltr'><strong>hic</strong></span> <span class='ocrx_word' id='word_1_481' title='bbox 1467 5586 1609 5631; x_wconf 88' lang='lat' dir='ltr'><strong>esset</strong></span> <span class='ocrx_word' id='word_1_482' title='bbox 1639 5593 1651 5628; x_wconf 95' lang='lat'>:</span> <span class='ocrx_word' id='word_1_483' title='bbox 1681 5587 1734 5631; x_wconf 89' lang='lat' dir='ltr'><strong>et</strong></span> <span class='ocrx_word' id='word_1_484' title='bbox 1753 5577 1890 5646; x_wconf 83' lang='lat' dir='ltr'><strong>magi</strong></span> 
     </span>
    </p>
   </div>
   <div class='ocr_carea' id='block_1_58' title="bbox 317 5671 1894 5745">
    <p class='ocr_par' dir='ltr' id='par_1_58' title="bbox 317 5671 1894 5745">
     <span class='ocr_line' id='line_1_58' title="bbox 317 5671 1894 5745; baseline -0.006 -13"><span class='ocrx_word' id='word_1_485' title='bbox 317 5677 635 5740; x_wconf 83' lang='lat' dir='ltr'><strong>adorarunt,</strong></span> <span class='ocrx_word' id='word_1_486' title='bbox 681 5675 771 5745; x_wconf 89' lang='lat' dir='ltr'><strong>qui</strong></span> <span class='ocrx_word' id='word_1_487' title='bbox 813 5689 878 5728; x_wconf 81' lang='lat' dir='ltr'><strong>ex</strong></span> <span class='ocrx_word' id='word_1_488' title='bbox 927 5683 1033 5728; x_wconf 89' lang='lat' dir='ltr'><strong>tam</strong></span> <span class='ocrx_word' id='word_1_489' title='bbox 1074 5673 1292 5728; x_wconf 89' lang='lat' dir='ltr'><strong>rem0tis</strong></span> <span class='ocrx_word' id='word_1_490' title='bbox 1334 5671 1466 5726; x_wconf 87' lang='lat' dir='ltr'><strong>locis</strong></span> <span class='ocrx_word' id='word_1_491' title='bbox 1509 5677 1808 5724; x_wconf 88' lang='lat' dir='ltr'><strong>venerant:</strong></span> <span class='ocrx_word' id='word_1_492' title='bbox 1841 5677 1894 5724; x_wconf 90' lang='lat' dir='ltr'><strong>ct</strong></span> 
     </span>
    </p>
   </div>
   <div class='ocr_carea' id='block_1_59' title="bbox 397 5801 1904 5873">
    <p class='ocr_par' dir='ltr' id='par_1_59' title="bbox 397 5801 1904 5873">
     <span class='ocr_line' id='line_1_59' title="bbox 397 5801 1904 5873; baseline -0.002 -16"><span class='ocrx_word' id='word_1_493' title='bbox 397 5815 412 5845; x_wconf 78' lang='grc' dir='ltr'>ι</span> <span class='ocrx_word' id='word_1_494' title='bbox 435 5805 591 5873; x_wconf 66' lang='lat' dir='ltr'><strong>illud,</strong></span> <span class='ocrx_word' id='word_1_495' title='bbox 631 5801 682 5852; x_wconf 80' lang='lat' dir='ltr'><strong>in</strong></span> <span class='ocrx_word' id='word_1_496' title='bbox 715 5803 1192 5873; x_wconf 44' lang='lat' dir='ltr'><strong>ttqvo‘j&#39;estamenlo</strong></span> <span class='ocrx_word' id='word_1_497' title='bbox 1227 5805 1339 5869; x_wconf 83' lang='grc' dir='ltr'><strong>(ἐπὶ</strong></span> <span class='ocrx_word' id='word_1_498' title='bbox 1362 5812 1446 5865; x_wconf 84' lang='grc' dir='ltr'><strong>τῆς</strong></span> <span class='ocrx_word' id='word_1_499' title='bbox 1469 5806 1693 5870; x_wconf 82' lang='grc' dir='ltr'><strong>Καινῆς),</strong></span> <span class='ocrx_word' id='word_1_500' title='bbox 1730 5809 1904 5859; x_wconf 81' lang='lat' dir='ltr'><strong>deerat</strong></span> 
     </span>
    </p>
   </div>
   <div class='ocr_carea' id='block_1_60' title="bbox 330 5863 1166 5927">
    <p class='ocr_par' dir='ltr' id='par_1_60' title="bbox 330 5863 1166 5927">
     <span class='ocr_line' id='line_1_60' title="bbox 330 5863 1166 5927; baseline -0.008 -6"><span class='ocrx_word' id='word_1_501' title='bbox 330 5877 384 5924; x_wconf 74' lang='lat' dir='ltr'><strong>in</strong></span> <span class='ocrx_word' id='word_1_502' title='bbox 407 5863 584 5924; x_wconf 69' lang='lat' dir='ltr'><strong>Morel.</strong></span> <span class='ocrx_word' id='word_1_503' title='bbox 601 5879 621 5922; x_wconf 62' lang='grc' dir='ltr'><strong>,ξ</strong></span> <span class='ocrx_word' id='word_1_504' title='bbox 645 5866 732 5915; x_wconf 84' lang='lat' dir='ltr'><strong>sed</strong></span> <span class='ocrx_word' id='word_1_505' title='bbox 758 5865 806 5914; x_wconf 93' lang='lat' dir='ltr'><strong>in</strong></span> <span class='ocrx_word' id='word_1_506' title='bbox 828 5863 934 5915; x_wconf 82' lang='lat' dir='ltr'><strong>aliis</strong></span> <span class='ocrx_word' id='word_1_507' title='bbox 967 5864 1166 5927; x_wconf 78' lang='lat' dir='ltr'><strong>legitur.</strong></span> 
     </span>
    </p>
   </div>
   <div class='ocr_carea' id='block_1_61' title="bbox 1440 437 2486 502">
    <p class='ocr_par' dir='ltr' id='par_1_61' title="bbox 1440 437 2486 502">
     <span class='ocr_line' id='line_1_61' title="bbox 1440 437 2486 502; baseline 0.003 -3"><span class='ocrx_word' id='word_1_508' title='bbox 1440 441 1801 499; x_wconf 74' lang='lat' dir='ltr'><strong>EXPOSITIO</strong></span> <span class='ocrx_word' id='word_1_509' title='bbox 1839 443 1904 498; x_wconf 80' lang='lat' dir='ltr'><strong>IN</strong></span> <span class='ocrx_word' id='word_1_510' title='bbox 1943 437 2263 502; x_wconf 83' lang='lat' dir='ltr'><strong>PSALMUM</strong></span> <span class='ocrx_word' id='word_1_511' title='bbox 2302 445 2486 502; x_wconf 76' lang='lat' dir='ltr'><strong>XLIX.</strong></span> 
     </span>
    </p>
   </div>
   <div class='ocr_carea' id='block_1_62' title="bbox 3499 458 3606 516">
    <p class='ocr_par' dir='ltr' id='par_1_62' title="bbox 3499 458 3606 516">
     <span class='ocr_line' id='line_1_62' title="bbox 3499 458 3606 516; baseline 0.037 -4"><span class='ocrx_word' id='word_1_512' title='bbox 3499 458 3606 516; x_wconf 72' lang='grc'><strong>246</strong></span> 
     </span>
    </p>
   </div>
   <div class='ocr_carea' id='block_1_63' title="bbox 2038 559 3606 644">
    <p class='ocr_par' dir='ltr' id='par_1_63' title="bbox 2038 559 3606 644">
     <span class='ocr_line' id='line_1_63' title="bbox 2038 559 3606 644; baseline 0.01 -29"><span class='ocrx_word' id='word_1_513' title='bbox 2038 559 2213 616; x_wconf 87' lang='lat' dir='ltr'><strong>infans</strong></span> <span class='ocrx_word' id='word_1_514' title='bbox 2255 561 2469 631; x_wconf 90' lang='lat' dir='ltr'><strong>quidem</strong></span> <span class='ocrx_word' id='word_1_515' title='bbox 2498 563 2549 617; x_wconf 92' lang='lat' dir='ltr'><strong>in</strong></span> <span class='ocrx_word' id='word_1_516' title='bbox 2579 562 2858 619; x_wconf 66' lang='lat' dir='ltr'><strong>Palaestina</strong></span> <span class='ocrx_word' id='word_1_517' title='bbox 2893 567 3102 636; x_wconf 89' lang='lat' dir='ltr'><strong>jacebat</strong></span> <span class='ocrx_word' id='word_1_518' title='bbox 3146 569 3197 623; x_wconf 91' lang='lat' dir='ltr'><strong>in</strong></span> <span class='ocrx_word' id='word_1_519' title='bbox 3227 573 3483 644; x_wconf 70' lang='lat' dir='ltr'><strong>prmscpi,</strong></span> <span class='ocrx_word' id='word_1_520' title='bbox 3529 575 3606 630; x_wconf 90' lang='lat' dir='ltr'><strong>illi</strong></span> 
     </span>
    </p>
   </div>
   <div class='ocr_carea' id='block_1_64' title="bbox 2036 652 3599 732">
    <p class='ocr_par' dir='ltr' id='par_1_64' title="bbox 2036 652 3599 732">
     <span class='ocr_line' id='line_1_64' title="bbox 2036 652 3599 732; baseline 0.01 -29"><span class='ocrx_word' id='word_1_521' title='bbox 2036 665 2164 704; x_wconf 87' lang='lat' dir='ltr'><strong>vero</strong></span> <span class='ocrx_word' id='word_1_522' title='bbox 2193 664 2259 706; x_wconf 90' lang='lat' dir='ltr'><strong>ex</strong></span> <span class='ocrx_word' id='word_1_523' title='bbox 2283 652 2506 707; x_wconf 88' lang='lat' dir='ltr'><strong>barbara</strong></span> <span class='ocrx_word' id='word_1_524' title='bbox 2535 653 2750 724; x_wconf 87' lang='lat' dir='ltr'><strong>regione</strong></span> <span class='ocrx_word' id='word_1_525' title='bbox 2776 663 2976 710; x_wconf 89' lang='lat' dir='ltr'><strong>tantum</strong></span> <span class='ocrx_word' id='word_1_526' title='bbox 3007 657 3262 715; x_wconf 91' lang='lat' dir='ltr'><strong>honorem</strong></span> <span class='ocrx_word' id='word_1_527' title='bbox 3290 671 3599 732; x_wconf 87' lang='lat' dir='ltr'><strong>tantumque</strong></span> 
     </span>
    </p>
   </div>
   <div class='ocr_carea' id='block_1_65' title="bbox 2033 745 3604 819">
    <p class='ocr_par' dir='ltr' id='par_1_65' title="bbox 2033 745 3604 819">
     <span class='ocr_line' id='line_1_65' title="bbox 2033 745 3604 819; baseline 0.008 -20"><span class='ocrx_word' id='word_1_528' title='bbox 2033 746 2234 800; x_wconf 89' lang='lat' dir='ltr'><strong>cultum</strong></span> <span class='ocrx_word' id='word_1_529' title='bbox 2254 745 2549 800; x_wconf 84' lang='lat' dir='ltr'><strong>offerebant</strong></span> <span class='ocrx_word' id='word_1_530' title='bbox 2567 787 2582 811; x_wconf 97' lang='lat'><strong>,</strong></span> <span class='ocrx_word' id='word_1_531' title='bbox 2628 756 2882 815; x_wconf 90' lang='lat' dir='ltr'><strong>quantum</strong></span> <span class='ocrx_word' id='word_1_532' title='bbox 2908 765 3115 819; x_wconf 64' lang='lat' dir='ltr'><strong>aequum</strong></span> <span class='ocrx_word' id='word_1_533' title='bbox 3150 762 3264 808; x_wconf 89' lang='lat' dir='ltr'><strong>erat</strong></span> <span class='ocrx_word' id='word_1_534' title='bbox 3289 755 3398 810; x_wconf 87' lang='lat' dir='ltr'><strong>Deo</strong></span> <span class='ocrx_word' id='word_1_535' title='bbox 3425 755 3604 812; x_wconf 86' lang='lat' dir='ltr'><strong>offerri</strong></span> 
     </span>
    </p>
   </div>
   <div class='ocr_carea' id='block_1_66' title="bbox 2033 837 3602 910">
    <p class='ocr_par' dir='ltr' id='par_1_66' title="bbox 2033 837 3602 910">
     <span class='ocr_line' id='line_1_66' title="bbox 2033 837 3602 910; baseline 0.01 -21"><span class='ocrx_word' id='word_1_536' title='bbox 2033 837 2240 905; x_wconf 80' lang='lat' dir='ltr'><strong>(Matth.</strong></span> <span class='ocrx_word' id='word_1_537' title='bbox 2272 837 2327 890; x_wconf 72' lang='grc'><strong>2.</strong></span> <span class='ocrx_word' id='word_1_538' title='bbox 2360 838 2474 907; x_wconf 88' lang='grc'><strong>11).</strong></span> <span class='ocrx_word' id='word_1_539' title='bbox 2524 840 2592 892; x_wconf 80' lang='lat' dir='ltr'><strong>At</strong></span> <span class='ocrx_word' id='word_1_540' title='bbox 2640 838 2754 894; x_wconf 65' lang='lat' dir='ltr'><strong>haec</strong></span> <span class='ocrx_word' id='word_1_541' title='bbox 2779 841 2989 910; x_wconf 92' lang='lat' dir='ltr'><strong>quidem</strong></span> <span class='ocrx_word' id='word_1_542' title='bbox 3016 841 3242 901; x_wconf 84' lang='lat' dir='ltr'><strong>fortasse</strong></span> <span class='ocrx_word' id='word_1_543' title='bbox 3278 861 3383 902; x_wconf 91' lang='lat' dir='ltr'><strong>non</strong></span> <span class='ocrx_word' id='word_1_544' title='bbox 3407 847 3602 905; x_wconf 88' lang='lat' dir='ltr'><strong>admit-</strong></span> 
     </span>
    </p>
   </div>
   <div class='ocr_carea' id='block_1_67' title="bbox 2033 927 3601 1006">
    <p class='ocr_par' dir='ltr' id='par_1_67' title="bbox 2033 927 3601 1006">
     <span class='ocr_line' id='line_1_67' title="bbox 2033 927 3601 1006; baseline 0.008 -25"><span class='ocrx_word' id='word_1_545' title='bbox 2033 936 2173 990; x_wconf 89' lang='lat' dir='ltr'><strong>tent,</strong></span> <span class='ocrx_word' id='word_1_546' title='bbox 2206 927 2296 982; x_wconf 90' lang='lat' dir='ltr'><strong>sed</strong></span> <span class='ocrx_word' id='word_1_547' title='bbox 2327 928 2424 981; x_wconf 90' lang='lat' dir='ltr'><strong>alia</strong></span> <span class='ocrx_word' id='word_1_548' title='bbox 2449 929 2595 998; x_wconf 83' lang='lat' dir='ltr'><strong>signa</strong></span> <span class='ocrx_word' id='word_1_549' title='bbox 2619 941 2857 999; x_wconf 68' lang='lat' dir='ltr'><strong>qumrent</strong></span> <span class='ocrx_word' id='word_1_550' title='bbox 2881 933 2934 986; x_wconf 90' lang='lat' dir='ltr'><strong>in</strong></span> <span class='ocrx_word' id='word_1_551' title='bbox 2971 936 3216 1001; x_wconf 77' lang='lat' dir='ltr'><strong>przesenti</strong></span> <span class='ocrx_word' id='word_1_552' title='bbox 3241 940 3601 1006; x_wconf 86' lang='lat' dir='ltr'><strong>generatione.</strong></span> 
     </span>
    </p>
   </div>
   <div class='ocr_carea' id='block_1_68' title="bbox 2028 1017 3599 1090">
    <p class='ocr_par' dir='ltr' id='par_1_68' title="bbox 2028 1017 3599 1090">
     <span class='ocr_line' id='line_1_68' title="bbox 2028 1017 3599 1090; baseline 0.007 -16"><span class='ocrx_word' id='word_1_553' title='bbox 2028 1019 2130 1074; x_wconf 88' lang='lat' dir='ltr'><strong>Sed</strong></span> <span class='ocrx_word' id='word_1_554' title='bbox 2163 1035 2230 1073; x_wconf 90' lang='lat' dir='ltr'><strong>ne</strong></span> <span class='ocrx_word' id='word_1_555' title='bbox 2256 1017 2371 1073; x_wconf 76' lang='lat' dir='ltr'><strong>hch</strong></span> <span class='ocrx_word' id='word_1_556' title='bbox 2409 1021 2621 1090; x_wconf 91' lang='lat' dir='ltr'><strong>quidem</strong></span> <span class='ocrx_word' id='word_1_557' title='bbox 2657 1021 2810 1076; x_wconf 89' lang='lat' dir='ltr'><strong>nobis</strong></span> <span class='ocrx_word' id='word_1_558' title='bbox 2851 1022 3124 1079; x_wconf 82' lang='lat' dir='ltr'><strong>deficient.</strong></span> <span class='ocrx_word' id='word_1_559' title='bbox 3171 1026 3313 1082; x_wconf 88' lang='lat' dir='ltr'><strong>Talis</strong></span> <span class='ocrx_word' id='word_1_560' title='bbox 3341 1030 3482 1084; x_wconf 87' lang='lat' dir='ltr'><strong>enim</strong></span> <span class='ocrx_word' id='word_1_561' title='bbox 3511 1047 3599 1085; x_wconf 85' lang='lat' dir='ltr'><strong>res</strong></span> 
     </span>
    </p>
   </div>
   <div class='ocr_carea' id='block_1_69' title="bbox 2028 1111 3599 1188">
    <p class='ocr_par' dir='ltr' id='par_1_69' title="bbox 2028 1111 3599 1188">
     <span class='ocr_line' id='line_1_69' title="bbox 2028 1111 3599 1188; baseline 0.008 -24"><span class='ocrx_word' id='word_1_562' title='bbox 2028 1122 2110 1165; x_wconf 91' lang='lat' dir='ltr'><strong>est</strong></span> <span class='ocrx_word' id='word_1_563' title='bbox 2147 1111 2342 1166; x_wconf 89' lang='lat' dir='ltr'><strong>veritas</strong></span> <span class='ocrx_word' id='word_1_564' title='bbox 2376 1129 2389 1164; x_wconf 90' lang='lat'>:</span> <span class='ocrx_word' id='word_1_565' title='bbox 2419 1111 2650 1166; x_wconf 89' lang='lat' dir='ltr'><strong>abundat</strong></span> <span class='ocrx_word' id='word_1_566' title='bbox 2681 1112 2839 1183; x_wconf 87' lang='lat' dir='ltr'><strong>justis</strong></span> <span class='ocrx_word' id='word_1_567' title='bbox 2882 1115 3174 1172; x_wconf 89' lang='lat' dir='ltr'><strong>rationibus</strong></span> <span class='ocrx_word' id='word_1_568' title='bbox 3219 1120 3407 1188; x_wconf 89' lang='lat' dir='ltr'><strong>quibus</strong></span> <span class='ocrx_word' id='word_1_569' title='bbox 3449 1136 3599 1176; x_wconf 86' lang='lat' dir='ltr'><strong>suam</strong></span> 
     </span>
    </p>
   </div>
   <div class='ocr_carea' id='block_1_70' title="bbox 2027 1202 3598 1282">
    <p class='ocr_par' dir='ltr' id='par_1_70' title="bbox 2027 1202 3598 1282">
     <span class='ocr_line' id='line_1_70' title="bbox 2027 1202 3598 1282; baseline 0.008 -26"><span class='ocrx_word' id='word_1_570' title='bbox 2027 1215 2240 1256; x_wconf 90' lang='lat' dir='ltr'><strong>causam</strong></span> <span class='ocrx_word' id='word_1_571' title='bbox 2289 1211 2514 1256; x_wconf 91' lang='lat' dir='ltr'><strong>tueatur.</strong></span> <span class='ocrx_word' id='word_1_572' title='bbox 2543 1202 2674 1257; x_wconf 85' lang='lat' dir='ltr'><strong>Nam</strong></span> <span class='ocrx_word' id='word_1_573' title='bbox 2721 1204 2807 1260; x_wconf 90' lang='lat' dir='ltr'><strong>hic</strong></span> <span class='ocrx_word' id='word_1_574' title='bbox 2848 1207 3079 1262; x_wconf 81' lang='lat' dir='ltr'><strong>maxime</strong></span> <span class='ocrx_word' id='word_1_575' title='bbox 3103 1223 3171 1263; x_wconf 84' lang='lat' dir='ltr'><strong>ne</strong></span> <span class='ocrx_word' id='word_1_576' title='bbox 3200 1210 3358 1264; x_wconf 90' lang='lat' dir='ltr'><strong>ullam</strong></span> <span class='ocrx_word' id='word_1_577' title='bbox 3386 1213 3598 1282; x_wconf 90' lang='lat' dir='ltr'><strong>quidem</strong></span> 
     </span>
    </p>
   </div>
   <div class='ocr_carea' id='block_1_71' title="bbox 2026 1293 3596 1362">
    <p class='ocr_par' dir='ltr' id='par_1_71' title="bbox 2026 1293 3596 1362">
     <span class='ocr_line' id='line_1_71' title="bbox 2026 1293 3596 1362; baseline 0.007 -16"><span class='ocrx_word' id='word_1_578' title='bbox 2026 1301 2248 1362; x_wconf 89' lang='lat' dir='ltr'><strong>possunt</strong></span> <span class='ocrx_word' id='word_1_579' title='bbox 2289 1293 2531 1348; x_wconf 87' lang='lat' dir='ltr'><strong>umbram</strong></span> <span class='ocrx_word' id='word_1_580' title='bbox 2573 1293 2763 1350; x_wconf 74' lang='lat' dir='ltr'><strong>afferre</strong></span> <span class='ocrx_word' id='word_1_581' title='bbox 2805 1297 3257 1353; x_wconf 87' lang='lat' dir='ltr'><strong>contradictionis.</strong></span> <span class='ocrx_word' id='word_1_582' title='bbox 3304 1301 3414 1356; x_wconf 85' lang='lat' dir='ltr'><strong>Etsi</strong></span> <span class='ocrx_word' id='word_1_583' title='bbox 3455 1305 3596 1357; x_wconf 88' lang='lat' dir='ltr'><strong>enim</strong></span> 
     </span>
    </p>
   </div>
   <div class='ocr_carea' id='block_1_72' title="bbox 2024 1383 3600 1460">
    <p class='ocr_par' dir='ltr' id='par_1_72' title="bbox 2024 1383 3600 1460">
     <span class='ocr_line' id='line_1_72' title="bbox 2024 1383 3600 1460; baseline 0.007 -23"><span class='ocrx_word' id='word_1_584' title='bbox 2024 1399 2130 1437; x_wconf 93' lang='lat' dir='ltr'><strong>non</strong></span> <span class='ocrx_word' id='word_1_585' title='bbox 2160 1383 2370 1448; x_wconf 87' lang='lat' dir='ltr'><strong>aderas,</strong></span> <span class='ocrx_word' id='word_1_586' title='bbox 2397 1384 2606 1454; x_wconf 86' lang='lat' dir='ltr'><strong>quando</strong></span> <span class='ocrx_word' id='word_1_587' title='bbox 2636 1386 2950 1441; x_wconf 90' lang='lat' dir='ltr'><strong>nascebatur</strong></span> <span class='ocrx_word' id='word_1_588' title='bbox 2969 1403 3033 1441; x_wconf 78' lang='lat' dir='ltr'><strong>ex</strong></span> <span class='ocrx_word' id='word_1_589' title='bbox 3060 1387 3294 1459; x_wconf 85' lang='lat' dir='ltr'><strong>Virgine,</strong></span> <span class='ocrx_word' id='word_1_590' title='bbox 3320 1397 3600 1460; x_wconf 84' lang='lat' dir='ltr'><strong>Oportebat</strong></span> 
     </span>
    </p>
   </div>
   <div class='ocr_carea' id='block_1_73' title="bbox 2025 1473 3594 1551">
    <p class='ocr_par' dir='ltr' id='par_1_73' title="bbox 2025 1473 3594 1551">
     <span class='ocr_line' id='line_1_73' title="bbox 2025 1473 3594 1551; baseline 0.006 -24"><span class='ocrx_word' id='word_1_591' title='bbox 2025 1481 2202 1527; x_wconf 85' lang='lat' dir='ltr'><strong>tamen</strong></span> <span class='ocrx_word' id='word_1_592' title='bbox 2231 1473 2448 1528; x_wconf 86' lang='lat' dir='ltr'><strong>credere</strong></span> <span class='ocrx_word' id='word_1_593' title='bbox 2473 1473 2746 1543; x_wconf 71' lang='lat' dir='ltr'><strong>prophetae</strong></span> <span class='ocrx_word' id='word_1_594' title='bbox 2771 1475 2962 1530; x_wconf 85' lang='lat' dir='ltr'><strong>dicenti</strong></span> <span class='ocrx_word' id='word_1_595' title='bbox 2993 1495 3006 1530; x_wconf 92' lang='lat'><strong>:</strong></span> <span class='ocrx_word' id='word_1_596' title='bbox 3037 1475 3169 1531; x_wconf 86' lang='lat' dir='ltr'><strong>Ecce</strong></span> <span class='ocrx_word' id='word_1_597' title='bbox 3200 1480 3340 1551; x_wconf 84' lang='lat' dir='ltr'><strong>virgo</strong></span> <span class='ocrx_word' id='word_1_598' title='bbox 3371 1482 3424 1535; x_wconf 86' lang='lat' dir='ltr'><strong>in</strong></span> <span class='ocrx_word' id='word_1_599' title='bbox 3453 1491 3594 1537; x_wconf 84' lang='lat' dir='ltr'><strong>utero</strong></span> 
     </span>
    </p>
   </div>
   <div class='ocr_carea' id='block_1_74' title="bbox 2022 1565 3594 1646">
    <p class='ocr_par' dir='ltr' id='par_1_74' title="bbox 2022 1565 3594 1646">
     <span class='ocr_line' id='line_1_74' title="bbox 2022 1565 3594 1646; baseline 0.008 -30"><span class='ocrx_word' id='word_1_600' title='bbox 2022 1565 2306 1635; x_wconf 82' lang='lat' dir='ltr'><strong>concipiet,</strong></span> <span class='ocrx_word' id='word_1_601' title='bbox 2351 1575 2400 1618; x_wconf 86' lang='lat' dir='ltr'><strong>et</strong></span> <span class='ocrx_word' id='word_1_602' title='bbox 2436 1567 2596 1636; x_wconf 86' lang='lat' dir='ltr'><strong>pariet</strong></span> <span class='ocrx_word' id='word_1_603' title='bbox 2639 1566 2804 1634; x_wconf 76' lang='lat' dir='ltr'><strong>ﬁlium</strong></span> <span class='ocrx_word' id='word_1_604' title='bbox 2831 1583 2845 1620; x_wconf 87' lang='lat'><strong><em>:</em></strong></span> <span class='ocrx_word' id='word_1_605' title='bbox 2877 1578 2924 1621; x_wconf 85' lang='lat' dir='ltr'><strong>et</strong></span> <span class='ocrx_word' id='word_1_606' title='bbox 2971 1570 3216 1624; x_wconf 81' lang='lat' dir='ltr'><strong>vocabunt</strong></span> <span class='ocrx_word' id='word_1_607' title='bbox 3259 1589 3438 1627; x_wconf 83' lang='lat' dir='ltr'><strong>nomen</strong></span> <span class='ocrx_word' id='word_1_608' title='bbox 3483 1576 3594 1646; x_wconf 84' lang='lat' dir='ltr'><strong>ejus</strong></span> 
     </span>
    </p>
   </div>
   <div class='ocr_carea' id='block_1_75' title="bbox 2022 1654 3596 1731">
    <p class='ocr_par' dir='ltr' id='par_1_75' title="bbox 2022 1654 3596 1731">
     <span class='ocr_line' id='line_1_75' title="bbox 2022 1654 3596 1731; baseline 0.008 -23"><span class='ocrx_word' id='word_1_609' title='bbox 2022 1654 2319 1710; x_wconf 84' lang='lat' dir='ltr'><strong>Emmanuel</strong></span> <span class='ocrx_word' id='word_1_610' title='bbox 2340 1655 2490 1724; x_wconf 86' lang='lat' dir='ltr'><strong>(Isai.</strong></span> <span class='ocrx_word' id='word_1_611' title='bbox 2521 1657 2572 1710; x_wconf 85' lang='lat'><strong>7.</strong></span> <span class='ocrx_word' id='word_1_612' title='bbox 2602 1657 2712 1727; x_wconf 74' lang='lat' dir='ltr'><strong>M).</strong></span> <span class='ocrx_word' id='word_1_613' title='bbox 2743 1657 2798 1712; x_wconf 91' lang='lat' dir='ltr'><strong>Si</strong></span> <span class='ocrx_word' id='word_1_614' title='bbox 2826 1673 2930 1712; x_wconf 92' lang='lat' dir='ltr'><strong>non</strong></span> <span class='ocrx_word' id='word_1_615' title='bbox 2956 1659 3163 1728; x_wconf 89' lang='lat' dir='ltr'><strong>aderas,</strong></span> <span class='ocrx_word' id='word_1_616' title='bbox 3196 1664 3406 1731; x_wconf 92' lang='lat' dir='ltr'><strong>quando</strong></span> <span class='ocrx_word' id='word_1_617' title='bbox 3433 1679 3596 1722; x_wconf 89' lang='lat' dir='ltr'><strong>carne</strong></span> 
     </span>
    </p>
   </div>
   <div class='ocr_carea' id='block_1_76' title="bbox 2021 1746 3594 1811">
    <p class='ocr_par' dir='ltr' id='par_1_76' title="bbox 2021 1746 3594 1811">
     <span class='ocr_line' id='line_1_76' title="bbox 2021 1746 3594 1811; baseline 0.006 -11"><span class='ocrx_word' id='word_1_618' title='bbox 2021 1754 2192 1800; x_wconf 92' lang='lat' dir='ltr'><strong>tectus</strong></span> <span class='ocrx_word' id='word_1_619' title='bbox 2226 1754 2424 1801; x_wconf 91' lang='lat' dir='ltr'><strong>terram</strong></span> <span class='ocrx_word' id='word_1_620' title='bbox 2455 1746 2651 1811; x_wconf 90' lang='lat' dir='ltr'><strong>obibat,</strong></span> <span class='ocrx_word' id='word_1_621' title='bbox 2687 1757 2741 1802; x_wconf 91' lang='lat' dir='ltr'><strong>et</strong></span> <span class='ocrx_word' id='word_1_622' title='bbox 2768 1749 2921 1803; x_wconf 90' lang='lat' dir='ltr'><strong>simul</strong></span> <span class='ocrx_word' id='word_1_623' title='bbox 2953 1764 3071 1804; x_wconf 90' lang='lat' dir='ltr'><strong>cum</strong></span> <span class='ocrx_word' id='word_1_624' title='bbox 3093 1753 3262 1807; x_wconf 85' lang='lat' dir='ltr'><strong>servis</strong></span> <span class='ocrx_word' id='word_1_625' title='bbox 3285 1755 3594 1811; x_wconf 90' lang='lat' dir='ltr'><strong>versabatur</strong></span> 
     </span>
    </p>
   </div>
   <div class='ocr_carea' id='block_1_77' title="bbox 2021 1836 3593 1912">
    <p class='ocr_par' dir='ltr' id='par_1_77' title="bbox 2021 1836 3593 1912">
     <span class='ocr_line' id='line_1_77' title="bbox 2021 1836 3593 1912; baseline 0.006 -21"><span class='ocrx_word' id='word_1_626' title='bbox 2021 1836 2308 1904; x_wconf 90' lang='lat' dir='ltr'><strong>Dominus,</strong></span> <span class='ocrx_word' id='word_1_627' title='bbox 2353 1837 2468 1907; x_wconf 85' lang='lat' dir='ltr'><strong>lege</strong></span> <span class='ocrx_word' id='word_1_628' title='bbox 2493 1838 2777 1892; x_wconf 86' lang='lat' dir='ltr'><strong>Jcremiam</strong></span> <span class='ocrx_word' id='word_1_629' title='bbox 2800 1879 2815 1905; x_wconf 87' lang='lat'><strong>,</strong></span> <span class='ocrx_word' id='word_1_630' title='bbox 2845 1848 2900 1894; x_wconf 89' lang='lat' dir='ltr'><strong>et</strong></span> <span class='ocrx_word' id='word_1_631' title='bbox 2927 1840 3015 1894; x_wconf 91' lang='lat' dir='ltr'><strong>ille</strong></span> <span class='ocrx_word' id='word_1_632' title='bbox 3043 1851 3213 1896; x_wconf 88' lang='lat' dir='ltr'><strong>tecum</strong></span> <span class='ocrx_word' id='word_1_633' title='bbox 3244 1843 3488 1912; x_wconf 86' lang='lat' dir='ltr'><strong>loquetur</strong></span> <span class='ocrx_word' id='word_1_634' title='bbox 3516 1847 3593 1901; x_wconf 92' lang='lat' dir='ltr'><strong>sic</strong></span> 
     </span>
    </p>
   </div>
   <div class='ocr_carea' id='block_1_78' title="bbox 2017 1927 3593 2002">
    <p class='ocr_par' dir='ltr' id='par_1_78' title="bbox 2017 1927 3593 2002">
     <span class='ocr_line' id='line_1_78' title="bbox 2017 1927 3593 2002; baseline 0.004 -19"><span class='ocrx_word' id='word_1_635' title='bbox 2017 1928 2198 1985; x_wconf 83' lang='lat' dir='ltr'><strong>dicens</strong></span> <span class='ocrx_word' id='word_1_636' title='bbox 2234 1947 2246 1982; x_wconf 91' lang='lat'>:</span> <span class='ocrx_word' id='word_1_637' title='bbox 2283 1927 2380 1982; x_wconf 87' lang='lat' dir='ltr'><strong>Hic</strong></span> <span class='ocrx_word' id='word_1_638' title='bbox 2423 1939 2494 1984; x_wconf 84' lang='lat' dir='ltr'><strong>est</strong></span> <span class='ocrx_word' id='word_1_639' title='bbox 2538 1929 2676 1983; x_wconf 88' lang='lat' dir='ltr'><strong>Deus</strong></span> <span class='ocrx_word' id='word_1_640' title='bbox 2727 1939 2893 1984; x_wconf 82' lang='lat' dir='ltr'><strong>noster</strong></span> <span class='ocrx_word' id='word_1_641' title='bbox 2918 1946 2936 1983; x_wconf 92' lang='lat'><strong><em>:</em></strong></span> <span class='ocrx_word' id='word_1_642' title='bbox 2961 1948 3061 1985; x_wconf 82' lang='lat' dir='ltr'><strong>non</strong></span> <span class='ocrx_word' id='word_1_643' title='bbox 3107 1934 3418 2002; x_wconf 85' lang='lat' dir='ltr'><strong>reputabitur</strong></span> <span class='ocrx_word' id='word_1_644' title='bbox 3460 1936 3593 1989; x_wconf 86' lang='lat' dir='ltr'><strong>alius</strong></span> 
     </span>
    </p>
   </div>
   <div class='ocr_carea' id='block_1_79' title="bbox 2017 2021 3592 2093">
    <p class='ocr_par' dir='ltr' id='par_1_79' title="bbox 2017 2021 3592 2093">
     <span class='ocr_line' id='line_1_79' title="bbox 2017 2021 3592 2093; baseline 0.005 -17"><span class='ocrx_word' id='word_1_645' title='bbox 2017 2032 2195 2092; x_wconf 79' lang='lat' dir='ltr'><strong>prwter</strong></span> <span class='ocrx_word' id='word_1_646' title='bbox 2236 2023 2419 2091; x_wconf 87' lang='lat' dir='ltr'><strong>ipsum.</strong></span> <span class='ocrx_word' id='word_1_647' title='bbox 2471 2021 2668 2077; x_wconf 83' lang='lat' dir='ltr'><strong>Invenit</strong></span> <span class='ocrx_word' id='word_1_648' title='bbox 2705 2040 2899 2077; x_wconf 87' lang='lat' dir='ltr'><strong>omnem</strong></span> <span class='ocrx_word' id='word_1_649' title='bbox 2923 2025 3054 2078; x_wconf 85' lang='lat' dir='ltr'><strong>viam</strong></span> <span class='ocrx_word' id='word_1_650' title='bbox 3081 2028 3300 2082; x_wconf 76' lang='lat' dir='ltr'><strong>scientia:</strong></span> <span class='ocrx_word' id='word_1_651' title='bbox 3322 2070 3336 2093; x_wconf 95' lang='lat'><strong>,</strong></span> <span class='ocrx_word' id='word_1_652' title='bbox 3372 2039 3418 2082; x_wconf 87' lang='lat' dir='ltr'><strong>et</strong></span> <span class='ocrx_word' id='word_1_653' title='bbox 3456 2031 3592 2084; x_wconf 83' lang='lat' dir='ltr'><strong>dedit</strong></span> 
     </span>
    </p>
   </div>
   <div class='ocr_carea' id='block_1_80' title="bbox 2016 2113 3588 2184">
    <p class='ocr_par' dir='ltr' id='par_1_80' title="bbox 2016 2113 3588 2184">
     <span class='ocr_line' id='line_1_80' title="bbox 2016 2113 3588 2184; baseline 0.004 -16"><span class='ocrx_word' id='word_1_654' title='bbox 2016 2131 2126 2168; x_wconf 90' lang='lat' dir='ltr'><strong>eam</strong></span> <span class='ocrx_word' id='word_1_655' title='bbox 2153 2113 2312 2168; x_wconf 87' lang='lat' dir='ltr'><strong>Jacob</strong></span> <span class='ocrx_word' id='word_1_656' title='bbox 2342 2130 2495 2184; x_wconf 87' lang='lat' dir='ltr'><strong>puero</strong></span> <span class='ocrx_word' id='word_1_657' title='bbox 2520 2130 2610 2181; x_wconf 66' lang='lat' dir='ltr'><strong>suo</strong></span> <span class='ocrx_word' id='word_1_658' title='bbox 2632 2156 2648 2181; x_wconf 95' lang='lat'><strong>,</strong></span> <span class='ocrx_word' id='word_1_659' title='bbox 2679 2125 2723 2168; x_wconf 91' lang='lat' dir='ltr'><strong>et</strong></span> <span class='ocrx_word' id='word_1_660' title='bbox 2750 2113 2934 2168; x_wconf 89' lang='lat' dir='ltr'><strong>Israeli</strong></span> <span class='ocrx_word' id='word_1_661' title='bbox 2959 2116 3137 2171; x_wconf 85' lang='lat' dir='ltr'><strong>dilecto</strong></span> <span class='ocrx_word' id='word_1_662' title='bbox 3175 2135 3286 2172; x_wconf 85' lang='lat' dir='ltr'><strong>suo.</strong></span> <span class='ocrx_word' id='word_1_663' title='bbox 3331 2117 3456 2174; x_wconf 84' lang='lat' dir='ltr'><strong>Post</strong></span> <span class='ocrx_word' id='word_1_664' title='bbox 3481 2122 3588 2175; x_wconf 78' lang='lat' dir='ltr'><strong>lucc</strong></span> 
     </span>
    </p>
   </div>
   <div class='ocr_carea' id='block_1_81' title="bbox 2013 2205 3594 2284">
    <p class='ocr_par' dir='ltr' id='par_1_81' title="bbox 2013 2205 3594 2284">
     <span class='ocr_line' id='line_1_81' title="bbox 2013 2205 3594 2284; baseline 0.004 -25"><span class='ocrx_word' id='word_1_665' title='bbox 2013 2207 2067 2259; x_wconf 83' lang='lat' dir='ltr'><strong>in</strong></span> <span class='ocrx_word' id='word_1_666' title='bbox 2096 2206 2236 2259; x_wconf 85' lang='lat' dir='ltr'><strong>terris</strong></span> <span class='ocrx_word' id='word_1_667' title='bbox 2256 2205 2388 2259; x_wconf 82' lang='lat' dir='ltr'><strong>visus</strong></span> <span class='ocrx_word' id='word_1_668' title='bbox 2407 2215 2498 2273; x_wconf 84' lang='lat' dir='ltr'><strong>est,</strong></span> <span class='ocrx_word' id='word_1_669' title='bbox 2526 2216 2704 2260; x_wconf 86' lang='lat' dir='ltr'><strong>etcum</strong></span> <span class='ocrx_word' id='word_1_670' title='bbox 2730 2206 3010 2262; x_wconf 80' lang='lat' dir='ltr'><strong>hominibus</strong></span> <span class='ocrx_word' id='word_1_671' title='bbox 3038 2220 3351 2265; x_wconf 84' lang='lat' dir='ltr'><strong>conversatus</strong></span> <span class='ocrx_word' id='word_1_672' title='bbox 3369 2221 3441 2266; x_wconf 84' lang='lat' dir='ltr'><strong>est</strong></span> <span class='ocrx_word' id='word_1_673' title='bbox 3466 2212 3594 2284; x_wconf 85' lang='lat' dir='ltr'><strong>(Ba-</strong></span> 
     </span>
    </p>
   </div>
   <div class='ocr_carea' id='block_1_82' title="bbox 2012 2297 2483 2366">
    <p class='ocr_par' dir='ltr' id='par_1_82' title="bbox 2012 2297 2483 2366">
     <span class='ocr_line' id='line_1_82' title="bbox 2012 2297 2483 2366; baseline 0 -16"><span class='ocrx_word' id='word_1_674' title='bbox 2012 2297 2138 2350; x_wconf 84' lang='lat' dir='ltr'><strong>ruch</strong></span> <span class='ocrx_word' id='word_1_675' title='bbox 2185 2298 2237 2352; x_wconf 90' lang='lat'><strong>5.</strong></span> <span class='ocrx_word' id='word_1_676' title='bbox 2268 2297 2483 2366; x_wconf 86' lang='lat'><strong>56-58).</strong></span> 
     </span>
    </p>
   </div>
   <div class='ocr_carea' id='block_1_83' title="bbox 2082 2387 3571 2465">
    <p class='ocr_par' dir='ltr' id='par_1_83' title="bbox 2082 2387 3571 2465">
     <span class='ocr_line' id='line_1_83' title="bbox 2082 2387 3571 2465; baseline 0.005 -21"><span class='ocrx_word' id='word_1_677' title='bbox 2082 2390 2138 2444; x_wconf 78' lang='grc'><strong>4.</strong></span> <span class='ocrx_word' id='word_1_678' title='bbox 2177 2387 2235 2443; x_wconf 89' lang='lat' dir='ltr'><strong>ln</strong></span> <span class='ocrx_word' id='word_1_679' title='bbox 2289 2389 2407 2443; x_wconf 89' lang='lat' dir='ltr'><strong>aliis</strong></span> <span class='ocrx_word' id='word_1_680' title='bbox 2449 2405 2659 2459; x_wconf 90' lang='lat' dir='ltr'><strong>quoque</strong></span> <span class='ocrx_word' id='word_1_681' title='bbox 2709 2391 2952 2446; x_wconf 90' lang='lat' dir='ltr'><strong>omnibus</strong></span> <span class='ocrx_word' id='word_1_682' title='bbox 3001 2393 3204 2448; x_wconf 87' lang='lat' dir='ltr'><strong>videbis</strong></span> <span class='ocrx_word' id='word_1_683' title='bbox 3249 2395 3571 2465; x_wconf 82' lang='lat' dir='ltr'><strong>prophetas,</strong></span> 
     </span>
    </p>
   </div>
   <div class='ocr_carea' id='block_1_84' title="bbox 2011 2481 3588 2556">
    <p class='ocr_par' dir='ltr' id='par_1_84' title="bbox 2011 2481 3588 2556">
     <span class='ocr_line' id='line_1_84' title="bbox 2011 2481 3588 2556; baseline 0.004 -20"><span class='ocrx_word' id='word_1_684' title='bbox 2011 2497 2237 2552; x_wconf 91' lang='lat' dir='ltr'><strong>quorum</strong></span> <span class='ocrx_word' id='word_1_685' title='bbox 2261 2481 2426 2536; x_wconf 90' lang='lat' dir='ltr'><strong>libros</strong></span> <span class='ocrx_word' id='word_1_686' title='bbox 2447 2481 2544 2536; x_wconf 91' lang='lat' dir='ltr'><strong>hac</strong></span> <span class='ocrx_word' id='word_1_687' title='bbox 2573 2482 2640 2536; x_wconf 91' lang='lat' dir='ltr'><strong>de</strong></span> <span class='ocrx_word' id='word_1_688' title='bbox 2663 2497 2820 2538; x_wconf 92' lang='lat' dir='ltr'><strong>causa</strong></span> <span class='ocrx_word' id='word_1_689' title='bbox 2847 2483 2898 2537; x_wconf 92' lang='lat' dir='ltr'><strong>in</strong></span> <span class='ocrx_word' id='word_1_690' title='bbox 2931 2483 3242 2538; x_wconf 90' lang='lat' dir='ltr'><strong>hodiernum</strong></span> <span class='ocrx_word' id='word_1_691' title='bbox 3264 2499 3430 2556; x_wconf 88' lang='lat' dir='ltr'><strong>usque</strong></span> <span class='ocrx_word' id='word_1_692' title='bbox 3446 2487 3588 2543; x_wconf 88' lang='lat' dir='ltr'><strong>diem</strong></span> 
     </span>
    </p>
   </div>
   <div class='ocr_carea' id='block_1_85' title="bbox 2011 2576 3584 2650">
    <p class='ocr_par' dir='ltr' id='par_1_85' title="bbox 2011 2576 3584 2650">
     <span class='ocr_line' id='line_1_85' title="bbox 2011 2576 3584 2650; baseline 0.004 -21"><span class='ocrx_word' id='word_1_693' title='bbox 2011 2576 2204 2632; x_wconf 87' lang='lat' dir='ltr'><strong>frustra</strong></span> <span class='ocrx_word' id='word_1_694' title='bbox 2229 2592 2412 2632; x_wconf 90' lang='lat' dir='ltr'><strong>versas</strong></span> <span class='ocrx_word' id='word_1_695' title='bbox 2439 2587 2492 2632; x_wconf 93' lang='lat' dir='ltr'><strong>et</strong></span> <span class='ocrx_word' id='word_1_696' title='bbox 2516 2578 2704 2646; x_wconf 85' lang='lat' dir='ltr'><strong>agitas,</strong></span> <span class='ocrx_word' id='word_1_697' title='bbox 2729 2579 2841 2633; x_wconf 75' lang='lat' dir='ltr'><strong>lucc</strong></span> <span class='ocrx_word' id='word_1_698' title='bbox 2868 2578 3042 2632; x_wconf 92' lang='lat' dir='ltr'><strong>omnia</strong></span> <span class='ocrx_word' id='word_1_699' title='bbox 3068 2589 3250 2648; x_wconf 90' lang='lat' dir='ltr'><strong>aperte</strong></span> <span class='ocrx_word' id='word_1_700' title='bbox 3276 2579 3584 2650; x_wconf 67' lang='lat' dir='ltr'><strong>praedicare.</strong></span> 
     </span>
    </p>
   </div>
   <div class='ocr_carea' id='block_1_86' title="bbox 2009 2669 3584 2740">
    <p class='ocr_par' dir='ltr' id='par_1_86' title="bbox 2009 2669 3584 2740">
     <span class='ocr_line' id='line_1_86' title="bbox 2009 2669 3584 2740; baseline 0.001 -15"><span class='ocrx_word' id='word_1_701' title='bbox 2009 2669 2112 2725; x_wconf 89' lang='lat' dir='ltr'><strong>Sed</strong></span> <span class='ocrx_word' id='word_1_702' title='bbox 2143 2669 2403 2738; x_wconf 90' lang='lat' dir='ltr'><strong>ejusmodi</strong></span> <span class='ocrx_word' id='word_1_703' title='bbox 2432 2670 2642 2740; x_wconf 90' lang='lat' dir='ltr'><strong>quidem</strong></span> <span class='ocrx_word' id='word_1_704' title='bbox 2669 2671 2958 2724; x_wconf 87' lang='lat' dir='ltr'><strong>certamina</strong></span> <span class='ocrx_word' id='word_1_705' title='bbox 2985 2685 3128 2740; x_wconf 73' lang='lat' dir='ltr'><strong>sazpe</strong></span> <span class='ocrx_word' id='word_1_706' title='bbox 3155 2671 3410 2727; x_wconf 89' lang='lat' dir='ltr'><strong>adversus</strong></span> <span class='ocrx_word' id='word_1_707' title='bbox 3437 2687 3530 2728; x_wconf 87' lang='lat' dir='ltr'><strong>eos</strong></span> <span class='ocrx_word' id='word_1_708' title='bbox 3554 2690 3584 2727; x_wconf 91' lang='lat' dir='ltr'><strong>a</strong></span> 
     </span>
    </p>
   </div>
   <div class='ocr_carea' id='block_1_87' title="bbox 2013 2762 3585 2834">
    <p class='ocr_par' dir='ltr' id='par_1_87' title="bbox 2013 2762 3585 2834">
     <span class='ocr_line' id='line_1_87' title="bbox 2013 2762 3585 2834; baseline 0.003 -18"><span class='ocrx_word' id='word_1_709' title='bbox 2013 2763 2166 2816; x_wconf 91' lang='lat' dir='ltr'><strong>nobis</strong></span> <span class='ocrx_word' id='word_1_710' title='bbox 2191 2762 2410 2817; x_wconf 84' lang='lat' dir='ltr'><strong>dicenda</strong></span> <span class='ocrx_word' id='word_1_711' title='bbox 2450 2772 2692 2832; x_wconf 89' lang='lat' dir='ltr'><strong>suscepta</strong></span> <span class='ocrx_word' id='word_1_712' title='bbox 2720 2773 2883 2828; x_wconf 90' lang='lat' dir='ltr'><strong>sunt,</strong></span> <span class='ocrx_word' id='word_1_713' title='bbox 2916 2774 2970 2818; x_wconf 90' lang='lat' dir='ltr'><strong>et</strong></span> <span class='ocrx_word' id='word_1_714' title='bbox 3008 2779 3150 2833; x_wconf 76' lang='lat' dir='ltr'><strong>saepe</strong></span> <span class='ocrx_word' id='word_1_715' title='bbox 3194 2767 3585 2834; x_wconf 89' lang='lat' dir='ltr'><strong>suscipientur:</strong></span> 
     </span>
    </p>
   </div>
   <div class='ocr_carea' id='block_1_88' title="bbox 2015 2855 3588 2923">
    <p class='ocr_par' dir='ltr' id='par_1_88' title="bbox 2015 2855 3588 2923">
     <span class='ocr_line' id='line_1_88' title="bbox 2015 2855 3588 2923; baseline 0.002 -16"><span class='ocrx_word' id='word_1_716' title='bbox 2015 2867 2158 2907; x_wconf 91' lang='lat' dir='ltr'><strong>nunc</strong></span> <span class='ocrx_word' id='word_1_717' title='bbox 2197 2861 2372 2907; x_wconf 84' lang='lat' dir='ltr'><strong>autem</strong></span> <span class='ocrx_word' id='word_1_718' title='bbox 2411 2868 2530 2922; x_wconf 70' lang='lat' dir='ltr'><strong>qua:</strong></span> <span class='ocrx_word' id='word_1_719' title='bbox 2559 2861 2681 2907; x_wconf 92' lang='lat' dir='ltr'><strong>sunt</strong></span> <span class='ocrx_word' id='word_1_720' title='bbox 2705 2863 2945 2923; x_wconf 85' lang='lat' dir='ltr'><strong>suscepta</strong></span> <span class='ocrx_word' id='word_1_721' title='bbox 2973 2867 3374 2923; x_wconf 87' lang='lat' dir='ltr'><strong>prosequamur.</strong></span> <span class='ocrx_word' id='word_1_722' title='bbox 3406 2855 3472 2910; x_wconf 85' lang='lat' dir='ltr'><strong>Et</strong></span> <span class='ocrx_word' id='word_1_723' title='bbox 3495 2873 3588 2910; x_wconf 89' lang='lat' dir='ltr'><strong>an-</strong></span> 
     </span>
    </p>
   </div>
   <div class='ocr_carea' id='block_1_89' title="bbox 2009 2939 3579 3016">
    <p class='ocr_par' dir='ltr' id='par_1_89' title="bbox 2009 2939 3579 3016">
     <span class='ocr_line' id='line_1_89' title="bbox 2009 2939 3579 3016; baseline 0.002 -19"><span class='ocrx_word' id='word_1_724' title='bbox 2009 2942 2309 2997; x_wconf 84' lang='lat' dir='ltr'><strong>nuntiabunt</strong></span> <span class='ocrx_word' id='word_1_725' title='bbox 2325 2940 2442 2994; x_wconf 77' lang='lat' dir='ltr'><strong>cwli</strong></span> <span class='ocrx_word' id='word_1_726' title='bbox 2449 2939 2720 3010; x_wconf 86' lang='lat' dir='ltr'><strong>justitiam</strong></span> <span class='ocrx_word' id='word_1_727' title='bbox 2731 2942 2862 3012; x_wconf 85' lang='lat' dir='ltr'><strong>ejus,</strong></span> <span class='ocrx_word' id='word_1_728' title='bbox 2880 2943 3126 3013; x_wconf 83' lang='lat' dir='ltr'><strong>quoniam</strong></span> <span class='ocrx_word' id='word_1_729' title='bbox 3145 2943 3278 2998; x_wconf 87' lang='lat' dir='ltr'><strong>Deus</strong></span> <span class='ocrx_word' id='word_1_730' title='bbox 3299 2946 3461 3016; x_wconf 81' lang='lat' dir='ltr'><strong>judea:</strong></span> <span class='ocrx_word' id='word_1_731' title='bbox 3484 2958 3579 3000; x_wconf 87' lang='lat' dir='ltr'><strong>est.</strong></span> 
     </span>
    </p>
   </div>
   <div class='ocr_carea' id='block_1_90' title="bbox 2009 3031 3587 3105">
    <p class='ocr_par' dir='ltr' id='par_1_90' title="bbox 2009 3031 3587 3105">
     <span class='ocr_line' id='line_1_90' title="bbox 2009 3031 3587 3105; baseline 0.003 -18"><span class='ocrx_word' id='word_1_732' title='bbox 2009 3033 2107 3088; x_wconf 89' lang='lat' dir='ltr'><strong>llic</strong></span> <span class='ocrx_word' id='word_1_733' title='bbox 2150 3032 2276 3088; x_wconf 92' lang='lat' dir='ltr'><strong>mihi</strong></span> <span class='ocrx_word' id='word_1_734' title='bbox 2323 3031 2530 3087; x_wconf 88' lang='lat' dir='ltr'><strong>videtur</strong></span> <span class='ocrx_word' id='word_1_735' title='bbox 2571 3031 2751 3088; x_wconf 89' lang='lat' dir='ltr'><strong>dicere</strong></span> <span class='ocrx_word' id='word_1_736' title='bbox 2796 3032 3090 3102; x_wconf 89' lang='lat' dir='ltr'><strong>justitiam,</strong></span> <span class='ocrx_word' id='word_1_737' title='bbox 3137 3035 3419 3089; x_wconf 87' lang='lat' dir='ltr'><strong>maximam</strong></span> <span class='ocrx_word' id='word_1_738' title='bbox 3465 3036 3587 3105; x_wconf 85' lang='lat' dir='ltr'><strong>ejus</strong></span> 
     </span>
    </p>
   </div>
   <div class='ocr_carea' id='block_1_91' title="bbox 2007 3122 3586 3192">
    <p class='ocr_par' dir='ltr' id='par_1_91' title="bbox 2007 3122 3586 3192">
     <span class='ocr_line' id='line_1_91' title="bbox 2007 3122 3586 3192; baseline 0.001 -14"><span class='ocrx_word' id='word_1_739' title='bbox 2007 3138 2187 3178; x_wconf 89' lang='lat' dir='ltr'><strong>curam</strong></span> <span class='ocrx_word' id='word_1_740' title='bbox 2216 3133 2269 3178; x_wconf 92' lang='lat' dir='ltr'><strong>et</strong></span> <span class='ocrx_word' id='word_1_741' title='bbox 2291 3135 2550 3176; x_wconf 87' lang='lat' dir='ltr'><strong>summam</strong></span> <span class='ocrx_word' id='word_1_742' title='bbox 2580 3122 2632 3176; x_wconf 92' lang='lat' dir='ltr'><strong>in</strong></span> <span class='ocrx_word' id='word_1_743' title='bbox 2662 3137 2754 3177; x_wconf 92' lang='lat' dir='ltr'><strong>eos</strong></span> <span class='ocrx_word' id='word_1_744' title='bbox 2779 3122 2923 3191; x_wconf 89' lang='lat' dir='ltr'><strong>ipsos</strong></span> <span class='ocrx_word' id='word_1_745' title='bbox 2955 3122 3334 3192; x_wconf 89' lang='lat' dir='ltr'><strong>benignitatem</strong></span> <span class='ocrx_word' id='word_1_746' title='bbox 3358 3165 3374 3191; x_wconf 94' lang='lat'><strong>,</strong></span> <span class='ocrx_word' id='word_1_747' title='bbox 3404 3125 3586 3180; x_wconf 85' lang='lat' dir='ltr'><strong>multi-</strong></span> 
     </span>
    </p>
   </div>
   <div class='ocr_carea' id='block_1_92' title="bbox 2008 3212 3584 3285">
    <p class='ocr_par' dir='ltr' id='par_1_92' title="bbox 2008 3212 3584 3285">
     <span class='ocr_line' id='line_1_92' title="bbox 2008 3212 3584 3285; baseline 0.001 -16"><span class='ocrx_word' id='word_1_748' title='bbox 2008 3215 2218 3285; x_wconf 88' lang='lat' dir='ltr'><strong>plicem,</strong></span> <span class='ocrx_word' id='word_1_749' title='bbox 2243 3213 2441 3268; x_wconf 87' lang='lat' dir='ltr'><strong>variam</strong></span> <span class='ocrx_word' id='word_1_750' title='bbox 2469 3228 2530 3268; x_wconf 90' lang='lat' dir='ltr'><strong>ac</strong></span> <span class='ocrx_word' id='word_1_751' title='bbox 2554 3212 2933 3268; x_wconf 87' lang='lat' dir='ltr'><strong>multiformem</strong></span> <span class='ocrx_word' id='word_1_752' title='bbox 2963 3213 3016 3267; x_wconf 91' lang='lat' dir='ltr'><strong>in</strong></span> <span class='ocrx_word' id='word_1_753' title='bbox 3039 3213 3284 3269; x_wconf 88' lang='lat' dir='ltr'><strong>homines</strong></span> <span class='ocrx_word' id='word_1_754' title='bbox 3305 3216 3584 3284; x_wconf 85' lang='lat' dir='ltr'><strong>providen-</strong></span> 
     </span>
    </p>
   </div>
   <div class='ocr_carea' id='block_1_93' title="bbox 2009 3304 3583 3376">
    <p class='ocr_par' dir='ltr' id='par_1_93' title="bbox 2009 3304 3583 3376">
     <span class='ocr_line' id='line_1_93' title="bbox 2009 3304 3583 3376; baseline 0 -14"><span class='ocrx_word' id='word_1_755' title='bbox 2009 3311 2154 3372; x_wconf 88' lang='lat' dir='ltr'><strong>tiam,</strong></span> <span class='ocrx_word' id='word_1_756' title='bbox 2178 3321 2274 3376; x_wconf 90' lang='lat' dir='ltr'><strong>per</strong></span> <span class='ocrx_word' id='word_1_757' title='bbox 2297 3305 2645 3372; x_wconf 90' lang='lat' dir='ltr'><strong>creationem,</strong></span> <span class='ocrx_word' id='word_1_758' title='bbox 2664 3319 2760 3375; x_wconf 90' lang='lat' dir='ltr'><strong>per</strong></span> <span class='ocrx_word' id='word_1_759' title='bbox 2790 3304 2980 3374; x_wconf 86' lang='lat' dir='ltr'><strong>legem,</strong></span> <span class='ocrx_word' id='word_1_760' title='bbox 3011 3320 3106 3373; x_wconf 91' lang='lat' dir='ltr'><strong>per</strong></span> <span class='ocrx_word' id='word_1_761' title='bbox 3132 3306 3374 3374; x_wconf 87' lang='lat' dir='ltr'><strong>gratiam,</strong></span> <span class='ocrx_word' id='word_1_762' title='bbox 3398 3321 3492 3376; x_wconf 88' lang='lat' dir='ltr'><strong>per</strong></span> <span class='ocrx_word' id='word_1_763' title='bbox 3517 3323 3583 3362; x_wconf 89' lang='lat' dir='ltr'><strong>ea</strong></span> 
     </span>
    </p>
   </div>
   <div class='ocr_carea' id='block_1_94' title="bbox 2005 3395 3584 3470">
    <p class='ocr_par' dir='ltr' id='par_1_94' title="bbox 2005 3395 3584 3470">
     <span class='ocr_line' id='line_1_94' title="bbox 2005 3395 3584 3470; baseline -0.001 -16"><span class='ocrx_word' id='word_1_764' title='bbox 2005 3414 2124 3470; x_wconf 85' lang='lat' dir='ltr'><strong>quae</strong></span> <span class='ocrx_word' id='word_1_765' title='bbox 2151 3399 2250 3453; x_wconf 90' lang='lat' dir='ltr'><strong>sub</strong></span> <span class='ocrx_word' id='word_1_766' title='bbox 2277 3398 2444 3453; x_wconf 91' lang='lat' dir='ltr'><strong>visum</strong></span> <span class='ocrx_word' id='word_1_767' title='bbox 2471 3395 2667 3451; x_wconf 91' lang='lat' dir='ltr'><strong>cadunt</strong></span> <span class='ocrx_word' id='word_1_768' title='bbox 2688 3436 2704 3461; x_wconf 96' lang='lat'><strong>,</strong></span> <span class='ocrx_word' id='word_1_769' title='bbox 2735 3404 2790 3450; x_wconf 90' lang='lat' dir='ltr'><strong>et</strong></span> <span class='ocrx_word' id='word_1_770' title='bbox 2824 3409 2942 3465; x_wconf 83' lang='lat' dir='ltr'><strong>quae</strong></span> <span class='ocrx_word' id='word_1_771' title='bbox 2967 3410 3071 3449; x_wconf 92' lang='lat' dir='ltr'><strong>non</strong></span> <span class='ocrx_word' id='word_1_772' title='bbox 3093 3395 3317 3463; x_wconf 88' lang='lat' dir='ltr'><strong>cadunt,</strong></span> <span class='ocrx_word' id='word_1_773' title='bbox 3346 3411 3440 3466; x_wconf 89' lang='lat' dir='ltr'><strong>per</strong></span> <span class='ocrx_word' id='word_1_774' title='bbox 3463 3411 3584 3468; x_wconf 87' lang='lat' dir='ltr'><strong>pro-</strong></span> 
     </span>
    </p>
   </div>
   <div class='ocr_carea' id='block_1_95' title="bbox 2007 3487 3584 3563">
    <p class='ocr_par' dir='ltr' id='par_1_95' title="bbox 2007 3487 3584 3563">
     <span class='ocr_line' id='line_1_95' title="bbox 2007 3487 3584 3563; baseline -0.001 -17"><span class='ocrx_word' id='word_1_775' title='bbox 2007 3493 2213 3563; x_wconf 89' lang='lat' dir='ltr'><strong>phetas,</strong></span> <span class='ocrx_word' id='word_1_776' title='bbox 2245 3506 2338 3560; x_wconf 89' lang='lat' dir='ltr'><strong>per</strong></span> <span class='ocrx_word' id='word_1_777' title='bbox 2362 3489 2598 3559; x_wconf 86' lang='lat' dir='ltr'><strong>angelos,</strong></span> <span class='ocrx_word' id='word_1_778' title='bbox 2624 3502 2718 3557; x_wconf 90' lang='lat' dir='ltr'><strong>per</strong></span> <span class='ocrx_word' id='word_1_779' title='bbox 2741 3487 3028 3556; x_wconf 90' lang='lat' dir='ltr'><strong>apostolos,</strong></span> <span class='ocrx_word' id='word_1_780' title='bbox 3056 3502 3151 3556; x_wconf 90' lang='lat' dir='ltr'><strong>per</strong></span> <span class='ocrx_word' id='word_1_781' title='bbox 3175 3488 3428 3558; x_wconf 88' lang='lat' dir='ltr'><strong>supplicia</strong></span> <span class='ocrx_word' id='word_1_782' title='bbox 3452 3528 3467 3554; x_wconf 90' lang='lat'><strong>,</strong></span> <span class='ocrx_word' id='word_1_783' title='bbox 3491 3504 3584 3558; x_wconf 79' lang='lat' dir='ltr'><strong>per</strong></span> 
     </span>
    </p>
   </div>
   <div class='ocr_carea' id='block_1_96' title="bbox 2005 3578 3584 3650">
    <p class='ocr_par' dir='ltr' id='par_1_96' title="bbox 2005 3578 3584 3650">
     <span class='ocr_line' id='line_1_96' title="bbox 2005 3578 3584 3650; baseline -0.002 -13"><span class='ocrx_word' id='word_1_784' title='bbox 2005 3581 2279 3645; x_wconf 87' lang='lat' dir='ltr'><strong>beneficia,</strong></span> <span class='ocrx_word' id='word_1_785' title='bbox 2304 3595 2397 3650; x_wconf 90' lang='lat' dir='ltr'><strong>per</strong></span> <span class='ocrx_word' id='word_1_786' title='bbox 2419 3580 2607 3644; x_wconf 89' lang='lat' dir='ltr'><strong>minas,</strong></span> <span class='ocrx_word' id='word_1_787' title='bbox 2642 3593 2736 3648; x_wconf 89' lang='lat' dir='ltr'><strong>per</strong></span> <span class='ocrx_word' id='word_1_788' title='bbox 2763 3578 3045 3647; x_wconf 90' lang='lat' dir='ltr'><strong>promissa,</strong></span> <span class='ocrx_word' id='word_1_789' title='bbox 3069 3593 3164 3648; x_wconf 88' lang='lat' dir='ltr'><strong>per</strong></span> <span class='ocrx_word' id='word_1_790' title='bbox 3183 3579 3423 3634; x_wconf 89' lang='lat' dir='ltr'><strong>ordinem</strong></span> <span class='ocrx_word' id='word_1_791' title='bbox 3454 3587 3584 3634; x_wconf 90' lang='lat' dir='ltr'><strong>tem-</strong></span> 
     </span>
    </p>
   </div>
   <div class='ocr_carea' id='block_1_97' title="bbox 2006 3668 3582 3743">
    <p class='ocr_par' dir='ltr' id='par_1_97' title="bbox 2006 3668 3582 3743">
     <span class='ocr_line' id='line_1_97' title="bbox 2006 3668 3582 3743; baseline -0.001 -15"><span class='ocrx_word' id='word_1_792' title='bbox 2006 3674 2170 3743; x_wconf 90' lang='lat' dir='ltr'><strong>poris.</strong></span> <span class='ocrx_word' id='word_1_793' title='bbox 2193 3674 2246 3726; x_wconf 92' lang='lat'><strong>7.</strong></span> <span class='ocrx_word' id='word_1_794' title='bbox 2270 3671 2424 3734; x_wconf 85' lang='lat' dir='ltr'><strong>Audi,</strong></span> <span class='ocrx_word' id='word_1_795' title='bbox 2457 3670 2672 3741; x_wconf 82' lang='lat' dir='ltr'><strong>populus</strong></span> <span class='ocrx_word' id='word_1_796' title='bbox 2707 3685 2864 3736; x_wconf 87' lang='lat' dir='ltr'><strong>meus,</strong></span> <span class='ocrx_word' id='word_1_797' title='bbox 2889 3678 2935 3723; x_wconf 86' lang='lat' dir='ltr'><strong>et</strong></span> <span class='ocrx_word' id='word_1_798' title='bbox 2964 3669 3141 3739; x_wconf 81' lang='lat' dir='ltr'><strong>loquar</strong></span> <span class='ocrx_word' id='word_1_799' title='bbox 3169 3669 3274 3736; x_wconf 87' lang='lat' dir='ltr'><strong>tibi,</strong></span> <span class='ocrx_word' id='word_1_800' title='bbox 3303 3668 3501 3738; x_wconf 84' lang='lat' dir='ltr'><strong>Israel,</strong></span> <span class='ocrx_word' id='word_1_801' title='bbox 3535 3682 3582 3726; x_wconf 85' lang='lat' dir='ltr'><strong>et</strong></span> 
     </span>
    </p>
   </div>
   <div class='ocr_carea' id='block_1_98' title="bbox 2005 3761 3582 3833">
    <p class='ocr_par' dir='ltr' id='par_1_98' title="bbox 2005 3761 3582 3833">
     <span class='ocr_line' id='line_1_98' title="bbox 2005 3761 3582 3833; baseline 0 -15"><span class='ocrx_word' id='word_1_802' title='bbox 2005 3763 2303 3833; x_wconf 86' lang='lat' dir='ltr'><strong>testiﬁcabor</strong></span> <span class='ocrx_word' id='word_1_803' title='bbox 2321 3762 2407 3816; x_wconf 84' lang='lat' dir='ltr'><strong>tibi</strong></span> <span class='ocrx_word' id='word_1_804' title='bbox 2427 3763 2466 3814; x_wconf 76' lang='grc' dir='ltr'><strong>ί.</strong></span> <span class='ocrx_word' id='word_1_805' title='bbox 2490 3761 2622 3816; x_wconf 79' lang='lat' dir='ltr'><strong>V&#39;ide</strong></span> <span class='ocrx_word' id='word_1_806' title='bbox 2650 3776 2834 3816; x_wconf 88' lang='lat' dir='ltr'><strong>rursus</strong></span> <span class='ocrx_word' id='word_1_807' title='bbox 2855 3761 3229 3831; x_wconf 86' lang='lat' dir='ltr'><strong>benignitatem</strong></span> <span class='ocrx_word' id='word_1_808' title='bbox 3259 3770 3312 3817; x_wconf 88' lang='lat' dir='ltr'><strong>et</strong></span> <span class='ocrx_word' id='word_1_809' title='bbox 3334 3777 3582 3818; x_wconf 88' lang='lat' dir='ltr'><strong>mansue-</strong></span> 
     </span>
    </p>
   </div>
   <div class='ocr_carea' id='block_1_99' title="bbox 2006 3852 3582 3925">
    <p class='ocr_par' dir='ltr' id='par_1_99' title="bbox 2006 3852 3582 3925">
     <span class='ocr_line' id='line_1_99' title="bbox 2006 3852 3582 3925; baseline -0.003 -13"><span class='ocrx_word' id='word_1_810' title='bbox 2006 3857 2238 3912; x_wconf 90' lang='lat' dir='ltr'><strong>tudinem</strong></span> <span class='ocrx_word' id='word_1_811' title='bbox 2265 3871 2329 3910; x_wconf 82' lang='lat' dir='ltr'><strong>ex</strong></span> <span class='ocrx_word' id='word_1_812' title='bbox 2357 3855 2473 3925; x_wconf 91' lang='lat' dir='ltr'><strong>ipso</strong></span> <span class='ocrx_word' id='word_1_813' title='bbox 2506 3853 2784 3923; x_wconf 75' lang='lat' dir='ltr'><strong>prooemio.</strong></span> <span class='ocrx_word' id='word_1_814' title='bbox 2818 3852 3046 3907; x_wconf 90' lang='lat' dir='ltr'><strong>Perinde</strong></span> <span class='ocrx_word' id='word_1_815' title='bbox 3082 3853 3223 3909; x_wconf 88' lang='lat' dir='ltr'><strong>enim</strong></span> <span class='ocrx_word' id='word_1_816' title='bbox 3251 3868 3313 3907; x_wconf 89' lang='lat' dir='ltr'><strong>ac</strong></span> <span class='ocrx_word' id='word_1_817' title='bbox 3339 3854 3382 3907; x_wconf 90' lang='lat' dir='ltr'><strong>si</strong></span> <span class='ocrx_word' id='word_1_818' title='bbox 3421 3852 3582 3908; x_wconf 89' lang='lat' dir='ltr'><strong>homo</strong></span> 
     </span>
    </p>
   </div>
   <div class='ocr_carea' id='block_1_100' title="bbox 2004 3943 3579 4020">
    <p class='ocr_par' dir='ltr' id='par_1_100' title="bbox 2004 3943 3579 4020">
     <span class='ocr_line' id='line_1_100' title="bbox 2004 3943 3579 4020; baseline -0.004 -16"><span class='ocrx_word' id='word_1_819' title='bbox 2004 3949 2263 4020; x_wconf 82' lang='lat' dir='ltr'><strong>quiSpiam</strong></span> <span class='ocrx_word' id='word_1_820' title='bbox 2291 3946 2491 4001; x_wconf 91' lang='lat' dir='ltr'><strong>homini</strong></span> <span class='ocrx_word' id='word_1_821' title='bbox 2518 3945 2854 4000; x_wconf 91' lang='lat' dir='ltr'><strong>tumultuanti</strong></span> <span class='ocrx_word' id='word_1_822' title='bbox 2880 3955 2934 3999; x_wconf 94' lang='lat' dir='ltr'><strong>et</strong></span> <span class='ocrx_word' id='word_1_823' title='bbox 2959 3945 3141 3998; x_wconf 90' lang='lat' dir='ltr'><strong>turbas</strong></span> <span class='ocrx_word' id='word_1_824' title='bbox 3159 3944 3405 3998; x_wconf 77' lang='lat' dir='ltr'><strong>excitanti</strong></span> <span class='ocrx_word' id='word_1_825' title='bbox 3431 3943 3579 3998; x_wconf 91' lang='lat' dir='ltr'><strong>dice-</strong></span> 
     </span>
    </p>
   </div>
   <div class='ocr_carea' id='block_1_101' title="bbox 2003 4033 3576 4106">
    <p class='ocr_par' dir='ltr' id='par_1_101' title="bbox 2003 4033 3576 4106">
     <span class='ocr_line' id='line_1_101' title="bbox 2003 4033 3576 4106; baseline -0.006 -11"><span class='ocrx_word' id='word_1_826' title='bbox 2003 4050 2121 4095; x_wconf 87' lang='lat' dir='ltr'><strong>ret:</strong></span> <span class='ocrx_word' id='word_1_827' title='bbox 2143 4038 2198 4094; x_wconf 91' lang='lat' dir='ltr'><strong>Si</strong></span> <span class='ocrx_word' id='word_1_828' title='bbox 2224 4038 2428 4104; x_wconf 91' lang='lat' dir='ltr'><strong>audias,</strong></span> <span class='ocrx_word' id='word_1_829' title='bbox 2461 4037 2681 4106; x_wconf 89' lang='lat' dir='ltr'><strong>loquar;</strong></span> <span class='ocrx_word' id='word_1_830' title='bbox 2709 4035 2765 4091; x_wconf 92' lang='lat' dir='ltr'><strong>Si</strong></span> <span class='ocrx_word' id='word_1_831' title='bbox 2788 4035 3052 4098; x_wconf 88' lang='lat' dir='ltr'><strong>attendas,</strong></span> <span class='ocrx_word' id='word_1_832' title='bbox 3085 4033 3255 4088; x_wconf 90' lang='lat' dir='ltr'><strong>dicam</strong></span> <span class='ocrx_word' id='word_1_833' title='bbox 3281 4053 3293 4087; x_wconf 92' lang='lat'>:</span> <span class='ocrx_word' id='word_1_834' title='bbox 3317 4034 3389 4088; x_wconf 90' lang='lat' dir='ltr'><strong>ita</strong></span> <span class='ocrx_word' id='word_1_835' title='bbox 3415 4035 3576 4088; x_wconf 89' lang='lat' dir='ltr'><strong>etiam</strong></span> 
     </span>
    </p>
   </div>
   <div class='ocr_carea' id='block_1_102' title="bbox 2001 4124 3578 4195">
    <p class='ocr_par' dir='ltr' id='par_1_102' title="bbox 2001 4124 3578 4195">
     <span class='ocr_line' id='line_1_102' title="bbox 2001 4124 3578 4195; baseline -0.004 -10"><span class='ocrx_word' id='word_1_836' title='bbox 2001 4132 2171 4186; x_wconf 85' lang='lat' dir='ltr'><strong>servis</strong></span> <span class='ocrx_word' id='word_1_837' title='bbox 2201 4129 2455 4183; x_wconf 90' lang='lat' dir='ltr'><strong>Dominus</strong></span> <span class='ocrx_word' id='word_1_838' title='bbox 2481 4145 2493 4181; x_wconf 91' lang='lat'><strong>:</strong></span> <span class='ocrx_word' id='word_1_839' title='bbox 2517 4125 2575 4182; x_wconf 89' lang='lat' dir='ltr'><strong>Si</strong></span> <span class='ocrx_word' id='word_1_840' title='bbox 2604 4141 2690 4181; x_wconf 89' lang='lat' dir='ltr'><strong>me</strong></span> <span class='ocrx_word' id='word_1_841' title='bbox 2717 4125 2970 4189; x_wconf 89' lang='lat' dir='ltr'><strong>audieris,</strong></span> <span class='ocrx_word' id='word_1_842' title='bbox 2988 4124 3176 4195; x_wconf 89' lang='lat' dir='ltr'><strong>inquit,</strong></span> <span class='ocrx_word' id='word_1_843' title='bbox 3199 4124 3390 4178; x_wconf 88' lang='lat' dir='ltr'><strong>dicam.</strong></span> <span class='ocrx_word' id='word_1_844' title='bbox 3411 4124 3578 4179; x_wconf 87' lang='lat' dir='ltr'><strong>Erant</strong></span> 
     </span>
    </p>
   </div>
   <div class='ocr_carea' id='block_1_103' title="bbox 2002 4214 3572 4290">
    <p class='ocr_par' dir='ltr' id='par_1_103' title="bbox 2002 4214 3572 4290">
     <span class='ocr_line' id='line_1_103' title="bbox 2002 4214 3572 4290; baseline -0.004 -13"><span class='ocrx_word' id='word_1_845' title='bbox 2002 4222 2145 4277; x_wconf 91' lang='lat' dir='ltr'><strong>enim</strong></span> <span class='ocrx_word' id='word_1_846' title='bbox 2193 4219 2326 4290; x_wconf 85' lang='lat' dir='ltr'><strong>pigri</strong></span> <span class='ocrx_word' id='word_1_847' title='bbox 2365 4233 2428 4275; x_wconf 91' lang='lat' dir='ltr'><strong>ac</strong></span> <span class='ocrx_word' id='word_1_848' title='bbox 2472 4217 2830 4289; x_wconf 85' lang='lat' dir='ltr'><strong>negligentes,</strong></span> <span class='ocrx_word' id='word_1_849' title='bbox 2858 4224 2914 4270; x_wconf 85' lang='lat' dir='ltr'><strong>et</strong></span> <span class='ocrx_word' id='word_1_850' title='bbox 2947 4230 3015 4271; x_wconf 86' lang='lat' dir='ltr'><strong>ne</strong></span> <span class='ocrx_word' id='word_1_851' title='bbox 3057 4215 3321 4270; x_wconf 90' lang='lat' dir='ltr'><strong>tantillum</strong></span> <span class='ocrx_word' id='word_1_852' title='bbox 3357 4214 3572 4285; x_wconf 87' lang='lat' dir='ltr'><strong>quidem</strong></span> 
     </span>
    </p>
   </div>
   <div class='ocr_carea' id='block_1_104' title="bbox 2003 4305 3577 4383">
    <p class='ocr_par' dir='ltr' id='par_1_104' title="bbox 2003 4305 3577 4383">
     <span class='ocr_line' id='line_1_104' title="bbox 2003 4305 3577 4383; baseline -0.006 -14"><span class='ocrx_word' id='word_1_853' title='bbox 2003 4313 2174 4383; x_wconf 86' lang='lat' dir='ltr'><strong>legum</strong></span> <span class='ocrx_word' id='word_1_854' title='bbox 2204 4310 2416 4367; x_wconf 90' lang='lat' dir='ltr'><strong>lectioni</strong></span> <span class='ocrx_word' id='word_1_855' title='bbox 2445 4310 2623 4380; x_wconf 91' lang='lat' dir='ltr'><strong>quiete</strong></span> <span class='ocrx_word' id='word_1_856' title='bbox 2656 4307 2959 4378; x_wconf 70' lang='lat' dir='ltr'><strong>praebebant</strong></span> <span class='ocrx_word' id='word_1_857' title='bbox 3005 4320 3181 4361; x_wconf 89' lang='lat' dir='ltr'><strong>aures.</strong></span> <span class='ocrx_word' id='word_1_858' title='bbox 3209 4305 3263 4361; x_wconf 92' lang='lat' dir='ltr'><strong>ld</strong></span> <span class='ocrx_word' id='word_1_859' title='bbox 3294 4315 3468 4361; x_wconf 88' lang='lat' dir='ltr'><strong>autem</strong></span> <span class='ocrx_word' id='word_1_860' title='bbox 3498 4307 3577 4362; x_wconf 83' lang='lat' dir='ltr'><strong>si-</strong></span> 
     </span>
    </p>
   </div>
   <div class='ocr_carea' id='block_1_105' title="bbox 2000 4397 3574 4476">
    <p class='ocr_par' dir='ltr' id='par_1_105' title="bbox 2000 4397 3574 4476">
     <span class='ocr_line' id='line_1_105' title="bbox 2000 4397 3574 4476; baseline -0.004 -18"><span class='ocrx_word' id='word_1_861' title='bbox 2000 4405 2255 4476; x_wconf 87' lang='lat' dir='ltr'><strong>gniﬁcans</strong></span> <span class='ocrx_word' id='word_1_862' title='bbox 2275 4403 2533 4472; x_wconf 89' lang='lat' dir='ltr'><strong>quispiam</strong></span> <span class='ocrx_word' id='word_1_863' title='bbox 2554 4399 2834 4470; x_wconf 85' lang='lat' dir='ltr'><strong>propheta,</strong></span> <span class='ocrx_word' id='word_1_864' title='bbox 2859 4399 2948 4469; x_wconf 91' lang='lat' dir='ltr'><strong>qui</strong></span> <span class='ocrx_word' id='word_1_865' title='bbox 2969 4407 3096 4453; x_wconf 91' lang='lat' dir='ltr'><strong>tunc</strong></span> <span class='ocrx_word' id='word_1_866' title='bbox 3120 4407 3236 4454; x_wconf 88' lang='lat' dir='ltr'><strong>erat</strong></span> <span class='ocrx_word' id='word_1_867' title='bbox 3255 4399 3308 4453; x_wconf 91' lang='lat' dir='ltr'><strong>in</strong></span> <span class='ocrx_word' id='word_1_868' title='bbox 3334 4397 3574 4465; x_wconf 88' lang='lat' dir='ltr'><strong>Perside,</strong></span> 
     </span>
    </p>
   </div>
   <div class='ocr_carea' id='block_1_106' title="bbox 1999 4491 3577 4564">
    <p class='ocr_par' dir='ltr' id='par_1_106' title="bbox 1999 4491 3577 4564">
     <span class='ocr_line' id='line_1_106' title="bbox 1999 4491 3577 4564; baseline -0.006 -11"><span class='ocrx_word' id='word_1_869' title='bbox 1999 4498 2207 4554; x_wconf 91' lang='lat' dir='ltr'><strong>dicebat</strong></span> <span class='ocrx_word' id='word_1_870' title='bbox 2230 4513 2245 4550; x_wconf 89' lang='lat'><strong>:</strong></span> <span class='ocrx_word' id='word_1_871' title='bbox 2271 4494 2378 4549; x_wconf 88' lang='lat' dir='ltr'><strong>Ero</strong></span> <span class='ocrx_word' id='word_1_872' title='bbox 2403 4496 2474 4548; x_wconf 88' lang='lat' dir='ltr'><strong>eis</strong></span> <span class='ocrx_word' id='word_1_873' title='bbox 2514 4505 2766 4564; x_wconf 84' lang='lat' dir='ltr'><strong>tamquam</strong></span> <span class='ocrx_word' id='word_1_874' title='bbox 2791 4509 2889 4547; x_wconf 73' lang='lat' dir='ltr'><strong>vox</strong></span> <span class='ocrx_word' id='word_1_875' title='bbox 2914 4492 3137 4560; x_wconf 83' lang='lat' dir='ltr'><strong>psalterii</strong></span> <span class='ocrx_word' id='word_1_876' title='bbox 3173 4492 3318 4545; x_wconf 84' lang='lat' dir='ltr'><strong>dulce</strong></span> <span class='ocrx_word' id='word_1_877' title='bbox 3353 4491 3577 4545; x_wconf 85' lang='lat' dir='ltr'><strong>canentis</strong></span> 
     </span>
    </p>
   </div>
   <div class='ocr_carea' id='block_1_107' title="bbox 2001 4582 3577 4660">
    <p class='ocr_par' dir='ltr' id='par_1_107' title="bbox 2001 4582 3577 4660">
     <span class='ocr_line' id='line_1_107' title="bbox 2001 4582 3577 4660; baseline -0.004 -17"><span class='ocrx_word' id='word_1_878' title='bbox 2001 4590 2213 4660; x_wconf 77' lang='lat' dir='ltr'><strong>(Ezech.</strong></span> <span class='ocrx_word' id='word_1_879' title='bbox 2256 4589 2344 4643; x_wconf 84' lang='lat'><strong>5&#39;5.</strong></span> <span class='ocrx_word' id='word_1_880' title='bbox 2390 4584 2501 4657; x_wconf 70' lang='grc'><strong>52).</strong></span> <span class='ocrx_word' id='word_1_881' title='bbox 2533 4585 2686 4656; x_wconf 73' lang='lat' dir='ltr'><strong>Saepe</strong></span> <span class='ocrx_word' id='word_1_882' title='bbox 2728 4584 2857 4639; x_wconf 90' lang='lat' dir='ltr'><strong>item</strong></span> <span class='ocrx_word' id='word_1_883' title='bbox 2899 4583 3148 4638; x_wconf 88' lang='lat' dir='ltr'><strong>dicebant</strong></span> <span class='ocrx_word' id='word_1_884' title='bbox 3193 4582 3467 4653; x_wconf 85' lang='lat' dir='ltr'><strong>praphetis</strong></span> <span class='ocrx_word' id='word_1_885' title='bbox 3506 4597 3577 4637; x_wconf 88' lang='lat' dir='ltr'><strong>ne</strong></span> 
     </span>
    </p>
   </div>
   <div class='ocr_carea' id='block_1_108' title="bbox 1999 4673 3574 4754">
    <p class='ocr_par' dir='ltr' id='par_1_108' title="bbox 1999 4673 3574 4754">
     <span class='ocr_line' id='line_1_108' title="bbox 1999 4673 3574 4754; baseline -0.007 -17"><span class='ocrx_word' id='word_1_886' title='bbox 1999 4683 2379 4754; x_wconf 86' lang='lat' dir='ltr'><strong>propltetarent</strong></span> <span class='ocrx_word' id='word_1_887' title='bbox 2402 4680 2476 4749; x_wconf 85' lang='grc'><strong>(5.</strong></span> <span class='ocrx_word' id='word_1_888' title='bbox 2505 4677 2634 4748; x_wconf 85' lang='lat' dir='ltr'><strong>Reg.</strong></span> <span class='ocrx_word' id='word_1_889' title='bbox 2664 4676 2750 4732; x_wconf 88' lang='grc'><strong>19.</strong></span> <span class='ocrx_word' id='word_1_890' title='bbox 2786 4675 2874 4745; x_wconf 85' lang='grc'><strong>10)</strong></span> <span class='ocrx_word' id='word_1_891' title='bbox 2900 4715 2916 4741; x_wconf 90' lang='grc'><em>,</em></span> <span class='ocrx_word' id='word_1_892' title='bbox 2940 4677 3052 4730; x_wconf 88' lang='lat' dir='ltr'><strong>imo</strong></span> <span class='ocrx_word' id='word_1_893' title='bbox 3077 4689 3172 4730; x_wconf 92' lang='lat' dir='ltr'><strong>eos</strong></span> <span class='ocrx_word' id='word_1_894' title='bbox 3209 4673 3574 4744; x_wconf 89' lang='lat' dir='ltr'><strong>repellebant,</strong></span> 
     </span>
    </p>
   </div>
   <div class='ocr_carea' id='block_1_109' title="bbox 1998 4763 3573 4842">
    <p class='ocr_par' dir='ltr' id='par_1_109' title="bbox 1998 4763 3573 4842">
     <span class='ocr_line' id='line_1_109' title="bbox 1998 4763 3573 4842; baseline -0.006 -14"><span class='ocrx_word' id='word_1_895' title='bbox 1998 4786 2156 4842; x_wconf 89' lang='lat' dir='ltr'><strong>atque</strong></span> <span class='ocrx_word' id='word_1_896' title='bbox 2197 4773 2232 4826; x_wconf 91' lang='lat' dir='ltr'><strong>ii</strong></span> <span class='ocrx_word' id='word_1_897' title='bbox 2273 4769 2448 4841; x_wconf 92' lang='lat' dir='ltr'><strong>urgeri</strong></span> <span class='ocrx_word' id='word_1_898' title='bbox 2487 4768 2801 4823; x_wconf 82' lang='lat' dir='ltr'><strong>videbantur</strong></span> <span class='ocrx_word' id='word_1_899' title='bbox 2829 4766 3009 4838; x_wconf 77' lang='lat' dir='ltr'><strong>(Zach.</strong></span> <span class='ocrx_word' id='word_1_900' title='bbox 3056 4765 3109 4819; x_wconf 92' lang='lat'><strong>7.</strong></span> <span class='ocrx_word' id='word_1_901' title='bbox 3143 4763 3254 4836; x_wconf 89' lang='grc'><strong>11).</strong></span> <span class='ocrx_word' id='word_1_902' title='bbox 3295 4764 3368 4820; x_wconf 86' lang='lat' dir='ltr'><strong>Ita</strong></span> <span class='ocrx_word' id='word_1_903' title='bbox 3414 4764 3573 4820; x_wconf 88' lang='lat' dir='ltr'><strong>etiam</strong></span> 
     </span>
    </p>
   </div>
   <div class='ocr_carea' id='block_1_110' title="bbox 1997 4857 3574 4930">
    <p class='ocr_par' dir='ltr' id='par_1_110' title="bbox 1997 4857 3574 4930">
     <span class='ocr_line' id='line_1_110' title="bbox 1997 4857 3574 4930; baseline -0.004 -11"><span class='ocrx_word' id='word_1_904' title='bbox 1997 4866 2208 4920; x_wconf 89' lang='lat' dir='ltr'><strong>videtur</strong></span> <span class='ocrx_word' id='word_1_905' title='bbox 2229 4879 2324 4918; x_wconf 90' lang='lat' dir='ltr'><strong>rex</strong></span> <span class='ocrx_word' id='word_1_906' title='bbox 2355 4861 2544 4916; x_wconf 88' lang='lat' dir='ltr'><strong>minari</strong></span> <span class='ocrx_word' id='word_1_907' title='bbox 2571 4869 2626 4916; x_wconf 88' lang='lat' dir='ltr'><strong>et</strong></span> <span class='ocrx_word' id='word_1_908' title='bbox 2649 4859 2938 4930; x_wconf 69' lang='lat' dir='ltr'><strong>praecipere</strong></span> <span class='ocrx_word' id='word_1_909' title='bbox 2968 4857 3124 4914; x_wconf 91' lang='lat' dir='ltr'><strong>alicui</strong></span> <span class='ocrx_word' id='word_1_910' title='bbox 3165 4857 3434 4927; x_wconf 77' lang='lat' dir='ltr'><strong>propheta:</strong></span> <span class='ocrx_word' id='word_1_911' title='bbox 3461 4899 3476 4923; x_wconf 97' lang='lat'><strong>,</strong></span> <span class='ocrx_word' id='word_1_912' title='bbox 3505 4873 3574 4913; x_wconf 83' lang='lat' dir='ltr'><strong>ne</strong></span> 
     </span>
    </p>
   </div>
   <div class='ocr_carea' id='block_1_111' title="bbox 1998 4947 3572 5027">
    <p class='ocr_par' dir='ltr' id='par_1_111' title="bbox 1998 4947 3572 5027">
     <span class='ocr_line' id='line_1_111' title="bbox 1998 4947 3572 5027; baseline -0.004 -17"><span class='ocrx_word' id='word_1_913' title='bbox 1998 4956 2250 5027; x_wconf 84' lang='lat' dir='ltr'><strong>pepulum</strong></span> <span class='ocrx_word' id='word_1_914' title='bbox 2279 4962 2539 5008; x_wconf 90' lang='lat' dir='ltr'><strong>convocet</strong></span> <span class='ocrx_word' id='word_1_915' title='bbox 2568 4951 2742 5023; x_wconf 83' lang='lat' dir='ltr'><strong>(Amos</strong></span> <span class='ocrx_word' id='word_1_916' title='bbox 2769 4951 2821 5004; x_wconf 90' lang='grc'><strong>7.</strong></span> <span class='ocrx_word' id='word_1_917' title='bbox 2854 4949 2966 5020; x_wconf 84' lang='grc'><strong>15).</strong></span> <span class='ocrx_word' id='word_1_918' title='bbox 2995 4947 3134 5004; x_wconf 87' lang='lat' dir='ltr'><strong>Deus</strong></span> <span class='ocrx_word' id='word_1_919' title='bbox 3158 4948 3294 5002; x_wconf 90' lang='lat' dir='ltr'><strong>Deus</strong></span> <span class='ocrx_word' id='word_1_920' title='bbox 3339 4958 3453 5002; x_wconf 88' lang='lat' dir='ltr'><strong>tuus</strong></span> <span class='ocrx_word' id='word_1_921' title='bbox 3479 4965 3572 5018; x_wconf 84' lang='lat' dir='ltr'><strong>ego</strong></span> 
     </span>
    </p>
   </div>
   <div class='ocr_carea' id='block_1_112' title="bbox 1997 5040 3563 5118">
    <p class='ocr_par' dir='ltr' id='par_1_112' title="bbox 1997 5040 3563 5118">
     <span class='ocr_line' id='line_1_112' title="bbox 1997 5040 3563 5118; baseline -0.004 -16"><span class='ocrx_word' id='word_1_922' title='bbox 1997 5067 2108 5104; x_wconf 87' lang='lat' dir='ltr'><strong>sum</strong></span> <span class='ocrx_word' id='word_1_923' title='bbox 2138 5047 2265 5118; x_wconf 81' lang='lat' dir='ltr'><strong>(Jer.</strong></span> <span class='ocrx_word' id='word_1_924' title='bbox 2293 5046 2378 5102; x_wconf 67' lang='grc'><strong>52.</strong></span> <span class='ocrx_word' id='word_1_925' title='bbox 2406 5045 2481 5115; x_wconf 87' lang='grc'><strong>5).</strong></span> <span class='ocrx_word' id='word_1_926' title='bbox 2520 5044 2636 5099; x_wconf 88' lang='lat' dir='ltr'><strong>Non</strong></span> <span class='ocrx_word' id='word_1_927' title='bbox 2677 5053 2877 5098; x_wconf 90' lang='lat' dir='ltr'><strong>temere</strong></span> <span class='ocrx_word' id='word_1_928' title='bbox 2913 5043 3081 5112; x_wconf 87' lang='lat' dir='ltr'><strong>posita</strong></span> <span class='ocrx_word' id='word_1_929' title='bbox 3133 5050 3218 5096; x_wconf 89' lang='lat' dir='ltr'><strong>est</strong></span> <span class='ocrx_word' id='word_1_930' title='bbox 3264 5040 3378 5097; x_wconf 69' lang='lat' dir='ltr'><strong>haec</strong></span> <span class='ocrx_word' id='word_1_931' title='bbox 3413 5057 3563 5110; x_wconf 85' lang='lat' dir='ltr'><strong>repe-</strong></span> 
     </span>
    </p>
   </div>
   <div class='ocr_carea' id='block_1_113' title="bbox 2000 5131 3570 5208">
    <p class='ocr_par' dir='ltr' id='par_1_113' title="bbox 2000 5131 3570 5208">
     <span class='ocr_line' id='line_1_113' title="bbox 2000 5131 3570 5208; baseline -0.006 -14"><span class='ocrx_word' id='word_1_932' title='bbox 2000 5141 2116 5194; x_wconf 92' lang='lat' dir='ltr'><strong>titio</strong></span> <span class='ocrx_word' id='word_1_933' title='bbox 2145 5157 2158 5192; x_wconf 92' lang='lat'>:</span> <span class='ocrx_word' id='word_1_934' title='bbox 2188 5137 2282 5193; x_wconf 91' lang='lat' dir='ltr'><strong>sed</strong></span> <span class='ocrx_word' id='word_1_935' title='bbox 2319 5137 2568 5208; x_wconf 90' lang='lat' dir='ltr'><strong>quoniam</strong></span> <span class='ocrx_word' id='word_1_936' title='bbox 2611 5136 2674 5190; x_wconf 91' lang='lat' dir='ltr'><strong>iis</strong></span> <span class='ocrx_word' id='word_1_937' title='bbox 2702 5133 3015 5203; x_wconf 85' lang='lat' dir='ltr'><strong>loquebatur</strong></span> <span class='ocrx_word' id='word_1_938' title='bbox 3059 5133 3150 5203; x_wconf 91' lang='lat' dir='ltr'><strong>qui</strong></span> <span class='ocrx_word' id='word_1_939' title='bbox 3191 5143 3345 5188; x_wconf 88' lang='lat' dir='ltr'><strong>erant</strong></span> <span class='ocrx_word' id='word_1_940' title='bbox 3385 5131 3570 5198; x_wconf 90' lang='lat' dir='ltr'><strong>surdi,</strong></span> 
     </span>
    </p>
   </div>
   <div class='ocr_carea' id='block_1_114' title="bbox 1997 5221 3573 5301">
    <p class='ocr_par' dir='ltr' id='par_1_114' title="bbox 1997 5221 3573 5301">
     <span class='ocr_line' id='line_1_114' title="bbox 1997 5221 3573 5301; baseline -0.006 -16"><span class='ocrx_word' id='word_1_941' title='bbox 1997 5230 2190 5301; x_wconf 91' lang='lat' dir='ltr'><strong>stupidi</strong></span> <span class='ocrx_word' id='word_1_942' title='bbox 2212 5238 2266 5284; x_wconf 89' lang='lat' dir='ltr'><strong>et</strong></span> <span class='ocrx_word' id='word_1_943' title='bbox 2293 5228 2439 5282; x_wconf 91' lang='lat' dir='ltr'><strong>nullo</strong></span> <span class='ocrx_word' id='word_1_944' title='bbox 2465 5241 2626 5282; x_wconf 91' lang='lat' dir='ltr'><strong>sensu</strong></span> <span class='ocrx_word' id='word_1_945' title='bbox 2651 5223 3146 5296; x_wconf 69' lang='lat' dir='ltr'><strong>prmditi,10quitur</strong></span> <span class='ocrx_word' id='word_1_946' title='bbox 3169 5222 3235 5278; x_wconf 89' lang='lat' dir='ltr'><strong>de</strong></span> <span class='ocrx_word' id='word_1_947' title='bbox 3258 5223 3373 5291; x_wconf 89' lang='lat' dir='ltr'><strong>ejus</strong></span> <span class='ocrx_word' id='word_1_948' title='bbox 3402 5221 3573 5277; x_wconf 82' lang='lat' dir='ltr'><strong>domi-</strong></span> 
     </span>
    </p>
   </div>
   <div class='ocr_carea' id='block_1_115' title="bbox 1996 5313 3572 5388">
    <p class='ocr_par' dir='ltr' id='par_1_115' title="bbox 1996 5313 3572 5388">
     <span class='ocr_line' id='line_1_115' title="bbox 1996 5313 3572 5388; baseline -0.008 -11"><span class='ocrx_word' id='word_1_949' title='bbox 1996 5322 2108 5388; x_wconf 90' lang='lat' dir='ltr'><strong>nio,</strong></span> <span class='ocrx_word' id='word_1_950' title='bbox 2139 5335 2264 5374; x_wconf 84' lang='lat' dir='ltr'><strong>mox</strong></span> <span class='ocrx_word' id='word_1_951' title='bbox 2306 5315 2495 5373; x_wconf 72' lang='lat' dir='ltr'><strong>futurae</strong></span> <span class='ocrx_word' id='word_1_952' title='bbox 2537 5315 2857 5370; x_wconf 85' lang='lat' dir='ltr'><strong>narrationis</strong></span> <span class='ocrx_word' id='word_1_953' title='bbox 2899 5315 3156 5383; x_wconf 90' lang='lat' dir='ltr'><strong>optimum</strong></span> <span class='ocrx_word' id='word_1_954' title='bbox 3201 5313 3326 5367; x_wconf 88' lang='lat' dir='ltr'><strong>hinc</strong></span> <span class='ocrx_word' id='word_1_955' title='bbox 3353 5327 3572 5367; x_wconf 80' lang='lat' dir='ltr'><strong>sumens</strong></span> 
     </span>
    </p>
   </div>
   <div class='ocr_carea' id='block_1_116' title="bbox 1997 5404 3572 5477">
    <p class='ocr_par' dir='ltr' id='par_1_116' title="bbox 1997 5404 3572 5477">
     <span class='ocr_line' id='line_1_116' title="bbox 1997 5404 3572 5477; baseline -0.008 -8"><span class='ocrx_word' id='word_1_956' title='bbox 1997 5414 2273 5470; x_wconf 89' lang='lat' dir='ltr'><strong>exordium</strong></span> <span class='ocrx_word' id='word_1_957' title='bbox 2297 5454 2312 5477; x_wconf 92' lang='lat'><strong>,</strong></span> <span class='ocrx_word' id='word_1_958' title='bbox 2341 5410 2628 5466; x_wconf 89' lang='lat' dir='ltr'><strong>ostendens</strong></span> <span class='ocrx_word' id='word_1_959' title='bbox 2671 5423 2767 5464; x_wconf 89' lang='lat' dir='ltr'><strong>eos</strong></span> <span class='ocrx_word' id='word_1_960' title='bbox 2805 5407 2881 5462; x_wconf 91' lang='lat' dir='ltr'><strong>illi</strong></span> <span class='ocrx_word' id='word_1_961' title='bbox 2920 5407 3117 5462; x_wconf 88' lang='lat' dir='ltr'><strong>debere</strong></span> <span class='ocrx_word' id='word_1_962' title='bbox 3153 5404 3451 5464; x_wconf 89' lang='lat' dir='ltr'><strong>libertatem</strong></span> <span class='ocrx_word' id='word_1_963' title='bbox 3472 5445 3488 5468; x_wconf 92' lang='lat'><strong>,</strong></span> <span class='ocrx_word' id='word_1_964' title='bbox 3517 5413 3572 5457; x_wconf 87' lang='lat' dir='ltr'><strong>et</strong></span> 
     </span>
    </p>
   </div>
   <div class='ocr_carea' id='block_1_117' title="bbox 1997 5495 3569 5575">
    <p class='ocr_par' dir='ltr' id='par_1_117' title="bbox 1997 5495 3569 5575">
     <span class='ocr_line' id='line_1_117' title="bbox 1997 5495 3569 5575; baseline -0.008 -16"><span class='ocrx_word' id='word_1_965' title='bbox 1997 5519 2203 5575; x_wconf 73' lang='lat' dir='ltr'><strong>aequum</strong></span> <span class='ocrx_word' id='word_1_966' title='bbox 2237 5517 2356 5556; x_wconf 88' lang='lat' dir='ltr'><strong>esse</strong></span> <span class='ocrx_word' id='word_1_967' title='bbox 2380 5510 2437 5555; x_wconf 91' lang='lat' dir='ltr'><strong>ut</strong></span> <span class='ocrx_word' id='word_1_968' title='bbox 2465 5500 2542 5555; x_wconf 88' lang='lat' dir='ltr'><strong>illi</strong></span> <span class='ocrx_word' id='word_1_969' title='bbox 2578 5499 2783 5555; x_wconf 89' lang='lat' dir='ltr'><strong>solvant</strong></span> <span class='ocrx_word' id='word_1_970' title='bbox 2823 5498 3093 5564; x_wconf 91' lang='lat' dir='ltr'><strong>debitum,</strong></span> <span class='ocrx_word' id='word_1_971' title='bbox 3123 5504 3389 5566; x_wconf 87' lang='lat' dir='ltr'><strong>tamquam</strong></span> <span class='ocrx_word' id='word_1_972' title='bbox 3429 5495 3569 5549; x_wconf 80' lang='lat' dir='ltr'><strong>servi</strong></span> 
     </span>
    </p>
   </div>
   <div class='ocr_carea' id='block_1_118' title="bbox 1998 5583 3570 5661">
    <p class='ocr_par' dir='ltr' id='par_1_118' title="bbox 1998 5583 3570 5661">
     <span class='ocr_line' id='line_1_118' title="bbox 1998 5583 3570 5661; baseline -0.008 -11"><span class='ocrx_word' id='word_1_973' title='bbox 1998 5596 2222 5650; x_wconf 92' lang='lat' dir='ltr'><strong>Domino</strong></span> <span class='ocrx_word' id='word_1_974' title='bbox 2245 5635 2260 5659; x_wconf 96' lang='lat'><strong>,</strong></span> <span class='ocrx_word' id='word_1_975' title='bbox 2287 5600 2549 5661; x_wconf 90' lang='lat' dir='ltr'><strong>tamquam</strong></span> <span class='ocrx_word' id='word_1_976' title='bbox 2577 5605 2736 5660; x_wconf 89' lang='lat' dir='ltr'><strong>opera</strong></span> <span class='ocrx_word' id='word_1_977' title='bbox 2761 5588 2947 5659; x_wconf 84' lang='lat' dir='ltr'><strong>Opiﬁci</strong></span> <span class='ocrx_word' id='word_1_978' title='bbox 2971 5629 2988 5655; x_wconf 93' lang='lat'><strong>,</strong></span> <span class='ocrx_word' id='word_1_979' title='bbox 3027 5596 3293 5656; x_wconf 86' lang='lat' dir='ltr'><strong>tamquam</strong></span> <span class='ocrx_word' id='word_1_980' title='bbox 3325 5583 3570 5640; x_wconf 82' lang='lat' dir='ltr'><strong>maximis</strong></span> 
     </span>
    </p>
   </div>
   <div class='ocr_carea' id='block_1_119' title="bbox 1995 5673 3570 5743">
    <p class='ocr_par' dir='ltr' id='par_1_119' title="bbox 1995 5673 3570 5743">
     <span class='ocr_line' id='line_1_119' title="bbox 1995 5673 3570 5743; baseline -0.01 0"><span class='ocrx_word' id='word_1_981' title='bbox 1995 5685 2267 5743; x_wconf 85' lang='lat' dir='ltr'><strong>beneﬁciis</strong></span> <span class='ocrx_word' id='word_1_982' title='bbox 2310 5692 2365 5738; x_wconf 91' lang='lat' dir='ltr'><strong>et</strong></span> <span class='ocrx_word' id='word_1_983' title='bbox 2407 5681 2696 5738; x_wconf 89' lang='lat' dir='ltr'><strong>honoribus</strong></span> <span class='ocrx_word' id='word_1_984' title='bbox 2743 5680 2938 5736; x_wconf 75' lang='lat' dir='ltr'><strong>allecti.</strong></span> <span class='ocrx_word' id='word_1_985' title='bbox 2968 5679 3022 5734; x_wconf 91' lang='lat'><strong>8.</strong></span> <span class='ocrx_word' id='word_1_986' title='bbox 3047 5675 3170 5732; x_wconf 87' lang='lat' dir='ltr'><strong>Non</strong></span> <span class='ocrx_word' id='word_1_987' title='bbox 3212 5681 3268 5730; x_wconf 83' lang='lat' dir='ltr'><strong>in</strong></span> <span class='ocrx_word' id='word_1_988' title='bbox 3307 5673 3570 5740; x_wconf 85' lang='lat' dir='ltr'><strong>sacriﬁciis</strong></span> 
     </span>
    </p>
   </div>
   <div class='ocr_carea' id='block_1_120' title="bbox 2061 5782 3568 5857">
    <p class='ocr_par' dir='ltr' id='par_1_120' title="bbox 2061 5782 3568 5857">
     <span class='ocr_line' id='line_1_120' title="bbox 2061 5782 3568 5857; baseline -0.007 -13"><span class='ocrx_word' id='word_1_989' title='bbox 2061 5800 2077 5830; x_wconf 76' lang='grc' dir='ltr'>ι</span> <span class='ocrx_word' id='word_1_990' title='bbox 2113 5803 2237 5855; x_wconf 67' lang='lat' dir='ltr'><strong>Haec,</strong></span> <span class='ocrx_word' id='word_1_991' title='bbox 2267 5791 2434 5850; x_wconf 82' lang='lat' dir='ltr'><strong>Israel,</strong></span> <span class='ocrx_word' id='word_1_992' title='bbox 2457 5799 2503 5842; x_wconf 88' lang='lat' dir='ltr'><strong>et</strong></span> <span class='ocrx_word' id='word_1_993' title='bbox 2519 5790 2804 5857; x_wconf 77' lang='lat' dir='ltr'><strong>testiﬁcabor</strong></span> <span class='ocrx_word' id='word_1_994' title='bbox 2826 5789 2931 5855; x_wconf 76' lang='lat' dir='ltr'><strong>tibi,</strong></span> <span class='ocrx_word' id='word_1_995' title='bbox 2945 5789 3150 5841; x_wconf 84' lang='lat' dir='ltr'><strong>deerant</strong></span> <span class='ocrx_word' id='word_1_996' title='bbox 3169 5788 3218 5838; x_wconf 90' lang='lat' dir='ltr'><strong>in</strong></span> <span class='ocrx_word' id='word_1_997' title='bbox 3243 5787 3361 5837; x_wconf 70' lang='lat' dir='ltr'><strong>ﬁdit.</strong></span> <span class='ocrx_word' id='word_1_998' title='bbox 3381 5782 3568 5856; x_wconf 40' lang='lat' dir='ltr'><strong>Morel;</strong></span> 
     </span>
    </p>
   </div>
   <div class='ocr_carea' id='block_1_121' title="bbox 1999 5857 2548 5911">
    <p class='ocr_par' dir='ltr' id='par_1_121' title="bbox 1999 5857 2548 5911">
     <span class='ocr_line' id='line_1_121' title="bbox 1999 5857 2548 5911; baseline -0.011 -1"><span class='ocrx_word' id='word_1_999' title='bbox 1999 5859 2087 5910; x_wconf 88' lang='lat' dir='ltr'><strong>sed</strong></span> <span class='ocrx_word' id='word_1_1000' title='bbox 2109 5859 2346 5911; x_wconf 84' lang='lat' dir='ltr'><strong>habentur</strong></span> <span class='ocrx_word' id='word_1_1001' title='bbox 2371 5857 2420 5907; x_wconf 85' lang='lat' dir='ltr'><strong>in</strong></span> <span class='ocrx_word' id='word_1_1002' title='bbox 2441 5862 2548 5905; x_wconf 77' lang='lat' dir='ltr'><strong>uss.</strong></span> 
     </span>
    </p>
   </div>
  </div>
