4108 6344
495 486 598 541 ΞΠ

499 600 596 652 tuis
621 609 830 666 arguam
852 602 896 645 te
919 607 936 645 :
959 591 1252 661 holocausta
1278 599 1444 642 autem
1477 599 1562 641 tua
1585 587 1637 639 in
1662 595 1929 652 conspectu
1959 599 2068 636 meo

497 698 612 743 sunt
630 701 844 752 semper.
874 683 946 736 Ita
972 682 1129 737 etiam
1165 697 1258 737 eos
1284 688 1533 734 accusant
1557 678 1732 732 caueri
1763 675 2066 746 prephetm,

497 779 637 840 quod
678 779 888 850 potiore
914 775 1128 831 virtutis
1171 783 1319 845 parte
1344 762 1646 841 contempta
1669 811 1686 837 ,
1707 770 1892 824 salutis
1919 783 2068 837 spem

502 875 551 926 in
574 875 652 928 eis
678 877 1014 942 reponerent.
1047 868 1129 923 Ad
1158 881 1218 923 se
1244 867 1384 920 enim
1405 863 1765 920 defendendos
1788 862 1903 915 haec
1920 867 2072 914 erant

503 963 710 1018 allaturi
732 978 747 1016 :
769 959 1159 1024 Sacriﬁcamus,
1183 958 1484 1012 holocausta
1515 954 1802 1010 offerimus.
1834 951 1939 1006 Sed
1966 965 2070 1004 non

507 1055 727 1119 accessi,
759 1053 945 1124 inquit,
974 1051 1041 1106 de
1068 1050 1154 1106 his
1179 1051 1494 1120 litigaturus,
1521 1062 1619 1103 nec
1645 1045 1783 1116 quod
1811 1044 1923 1099 hac
1946 1058 2074 1097 con-

508 1153 699 1215 tempta
727 1151 907 1199 essent
930 1157 1024 1197 vos
1050 1152 1410 1197 accusaturus.
1433 1139 1592 1194 Isaias
1618 1147 1794 1192 autem
1815 1151 1907 1191 eos
1933 1135 2075 1188 inse-

505 1245 676 1291 ctatur
695 1235 1063 1290 vehementius
1091 1274 1104 1297 ,
1129 1233 1313 1288 dicens
1336 1249 1349 1286 :
1378 1231 1514 1299 Quid
1552 1229 1678 1283 mihi
1707 1227 2075 1282 multitudinem

508 1326 871 1394 sacriﬁciorum
919 1323 1237 1378 vestrorum?
1286 1321 1477 1377 Plenus
1527 1336 1659 1375 sum.
1711 1318 2076 1373 Holocaustum

509 1419 737 1484 arietum,
766 1425 812 1472 et
837 1416 1037 1486 adipem
1061 1431 1328 1486 agnorum,
1352 1422 1398 1467 et
1420 1412 1712 1482 sanguinem
1743 1422 2004 1464 taurorum
2030 1418 2078 1463 et

511 1512 764 1566 hircorum
805 1509 942 1564 nolo.
976 1509 1100 1574 Quis
1138 1508 1267 1561 enim
1309 1506 1564 1574 requisiuit
1605 1505 1712 1559 haec
1753 1505 1815 1558 de
1850 1502 2078 1557 manibus

509 1603 684 1657 uestris
714 1599 862 1673 (Isai.
909 1600 958 1655 1.
994 1601 1080 1654 11.
1112 1600 1239 1670 £2)?
1266 1599 1422 1668 Atqui
1465 1597 1726 1668 permulta
1773 1596 1911 1651 dicta
1953 1603 2080 1650 sunt

509 1692 576 1748 de
613 1691 922 1746 sacriﬁciis:
947 1690 1042 1746 sed
1081 1705 1186 1745 non
1225 1688 1338 1744 haec
1366 1689 1606 1744 decernit
1649 1697 1914 1756 tamquam
1964 1685 2080 1740 hzec

514 1779 774 1851 praecipue
804 1781 962 1847 velit,
985 1780 1079 1836 sed
1110 1780 1173 1834 ad
1203 1779 1562 1834 inﬁrmitatem
1593 1791 1775 1833 eorum
1804 1791 1862 1832 se
1896 1775 2080 1831 demit-

511 1872 595 1931 tit.
617 1871 870 1927 Jeremias
895 1887 1103 1943 quoque
1130 1871 1286 1927 dicit:
1306 1869 1408 1926 Cur
1435 1870 1559 1924 mihi
1579 1874 1680 1942 fers
1703 1869 1816 1924 thus
1835 1861 1898 1923 ea:
1918 1868 2076 1934 Saba,

512 1975 557 2018 et
607 1966 941 2020 cinamomum
985 1981 1047 2019 ea:
1089 1973 1223 2018 terra
1265 1963 1538 2034 longinqua
1594 1962 1804 2034 (Jerem.
1851 1963 1906 2017 6.
1950 1961 2080 2035 20)?

513 2055 708 2111 Omnes
763 2057 1030 2126 denique,
1081 2065 1139 2110 ut
1191 2055 1614 2123 semclldicam,
1657 2055 1932 2124 propheta:
1979 2055 2082 2110 hoc

515 2150 644 2204 nihil
671 2150 846 2220 magni
881 2164 1000 2205 esse
1028 2149 1228 2204 dicunt.
1254 2149 1512 2216 Quocirca
1542 2148 1656 2217 ipse
1695 2163 1904 2219 quoque
1945 2147 2080 2202 inci-

515 2242 662 2309 piens
690 2243 766 2296 sic
793 2241 919 2297 dicit
943 2258 956 2295 :
979 2239 1114 2294 Deus
1135 2239 1271 2295 Deus
1297 2250 1414 2294 tuus
1434 2255 1523 2310 ego
1549 2255 1660 2294 sum
1682 2255 1700 2293 :
1721 2255 1784 2293 ex
1807 2253 1872 2293 eo
1897 2249 2081 2294 osten-

514 2332 645 2386 deus
673 2333 788 2401 ipso
815 2347 933 2386 esse
958 2331 1222 2400 indignam
1245 2331 1384 2385 hanc
1409 2330 1616 2386 colendi
1643 2331 1922 2385 rationem.

583 2422 722 2478 Deus
746 2433 800 2476 ut
826 2424 891 2477 sit
913 2424 1148 2477 colendus
1162 2441 1179 2488 ;
1203 2425 1450 2492 sacrificia
1476 2440 1569 2477 cur
1593 2423 1791 2478 Judaei:
1820 2424 2080 2493 permissa.

521 2545 587 2556 —
605 2516 767 2570 Deum
785 2514 925 2570 enim
947 2531 1052 2570 non
1077 2516 1242 2583 fumo,
1269 2531 1366 2570 nec
1386 2515 1589 2582 nidore,
1603 2517 1694 2570 sed
1716 2531 1809 2586 per
1827 2516 2082 2587 optimum

517 2607 636 2662 vitae
661 2608 975 2670 institutum,
998 2623 1104 2663 non
1133 2624 1467 2679 corporeum,
1495 2609 1586 2664 sed
1619 2609 1669 2662 in
1699 2618 1875 2664 mente
1897 2608 2080 2675 situm,

517 2700 693 2755 colere
718 2709 772 2755 et
801 2699 1064 2755 honorare
1088 2710 1316 2770 oportet.
1346 2700 1450 2756 Sed
1490 2716 1594 2756 non
1632 2701 1708 2756 sic
1737 2709 2082 2756 externorum

517 2797 786 2851 daemones
808 2838 824 2864 ,
848 2797 953 2851 imo
981 2797 1139 2852 etiam
1168 2797 1283 2851 haec
1319 2797 1601 2864 requirunt
1625 2837 1639 2862 ,
1670 2805 1726 2852 et
1750 2796 1852 2852 hoc
1881 2796 2086 2852 videtur

519 2889 798 2946 ostendere
825 2889 1036 2960 quidam
1062 2899 1218 2959 poeta
1238 2889 1373 2958 apud
1402 2888 1638 2958 Grzncos,

698 3016 748 3076 re
780 3015 847 3066 γάρ
877 3014 1031 3076 rem
1065 3014 1316 3076 τιμεῇνιτςο

699 3071 797 3114 Ηοο
819 3071 948 3114 enim
969 3077 1058 3114 [108
1078 3071 1234 3114 sortiti
1258 3076 1424 3113 sumus
1446 3077 1637 3114 munus.

1128 3125 1308 3188 (Iliad.
1332 3143 1376 3177 Δ.
1395 3139 1438 3175 υ.
1463 3127 1552 3187 49,
1569 3144 1616 3178 ο.
1637 3140 1682 3177 υ.
1707 3126 1813 3190 7o.)

523 3231 661 3286 Deus
693 3238 867 3286 autem
892 3237 1074 3286 noster
1100 3246 1204 3285 non
1231 3231 1308 3286 sic
1332 3249 1346 3286 :
1371 3231 1446 3286 illi
1473 3231 1614 3286 enim
1639 3231 1926 3287 humanum
1958 3247 2085 3288 san-

523 3321 731 3392 guinem
760 3321 1019 3388 sitientes,
1047 3330 1100 3376 et
1124 3335 1217 3376 eos
1241 3321 1306 3376 ad
1335 3322 1430 3377 has
1448 3322 1622 3377 caades
1649 3322 1885 3378 volentes
1907 3324 2088 3392 paula-

523 3413 615 3466 tim
640 3410 906 3482 pellicere,
939 3411 1053 3466 haec
1075 3411 1324 3481 petebant
1356 3412 1602 3467 assidue:
1627 3412 1738 3482 ipse
1765 3422 1938 3468 autem
1965 3429 2085 3470 cum

523 3503 681 3560 vellet
703 3515 796 3558 eos
821 3501 1071 3571 paulatim
1095 3516 1125 3555 a
1153 3502 1469 3557 mactatione
1497 3502 1770 3558 brutorum
1798 3503 2084 3572 abducere,

525 3594 624 3649 hac
665 3592 983 3662 indulgentia
1024 3605 1149 3646 usus
1189 3600 1273 3646 est
1295 3633 1311 3658 ,
1341 3601 1394 3646 et
1430 3593 1670 3662 permisit
1707 3595 1964 3650 sacriﬁcia
1988 3637 2003 3662 ,
2032 3605 2090 3651 ut

523 3683 777 3738 sacriﬁcia
816 3682 1046 3737 tolleret.
1073 3680 1126 3736 9.
1155 3680 1276 3735 Non
1303 3683 1547 3752 accipiam
1572 3684 1634 3738 de
1662 3683 1811 3739 domo
1847 3695 1933 3739 tua
1961 3688 2090 3740 vitu~

524 3773 599 3826 los
622 3813 637 3839 ,
663 3787 819 3842 neque
858 3770 921 3824 de
956 3769 1185 3841 gregibus
1220 3771 1319 3824 tuis
1349 3770 1532 3825 hircos.
1564 3773 1651 3828 10.
1688 3773 1940 3840 Quoniam
1968 3791 2092 3831 metu

523 3873 636 3918 sunt
651 3879 818 3919 omnes
841 3863 964 3932 ferte
979 3862 1252 3932 sgluarum,
1274 3862 1505 3932 jumenta
1522 3863 1576 3916 in
1591 3865 1838 3919 montibus
1856 3876 1904 3920 et
1922 3867 2086 3922 bat-es.

524 3956 610 4011 H.
650 3952 869 4026 Cognoui
893 3954 1063 4008 omnia
1089 3952 1313 4008 volatilia
1345 3953 1455 4008 σιεΙί
1483 3996 1498 4021 ,
1527 3963 1572 4008 et
1623 3956 1941 4026 pulchritudo
1980 3960 2091 4031 agri

523 4063 714 4102 mecum
731 4054 824 4100 est.
848 4046 979 4100 Vide
1002 4045 1270 4116 quomodo
1293 4046 1542 4115 paulatim
1571 4048 1728 4118 erigit
1749 4065 1934 4105 eorum
1971 4055 2090 4107 ani-

525 4154 691 4205 mum,
722 4138 810 4209 qui
841 4137 892 4192 in
931 4145 1103 4194 terras
1125 4137 1286 4193 deﬁxi
1323 4147 1476 4193 erant
1499 4179 1514 4204 ,
1540 4149 1857 4196 excaecatum
1905 4159 2090 4200 eorum

527 4236 761 4284 mentem
792 4227 1055 4298 aperiens,
1082 4237 1136 4282 et
1161 4227 1450 4284 ostendens
1477 4243 1536 4284 se
1565 4229 1680 4285 hazc
1702 4231 1949 4299 iussisse,
1985 4250 2089 4291 non

524 4321 664 4391 quod
687 4320 767 4375 eis
798 4328 1005 4389 egeret,
1031 4334 1131 4375 nec
1155 4320 1272 4390 lege
1298 4321 1538 4377 sanxisse
1561 4323 1701 4392 quod
1728 4339 1790 4380 ea
1818 4327 2087 4396 probaret.

526 4411 581 4468 Si
609 4411 774 4476 enim,
800 4410 987 4480 inquit,
1015 4411 1084 4465 ita
1115 4411 1217 4466 coli
1245 4412 1434 4466 vellem
1453 4454 1468 4480 ,
1492 4428 1613 4468 cum
1640 4431 1851 4472 omnem
1894 4429 2088 4476 terram

525 4517 642 4574 quas
671 4502 770 4557 sub
790 4501 903 4557 sole
927 4511 1010 4556 est
1030 4501 1313 4566 obtineam,
1343 4512 1398 4558 et
1419 4505 1596 4560 omnia
1628 4510 1940 4575 creaverim,
1967 4528 2092 4582 pro-

525 4608 765 4649 curarem
794 4601 854 4648 ut
897 4592 1028 4648 mihi
1072 4593 1213 4649 lauta
1252 4603 1307 4650 et
1333 4595 1551 4666 opipara
1596 4599 1784 4656 ﬁerent
1809 4604 2089 4659 sacriﬁcia.

528 4686 728 4742 Deinde
751 4700 844 4741 eos
867 4687 1025 4741 etiam
1055 4686 1280 4743 irridens
1307 4703 1370 4743 ac
1396 4691 1812 4760 reprehendens,
1843 4705 1901 4750 ut
1927 4699 2094 4770 magis

529 4787 720 4850 pungat
741 4780 1025 4846 accusatio,
1049 4779 1316 4848 subjunxit
1335 4797 1348 4834 :
1367 4781 1456 4839 12.
1476 4783 1539 4838 Si
1560 4787 1797 4856 esuriem,
1811 4804 1910 4842 non
1928 4791 2094 4846 dicam

527 4871 652 4924 tibi:
675 4886 813 4926 meus
846 4879 918 4925 est
954 4872 1087 4925 enim
1111 4873 1243 4927 orbis
1281 4882 1426 4928 terrae
1449 4884 1495 4928 et
1523 4877 1778 4946 plenitudo
1802 4882 1929 4950 ejus.
1961 4883 2094 4951 Quia

527 4960 667 5015 enim
701 4961 815 5032 ipse
851 4974 913 5015 ea
940 4962 1238 5029 concessit,
1267 4971 1325 5016 ut
1349 4979 1440 5018 eos
1463 4967 1711 5034 paulatim
1740 4970 1806 5024 ab
1829 4972 1906 5026 eis
1929 4973 2095 5029 abdu-

526 5061 704 5120 ceret;
729 5052 828 5122 ipsi
853 5060 1029 5109 autem
1065 5053 1118 5108 in
1142 5069 1202 5110 re
1233 5054 1366 5112 adeo
1397 5057 1485 5112 vili
1529 5067 1582 5113 et
1605 5060 1807 5130 abjecta
1853 5068 2096 5133 perstite-

528 5151 669 5210 runt,
696 5157 816 5199 cum
843 5158 906 5200 ex
933 5157 996 5198 ea
1025 5143 1343 5215 indulgentia
1368 5148 1567 5203 nullum
1592 5165 1838 5221 magnum
1867 5153 2094 5212 fructum

529 5235 826 5304 cepissent:
849 5244 1128 5305 propterea
1157 5238 1386 5294 crassius
1409 5248 1464 5294 et
1492 5240 1774 5300 humanius
1803 5245 2093 5318 disserens,

531 5327 655 5382 dicit
680 5343 694 5381 :
719 5327 780 5382 Si
815 5327 1030 5381 esuriero
1053 5368 1067 5393 ,
1097 5345 1198 5382 non
1241 5328 1329 5382 tibi
1374 5331 1560 5386 dicam.
1606 5333 1717 5389 Hoc
1756 5346 1873 5402 est,
1915 5337 2095 5409 Neque

532 5419 732 5484 esurio;
762 5418 900 5474 Deus
923 5418 1065 5474 enim
1097 5435 1204 5474 non
1230 5421 1426 5476 esuriet
1445 5463 1459 5488 ,
1491 5438 1663 5494 neque
1691 5424 2091 5497 defatigabitur;

531 5527 630 5569 nec
655 5513 697 5568 si
729 5513 810 5568 his
835 5513 1023 5570 vellem
1049 5513 1175 5579 coli,
1205 5513 1453 5571 deessent
1477 5519 1605 5572 mihi
1633 5520 1906 5578 innumera
1931 5526 2096 5580 sacri-

528 5603 642 5659 ﬁcia
669 5613 724 5660 et
738 5603 1059 5662 holocausta.
1081 5605 1266 5663 Omnia
1287 5607 1427 5664 enim
1448 5609 1576 5665 mihi
1600 5611 1794 5668 affatim
1814 5623 1868 5670 et
1888 5615 2097 5673 abunde

529 5705 833 5767 suppetunt,
861 5706 1058 5754 etcum
1098 5700 1197 5754 sim
1224 5704 1336 5771 ipse
1363 5701 1618 5758 Dominus
1641 5745 1654 5770 ,
1682 5719 1796 5762 mea
1824 5707 1943 5761 volo
1971 5724 1998 5761 a
2047 5717 2098 5765 te

529 5789 790 5857 accipere,
819 5797 876 5844 ut
903 5788 1003 5845 hac
1025 5792 1107 5845 via
1129 5800 1182 5846 et
1206 5795 1409 5849 ratione
1441 5803 1492 5850 te
1519 5795 1585 5850 ad
1612 5812 1782 5851 meam
1812 5799 2095 5854 amicitiam

528 5881 809 5948 attraham,
834 5891 887 5936 et
910 5897 938 5936 a
966 5898 1139 5939 rerum
1162 5885 1393 5941 inanium
1420 5891 1797 5946 consuetudine
1818 5892 2093 5948 abducam.

1309 474 1363 528 S.
1391 472 1668 529 JOANNIS
1697 466 2169 524 CHRYSOSTONII
2211 464 2523 520 ARCIIIEP.
2564 468 3104 524 CONSTANTINOP.

3644 468 3751 522 9..ἱὸ

2247 585 2300 636 5.
2330 581 2477 647 Quod
2499 582 2562 634 sit
2583 581 2684 636 Deo
2707 593 2902 652 gratum
2923 585 3053 636 sacri
3059 583 3246 650 (icium.
3261 612 3331 623 -
3348 580 3544 636 Deinde
3571 598 3755 637 rursus

2175 676 2382 743 erigens
2403 675 2468 728 ad
2491 675 2540 729 id
2563 676 2701 745 quod
2720 685 2800 730 est
2826 675 3120 739 sublimius,
3143 675 3445 742 subiunxit:
3473 675 3558 728 13.
3584 674 3752 727 Num-

2175 769 2295 838 quid
2314 769 2624 820 manducabo
2651 785 2826 822 carnes
2853 778 3130 828 (amarunt.
3159 778 3244 820 aut
3275 769 3566 838 sanguinem
3591 770 3756 822 hirco-

2175 878 2288 914 rum
2337 861 2564 928 putabo?
2617 861 2779 926 llmc,
2829 861 3031 929 inquit,
3081 875 3151 915 ne
3198 859 3499 915 hominibus
3541 861 3750 929 quidem

2173 952 2306 1020 jussi
2331 951 2524 1018 facere,
2549 950 2642 1006 sed
2669 952 2824 1005 etiam
2851 951 3135 1005 maximum
3165 951 3413 1005 constitui
3439 951 3752 1019 supplicium

2178 1043 2242 1096 iis
2265 1042 2354 1110 qui
2382 1051 2666 1097 vescuntur
2689 1043 2944 1111 sanguine
2969 1041 3148 1110 (Leuit.
3172 1042 3222 1094 7.
3253 1041 3338 1096 16.
3360 1040 3450 1096 26.
3473 1041 3588 1111 27).
3615 1040 3758 1108 Quo-

2177 1133 2337 1188 modo
2373 1148 2500 1203 ergo
2545 1133 2833 1203 indigerem
2875 1133 3164 1202 sanguine,
3197 1133 3285 1202 qui
3327 1147 3511 1186 servos
3553 1147 3700 1186 meos
3727 1148 3754 1184 a

2177 1226 2270 1279 tali
2294 1239 2412 1280 esca
2439 1223 2684 1279 abduco?
2709 1223 2840 1278 Cum
2873 1223 2986 1278 haec
3010 1238 3136 1293 ergo
3171 1222 3348 1277 omnia
3375 1223 3673 1291 repulisset,
3704 1230 3762 1276 ct

2178 1332 2238 1372 se
2266 1331 2384 1372 esse
2414 1316 2625 1385 indigna
2645 1315 2986 1379 ostendisset,
3017 1315 3514 1383 accusationemque
3534 1314 3758 1382 permul-

2179 1410 2249 1464 tis
2275 1408 2545 1464 deridendi
2573 1424 2730 1463 causa
2755 1408 2909 1462 dictis
2935 1408 3277 1476 reSpersisset
3299 1446 3316 1471 ,
3341 1421 3447 1461 non
3486 1405 3574 1462 hic
3600 1405 3756 1461 ﬁnem

2181 1501 2428 1570 loquendi
2469 1500 2593 1555 fecit
2615 1541 2631 1566 ,
2653 1501 2746 1557 sed
2773 1501 3005 1556 ostendit
3037 1501 3197 1554 alium
3225 1499 3468 1555 sacriﬁcii
3501 1499 3712 1553 modum
3739 1541 3755 1565 ,

2183 1591 2391 1647 functus
2419 1592 2595 1648 hacin
2619 1608 2677 1647 re
2697 1593 2880 1662 optimi
2907 1591 3100 1647 medici
3131 1591 3326 1656 ofﬁcio,
3356 1599 3415 1646 ut
3442 1590 3705 1647 abduceus
3728 1607 3758 1644 a

2181 1685 2339 1739 rebus
2382 1684 2690 1749 inutilibus,
2723 1699 2783 1738 ea
2824 1699 2941 1753 quae
2980 1683 3171 1753 juvare
3215 1684 3421 1756 possint
3456 1684 3760 1738 vulneribus

2181 1776 2428 1847 applicet.
2487 1776 2770 1846 Postquam
2815 1775 2957 1831 enim
3009 1774 3124 1831 haec
3171 1775 3437 1845 perfecit,
3468 1775 3636 1830 dicit:
3670 1775 3754 1827 14.

2182 1867 2402 1923 Immola
2429 1868 2556 1923 Deo.
2585 1869 2650 1923 Et
2669 1867 2934 1938 quomodo
2959 1866 3296 1923 sacriﬁcabo?
3319 1869 3510 1937 inquit.
3548 1867 3764 1933 Absque

2183 1962 2455 2031 sanguine.
2479 1961 2590 2016 Hoc
2614 1961 2752 2016 enim
2778 1959 3092 2015 sacriﬁcium
3114 1961 3223 2015 Deo
3244 1959 3472 2014 maxime
3493 1961 3757 2014 convenit.

2186 2054 2250 2108 Et
2279 2054 2398 2110 ideo
2427 2069 2546 2108 cum
2573 2052 2826 2117 dixisset,
2852 2051 3071 2106 Immola
3102 2051 3227 2118 Deo,
3259 2051 3552 2121 subiunxit,
3584 2052 3762 2108 Sacri-

2185 2145 2357 2213 ﬁcium
2389 2144 2554 2198 laudis
2579 2159 2597 2197 :
2619 2143 2719 2198 hoc
2745 2153 2856 2206 est,
2885 2143 3171 2212 gratiarum
3210 2143 3434 2196 actionis
3453 2184 3466 2206 ,
3490 2157 3761 2196 sacrorum

2188 2234 2538 2307 hymnorum,
2565 2234 2745 2304 gloria:
2774 2249 2869 2303 per
2911 2233 3049 2288 bona
3089 2247 3249 2299 opera
3290 2232 3402 2287 Deo
3447 2231 3760 2286 tribuendm.

2185 2325 2335 2392 Quod
2380 2335 2553 2379 autem
2595 2324 2759 2390 dicit,
2786 2332 2868 2379 est
2893 2323 3150 2392 ejusmodi
3176 2341 3190 2373 :
3216 2323 3288 2377 lta
3320 2323 3465 2376 vivas
3489 2331 3548 2376 ut
3579 2322 3759 2376 Domi-

2186 2433 2286 2472 nus
2333 2425 2453 2471 tuus
2491 2415 2835 2485 gloriﬁcetur.
2868 2415 3021 2482 Quod
3064 2415 3223 2469 etiam
3267 2413 3512 2468 Christus
3547 2413 3724 2468 docuit
3748 2454 3764 2473 .

2186 2507 2368 2562 dicens
2397 2523 2411 2560 :
2440 2504 2626 2560 Luceat
2653 2505 2741 2558 tua:
2763 2514 2925 2558 uestra
2954 2521 3123 2558 coram
3149 2503 3431 2558 hominibus
3452 2546 3466 2570 ,
3490 2513 3542 2557 ut
3565 2504 3762 2557 uideant

2186 2597 2317 2652 bona
2342 2607 2504 2652 uestra
2528 2613 2680 2668 opera
2699 2639 2713 2662 ,
2741 2605 2786 2650 et
2811 2595 3089 2666 glorificent
3114 2594 3321 2649 Patrem
3347 2606 3561 2648 vestrum
3601 2596 3685 2665 qui
3713 2596 3766 2647 in

2188 2690 2324 2744 caelis
2363 2688 2473 2760 est(
2500 2689 2683 2742 Matth.
2714 2686 2924 2760 5.16).
2959 2686 3099 2762 Laus
3144 2687 3285 2741 enim
3331 2685 3461 2740 nihil
3501 2686 3640 2740 aliud
3686 2693 3770 2740 est

2186 2798 2344 2853 quam
2373 2781 2601 2836 laudatio
2625 2822 2638 2844 ,
2665 2780 2828 2851 gloria
2855 2789 2908 2834 et
2935 2779 3239 2834 celebratio.
3270 2778 3350 2833 Sit
3377 2793 3505 2849 ergo
3533 2777 3639 2832 vita
3680 2788 3765 2831 tua

2187 2873 2466 2945 ejusmodi,
2491 2881 2549 2927 ut
2576 2881 2696 2928 tuus
2727 2871 2968 2927 laudetur
2991 2886 3052 2926 ac
3077 2870 3375 2927 celebretur
3406 2871 3678 2932 Dominus,
3708 2879 3764 2925 et

2189 2965 2480 3037 perfectum
2509 2965 2742 3020 obtulisti
2772 2963 3112 3018 sacriﬁcium.
3141 2964 3253 3018 Hoc
3277 2964 3594 3019 sacrificium
3625 2963 3764 3018 Pau-

2191 3058 2273 3113 lus
2307 3073 2515 3128 quoque
2548 3057 2790 3127 requirit,
2821 3057 3001 3112 dicens
3029 3079 3042 3113 :
3081 3057 3320 3112 Exhibete
3358 3058 3578 3111 membra
3609 3067 3768 3112 vestra

2189 3150 2401 3204 hostiam
2428 3152 2698 3216 uiuentem,
2719 3158 2944 3203 sanctam
2964 3192 2978 3214 ,
3012 3149 3119 3204 Deo
3162 3151 3439 3220 placentem
3465 3150 3636 3223 (Rom.
3678 3152 3767 3206 12.

2191 3244 2264 3315 1).
2295 3244 2361 3299 Et
2387 3259 2570 3298 rursus
2600 3242 2684 3297 hic
2710 3243 2820 3310 ipse
2849 3241 3102 3312 propheta
3133 3242 3256 3297 alibi
3285 3259 3298 3294 :
3322 3241 3563 3297 Laudabo
3589 3259 3769 3296 nomen

2190 3335 2286 3390 Dei
2322 3335 2419 3388 mei
2458 3351 2569 3388 cum
2599 3335 2825 3398 cantico,
2853 3334 3186 3405 maguiﬁcabo
3225 3335 3391 3404 ipsum
3430 3335 3482 3387 in
3512 3335 3661 3389 laude
3682 3353 3700 3387 :
3723 3345 3772 3387 et

2191 3427 2402 3498 placebit
2425 3426 2529 3481 Deo
2557 3427 2670 3497 plus
2692 3443 2839 3495 quant
2867 3427 3049 3480 vitulus
3065 3427 3265 3497 juvenis
3284 3444 3472 3480 cornua
3492 3429 3772 3498 produc-ens

2190 3529 2238 3572 et
2276 3520 2490 3590 ungulas
2515 3517 2682 3584 (Psal.
2727 3519 2816 3575 68.
2857 3520 2944 3574 51.
2977 3519 3110 3590 52).
3140 3518 3218 3575 Ita
3254 3520 3413 3576 etiam
3457 3521 3773 3577 sacriﬁcavit

2189 3609 2290 3665 Job
2318 3618 2437 3679 post
2462 3610 2639 3680 plagas
2664 3609 2778 3664 illas
2804 3625 2918 3681 qua:
2940 3619 3180 3664 naturam
3209 3611 3550 3680 superabant,
3574 3613 3772 3682 gratias

2189 3714 2372 3770 agens.
2401 3711 2455 3754 et
2485 3700 2596 3754 haec
2614 3700 2775 3754 verba
2800 3701 3051 3771 loquens:
3076 3699 3323 3756 Dominus
3347 3703 3504 3770 dedit,
3529 3703 3771 3758 Dominus

2191 3790 2425 3844 abstulit:
2440 3792 2568 3846 sicut
2595 3789 2813 3845 Domino
2842 3791 3050 3862 placuit,
3073 3793 3145 3846 ita
3165 3797 3354 3864 factum
3374 3803 3448 3848 est
3468 3811 3486 3848 :
3507 3795 3569 3848 sit
3589 3812 3770 3848 nomen

2192 3883 2399 3936 Domini
2433 3881 2741 3937 benedictum
2777 3883 2828 3936 in
2856 3883 3060 3938 stecula.
3091 3883 3158 3936 Et
3186 3885 3336 3938 redde
3363 3885 3618 3941 Altissimo
3659 3898 3771 3940 uota

2193 3985 2280 4030 tua
2327 3974 2445 4046 (Job
2473 3976 2522 4029 1.
2550 3974 2664 4044 21).
2698 3973 2794 4029 Hic
2831 3974 2960 4029 dicit
2984 3975 3394 4044 supplicationes
3417 4017 3432 4042 ,
3463 3977 3688 4032 suadens
3714 3987 3772 4031 ut

2195 4067 2247 4122 in
2293 4066 2531 4121 oratione
2583 4065 2793 4121 assidue
2832 4081 3232 4135 perseveremus
3255 4109 3270 4134 ,
3301 4077 3355 4122 et
3391 4082 3510 4137 qua:
3548 4068 3768 4138 professi

2196 4158 2449 4213 fuerimus
2495 4172 2613 4210 cum
2661 4157 2933 4211 celeritate
2971 4157 3274 4211 reddamus.
3316 4157 3544 4215 Pulchre
3594 4171 3770 4213 autem

2195 4248 2368 4316 dixit,
2402 4247 2594 4302 Redde.
2627 4248 2752 4303 Post
2780 4249 3185 4316 promissionem
3227 4251 3367 4305 enim
3417 4266 3504 4305 res
3542 4250 3773 4306 efﬁcitur

2195 4341 2450 4396 debitum.
2481 4340 2569 4395 Sic
2598 4343 2748 4394 Anna
2777 4340 2992 4394 tradidit
3024 4340 3186 4394 ﬁlium
3209 4382 3222 4406 ,
3252 4351 3312 4396 ut
3338 4341 3572 4397 debitum
3600 4346 3770 4398 maxi-

2195 4446 2339 4486 mum
2368 4431 2443 4504 (1.
2472 4429 2598 4502 Reg.
2629 4431 2680 4484 1.
2711 4429 2822 4500 28).
2850 4431 2925 4485 Tu
2951 4447 3076 4501 ergo
3105 4431 3216 4487 sive
3247 4435 3518 4501 promittas
3543 4435 3772 4489 eleemo-

2195 4537 2380 4594 synam
2406 4563 2419 4586 ,
2453 4521 2564 4576 sive
2592 4521 2750 4575 vitam
2781 4521 3023 4592 pudicam
3047 4564 3062 4589 ,
3087 4522 3200 4576 sive
3239 4524 3435 4593 aliquid
3465 4524 3604 4578 aliud
3633 4525 3769 4590 tale,

2195 4613 2261 4674 ad
2289 4614 2341 4668 id
2365 4613 2744 4668 exsolvendum
2773 4613 2982 4668 festina.
3012 4615 3066 4669 Si
3094 4615 3211 4684 quis
3237 4625 3413 4671 autem
3443 4627 3627 4673 exacte
3651 4635 3771 4688 pcr-

2197 4703 2470 4775 penderit,
2501 4704 2599 4760 etsi
2644 4704 2860 4758 minime
2903 4706 3266 4773 promittatur,
3295 4708 3463 4762 virtus
3505 4718 3680 4765 tamen
3723 4712 3769 4765 ei

2197 4797 2438 4853 debetur.
2465 4797 2518 4852 Id
2545 4805 2718 4852 autem
2748 4796 2989 4851 Christus
3016 4798 3338 4868 signiﬁcans,
3373 4801 3623 4856 dicebat:
3652 4803 3774 4868 Qui:

2196 4889 2328 4944 enim
2377 4888 2635 4942 debuimus
2683 4892 2850 4960 facere
2873 4930 2887 4955 ,
2916 4889 3124 4958 fecimus
3167 4889 3314 4960 (Luc.
3346 4892 3434 4946 17.
3470 4893 3582 4963 10).
3615 4894 3772 4965 Atqui

2196 4979 2335 5035 dixit
2363 4980 2662 5049 parabolam
2688 4980 2847 5042 servi.
2879 4981 2961 5034 cui
2989 4990 3104 5035 erat
3131 4982 3406 5037 minimum
3435 4984 3771 5054 imperatum,

2197 5087 2390 5142 nempe
2419 5079 2474 5124 ut
2501 5086 2605 5126 non
2636 5073 3002 5139 accumberet,
3035 5073 3128 5128 sed
3156 5076 3405 5131 transiret
3433 5086 3487 5132 et
3511 5079 3777 5134 ministra-

2196 5171 2297 5219 ret.
2329 5163 2549 5234 Quidam
2571 5173 2745 5220 autem
2768 5181 2976 5237 quoque
3000 5166 3128 5221 dicit
3151 5185 3164 5221 :
3193 5167 3274 5222 Ne
3301 5171 3575 5225 tardaveris
3599 5173 3777 5226 redde-

2197 5273 2253 5310 re
2274 5250 2439 5310 votum
2465 5265 2605 5310 tuum
2631 5255 2817 5327 (Eccli.
2848 5259 2902 5314 5.
2930 5258 3006 5329 5).
3036 5259 3311 5315 Pollicitus
3335 5261 3430 5316 es?
3463 5262 3644 5318 Redde
3667 5305 3682 5327 ,
3710 5279 3778 5318 ne

2199 5347 2335 5402 forte
2363 5361 2508 5401 mors
2531 5356 2582 5402 te
2608 5347 2838 5414 invadat,
2863 5358 2916 5403 et
2945 5349 2996 5403 id
3021 5351 3304 5405 rescindat.
3331 5351 3398 5405 Et
3417 5352 3541 5422 quid
3563 5353 3629 5407 ad
3659 5354 3779 5407 me!

2199 5437 2369 5506 inquit
2395 5455 2408 5491 :
2437 5438 2541 5490 vita
2571 5439 2712 5493 enim
2744 5452 2848 5493 non
2881 5448 2996 5494 erat
3032 5439 3083 5493 in
3115 5457 3229 5496 mea
3255 5451 3533 5512 potestate.
3568 5445 3634 5500 Et
3659 5445 3780 5500 ideo

2199 5527 2415 5583 dillerre
2439 5545 2544 5582 non
2574 5531 2803 5598 Oportuit
2829 5572 2844 5597 ,
2874 5531 2998 5585 dum
3030 5535 3230 5601 cogitas
3259 5550 3376 5588 esse
3404 5536 3662 5592 incertum
3689 5555 3779 5593 ex-

2199 5621 2352 5685 itum,
2374 5632 2427 5676 et
2455 5637 2560 5676 non
2589 5636 2708 5676 esse
2737 5621 2788 5676 in
2822 5632 2906 5676 tua
2937 5632 3195 5692 potestate
3221 5635 3312 5680 aut
3336 5627 3534 5694 virere,
3559 5638 3650 5684 aut
3680 5629 3781 5687 hoc

2200 5726 2232 5767 e
2257 5711 2374 5767 loco
2397 5714 2672 5768 excedere.
2695 5713 2844 5781 Quod
2865 5730 2991 5784 ergo
3017 5715 3212 5771 videris
3242 5732 3338 5786 pro
3366 5727 3449 5773 tua
3471 5719 3779 5777 defensioue

2203 5802 2410 5867 afferre,
2435 5803 2486 5858 id
2511 5805 2664 5873 plane
2692 5813 2744 5859 te
2773 5806 2964 5874 arguit.
2994 5805 3176 5875 Neque
3203 5808 3344 5862 enim
3373 5824 3518 5864 mors
3543 5811 3594 5864 in
3619 5826 3779 5866 causa

2207 5893 2322 5961 fuit,
2343 5895 2619 5965 quominus
2637 5895 2906 5965 redderes,
2923 5897 3015 5954 sed
3030 5907 3114 5952 tua
3134 5914 3282 5955 mora
3299 5915 3359 5955 ac
3381 5901 3581 5958 dilatio.
3605 5903 3687 5957 15.
3715 5902 3778 5955 Et
