  <div class='ocr_page' id='page_1' title='image "/cluster/home/n/w/nwhite01/storage/ocr_20150623/55/nnc1.0046980016/239.png"; bbox 0 0 4108 6344; ppageno 0'>
   <div class='ocr_carea' id='block_1_1' title="bbox 501 458 613 515">
    <p class='ocr_par' dir='ltr' id='par_1_1' title="bbox 501 458 613 515">
     <span class='ocr_line' id='line_1_1' title="bbox 501 458 613 515; baseline -0.009 0"><span class='ocrx_word' id='word_1_1' title='bbox 501 458 613 515; x_wconf 76' lang='grc' dir='ltr'>2ί9</span> 
     </span>
    </p>
   </div>
   <div class='ocr_carea' id='block_1_2' title="bbox 504 570 2083 646">
    <p class='ocr_par' dir='ltr' id='par_1_2' title="bbox 504 570 2083 646">
     <span class='ocr_line' id='line_1_2' title="bbox 504 570 2083 646; baseline -0.003 -17"><span class='ocrx_word' id='word_1_2' title='bbox 504 572 605 629; x_wconf 72' lang='grc' dir='ltr'>καὶ</span> <span class='ocrx_word' id='word_1_3' title='bbox 638 571 971 646; x_wconf 35' lang='grc' dir='ltr'>έξελοῦμαί,</span> <span class='ocrx_word' id='word_1_4' title='bbox 996 588 1089 635; x_wconf 85' lang='grc' dir='ltr'>σε,</span> <span class='ocrx_word' id='word_1_5' title='bbox 1111 572 1209 627; x_wconf 80' lang='grc' dir='ltr'>καί</span> <span class='ocrx_word' id='word_1_6' title='bbox 1231 571 1383 645; x_wconf 69' lang='lat'>[252]</span> <span class='ocrx_word' id='word_1_7' title='bbox 1406 570 1687 638; x_wconf 76' lang='grc' dir='ltr'>δοξάσεις</span> <span class='ocrx_word' id='word_1_8' title='bbox 1722 589 1818 641; x_wconf 81' lang='grc' dir='ltr'>με.</span> <span class='ocrx_word' id='word_1_9' title='bbox 1834 571 1997 643; x_wconf 77' lang='grc' dir='ltr'>Ὁρᾷς</span> <span class='ocrx_word' id='word_1_10' title='bbox 2017 571 2083 624; x_wconf 84' lang='grc' dir='ltr'>ἐκ</span> 
     </span>
    </p>
   </div>
   <div class='ocr_carea' id='block_1_3' title="bbox 504 655 2082 730">
    <p class='ocr_par' dir='ltr' id='par_1_3' title="bbox 504 655 2082 730">
     <span class='ocr_line' id='line_1_3' title="bbox 504 655 2082 730; baseline -0.003 -16"><span class='ocrx_word' id='word_1_11' title='bbox 504 659 703 715; x_wconf 83' lang='grc' dir='ltr'>πολλοῦ</span> <span class='ocrx_word' id='word_1_12' title='bbox 722 658 818 712; x_wconf 87' lang='grc' dir='ltr'>τοῦ</span> <span class='ocrx_word' id='word_1_13' title='bbox 838 659 1118 728; x_wconf 82' lang='grc' dir='ltr'>περιόντος</span> <span class='ocrx_word' id='word_1_14' title='bbox 1135 658 1234 730; x_wconf 83' lang='grc' dir='ltr'>τὴν</span> <span class='ocrx_word' id='word_1_15' title='bbox 1253 658 1519 712; x_wconf 80' lang='grc' dir='ltr'>ἀντίδοσιν</span> <span class='ocrx_word' id='word_1_16' title='bbox 1535 657 1818 727; x_wconf 88' lang='grc' dir='ltr'>διδομένην</span> <span class='ocrx_word' id='word_1_17' title='bbox 1836 675 1851 722; x_wconf 89' lang='grc'>;</span> <span class='ocrx_word' id='word_1_18' title='bbox 1874 655 1940 709; x_wconf 86' lang='grc' dir='ltr'>Τί</span> <span class='ocrx_word' id='word_1_19' title='bbox 1974 656 2082 709; x_wconf 88' lang='grc' dir='ltr'>τοί-</span> 
     </span>
    </p>
   </div>
   <div class='ocr_carea' id='block_1_4' title="bbox 505 739 2082 814">
    <p class='ocr_par' dir='ltr' id='par_1_4' title="bbox 505 739 2082 814">
     <span class='ocr_line' id='line_1_4' title="bbox 505 739 2082 814; baseline -0.003 -17"><span class='ocrx_word' id='word_1_20' title='bbox 505 761 601 797; x_wconf 90' lang='grc' dir='ltr'>νυν</span> <span class='ocrx_word' id='word_1_21' title='bbox 637 744 738 814; x_wconf 83' lang='grc' dir='ltr'>τῆς</span> <span class='ocrx_word' id='word_1_22' title='bbox 772 741 1027 812; x_wconf 82' lang='grc' dir='ltr'>τοιαύτης</span> <span class='ocrx_word' id='word_1_23' title='bbox 1058 741 1467 814; x_wconf 76' lang='grc' dir='ltr'>φιλανθρωπίας</span> <span class='ocrx_word' id='word_1_24' title='bbox 1501 740 1615 793; x_wconf 75' lang='grc' dir='ltr'>ἴσον</span> <span class='ocrx_word' id='word_1_25' title='bbox 1634 740 1830 810; x_wconf 75' lang='grc' dir='ltr'>γένοιτ’</span> <span class='ocrx_word' id='word_1_26' title='bbox 1847 739 1934 802; x_wconf 81' lang='grc' dir='ltr'>ἂν,</span> <span class='ocrx_word' id='word_1_27' title='bbox 1953 740 2082 792; x_wconf 82' lang='grc' dir='ltr'>ὅταν</span> 
     </span>
    </p>
   </div>
   <div class='ocr_carea' id='block_1_5' title="bbox 505 822 2081 898">
    <p class='ocr_par' dir='ltr' id='par_1_5' title="bbox 505 822 2081 898">
     <span class='ocr_line' id='line_1_5' title="bbox 505 822 2081 898; baseline -0.005 -16"><span class='ocrx_word' id='word_1_28' title='bbox 505 828 603 883; x_wconf 78' lang='grc' dir='ltr'>καὶ</span> <span class='ocrx_word' id='word_1_29' title='bbox 620 827 789 898; x_wconf 81' lang='grc' dir='ltr'>αὐτῆς</span> <span class='ocrx_word' id='word_1_30' title='bbox 825 826 926 898; x_wconf 83' lang='grc' dir='ltr'>τῆς</span> <span class='ocrx_word' id='word_1_31' title='bbox 960 827 1162 898; x_wconf 80' lang='grc' dir='ltr'>ἀρετῆς</span> <span class='ocrx_word' id='word_1_32' title='bbox 1185 825 1407 897; x_wconf 77' lang='grc' dir='ltr'>μισθοὺς</span> <span class='ocrx_word' id='word_1_33' title='bbox 1425 826 1555 896; x_wconf 76' lang='grc' dir='ltr'>ἡμῖν</span> <span class='ocrx_word' id='word_1_34' title='bbox 1573 823 1717 895; x_wconf 84' lang='grc' dir='ltr'>διδῷ,</span> <span class='ocrx_word' id='word_1_35' title='bbox 1741 822 1834 876; x_wconf 76' lang='grc' dir='ltr'>καὶ</span> <span class='ocrx_word' id='word_1_36' title='bbox 1856 822 2081 889; x_wconf 78' lang='grc' dir='ltr'>μισθοὺς</span> 
     </span>
    </p>
   </div>
   <div class='ocr_carea' id='block_1_6' title="bbox 506 904 2080 982">
    <p class='ocr_par' dir='ltr' id='par_1_6' title="bbox 506 904 2080 982">
     <span class='ocr_line' id='line_1_6' title="bbox 506 904 2080 982; baseline -0.005 -17"><span class='ocrx_word' id='word_1_37' title='bbox 506 910 687 981; x_wconf 89' lang='grc' dir='ltr'>πολλῷ</span> <span class='ocrx_word' id='word_1_38' title='bbox 720 911 968 982; x_wconf 76' lang='grc' dir='ltr'>μείζονας</span> <span class='ocrx_word' id='word_1_39' title='bbox 984 909 1093 963; x_wconf 92' lang='grc' dir='ltr'>τῶν</span> <span class='ocrx_word' id='word_1_40' title='bbox 1111 909 1308 973; x_wconf 90' lang='grc' dir='ltr'>πόνων,</span> <span class='ocrx_word' id='word_1_41' title='bbox 1332 908 1425 962; x_wconf 71' lang='grc' dir='ltr'>καὶ</span> <span class='ocrx_word' id='word_1_42' title='bbox 1445 907 1649 979; x_wconf 88' lang='grc' dir='ltr'>σφόδρα</span> <span class='ocrx_word' id='word_1_43' title='bbox 1670 907 1726 958; x_wconf 83' lang='grc' dir='ltr'>ὲν</span> <span class='ocrx_word' id='word_1_44' title='bbox 1748 904 1920 976; x_wconf 84' lang='grc' dir='ltr'>καιρῷ</span> <span class='ocrx_word' id='word_1_45' title='bbox 1938 904 2080 957; x_wconf 72' lang='grc' dir='ltr'>διδοο</span> 
     </span>
    </p>
   </div>
   <div class='ocr_carea' id='block_1_7' title="bbox 510 982 2079 1065">
    <p class='ocr_par' dir='ltr' id='par_1_7' title="bbox 510 982 2079 1065">
     <span class='ocr_line' id='line_1_7' title="bbox 510 982 2079 1065; baseline -0.006 -17"><span class='ocrx_word' id='word_1_46' title='bbox 510 995 737 1065; x_wconf 83' lang='grc' dir='ltr'>μένους;</span> <span class='ocrx_word' id='word_1_47' title='bbox 769 995 877 1065; x_wconf 81' lang='lat' dir='ltr'>Kal</span> <span class='ocrx_word' id='word_1_48' title='bbox 912 992 1000 1047; x_wconf 86' lang='grc' dir='ltr'>διὰ</span> <span class='ocrx_word' id='word_1_49' title='bbox 1016 993 1088 1057; x_wconf 91' lang='grc' dir='ltr'>τί,</span> <span class='ocrx_word' id='word_1_50' title='bbox 1113 991 1295 1063; x_wconf 67' lang='grc' dir='ltr'>φησιν,</span> <span class='ocrx_word' id='word_1_51' title='bbox 1318 982 1501 1043; x_wconf 62' lang='grc' dir='ltr'>εἶπενέ</span> <span class='ocrx_word' id='word_1_52' title='bbox 1556 987 1937 1042; x_wconf 71' lang='grc' dir='ltr'>Ἐπικάλεσαί</span> <span class='ocrx_word' id='word_1_53' title='bbox 1966 1003 2079 1057; x_wconf 83' lang='grc' dir='ltr'>με;</span> 
     </span>
    </p>
   </div>
   <div class='ocr_carea' id='block_1_8' title="bbox 505 1064 2078 1149">
    <p class='ocr_par' dir='ltr' id='par_1_8' title="bbox 505 1064 2078 1149">
     <span class='ocr_line' id='line_1_8' title="bbox 505 1064 2078 1149; baseline -0.005 -17"><span class='ocrx_word' id='word_1_54' title='bbox 505 1064 593 1132; x_wconf 75' lang='grc' dir='ltr'>διὰ</span> <span class='ocrx_word' id='word_1_55' title='bbox 612 1081 664 1132; x_wconf 89' lang='grc' dir='ltr'>τί</span> <span class='ocrx_word' id='word_1_56' title='bbox 683 1064 939 1149; x_wconf 78' lang='grc' dir='ltr'>ἀναμένει</span> <span class='ocrx_word' id='word_1_57' title='bbox 958 1076 1239 1130; x_wconf 85' lang='grc' dir='ltr'>καλεῖσθαι</span> <span class='ocrx_word' id='word_1_58' title='bbox 1260 1076 1392 1145; x_wconf 73' lang='grc' dir='ltr'>παρ’</span> <span class='ocrx_word' id='word_1_59' title='bbox 1414 1077 1445 1146; x_wconf 87' lang='grc' dir='ltr'>ή</span> <span class='ocrx_word' id='word_1_60' title='bbox 1454 1073 1569 1144; x_wconf 89' lang='grc' dir='ltr'>μῶν</span> <span class='ocrx_word' id='word_1_61' title='bbox 1588 1089 1602 1139; x_wconf 92' lang='grc'><strong>;</strong></span> <span class='ocrx_word' id='word_1_62' title='bbox 1625 1071 1862 1135; x_wconf 75' lang='grc' dir='ltr'>Μείζονα</span> <span class='ocrx_word' id='word_1_63' title='bbox 1882 1071 1978 1143; x_wconf 81' lang='grc' dir='ltr'>τὴν</span> <span class='ocrx_word' id='word_1_64' title='bbox 1996 1073 2078 1125; x_wconf 75' lang='lat' dir='ltr'>ol-</span> 
     </span>
    </p>
   </div>
   <div class='ocr_carea' id='block_1_9' title="bbox 507 1153 2079 1232">
    <p class='ocr_par' dir='ltr' id='par_1_9' title="bbox 507 1153 2079 1232">
     <span class='ocr_line' id='line_1_9' title="bbox 507 1153 2079 1232; baseline -0.005 -18"><span class='ocrx_word' id='word_1_65' title='bbox 507 1161 727 1214; x_wconf 84' lang='grc' dir='ltr'>κείωσιν</span> <span class='ocrx_word' id='word_1_66' title='bbox 763 1162 894 1232; x_wconf 85' lang='grc' dir='ltr'>ήμῖν</span> <span class='ocrx_word' id='word_1_67' title='bbox 932 1160 1153 1230; x_wconf 85' lang='grc' dir='ltr'>ποιῆσαι</span> <span class='ocrx_word' id='word_1_68' title='bbox 1174 1158 1512 1230; x_wconf 85' lang='grc' dir='ltr'>βουλόμενος,</span> <span class='ocrx_word' id='word_1_69' title='bbox 1533 1156 1627 1209; x_wconf 74' lang='grc' dir='ltr'>καὶ</span> <span class='ocrx_word' id='word_1_70' title='bbox 1644 1155 1740 1231; x_wconf 79' lang='grc' dir='ltr'>τὴν</span> <span class='ocrx_word' id='word_1_71' title='bbox 1761 1155 1897 1226; x_wconf 81' lang='grc' dir='ltr'>πρὸς</span> <span class='ocrx_word' id='word_1_72' title='bbox 1917 1153 2079 1207; x_wconf 81' lang='grc' dir='ltr'>αὐτὸν</span> 
     </span>
    </p>
   </div>
   <div class='ocr_carea' id='block_1_10' title="bbox 507 1238 2076 1314">
    <p class='ocr_par' dir='ltr' id='par_1_10' title="bbox 507 1238 2076 1314">
     <span class='ocr_line' id='line_1_10' title="bbox 507 1238 2076 1314; baseline -0.003 -19"><span class='ocrx_word' id='word_1_73' title='bbox 507 1243 691 1312; x_wconf 80' lang='grc' dir='ltr'>φιλίαν</span> <span class='ocrx_word' id='word_1_74' title='bbox 710 1242 1064 1314; x_wconf 86' lang='grc' dir='ltr'>θερμοτέραν,</span> <span class='ocrx_word' id='word_1_75' title='bbox 1088 1242 1182 1296; x_wconf 75' lang='grc' dir='ltr'>καὶ</span> <span class='ocrx_word' id='word_1_76' title='bbox 1217 1240 1295 1311; x_wconf 87' lang='grc' dir='ltr'>τῷ</span> <span class='ocrx_word' id='word_1_77' title='bbox 1338 1239 1539 1302; x_wconf 84' lang='grc' dir='ltr'>δοῦναι,</span> <span class='ocrx_word' id='word_1_78' title='bbox 1562 1238 1750 1309; x_wconf 78' lang='grc' dir='ltr'>καὶτῷ</span> <span class='ocrx_word' id='word_1_79' title='bbox 1776 1238 2076 1304; x_wconf 88' lang='grc' dir='ltr'>καλεῖσθαι,</span> 
     </span>
    </p>
   </div>
   <div class='ocr_carea' id='block_1_11' title="bbox 506 1321 2075 1396">
    <p class='ocr_par' dir='ltr' id='par_1_11' title="bbox 506 1321 2075 1396">
     <span class='ocr_line' id='line_1_11' title="bbox 506 1321 2075 1396; baseline -0.003 -18"><span class='ocrx_word' id='word_1_80' title='bbox 506 1325 602 1378; x_wconf 74' lang='grc' dir='ltr'>καὶ</span> <span class='ocrx_word' id='word_1_81' title='bbox 619 1324 697 1396; x_wconf 88' lang='grc' dir='ltr'>τῷ</span> <span class='ocrx_word' id='word_1_82' title='bbox 716 1324 1031 1396; x_wconf 89' lang='grc' dir='ltr'>λαμϐάνειν.</span> <span class='ocrx_word' id='word_1_83' title='bbox 1052 1326 1162 1379; x_wconf 86' lang='lat' dir='ltr'>Kal</span> <span class='ocrx_word' id='word_1_84' title='bbox 1181 1323 1337 1396; x_wconf 81' lang='grc' dir='ltr'>γὰρὴ</span> <span class='ocrx_word' id='word_1_85' title='bbox 1361 1323 1528 1395; x_wconf 82' lang='grc' dir='ltr'>ἀρετὴ</span> <span class='ocrx_word' id='word_1_86' title='bbox 1550 1322 1686 1393; x_wconf 80' lang='grc' dir='ltr'>πρὸς</span> <span class='ocrx_word' id='word_1_87' title='bbox 1717 1321 1849 1374; x_wconf 87' lang='grc' dir='ltr'>Θεὸν</span> <span class='ocrx_word' id='word_1_88' title='bbox 1867 1323 2075 1384; x_wconf 52' lang='grc' dir='ltr'>οἰκειοῖν,</span> 
     </span>
    </p>
   </div>
   <div class='ocr_carea' id='block_1_12' title="bbox 508 1403 2078 1479">
    <p class='ocr_par' dir='ltr' id='par_1_12' title="bbox 508 1403 2078 1479">
     <span class='ocr_line' id='line_1_12' title="bbox 508 1403 2078 1479; baseline -0.004 -19"><span class='ocrx_word' id='word_1_89' title='bbox 508 1407 603 1461; x_wconf 79' lang='grc' dir='ltr'>καὶ</span> <span class='ocrx_word' id='word_1_90' title='bbox 641 1409 675 1478; x_wconf 86' lang='grc' dir='ltr'>ή</span> <span class='ocrx_word' id='word_1_91' title='bbox 710 1408 976 1472; x_wconf 83' lang='grc' dir='ltr'>ἀντίδοσις</span> <span class='ocrx_word' id='word_1_92' title='bbox 1015 1408 1078 1462; x_wconf 82' lang='grc' dir='ltr'>τὸ</span> <span class='ocrx_word' id='word_1_93' title='bbox 1111 1408 1242 1462; x_wconf 79' lang='grc' dir='ltr'>αὐτὸ</span> <span class='ocrx_word' id='word_1_94' title='bbox 1261 1407 1548 1479; x_wconf 73' lang='grc' dir='ltr'>ἐργάζεται</span> <span class='ocrx_word' id='word_1_95' title='bbox 1564 1422 1577 1435; x_wconf 75' lang='grc' dir='ltr'>ο</span> <span class='ocrx_word' id='word_1_96' title='bbox 1601 1406 1694 1459; x_wconf 75' lang='grc' dir='ltr'>καὶ</span> <span class='ocrx_word' id='word_1_97' title='bbox 1713 1405 1746 1475; x_wconf 84' lang='grc' dir='ltr'>ἡ</span> <span class='ocrx_word' id='word_1_98' title='bbox 1764 1404 1896 1479; x_wconf 83' lang='grc' dir='ltr'>εὐχὴ</span> <span class='ocrx_word' id='word_1_99' title='bbox 1919 1403 2078 1458; x_wconf 88' lang='grc' dir='ltr'>πάλιν</span> 
     </span>
    </p>
   </div>
   <div class='ocr_carea' id='block_1_13' title="bbox 506 1486 2080 1562">
    <p class='ocr_par' dir='ltr' id='par_1_13' title="bbox 506 1486 2080 1562">
     <span class='ocr_line' id='line_1_13' title="bbox 506 1486 2080 1562; baseline -0.002 -19"><span class='ocrx_word' id='word_1_100' title='bbox 506 1489 711 1562; x_wconf 89' lang='grc' dir='ltr'>ταύτην</span> <span class='ocrx_word' id='word_1_101' title='bbox 732 1494 1021 1562; x_wconf 85' lang='grc' dir='ltr'>συγκροτεῖ</span> <span class='ocrx_word' id='word_1_102' title='bbox 1041 1492 1141 1562; x_wconf 84' lang='grc' dir='ltr'>τὴν</span> <span class='ocrx_word' id='word_1_103' title='bbox 1175 1489 1463 1544; x_wconf 84' lang='grc' dir='ltr'>οίκείωσιν.</span> <span class='ocrx_word' id='word_1_104' title='bbox 1487 1490 1584 1542; x_wconf 83' lang='grc' dir='ltr'>Διὰ</span> <span class='ocrx_word' id='word_1_105' title='bbox 1612 1486 1769 1541; x_wconf 82' lang='grc' dir='ltr'>τοῦτό</span> <span class='ocrx_word' id='word_1_106' title='bbox 1789 1504 1957 1557; x_wconf 83' lang='grc' dir='ltr'>φησι·</span> <span class='ocrx_word' id='word_1_107' title='bbox 1980 1487 2080 1549; x_wconf 85' lang='grc' dir='ltr'>Δός</span> 
     </span>
    </p>
   </div>
   <div class='ocr_carea' id='block_1_14' title="bbox 512 1568 2076 1644">
    <p class='ocr_par' dir='ltr' id='par_1_14' title="bbox 512 1568 2076 1644">
     <span class='ocr_line' id='line_1_14' title="bbox 512 1568 2076 1644; baseline -0.003 -19"><span class='ocrx_word' id='word_1_108' title='bbox 512 1589 623 1644; x_wconf 89' lang='grc' dir='ltr'>μοι,</span> <span class='ocrx_word' id='word_1_109' title='bbox 645 1574 739 1629; x_wconf 80' lang='grc' dir='ltr'>καὶ</span> <span class='ocrx_word' id='word_1_110' title='bbox 756 1574 947 1644; x_wconf 82' lang='grc' dir='ltr'>δίδωμί</span> <span class='ocrx_word' id='word_1_111' title='bbox 969 1591 1069 1628; x_wconf 92' lang='grc' dir='ltr'>σοι.</span> <span class='ocrx_word' id='word_1_112' title='bbox 1085 1574 1195 1627; x_wconf 87' lang='lat' dir='ltr'>Kal</span> <span class='ocrx_word' id='word_1_113' title='bbox 1213 1574 1272 1627; x_wconf 86' lang='grc' dir='ltr'>ἐν</span> <span class='ocrx_word' id='word_1_114' title='bbox 1288 1570 1366 1642; x_wconf 90' lang='grc' dir='ltr'>τῷ</span> <span class='ocrx_word' id='word_1_115' title='bbox 1383 1570 1655 1625; x_wconf 84' lang='grc' dir='ltr'>διδόναιδέ</span> <span class='ocrx_word' id='word_1_116' title='bbox 1677 1572 1739 1624; x_wconf 85' lang='grc' dir='ltr'>σὺ</span> <span class='ocrx_word' id='word_1_117' title='bbox 1760 1568 2076 1642; x_wconf 75' lang='grc' dir='ltr'>λαμϐάνεις⁸</span> 
     </span>
    </p>
   </div>
   <div class='ocr_carea' id='block_1_15' title="bbox 508 1653 2074 1730">
    <p class='ocr_par' dir='ltr' id='par_1_15' title="bbox 508 1653 2074 1730">
     <span class='ocr_line' id='line_1_15' title="bbox 508 1653 2074 1730; baseline -0.003 -21"><span class='ocrx_word' id='word_1_118' title='bbox 508 1657 672 1721; x_wconf 77' lang='grc' dir='ltr'>αὐτὸς</span> <span class='ocrx_word' id='word_1_119' title='bbox 704 1658 813 1728; x_wconf 78' lang='grc' dir='ltr'>γάρ</span> <span class='ocrx_word' id='word_1_120' title='bbox 846 1658 1047 1711; x_wconf 80' lang='grc' dir='ltr'>τούτων</span> <span class='ocrx_word' id='word_1_121' title='bbox 1078 1658 1517 1730; x_wconf 80' lang='grc' dir='ltr'>άνενδεής.Ὢστε</span> <span class='ocrx_word' id='word_1_122' title='bbox 1538 1655 1639 1710; x_wconf 81' lang='grc' dir='ltr'>κᾶν</span> <span class='ocrx_word' id='word_1_123' title='bbox 1659 1655 1905 1724; x_wconf 83' lang='grc' dir='ltr'>ἐπιεικὴς</span> <span class='ocrx_word' id='word_1_124' title='bbox 1921 1653 2074 1724; x_wconf 83' lang='grc' dir='ltr'>γένῃ,</span> 
     </span>
    </p>
   </div>
   <div class='ocr_carea' id='block_1_16' title="bbox 509 1736 2074 1812">
    <p class='ocr_par' dir='ltr' id='par_1_16' title="bbox 509 1736 2074 1812">
     <span class='ocr_line' id='line_1_16' title="bbox 509 1736 2074 1812; baseline -0.003 -19"><span class='ocrx_word' id='word_1_125' title='bbox 509 1739 612 1793; x_wconf 83' lang='grc' dir='ltr'>κᾶν</span> <span class='ocrx_word' id='word_1_126' title='bbox 649 1741 887 1812; x_wconf 87' lang='grc' dir='ltr'>μέτριος,</span> <span class='ocrx_word' id='word_1_127' title='bbox 906 1741 1009 1795; x_wconf 86' lang='grc' dir='ltr'>κᾶν</span> <span class='ocrx_word' id='word_1_128' title='bbox 1045 1741 1296 1812; x_wconf 84' lang='grc' dir='ltr'>σώφρων,</span> <span class='ocrx_word' id='word_1_129' title='bbox 1317 1740 1378 1794; x_wconf 81' lang='grc' dir='ltr'>οὐ</span> <span class='ocrx_word' id='word_1_130' title='bbox 1409 1738 1489 1811; x_wconf 88' lang='grc' dir='ltr'>τῷ</span> <span class='ocrx_word' id='word_1_131' title='bbox 1506 1738 1624 1810; x_wconf 89' lang='grc' dir='ltr'>Θεῷ</span> <span class='ocrx_word' id='word_1_132' title='bbox 1642 1756 1693 1792; x_wconf 85' lang='grc' dir='ltr'>τι</span> <span class='ocrx_word' id='word_1_133' title='bbox 1712 1736 2074 1809; x_wconf 74' lang='grc' dir='ltr'>προσέθηκας,</span> 
     </span>
    </p>
   </div>
   <div class='ocr_carea' id='block_1_17' title="bbox 509 1819 2078 1897">
    <p class='ocr_par' dir='ltr' id='par_1_17' title="bbox 509 1819 2078 1897">
     <span class='ocr_line' id='line_1_17' title="bbox 509 1819 2078 1897; baseline -0.001 -20"><span class='ocrx_word' id='word_1_134' title='bbox 509 1824 645 1878; x_wconf 75' lang='grc' dir='ltr'>ἀλλὰ</span> <span class='ocrx_word' id='word_1_135' title='bbox 666 1824 859 1878; x_wconf 83' lang='grc' dir='ltr'>σαυτὸν</span> <span class='ocrx_word' id='word_1_136' title='bbox 879 1824 1129 1897; x_wconf 86' lang='grc' dir='ltr'>λαμπρὸν</span> <span class='ocrx_word' id='word_1_137' title='bbox 1148 1824 1409 1895; x_wconf 82' lang='grc' dir='ltr'>ἐποίησας</span> <span class='ocrx_word' id='word_1_138' title='bbox 1428 1822 1522 1877; x_wconf 77' lang='grc' dir='ltr'>καὶ</span> <span class='ocrx_word' id='word_1_139' title='bbox 1541 1822 1748 1893; x_wconf 84' lang='grc' dir='ltr'>ἀμείνω</span> <span class='ocrx_word' id='word_1_140' title='bbox 1763 1838 1777 1852; x_wconf 74' lang='grc' dir='ltr'><strong>ο</strong></span> <span class='ocrx_word' id='word_1_141' title='bbox 1800 1819 1913 1875; x_wconf 78' lang='grc' dir='ltr'>ἀλλ’</span> <span class='ocrx_word' id='word_1_142' title='bbox 1929 1821 2078 1891; x_wconf 78' lang='grc' dir='ltr'>ὅμως</span> 
     </span>
    </p>
   </div>
   <div class='ocr_carea' id='block_1_18' title="bbox 510 1904 2078 1977">
    <p class='ocr_par' dir='ltr' id='par_1_18' title="bbox 510 1904 2078 1977">
     <span class='ocr_line' id='line_1_18' title="bbox 510 1904 2078 1977; baseline -0.003 -18"><span class='ocrx_word' id='word_1_143' title='bbox 510 1908 604 1960; x_wconf 79' lang='grc' dir='ltr'>καὶ</span> <span class='ocrx_word' id='word_1_144' title='bbox 638 1907 840 1960; x_wconf 87' lang='grc' dir='ltr'>τούτων</span> <span class='ocrx_word' id='word_1_145' title='bbox 879 1909 955 1972; x_wconf 90' lang='grc' dir='ltr'>ώς</span> <span class='ocrx_word' id='word_1_146' title='bbox 993 1907 1156 1961; x_wconf 76' lang='grc' dir='ltr'>αὐτὸν</span> <span class='ocrx_word' id='word_1_147' title='bbox 1174 1907 1468 1977; x_wconf 84' lang='grc' dir='ltr'>ώφελοῦντι</span> <span class='ocrx_word' id='word_1_148' title='bbox 1491 1905 1718 1977; x_wconf 79' lang='grc' dir='ltr'>μισθούς</span> <span class='ocrx_word' id='word_1_149' title='bbox 1738 1922 1819 1957; x_wconf 91' lang='grc' dir='ltr'>σοι</span> <span class='ocrx_word' id='word_1_150' title='bbox 1840 1904 1933 1957; x_wconf 76' lang='grc' dir='ltr'>καὶ</span> <span class='ocrx_word' id='word_1_151' title='bbox 1955 1919 2078 1955; x_wconf 90' lang='grc' dir='ltr'>στε-</span> 
     </span>
    </p>
   </div>
   <div class='ocr_carea' id='block_1_19' title="bbox 510 1986 2079 2063">
    <p class='ocr_par' dir='ltr' id='par_1_19' title="bbox 510 1986 2079 2063">
     <span class='ocr_line' id='line_1_19' title="bbox 510 1986 2079 2063; baseline -0.002 -20"><span class='ocrx_word' id='word_1_152' title='bbox 510 1990 710 2060; x_wconf 87' lang='grc' dir='ltr'>φάνους</span> <span class='ocrx_word' id='word_1_153' title='bbox 750 1991 921 2062; x_wconf 77' lang='grc' dir='ltr'>ὁρίζει</span> <span class='ocrx_word' id='word_1_154' title='bbox 965 1991 1405 2063; x_wconf 73' lang='grc' dir='ltr'>μεγίστους.Καὶ</span> <span class='ocrx_word' id='word_1_155' title='bbox 1442 1990 1549 2060; x_wconf 72' lang='grc' dir='ltr'>πρὸ</span> <span class='ocrx_word' id='word_1_156' title='bbox 1584 1988 1691 2043; x_wconf 92' lang='grc' dir='ltr'>τῶν</span> <span class='ocrx_word' id='word_1_157' title='bbox 1728 1986 2079 2056; x_wconf 85' lang='grc' dir='ltr'>στεφάνωνδέ</span> 
     </span>
    </p>
   </div>
   <div class='ocr_carea' id='block_1_20' title="bbox 509 2070 2079 2146">
    <p class='ocr_par' dir='ltr' id='par_1_20' title="bbox 509 2070 2079 2146">
     <span class='ocr_line' id='line_1_20' title="bbox 509 2070 2079 2146; baseline -0.003 -18"><span class='ocrx_word' id='word_1_158' title='bbox 509 2073 733 2128; x_wconf 81' lang='grc' dir='ltr'>ἐκείνων</span> <span class='ocrx_word' id='word_1_159' title='bbox 770 2074 831 2128; x_wconf 91' lang='grc' dir='ltr'>οὐ</span> <span class='ocrx_word' id='word_1_160' title='bbox 872 2077 1072 2146; x_wconf 81' lang='grc' dir='ltr'>μικρᾶς</span> <span class='ocrx_word' id='word_1_161' title='bbox 1106 2072 1397 2136; x_wconf 80' lang='grc' dir='ltr'>ἀπολαύεις</span> <span class='ocrx_word' id='word_1_162' title='bbox 1414 2073 1626 2144; x_wconf 77' lang='grc' dir='ltr'>ἡδονῆς.</span> <span class='ocrx_word' id='word_1_163' title='bbox 1650 2070 1837 2141; x_wconf 85' lang='grc' dir='ltr'>ἀγαθῷ</span> <span class='ocrx_word' id='word_1_164' title='bbox 1859 2088 2079 2144; x_wconf 85' lang='grc' dir='ltr'>συντρε-</span> 
     </span>
    </p>
   </div>
   <div class='ocr_carea' id='block_1_21' title="bbox 509 2156 2073 2230">
    <p class='ocr_par' dir='ltr' id='par_1_21' title="bbox 509 2156 2073 2230">
     <span class='ocr_line' id='line_1_21' title="bbox 509 2156 2073 2230; baseline -0.001 -20"><span class='ocrx_word' id='word_1_165' title='bbox 509 2159 741 2230; x_wconf 86' lang='grc' dir='ltr'>φόμενος</span> <span class='ocrx_word' id='word_1_166' title='bbox 761 2160 1042 2224; x_wconf 82' lang='grc' dir='ltr'>συνειδότι,</span> <span class='ocrx_word' id='word_1_167' title='bbox 1065 2163 1158 2213; x_wconf 70' lang='grc' dir='ltr'>καὶ</span> <span class='ocrx_word' id='word_1_168' title='bbox 1177 2160 1440 2230; x_wconf 88' lang='grc' dir='ltr'>χρησταῖς</span> <span class='ocrx_word' id='word_1_169' title='bbox 1461 2174 1557 2209; x_wconf 86' lang='grc' dir='ltr'>πτε</span> <span class='ocrx_word' id='word_1_170' title='bbox 1568 2156 1658 2227; x_wconf 92' lang='grc' dir='ltr'>ρού</span> <span class='ocrx_word' id='word_1_171' title='bbox 1667 2173 1824 2227; x_wconf 90' lang='grc' dir='ltr'>μενος</span> <span class='ocrx_word' id='word_1_172' title='bbox 1843 2156 2073 2210; x_wconf 87' lang='grc' dir='ltr'>ἐλπίσιν.</span> 
     </span>
    </p>
   </div>
   <div class='ocr_carea' id='block_1_22' title="bbox 517 2239 2080 2314">
    <p class='ocr_par' dir='ltr' id='par_1_22' title="bbox 517 2239 2080 2314">
     <span class='ocr_line' id='line_1_22' title="bbox 517 2239 2080 2314; baseline -0.002 -18"><span class='ocrx_word' id='word_1_173' title='bbox 517 2241 759 2314; x_wconf 81' lang='grc' dir='ltr'>Ἦμέραν</span> <span class='ocrx_word' id='word_1_174' title='bbox 795 2242 852 2296; x_wconf 84' lang='grc' dir='ltr'>δὲ</span> <span class='ocrx_word' id='word_1_175' title='bbox 892 2242 1119 2313; x_wconf 74' lang='grc' dir='ltr'>θλίψεως</span> <span class='ocrx_word' id='word_1_176' title='bbox 1150 2240 1382 2295; x_wconf 86' lang='grc' dir='ltr'>ἐνταυθά</span> <span class='ocrx_word' id='word_1_177' title='bbox 1416 2256 1597 2310; x_wconf 88' lang='grc' dir='ltr'>φησιν,</span> <span class='ocrx_word' id='word_1_178' title='bbox 1618 2241 1677 2292; x_wconf 84' lang='grc' dir='ltr'>οὐ</span> <span class='ocrx_word' id='word_1_179' title='bbox 1696 2240 1795 2303; x_wconf 68' lang='grc' dir='ltr'>τὰς</span> <span class='ocrx_word' id='word_1_180' title='bbox 1812 2239 1919 2293; x_wconf 92' lang='grc' dir='ltr'>τῶν</span> <span class='ocrx_word' id='word_1_181' title='bbox 1939 2257 2080 2311; x_wconf 72' lang='grc' dir='ltr'>συμο</span> 
     </span>
    </p>
   </div>
   <div class='ocr_carea' id='block_1_23' title="bbox 509 2322 2078 2396">
    <p class='ocr_par' dir='ltr' id='par_1_23' title="bbox 509 2322 2078 2396">
     <span class='ocr_line' id='line_1_23' title="bbox 509 2322 2078 2396; baseline -0.003 -18"><span class='ocrx_word' id='word_1_182' title='bbox 509 2325 713 2396; x_wconf 86' lang='grc' dir='ltr'>φορῶν,</span> <span class='ocrx_word' id='word_1_183' title='bbox 734 2324 858 2378; x_wconf 78' lang='grc' dir='ltr'>οὐτε</span> <span class='ocrx_word' id='word_1_184' title='bbox 874 2325 977 2389; x_wconf 79' lang='grc' dir='ltr'>τὰς</span> <span class='ocrx_word' id='word_1_185' title='bbox 996 2326 1105 2378; x_wconf 90' lang='grc' dir='ltr'>τῶν</span> <span class='ocrx_word' id='word_1_186' title='bbox 1122 2325 1514 2394; x_wconf 83' lang='grc' dir='ltr'>περιστάσεων,</span> <span class='ocrx_word' id='word_1_187' title='bbox 1534 2322 1649 2375; x_wconf 81' lang='grc' dir='ltr'>ἀλλ’</span> <span class='ocrx_word' id='word_1_188' title='bbox 1668 2323 1748 2376; x_wconf 86' lang='grc' dir='ltr'>ὅτι</span> <span class='ocrx_word' id='word_1_189' title='bbox 1776 2322 1878 2377; x_wconf 77' lang='grc' dir='ltr'>κᾶν</span> <span class='ocrx_word' id='word_1_190' title='bbox 1898 2323 2078 2393; x_wconf 82' lang='grc' dir='ltr'>ἀμαρ-</span> 
     </span>
    </p>
   </div>
   <div class='ocr_carea' id='block_1_24' title="bbox 507 2405 2078 2478">
    <p class='ocr_par' dir='ltr' id='par_1_24' title="bbox 507 2405 2078 2478">
     <span class='ocr_line' id='line_1_24' title="bbox 507 2405 2078 2478; baseline -0.001 -16"><span class='ocrx_word' id='word_1_191' title='bbox 507 2410 602 2462; x_wconf 88' lang='grc' dir='ltr'>τία</span> <span class='ocrx_word' id='word_1_192' title='bbox 619 2407 848 2478; x_wconf 78' lang='grc' dir='ltr'>πολεμῇ,</span> <span class='ocrx_word' id='word_1_193' title='bbox 862 2407 963 2462; x_wconf 76' lang='grc' dir='ltr'>κᾶν</span> <span class='ocrx_word' id='word_1_194' title='bbox 980 2407 1219 2470; x_wconf 79' lang='grc' dir='ltr'>διάϐολος</span> <span class='ocrx_word' id='word_1_195' title='bbox 1241 2406 1522 2477; x_wconf 72' lang='grc' dir='ltr'>πολιορκῇ,</span> <span class='ocrx_word' id='word_1_196' title='bbox 1536 2405 1828 2476; x_wconf 89' lang='grc' dir='ltr'>ἐπιθυμίας</span> <span class='ocrx_word' id='word_1_197' title='bbox 1844 2406 2078 2474; x_wconf 82' lang='grc' dir='ltr'>εἰσάγων</span> 
     </span>
    </p>
   </div>
   <div class='ocr_carea' id='block_1_25' title="bbox 509 2495 2077 2570">
    <p class='ocr_par' dir='ltr' id='par_1_25' title="bbox 509 2495 2077 2570">
     <span class='ocr_line' id='line_1_25' title="bbox 509 2495 2077 2570; baseline -0.001 -20"><span class='ocrx_word' id='word_1_198' title='bbox 509 2496 771 2569; x_wconf 74' lang='grc' dir='ltr'>πονηράς,</span> <span class='ocrx_word' id='word_1_199' title='bbox 792 2498 992 2569; x_wconf 83' lang='grc' dir='ltr'>πολλῆς</span> <span class='ocrx_word' id='word_1_200' title='bbox 1020 2497 1304 2570; x_wconf 79' lang='grc' dir='ltr'>ἀπολαύσῃ</span> <span class='ocrx_word' id='word_1_201' title='bbox 1341 2496 1442 2566; x_wconf 83' lang='grc' dir='ltr'>τῆς</span> <span class='ocrx_word' id='word_1_202' title='bbox 1482 2495 1813 2565; x_wconf 83' lang='grc' dir='ltr'>συμμαχίας.</span> <span class='ocrx_word' id='word_1_203' title='bbox 1837 2495 1944 2550; x_wconf 78' lang='grc' dir='ltr'>Καὶ</span> <span class='ocrx_word' id='word_1_204' title='bbox 1978 2495 2077 2561; x_wconf 81' lang='grc' dir='ltr'>ἐξ·</span> 
     </span>
    </p>
   </div>
   <div class='ocr_carea' id='block_1_26' title="bbox 507 2583 2077 2655">
    <p class='ocr_par' dir='ltr' id='par_1_26' title="bbox 507 2583 2077 2655">
     <span class='ocr_line' id='line_1_26' title="bbox 507 2583 2077 2655; baseline -0.003 -16"><span class='ocrx_word' id='word_1_205' title='bbox 507 2585 759 2655; x_wconf 76' lang='grc' dir='ltr'>ελοῦμαί</span> <span class='ocrx_word' id='word_1_206' title='bbox 793 2601 887 2648; x_wconf 88' lang='grc' dir='ltr'>σε,</span> <span class='ocrx_word' id='word_1_207' title='bbox 909 2586 1005 2639; x_wconf 79' lang='grc' dir='ltr'>καί</span> <span class='ocrx_word' id='word_1_208' title='bbox 1045 2583 1324 2650; x_wconf 80' lang='grc' dir='ltr'>δοξάσεις</span> <span class='ocrx_word' id='word_1_209' title='bbox 1350 2600 1446 2653; x_wconf 81' lang='grc' dir='ltr'>με.</span> <span class='ocrx_word' id='word_1_210' title='bbox 1470 2585 1635 2638; x_wconf 86' lang='grc' dir='ltr'>Πάλιν</span> <span class='ocrx_word' id='word_1_211' title='bbox 1654 2584 1884 2638; x_wconf 84' lang='grc' dir='ltr'>ἐνταῦθα</span> <span class='ocrx_word' id='word_1_212' title='bbox 1902 2585 1962 2637; x_wconf 86' lang='grc' dir='ltr'>οὐ</span> <span class='ocrx_word' id='word_1_213' title='bbox 1979 2585 2077 2654; x_wconf 81' lang='grc' dir='ltr'>τῆς</span> 
     </span>
    </p>
   </div>
   <div class='ocr_carea' id='block_1_27' title="bbox 508 2672 2080 2745">
    <p class='ocr_par' dir='ltr' id='par_1_27' title="bbox 508 2672 2080 2745">
     <span class='ocr_line' id='line_1_27' title="bbox 508 2672 2080 2745; baseline -0.001 -19"><span class='ocrx_word' id='word_1_214' title='bbox 508 2672 639 2744; x_wconf 85' lang='grc' dir='ltr'>παρ’</span> <span class='ocrx_word' id='word_1_215' title='bbox 660 2672 815 2743; x_wconf 80' lang='grc' dir='ltr'>ἡμῶν</span> <span class='ocrx_word' id='word_1_216' title='bbox 831 2672 988 2743; x_wconf 78' lang='grc' dir='ltr'>δόξης</span> <span class='ocrx_word' id='word_1_217' title='bbox 1007 2672 1254 2743; x_wconf 64' lang='grc' dir='ltr'>δεόμενός</span> <span class='ocrx_word' id='word_1_218' title='bbox 1275 2689 1406 2742; x_wconf 89' lang='grc' dir='ltr'>φησι</span> <span class='ocrx_word' id='word_1_219' title='bbox 1426 2672 1583 2725; x_wconf 89' lang='grc' dir='ltr'>τοῦτο</span> <span class='ocrx_word' id='word_1_220' title='bbox 1620 2673 1771 2742; x_wconf 88' lang='grc' dir='ltr'>(πῶς</span> <span class='ocrx_word' id='word_1_221' title='bbox 1804 2672 1912 2745; x_wconf 80' lang='grc' dir='ltr'>γάρ</span> <span class='ocrx_word' id='word_1_222' title='bbox 1932 2673 1960 2725; x_wconf 95' lang='lat'>6</span> <span class='ocrx_word' id='word_1_223' title='bbox 1977 2673 2080 2743; x_wconf 84' lang='grc' dir='ltr'>τῆς</span> 
     </span>
    </p>
   </div>
   <div class='ocr_carea' id='block_1_28' title="bbox 507 2758 2078 2833">
    <p class='ocr_par' dir='ltr' id='par_1_28' title="bbox 507 2758 2078 2833">
     <span class='ocr_line' id='line_1_28' title="bbox 507 2758 2078 2833; baseline 0.002 -21"><span class='ocrx_word' id='word_1_224' title='bbox 507 2758 664 2831; x_wconf 80' lang='grc' dir='ltr'>δόξης</span> <span class='ocrx_word' id='word_1_225' title='bbox 683 2760 815 2824; x_wconf 88' lang='grc' dir='ltr'>Θεός</span> <span class='ocrx_word' id='word_1_226' title='bbox 834 2760 895 2829; x_wconf 90' lang='grc'>;),</span> <span class='ocrx_word' id='word_1_227' title='bbox 918 2760 1030 2814; x_wconf 82' lang='grc' dir='ltr'>ἀλλ’</span> <span class='ocrx_word' id='word_1_228' title='bbox 1049 2760 1188 2814; x_wconf 83' lang='grc' dir='ltr'>ὥστε</span> <span class='ocrx_word' id='word_1_229' title='bbox 1209 2761 1295 2814; x_wconf 73' lang='grc' dir='ltr'>διὰ</span> <span class='ocrx_word' id='word_1_230' title='bbox 1314 2760 1405 2813; x_wconf 85' lang='grc' dir='ltr'>τὸν</span> <span class='ocrx_word' id='word_1_231' title='bbox 1422 2761 1518 2830; x_wconf 84' lang='grc' dir='ltr'>τῆς</span> <span class='ocrx_word' id='word_1_232' title='bbox 1538 2761 1886 2833; x_wconf 84' lang='grc' dir='ltr'>εὐχαριστίας</span> <span class='ocrx_word' id='word_1_233' title='bbox 1913 2761 2078 2832; x_wconf 82' lang='grc' dir='ltr'>ὓμνον</span> 
     </span>
    </p>
   </div>
   <div class='ocr_carea' id='block_1_29' title="bbox 506 2846 2079 2922">
    <p class='ocr_par' dir='ltr' id='par_1_29' title="bbox 506 2846 2079 2922">
     <span class='ocr_line' id='line_1_29' title="bbox 506 2846 2079 2922; baseline 0.004 -22"><span class='ocrx_word' id='word_1_234' title='bbox 506 2846 751 2921; x_wconf 87' lang='grc' dir='ltr'>γίνεσθαι</span> <span class='ocrx_word' id='word_1_235' title='bbox 788 2849 884 2919; x_wconf 80' lang='grc' dir='ltr'>τῆς</span> <span class='ocrx_word' id='word_1_236' title='bbox 921 2848 1230 2920; x_wconf 83' lang='grc' dir='ltr'>εὐεργεσίας</span> <span class='ocrx_word' id='word_1_237' title='bbox 1249 2847 1348 2919; x_wconf 81' lang='grc' dir='ltr'>τὴν</span> <span class='ocrx_word' id='word_1_238' title='bbox 1370 2849 1611 2920; x_wconf 87' lang='grc' dir='ltr'>μνήμην,</span> <span class='ocrx_word' id='word_1_239' title='bbox 1632 2849 1726 2903; x_wconf 78' lang='grc' dir='ltr'>καὶ</span> <span class='ocrx_word' id='word_1_240' title='bbox 1747 2848 2079 2922; x_wconf 85' lang='grc' dir='ltr'>θερμοτέραν</span> 
     </span>
    </p>
   </div>
   <div class='ocr_carea' id='block_1_30' title="bbox 506 2939 2075 3013">
    <p class='ocr_par' dir='ltr' id='par_1_30' title="bbox 506 2939 2075 3013">
     <span class='ocr_line' id='line_1_30' title="bbox 506 2939 2075 3013; baseline 0.001 -20"><span class='ocrx_word' id='word_1_241' title='bbox 506 2939 605 3012; x_wconf 74' lang='grc' dir='ltr'>τὴν</span> <span class='ocrx_word' id='word_1_242' title='bbox 644 2941 778 3013; x_wconf 74' lang='grc' dir='ltr'>πρὸς</span> <span class='ocrx_word' id='word_1_243' title='bbox 794 2941 968 3013; x_wconf 73' lang='grc' dir='ltr'>αὐτὸν</span> <span class='ocrx_word' id='word_1_244' title='bbox 985 2940 1240 3006; x_wconf 91' lang='grc' dir='ltr'>διάθεσιν,</span> <span class='ocrx_word' id='word_1_245' title='bbox 1264 2940 1357 2994; x_wconf 82' lang='grc' dir='ltr'>καὶ</span> <span class='ocrx_word' id='word_1_246' title='bbox 1377 2943 1604 3011; x_wconf 84' lang='grc' dir='ltr'>πρώτως</span> <span class='ocrx_word' id='word_1_247' title='bbox 1622 2939 1852 3004; x_wconf 76' lang='grc' dir='ltr'>εὐζωῖαν</span> <span class='ocrx_word' id='word_1_248' title='bbox 1871 2954 1897 2982; x_wconf 80' lang='grc' dir='ltr'>ι</span> <span class='ocrx_word' id='word_1_249' title='bbox 1922 2942 2075 3013; x_wconf 71' lang='grc' dir='ltr'>μεγίο</span> 
     </span>
    </p>
   </div>
   <div class='ocr_carea' id='block_1_31' title="bbox 511 3010 976 3081">
    <p class='ocr_par' dir='ltr' id='par_1_31' title="bbox 511 3010 976 3081">
     <span class='ocr_line' id='line_1_31' title="bbox 511 3010 976 3081; baseline 0 -16"><span class='ocrx_word' id='word_1_250' title='bbox 511 3010 644 3081; x_wconf 75' lang='grc' dir='ltr'>στην</span> <span class='ocrx_word' id='word_1_251' title='bbox 664 3010 976 3081; x_wconf 82' lang='grc' dir='ltr'>λαμϐάνειν.</span> 
     </span>
    </p>
   </div>
   <div class='ocr_carea' id='block_1_32' title="bbox 586 3093 2079 3173">
    <p class='ocr_par' dir='ltr' id='par_1_32' title="bbox 586 3093 2079 3173">
     <span class='ocr_line' id='line_1_32' title="bbox 586 3093 2079 3173; baseline 0.013 -36"><span class='ocrx_word' id='word_1_252' title='bbox 586 3093 791 3171; x_wconf 54' lang='grc' dir='ltr'>ς’,ορχ</span> <span class='ocrx_word' id='word_1_253' title='bbox 829 3101 1202 3173; x_wconf 72' lang='grc' dir='ltr'>ἀμαρτήσεται</span> <span class='ocrx_word' id='word_1_254' title='bbox 1242 3099 1299 3153; x_wconf 85' lang='grc' dir='ltr'>δὲ</span> <span class='ocrx_word' id='word_1_255' title='bbox 1337 3100 1432 3154; x_wconf 85' lang='grc' dir='ltr'>τοῦ</span> <span class='ocrx_word' id='word_1_256' title='bbox 1474 3100 1775 3170; x_wconf 84' lang='grc' dir='ltr'>πρέποντος</span> <span class='ocrx_word' id='word_1_257' title='bbox 1810 3100 1979 3155; x_wconf 89' lang='grc' dir='ltr'>είπών</span> <span class='ocrx_word' id='word_1_258' title='bbox 1995 3119 2079 3166; x_wconf 92' lang='grc' dir='ltr'>τις</span> 
     </span>
    </p>
   </div>
   <div class='ocr_carea' id='block_1_33' title="bbox 510 3174 2081 3263">
    <p class='ocr_par' dir='ltr' id='par_1_33' title="bbox 510 3174 2081 3263">
     <span class='ocr_line' id='line_1_33' title="bbox 510 3174 2081 3263; baseline 0 -21"><span class='ocrx_word' id='word_1_259' title='bbox 510 3174 742 3244; x_wconf 76' lang='grc' dir='ltr'>ἐνταῦθα</span> <span class='ocrx_word' id='word_1_260' title='bbox 762 3189 977 3258; x_wconf 71' lang='grc' dir='ltr'>ἡμέραν</span> <span class='ocrx_word' id='word_1_261' title='bbox 992 3187 1221 3263; x_wconf 73' lang='grc' dir='ltr'>θλίψεως</span> <span class='ocrx_word' id='word_1_262' title='bbox 1240 3187 1400 3241; x_wconf 85' lang='grc' dir='ltr'>αὐτὸν</span> <span class='ocrx_word' id='word_1_263' title='bbox 1411 3188 1534 3257; x_wconf 87' lang='grc' dir='ltr'>λέγε</span> <span class='ocrx_word' id='word_1_264' title='bbox 1543 3207 1611 3253; x_wconf 90' lang='grc' dir='ltr'>ιν,</span> <span class='ocrx_word' id='word_1_265' title='bbox 1634 3188 1726 3241; x_wconf 74' lang='grc' dir='ltr'>καὶ</span> <span class='ocrx_word' id='word_1_266' title='bbox 1743 3188 1839 3260; x_wconf 80' lang='grc' dir='ltr'>τὴν</span> <span class='ocrx_word' id='word_1_267' title='bbox 1863 3188 2081 3258; x_wconf 88' lang='grc' dir='ltr'>μέλλου-</span> 
     </span>
    </p>
   </div>
   <div class='ocr_carea' id='block_1_34' title="bbox 512 3274 2079 3348">
    <p class='ocr_par' dir='ltr' id='par_1_34' title="bbox 512 3274 2079 3348">
     <span class='ocr_line' id='line_1_34' title="bbox 512 3274 2079 3348; baseline 0.001 -21"><span class='ocrx_word' id='word_1_268' title='bbox 512 3290 612 3327; x_wconf 87' lang='grc' dir='ltr'>σαν</span> <span class='ocrx_word' id='word_1_269' title='bbox 639 3275 873 3348; x_wconf 79' lang='grc' dir='ltr'>ἡμέραν·</span> <span class='ocrx_word' id='word_1_270' title='bbox 901 3278 935 3344; x_wconf 87' lang='grc' dir='ltr'>ή</span> <span class='ocrx_word' id='word_1_271' title='bbox 964 3275 1073 3345; x_wconf 74' lang='grc' dir='ltr'>γάρ</span> <span class='ocrx_word' id='word_1_272' title='bbox 1109 3274 1285 3345; x_wconf 77' lang='grc' dir='ltr'>θλίψις</span> <span class='ocrx_word' id='word_1_273' title='bbox 1303 3274 1484 3346; x_wconf 86' lang='grc' dir='ltr'>ἐκείνη</span> <span class='ocrx_word' id='word_1_274' title='bbox 1505 3277 1797 3338; x_wconf 84' lang='grc' dir='ltr'>ἄπαυστος.</span> <span class='ocrx_word' id='word_1_275' title='bbox 1815 3275 2079 3329; x_wconf 77' lang='grc' dir='ltr'>Ἐνταῦθα</span> 
     </span>
    </p>
   </div>
   <div class='ocr_carea' id='block_1_35' title="bbox 515 3349 2079 3442">
    <p class='ocr_par' dir='ltr' id='par_1_35' title="bbox 515 3349 2079 3442">
     <span class='ocr_line' id='line_1_35' title="bbox 515 3349 2079 3442; baseline 0.003 -33"><span class='ocrx_word' id='word_1_276' title='bbox 515 3361 613 3442; x_wconf 69' lang='grc' dir='ltr'>μὲν</span> <span class='ocrx_word' id='word_1_277' title='bbox 634 3363 740 3429; x_wconf 75' lang='grc' dir='ltr'>γὰρ</span> <span class='ocrx_word' id='word_1_278' title='bbox 761 3363 852 3414; x_wconf 71' lang='grc' dir='ltr'>καὶ</span> <span class='ocrx_word' id='word_1_279' title='bbox 872 3349 1096 3424; x_wconf 83' lang='grc' dir='ltr'>θάνατος</span> <span class='ocrx_word' id='word_1_280' title='bbox 1115 3362 1282 3423; x_wconf 76' lang='grc' dir='ltr'>ἐπιὼν</span> <span class='ocrx_word' id='word_1_281' title='bbox 1299 3361 1416 3415; x_wconf 86' lang='grc' dir='ltr'>λύει</span> <span class='ocrx_word' id='word_1_282' title='bbox 1434 3363 1532 3426; x_wconf 88' lang='grc' dir='ltr'>τάς</span> <span class='ocrx_word' id='word_1_283' title='bbox 1552 3364 1858 3433; x_wconf 75' lang='grc' dir='ltr'>συμφορὰς,</span> <span class='ocrx_word' id='word_1_284' title='bbox 1877 3362 1970 3416; x_wconf 78' lang='grc' dir='ltr'>καὶ</span> <span class='ocrx_word' id='word_1_285' title='bbox 1989 3362 2079 3432; x_wconf 72' lang='grc' dir='ltr'>φίσ</span> 
     </span>
    </p>
   </div>
   <div class='ocr_carea' id='block_1_36' title="bbox 511 3448 2079 3531">
    <p class='ocr_par' dir='ltr' id='par_1_36' title="bbox 511 3448 2079 3531">
     <span class='ocr_line' id='line_1_36' title="bbox 511 3448 2079 3531; baseline 0.001 -31"><span class='ocrx_word' id='word_1_286' title='bbox 511 3448 594 3500; x_wconf 91' lang='grc' dir='ltr'>λοι</span> <span class='ocrx_word' id='word_1_287' title='bbox 629 3448 1088 3518; x_wconf 84' lang='grc' dir='ltr'>παρακαλοῦντες,</span> <span class='ocrx_word' id='word_1_288' title='bbox 1111 3451 1204 3503; x_wconf 69' lang='grc' dir='ltr'>καὶ</span> <span class='ocrx_word' id='word_1_289' title='bbox 1225 3449 1375 3513; x_wconf 84' lang='grc' dir='ltr'>τέλος</span> <span class='ocrx_word' id='word_1_290' title='bbox 1396 3449 1861 3531; x_wconf 82' lang='grc' dir='ltr'>προσδοκώμενον,</span> <span class='ocrx_word' id='word_1_291' title='bbox 1883 3448 2079 3502; x_wconf 70' lang='grc' dir='ltr'>πολὶά-</span> 
     </span>
    </p>
   </div>
   <div class='ocr_carea' id='block_1_37' title="bbox 513 3537 2080 3611">
    <p class='ocr_par' dir='ltr' id='par_1_37' title="bbox 513 3537 2080 3611">
     <span class='ocr_line' id='line_1_37' title="bbox 513 3537 2080 3611; baseline 0.002 -22"><span class='ocrx_word' id='word_1_292' title='bbox 513 3555 600 3600; x_wconf 87' lang='grc' dir='ltr'>κις</span> <span class='ocrx_word' id='word_1_293' title='bbox 618 3538 672 3590; x_wconf 73' lang='grc' dir='ltr'>δὲ</span> <span class='ocrx_word' id='word_1_294' title='bbox 693 3538 783 3590; x_wconf 76' lang='grc' dir='ltr'>καὶ</span> <span class='ocrx_word' id='word_1_295' title='bbox 804 3539 1139 3610; x_wconf 85' lang='grc' dir='ltr'>πραγμάτων</span> <span class='ocrx_word' id='word_1_296' title='bbox 1164 3539 1431 3611; x_wconf 73' lang='grc' dir='ltr'>μεταϐολὴ</span> <span class='ocrx_word' id='word_1_297' title='bbox 1463 3538 1810 3610; x_wconf 82' lang='grc' dir='ltr'>ἐλπιζομένη.</span> <span class='ocrx_word' id='word_1_298' title='bbox 1832 3540 1925 3593; x_wconf 78' lang='grc' dir='ltr'>καὶ</span> <span class='ocrx_word' id='word_1_299' title='bbox 1955 3537 2080 3609; x_wconf 72' lang='grc' dir='ltr'>χρό⁴</span> 
     </span>
    </p>
   </div>
   <div class='ocr_carea' id='block_1_38' title="bbox 512 3626 2107 3749">
    <p class='ocr_par' dir='ltr' id='par_1_38' title="bbox 512 3626 2107 3749">
     <span class='ocr_line' id='line_1_38' title="bbox 512 3626 2107 3749; baseline -0.002 -67"><span class='ocrx_word' id='word_1_300' title='bbox 512 3642 603 3682; x_wconf 84' lang='grc' dir='ltr'>νου</span> <span class='ocrx_word' id='word_1_301' title='bbox 644 3626 815 3695; x_wconf 82' lang='grc' dir='ltr'>μῆκος</span> <span class='ocrx_word' id='word_1_302' title='bbox 850 3626 1085 3696; x_wconf 78' lang='grc' dir='ltr'>ἐμάλαξε</span> <span class='ocrx_word' id='word_1_303' title='bbox 1120 3626 1219 3696; x_wconf 83' lang='grc' dir='ltr'>τῆς</span> <span class='ocrx_word' id='word_1_304' title='bbox 1255 3626 1429 3712; x_wconf 75' lang='grc' dir='ltr'>ψυχῆς</span> <span class='ocrx_word' id='word_1_305' title='bbox 1464 3627 1525 3680; x_wconf 85' lang='grc' dir='ltr'>τὸ</span> <span class='ocrx_word' id='word_1_306' title='bbox 1560 3627 1752 3691; x_wconf 88' lang='grc' dir='ltr'>πάθος,</span> <span class='ocrx_word' id='word_1_307' title='bbox 1772 3628 1864 3681; x_wconf 69' lang='grc' dir='ltr'>καὶ</span> <span class='ocrx_word' id='word_1_308' title='bbox 1897 3630 1931 3699; x_wconf 78' lang='grc' dir='ltr'>η</span> <span class='ocrx_word' id='word_1_309' title='bbox 1971 3627 2107 3749; x_wconf 54' lang='grc' dir='ltr'>τῶνἼ</span> 
     </span>
     <span class='ocr_line' id='line_1_39' title="bbox 514 3713 2081 3749; baseline 0 0"><span class='ocrx_word' id='word_1_310' title='bbox 514 3713 1073 3749; x_wconf 57' lang='grc' dir='ltr'>ητῖῇηῖιαὶυληκνιηοῆῖη</span> <span class='ocrx_word' id='word_1_311' title='bbox 1119 3714 1191 3749; x_wconf 72' lang='grc' dir='ltr'>φλ</span> <span class='ocrx_word' id='word_1_312' title='bbox 1210 3714 1316 3749; x_wconf 58' lang='grc' dir='ltr'>..ιη</span> <span class='ocrx_word' id='word_1_313' title='bbox 1340 3715 1480 3749; x_wconf 65' lang='grc' dir='ltr'>ευρ...</span> <span class='ocrx_word' id='word_1_314' title='bbox 1500 3716 1786 3749; x_wconf 52' lang='lat' dir='ltr'>“numnam</span> <span class='ocrx_word' id='word_1_315' title='bbox 1819 3714 1928 3749; x_wconf 62' lang='grc' dir='ltr'>⁸φιτ...</span> <span class='ocrx_word' id='word_1_316' title='bbox 1961 3716 2081 3749; x_wconf 60' lang='grc' dir='ltr'>λα..-</span> 
     </span>
    </p>
   </div>
   <div class='ocr_carea' id='block_1_39' title="bbox 514 3704 2111 3785">
    <p class='ocr_par' dir='ltr' id='par_1_39' title="bbox 514 3704 2111 3785">
     <span class='ocr_line' id='line_1_40' title="bbox 514 3704 2111 3785; baseline 0.003 -21"><span class='ocrx_word' id='word_1_317' title='bbox 514 3713 756 3783; x_wconf 83' lang='grc' dir='ltr'>πλησίων</span> <span class='ocrx_word' id='word_1_318' title='bbox 775 3714 1097 3784; x_wconf 89' lang='grc' dir='ltr'>δυσημερία.</span> <span class='ocrx_word' id='word_1_319' title='bbox 1119 3714 1191 3767; x_wconf 83' lang='grc' dir='ltr'>Τὸ</span> <span class='ocrx_word' id='word_1_320' title='bbox 1210 3704 1316 3785; x_wconf 79' lang='grc' dir='ltr'>γάρ</span> <span class='ocrx_word' id='word_1_321' title='bbox 1338 3715 1480 3784; x_wconf 78' lang='grc' dir='ltr'>ἔχειν</span> <span class='ocrx_word' id='word_1_322' title='bbox 1500 3716 1786 3778; x_wconf 76' lang='grc' dir='ltr'>κοινωνοὺς</span> <span class='ocrx_word' id='word_1_323' title='bbox 1819 3714 1928 3768; x_wconf 86' lang='grc' dir='ltr'>τῶν</span> <span class='ocrx_word' id='word_1_324' title='bbox 1961 3704 2111 3785; x_wconf 57' lang='grc' dir='ltr'>όδυοίἰ</span> 
     </span>
    </p>
   </div>
   <div class='ocr_carea' id='block_1_40' title="bbox 514 3800 2111 3874">
    <p class='ocr_par' dir='ltr' id='par_1_40' title="bbox 514 3800 2111 3874">
     <span class='ocr_line' id='line_1_41' title="bbox 514 3800 2111 3874; baseline -0.002 -22"><span class='ocrx_word' id='word_1_325' title='bbox 514 3801 714 3871; x_wconf 89' lang='grc' dir='ltr'>νηρῶν,</span> <span class='ocrx_word' id='word_1_326' title='bbox 739 3802 831 3853; x_wconf 77' lang='grc' dir='ltr'>καὶ</span> <span class='ocrx_word' id='word_1_327' title='bbox 874 3801 1042 3854; x_wconf 86' lang='grc' dir='ltr'>πολλὰ</span> <span class='ocrx_word' id='word_1_328' title='bbox 1077 3800 1302 3855; x_wconf 90' lang='grc' dir='ltr'>τοιαῦτα</span> <span class='ocrx_word' id='word_1_329' title='bbox 1337 3803 1470 3873; x_wconf 82' lang='grc' dir='ltr'>όρᾷν</span> <span class='ocrx_word' id='word_1_330' title='bbox 1507 3801 1896 3874; x_wconf 83' lang='grc' dir='ltr'>ὑποδείγματα,</span> <span class='ocrx_word' id='word_1_331' title='bbox 1937 3803 2111 3874; x_wconf 27' lang='grc' dir='ltr'>μέγστέ,</span> 
     </span>
    </p>
   </div>
   <div class='ocr_carea' id='block_1_41' title="bbox 514 3884 2080 3961">
    <p class='ocr_par' dir='ltr' id='par_1_41' title="bbox 514 3884 2080 3961">
     <span class='ocr_line' id='line_1_42' title="bbox 514 3884 2080 3961; baseline 0.003 -21"><span class='ocrx_word' id='word_1_332' title='bbox 514 3888 728 3953; x_wconf 86' lang='grc' dir='ltr'>πολλοῖς</span> <span class='ocrx_word' id='word_1_333' title='bbox 764 3890 843 3953; x_wconf 82' lang='grc' dir='ltr'>είς</span> <span class='ocrx_word' id='word_1_334' title='bbox 882 3890 1233 3961; x_wconf 86' lang='grc' dir='ltr'>παραμυθίαν</span> <span class='ocrx_word' id='word_1_335' title='bbox 1270 3884 1410 3943; x_wconf 82' lang='grc' dir='ltr'>εἶναι</span> <span class='ocrx_word' id='word_1_336' title='bbox 1449 3889 1645 3956; x_wconf 75' lang='grc' dir='ltr'>ἔδοξεν.</span> <span class='ocrx_word' id='word_1_337' title='bbox 1664 3892 1810 3944; x_wconf 83' lang='grc' dir='ltr'>Ἐκεῖ</span> <span class='ocrx_word' id='word_1_338' title='bbox 1841 3891 1898 3944; x_wconf 83' lang='grc' dir='ltr'>δέ</span> <span class='ocrx_word' id='word_1_339' title='bbox 1928 3891 2080 3944; x_wconf 85' lang='grc' dir='ltr'>οὐδὲν</span> 
     </span>
    </p>
   </div>
   <div class='ocr_carea' id='block_1_42' title="bbox 513 3975 2076 4050">
    <p class='ocr_par' dir='ltr' id='par_1_42' title="bbox 513 3975 2076 4050">
     <span class='ocr_line' id='line_1_43' title="bbox 513 3975 2076 4050; baseline 0 -20"><span class='ocrx_word' id='word_1_340' title='bbox 513 3975 753 4031; x_wconf 86' lang='grc' dir='ltr'>τοιοῦτόν</span> <span class='ocrx_word' id='word_1_341' title='bbox 792 3978 971 4030; x_wconf 88' lang='grc' dir='ltr'>ἐστιν·</span> <span class='ocrx_word' id='word_1_342' title='bbox 1010 3977 1135 4030; x_wconf 80' lang='grc' dir='ltr'>οὐτε</span> <span class='ocrx_word' id='word_1_343' title='bbox 1171 3977 1279 4047; x_wconf 92' lang='grc' dir='ltr'>γάρ</span> <span class='ocrx_word' id='word_1_344' title='bbox 1316 3994 1398 4040; x_wconf 85' lang='grc' dir='ltr'>τις</span> <span class='ocrx_word' id='word_1_345' title='bbox 1434 3977 1767 4049; x_wconf 77' lang='grc' dir='ltr'>παρακαλῶν</span> <span class='ocrx_word' id='word_1_346' title='bbox 1796 3977 2076 4050; x_wconf 87' lang='grc' dir='ltr'>πάρεστιν,</span> 
     </span>
    </p>
   </div>
   <div class='ocr_carea' id='block_1_43' title="bbox 514 4063 2081 4135">
    <p class='ocr_par' dir='ltr' id='par_1_43' title="bbox 514 4063 2081 4135">
     <span class='ocr_line' id='line_1_44' title="bbox 514 4063 2081 4135; baseline -0.001 -16"><span class='ocrx_word' id='word_1_347' title='bbox 514 4064 629 4119; x_wconf 80' lang='grc' dir='ltr'>ἀλλ’</span> <span class='ocrx_word' id='word_1_348' title='bbox 646 4066 705 4117; x_wconf 89' lang='grc' dir='ltr'>ἐν</span> <span class='ocrx_word' id='word_1_349' title='bbox 725 4064 931 4135; x_wconf 76' lang='grc' dir='ltr'>ἐρημίᾳ</span> <span class='ocrx_word' id='word_1_350' title='bbox 949 4063 1118 4130; x_wconf 88' lang='grc' dir='ltr'>φίλων</span> <span class='ocrx_word' id='word_1_351' title='bbox 1137 4063 1375 4128; x_wconf 76' lang='grc' dir='ltr'>ἅπαντές</span> <span class='ocrx_word' id='word_1_352' title='bbox 1393 4066 1548 4118; x_wconf 88' lang='grc' dir='ltr'>είσιν.</span> <span class='ocrx_word' id='word_1_353' title='bbox 1572 4065 1647 4116; x_wconf 89' lang='grc' dir='ltr'>Οὐ</span> <span class='ocrx_word' id='word_1_354' title='bbox 1681 4063 1871 4134; x_wconf 89' lang='grc' dir='ltr'>χρόνου</span> <span class='ocrx_word' id='word_1_355' title='bbox 1909 4064 2081 4135; x_wconf 83' lang='grc' dir='ltr'>μῆκος</span> 
     </span>
    </p>
   </div>
   <div class='ocr_carea' id='block_1_44' title="bbox 519 4150 2082 4223">
    <p class='ocr_par' dir='ltr' id='par_1_44' title="bbox 519 4150 2082 4223">
     <span class='ocr_line' id='line_1_45' title="bbox 519 4150 2082 4223; baseline 0 -18"><span class='ocrx_word' id='word_1_356' title='bbox 519 4150 779 4222; x_wconf 84' lang='grc' dir='ltr'>μαλάσσει</span> <span class='ocrx_word' id='word_1_357' title='bbox 799 4151 895 4221; x_wconf 83' lang='grc' dir='ltr'>τὴν</span> <span class='ocrx_word' id='word_1_358' title='bbox 916 4150 1104 4223; x_wconf 86' lang='grc' dir='ltr'>ὀδύνην</span> <span class='ocrx_word' id='word_1_359' title='bbox 1121 4151 1261 4219; x_wconf 88' lang='grc' dir='ltr'>(πῶς</span> <span class='ocrx_word' id='word_1_360' title='bbox 1279 4152 1386 4223; x_wconf 82' lang='grc' dir='ltr'>γὰρ</span> <span class='ocrx_word' id='word_1_361' title='bbox 1404 4152 1753 4223; x_wconf 78' lang='grc' dir='ltr'>ἐπικειμένης</span> <span class='ocrx_word' id='word_1_362' title='bbox 1768 4151 1869 4222; x_wconf 84' lang='grc' dir='ltr'>τῆς</span> <span class='ocrx_word' id='word_1_363' title='bbox 1887 4152 2082 4221; x_wconf 86' lang='grc' dir='ltr'>φλογὸς</span> 
     </span>
    </p>
   </div>
   <div class='ocr_carea' id='block_1_45' title="bbox 514 4239 2079 4311">
    <p class='ocr_par' dir='ltr' id='par_1_45' title="bbox 514 4239 2079 4311">
     <span class='ocr_line' id='line_1_46' title="bbox 514 4239 2079 4311; baseline 0.001 -20"><span class='ocrx_word' id='word_1_364' title='bbox 514 4239 582 4291; x_wconf 79' lang='grc' dir='ltr'>δι’</span> <span class='ocrx_word' id='word_1_365' title='bbox 600 4240 721 4293; x_wconf 83' lang='grc' dir='ltr'>ὅλου</span> <span class='ocrx_word' id='word_1_366' title='bbox 741 4240 802 4309; x_wconf 81' lang='lat'>;)°</span> <span class='ocrx_word' id='word_1_367' title='bbox 826 4239 923 4293; x_wconf 83' lang='grc' dir='ltr'>οὐκ</span> <span class='ocrx_word' id='word_1_368' title='bbox 943 4240 1097 4304; x_wconf 76' lang='grc' dir='ltr'>ἐλπὶς</span> <span class='ocrx_word' id='word_1_369' title='bbox 1116 4239 1462 4310; x_wconf 86' lang='grc' dir='ltr'>ἀπαλλαγῆς·</span> <span class='ocrx_word' id='word_1_370' title='bbox 1485 4241 1678 4293; x_wconf 89' lang='grc' dir='ltr'>αίωνία</span> <span class='ocrx_word' id='word_1_371' title='bbox 1698 4241 1807 4311; x_wconf 90' lang='grc' dir='ltr'>γάρ</span> <span class='ocrx_word' id='word_1_372' title='bbox 1844 4241 1878 4311; x_wconf 84' lang='grc' dir='ltr'>ἡ</span> <span class='ocrx_word' id='word_1_373' title='bbox 1916 4240 2079 4293; x_wconf 88' lang='grc' dir='ltr'>κόλα-</span> 
     </span>
    </p>
   </div>
   <div class='ocr_carea' id='block_1_46' title="bbox 519 4326 2080 4399">
    <p class='ocr_par' dir='ltr' id='par_1_46' title="bbox 519 4326 2080 4399">
     <span class='ocr_line' id='line_1_47' title="bbox 519 4326 2080 4399; baseline 0 -21"><span class='ocrx_word' id='word_1_374' title='bbox 519 4343 604 4389; x_wconf 85' lang='grc' dir='ltr'>σις</span> <span class='ocrx_word' id='word_1_375' title='bbox 621 4342 636 4356; x_wconf 82' lang='lat'><strong><em>°</em></strong></span> <span class='ocrx_word' id='word_1_376' title='bbox 658 4327 717 4379; x_wconf 88' lang='grc' dir='ltr'>οὐ</span> <span class='ocrx_word' id='word_1_377' title='bbox 739 4326 968 4380; x_wconf 90' lang='grc' dir='ltr'>θανάτου</span> <span class='ocrx_word' id='word_1_378' title='bbox 997 4327 1288 4399; x_wconf 88' lang='grc' dir='ltr'>προσδοκία</span> <span class='ocrx_word' id='word_1_379' title='bbox 1310 4345 1324 4358; x_wconf 92' lang='grc'><strong>·</strong></span> <span class='ocrx_word' id='word_1_380' title='bbox 1357 4326 1623 4389; x_wconf 73' lang='grc' dir='ltr'>ἀθάνατος</span> <span class='ocrx_word' id='word_1_381' title='bbox 1640 4327 1748 4397; x_wconf 83' lang='grc' dir='ltr'>γάρ</span> <span class='ocrx_word' id='word_1_382' title='bbox 1767 4328 1801 4397; x_wconf 83' lang='grc' dir='ltr'>ή</span> <span class='ocrx_word' id='word_1_383' title='bbox 1821 4326 2080 4396; x_wconf 83' lang='grc' dir='ltr'>τιμωρία,</span> 
     </span>
    </p>
   </div>
   <div class='ocr_carea' id='block_1_47' title="bbox 517 4412 2084 4487">
    <p class='ocr_par' dir='ltr' id='par_1_47' title="bbox 517 4412 2084 4487">
     <span class='ocr_line' id='line_1_48' title="bbox 517 4412 2084 4487; baseline -0.001 -18"><span class='ocrx_word' id='word_1_384' title='bbox 517 4417 614 4469; x_wconf 78' lang='grc' dir='ltr'>καὶ</span> <span class='ocrx_word' id='word_1_385' title='bbox 631 4414 700 4487; x_wconf 78' lang='grc' dir='ltr'>τά</span> <span class='ocrx_word' id='word_1_386' title='bbox 719 4414 945 4485; x_wconf 86' lang='grc' dir='ltr'>σώματα</span> <span class='ocrx_word' id='word_1_387' title='bbox 977 4415 1034 4467; x_wconf 76' lang='grc' dir='ltr'>δὲ</span> <span class='ocrx_word' id='word_1_388' title='bbox 1069 4415 1139 4468; x_wconf 84' lang='grc' dir='ltr'>τὰ</span> <span class='ocrx_word' id='word_1_389' title='bbox 1177 4412 1513 4486; x_wconf 77' lang='grc' dir='ltr'>κολαζόμενα</span> <span class='ocrx_word' id='word_1_390' title='bbox 1532 4416 1772 4468; x_wconf 84' lang='grc' dir='ltr'>ἀθάνατα</span> <span class='ocrx_word' id='word_1_391' title='bbox 1791 4430 1805 4444; x_wconf 92' lang='grc'><strong>·</strong></span> <span class='ocrx_word' id='word_1_392' title='bbox 1826 4414 1939 4469; x_wconf 89' lang='grc' dir='ltr'>ἀλλ’</span> <span class='ocrx_word' id='word_1_393' title='bbox 1961 4415 2084 4468; x_wconf 88' lang='grc' dir='ltr'>οὐδέ</span> 
     </span>
    </p>
   </div>
   <div class='ocr_carea' id='block_1_48' title="bbox 517 4500 2084 4574">
    <p class='ocr_par' dir='ltr' id='par_1_48' title="bbox 517 4500 2084 4574">
     <span class='ocr_line' id='line_1_49' title="bbox 517 4500 2084 4574; baseline 0.001 -21"><span class='ocrx_word' id='word_1_394' title='bbox 517 4500 674 4572; x_wconf 81' lang='grc' dir='ltr'>τοῦτο</span> <span class='ocrx_word' id='word_1_395' title='bbox 707 4500 735 4554; x_wconf 85' lang='grc' dir='ltr'><strong>ὃ</strong></span> <span class='ocrx_word' id='word_1_396' title='bbox 769 4501 916 4573; x_wconf 80' lang='grc' dir='ltr'>δοκεῖ</span> <span class='ocrx_word' id='word_1_397' title='bbox 950 4502 1164 4565; x_wconf 86' lang='grc' dir='ltr'>πολλοῖς</span> <span class='ocrx_word' id='word_1_398' title='bbox 1190 4501 1537 4572; x_wconf 90' lang='grc' dir='ltr'>παραμυθίαν</span> <span class='ocrx_word' id='word_1_399' title='bbox 1557 4502 1761 4573; x_wconf 82' lang='grc' dir='ltr'>φέρειν,</span> <span class='ocrx_word' id='word_1_400' title='bbox 1782 4501 1843 4554; x_wconf 82' lang='grc' dir='ltr'>τὸ</span> <span class='ocrx_word' id='word_1_401' title='bbox 1862 4501 2084 4574; x_wconf 82' lang='grc' dir='ltr'>ἐτέρους</span> 
     </span>
    </p>
   </div>
   <div class='ocr_carea' id='block_1_49' title="bbox 517 4590 2085 4662">
    <p class='ocr_par' dir='ltr' id='par_1_49' title="bbox 517 4590 2085 4662">
     <span class='ocr_line' id='line_1_50' title="bbox 517 4590 2085 4662; baseline 0.001 -18"><span class='ocrx_word' id='word_1_402' title='bbox 517 4592 649 4661; x_wconf 81' lang='grc' dir='ltr'>δρᾷν</span> <span class='ocrx_word' id='word_1_403' title='bbox 668 4592 725 4645; x_wconf 92' lang='grc' dir='ltr'>ἐν</span> <span class='ocrx_word' id='word_1_404' title='bbox 744 4591 979 4645; x_wconf 88' lang='grc' dir='ltr'>κολάσει.</span> <span class='ocrx_word' id='word_1_405' title='bbox 1016 4590 1236 4662; x_wconf 84' lang='grc' dir='ltr'>Πρῶτον</span> <span class='ocrx_word' id='word_1_406' title='bbox 1259 4592 1357 4661; x_wconf 85' lang='grc' dir='ltr'>μὲν</span> <span class='ocrx_word' id='word_1_407' title='bbox 1376 4590 1484 4662; x_wconf 84' lang='grc' dir='ltr'>γὰρ</span> <span class='ocrx_word' id='word_1_408' title='bbox 1503 4590 1621 4644; x_wconf 87' lang='grc' dir='ltr'>οὐδέ</span> <span class='ocrx_word' id='word_1_409' title='bbox 1647 4590 1772 4643; x_wconf 87' lang='grc' dir='ltr'>ίδεῖν</span> <span class='ocrx_word' id='word_1_410' title='bbox 1791 4590 1904 4645; x_wconf 80' lang='grc' dir='ltr'>ἐστι</span> <span class='ocrx_word' id='word_1_411' title='bbox 1924 4592 2085 4646; x_wconf 89' lang='grc' dir='ltr'>κολα-</span> 
     </span>
    </p>
   </div>
   <div class='ocr_carea' id='block_1_50' title="bbox 519 4670 2086 4751">
    <p class='ocr_par' dir='ltr' id='par_1_50' title="bbox 519 4670 2086 4751">
     <span class='ocr_line' id='line_1_51' title="bbox 519 4670 2086 4751; baseline 0.001 -19"><span class='ocrx_word' id='word_1_412' title='bbox 519 4670 793 4750; x_wconf 79' lang='grc' dir='ltr'>ζομένους,</span> <span class='ocrx_word' id='word_1_413' title='bbox 812 4678 906 4733; x_wconf 92' lang='grc' dir='ltr'>τοῦ</span> <span class='ocrx_word' id='word_1_414' title='bbox 927 4679 1145 4751; x_wconf 84' lang='grc' dir='ltr'>σκότους</span> <span class='ocrx_word' id='word_1_415' title='bbox 1168 4681 1287 4733; x_wconf 80' lang='grc' dir='ltr'>ἀντὶ</span> <span class='ocrx_word' id='word_1_416' title='bbox 1306 4678 1501 4743; x_wconf 83' lang='grc' dir='ltr'>παντὸς</span> <span class='ocrx_word' id='word_1_417' title='bbox 1533 4680 1944 4750; x_wconf 79' lang='grc' dir='ltr'>διαφράγματος</span> <span class='ocrx_word' id='word_1_418' title='bbox 1967 4682 2086 4733; x_wconf 81' lang='grc' dir='ltr'>ἐπι-</span> 
     </span>
    </p>
   </div>
   <div class='ocr_carea' id='block_1_51' title="bbox 521 4752 2087 4852">
    <p class='ocr_par' dir='ltr' id='par_1_51' title="bbox 521 4752 2087 4852">
     <span class='ocr_line' id='line_1_52' title="bbox 521 4752 2087 4852; baseline 0 -33"><span class='ocrx_word' id='word_1_419' title='bbox 521 4752 832 4841; x_wconf 78' lang='grc' dir='ltr'>σκιάζοντος</span> <span class='ocrx_word' id='word_1_420' title='bbox 866 4767 962 4830; x_wconf 84' lang='grc' dir='ltr'>τὰς</span> <span class='ocrx_word' id='word_1_421' title='bbox 1000 4766 1150 4837; x_wconf 75' lang='grc' dir='ltr'>ὄψεις</span> <span class='ocrx_word' id='word_1_422' title='bbox 1169 4780 1183 4795; x_wconf 84' lang='lat'><strong><em>°</em></strong></span> <span class='ocrx_word' id='word_1_423' title='bbox 1205 4766 1393 4820; x_wconf 78' lang='grc' dir='ltr'>ἔπειτα</span> <span class='ocrx_word' id='word_1_424' title='bbox 1412 4768 1449 4852; x_wconf 75' lang='grc' dir='ltr'>ή</span> <span class='ocrx_word' id='word_1_425' title='bbox 1468 4766 1741 4837; x_wconf 83' lang='grc' dir='ltr'>ὑπερϐολὴ</span> <span class='ocrx_word' id='word_1_426' title='bbox 1763 4767 1861 4837; x_wconf 85' lang='grc' dir='ltr'>τῆς</span> <span class='ocrx_word' id='word_1_427' title='bbox 1895 4767 2087 4836; x_wconf 87' lang='grc' dir='ltr'>ὀδύνης</span> 
     </span>
    </p>
   </div>
   <div class='ocr_carea' id='block_1_52' title="bbox 521 4852 2082 4929">
    <p class='ocr_par' dir='ltr' id='par_1_52' title="bbox 521 4852 2082 4929">
     <span class='ocr_line' id='line_1_53' title="bbox 521 4852 2082 4929; baseline 0.001 -22"><span class='ocrx_word' id='word_1_428' title='bbox 521 4852 643 4907; x_wconf 75' lang='grc' dir='ltr'>οὔτε</span> <span class='ocrx_word' id='word_1_429' title='bbox 663 4853 863 4926; x_wconf 85' lang='grc' dir='ltr'>ταύτης</span> <span class='ocrx_word' id='word_1_430' title='bbox 882 4855 1100 4929; x_wconf 85' lang='grc' dir='ltr'>ἀφίησιν</span> <span class='ocrx_word' id='word_1_431' title='bbox 1119 4855 1365 4926; x_wconf 76' lang='grc' dir='ltr'>αῖσθησιν</span> <span class='ocrx_word' id='word_1_432' title='bbox 1384 4853 1565 4907; x_wconf 87' lang='grc' dir='ltr'>λαϐεῖν</span> <span class='ocrx_word' id='word_1_433' title='bbox 1584 4854 1684 4924; x_wconf 84' lang='grc' dir='ltr'>τῆς</span> <span class='ocrx_word' id='word_1_434' title='bbox 1715 4854 2082 4926; x_wconf 86' lang='grc' dir='ltr'>παραμυθίας.</span> 
     </span>
    </p>
   </div>
   <div class='ocr_carea' id='block_1_53' title="bbox 530 4930 2088 5017">
    <p class='ocr_par' dir='ltr' id='par_1_53' title="bbox 530 4930 2088 5017">
     <span class='ocr_line' id='line_1_54' title="bbox 530 4930 2088 5017; baseline -0.003 -20"><span class='ocrx_word' id='word_1_435' title='bbox 530 4941 592 4997; x_wconf 81' lang='lat'>&#39;0</span> <span class='ocrx_word' id='word_1_436' title='bbox 610 4943 739 5013; x_wconf 82' lang='grc' dir='ltr'>γοῦν</span> <span class='ocrx_word' id='word_1_437' title='bbox 759 4930 1179 5013; x_wconf 27' lang='grc' dir='ltr'>πλούσιοςδούδέν</span> <span class='ocrx_word' id='word_1_438' title='bbox 1197 4942 1347 4996; x_wconf 79' lang='grc' dir='ltr'>ἔνθεν</span> <span class='ocrx_word' id='word_1_439' title='bbox 1365 4943 1444 5005; x_wconf 86' lang='grc' dir='ltr'>είς</span> <span class='ocrx_word' id='word_1_440' title='bbox 1466 4941 1814 5013; x_wconf 87' lang='grc' dir='ltr'>παραμυθίας</span> <span class='ocrx_word' id='word_1_441' title='bbox 1833 4942 2088 5017; x_wconf 81' lang='grc' dir='ltr'>ἐκαρπώ-</span> 
     </span>
    </p>
   </div>
   <div class='ocr_carea' id='block_1_54' title="bbox 523 5027 2089 5103">
    <p class='ocr_par' dir='ltr' id='par_1_54' title="bbox 523 5027 2089 5103">
     <span class='ocr_line' id='line_1_55' title="bbox 523 5027 2089 5103; baseline -0.002 -18"><span class='ocrx_word' id='word_1_442' title='bbox 523 5047 651 5085; x_wconf 85' lang='grc' dir='ltr'>σατο</span> <span class='ocrx_word' id='word_1_443' title='bbox 680 5031 858 5099; x_wconf 87' lang='grc' dir='ltr'>λόγον,</span> <span class='ocrx_word' id='word_1_444' title='bbox 880 5030 1003 5101; x_wconf 28' lang='grc' dir='ltr'>οὐδὲ.</span> <span class='ocrx_word' id='word_1_445' title='bbox 1030 5031 1079 5083; x_wconf 90' lang='grc' dir='ltr'>οί</span> <span class='ocrx_word' id='word_1_446' title='bbox 1121 5028 1270 5103; x_wconf 73' lang='grc'>[255]</span> <span class='ocrx_word' id='word_1_447' title='bbox 1289 5031 1412 5092; x_wconf 84' lang='grc' dir='ltr'>τοὺς</span> <span class='ocrx_word' id='word_1_448' title='bbox 1431 5029 1647 5092; x_wconf 78' lang='grc' dir='ltr'>ὀδόντας</span> <span class='ocrx_word' id='word_1_449' title='bbox 1667 5027 1975 5099; x_wconf 84' lang='grc' dir='ltr'>βρύχοντες.</span> <span class='ocrx_word' id='word_1_450' title='bbox 2005 5028 2089 5094; x_wconf 85' lang='grc' dir='ltr'>Τῷ</span> 
     </span>
    </p>
   </div>
   <div class='ocr_carea' id='block_1_55' title="bbox 518 5113 2091 5186">
    <p class='ocr_par' dir='ltr' id='par_1_55' title="bbox 518 5113 2091 5186">
     <span class='ocr_line' id='line_1_56' title="bbox 518 5113 2091 5186; baseline -0.001 -15"><span class='ocrx_word' id='word_1_451' title='bbox 518 5118 589 5181; x_wconf 82' lang='grc' dir='ltr'>δὲ</span> <span class='ocrx_word' id='word_1_452' title='bbox 617 5117 938 5186; x_wconf 76' lang='grc' dir='ltr'>ἁμαρτωλῷ</span> <span class='ocrx_word' id='word_1_453' title='bbox 965 5113 1135 5171; x_wconf 80' lang='grc' dir='ltr'>εἶπεν</span> <span class='ocrx_word' id='word_1_454' title='bbox 1154 5120 1186 5171; x_wconf 84' lang='grc' dir='ltr'><em>ὀ</em></span> <span class='ocrx_word' id='word_1_455' title='bbox 1212 5118 1383 5182; x_wconf 85' lang='grc' dir='ltr'>Θεός·</span> <span class='ocrx_word' id='word_1_456' title='bbox 1422 5116 1557 5171; x_wconf 83' lang='grc' dir='ltr'>Ἵνα</span> <span class='ocrx_word' id='word_1_457' title='bbox 1574 5116 1631 5169; x_wconf 84' lang='grc' dir='ltr'>τί</span> <span class='ocrx_word' id='word_1_458' title='bbox 1651 5116 1732 5169; x_wconf 88' lang='grc' dir='ltr'>σὺ</span> <span class='ocrx_word' id='word_1_459' title='bbox 1751 5115 1999 5185; x_wconf 75' lang='grc' dir='ltr'>ἐκδιηγῇ</span> <span class='ocrx_word' id='word_1_460' title='bbox 2017 5118 2091 5170; x_wconf 83' lang='grc' dir='ltr'>τὰ</span> 
     </span>
    </p>
   </div>
   <div class='ocr_carea' id='block_1_56' title="bbox 520 5201 2089 5277">
    <p class='ocr_par' dir='ltr' id='par_1_56' title="bbox 520 5201 2089 5277">
     <span class='ocr_line' id='line_1_57' title="bbox 520 5201 2089 5277; baseline -0.001 -19"><span class='ocrx_word' id='word_1_461' title='bbox 520 5204 876 5275; x_wconf 82' lang='grc' dir='ltr'>δικαιώματά</span> <span class='ocrx_word' id='word_1_462' title='bbox 888 5221 1040 5274; x_wconf 72' lang='grc' dir='ltr'>μους</span> <span class='ocrx_word' id='word_1_463' title='bbox 1065 5201 1215 5268; x_wconf 81' lang='grc' dir='ltr'>Εἶδες</span> <span class='ocrx_word' id='word_1_464' title='bbox 1234 5204 1329 5275; x_wconf 85' lang='grc' dir='ltr'>τὴν</span> <span class='ocrx_word' id='word_1_465' title='bbox 1351 5206 1761 5277; x_wconf 79' lang='grc' dir='ltr'>ἀπηρτισμένην</span> <span class='ocrx_word' id='word_1_466' title='bbox 1783 5204 1971 5275; x_wconf 91' lang='grc' dir='ltr'>λύραν,</span> <span class='ocrx_word' id='word_1_467' title='bbox 1992 5204 2089 5274; x_wconf 84' lang='grc' dir='ltr'>τὴν</span> 
     </span>
    </p>
   </div>
   <div class='ocr_carea' id='block_1_57' title="bbox 522 5290 2087 5365">
    <p class='ocr_par' dir='ltr' id='par_1_57' title="bbox 522 5290 2087 5365">
     <span class='ocr_line' id='line_1_58' title="bbox 522 5290 2087 5365; baseline 0 -19"><span class='ocrx_word' id='word_1_468' title='bbox 522 5294 812 5364; x_wconf 81' lang='grc' dir='ltr'>σύμφωνον</span> <span class='ocrx_word' id='word_1_469' title='bbox 852 5293 1104 5365; x_wconf 84' lang='grc' dir='ltr'>κιθάραν,</span> <span class='ocrx_word' id='word_1_470' title='bbox 1124 5292 1221 5363; x_wconf 79' lang='grc' dir='ltr'>τὴν</span> <span class='ocrx_word' id='word_1_471' title='bbox 1259 5293 1317 5344; x_wconf 80' lang='grc' dir='ltr'>ἐν</span> <span class='ocrx_word' id='word_1_472' title='bbox 1356 5291 1629 5363; x_wconf 83' lang='grc' dir='ltr'>διαφόροις</span> <span class='ocrx_word' id='word_1_473' title='bbox 1667 5290 1923 5360; x_wconf 89' lang='grc' dir='ltr'>φθόγγοις</span> <span class='ocrx_word' id='word_1_474' title='bbox 1961 5293 2087 5362; x_wconf 90' lang='grc' dir='ltr'>μίαν</span> 
     </span>
    </p>
   </div>
   <div class='ocr_carea' id='block_1_58' title="bbox 524 5379 2090 5455">
    <p class='ocr_par' dir='ltr' id='par_1_58' title="bbox 524 5379 2090 5455">
     <span class='ocr_line' id='line_1_59' title="bbox 524 5379 2090 5455; baseline -0.003 -20"><span class='ocrx_word' id='word_1_475' title='bbox 524 5382 789 5455; x_wconf 80' lang='grc' dir='ltr'>ἁρμονίαν</span> <span class='ocrx_word' id='word_1_476' title='bbox 822 5380 1088 5453; x_wconf 76' lang='grc' dir='ltr'>ἠχοῦσαν;</span> <span class='ocrx_word' id='word_1_477' title='bbox 1130 5379 1297 5432; x_wconf 90' lang='grc' dir='ltr'>Τοῦτο</span> <span class='ocrx_word' id='word_1_478' title='bbox 1332 5379 1440 5452; x_wconf 85' lang='grc' dir='ltr'>γὰρ</span> <span class='ocrx_word' id='word_1_479' title='bbox 1478 5380 1537 5449; x_wconf 65' lang='grc' dir='ltr'>τὸ</span> <span class='ocrx_word' id='word_1_480' title='bbox 1576 5379 1770 5449; x_wconf 90' lang='grc' dir='ltr'>νόημα,</span> <span class='ocrx_word' id='word_1_481' title='bbox 1810 5380 1904 5433; x_wconf 73' lang='grc' dir='ltr'>καὶ</span> <span class='ocrx_word' id='word_1_482' title='bbox 1939 5382 2090 5449; x_wconf 83' lang='grc' dir='ltr'>παρὰ</span> 
     </span>
    </p>
   </div>
   <div class='ocr_carea' id='block_1_59' title="bbox 524 5469 2091 5543">
    <p class='ocr_par' dir='ltr' id='par_1_59' title="bbox 524 5469 2091 5543">
     <span class='ocr_line' id='line_1_60' title="bbox 524 5469 2091 5543; baseline -0.004 -15"><span class='ocrx_word' id='word_1_483' title='bbox 524 5473 838 5536; x_wconf 80' lang='grc' dir='ltr'>ἀποστόλοις</span> <span class='ocrx_word' id='word_1_484' title='bbox 875 5473 1021 5526; x_wconf 81' lang='grc' dir='ltr'>ἔστιν</span> <span class='ocrx_word' id='word_1_485' title='bbox 1063 5472 1209 5537; x_wconf 86' lang='grc' dir='ltr'>ίδείν,</span> <span class='ocrx_word' id='word_1_486' title='bbox 1232 5474 1325 5525; x_wconf 77' lang='grc' dir='ltr'>καὶ</span> <span class='ocrx_word' id='word_1_487' title='bbox 1365 5471 1521 5542; x_wconf 32' lang='grc' dir='ltr'>παρὰ,</span> <span class='ocrx_word' id='word_1_488' title='bbox 1551 5475 1855 5543; x_wconf 87' lang='grc' dir='ltr'>προφήταις</span> <span class='ocrx_word' id='word_1_489' title='bbox 1885 5469 2091 5541; x_wconf 76' lang='grc' dir='ltr'>ἐτέροις</span> 
     </span>
    </p>
   </div>
   <div class='ocr_carea' id='block_1_60' title="bbox 524 5562 2090 5637">
    <p class='ocr_par' dir='ltr' id='par_1_60' title="bbox 524 5562 2090 5637">
     <span class='ocr_line' id='line_1_61' title="bbox 524 5562 2090 5637; baseline -0.003 -18"><span class='ocrx_word' id='word_1_490' title='bbox 524 5566 775 5637; x_wconf 72' lang='grc' dir='ltr'>κείμενον</span> <span class='ocrx_word' id='word_1_491' title='bbox 793 5582 807 5596; x_wconf 82' lang='grc'><strong>’</strong></span> <span class='ocrx_word' id='word_1_492' title='bbox 831 5567 925 5619; x_wconf 69' lang='grc' dir='ltr'>καὶ</span> <span class='ocrx_word' id='word_1_493' title='bbox 943 5565 1154 5628; x_wconf 83' lang='grc' dir='ltr'>Παῦλος</span> <span class='ocrx_word' id='word_1_494' title='bbox 1177 5565 1275 5636; x_wconf 86' lang='grc' dir='ltr'>μὲν</span> <span class='ocrx_word' id='word_1_495' title='bbox 1293 5563 1436 5633; x_wconf 80' lang='grc' dir='ltr'>οὕτω</span> <span class='ocrx_word' id='word_1_496' title='bbox 1454 5562 1568 5628; x_wconf 87' lang='grc' dir='ltr'>πώς</span> <span class='ocrx_word' id='word_1_497' title='bbox 1590 5581 1745 5635; x_wconf 89' lang='grc' dir='ltr'>φησι,</span> <span class='ocrx_word' id='word_1_498' title='bbox 1764 5564 1976 5627; x_wconf 80' lang='grc' dir='ltr'>δεικνὺς</span> <span class='ocrx_word' id='word_1_499' title='bbox 1996 5563 2090 5616; x_wconf 79' lang='grc' dir='ltr'>καὶ</span> 
     </span>
    </p>
   </div>
   <div class='ocr_carea' id='block_1_61' title="bbox 1196 453 3039 517">
    <p class='ocr_par' dir='ltr' id='par_1_61' title="bbox 1196 453 3039 517">
     <span class='ocr_line' id='line_1_62' title="bbox 1196 453 3039 517; baseline 0.002 -4"><span class='ocrx_word' id='word_1_500' title='bbox 1196 456 1253 513; x_wconf 89' lang='lat' dir='ltr'>S.</span> <span class='ocrx_word' id='word_1_501' title='bbox 1294 455 1583 514; x_wconf 70' lang='lat' dir='ltr'>JOANNIS</span> <span class='ocrx_word' id='word_1_502' title='bbox 1611 453 2101 513; x_wconf 77' lang='lat' dir='ltr'>CHRYSOSTOMI</span> <span class='ocrx_word' id='word_1_503' title='bbox 2140 455 2459 513; x_wconf 76' lang='lat' dir='ltr'>ARCIIIEP.</span> <span class='ocrx_word' id='word_1_504' title='bbox 2493 456 3039 517; x_wconf 76' lang='lat' dir='ltr'>CONSTANTINOP;</span> 
     </span>
    </p>
   </div>
   <div class='ocr_carea' id='block_1_62' title="bbox 3658 459 3764 515">
    <p class='ocr_par' dir='ltr' id='par_1_62' title="bbox 3658 459 3764 515">
     <span class='ocr_line' id='line_1_63' title="bbox 3658 459 3764 515; baseline -0.019 -1"><span class='ocrx_word' id='word_1_505' title='bbox 3658 459 3764 515; x_wconf 67' lang='lat'>9.30</span> 
     </span>
    </p>
   </div>
   <div class='ocr_carea' id='block_1_63' title="bbox 2189 571 3763 645">
    <p class='ocr_par' dir='ltr' id='par_1_63' title="bbox 2189 571 3763 645">
     <span class='ocr_line' id='line_1_64' title="bbox 2189 571 3763 645; baseline 0.001 -21"><span class='ocrx_word' id='word_1_506' title='bbox 2189 571 2371 637; x_wconf 76' lang='grc' dir='ltr'>αὐτὸς,</span> <span class='ocrx_word' id='word_1_507' title='bbox 2392 574 2475 627; x_wconf 84' lang='grc' dir='ltr'>ὅτι</span> <span class='ocrx_word' id='word_1_508' title='bbox 2493 572 2645 626; x_wconf 80' lang='grc' dir='ltr'>οὐδὲν</span> <span class='ocrx_word' id='word_1_509' title='bbox 2663 573 2850 643; x_wconf 75' lang='grc' dir='ltr'>ὄφελος</span> <span class='ocrx_word' id='word_1_510' title='bbox 2866 574 2961 627; x_wconf 85' lang='grc' dir='ltr'>τοῦ</span> <span class='ocrx_word' id='word_1_511' title='bbox 2981 572 3251 627; x_wconf 84' lang='grc' dir='ltr'>διδάσκειν</span> <span class='ocrx_word' id='word_1_512' title='bbox 3270 573 3508 645; x_wconf 84' lang='grc' dir='ltr'>ἐτέρους.</span> <span class='ocrx_word' id='word_1_513' title='bbox 3530 574 3656 627; x_wconf 76' lang='grc' dir='ltr'>ὅταν</span> <span class='ocrx_word' id='word_1_514' title='bbox 3680 591 3763 641; x_wconf 73' lang='grc' dir='ltr'>τις</span> 
     </span>
    </p>
   </div>
   <div class='ocr_carea' id='block_1_64' title="bbox 2184 655 3759 730">
    <p class='ocr_par' dir='ltr' id='par_1_64' title="bbox 2184 655 3759 730">
     <span class='ocr_line' id='line_1_65' title="bbox 2184 655 3759 730; baseline 0.003 -23"><span class='ocrx_word' id='word_1_515' title='bbox 2184 655 2377 708; x_wconf 82' lang='grc' dir='ltr'>ἑαυτὸν</span> <span class='ocrx_word' id='word_1_516' title='bbox 2397 656 2659 727; x_wconf 80' lang='grc' dir='ltr'>πρότερον</span> <span class='ocrx_word' id='word_1_517' title='bbox 2696 656 2876 710; x_wconf 89' lang='grc' dir='ltr'>λαϐὼν</span> <span class='ocrx_word' id='word_1_518' title='bbox 2899 661 2973 728; x_wconf 67' lang='grc' dir='ltr'>μή</span> <span class='ocrx_word' id='word_1_519' title='bbox 2994 656 3237 730; x_wconf 80' lang='grc' dir='ltr'>διδάσκῃ.</span> <span class='ocrx_word' id='word_1_520' title='bbox 3257 658 3470 728; x_wconf 75' lang='grc' dir='ltr'>Ἐπειδὴ</span> <span class='ocrx_word' id='word_1_521' title='bbox 3492 658 3598 728; x_wconf 82' lang='grc' dir='ltr'>γὰρ</span> <span class='ocrx_word' id='word_1_522' title='bbox 3620 659 3712 727; x_wconf 59' lang='grc' dir='ltr'>μέγ</span> <span class='ocrx_word' id='word_1_523' title='bbox 3727 678 3759 713; x_wconf 90' lang='grc' dir='ltr'>σ</span> 
     </span>
    </p>
   </div>
   <div class='ocr_carea' id='block_1_65' title="bbox 2185 737 3761 813">
    <p class='ocr_par' dir='ltr' id='par_1_65' title="bbox 2185 737 3761 813">
     <span class='ocr_line' id='line_1_66' title="bbox 2185 737 3761 813; baseline 0.004 -24"><span class='ocrx_word' id='word_1_524' title='bbox 2185 737 2451 808; x_wconf 84' lang='grc' dir='ltr'>ἐφρόνουν</span> <span class='ocrx_word' id='word_1_525' title='bbox 2487 737 2674 810; x_wconf 87' lang='grc' dir='ltr'>ῶσπερ</span> <span class='ocrx_word' id='word_1_526' title='bbox 2709 740 2802 792; x_wconf 74' lang='grc' dir='ltr'>ἐπὶ</span> <span class='ocrx_word' id='word_1_527' title='bbox 2836 743 2955 803; x_wconf 86' lang='grc' dir='ltr'>ταῖς</span> <span class='ocrx_word' id='word_1_528' title='bbox 2992 740 3226 804; x_wconf 87' lang='grc' dir='ltr'>θυσίαις,</span> <span class='ocrx_word' id='word_1_529' title='bbox 3246 739 3387 794; x_wconf 69' lang='grc' dir='ltr'>οὕτω</span> <span class='ocrx_word' id='word_1_530' title='bbox 3422 743 3517 794; x_wconf 74' lang='grc' dir='ltr'>καὶ</span> <span class='ocrx_word' id='word_1_531' title='bbox 3557 744 3648 793; x_wconf 77' lang='grc' dir='ltr'>ἐπὶ</span> <span class='ocrx_word' id='word_1_532' title='bbox 3682 743 3761 813; x_wconf 83' lang='grc' dir='ltr'>τῷ</span> 
     </span>
    </p>
   </div>
   <div class='ocr_carea' id='block_1_66' title="bbox 2185 815 3757 895">
    <p class='ocr_par' dir='ltr' id='par_1_66' title="bbox 2185 815 3757 895">
     <span class='ocr_line' id='line_1_67' title="bbox 2185 815 3757 895; baseline 0.003 -22"><span class='ocrx_word' id='word_1_533' title='bbox 2185 815 2348 892; x_wconf 86' lang='grc' dir='ltr'>νόμον</span> <span class='ocrx_word' id='word_1_534' title='bbox 2384 820 2549 892; x_wconf 77' lang='grc' dir='ltr'>ἔχειν,</span> <span class='ocrx_word' id='word_1_535' title='bbox 2573 823 2665 875; x_wconf 71' lang='grc' dir='ltr'>καὶ</span> <span class='ocrx_word' id='word_1_536' title='bbox 2703 821 3008 877; x_wconf 84' lang='grc' dir='ltr'>διδάσκαλοι</span> <span class='ocrx_word' id='word_1_537' title='bbox 3044 825 3154 877; x_wconf 87' lang='grc' dir='ltr'>τῶν</span> <span class='ocrx_word' id='word_1_538' title='bbox 3190 823 3365 878; x_wconf 79' lang='grc' dir='ltr'>ἄλλων</span> <span class='ocrx_word' id='word_1_539' title='bbox 3384 826 3757 895; x_wconf 76' lang='grc' dir='ltr'>χρηματίζειν,</span> 
     </span>
    </p>
   </div>
   <div class='ocr_carea' id='block_1_67' title="bbox 2181 901 3759 977">
    <p class='ocr_par' dir='ltr' id='par_1_67' title="bbox 2181 901 3759 977">
     <span class='ocr_line' id='line_1_68' title="bbox 2181 901 3759 977; baseline 0.003 -22"><span class='ocrx_word' id='word_1_540' title='bbox 2181 901 2418 971; x_wconf 82' lang='grc' dir='ltr'>δεικνὺς,</span> <span class='ocrx_word' id='word_1_541' title='bbox 2447 904 2528 956; x_wconf 82' lang='grc' dir='ltr'>δτι</span> <span class='ocrx_word' id='word_1_542' title='bbox 2565 904 2716 958; x_wconf 78' lang='grc' dir='ltr'>οὐδὲν</span> <span class='ocrx_word' id='word_1_543' title='bbox 2756 905 2900 975; x_wconf 84' lang='grc' dir='ltr'>μέγα</span> <span class='ocrx_word' id='word_1_544' title='bbox 2937 906 3293 977; x_wconf 83' lang='grc' dir='ltr'>καρποῦνται,</span> <span class='ocrx_word' id='word_1_545' title='bbox 3330 908 3453 960; x_wconf 81' lang='grc' dir='ltr'>ὅταν</span> <span class='ocrx_word' id='word_1_546' title='bbox 3490 907 3759 961; x_wconf 81' lang='grc' dir='ltr'>ἀδίδακτοι</span> 
     </span>
    </p>
   </div>
   <div class='ocr_carea' id='block_1_68' title="bbox 2187 985 3758 1061">
    <p class='ocr_par' dir='ltr' id='par_1_68' title="bbox 2187 985 3758 1061">
     <span class='ocr_line' id='line_1_69' title="bbox 2187 985 3758 1061; baseline 0.004 -24"><span class='ocrx_word' id='word_1_547' title='bbox 2187 985 2421 1055; x_wconf 83' lang='grc' dir='ltr'>μένωσιν</span> <span class='ocrx_word' id='word_1_548' title='bbox 2455 987 2627 1051; x_wconf 78' lang='grc' dir='ltr'>αὐτοὶ,</span> <span class='ocrx_word' id='word_1_549' title='bbox 2650 986 3055 1059; x_wconf 87' lang='grc' dir='ltr'>καθαπτόμενος</span> <span class='ocrx_word' id='word_1_550' title='bbox 3086 990 3440 1061; x_wconf 87' lang='grc' dir='ltr'>σφοδρότερον</span> <span class='ocrx_word' id='word_1_551' title='bbox 3457 990 3563 1043; x_wconf 92' lang='grc' dir='ltr'>τῶν</span> <span class='ocrx_word' id='word_1_552' title='bbox 3582 991 3758 1044; x_wconf 90' lang='grc' dir='ltr'>τοιού-</span> 
     </span>
    </p>
   </div>
   <div class='ocr_carea' id='block_1_69' title="bbox 2180 1066 3760 1142">
    <p class='ocr_par' dir='ltr' id='par_1_69' title="bbox 2180 1066 3760 1142">
     <span class='ocr_line' id='line_1_70' title="bbox 2180 1066 3760 1142; baseline 0.007 -23"><span class='ocrx_word' id='word_1_553' title='bbox 2180 1085 2309 1131; x_wconf 82' lang='grc' dir='ltr'>των,</span> <span class='ocrx_word' id='word_1_554' title='bbox 2331 1068 2478 1138; x_wconf 84' lang='grc' dir='ltr'>λέγει</span> <span class='ocrx_word' id='word_1_555' title='bbox 2498 1087 2511 1100; x_wconf 90' lang='grc'>·</span> <span class='ocrx_word' id='word_1_556' title='bbox 2564 1069 2617 1122; x_wconf 88' lang='grc' dir='ltr'><em>Ὀ</em></span> <span class='ocrx_word' id='word_1_557' title='bbox 2656 1066 2771 1125; x_wconf 81' lang='grc' dir='ltr'>οὖν</span> <span class='ocrx_word' id='word_1_558' title='bbox 2805 1070 3108 1126; x_wconf 80' lang='grc' dir='ltr'>διδάσκων</span> <span class='ocrx_word' id='word_1_559' title='bbox 3143 1072 3370 1142; x_wconf 67' lang='grc' dir='ltr'>ἕτερον,</span> <span class='ocrx_word' id='word_1_560' title='bbox 3391 1076 3656 1129; x_wconf 78' lang='grc' dir='ltr'>σεαυτὸν</span> <span class='ocrx_word' id='word_1_561' title='bbox 3685 1077 3760 1131; x_wconf 82' lang='grc' dir='ltr'>οὐ</span> 
     </span>
    </p>
   </div>
   <div class='ocr_carea' id='block_1_70' title="bbox 2181 1149 3762 1224">
    <p class='ocr_par' dir='ltr' id='par_1_70' title="bbox 2181 1149 3762 1224">
     <span class='ocr_line' id='line_1_71' title="bbox 2181 1149 3762 1224; baseline 0.004 -20"><span class='ocrx_word' id='word_1_562' title='bbox 2181 1149 2520 1218; x_wconf 82' lang='grc' dir='ltr'>διδάσκεις;</span> <span class='ocrx_word' id='word_1_563' title='bbox 2541 1152 2572 1206; x_wconf 90' lang='grc' dir='ltr'>ό</span> <span class='ocrx_word' id='word_1_564' title='bbox 2592 1154 2919 1222; x_wconf 82' lang='grc' dir='ltr'>κηρύσσων</span> <span class='ocrx_word' id='word_1_565' title='bbox 2931 1154 3017 1223; x_wconf 83' lang='grc' dir='ltr'>μὴ</span> <span class='ocrx_word' id='word_1_566' title='bbox 3039 1155 3338 1220; x_wconf 80' lang='grc' dir='ltr'>κλέπτειν,</span> <span class='ocrx_word' id='word_1_567' title='bbox 3371 1156 3652 1224; x_wconf 68' lang='grc' dir='ltr'>κλέπτεις</span> <span class='ocrx_word' id='word_1_568' title='bbox 3670 1174 3691 1222; x_wconf 89' lang='grc'><strong><em>;</em></strong></span> <span class='ocrx_word' id='word_1_569' title='bbox 3724 1160 3762 1211; x_wconf 77' lang='grc' dir='ltr'><em>ὁ</em></span> 
     </span>
    </p>
   </div>
   <div class='ocr_carea' id='block_1_71' title="bbox 2175 1233 3763 1311">
    <p class='ocr_par' dir='ltr' id='par_1_71' title="bbox 2175 1233 3763 1311">
     <span class='ocr_line' id='line_1_72' title="bbox 2175 1233 3763 1311; baseline 0.005 -24"><span class='ocrx_word' id='word_1_570' title='bbox 2175 1233 2677 1304; x_wconf 76' lang='grc' dir='ltr'>βδελυσσόμενος</span> <span class='ocrx_word' id='word_1_571' title='bbox 2693 1236 2767 1289; x_wconf 86' lang='grc' dir='ltr'>τὰ</span> <span class='ocrx_word' id='word_1_572' title='bbox 2782 1236 3019 1300; x_wconf 77' lang='grc' dir='ltr'>εῑδωλα,</span> <span class='ocrx_word' id='word_1_573' title='bbox 3041 1238 3406 1306; x_wconf 73' lang='grc' dir='ltr'>ἱεροσυλεῖς;</span> <span class='ocrx_word' id='word_1_574' title='bbox 3425 1239 3497 1306; x_wconf 78' lang='grc' dir='ltr'>ὃς</span> <span class='ocrx_word' id='word_1_575' title='bbox 3511 1241 3581 1294; x_wconf 84' lang='grc' dir='ltr'>ὲν</span> <span class='ocrx_word' id='word_1_576' title='bbox 3598 1243 3763 1311; x_wconf 80' lang='grc' dir='ltr'>νόμῳ</span> 
     </span>
    </p>
   </div>
   <div class='ocr_carea' id='block_1_72' title="bbox 2180 1316 3762 1392">
    <p class='ocr_par' dir='ltr' id='par_1_72' title="bbox 2180 1316 3762 1392">
     <span class='ocr_line' id='line_1_73' title="bbox 2180 1316 3762 1392; baseline 0.006 -23"><span class='ocrx_word' id='word_1_577' title='bbox 2180 1316 2504 1386; x_wconf 79' lang='grc' dir='ltr'>καυχᾶσαι,</span> <span class='ocrx_word' id='word_1_578' title='bbox 2546 1318 2642 1374; x_wconf 80' lang='grc' dir='ltr'>διὰ</span> <span class='ocrx_word' id='word_1_579' title='bbox 2683 1318 2794 1387; x_wconf 80' lang='grc' dir='ltr'>τῆς</span> <span class='ocrx_word' id='word_1_580' title='bbox 2839 1320 3226 1388; x_wconf 75' lang='grc' dir='ltr'>παραϐάσεως</span> <span class='ocrx_word' id='word_1_581' title='bbox 3268 1323 3375 1376; x_wconf 87' lang='grc' dir='ltr'>τοῦ</span> <span class='ocrx_word' id='word_1_582' title='bbox 3418 1324 3607 1392; x_wconf 82' lang='grc' dir='ltr'>νόμου</span> <span class='ocrx_word' id='word_1_583' title='bbox 3651 1324 3762 1378; x_wconf 74' lang='grc' dir='ltr'>τόν</span> 
     </span>
    </p>
   </div>
   <div class='ocr_carea' id='block_1_73' title="bbox 2183 1401 3755 1477">
    <p class='ocr_par' dir='ltr' id='par_1_73' title="bbox 2183 1401 3755 1477">
     <span class='ocr_line' id='line_1_74' title="bbox 2183 1401 3755 1477; baseline 0.004 -23"><span class='ocrx_word' id='word_1_584' title='bbox 2183 1401 2333 1454; x_wconf 84' lang='grc' dir='ltr'>Θεὸν</span> <span class='ocrx_word' id='word_1_585' title='bbox 2369 1401 2698 1472; x_wconf 51' lang='grc' dir='ltr'>ἀτιμάζεις</span> <span class='ocrx_word' id='word_1_586' title='bbox 2732 1402 2832 1457; x_wconf 83' lang='grc' dir='ltr'>Διά</span> <span class='ocrx_word' id='word_1_587' title='bbox 2866 1404 3025 1458; x_wconf 90' lang='grc' dir='ltr'>τοῦτο</span> <span class='ocrx_word' id='word_1_588' title='bbox 3061 1405 3156 1458; x_wconf 76' lang='grc' dir='ltr'>καὶ</span> <span class='ocrx_word' id='word_1_589' title='bbox 3194 1407 3323 1477; x_wconf 70' lang='grc' dir='ltr'>περὶ</span> <span class='ocrx_word' id='word_1_590' title='bbox 3349 1406 3545 1460; x_wconf 80' lang='grc' dir='ltr'>ἑαυτοῦ</span> <span class='ocrx_word' id='word_1_591' title='bbox 3564 1408 3715 1477; x_wconf 75' lang='grc' dir='ltr'>ἔλεγε</span> <span class='ocrx_word' id='word_1_592' title='bbox 3735 1422 3755 1440; x_wconf 83' lang='grc'><strong><em>⁸</em></strong></span> 
     </span>
    </p>
   </div>
   <div class='ocr_carea' id='block_1_74' title="bbox 2181 1484 3759 1557">
    <p class='ocr_par' dir='ltr' id='par_1_74' title="bbox 2181 1484 3759 1557">
     <span class='ocr_line' id='line_1_75' title="bbox 2181 1484 3759 1557; baseline 0.005 -20"><span class='ocrx_word' id='word_1_593' title='bbox 2181 1484 2499 1554; x_wconf 79' lang='grc' dir='ltr'>Φοϐοῦμαι,</span> <span class='ocrx_word' id='word_1_594' title='bbox 2525 1485 2609 1555; x_wconf 85' lang='grc' dir='ltr'>μή</span> <span class='ocrx_word' id='word_1_595' title='bbox 2650 1502 2776 1553; x_wconf 78' lang='grc' dir='ltr'>πως</span> <span class='ocrx_word' id='word_1_596' title='bbox 2805 1484 3016 1553; x_wconf 75' lang='grc' dir='ltr'>ἄλλοις</span> <span class='ocrx_word' id='word_1_597' title='bbox 3036 1488 3321 1557; x_wconf 79' lang='grc' dir='ltr'>κηρύξας,</span> <span class='ocrx_word' id='word_1_598' title='bbox 3339 1491 3521 1556; x_wconf 83' lang='grc' dir='ltr'>αὐτὸς</span> <span class='ocrx_word' id='word_1_599' title='bbox 3555 1489 3759 1545; x_wconf 73' lang='grc' dir='ltr'>ἀδόκι-</span> 
     </span>
    </p>
   </div>
   <div class='ocr_carea' id='block_1_75' title="bbox 2175 1568 3757 1645">
    <p class='ocr_par' dir='ltr' id='par_1_75' title="bbox 2175 1568 3757 1645">
     <span class='ocr_line' id='line_1_76' title="bbox 2175 1568 3757 1645; baseline 0.004 -25"><span class='ocrx_word' id='word_1_600' title='bbox 2175 1584 2290 1635; x_wconf 82' lang='grc' dir='ltr'>μος</span> <span class='ocrx_word' id='word_1_601' title='bbox 2323 1568 2609 1638; x_wconf 76' lang='grc' dir='ltr'>γένωμαι’</span> <span class='ocrx_word' id='word_1_602' title='bbox 2654 1570 2931 1641; x_wconf 80' lang='grc' dir='ltr'>καθαιρῶν</span> <span class='ocrx_word' id='word_1_603' title='bbox 2968 1570 3029 1624; x_wconf 83' lang='grc' dir='ltr'>τὸ</span> <span class='ocrx_word' id='word_1_604' title='bbox 3064 1571 3292 1642; x_wconf 87' lang='grc' dir='ltr'>φύσημα</span> <span class='ocrx_word' id='word_1_605' title='bbox 3327 1572 3435 1626; x_wconf 88' lang='grc' dir='ltr'>τῶν</span> <span class='ocrx_word' id='word_1_606' title='bbox 3466 1573 3641 1645; x_wconf 76' lang='grc' dir='ltr'>ἐπὶτῇ</span> <span class='ocrx_word' id='word_1_607' title='bbox 3661 1570 3757 1626; x_wconf 87' lang='grc' dir='ltr'>τοῦ</span> 
     </span>
    </p>
   </div>
   <div class='ocr_carea' id='block_1_76' title="bbox 2181 1651 3756 1727">
    <p class='ocr_par' dir='ltr' id='par_1_76' title="bbox 2181 1651 3756 1727">
     <span class='ocr_line' id='line_1_77' title="bbox 2181 1651 3756 1727; baseline 0.003 -24"><span class='ocrx_word' id='word_1_608' title='bbox 2181 1651 2339 1719; x_wconf 90' lang='grc' dir='ltr'>λόγου</span> <span class='ocrx_word' id='word_1_609' title='bbox 2376 1651 2692 1724; x_wconf 77' lang='grc' dir='ltr'>διδασκαλίᾳ</span> <span class='ocrx_word' id='word_1_610' title='bbox 2721 1654 2865 1725; x_wconf 89' lang='grc' dir='ltr'>μέγα</span> <span class='ocrx_word' id='word_1_611' title='bbox 2885 1655 3241 1726; x_wconf 84' lang='grc' dir='ltr'>φρονούντων,</span> <span class='ocrx_word' id='word_1_612' title='bbox 3264 1656 3441 1709; x_wconf 82' lang='grc' dir='ltr'>αὐτῶν</span> <span class='ocrx_word' id='word_1_613' title='bbox 3457 1656 3515 1709; x_wconf 89' lang='grc' dir='ltr'>δέ</span> <span class='ocrx_word' id='word_1_614' title='bbox 3533 1657 3756 1727; x_wconf 82' lang='grc' dir='ltr'>ἐρήμων</span> 
     </span>
    </p>
   </div>
   <div class='ocr_carea' id='block_1_77' title="bbox 2181 1734 3758 1811">
    <p class='ocr_par' dir='ltr' id='par_1_77' title="bbox 2181 1734 3758 1811">
     <span class='ocr_line' id='line_1_78' title="bbox 2181 1734 3758 1811; baseline 0.004 -24"><span class='ocrx_word' id='word_1_615' title='bbox 2181 1734 2350 1791; x_wconf 83' lang='grc' dir='ltr'>δντων</span> <span class='ocrx_word' id='word_1_616' title='bbox 2384 1737 2483 1805; x_wconf 81' lang='grc' dir='ltr'>τῆς</span> <span class='ocrx_word' id='word_1_617' title='bbox 2500 1737 2721 1809; x_wconf 82' lang='grc' dir='ltr'>ἀρετῆς.</span> <span class='ocrx_word' id='word_1_618' title='bbox 2745 1738 2856 1792; x_wconf 73' lang='lat' dir='ltr'>Kal</span> <span class='ocrx_word' id='word_1_619' title='bbox 2873 1738 3074 1811; x_wconf 81' lang='grc' dir='ltr'>ἑτέρως</span> <span class='ocrx_word' id='word_1_620' title='bbox 3092 1739 3147 1792; x_wconf 87' lang='grc' dir='ltr'>δὲ</span> <span class='ocrx_word' id='word_1_621' title='bbox 3167 1739 3255 1793; x_wconf 82' lang='grc' dir='ltr'>τὸν</span> <span class='ocrx_word' id='word_1_622' title='bbox 3276 1739 3429 1809; x_wconf 83' lang='grc' dir='ltr'>λόγον</span> <span class='ocrx_word' id='word_1_623' title='bbox 3448 1742 3633 1795; x_wconf 82' lang='grc' dir='ltr'>τοῦτον</span> <span class='ocrx_word' id='word_1_624' title='bbox 3655 1756 3758 1810; x_wconf 77' lang='grc' dir='ltr'>με·</span> 
     </span>
    </p>
   </div>
   <div class='ocr_carea' id='block_1_78' title="bbox 2180 1818 3753 1897">
    <p class='ocr_par' dir='ltr' id='par_1_78' title="bbox 2180 1818 3753 1897">
     <span class='ocr_line' id='line_1_79' title="bbox 2180 1818 3753 1897; baseline 0.003 -25"><span class='ocrx_word' id='word_1_625' title='bbox 2180 1818 2473 1891; x_wconf 79' lang='grc' dir='ltr'>ταχειρίζει</span> <span class='ocrx_word' id='word_1_626' title='bbox 2493 1821 2629 1891; x_wconf 87' lang='grc' dir='ltr'>πρὸς</span> <span class='ocrx_word' id='word_1_627' title='bbox 2661 1820 2940 1886; x_wconf 84' lang='grc' dir='ltr'>Ἰουδαίους</span> <span class='ocrx_word' id='word_1_628' title='bbox 2972 1823 3402 1894; x_wconf 82' lang='grc' dir='ltr'>ἀποτεινόμενος,</span> <span class='ocrx_word' id='word_1_629' title='bbox 3423 1825 3550 1877; x_wconf 84' lang='grc' dir='ltr'>ὅταν</span> <span class='ocrx_word' id='word_1_630' title='bbox 3584 1823 3714 1897; x_wconf 79' lang='grc' dir='ltr'>λέγῃ</span> <span class='ocrx_word' id='word_1_631' title='bbox 3735 1839 3753 1855; x_wconf 86' lang='grc'><strong>·</strong></span> 
     </span>
    </p>
   </div>
   <div class='ocr_carea' id='block_1_79' title="bbox 2184 1907 3755 1981">
    <p class='ocr_par' dir='ltr' id='par_1_79' title="bbox 2184 1907 3755 1981">
     <span class='ocr_line' id='line_1_80' title="bbox 2184 1907 3755 1981; baseline 0.003 -21"><span class='ocrx_word' id='word_1_632' title='bbox 2184 1908 2361 1961; x_wconf 86' lang='grc' dir='ltr'>Ὅταν</span> <span class='ocrx_word' id='word_1_633' title='bbox 2378 1908 2489 1977; x_wconf 79' lang='grc' dir='ltr'>γὰρ</span> <span class='ocrx_word' id='word_1_634' title='bbox 2506 1908 2651 1976; x_wconf 72' lang='grc' dir='ltr'>ἔθνη</span> <span class='ocrx_word' id='word_1_635' title='bbox 2668 1907 2739 1962; x_wconf 86' lang='grc' dir='ltr'>τὰ</span> <span class='ocrx_word' id='word_1_636' title='bbox 2755 1908 2841 1979; x_wconf 78' lang='grc' dir='ltr'>μὴ</span> <span class='ocrx_word' id='word_1_637' title='bbox 2860 1910 3050 1980; x_wconf 86' lang='grc' dir='ltr'>νόμον</span> <span class='ocrx_word' id='word_1_638' title='bbox 3066 1910 3304 1979; x_wconf 76' lang='grc' dir='ltr'>ἔχοντα,</span> <span class='ocrx_word' id='word_1_639' title='bbox 3326 1913 3508 1981; x_wconf 67' lang='grc' dir='ltr'>φύσει</span> <span class='ocrx_word' id='word_1_640' title='bbox 3542 1911 3613 1965; x_wconf 84' lang='grc' dir='ltr'>τὰ</span> <span class='ocrx_word' id='word_1_641' title='bbox 3646 1910 3755 1966; x_wconf 79' lang='grc' dir='ltr'>τοῦ</span> 
     </span>
    </p>
   </div>
   <div class='ocr_carea' id='block_1_80' title="bbox 2179 1992 3756 2068">
    <p class='ocr_par' dir='ltr' id='par_1_80' title="bbox 2179 1992 3756 2068">
     <span class='ocr_line' id='line_1_81' title="bbox 2179 1992 3756 2068; baseline 0.003 -19"><span class='ocrx_word' id='word_1_642' title='bbox 2179 1995 2367 2065; x_wconf 81' lang='grc' dir='ltr'>νόμου</span> <span class='ocrx_word' id='word_1_643' title='bbox 2391 1994 2555 2064; x_wconf 77' lang='grc' dir='ltr'>ποιῇ,</span> <span class='ocrx_word' id='word_1_644' title='bbox 2573 1992 2741 2053; x_wconf 87' lang='grc' dir='ltr'>οὗτοι</span> <span class='ocrx_word' id='word_1_645' title='bbox 2760 1998 2948 2067; x_wconf 82' lang='grc' dir='ltr'>νόμον</span> <span class='ocrx_word' id='word_1_646' title='bbox 2978 1997 3064 2068; x_wconf 81' lang='grc' dir='ltr'>μὴ</span> <span class='ocrx_word' id='word_1_647' title='bbox 3098 1998 3342 2067; x_wconf 76' lang='grc' dir='ltr'>ἔχοντες</span> <span class='ocrx_word' id='word_1_648' title='bbox 3371 1999 3605 2065; x_wconf 80' lang='grc' dir='ltr'>ἑαυτοῖς</span> <span class='ocrx_word' id='word_1_649' title='bbox 3635 2001 3756 2053; x_wconf 81' lang='grc' dir='ltr'>εισι</span> 
     </span>
    </p>
   </div>
   <div class='ocr_carea' id='block_1_81' title="bbox 2178 2084 3756 2157">
    <p class='ocr_par' dir='ltr' id='par_1_81' title="bbox 2178 2084 3756 2157">
     <span class='ocr_line' id='line_1_82' title="bbox 2178 2084 3756 2157; baseline 0.002 -20"><span class='ocrx_word' id='word_1_650' title='bbox 2178 2085 2381 2153; x_wconf 87' lang='grc' dir='ltr'>νόμος.</span> <span class='ocrx_word' id='word_1_651' title='bbox 2404 2084 2515 2137; x_wconf 88' lang='lat' dir='ltr'>Kal</span> <span class='ocrx_word' id='word_1_652' title='bbox 2549 2084 2741 2139; x_wconf 57' lang='grc' dir='ltr'>πάλιν</span> <span class='ocrx_word' id='word_1_653' title='bbox 2769 2088 2851 2139; x_wconf 86' lang='grc' dir='ltr'>Οὐ</span> <span class='ocrx_word' id='word_1_654' title='bbox 2886 2087 2995 2155; x_wconf 80' lang='grc' dir='ltr'>γὰρ</span> <span class='ocrx_word' id='word_1_655' title='bbox 3029 2089 3084 2141; x_wconf 86' lang='grc' dir='ltr'>οί</span> <span class='ocrx_word' id='word_1_656' title='bbox 3114 2087 3395 2156; x_wconf 80' lang='grc' dir='ltr'>ἀκροαταί</span> <span class='ocrx_word' id='word_1_657' title='bbox 3429 2088 3535 2142; x_wconf 84' lang='grc' dir='ltr'>τοῦ</span> <span class='ocrx_word' id='word_1_658' title='bbox 3566 2090 3756 2157; x_wconf 82' lang='grc' dir='ltr'>νόμου</span> 
     </span>
    </p>
   </div>
   <div class='ocr_carea' id='block_1_82' title="bbox 2180 2170 3758 2244">
    <p class='ocr_par' dir='ltr' id='par_1_82' title="bbox 2180 2170 3758 2244">
     <span class='ocr_line' id='line_1_83' title="bbox 2180 2170 3758 2244; baseline 0.004 -21"><span class='ocrx_word' id='word_1_659' title='bbox 2180 2170 2399 2225; x_wconf 83' lang='grc' dir='ltr'>δίκαιοι</span> <span class='ocrx_word' id='word_1_660' title='bbox 2436 2172 2594 2240; x_wconf 79' lang='grc' dir='ltr'>παρὰ</span> <span class='ocrx_word' id='word_1_661' title='bbox 2624 2171 2705 2238; x_wconf 87' lang='grc' dir='ltr'>τῷ</span> <span class='ocrx_word' id='word_1_662' title='bbox 2744 2171 2887 2239; x_wconf 85' lang='grc' dir='ltr'>Θεῷ,</span> <span class='ocrx_word' id='word_1_663' title='bbox 2910 2174 3047 2227; x_wconf 71' lang='grc' dir='ltr'>ἀλλ’</span> <span class='ocrx_word' id='word_1_664' title='bbox 3068 2177 3122 2228; x_wconf 86' lang='grc' dir='ltr'>οἱ</span> <span class='ocrx_word' id='word_1_665' title='bbox 3160 2174 3399 2243; x_wconf 82' lang='grc' dir='ltr'>ποιηταί</span> <span class='ocrx_word' id='word_1_666' title='bbox 3430 2174 3536 2228; x_wconf 84' lang='grc' dir='ltr'>τοῦ</span> <span class='ocrx_word' id='word_1_667' title='bbox 3567 2176 3758 2244; x_wconf 84' lang='grc' dir='ltr'>νόμου</span> 
     </span>
    </p>
   </div>
   <div class='ocr_carea' id='block_1_83' title="bbox 2181 2257 3758 2333">
    <p class='ocr_par' dir='ltr' id='par_1_83' title="bbox 2181 2257 3758 2333">
     <span class='ocr_line' id='line_1_84' title="bbox 2181 2257 3758 2333; baseline 0.001 -21"><span class='ocrx_word' id='word_1_668' title='bbox 2181 2257 2689 2325; x_wconf 83' lang='grc' dir='ltr'>δικαιωθήσονται.</span> <span class='ocrx_word' id='word_1_669' title='bbox 2721 2261 2832 2315; x_wconf 89' lang='lat' dir='ltr'>Kal</span> <span class='ocrx_word' id='word_1_670' title='bbox 2865 2262 2894 2313; x_wconf 97' lang='lat'>6</span> <span class='ocrx_word' id='word_1_671' title='bbox 2927 2263 3236 2333; x_wconf 81' lang='grc' dir='ltr'>προφήτης·</span> <span class='ocrx_word' id='word_1_672' title='bbox 3271 2265 3336 2316; x_wconf 83' lang='lat' dir='ltr'>Ol</span> <span class='ocrx_word' id='word_1_673' title='bbox 3373 2263 3758 2332; x_wconf 82' lang='grc' dir='ltr'>ἀντεχόμενοι</span> 
     </span>
    </p>
   </div>
   <div class='ocr_carea' id='block_1_84' title="bbox 2182 2345 3756 2418">
    <p class='ocr_par' dir='ltr' id='par_1_84' title="bbox 2182 2345 3756 2418">
     <span class='ocr_line' id='line_1_85' title="bbox 2182 2345 3756 2418; baseline 0.003 -19"><span class='ocrx_word' id='word_1_674' title='bbox 2182 2345 2289 2401; x_wconf 89' lang='grc' dir='ltr'>τοῦ</span> <span class='ocrx_word' id='word_1_675' title='bbox 2327 2346 2535 2417; x_wconf 81' lang='grc' dir='ltr'>νόμου,</span> <span class='ocrx_word' id='word_1_676' title='bbox 2556 2350 2669 2403; x_wconf 83' lang='grc' dir='ltr'>οὐκ</span> <span class='ocrx_word' id='word_1_677' title='bbox 2703 2349 3041 2417; x_wconf 73' lang='grc' dir='ltr'>ἠπίσταντό</span> <span class='ocrx_word' id='word_1_678' title='bbox 3065 2366 3153 2418; x_wconf 83' lang='grc' dir='ltr'>με.</span> <span class='ocrx_word' id='word_1_679' title='bbox 3176 2351 3286 2404; x_wconf 87' lang='lat' dir='ltr'>Kal</span> <span class='ocrx_word' id='word_1_680' title='bbox 3306 2350 3464 2404; x_wconf 86' lang='grc' dir='ltr'>πάλιν</span> <span class='ocrx_word' id='word_1_681' title='bbox 3483 2368 3496 2380; x_wconf 67' lang='grc' dir='ltr'>ι</span> <span class='ocrx_word' id='word_1_682' title='bbox 3520 2353 3626 2414; x_wconf 83' lang='grc' dir='ltr'>Είς</span> <span class='ocrx_word' id='word_1_683' title='bbox 3641 2348 3756 2418; x_wconf 84' lang='grc' dir='ltr'>μά-</span> 
     </span>
    </p>
   </div>
   <div class='ocr_carea' id='block_1_85' title="bbox 2180 2434 3756 2507">
    <p class='ocr_par' dir='ltr' id='par_1_85' title="bbox 2180 2434 3756 2507">
     <span class='ocr_line' id='line_1_86' title="bbox 2180 2434 3756 2507; baseline 0.003 -21"><span class='ocrx_word' id='word_1_684' title='bbox 2180 2451 2293 2500; x_wconf 88' lang='grc' dir='ltr'>την</span> <span class='ocrx_word' id='word_1_685' title='bbox 2327 2434 2709 2505; x_wconf 80' lang='grc' dir='ltr'>ἐγενήθησαν</span> <span class='ocrx_word' id='word_1_686' title='bbox 2742 2435 2991 2505; x_wconf 81' lang='grc' dir='ltr'>σχοῖνος</span> <span class='ocrx_word' id='word_1_687' title='bbox 3042 2436 3278 2505; x_wconf 73' lang='grc' dir='ltr'>ψευδὴς</span> <span class='ocrx_word' id='word_1_688' title='bbox 3329 2437 3756 2507; x_wconf 75' lang='grc' dir='ltr'>γραμματεῦσι.</span> 
     </span>
    </p>
   </div>
   <div class='ocr_carea' id='block_1_86' title="bbox 2180 2519 3756 2594">
    <p class='ocr_par' dir='ltr' id='par_1_86' title="bbox 2180 2519 3756 2594">
     <span class='ocr_line' id='line_1_87' title="bbox 2180 2519 3756 2594; baseline 0.006 -23"><span class='ocrx_word' id='word_1_689' title='bbox 2180 2519 2336 2584; x_wconf 90' lang='grc' dir='ltr'>Τίνος</span> <span class='ocrx_word' id='word_1_690' title='bbox 2372 2520 2558 2574; x_wconf 71' lang='grc' dir='ltr'>ἕνεκεν</span> <span class='ocrx_word' id='word_1_691' title='bbox 2578 2538 2592 2587; x_wconf 90' lang='lat'><strong>;</strong></span> <span class='ocrx_word' id='word_1_692' title='bbox 2615 2522 2736 2576; x_wconf 85' lang='grc' dir='ltr'>Ὅτι</span> <span class='ocrx_word' id='word_1_693' title='bbox 2771 2524 3003 2594; x_wconf 73' lang='grc' dir='ltr'>τρυγὼν</span> <span class='ocrx_word' id='word_1_694' title='bbox 3025 2524 3120 2579; x_wconf 82' lang='grc' dir='ltr'>καὶ</span> <span class='ocrx_word' id='word_1_695' title='bbox 3141 2525 3415 2594; x_wconf 77' lang='grc' dir='ltr'>χελιδὼν,</span> <span class='ocrx_word' id='word_1_696' title='bbox 3438 2526 3533 2579; x_wconf 82' lang='grc' dir='ltr'>καί</span> <span class='ocrx_word' id='word_1_697' title='bbox 3570 2523 3756 2594; x_wconf 70' lang='grc' dir='ltr'>ἀγροῦ</span> 
     </span>
    </p>
   </div>
   <div class='ocr_carea' id='block_1_87' title="bbox 2180 2609 3757 2681">
    <p class='ocr_par' dir='ltr' id='par_1_87' title="bbox 2180 2609 3757 2681">
     <span class='ocr_line' id='line_1_88' title="bbox 2180 2609 3757 2681; baseline 0.003 -21"><span class='ocrx_word' id='word_1_698' title='bbox 2180 2609 2466 2675; x_wconf 83' lang='grc' dir='ltr'>στρουθία</span> <span class='ocrx_word' id='word_1_699' title='bbox 2502 2609 2780 2679; x_wconf 70' lang='grc' dir='ltr'>ἔγνωσαν</span> <span class='ocrx_word' id='word_1_700' title='bbox 2814 2609 3057 2681; x_wconf 78' lang='grc' dir='ltr'>καιροὺς</span> <span class='ocrx_word' id='word_1_701' title='bbox 3092 2611 3345 2666; x_wconf 74' lang='grc' dir='ltr'>εἰσόδων</span> <span class='ocrx_word' id='word_1_702' title='bbox 3380 2611 3597 2676; x_wconf 86' lang='grc' dir='ltr'>αὐτῶν,</span> <span class='ocrx_word' id='word_1_703' title='bbox 3620 2616 3653 2667; x_wconf 89' lang='grc' dir='ltr'><em>ὀ</em></span> <span class='ocrx_word' id='word_1_704' title='bbox 3685 2611 3757 2665; x_wconf 75' lang='grc' dir='ltr'>δὲ</span> 
     </span>
    </p>
   </div>
   <div class='ocr_carea' id='block_1_88' title="bbox 2179 2691 3755 2770">
    <p class='ocr_par' dir='ltr' id='par_1_88' title="bbox 2179 2691 3755 2770">
     <span class='ocr_line' id='line_1_89' title="bbox 2179 2691 3755 2770; baseline 0 -17"><span class='ocrx_word' id='word_1_705' title='bbox 2179 2695 2331 2760; x_wconf 70' lang='grc' dir='ltr'>λαός</span> <span class='ocrx_word' id='word_1_706' title='bbox 2358 2713 2478 2767; x_wconf 80' lang='grc' dir='ltr'>μου</span> <span class='ocrx_word' id='word_1_707' title='bbox 2498 2698 2609 2750; x_wconf 87' lang='grc' dir='ltr'>οὐκ</span> <span class='ocrx_word' id='word_1_708' title='bbox 2626 2695 2780 2765; x_wconf 72' lang='grc' dir='ltr'>ἔγνω</span> <span class='ocrx_word' id='word_1_709' title='bbox 2799 2697 2871 2751; x_wconf 83' lang='grc' dir='ltr'>τὰ</span> <span class='ocrx_word' id='word_1_710' title='bbox 2891 2698 3143 2770; x_wconf 76' lang='grc' dir='ltr'>κρίματα</span> <span class='ocrx_word' id='word_1_711' title='bbox 3155 2716 3293 2769; x_wconf 83' lang='grc' dir='ltr'>μου.</span> <span class='ocrx_word' id='word_1_712' title='bbox 3318 2691 3486 2762; x_wconf 81' lang='grc' dir='ltr'>Οῦτος</span> <span class='ocrx_word' id='word_1_713' title='bbox 3503 2699 3560 2759; x_wconf 77' lang='grc' dir='ltr'>δὲ</span> <span class='ocrx_word' id='word_1_714' title='bbox 3578 2701 3637 2752; x_wconf 87' lang='grc' dir='ltr'>οὐ</span> <span class='ocrx_word' id='word_1_715' title='bbox 3661 2698 3755 2769; x_wconf 87' lang='grc' dir='ltr'>μό-</span> 
     </span>
    </p>
   </div>
   <div class='ocr_carea' id='block_1_89' title="bbox 2182 2783 3755 2859">
    <p class='ocr_par' dir='ltr' id='par_1_89' title="bbox 2182 2783 3755 2859">
     <span class='ocr_line' id='line_1_90' title="bbox 2182 2783 3755 2859; baseline 0.002 -22"><span class='ocrx_word' id='word_1_716' title='bbox 2182 2798 2270 2837; x_wconf 92' lang='grc' dir='ltr'>νον</span> <span class='ocrx_word' id='word_1_717' title='bbox 2288 2783 2437 2837; x_wconf 83' lang='grc' dir='ltr'>ούδὲν</span> <span class='ocrx_word' id='word_1_718' title='bbox 2456 2783 2754 2854; x_wconf 79' lang='grc' dir='ltr'>κερδαίνειν</span> <span class='ocrx_word' id='word_1_719' title='bbox 2770 2787 2932 2856; x_wconf 77' lang='grc' dir='ltr'>φησὶν</span> <span class='ocrx_word' id='word_1_720' title='bbox 2952 2788 3014 2839; x_wconf 86' lang='grc' dir='ltr'>ἐκ</span> <span class='ocrx_word' id='word_1_721' title='bbox 3033 2785 3126 2839; x_wconf 91' lang='grc' dir='ltr'>τοῦ</span> <span class='ocrx_word' id='word_1_722' title='bbox 3146 2787 3414 2841; x_wconf 88' lang='grc' dir='ltr'>διδάσκειν</span> <span class='ocrx_word' id='word_1_723' title='bbox 3428 2788 3645 2859; x_wconf 83' lang='grc' dir='ltr'>ἐτέρους</span> <span class='ocrx_word' id='word_1_724' title='bbox 3662 2785 3755 2840; x_wconf 83' lang='grc' dir='ltr'>τὸν</span> 
     </span>
    </p>
   </div>
   <div class='ocr_carea' id='block_1_90' title="bbox 2185 2873 3754 2948">
    <p class='ocr_par' dir='ltr' id='par_1_90' title="bbox 2185 2873 3754 2948">
     <span class='ocr_line' id='line_1_91' title="bbox 2185 2873 3754 2948; baseline 0 -20"><span class='ocrx_word' id='word_1_725' title='bbox 2185 2873 2260 2946; x_wconf 83' lang='grc' dir='ltr'>μὴ</span> <span class='ocrx_word' id='word_1_726' title='bbox 2301 2874 2552 2943; x_wconf 87' lang='grc' dir='ltr'>μετιόντα</span> <span class='ocrx_word' id='word_1_727' title='bbox 2586 2874 2686 2945; x_wconf 82' lang='grc' dir='ltr'>τὴν</span> <span class='ocrx_word' id='word_1_728' title='bbox 2721 2875 2940 2946; x_wconf 78' lang='grc' dir='ltr'>ἀρετὴν,</span> <span class='ocrx_word' id='word_1_729' title='bbox 2961 2876 3207 2931; x_wconf 73' lang='grc' dir='ltr'>ἀλλὰκαὶ</span> <span class='ocrx_word' id='word_1_730' title='bbox 3236 2877 3518 2933; x_wconf 84' lang='grc' dir='ltr'>ἐκϐάλλειν</span> <span class='ocrx_word' id='word_1_731' title='bbox 3552 2876 3754 2948; x_wconf 88' lang='grc' dir='ltr'>ταύτης</span> 
     </span>
    </p>
   </div>
   <div class='ocr_carea' id='block_1_91' title="bbox 2180 2961 3754 3035">
    <p class='ocr_par' dir='ltr' id='par_1_91' title="bbox 2180 2961 3754 3035">
     <span class='ocr_line' id='line_1_92' title="bbox 2180 2961 3754 3035; baseline 0.003 -22"><span class='ocrx_word' id='word_1_732' title='bbox 2180 2961 2344 3017; x_wconf 82' lang='grc' dir='ltr'>αὐτὸν</span> <span class='ocrx_word' id='word_1_733' title='bbox 2362 2963 2462 3031; x_wconf 82' lang='grc' dir='ltr'>τῆς</span> <span class='ocrx_word' id='word_1_734' title='bbox 2481 2962 2789 3034; x_wconf 88' lang='grc' dir='ltr'>προεδρίας.</span> <span class='ocrx_word' id='word_1_735' title='bbox 2829 2963 2892 3016; x_wconf 70' lang='lat' dir='ltr'>Et</span> <span class='ocrx_word' id='word_1_736' title='bbox 2912 2963 3019 3033; x_wconf 83' lang='grc' dir='ltr'>γάρ</span> <span class='ocrx_word' id='word_1_737' title='bbox 3041 2964 3131 3017; x_wconf 82' lang='grc' dir='ltr'>ἐπὶ</span> <span class='ocrx_word' id='word_1_738' title='bbox 3150 2964 3256 3017; x_wconf 88' lang='grc' dir='ltr'>τῶν</span> <span class='ocrx_word' id='word_1_739' title='bbox 3277 2964 3474 3029; x_wconf 77' lang='grc' dir='ltr'>ἔξωθεν</span> <span class='ocrx_word' id='word_1_740' title='bbox 3493 2965 3754 3035; x_wconf 79' lang='grc' dir='ltr'>δικαστη-</span> 
     </span>
    </p>
   </div>
   <div class='ocr_carea' id='block_1_92' title="bbox 2186 3049 3753 3125">
    <p class='ocr_par' dir='ltr' id='par_1_92' title="bbox 2186 3049 3753 3125">
     <span class='ocr_line' id='line_1_93' title="bbox 2186 3049 3753 3125; baseline 0.003 -24"><span class='ocrx_word' id='word_1_741' title='bbox 2186 3049 2315 3119; x_wconf 92' lang='grc' dir='ltr'>ρίων</span> <span class='ocrx_word' id='word_1_742' title='bbox 2332 3050 2360 3102; x_wconf 92' lang='lat'>6</span> <span class='ocrx_word' id='word_1_743' title='bbox 2377 3049 2556 3121; x_wconf 87' lang='grc' dir='ltr'>πεπλη</span> <span class='ocrx_word' id='word_1_744' title='bbox 2566 3050 2855 3121; x_wconf 85' lang='grc' dir='ltr'>μμεληκὼς</span> <span class='ocrx_word' id='word_1_745' title='bbox 2870 3055 2939 3125; x_wconf 83' lang='grc' dir='ltr'>τῇ</span> <span class='ocrx_word' id='word_1_746' title='bbox 2953 3053 3050 3121; x_wconf 84' lang='grc' dir='ltr'>τῆς</span> <span class='ocrx_word' id='word_1_747' title='bbox 3067 3053 3219 3123; x_wconf 82' lang='grc' dir='ltr'>σιγῆς</span> <span class='ocrx_word' id='word_1_748' title='bbox 3236 3054 3429 3125; x_wconf 70' lang='grc' dir='ltr'>ἀτιμίᾳ</span> <span class='ocrx_word' id='word_1_749' title='bbox 3444 3053 3753 3117; x_wconf 80' lang='grc' dir='ltr'>κολάζεται.</span> 
     </span>
    </p>
   </div>
   <div class='ocr_carea' id='block_1_93' title="bbox 2182 3135 3755 3212">
    <p class='ocr_par' dir='ltr' id='par_1_93' title="bbox 2182 3135 3755 3212">
     <span class='ocr_line' id='line_1_94' title="bbox 2182 3135 3755 3212; baseline 0.005 -24"><span class='ocrx_word' id='word_1_750' title='bbox 2182 3135 2297 3200; x_wconf 86' lang='grc' dir='ltr'>πῶς</span> <span class='ocrx_word' id='word_1_751' title='bbox 2329 3135 2393 3191; x_wconf 87' lang='grc' dir='ltr'>ἂν</span> <span class='ocrx_word' id='word_1_752' title='bbox 2425 3139 2484 3190; x_wconf 86' lang='grc' dir='ltr'>ἐν</span> <span class='ocrx_word' id='word_1_753' title='bbox 2516 3138 2678 3209; x_wconf 86' lang='grc' dir='ltr'>κοινῷ</span> <span class='ocrx_word' id='word_1_754' title='bbox 2707 3138 3081 3210; x_wconf 88' lang='grc' dir='ltr'>διδασκαλείῳ,</span> <span class='ocrx_word' id='word_1_755' title='bbox 3103 3141 3255 3212; x_wconf 74' lang='grc' dir='ltr'>φησὶ,</span> <span class='ocrx_word' id='word_1_756' title='bbox 3279 3146 3461 3211; x_wconf 83' lang='grc' dir='ltr'>φωνὴν</span> <span class='ocrx_word' id='word_1_757' title='bbox 3483 3142 3594 3211; x_wconf 80' lang='grc' dir='ltr'>ἔχοι</span> <span class='ocrx_word' id='word_1_758' title='bbox 3612 3143 3640 3195; x_wconf 82' lang='grc' dir='ltr'>ό</span> <span class='ocrx_word' id='word_1_759' title='bbox 3658 3143 3755 3210; x_wconf 78' lang='grc' dir='ltr'>τῆς</span> 
     </span>
    </p>
   </div>
   <div class='ocr_carea' id='block_1_94' title="bbox 2183 3226 3755 3298">
    <p class='ocr_par' dir='ltr' id='par_1_94' title="bbox 2183 3226 3755 3298">
     <span class='ocr_line' id='line_1_95' title="bbox 2183 3226 3755 3298; baseline 0.004 -20"><span class='ocrx_word' id='word_1_760' title='bbox 2183 3226 2455 3298; x_wconf 85' lang='grc' dir='ltr'>ἁμαρτίας</span> <span class='ocrx_word' id='word_1_761' title='bbox 2484 3227 2810 3293; x_wconf 78' lang='grc' dir='ltr'>ύπεύθυνοςς</span> <span class='ocrx_word' id='word_1_762' title='bbox 2844 3230 3043 3295; x_wconf 77' lang='grc' dir='ltr'>Μεῖζον</span> <span class='ocrx_word' id='word_1_763' title='bbox 3061 3231 3119 3284; x_wconf 83' lang='grc' dir='ltr'>δέ</span> <span class='ocrx_word' id='word_1_764' title='bbox 3136 3231 3292 3284; x_wconf 90' lang='grc' dir='ltr'>τοῦτο</span> <span class='ocrx_word' id='word_1_765' title='bbox 3311 3231 3370 3285; x_wconf 78' lang='grc' dir='ltr'>τὸ</span> <span class='ocrx_word' id='word_1_766' title='bbox 3387 3231 3755 3285; x_wconf 88' lang='grc' dir='ltr'>διδασκαλεῖον</span> 
     </span>
    </p>
   </div>
   <div class='ocr_carea' id='block_1_95' title="bbox 2180 3313 3755 3388">
    <p class='ocr_par' dir='ltr' id='par_1_95' title="bbox 2180 3313 3755 3388">
     <span class='ocr_line' id='line_1_96' title="bbox 2180 3313 3755 3388; baseline 0.003 -22"><span class='ocrx_word' id='word_1_767' title='bbox 2180 3313 2274 3366; x_wconf 91' lang='grc' dir='ltr'>τοῦ</span> <span class='ocrx_word' id='word_1_768' title='bbox 2312 3315 2660 3385; x_wconf 87' lang='grc' dir='ltr'>δικαστηρίου</span> <span class='ocrx_word' id='word_1_769' title='bbox 2680 3316 2909 3369; x_wconf 83' lang='grc' dir='ltr'>ἐκείνου.</span> <span class='ocrx_word' id='word_1_770' title='bbox 2927 3317 3072 3370; x_wconf 85' lang='grc' dir='ltr'>Ἐκεῖ</span> <span class='ocrx_word' id='word_1_771' title='bbox 3091 3318 3188 3386; x_wconf 82' lang='grc' dir='ltr'>μὲν</span> <span class='ocrx_word' id='word_1_772' title='bbox 3206 3317 3315 3388; x_wconf 84' lang='grc' dir='ltr'>γὰρ</span> <span class='ocrx_word' id='word_1_773' title='bbox 3334 3321 3381 3372; x_wconf 87' lang='grc' dir='ltr'>οί</span> <span class='ocrx_word' id='word_1_774' title='bbox 3406 3318 3755 3388; x_wconf 66' lang='grc' dir='ltr'>κολαζόμενοι</span> 
     </span>
    </p>
   </div>
   <div class='ocr_carea' id='block_1_96' title="bbox 2180 3403 3752 3476">
    <p class='ocr_par' dir='ltr' id='par_1_96' title="bbox 2180 3403 3752 3476">
     <span class='ocr_line' id='line_1_97' title="bbox 2180 3403 3752 3476; baseline 0.003 -21"><span class='ocrx_word' id='word_1_775' title='bbox 2180 3403 2384 3456; x_wconf 91' lang='grc' dir='ltr'>τίνουσι</span> <span class='ocrx_word' id='word_1_776' title='bbox 2401 3403 2669 3475; x_wconf 86' lang='grc' dir='ltr'>τιμωρίας</span> <span class='ocrx_word' id='word_1_777' title='bbox 2689 3424 2701 3435; x_wconf 89' lang='grc'><strong>·</strong></span> <span class='ocrx_word' id='word_1_778' title='bbox 2718 3404 2950 3459; x_wconf 80' lang='grc' dir='ltr'>ἐνταῦθα</span> <span class='ocrx_word' id='word_1_779' title='bbox 2966 3406 3026 3459; x_wconf 87' lang='grc' dir='ltr'>δέ</span> <span class='ocrx_word' id='word_1_780' title='bbox 3043 3406 3255 3461; x_wconf 78' lang='grc' dir='ltr'>ἅπαντα</span> <span class='ocrx_word' id='word_1_781' title='bbox 3272 3407 3499 3476; x_wconf 86' lang='grc' dir='ltr'>γίνεται,</span> <span class='ocrx_word' id='word_1_782' title='bbox 3515 3407 3654 3462; x_wconf 84' lang='grc' dir='ltr'>ὥστε</span> <span class='ocrx_word' id='word_1_783' title='bbox 3678 3404 3752 3476; x_wconf 77' lang='grc' dir='ltr'>μὴ</span> 
     </span>
    </p>
   </div>
   <div class='ocr_carea' id='block_1_97' title="bbox 2182 3490 3754 3565">
    <p class='ocr_par' dir='ltr' id='par_1_97' title="bbox 2182 3490 3754 3565">
     <span class='ocr_line' id='line_1_98' title="bbox 2182 3490 3754 3565; baseline 0.001 -20"><span class='ocrx_word' id='word_1_784' title='bbox 2182 3490 2508 3561; x_wconf 87' lang='grc' dir='ltr'>κολασθῆναι</span> <span class='ocrx_word' id='word_1_785' title='bbox 2528 3492 2652 3555; x_wconf 85' lang='grc' dir='ltr'>τοὺς</span> <span class='ocrx_word' id='word_1_786' title='bbox 2673 3492 3203 3564; x_wconf 85' lang='grc' dir='ltr'>πεπλημμεληκότας</span> <span class='ocrx_word' id='word_1_787' title='bbox 3220 3534 3234 3556; x_wconf 89' lang='grc'>,</span> <span class='ocrx_word' id='word_1_788' title='bbox 3256 3494 3390 3548; x_wconf 85' lang='grc' dir='ltr'>ἀλλά</span> <span class='ocrx_word' id='word_1_789' title='bbox 3410 3498 3477 3565; x_wconf 81' lang='grc' dir='ltr'>τῇ</span> <span class='ocrx_word' id='word_1_790' title='bbox 3501 3494 3754 3565; x_wconf 77' lang='grc' dir='ltr'>μετανοίᾳ</span> 
     </span>
    </p>
   </div>
   <div class='ocr_carea' id='block_1_98' title="bbox 2181 3581 3754 3656">
    <p class='ocr_par' dir='ltr' id='par_1_98' title="bbox 2181 3581 3754 3656">
     <span class='ocr_line' id='line_1_99' title="bbox 2181 3581 3754 3656; baseline 0.004 -22"><span class='ocrx_word' id='word_1_791' title='bbox 2181 3581 2578 3652; x_wconf 91' lang='grc' dir='ltr'>διορθώσασθαι</span> <span class='ocrx_word' id='word_1_792' title='bbox 2598 3583 2658 3636; x_wconf 80' lang='grc' dir='ltr'>τὸ</span> <span class='ocrx_word' id='word_1_793' title='bbox 2679 3583 2785 3651; x_wconf 88' lang='grc' dir='ltr'>πλη</span> <span class='ocrx_word' id='word_1_794' title='bbox 2793 3583 3084 3653; x_wconf 86' lang='grc' dir='ltr'>μμεληθέν.</span> <span class='ocrx_word' id='word_1_795' title='bbox 3107 3585 3218 3638; x_wconf 91' lang='lat' dir='ltr'>Kal</span> <span class='ocrx_word' id='word_1_796' title='bbox 3235 3587 3293 3639; x_wconf 88' lang='grc' dir='ltr'>ἐν</span> <span class='ocrx_word' id='word_1_797' title='bbox 3310 3588 3431 3649; x_wconf 90' lang='grc' dir='ltr'>ταῖς</span> <span class='ocrx_word' id='word_1_798' title='bbox 3452 3586 3754 3656; x_wconf 77' lang='grc' dir='ltr'>βασιλικαῖς</span> 
     </span>
    </p>
   </div>
   <div class='ocr_carea' id='block_1_99' title="bbox 2181 3671 3754 3746">
    <p class='ocr_par' dir='ltr' id='par_1_99' title="bbox 2181 3671 3754 3746">
     <span class='ocr_line' id='line_1_100' title="bbox 2181 3671 3754 3746; baseline 0.003 -22"><span class='ocrx_word' id='word_1_799' title='bbox 2181 3671 2238 3725; x_wconf 87' lang='grc' dir='ltr'>δέ</span> <span class='ocrx_word' id='word_1_800' title='bbox 2257 3673 2443 3736; x_wconf 80' lang='grc' dir='ltr'>αὐλαῖς</span> <span class='ocrx_word' id='word_1_801' title='bbox 2463 3673 2638 3737; x_wconf 72' lang='grc' dir='ltr'>οὐδεὶς</span> <span class='ocrx_word' id='word_1_802' title='bbox 2655 3671 2721 3726; x_wconf 83' lang='grc' dir='ltr'>ἂν</span> <span class='ocrx_word' id='word_1_803' title='bbox 2740 3674 2947 3742; x_wconf 91' lang='grc' dir='ltr'>γένοιτο</span> <span class='ocrx_word' id='word_1_804' title='bbox 2986 3675 3253 3744; x_wconf 80' lang='grc' dir='ltr'>ἑρμηνεὺς</span> <span class='ocrx_word' id='word_1_805' title='bbox 3274 3674 3555 3746; x_wconf 85' lang='grc' dir='ltr'>βασιλικῆς</span> <span class='ocrx_word' id='word_1_806' title='bbox 3574 3675 3754 3744; x_wconf 84' lang='grc' dir='ltr'>φωνῆς</span> 
     </span>
    </p>
   </div>
   <div class='ocr_carea' id='block_1_100' title="bbox 2185 3763 3755 3838">
    <p class='ocr_par' dir='ltr' id='par_1_100' title="bbox 2185 3763 3755 3838">
     <span class='ocr_line' id='line_1_101' title="bbox 2185 3763 3755 3838; baseline 0.002 -22"><span class='ocrx_word' id='word_1_807' title='bbox 2185 3764 2277 3816; x_wconf 76' lang='grc' dir='ltr'>ἐπὶ</span> <span class='ocrx_word' id='word_1_808' title='bbox 2300 3764 2400 3834; x_wconf 84' lang='grc' dir='ltr'>βίῳ</span> <span class='ocrx_word' id='word_1_809' title='bbox 2418 3764 2792 3835; x_wconf 84' lang='grc' dir='ltr'>διεφθαρμένῳ</span> <span class='ocrx_word' id='word_1_810' title='bbox 2817 3763 2995 3828; x_wconf 90' lang='grc' dir='ltr'>ἀλούς.</span> <span class='ocrx_word' id='word_1_811' title='bbox 3017 3766 3171 3830; x_wconf 88' lang='grc' dir='ltr'>Τίνος</span> <span class='ocrx_word' id='word_1_812' title='bbox 3192 3766 3299 3838; x_wconf 88' lang='grc' dir='ltr'>γὰρ</span> <span class='ocrx_word' id='word_1_813' title='bbox 3318 3766 3481 3820; x_wconf 81' lang='grc' dir='ltr'>’ἑνεκα</span> <span class='ocrx_word' id='word_1_814' title='bbox 3498 3767 3657 3836; x_wconf 82' lang='grc' dir='ltr'>διηγῇ</span> <span class='ocrx_word' id='word_1_815' title='bbox 3676 3766 3755 3819; x_wconf 88' lang='grc' dir='ltr'>δι-</span> 
     </span>
    </p>
   </div>
   <div class='ocr_carea' id='block_1_101' title="bbox 2185 3854 3755 3930">
    <p class='ocr_par' dir='ltr' id='par_1_101' title="bbox 2185 3854 3755 3930">
     <span class='ocr_line' id='line_1_102' title="bbox 2185 3854 3755 3930; baseline 0 -21"><span class='ocrx_word' id='word_1_816' title='bbox 2185 3854 2493 3925; x_wconf 86' lang='grc' dir='ltr'>καιώματα,</span> <span class='ocrx_word' id='word_1_817' title='bbox 2512 3855 2607 3909; x_wconf 69' lang='grc' dir='ltr'>καὶ</span> <span class='ocrx_word' id='word_1_818' title='bbox 2636 3855 2903 3918; x_wconf 88' lang='grc' dir='ltr'>διδάσκεις</span> <span class='ocrx_word' id='word_1_819' title='bbox 2923 3856 3140 3927; x_wconf 81' lang='grc' dir='ltr'>ἐτέρους</span> <span class='ocrx_word' id='word_1_820' title='bbox 3159 3899 3175 3923; x_wconf 93' lang='grc'>,</span> <span class='ocrx_word' id='word_1_821' title='bbox 3206 3858 3302 3911; x_wconf 76' lang='grc' dir='ltr'>καὶ</span> <span class='ocrx_word' id='word_1_822' title='bbox 3324 3860 3429 3930; x_wconf 79' lang='grc' dir='ltr'>μὴν</span> <span class='ocrx_word' id='word_1_823' title='bbox 3447 3858 3755 3911; x_wconf 75' lang='grc' dir='ltr'>τούναντίον</span> 
     </span>
    </p>
   </div>
   <div class='ocr_carea' id='block_1_102' title="bbox 2183 3942 3751 4015">
    <p class='ocr_par' dir='ltr' id='par_1_102' title="bbox 2183 3942 3751 4015">
     <span class='ocr_line' id='line_1_103' title="bbox 2183 3942 3751 4015; baseline 0.001 -19"><span class='ocrx_word' id='word_1_824' title='bbox 2183 3943 2381 4006; x_wconf 90' lang='grc' dir='ltr'>ποιεῖς,</span> <span class='ocrx_word' id='word_1_825' title='bbox 2400 3943 2493 3995; x_wconf 89' lang='grc' dir='ltr'>τοῦ</span> <span class='ocrx_word' id='word_1_826' title='bbox 2517 3942 2632 4013; x_wconf 86' lang='grc' dir='ltr'>βίου</span> <span class='ocrx_word' id='word_1_827' title='bbox 2654 3960 2748 3995; x_wconf 90' lang='grc' dir='ltr'>σου</span> <span class='ocrx_word' id='word_1_828' title='bbox 2766 3946 2879 4007; x_wconf 92' lang='grc' dir='ltr'>τοῖς</span> <span class='ocrx_word' id='word_1_829' title='bbox 2896 3942 3205 4013; x_wconf 89' lang='grc' dir='ltr'>λεγομένοις</span> <span class='ocrx_word' id='word_1_830' title='bbox 3240 3944 3751 4015; x_wconf 85' lang='grc' dir='ltr'>άντιφθεγγομένου,</span> 
     </span>
    </p>
   </div>
   <div class='ocr_carea' id='block_1_103' title="bbox 2184 4029 3752 4104">
    <p class='ocr_par' dir='ltr' id='par_1_103' title="bbox 2184 4029 3752 4104">
     <span class='ocr_line' id='line_1_104' title="bbox 2184 4029 3752 4104; baseline -0.001 -20"><span class='ocrx_word' id='word_1_831' title='bbox 2184 4033 2279 4084; x_wconf 77' lang='grc' dir='ltr'>καὶ</span> <span class='ocrx_word' id='word_1_832' title='bbox 2302 4030 2491 4093; x_wconf 74' lang='grc' dir='ltr'>’ἐνίους</span> <span class='ocrx_word' id='word_1_833' title='bbox 2525 4029 2634 4083; x_wconf 90' lang='grc' dir='ltr'>τῶν</span> <span class='ocrx_word' id='word_1_834' title='bbox 2674 4029 3009 4101; x_wconf 88' lang='grc' dir='ltr'>βουλομένων</span> <span class='ocrx_word' id='word_1_835' title='bbox 3036 4032 3321 4103; x_wconf 88' lang='grc' dir='ltr'>προσέχειν</span> <span class='ocrx_word' id='word_1_836' title='bbox 3356 4033 3752 4104; x_wconf 75' lang='grc' dir='ltr'>ἀποστρέφειςς</span> 
     </span>
    </p>
   </div>
   <div class='ocr_carea' id='block_1_104' title="bbox 2185 4117 3753 4190">
    <p class='ocr_par' dir='ltr' id='par_1_104' title="bbox 2185 4117 3753 4190">
     <span class='ocr_line' id='line_1_105' title="bbox 2185 4117 3753 4190; baseline 0.001 -19"><span class='ocrx_word' id='word_1_837' title='bbox 2185 4119 2259 4171; x_wconf 88' lang='grc' dir='ltr'>Οὐ</span> <span class='ocrx_word' id='word_1_838' title='bbox 2282 4118 2389 4190; x_wconf 83' lang='grc' dir='ltr'>γάρ</span> <span class='ocrx_word' id='word_1_839' title='bbox 2407 4117 2548 4171; x_wconf 84' lang='grc' dir='ltr'>οῦτω</span> <span class='ocrx_word' id='word_1_840' title='bbox 2568 4117 2834 4182; x_wconf 88' lang='grc' dir='ltr'>διδάσκεις</span> <span class='ocrx_word' id='word_1_841' title='bbox 2852 4118 2938 4172; x_wconf 77' lang='grc' dir='ltr'>διὰ</span> <span class='ocrx_word' id='word_1_842' title='bbox 2956 4119 3066 4171; x_wconf 88' lang='grc' dir='ltr'>τῶν</span> <span class='ocrx_word' id='word_1_843' title='bbox 3085 4120 3277 4188; x_wconf 87' lang='grc' dir='ltr'>λόγων,</span> <span class='ocrx_word' id='word_1_844' title='bbox 3297 4120 3373 4183; x_wconf 87' lang='grc' dir='ltr'>ὡς</span> <span class='ocrx_word' id='word_1_845' title='bbox 3417 4120 3648 4187; x_wconf 84' lang='grc' dir='ltr'>ἀπάγεις</span> <span class='ocrx_word' id='word_1_846' title='bbox 3666 4120 3753 4174; x_wconf 85' lang='grc' dir='ltr'>διά</span> 
     </span>
    </p>
   </div>
   <div class='ocr_carea' id='block_1_105' title="bbox 2184 4204 3756 4279">
    <p class='ocr_par' dir='ltr' id='par_1_105' title="bbox 2184 4204 3756 4279">
     <span class='ocr_line' id='line_1_106' title="bbox 2184 4204 3756 4279; baseline 0.002 -21"><span class='ocrx_word' id='word_1_847' title='bbox 2184 4205 2292 4258; x_wconf 86' lang='grc' dir='ltr'>τῶν</span> <span class='ocrx_word' id='word_1_848' title='bbox 2314 4204 2672 4277; x_wconf 86' lang='grc' dir='ltr'>πραγμάτων.</span> <span class='ocrx_word' id='word_1_849' title='bbox 2690 4205 2789 4259; x_wconf 87' lang='grc' dir='ltr'>Διά</span> <span class='ocrx_word' id='word_1_850' title='bbox 2806 4205 2964 4259; x_wconf 83' lang='grc' dir='ltr'>τοῦτο</span> <span class='ocrx_word' id='word_1_851' title='bbox 2984 4208 3077 4259; x_wconf 74' lang='grc' dir='ltr'>καὶ</span> <span class='ocrx_word' id='word_1_852' title='bbox 3093 4209 3121 4260; x_wconf 90' lang='lat'>6</span> <span class='ocrx_word' id='word_1_853' title='bbox 3137 4207 3365 4279; x_wconf 79' lang='grc' dir='ltr'>Χριστὸς</span> <span class='ocrx_word' id='word_1_854' title='bbox 3382 4209 3588 4261; x_wconf 88' lang='grc' dir='ltr'>ἐκεῖνον</span> <span class='ocrx_word' id='word_1_855' title='bbox 3606 4209 3756 4261; x_wconf 88' lang='grc' dir='ltr'>ἐπαι-</span> 
     </span>
    </p>
   </div>
   <div class='ocr_carea' id='block_1_106' title="bbox 2185 4293 3754 4367">
    <p class='ocr_par' dir='ltr' id='par_1_106' title="bbox 2185 4293 3754 4367">
     <span class='ocr_line' id='line_1_107' title="bbox 2185 4293 3754 4367; baseline 0.001 -21"><span class='ocrx_word' id='word_1_856' title='bbox 2185 4296 2268 4346; x_wconf 88' lang='grc' dir='ltr'>νεῖ</span> <span class='ocrx_word' id='word_1_857' title='bbox 2284 4294 2374 4347; x_wconf 80' lang='grc' dir='ltr'>τὸν</span> <span class='ocrx_word' id='word_1_858' title='bbox 2392 4293 2726 4357; x_wconf 84' lang='grc' dir='ltr'>διδάσκαλον,</span> <span class='ocrx_word' id='word_1_859' title='bbox 2747 4294 2840 4348; x_wconf 77' lang='grc' dir='ltr'>τὸν</span> <span class='ocrx_word' id='word_1_860' title='bbox 2872 4295 2959 4348; x_wconf 74' lang='grc' dir='ltr'>διὰ</span> <span class='ocrx_word' id='word_1_861' title='bbox 2989 4294 3098 4346; x_wconf 92' lang='grc' dir='ltr'>τῶν</span> <span class='ocrx_word' id='word_1_862' title='bbox 3119 4294 3292 4366; x_wconf 82' lang='grc' dir='ltr'>ἔργων</span> <span class='ocrx_word' id='word_1_863' title='bbox 3312 4297 3405 4348; x_wconf 79' lang='grc' dir='ltr'>καὶ</span> <span class='ocrx_word' id='word_1_864' title='bbox 3422 4295 3508 4348; x_wconf 68' lang='grc' dir='ltr'>διὰ</span> <span class='ocrx_word' id='word_1_865' title='bbox 3526 4295 3633 4349; x_wconf 94' lang='grc' dir='ltr'>τῶν</span> <span class='ocrx_word' id='word_1_866' title='bbox 3655 4299 3754 4367; x_wconf 77' lang='grc' dir='ltr'>ρη-</span> 
     </span>
    </p>
   </div>
   <div class='ocr_carea' id='block_1_107' title="bbox 2190 4381 3753 4453">
    <p class='ocr_par' dir='ltr' id='par_1_107' title="bbox 2190 4381 3753 4453">
     <span class='ocr_line' id='line_1_108' title="bbox 2190 4381 3753 4453; baseline 0.004 -21"><span class='ocrx_word' id='word_1_867' title='bbox 2190 4381 2374 4451; x_wconf 88' lang='grc' dir='ltr'>μάτων</span> <span class='ocrx_word' id='word_1_868' title='bbox 2412 4381 2824 4452; x_wconf 84' lang='grc' dir='ltr'>ἀπηρτισμένην</span> <span class='ocrx_word' id='word_1_869' title='bbox 2856 4381 3229 4434; x_wconf 85' lang='grc' dir='ltr'>ἐπιδεικνύντα</span> <span class='ocrx_word' id='word_1_870' title='bbox 3262 4381 3360 4453; x_wconf 79' lang='grc' dir='ltr'>τὴν</span> <span class='ocrx_word' id='word_1_871' title='bbox 3390 4382 3753 4438; x_wconf 90' lang='grc' dir='ltr'>διδασκαλίαν.</span> 
     </span>
    </p>
   </div>
   <div class='ocr_carea' id='block_1_108' title="bbox 2192 4467 3759 4541">
    <p class='ocr_par' dir='ltr' id='par_1_108' title="bbox 2192 4467 3759 4541">
     <span class='ocr_line' id='line_1_109' title="bbox 2192 4467 3759 4541; baseline 0.003 -21"><span class='ocrx_word' id='word_1_872' title='bbox 2192 4470 2291 4535; x_wconf 86' lang='grc' dir='ltr'>Ὃς</span> <span class='ocrx_word' id='word_1_873' title='bbox 2324 4468 2429 4539; x_wconf 74' lang='grc' dir='ltr'>γὰρ</span> <span class='ocrx_word' id='word_1_874' title='bbox 2462 4468 2538 4522; x_wconf 85' lang='grc' dir='ltr'>ἂν</span> <span class='ocrx_word' id='word_1_875' title='bbox 2558 4470 2781 4537; x_wconf 79' lang='grc' dir='ltr'>ποιήσῃ</span> <span class='ocrx_word' id='word_1_876' title='bbox 2804 4469 2901 4522; x_wconf 78' lang='grc' dir='ltr'>καὶ</span> <span class='ocrx_word' id='word_1_877' title='bbox 2921 4469 3152 4539; x_wconf 75' lang='grc' dir='ltr'>διδάξῃ.</span> <span class='ocrx_word' id='word_1_878' title='bbox 3176 4471 3358 4541; x_wconf 74' lang='grc' dir='ltr'>φησὶν,</span> <span class='ocrx_word' id='word_1_879' title='bbox 3378 4467 3558 4538; x_wconf 79' lang='grc' dir='ltr'>οὗτος</span> <span class='ocrx_word' id='word_1_880' title='bbox 3570 4472 3759 4540; x_wconf 78' lang='grc' dir='ltr'>μέγας</span> 
     </span>
    </p>
   </div>
   <div class='ocr_carea' id='block_1_109' title="bbox 2187 4556 3761 4630">
    <p class='ocr_par' dir='ltr' id='par_1_109' title="bbox 2187 4556 3761 4630">
     <span class='ocr_line' id='line_1_110' title="bbox 2187 4556 3761 4630; baseline 0.003 -21"><span class='ocrx_word' id='word_1_881' title='bbox 2187 4556 2552 4623; x_wconf 74' lang='grc' dir='ltr'>κληθήσεται</span> <span class='ocrx_word' id='word_1_882' title='bbox 2586 4558 2656 4610; x_wconf 86' lang='grc' dir='ltr'>ἐν</span> <span class='ocrx_word' id='word_1_883' title='bbox 2692 4556 2765 4626; x_wconf 79' lang='grc' dir='ltr'>τῇ</span> <span class='ocrx_word' id='word_1_884' title='bbox 2801 4558 3089 4625; x_wconf 77' lang='grc' dir='ltr'>βασιλείᾳ</span> <span class='ocrx_word' id='word_1_885' title='bbox 3117 4557 3233 4612; x_wconf 85' lang='grc' dir='ltr'>τῶν</span> <span class='ocrx_word' id='word_1_886' title='bbox 3252 4558 3541 4626; x_wconf 84' lang='grc' dir='ltr'>οὐρανῶν.</span> <span class='ocrx_word' id='word_1_887' title='bbox 3561 4559 3761 4630; x_wconf 84' lang='grc' dir='ltr'>Ἐχέτω</span> 
     </span>
    </p>
   </div>
   <div class='ocr_carea' id='block_1_110' title="bbox 2189 4644 3757 4715">
    <p class='ocr_par' dir='ltr' id='par_1_110' title="bbox 2189 4644 3757 4715">
     <span class='ocr_line' id='line_1_111' title="bbox 2189 4644 3757 4715; baseline 0.003 -18"><span class='ocrx_word' id='word_1_888' title='bbox 2189 4645 2367 4704; x_wconf 79' lang='grc' dir='ltr'>τοίνυν</span> <span class='ocrx_word' id='word_1_889' title='bbox 2390 4663 2482 4707; x_wconf 81' lang='grc' dir='ltr'>σου</span> <span class='ocrx_word' id='word_1_890' title='bbox 2502 4644 2758 4715; x_wconf 82' lang='grc' dir='ltr'>λαμπράν</span> <span class='ocrx_word' id='word_1_891' title='bbox 2779 4645 2959 4715; x_wconf 83' lang='grc' dir='ltr'>φωνὴν</span> <span class='ocrx_word' id='word_1_892' title='bbox 2979 4648 3006 4698; x_wconf 90' lang='lat'>6</span> <span class='ocrx_word' id='word_1_893' title='bbox 3028 4645 3157 4715; x_wconf 80' lang='grc' dir='ltr'>βίος,</span> <span class='ocrx_word' id='word_1_894' title='bbox 3181 4646 3350 4699; x_wconf 88' lang='grc' dir='ltr'>ταῦτα</span> <span class='ocrx_word' id='word_1_895' title='bbox 3369 4647 3722 4702; x_wconf 85' lang='grc' dir='ltr'>διδάσκουσαν</span> <span class='ocrx_word' id='word_1_896' title='bbox 3738 4663 3757 4679; x_wconf 86' lang='grc'>⁶</span> 
     </span>
    </p>
   </div>
   <div class='ocr_carea' id='block_1_111' title="bbox 2190 4732 3761 4807">
    <p class='ocr_par' dir='ltr' id='par_1_111' title="bbox 2190 4732 3761 4807">
     <span class='ocr_line' id='line_1_112' title="bbox 2190 4732 3761 4807; baseline 0 -20"><span class='ocrx_word' id='word_1_897' title='bbox 2190 4733 2290 4787; x_wconf 79' lang='grc' dir='ltr'>κᾶν</span> <span class='ocrx_word' id='word_1_898' title='bbox 2323 4732 2385 4785; x_wconf 83' lang='grc' dir='ltr'>τὸ</span> <span class='ocrx_word' id='word_1_899' title='bbox 2423 4732 2595 4802; x_wconf 86' lang='grc' dir='ltr'>στόμα</span> <span class='ocrx_word' id='word_1_900' title='bbox 2632 4732 2949 4805; x_wconf 78' lang='grc' dir='ltr'>ἁποφράξῃς</span> <span class='ocrx_word' id='word_1_901' title='bbox 2972 4772 2988 4793; x_wconf 87' lang='grc'>,</span> <span class='ocrx_word' id='word_1_902' title='bbox 3034 4732 3328 4802; x_wconf 85' lang='grc' dir='ltr'>σάλπιγγος</span> <span class='ocrx_word' id='word_1_903' title='bbox 3385 4733 3761 4807; x_wconf 85' lang='grc' dir='ltr'>λαμπρότερον</span> 
     </span>
    </p>
   </div>
   <div class='ocr_carea' id='block_1_112' title="bbox 2188 4820 3760 4893">
    <p class='ocr_par' dir='ltr' id='par_1_112' title="bbox 2188 4820 3760 4893">
     <span class='ocr_line' id='line_1_113' title="bbox 2188 4820 3760 4893; baseline 0.003 -21"><span class='ocrx_word' id='word_1_904' title='bbox 2188 4823 2433 4892; x_wconf 78' lang='grc' dir='ltr'>ὴχὴσεις,</span> <span class='ocrx_word' id='word_1_905' title='bbox 2457 4820 2547 4873; x_wconf 76' lang='grc' dir='ltr'>καὶ</span> <span class='ocrx_word' id='word_1_906' title='bbox 2567 4821 2644 4883; x_wconf 85' lang='grc' dir='ltr'>εἰς</span> <span class='ocrx_word' id='word_1_907' title='bbox 2662 4822 2788 4883; x_wconf 78' lang='grc' dir='ltr'>τοὺς</span> <span class='ocrx_word' id='word_1_908' title='bbox 2810 4820 3101 4889; x_wconf 84' lang='grc' dir='ltr'>παρόντας.</span> <span class='ocrx_word' id='word_1_909' title='bbox 3124 4821 3218 4872; x_wconf 78' lang='grc' dir='ltr'>καὶ</span> <span class='ocrx_word' id='word_1_910' title='bbox 3237 4823 3314 4884; x_wconf 90' lang='grc' dir='ltr'>εἰς</span> <span class='ocrx_word' id='word_1_911' title='bbox 3335 4822 3457 4883; x_wconf 79' lang='grc' dir='ltr'>τούς</span> <span class='ocrx_word' id='word_1_912' title='bbox 3478 4821 3760 4893; x_wconf 73' lang='grc' dir='ltr'>πόρρωθεν</span> 
     </span>
    </p>
   </div>
   <div class='ocr_carea' id='block_1_113' title="bbox 2189 4906 3758 4980">
    <p class='ocr_par' dir='ltr' id='par_1_113' title="bbox 2189 4906 3758 4980">
     <span class='ocr_line' id='line_1_114' title="bbox 2189 4906 3758 4980; baseline 0.001 -19"><span class='ocrx_word' id='word_1_913' title='bbox 2189 4909 2367 4972; x_wconf 74' lang='grc' dir='ltr'>ὄντας.</span> <span class='ocrx_word' id='word_1_914' title='bbox 2391 4907 2577 4971; x_wconf 86' lang='grc' dir='ltr'>Οῦτως</span> <span class='ocrx_word' id='word_1_915' title='bbox 2596 4909 2623 4959; x_wconf 87' lang='lat'>6</span> <span class='ocrx_word' id='word_1_916' title='bbox 2641 4907 2864 4979; x_wconf 82' lang='grc' dir='ltr'>οὐρανὸς</span> <span class='ocrx_word' id='word_1_917' title='bbox 2882 4907 3144 4976; x_wconf 83' lang='grc' dir='ltr'>διηγεῖται</span> <span class='ocrx_word' id='word_1_918' title='bbox 3163 4907 3317 4973; x_wconf 85' lang='grc' dir='ltr'>δόξαν</span> <span class='ocrx_word' id='word_1_919' title='bbox 3342 4906 3490 4980; x_wconf 60' lang='grc'>[254]</span> <span class='ocrx_word' id='word_1_920' title='bbox 3519 4907 3673 4967; x_wconf 87' lang='grc' dir='ltr'>Θεοῦ.</span> <span class='ocrx_word' id='word_1_921' title='bbox 3696 4910 3758 4962; x_wconf 89' lang='grc' dir='ltr'>οὐ</span> 
     </span>
    </p>
   </div>
   <div class='ocr_carea' id='block_1_114' title="bbox 2193 4993 3760 5066">
    <p class='ocr_par' dir='ltr' id='par_1_114' title="bbox 2193 4993 3760 5066">
     <span class='ocr_line' id='line_1_115' title="bbox 2193 4993 3760 5066; baseline -0.001 -17"><span class='ocrx_word' id='word_1_922' title='bbox 2193 4997 2365 5066; x_wconf 86' lang='grc' dir='ltr'>στόμα</span> <span class='ocrx_word' id='word_1_923' title='bbox 2396 4994 2553 5065; x_wconf 78' lang='grc' dir='ltr'>ἔχων,</span> <span class='ocrx_word' id='word_1_924' title='bbox 2574 4996 2634 5047; x_wconf 84' lang='grc' dir='ltr'>οὐ</span> <span class='ocrx_word' id='word_1_925' title='bbox 2667 4993 2915 5063; x_wconf 90' lang='grc' dir='ltr'>γλῶσσαν</span> <span class='ocrx_word' id='word_1_926' title='bbox 2935 4994 3121 5058; x_wconf 83' lang='grc' dir='ltr'>κινῶν,</span> <span class='ocrx_word' id='word_1_927' title='bbox 3141 4995 3260 5048; x_wconf 86' lang='grc' dir='ltr'>οὐδέ</span> <span class='ocrx_word' id='word_1_928' title='bbox 3279 4995 3498 5065; x_wconf 85' lang='grc' dir='ltr'>πνεῦμα</span> <span class='ocrx_word' id='word_1_929' title='bbox 3517 4997 3760 5051; x_wconf 89' lang='grc' dir='ltr'>κάτωθεν</span> 
     </span>
    </p>
   </div>
   <div class='ocr_carea' id='block_1_115' title="bbox 2193 5079 3762 5154">
    <p class='ocr_par' dir='ltr' id='par_1_115' title="bbox 2193 5079 3762 5154">
     <span class='ocr_line' id='line_1_116' title="bbox 2193 5079 3762 5154; baseline 0.001 -19"><span class='ocrx_word' id='word_1_930' title='bbox 2193 5085 2345 5153; x_wconf 89' lang='grc' dir='ltr'>προῖέ</span> <span class='ocrx_word' id='word_1_931' title='bbox 2354 5100 2528 5153; x_wconf 85' lang='grc' dir='ltr'>μενος,</span> <span class='ocrx_word' id='word_1_932' title='bbox 2550 5082 2686 5135; x_wconf 86' lang='grc' dir='ltr'>ἀλλά</span> <span class='ocrx_word' id='word_1_933' title='bbox 2720 5080 2798 5151; x_wconf 91' lang='grc' dir='ltr'>τῷ</span> <span class='ocrx_word' id='word_1_934' title='bbox 2833 5081 3016 5136; x_wconf 88' lang='grc' dir='ltr'>κάλλει</span> <span class='ocrx_word' id='word_1_935' title='bbox 3050 5079 3147 5151; x_wconf 82' lang='grc' dir='ltr'>τῆς</span> <span class='ocrx_word' id='word_1_936' title='bbox 3165 5081 3339 5149; x_wconf 71' lang='grc' dir='ltr'>ὅψεως</span> <span class='ocrx_word' id='word_1_937' title='bbox 3357 5082 3447 5135; x_wconf 82' lang='grc' dir='ltr'>τὸν</span> <span class='ocrx_word' id='word_1_938' title='bbox 3467 5083 3662 5154; x_wconf 84' lang='grc' dir='ltr'>θεατὴν</span> <span class='ocrx_word' id='word_1_939' title='bbox 3680 5085 3762 5148; x_wconf 86' lang='grc' dir='ltr'>είς</span> 
     </span>
    </p>
   </div>
   <div class='ocr_carea' id='block_1_116' title="bbox 2193 5167 3764 5242">
    <p class='ocr_par' dir='ltr' id='par_1_116' title="bbox 2193 5167 3764 5242">
     <span class='ocr_line' id='line_1_117' title="bbox 2193 5167 3764 5242; baseline 0.001 -19"><span class='ocrx_word' id='word_1_940' title='bbox 2193 5170 2377 5240; x_wconf 88' lang='grc' dir='ltr'>θαῦμα</span> <span class='ocrx_word' id='word_1_941' title='bbox 2413 5169 2506 5226; x_wconf 92' lang='grc' dir='ltr'>τοῦ</span> <span class='ocrx_word' id='word_1_942' title='bbox 2545 5167 2877 5241; x_wconf 88' lang='grc' dir='ltr'>δημιουργοῦ</span> <span class='ocrx_word' id='word_1_943' title='bbox 2898 5169 3484 5242; x_wconf 83' lang='grc' dir='ltr'>παραπέμπων.”οπερ</span> <span class='ocrx_word' id='word_1_944' title='bbox 3501 5167 3593 5226; x_wconf 76' lang='grc' dir='ltr'>οὖν</span> <span class='ocrx_word' id='word_1_945' title='bbox 3614 5172 3764 5225; x_wconf 89' lang='grc' dir='ltr'>ἐστιν</span> 
     </span>
    </p>
   </div>
   <div class='ocr_carea' id='block_1_117' title="bbox 2192 5261 3765 5332">
    <p class='ocr_par' dir='ltr' id='par_1_117' title="bbox 2192 5261 3765 5332">
     <span class='ocr_line' id='line_1_118' title="bbox 2192 5261 3765 5332; baseline 0 -15"><span class='ocrx_word' id='word_1_946' title='bbox 2192 5266 2307 5317; x_wconf 83' lang='grc' dir='ltr'>ἐκεῖ</span> <span class='ocrx_word' id='word_1_947' title='bbox 2325 5264 2417 5315; x_wconf 79' lang='grc' dir='ltr'>ἐπὶ</span> <span class='ocrx_word' id='word_1_948' title='bbox 2434 5262 2526 5315; x_wconf 86' lang='grc' dir='ltr'>τοῦ</span> <span class='ocrx_word' id='word_1_949' title='bbox 2546 5263 2605 5315; x_wconf 89' lang='grc' dir='ltr'>οὐ</span> <span class='ocrx_word' id='word_1_950' title='bbox 2614 5263 2775 5332; x_wconf 87' lang='grc' dir='ltr'>ρανοῦ</span> <span class='ocrx_word' id='word_1_951' title='bbox 2810 5262 2871 5315; x_wconf 85' lang='grc' dir='ltr'>τὸ</span> <span class='ocrx_word' id='word_1_952' title='bbox 2910 5261 3103 5325; x_wconf 87' lang='grc' dir='ltr'>κάλλος</span> <span class='ocrx_word' id='word_1_953' title='bbox 3121 5262 3220 5328; x_wconf 85' lang='grc' dir='ltr'>τῆς</span> <span class='ocrx_word' id='word_1_954' title='bbox 3235 5261 3429 5331; x_wconf 77' lang='grc' dir='ltr'>ὅψεως,</span> <span class='ocrx_word' id='word_1_955' title='bbox 3448 5262 3604 5316; x_wconf 87' lang='grc' dir='ltr'>τοῦτο</span> <span class='ocrx_word' id='word_1_956' title='bbox 3623 5262 3765 5317; x_wconf 76' lang='grc' dir='ltr'>ἔστω</span> 
     </span>
    </p>
   </div>
   <div class='ocr_carea' id='block_1_118' title="bbox 2191 5348 3765 5420">
    <p class='ocr_par' dir='ltr' id='par_1_118' title="bbox 2191 5348 3765 5420">
     <span class='ocr_line' id='line_1_119' title="bbox 2191 5348 3765 5420; baseline 0.002 -20"><span class='ocrx_word' id='word_1_957' title='bbox 2191 5350 2283 5402; x_wconf 79' lang='grc' dir='ltr'>ἐπὶ</span> <span class='ocrx_word' id='word_1_958' title='bbox 2318 5350 2415 5418; x_wconf 81' lang='grc' dir='ltr'>τῆς</span> <span class='ocrx_word' id='word_1_959' title='bbox 2453 5348 2628 5419; x_wconf 61' lang='grc' dir='ltr'>ψυχῆς</span> <span class='ocrx_word' id='word_1_960' title='bbox 2658 5350 2756 5419; x_wconf 82' lang='grc' dir='ltr'>τῆς</span> <span class='ocrx_word' id='word_1_961' title='bbox 2775 5348 2875 5418; x_wconf 84' lang='grc' dir='ltr'>σῆς</span> <span class='ocrx_word' id='word_1_962' title='bbox 2894 5350 2928 5419; x_wconf 84' lang='grc' dir='ltr'>ἠ</span> <span class='ocrx_word' id='word_1_963' title='bbox 2949 5349 3244 5420; x_wconf 78' lang='grc' dir='ltr'>ἀρετή.“Αν</span> <span class='ocrx_word' id='word_1_964' title='bbox 3259 5348 3315 5401; x_wconf 78' lang='grc' dir='ltr'>δὲ</span> <span class='ocrx_word' id='word_1_965' title='bbox 3332 5350 3765 5420; x_wconf 70' lang='grc' dir='ltr'>κατερρυπωμέε-</span> 
     </span>
    </p>
   </div>
   <div class='ocr_carea' id='block_1_119' title="bbox 2191 5435 3763 5508">
    <p class='ocr_par' dir='ltr' id='par_1_119' title="bbox 2191 5435 3763 5508">
     <span class='ocr_line' id='line_1_120' title="bbox 2191 5435 3763 5508; baseline 0.001 -18"><span class='ocrx_word' id='word_1_966' title='bbox 2191 5453 2301 5501; x_wconf 91' lang='grc' dir='ltr'>νος,</span> <span class='ocrx_word' id='word_1_967' title='bbox 2322 5439 2417 5490; x_wconf 73' lang='grc' dir='ltr'>καὶ</span> <span class='ocrx_word' id='word_1_968' title='bbox 2456 5438 2677 5508; x_wconf 87' lang='grc' dir='ltr'>μυρίους</span> <span class='ocrx_word' id='word_1_969' title='bbox 2695 5436 3029 5507; x_wconf 87' lang='grc' dir='ltr'>κατηγόρους</span> <span class='ocrx_word' id='word_1_970' title='bbox 3048 5436 3205 5506; x_wconf 76' lang='grc' dir='ltr'>ἔχων,</span> <span class='ocrx_word' id='word_1_971' title='bbox 3226 5435 3321 5490; x_wconf 77' lang='grc' dir='ltr'>καὶ</span> <span class='ocrx_word' id='word_1_972' title='bbox 3340 5436 3447 5508; x_wconf 83' lang='grc' dir='ltr'>πρὸ</span> <span class='ocrx_word' id='word_1_973' title='bbox 3464 5436 3683 5491; x_wconf 87' lang='grc' dir='ltr'>πάντων</span> <span class='ocrx_word' id='word_1_974' title='bbox 3699 5437 3763 5491; x_wconf 71' lang='grc' dir='ltr'>τὸ</span> 
     </span>
    </p>
   </div>
   <div class='ocr_carea' id='block_1_120' title="bbox 2194 5522 3764 5597">
    <p class='ocr_par' dir='ltr' id='par_1_120' title="bbox 2194 5522 3764 5597">
     <span class='ocr_line' id='line_1_121' title="bbox 2194 5522 3764 5597; baseline 0.001 -20"><span class='ocrx_word' id='word_1_975' title='bbox 2194 5523 2447 5588; x_wconf 76' lang='grc' dir='ltr'>συνειδὸς,</span> <span class='ocrx_word' id='word_1_976' title='bbox 2470 5524 2774 5597; x_wconf 81' lang='grc' dir='ltr'>σπουδάζῃς</span> <span class='ocrx_word' id='word_1_977' title='bbox 2810 5523 3272 5594; x_wconf 84' lang='grc' dir='ltr'>ἐπιλαμϐάνεσθαι</span> <span class='ocrx_word' id='word_1_978' title='bbox 3301 5522 3490 5594; x_wconf 88' lang='grc' dir='ltr'>θρόνου</span> <span class='ocrx_word' id='word_1_979' title='bbox 3510 5525 3764 5579; x_wconf 84' lang='grc' dir='ltr'>διδασκα-</span> 
     </span>
    </p>
   </div>
   <div class='ocr_carea' id='block_1_121' title="bbox 2193 5611 3760 5685">
    <p class='ocr_par' dir='ltr' id='par_1_121' title="bbox 2193 5611 3760 5685">
     <span class='ocr_line' id='line_1_122' title="bbox 2193 5611 3760 5685; baseline 0.003 -21"><span class='ocrx_word' id='word_1_980' title='bbox 2193 5611 2366 5668; x_wconf 87' lang='grc' dir='ltr'>λικοῦ.</span> <span class='ocrx_word' id='word_1_981' title='bbox 2381 5612 2598 5666; x_wconf 74' lang='grc' dir='ltr'>ἐπειδὰν</span> <span class='ocrx_word' id='word_1_982' title='bbox 2616 5613 2815 5676; x_wconf 88' lang='grc' dir='ltr'>κακίας</span> <span class='ocrx_word' id='word_1_983' title='bbox 2831 5614 3162 5684; x_wconf 81' lang='grc' dir='ltr'>κατηγορῇς,</span> <span class='ocrx_word' id='word_1_984' title='bbox 3175 5613 3270 5682; x_wconf 83' lang='grc' dir='ltr'>οὐχ</span> <span class='ocrx_word' id='word_1_985' title='bbox 3289 5612 3490 5683; x_wconf 88' lang='grc' dir='ltr'>ἐτέρων</span> <span class='ocrx_word' id='word_1_986' title='bbox 3513 5613 3760 5685; x_wconf 79' lang='grc' dir='ltr'>μᾶλλονῆ</span> 
     </span>
    </p>
   </div>
   <div class='ocr_carea' id='block_1_122' title="bbox 2100 5696 3765 5771">
    <p class='ocr_par' dir='ltr' id='par_1_122' title="bbox 2100 5696 3765 5771">
     <span class='ocr_line' id='line_1_123' title="bbox 2100 5696 3765 5771; baseline 0.001 -19"><span class='ocrx_word' id='word_1_987' title='bbox 2100 5696 2110 5706; x_wconf 89' lang='grc'><em>’</em></span> <span class='ocrx_word' id='word_1_988' title='bbox 2195 5700 2391 5754; x_wconf 88' lang='grc' dir='ltr'>σαυτοῦ</span> <span class='ocrx_word' id='word_1_989' title='bbox 2412 5701 2822 5771; x_wconf 87' lang='grc' dir='ltr'>κατηγορήσεις.</span> <span class='ocrx_word' id='word_1_990' title='bbox 2846 5700 2951 5753; x_wconf 76' lang='grc' dir='ltr'>Καὶ</span> <span class='ocrx_word' id='word_1_991' title='bbox 2972 5698 3407 5767; x_wconf 74' lang='grc' dir='ltr'>ἀναλαμϐάνεις</span> <span class='ocrx_word' id='word_1_992' title='bbox 3422 5700 3539 5770; x_wconf 81' lang='grc' dir='ltr'>τὴν</span> <span class='ocrx_word' id='word_1_993' title='bbox 3553 5701 3765 5768; x_wconf 81' lang='grc' dir='ltr'>διαθή-</span> 
     </span>
    </p>
   </div>
   <div class='ocr_carea' id='block_1_123' title="bbox 588 5757 2089 5825">
    <p class='ocr_par' dir='ltr' id='par_1_123' title="bbox 588 5757 2089 5825">
     <span class='ocr_line' id='line_1_124' title="bbox 588 5757 2089 5825; baseline 0.002 -17"><span class='ocrx_word' id='word_1_994' title='bbox 588 5760 623 5825; x_wconf 69' lang='lat'>‘_</span> <span class='ocrx_word' id='word_1_995' title='bbox 642 5759 708 5808; x_wconf 78' lang='lat' dir='ltr'>Ita</span> <span class='ocrx_word' id='word_1_996' title='bbox 726 5757 986 5825; x_wconf 18' lang='lat'>3939655.</span> <span class='ocrx_word' id='word_1_997' title='bbox 1010 5759 1139 5810; x_wconf 76' lang='lat' dir='ltr'><strong>Edili</strong></span> <span class='ocrx_word' id='word_1_998' title='bbox 1164 5760 1233 5825; x_wconf 74' lang='grc' dir='ltr'>τῷ</span> <span class='ocrx_word' id='word_1_999' title='bbox 1249 5762 1435 5820; x_wconf 81' lang='grc' dir='ltr'>πρῶτον</span> <span class='ocrx_word' id='word_1_1000' title='bbox 1458 5760 1681 5817; x_wconf 83' lang='grc' dir='ltr'>εὐζωΐαν.</span> <span class='ocrx_word' id='word_1_1001' title='bbox 1707 5760 1858 5810; x_wconf 81' lang='lat' dir='ltr'>Savil.</span> <span class='ocrx_word' id='word_1_1002' title='bbox 1878 5773 1999 5809; x_wconf 81' lang='lat' dir='ltr'>vero</span> <span class='ocrx_word' id='word_1_1003' title='bbox 2019 5764 2089 5825; x_wconf 86' lang='grc' dir='ltr'>τῷ</span> 
     </span>
    </p>
   </div>
   <div class='ocr_carea' id='block_1_124' title="bbox 525 5821 2090 5895">
    <p class='ocr_par' dir='ltr' id='par_1_124' title="bbox 525 5821 2090 5895">
     <span class='ocr_line' id='line_1_125' title="bbox 525 5821 2090 5895; baseline 0.002 -26"><span class='ocrx_word' id='word_1_1004' title='bbox 525 5823 714 5895; x_wconf 60' lang='grc' dir='ltr'>πρῶτος</span> <span class='ocrx_word' id='word_1_1005' title='bbox 735 5821 948 5895; x_wconf 67' lang='grc' dir='ltr'>εὐςωίαν,</span> <span class='ocrx_word' id='word_1_1006' title='bbox 973 5825 1140 5895; x_wconf 76' lang='lat' dir='ltr'>male_=</span> <span class='ocrx_word' id='word_1_1007' title='bbox 1180 5823 1262 5874; x_wconf 87' lang='lat' dir='ltr'>hic</span> <span class='ocrx_word' id='word_1_1008' title='bbox 1284 5825 1419 5873; x_wconf 88' lang='lat' dir='ltr'>locus</span> <span class='ocrx_word' id='word_1_1009' title='bbox 1454 5825 1525 5885; x_wconf 76' lang='lat' dir='ltr'>sic</span> <span class='ocrx_word' id='word_1_1010' title='bbox 1557 5831 1816 5894; x_wconf 66' lang='lat' dir='ltr'>corruptus</span> <span class='ocrx_word' id='word_1_1011' title='bbox 1839 5827 1964 5875; x_wconf 79' lang='lat' dir='ltr'>mire</span> <span class='ocrx_word' id='word_1_1012' title='bbox 1986 5821 2090 5879; x_wconf 59' lang='lat' dir='ltr'>tor&quot;-</span> 
     </span>
    </p>
   </div>
   <div class='ocr_carea' id='block_1_125' title="bbox 530 5883 1725 5937">
    <p class='ocr_par' dir='ltr' id='par_1_125' title="bbox 530 5883 1725 5937">
     <span class='ocr_line' id='line_1_126' title="bbox 530 5883 1725 5937; baseline -0.003 0"><span class='ocrx_word' id='word_1_1013' title='bbox 530 5889 663 5937; x_wconf 60' lang='grc' dir='ltr'>σεται</span> <span class='ocrx_word' id='word_1_1014' title='bbox 682 5883 933 5933; x_wconf 77' lang='lat' dir='ltr'>Savilium.</span> <span class='ocrx_word' id='word_1_1015' title='bbox 1104 5883 1117 5895; x_wconf 84' lang='grc'><strong>’</strong></span> <span class='ocrx_word' id='word_1_1016' title='bbox 1577 5883 1580 5885; x_wconf 26' lang='grc'>⁷</span> <span class='ocrx_word' id='word_1_1017' title='bbox 1704 5883 1725 5905; x_wconf 46' lang='grc'>⁷⁵</span> 
     </span>
    </p>
   </div>
   <div class='ocr_carea' id='block_1_126' title="bbox 2193 5787 3761 5859">
    <p class='ocr_par' dir='ltr' id='par_1_126' title="bbox 2193 5787 3761 5859">
     <span class='ocr_line' id='line_1_127' title="bbox 2193 5787 3761 5859; baseline -0.004 -16"><span class='ocrx_word' id='word_1_1018' title='bbox 2193 5808 2310 5857; x_wconf 80' lang='grc' dir='ltr'>κην</span> <span class='ocrx_word' id='word_1_1019' title='bbox 2332 5808 2452 5859; x_wconf 81' lang='grc' dir='ltr'>μου</span> <span class='ocrx_word' id='word_1_1020' title='bbox 2486 5790 2583 5843; x_wconf 81' lang='grc' dir='ltr'>διὰ</span> <span class='ocrx_word' id='word_1_1021' title='bbox 2614 5790 2907 5855; x_wconf 78' lang='grc' dir='ltr'>στόματός</span> <span class='ocrx_word' id='word_1_1022' title='bbox 2937 5804 3087 5851; x_wconf 84' lang='grc' dir='ltr'>σου;</span> <span class='ocrx_word' id='word_1_1023' title='bbox 3107 5788 3300 5851; x_wconf 79' lang='grc' dir='ltr'>Καλῶς</span> <span class='ocrx_word' id='word_1_1024' title='bbox 3317 5787 3437 5842; x_wconf 85' lang='grc' dir='ltr'>εἷπε</span> <span class='ocrx_word' id='word_1_1025' title='bbox 3455 5807 3471 5822; x_wconf 89' lang='grc'><strong>·</strong></span> <span class='ocrx_word' id='word_1_1026' title='bbox 3494 5791 3597 5845; x_wconf 88' lang='grc' dir='ltr'>Διὰ</span> <span class='ocrx_word' id='word_1_1027' title='bbox 3616 5792 3761 5845; x_wconf 81' lang='grc' dir='ltr'>στό-</span> 
     </span>
    </p>
   </div>
   <div class='ocr_carea' id='block_1_127' title="bbox 2189 5875 3763 5951">
    <p class='ocr_par' dir='ltr' id='par_1_127' title="bbox 2189 5875 3763 5951">
     <span class='ocr_line' id='line_1_128' title="bbox 2189 5875 3763 5951; baseline 0 -19"><span class='ocrx_word' id='word_1_1028' title='bbox 2189 5895 2393 5951; x_wconf 73' lang='grc' dir='ltr'>ματος.</span> <span class='ocrx_word' id='word_1_1029' title='bbox 2413 5879 2475 5931; x_wconf 85' lang='grc' dir='ltr'><strong>Ἡ</strong></span> <span class='ocrx_word' id='word_1_1030' title='bbox 2514 5878 2618 5950; x_wconf 75' lang='grc' dir='ltr'>γὰρ</span> <span class='ocrx_word' id='word_1_1031' title='bbox 2658 5876 2852 5949; x_wconf 87' lang='grc' dir='ltr'>καρδία</span> <span class='ocrx_word' id='word_1_1032' title='bbox 2873 5876 3075 5948; x_wconf 79' lang='grc' dir='ltr'>ἔρημός</span> <span class='ocrx_word' id='word_1_1033' title='bbox 3097 5878 3209 5929; x_wconf 73' lang='grc' dir='ltr'>ἐστι</span> <span class='ocrx_word' id='word_1_1034' title='bbox 3231 5875 3338 5931; x_wconf 89' lang='grc' dir='ltr'>τῶν</span> <span class='ocrx_word' id='word_1_1035' title='bbox 3358 5878 3604 5933; x_wconf 81' lang='grc' dir='ltr'>ἐντεῦθεν</span> <span class='ocrx_word' id='word_1_1036' title='bbox 3625 5895 3763 5949; x_wconf 78' lang='grc' dir='ltr'>καρ-</span> 
     </span>
    </p>
   </div>
  </div>
