4108 6344
326 466 431 524 219
1411 447 1772 508 EXPOSlTlO
1813 443 1879 500 IN

2012 443 2235 500 \LMUM
2276 445 2458 502 XLIX.
3485 448 3592 505 250

327 589 502 640 invoca
526 597 604 636 me
631 582 682 634 in
708 579 789 632 die
805 575 1136 631 tribulationis
1159 582 1272 633 tum,
1301 582 1347 624 et
1365 587 1536 624 eruam
1555 577 1619 635 te,
1642 575 1686 621 et
1703 563 1904 620 honori-

326 677 499 747 ﬁcabis
520 689 618 726 me.
650 671 807 726 Vides
834 667 1100 737 copiosam
1121 665 1236 720 dari
1263 661 1599 718 mercedem?
1623 656 1761 725 Quid
1780 670 1908 726 ergo

327 777 502 840 potest
527 764 758 821 conferri
780 776 899 817 cum
927 760 1028 815 hac
1057 756 1382 826 benignitate
1402 795 1418 821 ,
1447 752 1659 824 quando
1683 750 1776 805 dat
1809 762 1906 804 no-

327 863 409 916 bis
437 855 738 914 mercedem
763 851 973 908 virtutis
998 892 1011 915 ,
1042 857 1096 904 et
1133 846 1434 902 mercedem
1461 846 1620 914 longe
1648 842 1906 909 majorem

328 952 634 1015 laboribus,
675 961 844 1017 eaque
886 945 1043 998 datur
1085 942 1140 996 in
1186 949 1426 1009 tempore
1473 934 1757 991 admodum
1807 946 1906 1000 op-

326 1041 599 1114 portuno?
647 1038 715 1094 Et
755 1052 890 1099 cur,
938 1032 1140 1102 inquit,
1186 1029 1325 1084 dixit
1368 1045 1382 1082 :
1421 1025 1610 1080 Invoca
1657 1023 1774 1114 me?
1815 1036 1910 1114 cur

329 1109 602 1202 exspectat
642 1139 701 1184 ut
737 1142 765 1179 a
794 1125 947 1179 nobis
977 1119 1293 1177 invocetur?
1322 1117 1519 1172 Volens
1550 1115 1604 1169 in
1633 1112 1787 1167 nobis
1825 1109 1908 1165 ef-

329 1226 489 1280 ficere
507 1221 760 1291 majorem
787 1215 1213 1275 familiaritatem,
1234 1220 1289 1267 et
1310 1206 1760 1266 vehementiorem
1779 1202 1911 1257 ami-

328 1318 527 1377 citiam,
555 1311 752 1377 dando,
781 1306 1095 1368 invoeaudo,
1126 1312 1182 1360 et
1207 1299 1533 1370 accipiendo.
1560 1297 1740 1350 Virtus
1767 1294 1909 1348 enim

330 1408 442 1462 Deo
487 1404 802 1459 familiarem
847 1396 1292 1466 efficit;idipsum
1337 1392 1460 1447 facit
1505 1386 1908 1446 remuneratio:

328 1511 514 1552 rursus
537 1503 713 1548 autem
739 1500 860 1546 vota
886 1505 948 1545 ac
976 1501 1162 1558 preces
1191 1485 1327 1539 hanc
1357 1480 1770 1537 familiaritatem
1785 1495 1918 1536 eon-

327 1579 535 1636 ciliant.
558 1581 626 1636 Et
650 1581 773 1635 ideo
793 1579 923 1633 dicit
946 1597 958 1631 :
984 1578 1060 1630 Da
1080 1576 1231 1635 mihi.
1255 1581 1311 1628 et
1334 1574 1404 1627 do
1425 1573 1523 1629 tibi
1573 1566 1787 1640 (Matth.
1819 1565 1907 1619 19.

332 1673 444 1743 15).
481 1669 777 1739 Quinetiam
809 1669 861 1721 in
903 1665 1079 1721 dando
1119 1678 1219 1718 una
1248 1662 1482 1732 accipis:
1508 1659 1620 1729 ipse
1657 1657 1798 1712 enim
1828 1654 1912 1710 his

331 1781 436 1818 non
467 1763 684 1831 indiget.
712 1758 1064 1826 Quamobrem
1087 1756 1185 1810 etsi
1216 1753 1378 1808 fueris
1406 1750 1732 1814 moderatus,
1761 1763 1911 1802 man-

330 1865 513 1910 suetus
537 1894 551 1920 ,
576 1861 630 1907 et
655 1851 877 1921 pudicus
895 1892 908 1913 ,
937 1850 1044 1902 Deo
1070 1863 1135 1902 ex
1165 1846 1268 1901 hoc
1296 1859 1400 1899 non
1427 1841 1624 1912 aliquid
1648 1840 1908 1904 arcessit,

331 1947 424 2000 sed
467 1945 694 2014 teipsum
740 1939 964 1996 effecisti
1007 1939 1282 1992 meliorem
1323 1952 1338 1990 :
1373 1943 1427 1989 et
1467 1941 1645 1987 tamen
1693 1947 1787 2001 pro
1828 1929 1910 1984 his

331 2047 597 2107 tamquam
622 2049 740 2104 quae
761 2034 928 2102 ipsum
952 2030 1219 2099 juvarent,
1249 2027 1504 2082 maximas
1528 2025 1616 2078 tibi
1641 2023 1912 2079 mercedes

330 2138 385 2184 et
425 2141 650 2182 coronas
687 2123 978 2179 constituit.
1011 2121 1312 2188 Quinetiam
1352 2126 1477 2172 ante
1523 2116 1639 2170 illas
1682 2129 1910 2170 coronas

332 2235 437 2274 non
466 2231 624 2287 parva
649 2215 916 2284 voluptate
943 2210 1155 2274 frueris,
1188 2217 1247 2264 ut
1271 2209 1358 2279 qui
1389 2208 1581 2261 bonam
1609 2217 1778 2260 tecum
1805 2205 1912 2258 cir-

331 2308 594 2365 cumferas
621 2305 1000 2360 conscientiam
1019 2344 1035 2367 ,
1062 2308 1116 2356 et
1140 2301 1277 2355 bona
1308 2313 1402 2369 spe
1429 2299 1479 2352 in
1503 2305 1770 2366 posterum
1798 2295 1909 2349 eri-

330 2401 492 2471 garis.
529 2398 676 2452 Diem
703 2404 877 2450 autem
903 2393 1208 2448 afflictionis
1234 2391 1319 2446 hic
1341 2389 1488 2456 dicit,
1513 2404 1620 2443 non
1641 2387 1914 2442 calamita-

332 2503 464 2553 tum,
491 2506 592 2546 nec
617 2489 950 2544 fortuitorum
971 2501 1211 2550 casuum,
1235 2483 1329 2539 sed
1352 2483 1474 2553 quia
1497 2481 1608 2537 sive
1634 2489 1906 2550 peccatum

332 2584 472 2639 bello
498 2583 714 2651 impetat
738 2621 752 2642 ,
775 2581 886 2634 sive
911 2578 1151 2632 diabolus
1175 2575 1415 2630 obsideat
1454 2573 1620 2628 malas
1653 2571 1911 2626 invehens

331 2675 667 2744 cupiditates,
686 2685 932 2740 magnum
955 2668 1204 2722 auxilium
1222 2664 1540 2735 assequeris.
1564 2662 1631 2716 Et
1647 2678 1821 2716 eruam
1838 2669 1905 2725 te,

331 2778 378 2820 et
422 2762 774 2831 honoriﬁcabis
799 2778 897 2814 me.
925 2760 1036 2815 Hoc
1063 2774 1250 2813 rursus
1277 2757 1438 2821 dicit,
1468 2771 1575 2810 non
1606 2770 1768 2824 egens
1808 2768 1908 2806 no-

330 2867 440 2912 stra
466 2855 633 2926 gloria
659 2852 949 2924 (quomodo
978 2850 1119 2906 enim
1151 2859 1363 2919 egeret,
1392 2848 1479 2918 qui
1509 2855 1591 2901 est
1617 2846 1755 2900 Deus
1798 2844 1911 2914 glo-

332 2948 532 3019 riae?),
560 2947 653 3002 sed
692 2956 749 3000 ut
790 2961 885 3014 per
929 2943 1182 3016 hymnum
1221 2941 1506 3012 gratiarum
1556 2937 1778 2993 actionis
1818 2937 1911 2990 fiat

330 3042 587 3096 memoria
631 3038 870 3094 beneficii
901 3079 916 3103 ,
949 3047 1002 3091 et
1045 3037 1114 3090 sit
1164 3033 1528 3089 vehementior
1570 3033 1623 3086 in
1671 3046 1793 3086 cum
1831 3029 1910 3084 af-

329 3133 489 3189 fectio
515 3174 531 3198 ,
558 3141 612 3187 et
643 3141 698 3185 ut
723 3131 894 3199 primo
919 3127 1221 3182 felicitatem
1251 3126 1533 3178 maximam
1561 3122 1904 3192 accipiamus.

401 3225 454 3280 6.
478 3221 768 3294 Aﬂiictionis
792 3219 1049 3290 prazsentis
1075 3227 1120 3271 et
1143 3219 1328 3288 futura:
1357 3214 1686 3284 comparatio.
1707 3242 1777 3252 —
1800 3211 1908 3264 Ne-

329 3331 435 3385 que
455 3330 483 3369 a
509 3315 705 3368 decoro
730 3309 1080 3373 abcrraveris,
1109 3309 1151 3360 si
1180 3307 1379 3361 dixeris
1412 3321 1532 3360 eum
1555 3304 1700 3374 loqui
1731 3302 1797 3356 de
1820 3300 1908 3357 die

329 3403 654 3468 aliiictionis,
683 3409 737 3455 et
763 3400 830 3455 de
851 3399 938 3453 die
966 3399 1141 3452 futuro
1169 3415 1182 3450 :
1215 3397 1300 3450 illa
1326 3397 1465 3451 enim
1483 3409 1768 3463 numquam
1790 3407 1908 3446 ces-

329 3508 414 3552 sat
439 3494 673 3549 afflictio.
708 3493 804 3546 Hic
832 3491 973 3545 enim
1003 3498 1056 3544 et
1087 3503 1228 3542 mors
1268 3487 1554 3541 adveniens
1579 3485 1737 3538 solvit
1762 3484 1907 3537 cala-

329 3591 562 3646 mitates.
583 3584 738 3639 amici
767 3583 1122 3641 consolantes,
1159 3589 1212 3635 et
1243 3579 1362 3634 linis
1403 3578 1492 3648 qui
1532 3585 1904 3646 exspectatur,

329 3694 473 3748 smpe
493 3677 652 3730 etiam
675 3689 850 3729 rerum
874 3688 991 3741 qua:
1021 3681 1264 3740 speratur
1293 3669 1535 3730 mutatio,
1564 3668 1910 3722 diuturnitas-

327 3785 433 3841 qne
477 3767 733 3837 temporis
770 3765 996 3819 mollivit
1033 3779 1095 3817 ac
1148 3763 1405 3830 mitigavit
1451 3761 1904 3831 perturbationem

326 3861 513 3924 animi,
543 3859 776 3926 itemque
801 3871 890 3910 res
929 3857 1166 3908 adversa:
1205 3852 1642 3922 propinquorum.
1694 3851 1900 3904 Habere

328 3953 471 4008 enim
503 3961 859 4004 aerumnarum
887 3945 1096 4008 socios,
1144 3953 1198 3998 et
1227 3943 1408 3996 videre
1437 3942 1598 3995 multa
1643 3939 1904 4010 ejusmodi

326 4041 591 4110 exempla,
623 4040 796 4093 visum
823 4045 905 4091 est
931 4036 1108 4090 multis
1133 4048 1250 4089 esse
1279 4033 1403 4103 quid
1428 4033 1602 4102 magni
1623 4035 1689 4086 ad
1717 4047 1907 4086 conso-

326 4138 603 4191 lationem.
632 4131 744 4186 lllic
768 4141 941 4184 autem
970 4129 1102 4183 nihil
1130 4138 1210 4183 est
1235 4127 1493 4196 ejusmodi
1520 4145 1532 4179 :
1567 4143 1736 4198 neque
1761 4128 1904 4182 enim

325 4229 482 4282 adest
505 4225 695 4294 aliquis
723 4222 812 4292 qui
843 4221 1169 4286 consoletur,
1196 4219 1288 4273 sed
1319 4218 1504 4274 amicis
1530 4218 1765 4272 destituti
1791 4234 1906 4272 om-

327 4336 424 4375 nes
466 4327 610 4373 sunt.
656 4315 772 4371 Non
825 4313 1096 4384 longitudo
1141 4312 1396 4383 temporis
1455 4311 1624 4366 mollit
1665 4311 1903 4366 dolorem

327 4408 638 4482 (quomodo
675 4406 847 4472 enim,
903 4421 1023 4460 eum
1069 4404 1280 4458 ﬂamma
1322 4411 1578 4473 perpetuo
1622 4403 1740 4457 illos
1786 4417 1907 4473 pre-

325 4502 548 4572 matt),
576 4515 684 4555 non
728 4513 852 4569 spes
893 4496 1221 4553 liberationis
1267 4512 1280 4548 :
1325 4503 1408 4550 est
1459 4496 1600 4551 enim
1645 4504 1904 4550 aeternum

327 4593 684 4664 supplicium;
711 4607 819 4646 non
842 4589 1032 4645 mortis
1055 4589 1384 4654 exSpectatio
1423 4603 1436 4639 :
1469 4597 1552 4642 est
1579 4588 1719 4643 enim
1747 4603 1905 4658 pmna

325 4696 549 4751 aeterna,
575 4693 630 4739 et
653 4691 778 4738 sunt
805 4681 965 4737 etiam
983 4695 1102 4750 quae
1119 4681 1407 4750 puniuntur
1428 4693 1651 4748 corpora
1678 4679 1902 4734 immor-

326 4777 490 4841 talia;
517 4783 663 4830 etne
691 4772 794 4828 hoc
833 4771 1049 4842 quidem
1075 4769 1217 4840 quod
1245 4769 1456 4824 videtur
1484 4769 1667 4824 multis
1711 4770 1906 4826 afferre

326 4866 599 4932 solatium,
627 4864 768 4935 quod
789 4862 1003 4917 videant
1030 4862 1232 4916 scilicet
1256 4860 1388 4915 alios
1413 4861 1612 4930 puniri.
1662 4860 1900 4916 Primum

322 4959 472 5014 enim
499 4972 604 5011 non
625 4953 1022 5026 possuntvideri
1046 4952 1135 5024 qui
1160 4953 1472 5022 puniuntur,
1499 4967 1618 5006 cum
1646 4952 1902 5023 tenebrae,

324 5061 446 5116 qua:
486 5053 610 5100 sunt
637 5046 801 5099 instar
827 5043 1108 5114 sepimenti
1138 5083 1152 5109 ,
1202 5041 1369 5096 oculis
1411 5042 1686 5112 caliginem
1728 5042 1904 5098 offun-

323 5142 458 5194 dant
487 5154 500 5191 :
529 5137 723 5194 deinde
757 5134 1062 5205 magnitudo
1085 5133 1286 5189 doloris
1309 5149 1379 5190 ne
1403 5135 1529 5190 sinit
1569 5134 1782 5205 quidem
1807 5135 1906 5190 ad-

325 5234 539 5286 mittere
563 5244 776 5284 sensum
807 5227 963 5298 hujus
985 5225 1388 5281 consolationis.
1434 5227 1590 5281 Dives
1617 5242 1745 5298 ergo
1773 5227 1903 5282 nihil

323 5338 388 5376 ex
419 5336 482 5376 ea
511 5335 572 5375 re
599 5319 863 5389 acceperit
893 5316 1092 5380 solatii,
1138 5330 1240 5371 nec
1267 5316 1300 5370 ii
1329 5316 1421 5386 qui
1451 5315 1680 5371 strident
1725 5317 1902 5372 denti-

323 5413 446 5468 bus.
481 5410 569 5467 16.
605 5409 866 5464 Peccatari
888 5417 1055 5462 autem
1074 5407 1202 5462 dixit
1233 5405 1368 5461 Deus
1392 5421 1411 5460 :
1444 5406 1612 5472 Quare
1631 5416 1684 5460 tu
1700 5424 1904 5461 enarras

322 5504 547 5577 justitias
594 5501 778 5556 meas?
817 5499 1009 5555 Vidisti
1057 5499 1227 5570 lyram
1274 5497 1595 5566 perfectam,
1644 5499 1902 5553 citharam

325 5606 468 5650 nene
489 5593 864 5665 compositam,
892 5591 1120 5645 diversis
1147 5589 1292 5644 sonis
1314 5605 1476 5643 unum
1497 5589 1657 5644 edere
1676 5605 1904 5644 concen-

329 5685 481 5741 tum?
508 5684 608 5740 Hic
642 5691 726 5740 est
768 5683 910 5737 enim
950 5693 1142 5736 sensus
1180 5687 1236 5734 et
1277 5677 1335 5733 id
1359 5678 1502 5750 apud
1543 5679 1811 5749 apostolos
1851 5688 1906 5734 et

327 5777 468 5847 apud
489 5777 622 5833 alios
643 5774 932 5848 prophetas
956 5773 1210 5842 scriptum
1237 5771 1383 5826 cerni
1411 5779 1604 5842 potest,
1627 5781 1681 5825 et
1710 5771 1902 5830 Paulus

325 5869 488 5926 etiam
535 5873 608 5925 ita
651 5867 819 5935 dicit,
855 5865 969 5937 ipse
996 5877 1208 5936 quoque
1245 5862 1532 5922 ostendens
1562 5862 1698 5920 nihil
1735 5870 1896 5934 prod-

2013 577 2135 617 esse
2183 564 2317 618 alios
2349 564 2564 628 docere,
2599 565 2698 620 nisi
2745 566 2863 635 quis
2905 566 3138 635 seipsum
3184 566 3333 635 prius
3379 566 3588 621 doceat.

2013 653 2273 721 Quoniam
2292 656 2432 711 enim
2462 655 2561 710 sibi
2589 656 2742 710 valde
2773 656 3074 726 placebant,
3105 659 3247 714 sicut
3273 665 3494 725 propter
3507 672 3591 712 sa-

2013 748 2235 812 criﬁcia,
2268 747 2338 800 ita
2361 749 2520 802 etiam
2553 758 2832 817 propterea
2860 750 3001 819 quod
3029 750 3198 818 legem
3229 752 3510 814 haberent,
3541 758 3597 802 et

2014 837 2318 893 dicerentur
2355 839 2580 892 aliorum
2611 839 2895 903 doctores;
2929 839 3216 894 ostendens
3263 854 3357 894 eos
3395 854 3459 894 ex
3505 837 3592 893 illa

2016 944 2074 984 re
2103 944 2208 986 nou
2237 945 2482 999 magnum
2513 930 2740 985 fructum
2765 945 2979 1000 capere,
3010 930 3222 1000 quando
3266 931 3366 1000 ipsi
3406 945 3594 984 mane-

2013 1034 2132 1078 rent
2160 1023 2374 1088 indocti,
2403 1024 2580 1078 acrius
2627 1039 2721 1078 eos
2765 1023 3030 1079 insectans
3054 1064 3070 1089 ,
3103 1024 3232 1079 dicit
3271 1042 3283 1077 :
3323 1024 3424 1092 Qui
3477 1041 3596 1094 ergo

2014 1117 2174 1170 alium
2203 1122 2372 1181 doces,
2403 1117 2614 1186 teipsum
2641 1133 2741 1170 non
2772 1116 2963 1170 doces?
2992 1117 3078 1186 qui
3104 1116 3350 1186 prtedicas
3377 1134 3476 1170 non
3509 1122 3596 1187 fu-

2014 1207 2268 1272 randum,
2317 1207 2544 1278 furaris?
2571 1209 2654 1271 qui
2697 1207 3004 1260 abominaris
3048 1207 3226 1273 idola,
3277 1207 3598 1278 sacrilegium

2015 1296 2240 1351 admittis
2261 1296 2287 1350 .9
2327 1297 2413 1366 qui
2437 1297 2498 1350 de
2524 1297 2630 1366 lege
2657 1297 2894 1368 gloriaris
2913 1335 2928 1361 ,
2957 1313 3044 1366 per
3073 1295 3196 1367 legis
3241 1299 3597 1368 transgressio-

2016 1405 2129 1444 nem
2156 1387 2321 1443 Deum
2350 1390 2647 1444 dehonestas
2699 1389 2882 1462 (Rom.
2910 1389 2964 1444 2.
2993 1389 3060 1445 21
3090 1420 3134 1433 —
3153 1390 3226 1446 23
3255 1389 3312 1461 )?
3358 1390 3428 1445 Et
3474 1390 3596 1446 ideo

2014 1478 2082 1534 de
2109 1480 2286 1549 seipse
2309 1481 2443 1535 dixit
2467 1481 2592 1535 alibi
2623 1496 2637 1534 :
2675 1481 2860 1536 Vereor
2881 1499 2943 1536 ne
2965 1499 3076 1536 cum
3093 1483 3208 1537 aliis
3231 1483 3594 1554 praedicarem,

2013 1570 2122 1639 ipse
2141 1571 2381 1639 reprobus
2403 1571 2586 1641 eﬂiciar
2612 1571 2630 1641 (
2660 1573 2708 1626 1.
2732 1569 2848 1626 Cor.
2877 1571 2930 1626 9.
2953 1572 3046 1643 27)
3073 1590 3086 1624 :
3115 1587 3301 1628 eorum
3335 1583 3595 1628 tumorem

2015 1661 2343 1730 deprimens,
2376 1663 2574 1732 quibus
2602 1662 2850 1717 doctrina
2898 1664 3046 1717 verbi
3096 1679 3319 1734 magnos
3368 1664 3598 1719 faciebat

2015 1753 2254 1820 Spiritus,
2287 1769 2407 1808 cum
2430 1763 2608 1809 essent
2638 1755 2738 1824 ipsi
2761 1755 2956 1810 virtute
2975 1755 3238 1810 destituti.
3263 1756 3436 1810 Aliter
3459 1771 3597 1825 quo-

2017 1860 2120 1912 que
2153 1845 2252 1898 hoc
2283 1845 2419 1913 quod
2449 1861 2589 1899 nunc
2618 1844 2748 1900 dicit
2780 1853 2990 1912 tractat,
3040 1845 3106 1901 ad
3138 1845 3352 1902 Judznos
3376 1861 3433 1901 se
3463 1861 3596 1900 con-

2018 1945 2250 2000 vertens,
2283 1937 2495 2005 quando
2522 1937 2651 1992 dicit
2675 1954 2688 1990 :
2727 1938 2942 2006 Quando
2971 1939 3102 1992 enim
3126 1947 3295 2009 gentes
3317 1979 3334 2006 ,
3381 1955 3492 2009 qua:
3522 1939 3595 1993 ie-

2015 2045 2124 2097 gem
2156 2044 2254 2080 non
2277 2028 2478 2095 habent,
2505 2045 2617 2099 qua:
2643 2029 2765 2092 leqis
2791 2038 2925 2095 sunt,
2977 2039 3156 2084 natura
3180 2030 3374 2100 faciunt
3405 2046 3423 2084 :
3449 2031 3500 2083 hi
3523 2031 3598 2084 Ie-

2014 2133 2126 2188 gem
2151 2134 2251 2170 non
2278 2118 2514 2172 habentes
2534 2119 2751 2188 sibiipsis
2780 2131 2895 2173 sunt
2924 2120 3005 2174 lex
3035 2121 3052 2189 (
3082 2119 3228 2174 Rom.
3281 2121 3337 2174 2.
3371 2122 3482 2188 14).
3531 2121 3603 2177 Et

2015 2222 2200 2262 rursus
2237 2223 2252 2261 :
2286 2206 2405 2262 Non
2446 2210 2578 2263 enim
2606 2211 2860 2264 auditores
2900 2212 3023 2283 tegis
3047 2212 3178 2280 justi
3213 2213 3352 2282 apud
3394 2211 3554 2265 Deum
3581 2253 3596 2276 ,

2013 2297 2103 2352 sed
2122 2302 2336 2369 factores
2362 2299 2484 2370 legis
2515 2300 2930 2369 justi/imbuatur
2973 2299 3140 2372 (Ibid.
3170 2317 3218 2355 υ.
3241 2301 3349 2371 15).
3384 2302 3449 2355 Et
3477 2317 3600 2371 pro-

2016 2389 2174 2457 pheta
2200 2404 2214 2443 :
2247 2389 2351 2455 Qui
2373 2389 2598 2444 tenebant
2621 2390 2804 2462 legem,
2830 2393 3109 2447 nesciebant
3136 2409 3215 2446 me
3260 2392 3391 2464 (Jer.
3433 2394 3486 2448 2.
3516 2395 3594 2463 8).

2018 2482 2084 2537 Et
2103 2497 2286 2536 rursus
2313 2498 2327 2536 :
2362 2481 2580 2536 Frustra
2600 2485 2723 2554 facti
2741 2493 2854 2538 sunt
2872 2485 3054 2547 iuncus
3075 2485 3233 2556 falsus
3261 2485 3434 2539 scribis
3464 2487 3481 2552 (
3506 2484 3592 2538 Id.

2015 2575 2068 2629 8.
2097 2573 2173 2646 8).
2225 2575 2337 2642 Qua
2363 2574 2434 2629 de
2463 2575 2560 2634 re?
2581 2575 2833 2642 Quoniam
2859 2585 3025 2632 turtur
3059 2585 3104 2630 et
3131 2577 3350 2630 hirundo
3399 2584 3444 2630 et
3487 2579 3598 2646 agri

2015 2683 2240 2735 passeres
2286 2675 2622 2739 cognoverunt
2660 2677 2885 2733 tempora
2917 2668 3173 2740 ingressus
3209 2669 3328 2736 sui,
3382 2671 3598 2740 papulas

2013 2768 2180 2814 autem
2225 2775 2365 2812 meus
2389 2775 2493 2812 non
2515 2759 2742 2829 cognovit
2763 2759 2966 2830 judicia
2988 2776 3098 2813 mea
3119 2760 3138 2824 (
3155 2758 3181 2812 Ι
3189 2760 3292 2814 bid.
3317 2776 3364 2814 υ.
3389 2758 3468 2829 7).
3501 2759 3598 2813 llic

2015 2862 2200 2908 autem
2217 2851 2368 2913 dicit,
2402 2866 2506 2905 non
2535 2851 2707 2905 solum
2739 2851 2871 2905 nihil
2899 2851 3093 2925 lue/rari
3127 2866 3196 2907 ex
3229 2867 3294 2907 eo
3324 2852 3464 2921 quod
3490 2851 3590 2904 do-

2014 2951 2134 2997 ceat
2152 2942 2284 2994 alios
2299 2957 2420 2995 eum
2440 2940 2528 3010 qui
2558 2941 2810 2995 virtutem
2839 2955 2944 2994 non
2971 2951 3206 3005 exercet,
3231 2941 3325 2996 sed
3358 2941 3594 3010 seipsum

2014 3033 2172 3088 etiam
2193 3034 2365 3100 primo
2401 3030 2566 3101 gradu
2588 3030 2856 3099 dignitatis
2879 3029 3133 3099 dejicere.
3158 3029 3211 3086 Si
3239 3031 3380 3085 enim
3414 3031 3468 3085 in
3497 3046 3595 3086 ex-

2017 3124 2415 3192 ternisjudiciis
2442 3124 2532 3193 qui
2557 3123 2799 3192 deliquit,
2832 3123 2877 3177 is
2923 3123 3102 3178 indicti
3149 3123 3349 3178 silentii
3381 3123 3594 3178 infamia

2016 3215 2266 3285 punitur:
2298 3216 2347 3268 in
2379 3215 2590 3285 publico
2618 3213 2873 3269 doctrina:
2910 3214 3036 3269 ludo
3064 3214 3330 3284 quomodo
3371 3215 3427 3269 ei
3449 3216 3594 3285 loqui

2013 3307 2382 3376 permittetur,
2425 3305 2515 3374 qui
2557 3315 2638 3360 est
2676 3316 2893 3375 peccato
2921 3305 3220 3360 obnoxius?
3273 3305 3440 3374 Major
3481 3321 3583 3359 au-

2013 3408 2117 3451 tem
2148 3405 2230 3451 est
2257 3395 2342 3450 hic
2363 3395 2617 3451 doctrinae
2656 3395 2808 3450 ludus
2839 3396 2932 3451 illo
2951 3395 3174 3466 judicio.
3201 3395 3311 3450 [llic
3339 3397 3479 3451 enim
3505 3399 3594 3466 qui

2011 3489 2301 3559 puniuntur
2321 3504 2506 3559 poenas
2534 3489 2685 3542 luunt
2715 3507 2728 3544 :
2762 3489 2847 3543 hic
2864 3499 3042 3545 autem
3063 3505 3128 3545 eo
3151 3490 3369 3545 tendunt
3391 3490 3590 3556 omnia,

2013 3591 2072 3635 ut
2100 3595 2203 3634 non
2231 3581 2518 3649 puniantur
2539 3580 2626 3650 qui
2658 3590 3012 3649 peccaverunt
3033 3623 3047 3646 ,
3097 3581 3191 3637 sed
3233 3591 3289 3636 ut
3317 3589 3592 3651 peccatum

2012 3671 2318 3742 paenitentia
2349 3674 2632 3741 corrigant.
2660 3672 2800 3726 Sane
2829 3672 2881 3726 in
2908 3673 3040 3727 aulis
3070 3673 3227 3742 regiis
3248 3689 3406 3728 nemo
3436 3673 3592 3728 fuerit

2012 3766 2172 3836 regiae
2193 3767 2339 3820 vocis
2367 3766 2648 3836 interpres,
2677 3767 2721 3821 si
2749 3765 2907 3820 fuerit
2935 3782 3112 3836 pravae
3141 3776 3193 3821 et
3221 3777 3484 3835 corrupta:
3510 3767 3589 3820 vi-

2011 3868 2080 3912 ta:
2105 3859 2399 3913 convictus.
2427 3858 2603 3926 Quare
2642 3874 2769 3928 ergo
2795 3874 3012 3914 enarras
3033 3859 3267 3928 justitias
3312 3875 3456 3913 meas
3478 3901 3491 3924 ,
3539 3869 3592 3913 et

2009 3951 2141 4005 alios
2171 3950 2350 4015 doces,
2377 3961 2432 4006 et
2461 3959 2636 4005 tamen
2661 3952 2985 4006 contrarium
3017 3952 3164 4015 facis,
3189 3952 3292 4006 vita
3316 3951 3588 4006 contradi-

2010 4051 2164 4096 cente
2182 4041 2245 4095 iis
2268 4056 2388 4111 qua:
2411 4056 2440 4096 a
2463 4041 2796 4110 tedicuntur,
2819 4051 2874 4097 et
2889 4044 3084 4098 avertis
3108 4042 3385 4100 nonnullus
3402 4059 3588 4097 eorum

2010 4135 2100 4204 qui
2126 4134 2639 4190 voluntattendere?
2660 4134 2774 4188 Non
2804 4135 2944 4190 enim
2974 4137 3044 4189 ita
3070 4135 3232 4193 doces
3261 4135 3458 4198 verbis,
3482 4135 3588 4188 sic-

2009 4237 2068 4282 ut
2106 4229 2265 4283 rebus
2304 4235 2358 4283 et
2397 4227 2548 4282 factis
2589 4227 2826 4282 abducis.
2877 4228 3135 4295 Quocirca
3163 4227 3409 4282 Christus
3439 4228 3585 4282 illum

2011 4318 2189 4396 laudat
2215 4319 2510 4382 doctorem,
2549 4319 2636 4388 qui
2676 4319 2852 4373 verbis
2898 4327 2951 4374 et
2979 4317 3132 4372 factis
3162 4318 3448 4388 perfectam
3490 4318 3587 4373 do-

2008 4411 2231 4464 ctrinam
2269 4409 2580 4464 ostenderit.
2607 4409 2707 4475 Qui
2733 4410 2873 4468 enim
2902 4411 3091 4480 fecerit,
3121 4410 3307 4480 inquit,
3333 4419 3379 4465 et
3403 4411 3586 4464 docue-

2008 4500 2096 4565 rit,
2130 4500 2210 4553 hic
2247 4516 2461 4569 magnus
2503 4501 2759 4556 vocabitur
2793 4500 2846 4554 in
2886 4516 3040 4571 regno
3082 4501 3319 4554 calorum
3369 4499 3585 4571 (Matth.

2010 4591 2065 4646 5.
2098 4591 2213 4659 19).
2249 4590 2449 4645 Habeat
2477 4605 2604 4660 ergo
2628 4591 2733 4648 vita
2775 4600 2860 4645 tua
2902 4592 3100 4646 claram
3135 4605 3351 4657 vocem,
3405 4591 3589 4647 eadem

2010 4698 2128 4752 quae
2149 4683 2283 4736 dicis
2301 4682 2579 4738 docentem
2605 4699 2618 4736 :
2644 4694 2697 4738 et
2726 4684 2850 4739 licet
2871 4698 2931 4738 os
2953 4693 3099 4739 tuum
3127 4684 3476 4750 obstruxeris,
3503 4686 3590 4741 vel

2011 4773 2134 4827 tuba
2160 4773 2352 4828 clarius
2374 4775 2703 4842 personabis,
2745 4791 2850 4830 non
2879 4776 3047 4830 solum
3079 4777 3217 4846 apud
3250 4761 3543 4846 praesentes
3571 4820 3588 4845 ,

2009 4865 2102 4920 sed
2133 4866 2293 4920 etiam
2323 4866 2466 4934 apud
2490 4882 2582 4921 eos
2625 4868 2712 4936 qui
2756 4869 2942 4938 procul
2980 4869 3064 4922 siti
3107 4879 3250 4924 sunt.
3296 4869 3370 4925 ιω
3422 4871 3583 4925 etiam

2009 4950 2196 5004 ciclum
2215 4961 2427 5003 enarrat
2441 4951 2662 5020 gloriam
2684 4951 2775 5006 Dei
2789 4950 3118 5024 (I’sal.l8.1)
3136 4969 3256 5007 cum
3280 4968 3380 5008 nec
3397 4969 3458 5008 os
3489 4956 3585 5008 ha-

2010 5042 2153 5105 beat,
2169 5058 2266 5097 nec
2284 5042 2514 5111 linguam
2535 5053 2761 5105 moveat,
2783 5059 2952 5112 neque
2969 5045 3211 5114 spiritum
3234 5060 3298 5099 ex
3326 5046 3432 5100 imo
3463 5060 3586 5117 pro-

2011 5133 2216 5199 fundat,
2237 5135 2328 5189 sed
2354 5151 2449 5206 per
2469 5150 2652 5189 eorum
2683 5151 2800 5204 qum
2817 5137 3062 5191 videntur
3089 5137 3542 5206 pulchritudinem
3568 5179 3583 5203 ,

2009 5226 2236 5281 deducat
2264 5236 2616 5295 spectatorem
2645 5227 2709 5280 ad
2741 5227 3144 5283 admirationem
3169 5228 3403 5298 Opificis.
3437 5229 3589 5295 Quod

2009 5335 2134 5389 ergo
2153 5319 2258 5372 illic
2274 5327 2354 5372 est
2367 5319 2417 5372 in
2431 5320 2561 5372 CiBlO
2578 5320 2914 5389 pulchritudo
2927 5330 3190 5390 aspectus,
3210 5321 3309 5375 hoc
3326 5322 3394 5376 sit
3410 5322 3460 5376 iu
3477 5322 3590 5375 ani-

2008 5425 2093 5462 ma
2111 5418 2196 5462 tua
2225 5409 2409 5462 virtus.
2426 5408 2576 5474 Quod
2595 5410 2636 5463 si
2651 5426 2768 5465 cum
2786 5412 2858 5464 sis
2875 5411 3194 5476 sordidatus,
3216 5422 3267 5466 et
3281 5412 3586 5465 innumera—

2009 5499 2144 5553 biles
2196 5499 2392 5554 habeas
2449 5511 2806 5567 accnsatorcs,
2862 5502 3193 5569 maximeque
3239 5510 3382 5555 tuam
3425 5503 3589 5571 ipsius

2008 5591 2407 5655 conscientiam,
2431 5591 2662 5645 doctoris
2688 5591 2867 5646 sedem
2889 5591 3102 5646 coneris
3128 5591 3398 5657 invadere,
3422 5607 3587 5662 quan-

2010 5678 2081 5732 do
2140 5677 2206 5732 ad
2257 5679 2383 5731 vitia
2430 5680 2870 5749 reprehendenda
2915 5680 3240 5744 accesseris,
3303 5696 3407 5734 non
3452 5681 3587 5736 alios

2010 5771 2179 5839 magis
2204 5786 2358 5839 quam
2389 5772 2613 5840 teipsum
2642 5771 2935 5827 accusabis.
2973 5771 3040 5825 Et
3071 5773 3286 5826 assumis
3316 5781 3585 5831 testamen-

2010 5872 2113 5919 tum
2141 5880 2300 5919 nteant
2323 5881 2408 5935 ρετ
2435 5881 2488 5920 os
2509 5865 2695 5919 tuum?
2723 5863 2884 5922 Recte
2912 5863 3061 5934 dixit,
3089 5862 3192 5920 Per
3220 5881 3294 5922 os.
3327 5865 3421 5923 Est
3441 5865 3604 5938 enim,
